4142 6390
396 395 466 452 15
1626 388 1966 445 οωιιικιίε
2000 386 2051 442 ΑΔ

2165 389 2589 447 lANDRINUB.
3759 383 3827 438 16

390 486 562 564 λοίϐῃ
590 492 695 546 τοῦ
751 487 918 560 ξύλου
971 493 1072 558 τῆς
1129 489 1299 556 ζωῆς,
1358 483 1448 541 καὶ
1500 503 1663 562 φαγῃ,
1692 483 1785 538 καὶ
1816 483 2048 554 ζήσηται

2165 484 2451 544 tinentur.
2474 486 2767 553 Quoniam
2786 502 2923 543 vero
2951 484 3179 542 eisdem
3198 484 3295 540 vix
3313 482 3633 556 quisquam
3646 480 3823 538 hodie

391 580 468 644 ιῖς
500 578 689 634 αἰῶνα·
712 602 742 630 ››
776 576 1085 650 Haac(qua3
1108 573 1756 649 Nourriumjprmteriit)
1778 579 2057 646 excerpta

307 708 325 721 κ
388 675 531 727 sunt
559 686 632 725 ex
690 663 980 742 Ἐκλογαῖς
1028 667 1389 742 προφητικῶν
1438 667 1466 734 §
1511 669 1598 735 17,
1631 662 1773 719 edit.
1805 662 2054 719 Combe-

392 760 510 815 ﬁsii
552 758 635 831 [et
661 758 928 824 Potteri].
959 758 1035 813 At
1064 754 1226 811 idem
1274 754 1561 810 Nourrius
1589 757 1751 809 recte
1785 751 2060 808 observat

394 849 461 904 in
491 864 636 904 mss.
666 847 714 901 J.
748 843 1099 901 Damasceni
1147 843 1550 900 Parallelorum
1579 840 1885 898 codicibus
1926 841 2057 897 lau-

395 936 525 993 dari
583 940 870 1005 tanquam
920 950 993 989 ex
1050 936 1254 989 octavo
1298 933 1641 989 Stromatum
1690 930 1863 998 libro,
1922 946 2055 1001 quas

394 1026 611 1082 iisdem
668 1024 863 1079 verbis
916 1027 1151 1078 exstant
1207 1021 1270 1077 in
1329 1018 1623 1094 ’Βκλογαῖς
1676 1020 2055 1093 προφητικῶν,

398 1132 530 1187 quae
591 1116 792 1169 Graeca
846 1111 999 1167 libro
1056 1113 1399 1167 Stromatum
1457 1107 1877 1181 subjiciuntur,
1909 1110 1937 1176 §
1966 1110 2054 1176 20,

396 1203 540 1260 edit.
629 1201 985 1258 Graeco-Lat.
1050 1199 1440 1256 Combeﬁsii:
1499 1195 1709 1273 Ἀγάπη
1796 1194 2057 1250 ἑκουσίων

395 1288 580 1366 ἄρχει,
634 1288 875 1344 ἀκόντων
932 1284 991 1342 δὲ
1043 1288 1071 1342 ὁ
1120 1282 1292 1366 φόϐος
1341 1285 1502 1349 οὗτος
1563 1284 1593 1339 ὁ
1646 1284 1877 1362 φαῦλος.
1911 1286 1971 1341 Ὁ
2002 1281 2060 1339 δὲ

394 1379 472 1442 εἷς
551 1378 748 1454 ἀγαθὸν
823 1373 1216 1451 παιδαγωγῶν,
1286 1374 1363 1439 εἷς
1433 1373 1679 1450 Χριστὸν
1755 1370 1898 1448 ἄγει,
1968 1373 2058 1427 καὶ

396 1465 510 1525 ἔστι
569 1469 865 1541 σωτήριος.
938 1466 1284 1522 Laudantur
1351 1482 1388 1521 a
1454 1466 1824 1521 Damasceno
1881 1463 2060 1520 etiam

392 1560 540 1629 haec,
574 1563 774 1613 octavo
806 1558 1149 1613 Stromatum
1177 1555 1331 1610 libro
1375 1559 1752 1626 praenotata:
1786 1545 2063 1622 Φοϐηθῶ-

396 1668 491 1722 μεν
570 1645 701 1720 οὐχὶ
774 1646 928 1699 νόσον
1001 1644 1101 1713 τὴν
1184 1642 1400 1715 ἔξωθεν,
1458 1640 1615 1697 ἀλλὰ
1668 1642 2061 1723 ἁμαρτήματα,

392 1733 464 1791 δι’
550 1734 583 1789 ἃ
663 1732 841 1795 νόσος·
927 1731 1017 1787 καὶ
1101 1732 1258 1785 νόσον
1338 1733 1547 1806 ψυχῆς,
1607 1730 1735 1806 οὐχὶ
1804 1729 2058 1809 σώματος

2157 576 2377 648 poterit
2402 576 2646 645 moveri,
2671 592 2781 632 nec
2795 574 3223 632 tameninutile
3247 573 3323 629 ad
3337 572 3485 629 alios
3502 571 3822 643 scriptores

2161 664 2597 722 ecclesiasticos
2628 665 3043 732 illustrandos,
3074 681 3269 735 neque
3301 661 3704 736 injucundum
3735 664 3827 716 est

2162 754 2491 827 specimine
2522 760 2644 811 tam
2674 755 2895 828 insigni
2919 770 3299 827 cognoscere,
3330 751 3527 824 qualis
3553 750 3737 805 fuerit
3764 753 3826 804 et

2163 860 2343 915 quam
2372 844 2548 918 longe
2598 844 2803 917 petitis
2860 845 2915 900 S.
2977 844 3297 916 Scripturee
3348 837 3822 913 expositionibus

2163 932 2417 989 subnixa
2435 934 2856 990 haereticorum
2886 934 3139 989 istorum
3171 931 3465 1001 doctrina,
3493 944 3615 983 non
3646 926 3823 983 dubi-

2164 1024 2276 1078 tavi
2297 1023 2465 1079 illam
2482 1023 2822 1079 Combeﬁsii
2847 1022 3205 1088 versionem,
3233 1020 3404 1093 cujus
3416 1017 3826 1091 apographum

2160 1111 2453 1170 beneﬂcio
2487 1111 2818 1168 doctissimi
2847 1112 2980 1180 viri,
3000 1110 3153 1167 Erici
3189 1108 3466 1174 Benzelii,
3512 1108 3575 1161 in
3605 1118 3822 1162 manus

2160 1216 2326 1257 meas
2355 1201 2587 1270 incidit,
2619 1201 2778 1257 infra
2806 1218 2943 1257 cum
2973 1200 3195 1257 lectore
3219 1197 3662 1255 communicare
3685 1196 3820 1268 (22).

2162 1291 2509 1349 Germanice
2564 1291 2808 1364 quidem
2864 1290 3101 1348 reddita
3153 1290 3280 1346 haec
3310 1292 3589 1361 excerpta
3637 1285 3826 1343 edidit

2162 1379 2477 1436 Godfridus
2506 1380 2829 1450 Arnoldus,
2861 1380 2925 1435 in
2962 1380 3241 1452 Apologia
3268 1379 3576 1442 haresium,
3609 1376 3820 1448 Lipsiae

2164 1472 2325 1537 1700,
2382 1469 2509 1537 fol.,
2564 1475 2706 1525 tom.
2764 1470 2860 1537 IX,
2894 1486 3024 1543 pag.
3073 1472 3138 1524 41
3184 1486 3298 1540 sq.,
3334 1484 3365 1524 a
3397 1484 3515 1539 quo
3549 1472 3819 1538 tempore

2161 1558 2377 1613 melior
2396 1563 2457 1614 et
2473 1558 2864 1625 emendatior,
2898 1559 3105 1615 itidem
3129 1557 3498 1625 Germanica,
3533 1557 3826 1627 interpre-

2164 1649 2331 1717 tatio,
2362 1655 2601 1705 auctore
2651 1650 2717 1704 H.
2765 1650 2828 1704 G.
2863 1650 2942 1704 W.
2977 1650 3041 1704 E.
3082 1650 3152 1704 M.
3184 1651 3299 1720 (23)
3328 1648 3524 1703 lucem
3550 1645 3696 1702 vidit
3726 1645 3822 1702 Ul-

2164 1754 2277 1793 mze
2310 1738 2471 1806 1701,
2500 1738 2554 1807 4,
2588 1755 2724 1794 cum
2746 1737 2974 1810 praefat.
3013 1738 3079 1794 D.
3112 1736 3255 1793 Eliee
3288 1735 3519 1792 Veielii.

389 1826 547 1898 (qua:
580 1828 816 1880 exstant
844 1822 907 1877 in
940 1819 1170 1877 eisdem
1218 1822 1457 1916 Eclogis,
1504 1824 1531 1889 §
1564 1824 1675 1891 11).
1706 1822 1813 1876 Et:
1869 1819 2051 1891 Νόμος

2233 1828 2289 1882 5.
2324 1825 2420 1882 Ἐκ
2471 1829 2581 1881 τῶν
2641 1829 3005 1903 Προφητικῶν
3057 1823 3301 1899 ἐκλογαί.
3352 1827 3487 1881 Hinc
3546 1829 3826 1897 excerpta

394 1911 509 1967 ἐστὶ
563 1910 704 1966 κατὰ
753 1913 869 1965 τῶν
937 1909 1109 1981 σεμνὰ
1166 1906 1255 1964 καὶ
1328 1912 1448 1972 θεῖα
1505 1911 1716 1981 σεμνῶς
1770 1908 1861 1963 καὶ
1935 1909 2061 1963 θευ-

394 2004 618 2076 πρεπῶς
694 2000 822 2075 ὁρᾷν
900 1997 1003 2053 οὐκ
1078 1996 1395 2069 ἀξιούντων,
1472 1995 1700 2054 κόλασιν
1787 1996 2060 2076 ἐπιφέρειν

395 2089 679 2166 ἇορασίας.

468 2182 522 2235 4.
582 2180 679 2234 Ἐκ
735 2181 845 2232 τῶν
906 2172 1175 2231 Θεοδότου
1250 2173 1343 2230 καὶ
1413 2181 1515 2245 τῆς
1574 2172 1904 2246 ἀνατολικῆς
1960 2196 2061 2232 κα·

396 2267 673 2342 λουμένης
774 2263 1128 2327 διδασκαλίας
1227 2265 1366 2319 κατᾶ
1465 2264 1593 2328 τοὺς
1694 2265 2063 2324 Οὐαλεντίνου

395 2357 629 2434 χρόνους
681 2355 966 2429 ἐπιτομαί.
1034 2358 1168 2412 Haec
1220 2362 1516 2428 excerpta,
1550 2359 1747 2414 Graece
1778 2359 1909 2413 sine
1934 2374 2065 2413 ver-

392 2450 560 2505 sione
593 2465 663 2502 ex
694 2446 1037 2503 Florentino
1078 2445 1413 2518 exemplari
1445 2446 1904 2502 Graeco-Latinis
1935 2447 2062 2501 Cle-

391 2540 613 2595 mentis
635 2538 1000 2593 editionibus
1013 2536 1141 2608 subj
1157 2542 1315 2603 ecta,
1338 2538 1529 2592 varias
1545 2537 1812 2593 locorum
1835 2538 1889 2593 S.
1916 2538 2064 2593 Scri-

392 2635 581 2702 ptura;
605 2627 1030 2700 explicationes
1050 2626 1356 2682 Gnosticas
1376 2632 1433 2681 et
1454 2626 1907 2683 Valentinianus
1924 2644 2065 2683 cono

394 2719 606 2774 tinent.
638 2719 705 2772 In
733 2718 825 2773 his
882 2715 1218 2772 Theodotus
1276 2718 1389 2787 (20)
1442 2715 1587 2787 plus
1623 2716 1882 2789 simplici
1938 2717 2062 2773 vice

394 2810 648 2875 citatur;
681 2807 905 2863 mentio
939 2812 997 2861 et
1022 2804 1296 2862 Basilidis
1328 2810 1388 2861 et
1418 2805 1719 2862 Valentini
1750 2823 1818 2862 ac
1847 2805 2062 2862 Valen-

396 2898 787 2963 tinianorum,
840 2901 899 2951 et
955 2911 1087 2969 pag,
1139 2896 1264 2963 799,
1314 2895 1656 2951 afferuntur
1703 2896 1901 2965 verba,
1931 2913 2063 2967 quae

397 2986 667 3042 Christus
723 2984 944 3041 dixerit
998 2984 1073 3040 ad
1104 2984 1407 3051 Salomen,
1443 2983 1611 3058 μέχρι
1652 2982 1777 3037 τότε
1807 2983 1938 3037 εἶναι
1969 2982 2061 3047 θά-

392 3096 575 3146 νατον,
644 3073 810 3150 ἄχρις
890 3070 951 3128 ἃν
1016 3073 1070 3128 αἱ
1142 3076 1397 3148 γυναῖκις
1466 3072 1744 3143 τίκτωσιν,
1804 3092 1934 3147 quas
1993 3091 2065 3130 ex

390 3166 706 3240 Evangelio
767 3164 1096 3223 secundum
1123 3163 1422 3237 Egyptios
1447 3164 1634 3235 petita
1665 3181 1793 3220 esse
1825 3168 2057 3219 constat
2084 3206 2128 3273 α

393 3275 464 3313 ex
494 3256 814 3312 Clementis
846 3271 910 3311 ιιι
941 3256 1173 3321 Strom.,
1202 3268 1336 3325 pag.
1369 3253 1495 3321 445,
1527 3254 1652 3325 452,
1701 3253 1824 3308 453.
1876 3253 2018 3308 Com

392 3346 640 3405 beﬂsius
674 3345 877 3401 Latine
896 3342 1222 3411 transtulit,
1249 3341 1352 3397 sed
1379 3341 1601 3398 veritus
1627 3347 1718 3397 est
1746 3342 1921 3399 edere
1944 3341 2056 3414 (21)

399 3436 473 3491 ob
507 3436 766 3491 haereses
796 3439 856 3491 et
916 3449 1146 3489 errores
1176 3431 1506 3500 Gnosticos,
1541 3431 1641 3503 qui
1672 3431 1733 3486 in
1764 3430 1884 3487 illis
1916 3447 2059 3487 con-

399 3610 573 3662 enata
629 3605 691 3659 in
749 3602 870 3658 illis
922 3603 1263 3659 Stromatum
1322 3598 1639 3671 reliquisse
1686 3598 1857 3672 libris
1886 3616 2060 3672 repe-

397 3678 657 3746 riuntur,
692 3692 759 3730 ea
783 3680 920 3746 post
948 3673 1265 3746 Nourrium
1298 3675 1359 3726 et
1406 3671 2059 3746 lttig.__FabricioA_post

400 3749 583 3804 indic.
616 3741 750 3804 edd.
786 3741 1079 3813 laudatos,
1132 3744 1451 3815 diligenter
1488 3741 1727 3815 collegit
1751 3749 1810 3798 et
1838 3741 2060 3815 dijudi-

404 3822 575 3889 cavit,
607 3835 801 3889 neque
831 3824 1053 3889 tamen,
1088 3832 1219 3889 quae
1245 3813 1486 3889 bonain
1518 3813 1869 3889 illis'es‘sent
1888 3813 2057 3889 libris

404 3886 645 3947 reticuit
700 3886 927 3945 Semler
981 3886 1044 3942 in
1092 3886 1342 3941 Historia
1392 3887 1659 3941 doctrinae
1705 3886 2055 3955 Christianae,

406 3964 717 4037 praemissa
747 3966 888 4037 tom.
921 3960 973 4012 II
1037 3956 1302 4037 Tlgolog.
1329 3956 1637 4037 potentiam,
1697 3958 2055 4037 Baumgart.,

404 4028 432 4103 ξ
459 4036 548 4098 61,
578 4049 708 4105 pag.
734 4104 744 4105 ί
773 4032 895 4105 l33_
923 4047 1077 4105 sqq_
1104 4028 1747 4105 Epitomen_libro_rnm
1780 4028 2052 4105 German.

402 4099 822 4162 confecitvChr.
857 4099 1285 4156 Frideossler
1312 4101 1375 4154 in
1405 4099 1550 4155 Bibl.
1583 4103 1817 4156 Patrum
1843 4102 2055 4170 eccles.,

400 4183 555 4249 part.
600 4193 673 4249 1L,
692 4189 822 4249 pag.
857 4171 1030 4249 l-73._
1055 4173 1230 4249 Hann.

495 4249 585 4314 26)
614 4242 985 4300 Theodotum
1016 4242 1281 4316 intellige
1304 4243 1688 4315 Byzantinum
1709 4242 2052 4311 coriarium,

397 4334 432 4400 ξι
460 4316 715 4398 Victore,
749 4318 915 4400 Rom.
951 4316 2055 4400 episcopoLexcommunicatumﬁujus

395 4388 653 4444 haeresin
672 4388 1017 4461 perstringit
1037 4388 1217 4461 etiam
1242 4387 1297 4442 S.
1334 4387 1683 4459 Hippolytus
1700 4388 1776 4461 _in
1792 4387 2055 4461 Ahgomilia

396 4464 607 4515 contra
636 4458 868 4514 errores
896 4458 1085 4515 Noeti.
1117 4460 1342 4515 Caetera
1387 4458 1652 4514 veterum
1682 4458 1756 4513 de
1789 4459 1892 4515 illo
1922 4459 2055 4515 loca

396 4531 715 4605 diligenter
745 4531 1039 4602 excerpsit
1065 4530 1298 4605 Ittigius
1327 4529 1472 4605 diss.
1521 4531 1598 4584 De
1646 4529 2048 4605 haeresiarchis,

391 4599 537 4728 Sag:
583 4606 685 4658 259
732 4599 941 4684 seqq._,_
972 4617 1105 4674 pag.
1153 4599 1259 4655 243
1317 4599 1574 4656 alterum
1621 4600 1807 4681 refert
1855 4599 2047 4658 Theoé

436 4680 625 4728 otum.
656 4675 1097 4728 Montanistam.
1122 4675 1180 4727 et
1208 4687 1339 4728 nam
1370 4673 1467 4726 261
1506 4674 1748 4725 tertium
1779 4671 2047 4728 Theodo-

436 4670 625 4739 otum.
656 4670 1097 4739 Montanistam,
1122 4675 1180 4727 et
1208 4687 1339 4743 pag.
1370 4673 1467 4726 261
1506 4670 1748 4743 tertium
1779 4671 2047 4730 Theodo-

391 4750 538 4815 tum,
616 4745 980 4818 trapezitam,
1014 4741 1346 4818 gauctorem
1420 4741 2041 4818 Mclclzisedicianorum.

389 4812 659 4874 Videnda
689 4812 866 4873 etiam
900 4812 975 4872 de
1010 4814 1310 4870 Theodoto
1364 4812 1615 4867 coriario
1648 4813 1881 4871 erudita
1912 4818 2042 4873 dis-

388 4891 631 4946 sertatio
666 4889 736 4944 de
768 4888 937 4943 Mich.
973 4882 1473 4961 Walthge_ri,_edita
1500 4883 1847 4961 VVitebergaa
1884 4891 2039 4961 1688,

386 4962 496 5017 sub
529 4960 699 5016 titulo
734 4976 747 5015 :
797 4962 949 5015 Jesus
998 4964 1128 5013 ante
1157 4958 1412 5011 Mariam.
1447 4957 1474 5023 §
1506 4958 1570 5009 10
1603 4972 1690 5026 sq.
1725 4957 1894 5014 Flen.
1932 4957 2043 5017 Vai-

382 5031 568 5089 lesius
589 5032 664 5088 ad
685 5030 1031 5097 Eusebium,
1063 5029 1133 5100 Η.
1152 5030 1242 5095 Ε.,
1267 5026 1369 5081 lib.
1400 5043 1452 5095 v,
1474 5030 1592 5082 c.“
1616 5028 1817 5100 (quem
1841 5031 2040 5088 locum

381 5105 622 5177 repetiit
648 5106 925 5177 Potterus
953 5116 1027 5172 ap
1059 5098 1244 5177 Clem.
1282 5100 1497 5177 §trorp.
1541 5098 1743 5177 1,_pag.
1778 5104 1905 5177 822,
1936 5103 2039 5159 ubi

382 5116 622 5177 repetiit
648 5116 925 5159 Potterus
953 5116 1027 5172 ap
1059 5116 1244 5153 mem.
1293 5116 1497 5154 etram.
1541 5116 1581 5166 1,
1614 5116 1649 5170 p
1731 5140 1743 5153 .
1778 5116 1905 5172 322,
1936 5116 2037 5159 ubi

382 5176 657 5232 Clemens
688 5174 759 5229 de
792 5173 915 5244 suis
945 5169 1426 5244 praeceptoribus
1441 5116 1747 5244 loquituas,
1783 5174 2037 5230 duorum

380 5245 644 5315 illorum,
679 5261 829 5315 quos
861 5243 923 5297 in
945 5240 1211 5315 Orientis
1253 5240 1539 5315 partibus,
1568 5242 1675 5315 abs
1707 5240 1770 5298 ee
1801 5244 2037 5303 auditos

379 5333 510 5373 esse
540 5313 746 5373 narrat
774 5314 1073 5380 Clemens,
1131 5314 1395 5385 alterum,
1430 5313 1740 5384 Assyrium
1794 5332 2034 5385 genere,

377 5388 691 5444 Tatianum
724 5403 854 5442 esse
914 5385 1286 5456 suspicatur;
1347 5384 1603 5441 alterum
1659 5390 1859 5441 autem
1920 5388 2033 5443 He-

373 5457 701 5537 braeum,ex
730 5456 1047 5537 Palaestina
1061 5456 1408 5537 oriundum,
1440 5472 1615 5537 quem
1639 5456 2034 5537 Theophilum

373 5529 959 5597 esse,Caesariensem
982 5530 1353 5601 episcopum,
1378 5529 1655 5601 opinatus
1679 5533 1769 5583 est
1789 5531 2030 5601 Baron.,

368 5601 442 5656 ad
473 5618 507 5657 a
536 5602 669 5656 Chr.
703 5602 802 5655 185
832 5598 1038 5672 potius
1077 5598 1209 5656 esse
1262 5598 1651 5673 Theodotum,
1684 5598 2026 5673 crediderit,

364 5674 527 5797 guod
549 5690 757 5755 exeo.
794 5670 1057 5755 conjicit,
1110 5673 1252 5744 quia
1280 5670 1538 5753 epitpme
1599 5670 2028 5757 Hypotyposeon

411 5743 686 5797 [ementis
742 5744 1154 5797 inscribatur:
1205 5742 1300 5797 Ἐκ
1353 5760 1462 5792 των
1525 5736 1796 5796 Θεοδοτου
1835 5743 2028 5797 dvorto-

411 5743 686 5801 [ementis
742 5736 1154 5800 inscribatitr?
1205 5736 1462 5797 Ἐκ’τῶν
1525 5736 2028 5800 Θεοδότοιῖᾞινατο·

363 5810 527 5887 λικῆς
586 5811 975 5886 διδασκαλίας,
1035 5815 1398 5870 Clementem
1457 5826 1592 5867 vero
1652 5830 1740 5883 ea,
1801 5833 1935 5888 qua:
1992 5836 2027 5877 a

2168 1916 2501 1988 posteriora
2547 1916 2787 1973 saniora
2832 1922 2972 1973 sunt
3007 1915 3329 1989 prioribus,
3362 1914 3465 1970 sed
3498 1914 3558 1970 in
3590 1916 3823 1970 Graeco-

2169 2004 2392 2060 Latinis
2420 2004 2743 2061 Clementis
2773 2004 3139 2061 editionibus
3177 2004 3289 2077 (24)
3340 2004 3546 2059 itidem
3591 2008 3826 2061 tantum

2170 2094 2364 2150 Graece
2396 2099 2648 2162 exstant,
2682 2098 2858 2165 atque
2882 2099 3147 2149 extrema
3176 2097 3342 2165 parte
3370 2092 3600 2148 mutila.
3636 2095 3822 2150 Caete-

2169 2200 2303 2239 rum
2324 2200 2459 2239 cum
2482 2183 2641 2239 notis
2671 2182 2969 2238 Francisci
2990 2182 3329 2238 Combeﬁsii
3353 2182 3633 2255 leguntur
3664 2184 3826 2239 Grai-

2169 2289 2236 2327 ce
2296 2278 2355 2328 et
2408 2273 2610 2328 Latine
2681 2272 2743 2327 in
2798 2273 3064 2329 auctario
3120 2271 3310 2344 ipsius
3367 2271 3689 2327 novissimo
3748 2271 3822 2327 ad

2167 2362 2565 2417 Bibliothecam
2613 2364 2861 2431 Patrum,
2896 2362 3083 2418 Paris.
3119 2364 3278 2432 1672,
3307 2361 3411 2418 fol.
3445 2363 3512 2416 In
3545 2361 3640 2416 his
3671 2362 3821 2417 sub-

2169 2450 2308 2506 inde
2338 2451 2561 2508 refellit
2588 2452 2862 2507 Clemens
2892 2452 3088 2525 (illum
3138 2451 3299 2506 enim
3348 2457 3651 2507 auctorem
3701 2467 3824 2508 non

2168 2540 2397 2613 dubito)
2431 2558 2664 2598 errores
2698 2540 3099 2606 lleracleonis,
3131 2540 3383 2606 Tatiani,
3417 2541 3823 2613 Hermogenis:

2167 2632 2342 2704 plura
2371 2631 2550 2687 etiam
2569 2632 2751 2687 refert
2775 2649 2845 2688 ex
2875 2631 3245 2704 Apocryphis
3270 2628 3554 2696 Henochi,
3592 2636 3650 2685 et
3671 2632 3828 2701 Apo-

2168 2722 2395 2795 calypsi
2426 2727 2605 2793 atque
2634 2719 2948 2795 κηρύγματι
2997 2721 3153 2775 Petri
3183 2737 3197 2787 ;
3259 2736 3330 2773 ex
3385 2720 3614 2774 Hermae
3649 2720 3829 2774 etiam

2166 2812 2407 2867 Pastoris
2436 2810 2541 2866 lib.
2604 2825 2664 2876 ιι,
2716 2809 2997 2863 mandato
3057 2811 3109 2875 5,
3162 2809 3339 2863 verba
3396 2808 3712 2879 desumpta
3769 2815 3828 2863 et

2165 2898 2466 2954 illustrata
2493 2898 2691 2953 videre
2718 2900 2845 2965 est§
2873 2899 2962 2967 45,
2981 2896 3123 2951 licet
3151 2896 3224 2951 de
3256 2897 3500 2951 nomine
3532 2912 3670 2951 eum
3701 2913 3825 2952 non

2164 2987 2387 3044 laudet.
2420 2987 2773 3059 Dogmatum
2795 3002 2929 3041 vero
2947 2984 3366 3041 haereticorum
3388 2985 3823 3058 expositionem

2165 3076 2377 3132 utilem
2407 3091 2539 3130 esse
2587 3074 2853 3147 disputat
2907 3076 2934 3142 §
2991 3077 3107 3130 29:
3167 3071 3329 3148 Φέρει
3383 3070 3442 3128 δὲ
3488 3073 3580 3127 καὶ
3638 3069 3820 3142 ἄλλην

2167 3161 2570 3239 συγγυμνασίαν
2658 3165 2845 3237 ψυχῆς
2907 3166 3210 3234 ζητητικῆς
3293 3163 3329 3232 ἡ
3409 3167 3509 3232 τῆς
3583 3158 3826 3235 ἑτεροδό-

2166 3253 2257 3322 ξου
2342 3248 2697 3314 διδασκαλίας
2786 3245 2993 3313 ἔκθεσις
3076 3251 3166 3306 καὶ
3250 3250 3646 3324 ἀνεξαπάτητον
3719 3256 3822 3321 τῆς

2164 3339 2406 3412 ἀληθοῦς
2432 3346 2593 3417 τηρεῖ
2648 3341 2739 3396 τὸν
2777 3341 3046 3414 μαθητήν.
3082 3344 3196 3399 Has
3225 3342 3458 3419 Eclogas
3508 3359 3637 3398 esse
3668 3358 3812 3415 par-

2165 3437 2286 3488 tem
2311 3434 2739 3504 Hypotyposcon
2765 3432 3085 3487 Clementis
3117 3431 3527 3499 Alexandrini,
3561 3447 3683 3487 non
3714 3432 3819 3487 ab—

2164 3603 2463 3677 magistris
2496 3603 2557 3659 in
2588 3603 2826 3659 Oriente
2855 3602 3182 3673 didicisset,
3245 3618 3452 3657 vocare
3482 3595 3813 3667 ἀνατολικὴν

2165 3670 2536 3729 διδασκαλίαν.
2569 3676 2710 3729 Οιιω
2735 3675 3084 3729 coniectura
3131 3691 3252 3729 non
3303 3674 3675 3729 admittenda
3718 3674 3813 3729 sit.

2165 3676 2536 3730 διδασκαλίαν.
2569 3676 2710 3740 Quae
2735 3676 3084 3747 conjectura
3131 3691 3252 3729 non
3303 3676 3675 3729 admittenda
3718 3676 3815 3743 sit,

2163 3763 2375 3814 necne,
2407 3747 2508 3802 alii
2531 3746 2825 3818 judicent.
2858 3778 2927 3788 —
2960 3748 3042 3802 De
3070 3747 3370 3801 Theodoto
3400 3746 3572 3818 cujus
3604 3746 3818 3800 memi-

2163 3820 2253 3875 nit
2282 3819 2559 3891 lgnatiuﬁs,
2593 3818 2766 3891 epist.
2799 3820 3016 3891 interp.
3049 3819 3125 3891 ad
3155 3818 3505 3891 Trallianos,
3556 3833 3683 3889 cap.
3724 3821 3810 3881 11.

2161 3891 2292 3946 vide
2314 3889 2451 3946 eum
2482 3890 2566 3944 ibi
2596 3890 2900 3945 adnotavit
2928 3889 3276 3945 Cotelerius.
3315 3890 3488 3946 ΒΑΜ..

2234 3961 2346 4034 (21)
2398 3961 2538 4016 Vide
2594 3961 2933 4028 Combeﬂs.,
2993 3967 3138 4016 tom.
3185 3962 3242 4034 ῨΙ,
3304 3962 3542 4034 ᾼιιοεαν.
3608 3961 3810 4034 novies.

2203 4032 2293 4100 ag.
2323 4032 2448 4100 194,
2497 4039 2556 4088 et
2583 4033 2750 4089 Rich.
2803 4034 3059 4088 Simonis
3108 4032 3507 4087 Bibliothecam
3539 4033 3814 4086 criticum.

2203 4052 2237 4089 a
2281 4076 2293 4088 .
2323 4052 2448 4100 19‘},
2497 4052 2556 4088 Θῐ
2584 4052 2750 4089 ﬂlCD.
2804 4052 3059 4088 διωοωε
3108 4052 3191 4087 ΠΝ

2161 4052 2654 4186 ἓθῇξοθ-θάὶιαιιι,
2684 4111 2826 4186 tom.
2862 4106 2906 4172 Ι,
2939 4120 3070 4186 pag.
3096 4106 3191 4186 .66.

2320 3890 2453 3962 quia
2482 3890 2566 3944 ibi
2596 3890 2900 3962 adnotavit

2234 4177 2345 4249 (22)
2378 4177 2641 4233 Fuerunt
2664 4176 2907 4249 quidem
2937 4175 3043 4249 viri
3078 4175 3255 4249 docti,
3307 4191 3565 4249 quorum
3615 4180 3816 4249 aucto-

2161 4246 2306 4304 ritas
2329 4246 2494 4320 apud
2526 4266 2619 4304 me
2651 4246 2910 4305 multum
2934 4247 3252 4320 valet,_qui
3283 4246 3627 4320 suaderent,
3659 4252 3725 4300 ut
3754 4246 3815 4300 in

2161 4337 2309 4377 nova
2331 4318 2442 4376 hac
2473 4320 2612 4376 edit.
2643 4320 2963 4376 retinerem
2996 4318 3271 4374 libellum
3302 4318 3472 4373 illum
3522 4333 3659 4374 cum
3685 4334 3816 4372 ver-

2162 4392 2327 4465 sione
2358 4393 2636 4465 notisque
2665 4391 3025 4447 Combeflsii.
3059 4390 3372 4465 Enimvero
3404 4389 3563 4465 quod
3585 4390 3646 4443 in
3669 4388 3811 4445 edit.

2159 4464 2403 4531 Potteri,
2436 4461 2563 4536 pag:
2600 4466 2703 4536 966
2731 4481 2886 4535 sqq.,
2937 4464 3123 4518 textui
3163 4463 3363 4536 Graeco
3412 4461 3697 4533 adjuncta
3726 4466 3817 4515 est

2158 4536 2346 4592 versio
2379 4538 2501 4592 Lat.

2553 4506 2563 4517 .
2600 4466 2703 4518 966
2731 4481 2886 4535 sqq.,
2937 4466 3123 4518 textui
3163 4466 3363 4517 Graeco
3412 4466 3697 4533 adjuncta
3726 4466 3810 4515 est

2553 4535 2764 4591 toberti
2795 4535 3031 4603 Pearse,
3060 4533 3461 4604 etsubjunctaa
3496 4538 3638 4587 sunt
3655 4538 3810 4587 notae

2081 4570 2126 4635 Β
2166 4570 2346 4592 νῠιδιυ
2379 4570 2501 4619 ιρι.
2526 4570 2818 4616 nunc”...
2843 4570 3031 4603 υςυου,
3060 4570 3461 4614 meanunc...»
3496 4570 3638 4587 ,πων
3656 4570 3810 4614 ,ωιτν

2157 4605 2817 4681 Sylburgu,Combefi§n
2837 4610 2895 4681 e_t
2914 4620 3116 4676 paucae
3139 4606 3360 4681 Potteri
3377 4621 3392 4670 ;
3411 4610 3589 4675 atque
3616 4621 3813 4681 operis

2156 4674 2502 4751 redemptor
2531 4682 2703 4751 urget
2739 4674 3106 4751 flagitatque,
3139 4681 3206 4730 ut
3255 4674 3385 4751 vela
3412 4674 3765 4751 contraham
3793 4693 3809 4742 ;

2156 4747 2415 4806 aliorum
2446 4747 2696 4805 consilio
2728 4747 3049 4803 obsecutus
3081 4763 3151 4803 ea
3197 4747 3399 4803 omnia
3429 4747 3491 4802 in
3521 4764 3671 4803 nova
3700 4747 3811 4802 hac

2154 4822 2295 4878 edit.
2329 4821 2606 4877 omittere
2637 4818 2836 4874 statui.
2890 4818 2944 4873 Si
2976 4818 3179 4890 plures
3210 4818 3418 4883 velint,
3476 4826 3544 4874 ut
3599 4818 3812 4874 saltem

2152 4894 2475 4973 recudatur
2534 4890 2873 4973 Co‘mbeﬁsi‘i
2917 4890 3109 4973 versio
3141 4891 3279 4973 Lat.
3329 4891 3456 4946 haec
3494 4890 3697 4946 forsan
3746 4891 3809 4946 in

2153 4962 2587 5107 supplementis
2617 4962 2815 5017 locum
2845 4961 3107 5017 habebit.
3141 4963 3315 5044 llAaL.
3554 5034 3565 5044 ι

2153 5107 2192 5116 “
2245 5038 2333 5104 23)
2353 5037 2598 5116 (ξθονειο
2616 5033 2954 5116 Wachter‘o,
2973 5034 3318 5116 ec‘clesmste
3332 5033 3804 5116 Memmin-gensi.

2150 5105 2321 5178 era.
2378 5105 2690 5178 Inscriptio
2748 5105 2909 5162 haud
2960 5105 3188 5162 urbana
3237 5106 3363 5161 haec
3396 5113 3524 5161 est:
3584 5105 3809 5175 A’ugen-

2147 5177 2476 5233 scheinliche
2532 5177 2875 5248 Erweisung,
2927 5178 3052 5233 dass
3101 5178 3199 5233 der
3230 5193 3558 5232 vermessene
3588 5179 3810 5232 Κρησίν-

2147 5250 2377 5316 Patron,
2443 5248 2727 5305 Gottfried
2763 5248 3013 5317 Arnold,
3047 5250 3145 5305 das
3174 5248 3668 5304 valentinianische
3697 5251 3807 5303 Ke-

2147 5322 2686 5391 tzer—Fragmentum
2719 5321 2980 5378 Theodoti
3013 5321 3194 5376 weder
3217 5319 3609 5387 verstandlich,
3638 5320 3802 5375 noch.

2146 5392 2379 5447 treulich
2413 5394 2705 5459 ubersezet,
2740 5393 2855 5448 und
2910 5393 3085 5447 damit
3136 5393 3283 5447 seine
3335 5392 3605 5447 schlechte
3662 5393 3805 5448 Wis-

2141 5464 2415 5589 mcliaﬂ
2438 5468 2497 5519 in
2528 5465 2627 5519 der
2653 5464 3031 5534 griechischen
3054 5463 3295 5519 Sraache
3324 5464 3485 5519 selbst
3509 5463 3805 5519 verralhen

2251 5553 2280 5589 ε
2336 5554 2388 5589 ι).

2210 5537 2409 5677 ἓξὲξῗῇ
2441 5607 2583 5663 edit.
2620 5612 2824 5663 tamen
2876 5608 3121 5677 Potter.,
3181 5624 3313 5679 pag.
3356 5609 3460 5662 989
3520 5624 3547 5661 s
3638 5646 3677 5676 .,
3717 5606 3803 5662 le-

2210 5685 2357 5732 ntur
2388 5681 2482 5732 Gr.
2515 5697 2651 5732 cum
2682 5680 2954 5732 versione
2986 5679 3110 5732 Lat.
3172 5679 3451 5732 notisque
3503 5624 3801 5732 Sﬁburaii

2138 5685 2357 5749 guntur
2388 5681 2482 5735 Gr.
2515 5697 2651 5735 cum
2682 5680 2954 5734 versione
2974 5679 3110 5751 Lat.
3172 5678 3451 5750 notisque
3503 5678 3801 5751 Sylburgii

2137 5754 2317 5823 atque
2350 5751 2693 5807 Combeﬂsii
2727 5757 2786 5806 et
2812 5749 3018 5822 paucis
3048 5750 3290 5807 Potteri.
3324 5749 3404 5806 In.
