4142 6398
285 388 359 444 17
1439 391 1734 446 ΝΟἸἸἹἹΔ
1771 392 1935 446 HIST

2051 392 2648 452 fCO-LITTEBARIA.
3671 401 3739 456 18

286 515 468 573 surde
501 515 838 588 conjiciunt
853 514 962 569 viri
980 514 1311 572 doctissimi
1341 534 1353 570 ε
1387 517 1546 572 haud
1565 515 1962 572 omittendum
1997 520 2047 585 Α
2080 517 2348 590 longiora
2379 538 2450 576 ex
2483 539 2558 577 v11
2590 523 2758 578 libris
2791 523 3150 580 Stromatum.
3185 526 3309 580 Inc.
3351 524 3546 598 τέρατα
3593 547 3735 601 προ-

289 612 494 660 tamen
529 611 640 671 est,
676 604 921 660 easdem
964 604 1038 660 ab
1088 605 1301 661 Acacio
1334 612 1393 662 et
1421 608 1808 676 Damasceno,
1842 611 1908 660 ut

2077 605 2328 679 γινώσκει
2382 609 2473 663 καὶ
2530 605 2774 672 ἐκϐάσεις
2831 616 3037 688 καιρῶν
3117 611 3207 666 καὶ
3270 615 3486 687 χρόνων
3547 616 3575 669 ὁ
3629 620 3731 682 τῆς

285 696 434 752 locis
465 695 772 767 pluribus,
807 710 990 766 supra
1010 711 1045 750 a
1067 712 1161 751 me
1186 694 1522 768 descriptis,
1545 694 1968 767 patet,habitas
2078 694 2268 773 σοφίας
2303 701 2575 770 μαθητής·
2605 719 2737 772 quaa
2783 703 2844 758 in
2877 702 3052 758 editis
3083 703 3252 759 initio
3285 704 3421 760 libri
3455 723 3471 760 1
3502 707 3730 763 Inutilis

285 786 474 840 fuisse
509 802 620 856 pro
653 789 860 840 octavo
890 784 1231 840 Stromatum
1262 785 1434 840 libro.
2076 786 2310 843 desunt.
2346 820 2414 830 -ο
2438 792 2606 846 Teste
2638 791 2953 848 Montfauc.
2988 794 3048 848 in
3081 794 3220 848 Bibl.
3257 795 3570 852 bibliothec.
3594 813 3727 852 mss.

2077 893 2117 942 1,
2151 893 2282 951 pag.
2320 882 2406 944 14,
2440 879 2598 936 inter
2626 881 2796 936 codd.
2833 883 3015 938 V'atic.
3049 885 3248 938 Romae
3281 884 3417 952 Quis
3440 886 3592 941 dives
3622 887 3730 940 sal-

429 909 678 980 Operum
723 908 1022 964 Clementis
1051 909 1222 966 Alex.
1254 908 1410 966 codd.
1443 918 1495 965 et
1533 909 1816 965 editiones.
2078 908 2282 982 "73"‘5'
2320 908 2406 944 ν’»
2441 908 2796 982 ¹¹¹¹ξ²⁵¹ξξ⁵υξ¹Ὓ
2845 908 3015 982 ’ξξδίλ
3049 908 3160 982 “0f

2073 969 2232 1021 vetur
2251 974 2538 1038 opuscnet
2557 969 2678 1025 alia
2699 970 2856 1026 inter
2874 970 3197 1027 Clementis
3223 989 3390 1044 papae
3413 989 3594 1045 opera
3617 992 3731 1030 no-

357 1043 573 1098 Plures
604 1042 779 1100 codd.
805 1043 935 1115 jam
962 1044 1188 1116 passim
1229 1043 1494 1100 laudavit
1523 1044 1846 1100 Fabricius.
1883 1047 1964 1101 De

284 1134 491 1188 codice
531 1133 788 1188 membr.
822 1134 1084 1189 Florent.
1139 1132 1347 1188 Medic.
1402 1135 1676 1189 Laurent.
1713 1151 1848 1190 saac.
1880 1151 1960 1204 xI,

284 1224 382 1294 qui
417 1223 698 1278 continet
754 1223 1057 1289 Stromata,
1119 1224 1290 1294 cujus
1345 1223 1515 1279 Fabr.
1571 1239 1752 1295 supra
1785 1223 1960 1293 in§3

280 1312 586 1380 meminit,
621 1313 795 1383 plura.
845 1312 1085 1384 scripsit
1141 1312 1392 1368 Bandin.
1425 1313 1488 1367 in
1524 1313 1640 1368 Cat.
1672 1313 1828 1368 codd.
1865 1312 1955 1368 Gr.

281 1420 318 1467 1,
354 1419 490 1474 pag.
536 1405 622 1468 12,
657 1402 759 1473 qui
793 1409 1012 1474 praeter
1040 1418 1110 1457 ea
1157 1409 1290 1474 post
1334 1401 1670 1458 Fabricium
1703 1404 1959 1474 (supra§

281 1493 335 1563 3)
368 1492 672 1556 observat,
709 1491 838 1546 cod.
874 1491 1316 1547 Claromontan.
1343 1508 1463 1548 rec.
1487 1508 1522 1548 a
1551 1492 1798 1547 Nourrio
1832 1509 1953 1547 me-

279 1587 654 1643 morantum,
682 1580 869 1635 videri
903 1598 933 1636 e
968 1581 1223 1636 Mediceo
1257 1581 1643 1653 descriptum.
1677 1582 1955 1638 Codicem

279 1670 452 1724 illum
480 1669 1051 1741 praestantissimum
1077 1670 1220 1725 olim
1239 1669 1422 1724 fuisse
1445 1670 1602 1742 apud
1624 1670 1953 1727 Basilianos

282 1761 706 1814 Messanenses
762 1759 1114 1826 monachos,
1168 1758 1416 1830 putabat
1473 1758 1676 1814 Montf.
1712 1759 1773 1814 in
1804 1760 1947 1815 Bibl.

2071 1055 2778 1130 minanturzfragmenta
2835 1058 3018 1115 Clem.
3079 1059 3244 1116 Alex.
3305 1061 3366 1116 in
3414 1064 3633 1118 Catenis
3663 1064 3726 1119 in

2072 1145 2357 1212 Exodum,
2391 1147 2518 1215 Job,
2553 1150 2696 1220 Epp.
2731 1149 2806 1204 ad
2854 1149 3118 1204 Corinth.
3155 1154 3213 1204 et
3252 1150 3461 1220 Galat.,
3492 1151 3552 1206 in
3581 1154 3726 1207 Mat-

2073 1232 2292 1288 theeum
2325 1240 2383 1289 et
2410 1236 2624 1293 Lucam
2689 1243 2831 1292 sunt
2886 1238 2948 1292 in
3005 1238 3279 1309 pluribus
3328 1239 3499 1295 codd.
3536 1243 3719 1299 Vatic.

2069 1321 2207 1377 ibid.
2247 1324 2355 1394 (uti
2377 1324 2436 1378 in
2463 1325 2685 1380 Catenis
2713 1327 2774 1381 in
2801 1326 2971 1382 codd.
2992 1327 3166 1382 Coisl.
3197 1328 3446 1384 Vindob.
3471 1332 3717 1403 August.

2070 1411 2296 1466 Vindel.
2333 1412 2629 1486 aliisque).
2653 1446 2719 1455 -—-
2744 1418 2965 1487 Romae,
2996 1433 3054 1470 ιιι
3086 1416 3230 1471 bibl.
3266 1419 3541 1475 Ottobon.
3566 1420 3718 1474 Stro-

2064 1505 2278 1556 matum
2309 1503 2518 1575 fragm.
2547 1505 2606 1558 in
2639 1522 2679 1560 11
2705 1505 2878 1562 eodd.
2899 1512 3147 1574 recent.,
3167 1523 3278 1562 nec
3299 1524 3419 1562 non
3443 1508 3717 1565 Slromata

2063 1590 2176 1656 bis,
2209 1597 2268 1646 et
2291 1592 2586 1662 Pwdagog.
2619 1594 2960 1668 (ibid.,pag.
2990 1595 3091 1649 183
3121 1600 3180 1650 et
3203 1597 3346 1668 190),
3382 1603 3440 1652 et
3468 1597 3713 1666 ibidem,

2062 1680 2124 1734 in
2158 1681 2300 1736 Bibl.
2335 1683 2565 1737 Patrum
2596 1681 2653 1738 S.
2689 1684 2892 1739 Basilii
2923 1684 3048 1755 (ib.,
3082 1702 3212 1757 pag.
3253 1688 3372 1740 198.
3403 1687 3514 1752 D.).
3549 1718 3616 1726 —
3646 1689 3713 1743 In

2064 1769 2268 1824 Galliis
2300 1771 2456 1826 inter
2485 1771 2657 1827 codd.
2690 1772 2942 1829 abbatis)
2976 1775 3030 1829 S.
3064 1774 3221 1829 Petri
3255 1774 3326 1829 de
3359 1775 3708 1843 Selincurte,

277 1847 702 1959 bibliothecam,
719 1865 766 1959 ιι,
965 1850 1090 1959 23ῗ.
1123 1880 1190 1951 .-
1221 1849 1285 1959 ln
1299 1848 1529 1959 οθεῖίὶίῖῐιὶ
1579 1847 1778 1959 οοίξίοξε
1812 1854 1952 1904 sunt
1979 1892 2025 1959 Β
2060 1859 2230 1914 άίωο.
2264 1861 2706 1931 Ambianensis,
2767 1863 3084 1918 Admonitio
3141 1865 3215 1919 ad
3267 1869 3462 1938 gentes
3493 1870 3551 1920 et
3581 1867 3708 1922 Pa:-

274 1940 550 2010 Exoerpta
581 1955 654 1992 ex
684 1937 850 1992 libris
883 1937 1139 1994 Theodoti
1191 1942 1250 1992 et
1290 1936 1504 1993 Seleeta
1527 1938 1942 2009 prophetarum.

275 2059 339 2067 —
379 2029 684 2097 Pwdagogi
731 2027 870 2081 libri
926 2043 1012 2093 111,
1071 2023 1395 2098 Κλήμεντος
1457 2025 1613 2102 Λόγοι
1666 2026 1946 2083 dicuntur

274 2116 332 2170 in
364 2116 575 2171 codice
603 2133 762 2183 xx1v,
796 2115 948 2188 plut.
997 2131 1052 2182 ν,
1084 2132 1220 2171 cum
1252 2115 1410 2171 notis
1442 2115 1654 2172 incerti
1686 2117 1944 2172 auctoris

272 2206 528 2277 margin.
564 2221 746 2276 quem
779 2203 1059 2273 Bandin.,
1095 2204 1133 2259 l.
1169 2221 1219 2260 0.
1274 2222 1314 2272 1,
1348 2220 1479 2277 pag.
1513 2207 1581 2260 49
1614 2221 1764 2276 seq.,
1796 2205 1942 2261 ube-

271 2294 392 2348 rius
425 2294 741 2349 describit.
776 2293 932 2348 Libri
982 2293 1044 2348 in
1092 2293 1224 2348 cod.
1255 2293 1603 2349 dividuntur
1632 2294 1694 2349 in
1728 2295 1942 2366 capita,

274 2389 329 2437 et
350 2384 610 2456 singulis
633 2383 929 2454 capitibus
955 2384 1404 2454 praemittuntur
1424 2384 1943 2456 argumenta.lllos

276 2472 456 2527 libros
491 2473 806 2544 excipiunt
837 2474 1085 2544 Hymnus
1116 2472 1327 2528 Christi
1367 2475 1686 2540 servatoris,
1721 2473 1775 2527 S.
1809 2473 1944 2528 Cle-

274 2563 490 2618 mentis
529 2567 590 2618 et
623 2565 840 2618 Versus
868 2562 1082 2617 incerti
1103 2562 1165 2616 in
1186 2562 1511 2617 Clementis
1543 2561 1940 2634 Peedaqogum.

272 2651 375 2706 Illo
408 2652 544 2707 eod.
603 2669 750 2707 usus
800 2657 890 2706 est
938 2668 1175 2723 quoque
1237 2653 1567 2719 Victorius;
1609 2651 1711 2707 sed
1744 2652 1946 2707 omisit

273 2741 496 2796 scholia
520 2741 1173 2813 qnmdam,cbaractere
1194 2741 1376 2814 ligato
1395 2746 1452 2797 et
1469 2742 1731 2795 currenti
1755 2741 1826 2797 ab
1850 2758 1942 2796 eo-

274 2830 404 2885 dem
429 2832 730 2903 scriptore
752 2830 976 2886 codicis
1011 2831 1071 2884 in
1118 2847 1222 2886 ora
1264 2829 1402 2885 libri
1444 2830 1583 2885 hinc
1607 2829 1745 2884 inde
1776 2830 1944 2902 adje-

271 2927 380 2982 cta,
414 2937 680 2991 quorum
714 2919 987 2990 quaedam
1025 2919 1348 2975 Bandinius
1379 2918 1697 2990 descripsit
1722 2923 1780 2973 et
1804 2935 1941 2990 pro-

272 3009 572 3080 mulgavit.
609 3008 775 3064 Idem
803 3008 1227 3081 calligraphus,
1251 3009 1335 3063 ait
1357 3008 1600 3063 Bandin.
1617 3051 1629 3074 ,
1654 3014 1720 3062 ut
1741 3013 1939 3063 osten-

273 3099 434 3153 deret
464 3115 835 3154 consensum
892 3103 1087 3153 textus
1147 3097 1474 3153 Clementis
1514 3114 1650 3152 cum
1682 3097 1938 3169 quadam

268 3189 523 3254 Arethaz,
539 3188 979 3259 archiepiscopi
1004 3186 1404 3255 Cmsariensis,
1423 3187 1936 3258 interpretatione,

266 3277 581 3349 desumpta
602 3277 805 3332 forsan
831 3292 901 3330 ex
920 3277 1050 3348 ejus
1071 3277 1277 3332 Catena
1294 3275 1352 3331 in
1379 3278 1744 3348 Apocalypsin
1765 3277 1936 3331 Joan-
1965 3259 2010 3326 C

267 3369 374 3434 nis,
405 3367 658 3440 longum
692 3365 986 3421 scholium
1017 3366 1078 3420 in
1101 3382 1205 3420 ora
1234 3366 1371 3420 libri
1406 3365 1742 3436 descripsit,
1766 3367 1937 3437 cujus

267 3455 506 3510 initium
545 3473 615 3511 ac
650 3457 835 3510 finem
858 3454 1049 3510 edidit
1073 3455 1321 3510 Bandin.
1347 3486 1414 3495 —
1438 3457 1502 3511 In
1528 3455 1700 3510 codd.
1723 3471 1847 3522 vm,
1872 3473 1933 3510 n.

266 3549 350 3612 ὃῦ,
380 3547 536 3617 plut.
576 3563 655 3613 1x,
694 3545 794 3618 (a),
828 3549 970 3599 sunt
1003 3544 1160 3600 inter
1190 3544 1398 3600 breves
1426 3543 1806 3599 deﬁnitiones
1837 3545 1933 3601 SS.

265 3636 371 3688 PP.
400 3635 474 3690 de
499 3634 840 3690 substantia
861 3639 920 3689 et
949 3639 1184 3694 natura.
1209 3638 1633 3706 etc.,excerpta
1655 3651 1726 3689 ex
1746 3634 1930 3691 Clem.

269 3723 427 3779 Alex.
465 3725 757 3780 Sermone
783 3724 856 3778 de
882 3723 1280 3780 Providentia.
1307 3724 1540 3795 (Band.,
1561 3725 1607 3790 Ι,
1629 3740 1759 3796 pag.
1785 3726 1930 3794 402.)

267 3845 330 3853 -
361 3814 503 3869 Cod.
542 3813 707 3868 Alex.
741 3814 924 3868 Clem.
979 3814 1072 3869 cui
1119 3813 1401 3884 Stephan.
1456 3812 1675 3869 multas
1705 3813 1933 3868 adscri-

266 3903 380 3974 psit
411 3909 613 3973 notas,
643 3903 1016 3958 Francofurti
1039 3903 1114 3958 ad
1137 3905 1327 3968 Moen,
1349 3907 1645 3957 memorat
1670 3901 1926 3970 Folard.,

264 3993 320 4046 in
353 3993 604 4049 Histoire
632 3993 770 4048 d’un
805 3992 1013 4063 Voyage
1046 3990 1344 4060 litieraire,
1375 3993 1483 4060 fait
1514 4007 1581 4046 en
1616 3992 1778 4053 1733,
1813 3997 1924 4047 etc.

263 4082 428 4154 [lagae
459 4084 628 4137 Com-
667 4084 824 4148 1735,
858 4081 997 4137 mai.
1037 4084 1120 4149 12,
1155 4086 1304 4136 teste
1345 4080 1576 4146 Stollio,
1612 4080 1673 4134 in
1718 4081 1928 4136 notitia

260 4171 415 4226 illius
442 4171 597 4226 bibl.
631 4173 835 4241 (Kurze
860 4170 1181 4226 Nachricht
1201 4186 1314 4224 von
1339 4169 1454 4224 den
1484 4170 1752 4224 Buchern
1774 4202 1841 4209 —
1863 4171 1924 4225 in

259 4259 348 4314 der
371 4260 710 4316 Stollisehen
746 4260 917 4330 Bibl.)
955 4265 1093 4314 tom.
1127 4260 1173 4330 Ι,
1206 4276 1262 4330 p.
1299 4260 1421 4313 3563.
1455 4289 1523 4299 —
1556 4260 1706 4314 Loca
1739 4259 1922 4314 Clem.

259 4355 579 4404 occurrunt
610 4349 673 4403 in
722 4349 945 4404 Catenis
1002 4348 1063 4402 in
1121 4347 1413 4414 Psalmos,
1446 4347 1508 4402 in
1536 4347 1749 4402 Jobum
1781 4353 1841 4402 et
1868 4365 1926 4403 ιν

260 4438 592 4511 Evangelia,
627 4443 685 4492 et
715 4438 934 4493 citatur
963 4437 1146 4491 Clem.
1182 4437 1244 4490 in
1286 4435 1590 4505 Florilegio
1619 4440 1925 4493 sententia-

259 4543 394 4590 rum,
429 4528 492 4581 in
531 4527 791 4582 Violario
825 4543 1090 4596 compos.
1125 4532 1183 4580 et
1213 4542 1248 4582 θ,
1274 4527 1320 4581 .l.
1355 4526 1760 4581 Cantacuzeno
1789 4545 1922 4583 con-

261 4621 339 4670 tra
373 4616 706 4671 Palamam.
743 4615 1015 4708 (Bandin.
1049 4615 1093 4708 1,
1155 4631 1311 4708 pag._
1346 4617 1450 4708 3A4,
1494 4617 1583 4683 £52,
1621 4618 1767 4708 _161,
1795 4619 1919 4687 253,
1952 4645 2002 4708 Β

256 4705 351 4756 ΞΗ
387 4711 448 4759 et
478 4704 634 4774 549.)
666 4735 736 4744 --
767 4702 1064 4773 Pwdagogi
1095 4709 1218 4758 tres
1247 4703 1387 4757 libri
1436 4703 1499 4757 in
1530 4704 1661 4759 cod.
1695 4705 1918 4760 Veneto

257 4793 317 4856 D,
349 4794 556 4858 Marci,
589 4810 725 4848 cum
784 4792 1167 4848 lemmatibus
1222 4791 1474 4865 singulis
1519 4809 1689 4865 capp.
1720 4795 1920 4866 praeli-

254 4882 356 4952 xis,
390 4889 449 4937 et
481 4883 644 4936 notis
676 4881 986 4936 nonnullis
1018 4880 1090 4935 ad
1123 4897 1286 4936 oram
1315 4882 1627 4952 conjectis,
1656 4883 1770 4940 vid.
1796 4884 1912 4938 Vil-

255 4971 466 5034 loison,
504 4971 705 5028 Anecd.
742 4973 916 5028 Graec.
950 4972 1020 5041 Il,
1050 4987 1178 5043 pag.
1229 4973 1296 5025 98
1346 4975 1405 5025 et
1433 4987 1564 5044 pag.
1594 4975 1718 5027 249.
1751 5003 1820 5014 -
1850 4974 1915 5027 Ιιι

254 5061 377 5116 cod.
411 5061 694 5116 biblioth.
757 5061 1106 5115 Mutinensis
1165 5059 1594 5132 Προτρεπτικὸν,
1628 5058 1915 5135 Παιδαγω-

253 5149 399 5221 γικόν
431 5158 492 5205 et
527 5152 816 5221 Hymnus,
840 5155 909 5204 ut
929 5150 990 5205 in
1015 5149 1210 5216 editis,
1236 5154 1385 5205 teste
1409 5149 1610 5204 Montf.
1635 5151 1698 5205 in
1720 5150 1917 5208 Diario

253 5238 394 5308 lial.,
426 5257 566 5312 pag.
601 5242 694 5296 31.

319 5330 584 5402 Neapoli,
607 5329 670 5384 in
703 5329 836 5384 bibl.
867 5327 1054 5400 Regia,
1077 5327 1207 5383 cod.
1230 5345 1370 5383 Cva
1392 5329 1695 5384 continet:
1729 5331 1913 5388 Clem.

251 5417 408 5472 Alex.
474 5418 906 5490 Pzedagogum;
965 5418 1270 5489 Hymnum
1355 5417 1429 5472 ad
1503 5418 1804 5474 Christum
1861 5425 1920 5476 et

253 5509 532 5578 anonymi
567 5509 780 5562 Versus
830 5506 894 5560 in
944 5505 1130 5561 Clem.
1180 5506 1611 5578 Pzdagogum;
1641 5515 1919 5582 excerpta

2052 1947 2300 2020 dagogus
2330 1949 2498 2020 (ibid.
2531 1967 2594 2018 11,
2628 1969 2758 2025 pag.
2795 1953 2977 2024 1198).
3025 1981 3088 1995 --
3143 1952 3197 2007 S.
3234 1953 3530 2010 Clementis
3565 1956 3706 2023 Vita,

2055 2042 2191 2105 etc.,
2226 2039 2286 2094 in
2318 2039 2448 2094 cod.
2483 2039 2629 2096 bibl.
2665 2041 2973 2097 Mediolan.
3009 2041 3204 2113 (Ibid.,
3237 2059 3277 2110 1,
3311 2060 3368 2114 p.
3395 2043 3542 2116 495.)

2125 2156 2334 2224 Paris.,
2373 2157 2434 2211 in
2466 2158 2611 2214 Bibl.
2664 2158 2818 2229 publ.
2865 2158 3010 2229 (sec.
3073 2158 3247 2214 catal.
3289 2159 3418 2214 cod.
3455 2164 3597 2214 tom.
3631 2162 3704 2227 II)

2053 2243 2116 2299 in
2147 2245 2278 2300 cod.
2311 2262 2455 2313 cum,
2488 2247 2557 2300 A.
2589 2248 2649 2302 C.
2683 2249 2807 2315 914,
2835 2263 3018 2302 manu
3050 2247 3286 2316 Baanis,
3317 2249 3534 2304 notarii
3565 2251 3708 2304 Are-

2052 2334 2192 2403 thaa,
2219 2335 2502 2390 Caesarea)
2519 2335 2972 2408 archiepiscopi,
2995 2342 3255 2407 exarata,
3278 2337 3462 2393 Clem.
3487 2338 3706 2393 adhor-

2054 2422 2304 2478 tatorius
2338 2423 2492 2479 liber
2520 2424 2595 2480 ad
2645 2425 2896 2490 Graecos,
2960 2442 3096 2481 cum
3155 2426 3401 2482 scholiis
3430 2443 3616 2499 marg.
3652 2433 3711 2483 et

2055 2512 2410 2584 Paedagogus,
2446 2513 2550 2570 sed
2577 2513 2796 2570 desunt
2826 2514 2962 2570 libri
2986 2532 3004 2570 1
3029 2515 3234 2572 decem
3265 2516 3462 2588 capita
3491 2517 3708 2588 prima,

2055 2607 2114 2656 et
2141 2602 2443 2658 undecimi
2474 2603 2751 2658 initium:
2779 2605 2841 2658 in
2893 2604 3025 2660 cod.
3059 2621 3200 2660 ann
3236 2611 3296 2660 et
3323 2622 3587 2661 anxxvn
3621 2607 3707 2680 (in

2054 2706 2171 2761 quo
2203 2707 2272 2745 ea
2303 2708 2541 2763 quoque
2573 2692 2810 2760 desunt,
2839 2710 2971 2763 qua)
2994 2693 3054 2748 in
3079 2693 3210 2749 cod.
3236 2710 3446 2762 ccccm,
3480 2696 3709 2750 notavi-

2051 2779 2210 2851 mus)
2238 2781 2548 2850 Paedagogi
2576 2781 2714 2835 libri
2747 2798 2810 2836 111
2840 2798 2974 2837 cum
2999 2783 3214 2854 Hymno
3235 2785 3293 2838 in
3319 2782 3620 2851 Christum,
3649 2789 3709 2839 et

2051 2870 2334 2940 anonymi
2367 2869 2646 2924 Versibus
2678 2871 2739 2924 in
2779 2870 3170 2941 Paedagogum.
3202 2902 3271 2912 ——
3300 2873 3367 2926 In
3399 2871 3528 2927 cod.
3563 2889 3704 2928 cum.

2048 2957 2470 3030 fragmentum,
2522 2958 2623 3014 ubi
2676 2958 2747 3014 de
2795 2965 3001 3015 sancto
3043 2962 3288 3028 Joanne,
3341 2961 3616 3029 theologo
3643 2969 3704 3017 et

2050 3047 2430 3120 evangelista,
2462 3049 2674 3120 agitur.
2707 3079 2776 3089 ——
2804 3049 2944 3105 Cod.
2979 3049 3190 3116 Paris.,
3234 3050 3371 3104 coll.
3406 3050 3458 3106 S.
3491 3052 3566 3118 1.,
3597 3052 3701 3122 qui

2050 3137 2346 3208 integrum
2405 3137 2740 3193 Stromatum
2792 3154 2942 3209 opus
3014 3139 3449 3209 complectitur,
3510 3140 3700 3195 varias

2048 3224 2185 3280 lect.
2220 3225 2534 3282 Montfauc.
2561 3226 2820 3281 enotavit
2841 3233 2900 3282 et
2919 3227 2994 3282 ad
3015 3229 3321 3282 Potterum
3345 3229 3699 3285 transmisit.

2119 3343 2185 3396 In
2241 3341 2387 3396 bibl.
2449 3342 2717 3410 Coislin.,
2778 3343 3107 3397 secundum
3178 3343 3380 3398 Montf.
3447 3345 3509 3399 in
3567 3345 3698 3403 cod.

2046 3447 2274 3501 Lxxxv1,
2331 3446 2401 3485 ex
2452 3430 2604 3485 libro
2663 3433 2806 3503 Quis
2855 3431 3006 3488 dives
3068 3431 3140 3487 sit
3193 3433 3398 3501 salvus,
3453 3434 3704 3490 historia

2045 3519 2340 3590 quaedam,
2373 3535 2504 3590 quae
2538 3526 2628 3575 est
2659 3537 2894 3592 quoque
2926 3537 3020 3592 ap.
3054 3521 3376 3576 Eusebium
3407 3539 3471 3576 111
3503 3527 3572 3577 Η.
3612 3527 3700 3592 8.,

2045 3625 2172 3680 cap.
2206 3609 2276 3662 23
2307 3610 2460 3680 (pag.
2524 3611 2672 3678 140).
2731 3642 2799 3650 -
2853 3611 3003 3665 Loca
3059 3610 3241 3665 Clem.
3287 3617 3607 3666 occurrunt
3637 3613 3700 3667 in

2042 3698 2171 3752 cod.
2208 3715 2323 3753 cxu
2355 3703 2414 3753 et
2443 3715 2600 3767 cx111,
2632 3699 2694 3754 in
2743 3699 3207 3754 Collectionibus
3239 3701 3696 3769 sententiarum,

2040 3803 2241 3842 rerum
2272 3788 2591 3842 moralium
2637 3792 2695 3842 et
2739 3787 3324 3860 interpretationum,
3360 3805 3390 3844 e
3421 3789 3696 3860 pluribus

2041 3877 2242 3948 script.
2278 3877 2490 3931 eccles.
2511 3882 2921 3948 excerptarum
2940 3877 3090 3950 (pag.
3121 3879 3243 3944 186,
3269 3879 3371 3932 187
3394 3896 3407 3943 ;
3433 3879 3517 3932 sic
3541 3896 3692 3950 quo-

2039 3983 2152 4036 que
2186 3965 2355 4021 codd.
2385 3968 2604 4038 Augus.
2638 3966 2836 4036 Vind.,
2891 3971 3039 4021 teste
3087 3967 3327 4022 Reisero
3373 3983 3502 4040 pag.
3534 3970 3604 4021 22
3635 3972 3695 4023 et

2035 4056 2104 4110 39
2135 4055 2374 4126 catal.);
2407 4056 2468 4109 in
2500 4055 2630 4110 cod.
2664 4073 2846 4125 ccmx,
2894 4056 2956 4110 in
3012 4055 3309 4111 Anastasii
3340 4056 3690 4127 responsio-

2035 4146 2236 4213 nibus,
2269 4150 2380 4200 etc.
2414 4147 2568 4218 (pag.
2620 4147 2769 4217 305);
2806 4177 2871 4186 —
2902 4147 2964 4200 in
3013 4146 3142 4203 cod.
3190 4162 3445 4214 CCLxxVI,
3479 4148 3541 4202 in
3575 4149 3692 4203 Da-

2035 4235 2298 4290 masceni
2329 4235 2625 4290 Parallelis
2651 4237 2810 4307 (pag.
2846 4235 2993 4306 330);
3022 4267 3092 4276 —
3113 4235 3174 4289 in
3197 4235 3329 4291 cod.
3357 4253 3689 4306 CCLxxxxiv,

2033 4324 2095 4379 in
2123 4323 2475 4379 Damasceni
2508 4324 2721 4392 Eelogis
2752 4330 2906 4395 (pag.
2942 4327 3088 4392 412).

2104 4441 2347 4497 Codices
2380 4457 2547 4511 seqq.
2584 4441 2685 4510 qui
2744 4442 2805 4495 in
2864 4440 3078 4513 Anglia
3136 4446 3535 4513 asservantur,
3570 4449 3628 4498 et
3658 4461 3692 4500 a

2034 4534 2268 4587 Pottero
2301 4535 2440 4586 sunt
2469 4530 2692 4597 collati,
2742 4529 2814 4585 ab
2868 4547 2936 4584 eo
2988 4531 3383 4586 nominantur
3432 4533 3491 4587 in
3533 4539 3691 4592 Prw-

2025 4622 2132 4691 [αι.
2167 4619 2376 4675 Oxonii
2409 4635 2421 4673 :
2454 4619 2517 4672 in
2556 4618 2686 4674 cod.
2721 4618 2866 4673 bibl.
2903 4619 3036 4674 novi
3070 4619 3335 4692 Collegii,
3361 4623 3688 4681 Cohortatio

2029 4709 2100 4764 ad
2132 4709 2363 4765 Graecos.
2398 4724 2522 4762 una
2549 4724 2685 4762 cum
2716 4707 2948 4762 duobus
2976 4708 3266 4779 Pwdagogi
3294 4709 3464 4766 libris
3492 4719 3687 4784 poste-

2026 4797 2286 4853 rioribus
2305 4796 2772 4868 eorumdemque
2793 4797 3104 4852 nonnullis
3124 4797 3474 4870 fragmentis
3495 4817 3507 4855 :
3531 4834 3600 4843 —
3621 4804 3684 4859 in

2027 4884 2155 4940 cod.
2191 4883 2417 4940 Bodlei.
2459 4888 2519 4939 et
2547 4884 2686 4952 alio,
2722 4884 2821 4956 qui
2851 4889 3042 4940 exstat
3079 4885 3140 4940 in
3172 4885 3315 4941 bibl.
3349 4889 3526 4961 regis,
3560 4891 3680 4945 Pw-

2025 4973 2227 5042 dagogi
2256 4990 2313 5028 111
2348 4973 2508 5029 libri.
2544 5005 2612 5013 —
2637 4973 2727 5027 Ad
2779 4973 3100 5029 Clementis
3149 4976 3482 5048 periochas,
3534 4995 3681 5049 quas

2025 5063 2316 5119 Eusebius
2347 5063 2511 5135 Operi
2545 5063 2619 5118 De
2645 5078 2893 5134 prazpar.
2925 5079 3126 5132 evang.
3162 5065 3434 5134 inseruit,
3467 5085 3680 5123 emcn-

2028 5152 2276 5219 dandas,
2301 5152 2480 5207 utilas
2499 5151 2612 5206 fuit
2635 5152 2766 5206 cod.
2793 5152 3030 5208 Eusebii
3052 5153 3113 5207 in
3138 5152 3412 5210 biblioth.
3438 5157 3683 5228 Collegii

2026 5242 2073 5296 J.
2108 5241 2404 5312 Baptistae.
2452 5273 2519 5282 --
2567 5243 2789 5296 Praeter
2851 5257 2940 5308 ea,
3000 5243 3329 5298 secundum
3388 5245 3560 5300 catal.
3622 5247 3683 5302 in

2028 5331 2198 5388 codd.
2233 5331 2406 5402 Angl.
2439 5336 2498 5387 et
2530 5331 2796 5400 Hibern.,
2828 5336 2966 5398 etc.,
3000 5331 3062 5388 in
3094 5332 3223 5388 cod.
3259 5335 3496 5390 Barocc.
3535 5336 3682 5395 Bibl.

2027 5419 2251 5476 Bodlei.
2284 5436 2376 5475 nr.
2411 5438 2466 5489 v,
2500 5426 2642 5476 sunt
2671 5437 2741 5476 ex
2771 5421 2955 5475 Clem.
2991 5421 3157 5477 Alex.
3190 5421 3443 5492 aliisque
3477 5441 3680 5483 excer-

2026 5515 2142 5583 pta)
2173 5511 2508 5581 sententiaa,
2542 5515 2691 5578 etc.;
2723 5541 2792 5550 --
2816 5510 2879 5564 in
2906 5509 3077 5564 codd.
3107 5509 3273 5564 Bodl.
3296 5526 3602 5572 nccxxxxn
3627 5523 3685 5572 et

316 5732 394 5813 la]
414 5732 854 5813 ﬂmcnschplia,
888 5747 1026 5813 quae
1043 5745 1112 5783 ex
1144 5727 1649 5813 codice_Parisino
1683 5731 1970 5813 evulgavit
1997 5732 2366 5813 Reinholdu_s
2397 5734 2560 5813 Klotz
2581 5736 2641 5790 in
2665 5752 2772 5792 sua
2797 5733 3058 5790 editione
3080 5735 3337 5808 Operum
3355 5737 3679 5796 Clementis

257 5800 503 5874 (Lipsiae,
541 5807 798 5873 1830-34,
832 5800 1052 5874 inJ-12),
1086 5806 1324 5856 exstant
1355 5805 1516 5856 tomo
1548 5803 1597 5856 ΙΙ
1628 5800 1849 5860 nostra}
1883 5821 1935 5860 ιέ

2051 5807 2282 5861 usionis.
2319 5807 2469 5861 Emr.
2505 5808 2674 5862 PATR.
