4142 6394
372 401 441 458 19
752 453 764 463 ,
1600 378 1945 440 GLBMBNB
1982 375 2579 433 ALBXANDRINIB.

3734 369 3809 425 20

374 542 607 594 uuxcw,
638 522 963 582 Clementis
994 521 1373 588 aliorumque
1416 512 1625 586 glossaa
1667 507 1741 565 ad
1771 523 1851 562 vn
1880 508 2025 594 Epp.
2062 507 2114 570 Α
2146 504 2269 558 tine
2301 504 2461 557 inter
2488 504 2696 558 Franc.
2730 503 2891 557 Rous
2924 496 3108 556 Mella
3139 498 3396 555 Patrum.
3431 495 3614 552 Lond.
3646 500 3806 568 1650,

379 634 593 676 canon.
653 618 802 688 Epp.
863 610 1186 668 catholicas
1251 604 1398 661 min.
1454 603 1520 657 N.
1584 598 1842 655 T.-—In
1887 593 2037 688 bibl.

380 708 653 765 Jacobma
701 686 802 760 nr.
858 710 1356 758 manummanum
1409 695 1579 763 (tom.
1639 690 1691 743 ll
1745 686 1938 751 catch,
1979 701 2037 755 p.

385 802 531 865 276),
554 797 738 852 Clem.
762 792 1117 861 Peedagogus.
1148 816 1215 829 --
1240 781 1482 841 Dublini
1504 781 1567 835 in
1589 778 2041 865 cod.cccoxxvm

385 864 629 958 Collegii
661 886 715 941 s.
749 882 958 938 Trinit.
993 880 1274 949 excerpta
1322 887 1397 929 ex
1443 869 1629 958 Clem.
1677 864 2041 937 Protuptg'co.

388 992 424 1033 a
452 956 621 1033 Gent.
655 975 902 1029 Heneto
932 984 1127 1037 verso,
1159 958 1220 1022 et
1250 978 1321 1019 ex
1350 956 1676 1030 Pwdagoyo.

458 1063 827 1121 Vindobonae
880 1062 943 1115 in
1001 1058 1147 1113 bibl.
1206 1052 1422 1110 Caesar.
1456 1051 1519 1105 in
1548 1044 1682 1106 cod.
1714 1056 1949 1109 xmix,
1981 1054 2042 1098 η.

386 1160 441 1226 3,
477 1161 536 1211 et
565 1154 696 1210 cod.
724 1138 779 1221 ι,
809 1155 901 1207 est
926 1149 1073 1220 frag.
1108 1160 1179 1202 ex
1208 1142 1393 1199 Clem.
1430 1139 1739 1200 oratione:
1772 1133 1907 1226 Qui:
1929 1131 2042 1188 sal-

386 1251 549 1303 vetur
575 1245 726 1300 dives
742 1242 773 1298 ?
804 1240 1124 1311 (Lambec.,
1151 1236 1451 1293 Comment.
1477 1245 1562 1293 Ill,
1584 1242 1716 1300 pag.
1745 1225 1868 1292 190,
1892 1238 2044 1294 seq.,

390 1343 449 1392 et
479 1336 623 1398 193.)
683 1364 751 1375 —
808 1330 1035 1387 Monaci
1091 1329 1153 1382 in
1207 1325 1354 1381 bibl.
1414 1323 1642 1389 Bavar.,
1693 1313 1822 1372 cod.
1856 1315 2043 1369 chart.

390 1442 556 1494 CLxx,
583 1429 730 1480 orat.
765 1418 1168 1479 exhortatoria
1226 1415 1299 1470 ad
1359 1415 1592 1468 Graecos
1640 1405 1836 1472 (catal.
1872 1401 2044 1459 codd.

390 1533 523 1591 pag.
556 1518 665 1577 66).
701 1540 768 1554 -
799 1512 1078 1584 Augusta
1106 1503 1339 1561 Vindel.
1380 1503 1729 1591 Stromatum
1757 1495 2049 1591 epitomes

387 1582 707 1678 fragment.
739 1603 801 1657 in
833 1582 964 1656 cod.
998 1613 1071 1654 ex
1100 1612 1216 1667 quo
1248 1590 1523 1673 quaadam
1551 1584 1829 1643 restituta
1866 1582 2048 1678 fuisse

392 1696 455 1752 in
486 1671 581 1749 ed.
615 1690 902 1747 Commel.
963 1671 1294 1742 observavit
1348 1677 1641 1735 Hmschel.
1670 1690 1763 1747 ap.
1798 1671 2050 1735 Reiser.,

395 1801 528 1859 pag.
558 1782 628 1836 37
661 1784 800 1847 cat.,
834 1784 893 1834 et
923 1775 1192 1848 Sylburg.
1252 1772 1315 1827 in
1369 1771 1490 1825 fine
1543 1778 1789 1859 suarum
1820 1765 1943 1859 n_ot_.
1976 1758 2051 1859 ad

2149 594 2205 662 8,
2235 608 2294 665 p.
2339 594 2599 647 1194292.
2625 592 2801 647 HARL.

2222 684 2451 738 Recusa
2470 682 2598 741 haec
2618 680 2800 736 editio
2823 678 3047 735 additis
3068 678 3382 741 Frontonis
3404 677 3601 733 Ducaai
3622 678 3807 747 notis,

2152 772 2340 827 Paris.
2375 774 2535 836 1629,
2566 771 2694 839 fol.,
2728 776 2789 825 et
2814 770 3015 825 minus
3046 767 3363 824 emendate
3398 770 3555 833 1641,
3578 767 3724 824 ibid.
3751 772 3812 824 et

2152 860 2414 927 Coloniae
2445 861 2588 933 (sive
2617 860 2967 934 Witebergee
2997 860 3244 932 potius),
3278 859 3438 928 1688,
3468 856 3574 927 fol.

2227 951 2786 1022 ClementemfAlex.
2812 938 3370 1005 emendatissimum
3394 951 3453 1001 et
3476 950 3717 1002 auctum
3748 963 3811 1002 se

2154 1029 2399 1110 habere,
2420 1028 2493 1095 et
2520 1040 2585 1095 in
2618 1028 2780 1095 notis
2804 1028 2877 1094 ad
2898 1039 3095 1111 ipsum
3125 1037 3493 1094 Clementem
3522 1035 3810 1092 emenda-

2157 1131 2351 1185 tiones
2378 1129 2604 1185 Heinsii
2628 1122 2946 1202 diligenter
2965 1128 3443 1183 examinatumm
3466 1142 3529 1182 se
3550 1127 3695 1182 olim
3722 1131 3814 1182 te-

2159 1224 2349 1275 status
2408 1223 2499 1275 est
2552 1220 2600 1274 J.
2661 1218 2868 1273 Croius
2926 1232 3056 1289 cap.
3117 1217 3179 1271 21
3240 1217 3553 1275 Observa".
3586 1217 3651 1272 in
3678 1215 3811 1272 Nov.

2162 1314 2321 1376 Test.,
2353 1328 2485 1385 pag.
2521 1314 2643 1389 172.
2667 1311 2778 1367 Sed
2802 1310 2909 1367 illa
2933 1310 3260 1366 Clementis
3291 1310 3472 1365 editio
3502 1324 3811 1381 nunquam

2157 1403 2399 1476 prodiit.

2228 1495 2297 1549 In
2326 1492 2689 1549 bibliotheca
2716 1492 2998 1549 Jesuitica
3026 1492 3189 1573 leges
3233 1491 3601 1548 Clementem
3645 1490 3812 1546 Alex.

2159 1584 2319 1659 notis
2369 1584 2730 1640 illustratum
2762 1599 2797 1638 a
2824 1581 3038 1638 Jacobo
3092 1581 3381 1657 Deshans,
3422 1582 3477 1635 S.
3507 1581 3579 1651 J.;
3612 1595 3817 1657 verum

2160 1686 2274 1751 nec
2304 1655 2423 1728 illa:
2454 1678 2609 1755 notae
2640 1671 2816 1728 editae
2850 1678 3009 1728 sunt.
3234 1654 3239 1657 ’
3320 1654 3323 1657 ’
3808 1654 3811 1657 ’

2168 1788 2171 1791 ·
2233 1762 2477 1819 Plenior
2507 1763 2759 1831 caeteris,
2784 1761 3000 1819 cultior
3028 1767 3088 1818 et
3119 1778 3189 1817 ex
3220 1760 3392 1818 codd.
3426 1759 3821 1831 emendatior,

396 1847 686 1930 Clement.
712 1869 902 1937 Alex.,
923 1847 1027 1922 ubi
1056 1877 1294 1949 quoque
1322 1861 1618 1916 memorat
1643 1853 1814 1949 codd.
1833 1852 2050 1949 Palat,
2085 1880 2131 1949 Β
2165 1851 2258 1949 ed.
2291 1868 2428 1908 eum
2458 1850 2994 1949 notis-Cyl—bprgii,
3053 1850 3303 1931 Heinsii,
3363 1848 3540 1906 With.
3596 1847 3823 1949 Lowthi

395 1965 459 2018 in
491 1975 745 2034 quorum
774 1934 895 2012 uno
922 1934 1147 2011 recent.
1182 1934 1296 2007 fuit
1324 1950 1689 2020 Pmdagogm,
1710 1940 1773 1998 in
1794 1943 1931 1998 aliis
1953 1957 2056 1997 ει-
2088 1934 2131 1949 ”
2165 1942 2542 2034 aliorumque
2590 1941 2703 1999 VV.
2764 1941 2881 1997 DD.
2940 1946 3031 1996 est
3085 1956 3120 1996 a
3172 1942 3411 1996 Pottero
3442 1944 3682 1996 curata:
3718 1934 3822 2011 qui

397 2055 601 2123 cerpta
629 2066 644 2115 ;
676 2052 854 2119 atque
886 2044 1016 2101 cod.
1054 2042 1206 2098 Guil.
1241 2037 1552 2111 Xylandri.
1588 2035 1764 2090 ΒΑΜ..

469 2141 667 2195 Graece
698 2135 922 2207 scripta
975 2130 1323 2200 Clementis,
1353 2128 1643 2197 hactenus
1704 2125 2055 2190 memorata,

397 2228 753 2303 prodierunt
776 2241 806 2283 e
834 2222 982 2284 bibl.
1010 2220 1290 2287 Medicae,
1313 2217 1530 2281 collato
1555 2214 1628 2281 ad
1656 2212 2060 2303 Protreptieum

400 2302 460 2375 et
491 2317 869 2388 Paedagogum
900 2313 1082 2373 etiam
1139 2308 1377 2373 Rodulﬁ
1435 2306 1548 2371 Pii.
1605 2302 1891 2369 antistitis
1921 2302 2058 2369 Car:

398 2407 626 2482 pensis,
669 2404 893 2471 codice,
952 2405 1301 2462 recensente
1352 2400 1527 2459 Petro
1580 2392 1865 2482 Victoria,
1890 2390 2061 2482 cujus

401 2478 670 2572 prmfatio
701 2495 776 2553 ad
836 2490 1178 2551 Marcellum
1232 2488 1570 2552 Cervinum,
1603 2480 1971 2572 cardinalem
2003 2478 2059 2531 S.

404 2569 607 2643 Crucis
637 2588 863 2657 (postea
891 2598 1000 2654 per
1027 2594 1149 2639 xxu
1178 2578 1307 2637 dies
1340 2575 1686 2648 pontificem
1731 2573 1879 2627 Max.
1913 2569 2061 2635 Mar-

403 2677 626 2734 cellum
654 2676 749 2741 II),
804 2671 1153 2744 praiﬁgitur,
1218 2665 1533 2729 Florentia
1585 2665 1744 2730 1550,
1791 2659 1894 2725 fol.
1932 2659 2064 2715 Haec

405 2767 587 2825 editio
616 2779 799 2821 manu
829 2761 1069 2835 Iosephi
1096 2756 1377 2830 Scaligeri
1399 2753 1622 2827 passim
1641 2754 1847 2811 notata
1869 2748 1984 2805 fuit
2004 2747 2065 2803 in

405 2855 771 2913 bibliotheca
798 2850 1026 2907 Graevii.
1061 2850 1287 2909 FABRIG.
1320 2842 1660 2915 Exemplar,
1683 2841 1746 2898 in
1767 2836 2066 2901 membra:

407 2947 503 3003 nis
553 2945 937 3015 impressum,
985 2942 1178 2997 existat
1223 2936 1507 2999 Floreat,
1538 2932 1602 2987 in
1631 2929 1778 2995 bibl.
1829 2925 2069 2998 Maglia-y

406 3034 608 3099 bech.,
637 3031 755 3089 vid.
788 3028 1043 3087 Bandini
1092 3032 1204 3085 cat.
1257 3022 1430 3081 codd.
1478 3022 1573 3079 Gr.
1621 3018 1826 3073 Medic.
1860 3033 1898 3083 ι,
1933 3029 2066 3085 pag.

412 3129 498 3193 12,
533 3127 590 3179 et
623 3122 686 3176 in
716 3118 884 3193 praef.
916 3115 1232 3190 prmmissa
1273 3112 1418 3169 edit.
1451 3108 1836 3179 Epistolarum
1863 3104 2066 3193 clarqr.

409 3213 675 3270 Italorum
707 3192 759 3266 et
784 3208 1081 3273 Gnatam,
1129 3208 1269 3272 etc.,
1322 3202 1606 3267 Florent.,
1654 3197 1989 3265 1759,’t0m.
2022 3192 2066 3258 Ι,

411 3321 471 3388 p.
504 3318 641 3381 mi,
673 3304 851 3379 atque
883 3296 1248 3388 Hamberger
1277 3293 1334 3348 Ζ.
1369 3292 1434 3346 Ν.
1469 3306 1532 3388 Ii,
1573 3304 1632 3360 p.
1665 3286 1792 3385 18.9.

414 3371 690 3467 Leidensi
715 3371 805 3444 est
825 3383 1251 3460 exemplar,cui
1278 3377 1572 3449 nonnulla
1596 3373 1872 3447 ascripsit
1892 3371 2070 3437 Hadr.

417 3481 647 3559 Junius.
681 3476 887 3548 (Catal.
918 3474 1089 3542 bibl.,
1122 3491 1179 3545 p.
1215 3472 1325 3531 35.)
1358 3469 1534 3559 Haut.

492 3572 575 3627 Ex
605 3565 956 3629 recensione
988 3569 1048 3620 et
1075 3579 1211 3619 cum
1242 3553 1731 3631 castigationibus
1757 3550 1914 3613 Frid.
1950 3548 2075 3623 Syl-

422 3659 636 3735 burgii.
672 3654 1077 3728 Heidelbergaa
1108 3668 1204 3727 ap.
1233 3646 1582 3723 Commelin.
1638 3644 1797 3709 1592,
1826 3641 1930 3735 fol.

492 3733 697 3807 Latine
727 3745 1111 3817 Prottppticu:
1143 3746 1201 3799 et
1231 3737 1575 3809 Paedayogus
1606 3735 1892 3801 Gentiano
1924 3733 2076 3796 Her-.-

421 3846 574 3907 veto,
608 3842 665 3893 et
715 3834 853 3891 libri
899 3850 1001 3892 γιιι
1053 3831 1394 3907 Stromatum
1423 3826 1665 3898 Cyriaco
1715 3820 2079 3892 Strozza(25)

422 3930 773 4003 interprete,
805 3924 1064 3993 Florent.
1096 3922 1255 3991 1551,
1316 3917 1446 3988 fol.,
1507 3915 1664 3988 apud
1695 3912 2078 3989 Laurentium

424 4016 865 4091 Torrentinum.

498 4104 896 4181 Bratrcpticus,
956 4098 1304 4172 Padagogas
1351 4101 1412 4171 et
1458 4096 1749 4165 Stromqta
1788 4096 1897 4164 (26)
1929 4094 2083 4153 Gen-

427 4198 588 4271 tiano
620 4196 893 4260 HerVeto,
952 4189 1274 4263 Aureliano
1333 4191 1392 4249 et
1442 4184 1720 4245 Ecclesia:
1771 4181 2082 4255 Bernensis

428 4291 636 4359 postea
660 4282 968 4347 canonico,
994 4278 1344 4349 interprete,
1372 4292 1507 4347 cum
1539 4274 1669 4345 ejus
1700 4272 1944 4347 scholiis
1976 4272 2085 4339 Ba-

428 4371 876 4445 sil.1.’556,fol.,
934 4387 1028 4441 ap.
1092 4366 1341 4422 Forben.
1404 4370 1465 4419 et
1526 4366 1685 4429 1566,
1735 4362 1862 4431 fol.,
1897 4360 2076 4416 Paris.

432 4466 591 4531 1566,
622 4464 676 4527 8,
712 4462 849 4515 1572
880 4462 940 4513 et
970 4460 1130 4524 1590,
1162 4454 1291 4519 fol.,
1352 4459 1411 4507 et
1468 4451 1726 4522 denique
1775 4450 1838 4504 in
1875 4448 2084 4504 Biblio-

428 4559 585 4609 theca
614 4553 841 4614 Patrum
889 4543 1245 4617 Lugdunensi
1302 4548 1444 4597 tom.
1504 4542 1603 4609 III,
1634 4542 1921 4638 _a.m1677,
1953 4537 2081 4638 fol.,

2164 2030 2579 2104 Protreplicum
2611 2030 2683 2105 de
2715 2029 2942 2103 integro
2974 2031 3166 2099 vertit,
3201 2031 3263 2086 in
3306 2030 3540 2086 caeteris
3574 2029 3831 2102 castiga-

2165 2122 2264 2191 vit,
2299 2116 2373 2177 ad
2401 2122 2601 2175 Graeca
2658 2118 3216 2192 interpretationem
3275 2119 3530 2188 Herveti,
3586 2118 3829 2189 aliaque

2170 2208 2391 2284 adjecit
2414 2206 2601 2264 utilia.
2638 2209 2740 2263 Est
2769 2206 2970 2264 autem
3001 2208 3293 2281 inscripta
3318 2225 3335 2265 :

2238 2295 2562 2377 μεντος
2591 2330 2660 2340 --
2692 2296 2991 2355 Clementis
3022 2299 3181 2355 Alex.
3217 2299 3390 2379 Opera
3420 2313 3547 2371 quae
3577 2302 3839 2367 exstant,

2170 2391 2453 2460 recognita
2482 2396 2534 2445 et
2566 2387 2856 2443 z'ltustrata
2886 2402 2987 2459 per
3040 2388 3088 2443 Ι.
3150 2389 3452 2467 Potterum,
3486 2387 3836 2459 episc0pum

2173 2480 2590 2538 Oxoniensem.
2624 2477 2856 2542 Oxonii,
2881 2495 2910 2532 e
2935 2478 3166 2532 theatro
3188 2476 3471 2549 Sheldon,
3495 2476 3832 2548 sumpt.Ge.

2174 2566 2483 2634 Mortlock,
2531 2566 2779 2638 bibliop.
2842 2565 3205 2621 Londinens.
3268 2568 3427 2631 1715,
3478 2565 3578 2621 fol.
3616 2563 3840 2619 Addita

2176 2663 2318 2715 sunt
2346 2658 2783 2730 supplementa,
2817 2672 2851 2711 a
2880 2656 3040 2711 Fcllo
3074 2654 3388 2728 Ittigioque
3423 2653 3601 2722 edita,
3635 2658 3692 2708 et
3718 2651 3839 2708 fra-

2175 2756 2416 2825 gmenta
2438 2766 2471 2805 a
2493 2749 2705 2823 Grabio
2729 2746 3290 2818 collecta.Adjectus
3315 2751 3403 2800 est
3424 2744 3658 2800 Herveti
3681 2743 3841 2799 Com-

2175 2844 2347 2895 ment.
2404 2840 2466 2893 in
2529 2838 2661 2909 Opp.
2721 2834 3043 2891 Clementis.
3102 2833 3171 2889 V.
3229 2833 3357 2889 Acta
3388 2831 3546 2888 erud.
3582 2849 3635 2890 a.
3674 2835 3842 2900 1717,

2177 2944 2309 2999 pag.
2342 2930 2432 2991 97,
2467 2942 2599 2996 sqq.
2632 2955 2699 2963 —
2729 2926 2959 2978 Recusa
2988 2927 3079 2977 est
3107 2921 3212 2977 illa
3243 2921 3421 2977 editio
3449 2921 3734 2991 Venetiis,
3759 2937 3837 2976 ex

2180 3021 2406 3087 typogr.
2440 3016 2577 3068 Ant.
2611 3013 2792 3080 Zatta,
2828 3012 2987 3087 1757,
3035 3010 3087 3066 II
3122 3011 3262 3067 voll.
3312 3011 3375 3066 in
3407 3011 3509 3065 fol.
3544 3027 3680 3065 cum
3712 3009 3840 3066 fra-

2179 3102 2436 3176 gmentis
2467 3099 2635 3155 novis
2666 3116 2735 3155 ex
2766 3097 3055 3169 Fabricio,
3109 3116 3174 3153 ac
3228 3096 3357 3153 Vita
3406 3098 3731 3153 Clementis
3764 3113 3840 3152 ex

2179 3200 2341 3249 tomo
2371 3192 2449 3244 IlI
2480 3188 2723 3244 Adriani
2756 3186 2968 3244 Baillet
2994 3188 3309 3260 desumpta
3356 3191 3415 3242 et
3462 3188 3667 3242 Latine
3697 3187 3837 3242 red-

2185 3282 2329 3340 dita.
2363 3279 2668 3351 Fabricius
2693 3281 2893 3335 autem
2922 3277 3276 3351 fragmenta,
3313 3295 3444 3352 quae
3473 3278 3535 3332 in
3568 3276 3841 3349 exemplo

2183 3373 2407 3430 Potteri
2445 3369 2660 3444 partim
2694 3366 3069 3426 solummodo
3101 3370 3299 3424 Grmce
3331 3371 3589 3436 exstant,
3628 3367 3850 3438 partim

2186 3465 2251 3519 in
2283 3480 2351 3519 eo
2384 3461 2820 3537 desiderantur,
2842 3476 2911 3515 ex
2943 3459 3113 3515 codd.
3142 3474 3284 3513 mss.
3311 3462 3432 3514 aut.
3464 3454 3635 3512 libris
3669 3453 3850 3511 editis

2192 3553 2531 3627 collegerat,
2564 3556 2623 3606 et
2642 3552 2735 3607 Gr.
2763 3566 2830 3605 ac
2852 3550 2972 3604 Lat.
2995 3547 3331 3620 publicarat
3347 3546 3421 3601 ad
3444 3545 3671 3601 calcem
3694 3549 3846 3599 tom.

2193 3646 2243 3717 Il
2293 3647 2417 3716 Opp
2463 3640 2760 3719 Hippolyti
2811 3641 2883 3697 ab
2932 3641 3062 3712 ipso
3113 3638 3205 3694 ed.
3268 3653 3398 3710 pag.
3448 3640 3538 3705 66,
3597 3652 3730 3707 sqq.
3783 3666 3853 3675 —

2189 3735 2419 3807 Fragm.
2446 3738 2586 3788 sunt
2605 3744 2841 3804 quoque
2873 3729 2934 3784 in
2969 3726 3262 3785 Callandii
3287 3725 3429 3781 Bibl.
3454 3728 3585 3780 vett.
3612 3723 3846 3779 Patrum

2190 3825 2261 3892 II,
2297 3839 2428 3897 pag.
2465 3823 2585 3876 153.
2621 3822 2795 3875 Ηλιη..

2265 3912 2346 3965 De
2370 3908 2609 3980 scripsit
2627 3904 2952 3963 Clementis
2973 3901 3361 3960 Alexandrini
3385 3897 3845 3972 diligentissime

2195 4001 2313 4075 egit
2343 3999 2617 4065 Nicolaus
2648 3996 2931 4053 Nourrius
2960 3994 3113 4049 libro
3134 3992 3310 4048 tertio
3334 3992 3563 4062 integro
3599 3990 3853 4062 Appara-

2195 4100 2284 4157 tus
2314 4091 2379 4147 ab
2414 4088 2803 4163 Bibliotheca":
2832 4088 3096 4146 Patrum;
3119 4100 3257 4139 nam
3280 4087 3337 4137 et
3359 4080 3631 4153 analysin
3656 4079 3854 4153 singu-

2196 4185 2391 4241 lorum
2420 4186 2556 4259 post
2585 4180 2988 4236 Abrahamum
3018 4176 3369 4242 Scultetum,
3395 4172 3702 4243 Eliamque
3735 4170 3855 4225 Du-

2198 4275 2429 4351 pinium
2454 4268 2617 4339 dedit
2636 4272 3056 4344 pleniorem,et
3078 4266 3148 4321 de
3173 4263 3445 4320 doctrina
3466 4262 3658 4334 ipsius
3681 4267 3860 4331 atque

2201 4362 2273 4423 ad
2303 4364 2464 4421 varia
2491 4361 2814 4421 Clementis
2843 4359 2976 4415 loca
3016 4355 3462 4411 observationes
3490 4368 3705 4425 magno
3736 4366 3856 4404 nu—

2202 4473 2390 4519 mero,
2426 4458 2483 4508 et
2533 4446 3115 4520 Chronographicam
3168 4443 3432 4499 tabulam
3483 4438 3710 4496 addidit
3744 4454 3863 4510 qua

2203 4542 2526 4613 Clementis
2544 4538 2885 4612 supputatio
2900 4551 3035 4590 cum
3054 4532 3389 4588 Euschiana
3408 4536 3466 4585 et
3483 4529 3864 4601 Syncelliana

432 4660 503 4699 ex
534 4642 681 4695 Dan.
715 4612 1397 4708 Heinsii'recognitione,
1451 4635 1512 4685 et
1569 4624 1811 4684 scholiis
1851 4612 2067 4682 Hervet

2195 4637 2516 4716 confertur,
2552 4635 2610 4685 et
2638 4629 2709 4705 de
2742 4624 3104 4691 auctoribus,
3149 4638 3297 4692 quos
3326 4618 3531 4676 laudat
3558 4620 3857 4685 Clemens,

430 4746 694 4788 011115315.

507 4821 704 4876 Greece
738 4821 797 4871 et
826 4814 1028 4887 Latine
1061 4826 1198 4867 cum
1231 4807 1462 4865 Herveti
1504 4808 1776 4885 versione
1807 4824 1914 4885 per
1943 4806 2090 4864 Dan.

392 4908 743 4967 'Heinsium
793 4902 1111 4977 recensita,
1153 4900 1430 4971 notisque
1489 4902 1548 4952 et
1604 4894 2092 4971 castigationibus

434 4999 590 5056 Frid.
622 4992 915 5069 Sylburgii
940 4998 1000 5047 et
1020 4990 1285 5047 Danielis
1309 4988 1554 5054 Heinsii,
1577 4987 1754 5061 Lugd.
1781 4989 1903 5042 Bat.
1932 4989 2090 5063 1616,

435 5088 537 5153 fol.
572 5088 710 5153 Haec
743 5084 898 5155 edito
930 5096 1060 5144 cum
1122 5078 1394 5152 pluribus
1452 5077 1611 5145 notis
1668 5094 1811 5147 mss.
1861 5076 2093 5131 Davidis

438 5172 731 5253 Blondelli
764 5172 878 5253 fuit
919 5172 980 5251 in
1016 5156 1382 5251 bibliotheca
1412 5166 1702 5247 Samuelis
1735 5167 1966 5222 Gruteri
1998 5182 2096 5231 ec:

438 5249 727 5339 clesias'tae
761 5246 1186 5341 Harlemensis.
1224 5248 1227 5249 ⁷
1330 5246 1335 5251 ’

507 5356 691 5412 Clem.
724 5340 889 5435 Alex.
951 5344 1289 5416 AdmOnitio,
1347 5346 1642 5437 Pzedagog.
1693 5347 1951 5427 Stromat.
1986 5349 2094 5405 La-

510 5591 623 5661 (25)
652 5590 924 5661 Papirius
982 5589 1289 5661 Massonus
1351 5582 1604 5661 _Str0z§m
1652 5583 1787 5661 Vita
1838 5590 1981 5661 tom.
2042 5588 2093 5641 ΙΙ

443 5655 698 5733 Ειὸεῐοικ
737 5655 755 5661 ’
811 5701 825 5713 .
856 5662 1001 5726 229;
1034 5659 1308 5727 Stromata
1338 5656 1474 5711 item
1510 5655 1804 5724 Clementis
1844 5658 2091 5722 Alexan—

443 5733 614 5786 drini.
648 5678 960 5786 (uiolatam
983 5742 1108 5786 cum
1155 5734 1312 5786 esset.
1348 5730 1566 5786 primus
1595 5720 1842 5783 omnium
1878 5730 2091 5785 Latini-

438 5730 614 5860 ;iarliifi,
648 5730 960 5859 adolgseem
983 5742 1108 5786 cum
1155 5734 1312 5799 esset,
1344 5730 1566 5800 primus
1595 5730 1842 5792 omnium
1878 5730 2092 5785 Latini-

521 5821 550 5860 ε
616 5820 787 5860 onavt
811 5844 824 5857 .

2195 4709 2511 4800 copiosius.
2537 4716 2839 4776 disseruit.
2877 4713 3064 4769 Paris.
3121 4712 3279 4777 1703,
3331 4709 3435 4765 fol.
3467 4726 3526 4781 p.
3559 4711 3857 4762 622—1362.

2202 4796 2347 4872 Vide
2379 4812 2558 4869 etiam
2589 4825 2720 4882 qua)
2743 4806 2815 4861 de
2840 4801 3167 4859 Clementis
3188 4798 3462 4855 doctrina
3490 4798 3714 4853 notavit
3733 4796 3863 4852 Itti-

2202 4906 2331 4989 gius
2363 4903 2425 4957 in
2458 4886 2695 4965 selectis
2725 4894 2865 4965 Hist.
2898 4893 3087 4949 eccles.
3115 4889 3430 4988 capitibus,
3460 4891 3601 4989 sect.
3624 4884 3695 4957 II,
3724 4904 3856 4959 pag.

2203 4976 2328 5063 230,
2361 5010 2449 5065 sq.
2485 4991 2654 5047 FABR.
2688 4986 2790 5052 Iis,
2828 5001 2957 5056 qua)
2991 4997 3125 5036 cum
3156 4978 3379 5065 pass-im
3413 4977 3486 5031 ad
3516 4976 3628 5031 hoc
3660 4980 3856 5065 caput,

2204 5062 2331 5139 tum
2362 5062 2431 5137 in
2452 5076 2676 5155 Introd,
2713 5074 2772 5127 in
2805 5070 2940 5126 Hist.
2980 5070 3095 5133 Lat.
3133 5062 3220 5123 Gr.
3257 5062 3327 5133 ΙΙ,
3357 5068 3409 5134 2,
3443 5078 3573 5135 pag.
3609 5065 3736 5131 209,
3768 5063 3859 5117 in-

2204 5173 2388 5230 dicavi
2425 5169 2665 5241 scripta,
2698 5164 2835 5221 addi
2866 5166 3156 5235 possunt:

2273 5263 2317 5316 Ι.
2355 5263 2424 5319 G.
2462 5255 2721 5313 Walchii
2742 5251 3058 5309 Exercitat.
3082 5248 3155 5302 de
3177 5246 3481 5321 Clemente
3500 5243 3672 5298 Alex.
3702 5241 3862 5312 ejus-

2203 5369 2318 5426 que
2346 5328 2671 5427 erroribus',
2699 5345 2854 5400 lente
2881 5339 3045 5407 1737,
3077 5339 3130 5409 4,
3161 5351 3280 5390 rec.
3336 5334 3397 5388 in
3451 5330 3721 5404 ejusdem
3759 5326 3862 5384 Mi-

2274 5587 2384 5658 (26)
2416 5586 2484 5638 In
2516 5579 2789 5658 gentiani
2810 5575 3084 5658 yersione
3115 5567 3655 5658 etcommentariis
3680 5565 3865 5658 'pII‘u'r'a

2201 5634 2589 5732 reprehendit
2604 5634 3274 5732 oppriuanue‘m‘yide
3299 5634 3859 5732 ΑρρανατιᾳἸαιί-Βὶὺι.

2205 5710 2459 5797 etiam,
2494 5741 2625 5797 pag.
2659 5727 2765 5779 902
2796 5738 2886 5791 sq.
2911 5710 3003 5790 '[et
3032 5718 3306 5771 Potterus
3338 5710 3399 5767 in
3427 5710 3640 5785 prmf.].
