4142 6390
377 394 451 448 23
1004 410 1007 413 ·
1612 392 1955 448 CLEMENS
1997 394 2037 443 Α

2162 387 2583 450 KANDRINUS.
3741 403 3811 457 24

375 535 627 575 sermone
673 516 1004 575 declaravit.
1060 517 1161 575 Ubi
1213 517 1391 572 multa
1467 514 1688 586 quidem
1735 513 2036 583 subtiliter,
2068 517 2120 580 Α
2153 516 2374 588 Cangii.
2438 518 2491 572 S.
2544 521 2832 578 Maximus
2887 524 2967 579 ad
3027 524 3272 598 Dionys.
3333 526 3815 595 c.1Demystica

377 609 469 665 sed
496 609 692 680 aliqua
714 610 954 664 incaute
1015 607 1231 664 locutus
1259 612 1339 661 est
1372 622 1391 658 :
1441 619 1570 677 quae
1597 618 1697 657 nos
1737 606 1816 659 ita
1855 612 2042 657 trans-

379 697 524 770 ferri
550 699 782 767 fecimus
812 699 874 752 in
905 698 1189 763 Latinum,
1221 705 1282 750 ut
1328 695 1571 750 exclusis
1605 692 1931 764 quibusdam
1961 700 2043 762 af-

382 786 689 861 fendiculis
707 787 1009 858 puriﬁcata
1039 786 1296 841 doctrina
1336 784 1460 851 eius
1489 784 1737 838 securim-
1783 782 2048 853 potuisset

383 877 632 933 hauriri.
659 876 1029 931 Clementem
1061 875 1124 930 in
1177 878 1601 946 Hypotypaseon
1651 871 1822 926 libris
1866 870 2045 927 etiam

381 965 678 1038 Epistolas
708 965 1032 1021 catholicas
1061 965 1520 1036 interpretatum
1549 963 1843 1016 testantur
1868 962 2048 1015 Euse-

382 1055 518 1110 bius
548 1057 725 1124 ιν,14,
755 1055 893 1111 Hist.
926 1059 987 1110 et
1006 1054 1252 1109 Photius
1282 1052 1535 1108 cod.c1x.
1568 1049 1903 1105 Verisimile
1934 1050 2048 1121 igi-

393 1150 583 1212 est,ex
614 1143 718 1198 illo
752 1160 931 1216 opere
963 1143 1076 1215 (31)
1116 1140 1559 1207 Cassiodorum,
1590 1138 2049 1194 Adumbrationes

388 1234 597 1298 hasce,
629 1249 745 1304 quo
776 1234 906 1305 ipso
936 1233 1089 1288 forte
1120 1230 1406 1287 vocabulo
1437 1231 1705 1284 Graecum
1736 1226 2049 1280 ’Υποτυπώ-

385 1340 521 1375 σεων
554 1322 887 1393 exprimere
919 1321 1124 1388 voluit,
1157 1317 1559 1391 excerpendas
1603 1334 1866 1385 curasse,
1899 1333 2047 1388 quas

384 1413 589 1468 Latine
636 1413 867 1485 Ittigius
898 1412 1062 1467 dedit
1106 1416 1241 1483 post
1287 1410 1580 1464 editiones
1611 1409 1675 1463 in
1697 1408 2049 1463 Bibliothecis

379 1503 637 1569 Patrum,
667 1502 834 1557 Paris
868 1503 1003 1556 1575
1024 1506 1195 1568 (tam.
1230 1501 1300 1553 VI
1340 1501 1470 1555 Par.
1514 1497 1667 1554 1576.
1699 1497 1852 1571 fol.),
1883 1498 2044 1563 1589,

386 1592 547 1659 1654,
600 1595 661 1646 et
716 1589 897 1664 Lugd.
958 1591 1117 1657 1677,
1153 1594 1213 1644 et
1234 1594 1369 1660 post
1392 1587 1715 1643 editionem
1746 1587 2044 1642 Oxonien-

384 1696 514 1761 sem
544 1679 619 1735 ad
649 1679 878 1735 calcem
904 1678 1040 1733 libri
1075 1680 1149 1733 De
1175 1677 1353 1733 divite
1380 1676 1645 1732 salvando
1674 1676 1831 1741 1683,
1862 1675 1931 1731 12
1959 1675 2046 1746 (in

386 1768 480 1827 ed.
504 1769 726 1825 Potteri
757 1784 894 1840 pap.
933 1768 1095 1833 1006,
1130 1773 1308 1838 sqq.).

2155 605 2348 673 theal.,
2412 609 2499 675 17,
2562 616 2622 664 et
2660 611 2746 666 Jo.
2804 614 3077 671 Moschus
3131 616 3193 671 in
3250 619 3422 671 Prata
3496 616 3810 688 spirituali,

2156 709 2262 765 cap
2322 695 2747 768 176(33),quem
2780 700 2998 769 locum,
3024 719 3159 757 cum
3190 703 3498 760 laudasset
3523 704 3813 759 Baronius

2157 782 2231 837 ad
2252 784 2318 838 A.
2344 785 2404 838 C.
2438 784 2528 854 31,
2562 803 2624 842 n.
2654 790 2745 857 40,
2779 795 2844 844 ut
2875 791 3159 862 probaret
3212 794 3455 849 Petrum
3500 810 3535 849 a
3582 794 3814 848 Christo

2155 870 2516 944 baptizatum
2548 878 3033 942 esse,Richardus
3059 883 3455 938 Montacutius
3485 882 3590 938 lib.
3614 899 3656 939 ιι
3686 884 3818 939 Ori-

2156 963 2349 1031 ginum
2369 965 2553 1020 eccles.
2587 982 2720 1040 pag.
2744 969 2814 1022 52
2848 986 2862 1024 :
2892 972 2977 1026 En
3008 972 3313 1040 tibicinem,
3344 973 3562 1044 inquit,
3591 974 3816 1029 ruitura

2156 1051 2370 1120 alioqui
2387 1055 2602 1122 parieti
2630 1057 2653 1110 ]
2681 1056 2925 1114 Clemens
2968 1058 2996 1112 ὁ
3048 1057 3378 1131 πολυμαθής
3420 1063 3725 1117 adnotatur
3756 1065 3816 1118 in

2150 1145 2341 1208 partes
2369 1158 2439 1195 ea:
2460 1144 2958 1218 Hypotyposibus,
2980 1149 3074 1204 sed
3103 1152 3304 1205 citatus
3334 1167 3370 1205 a
3398 1151 3708 1222 Sophronia
3757 1155 3816 1207 in

2156 1230 2331 1284 Prata
2389 1231 2706 1302 spirituali.
2761 1238 2946 1306 Neque
2995 1241 3140 1294 enim
3196 1241 3473 1297 Baranius
3505 1242 3816 1309 Clementis,

2158 1319 2340 1389 credo,
2366 1322 2509 1376 vidit
2563 1324 2994 1397 Hypotyposes.
3030 1328 3187 1382 Certe
3214 1345 3475 1399 magnum
3506 1336 3669 1385 auter
3698 1331 3815 1385 Cle-

2157 1424 2327 1478 mens,
2356 1409 2484 1466 licet
2511 1414 2676 1469 nimis
2708 1416 2983 1471 interdum
3013 1419 3266 1473 credulus
3316 1423 3653 1490 apacryticis
3680 1437 3817 1476 nar-

2158 1500 2463 1557 rationibus
2494 1508 2545 1557 et
2599 1505 2910 1561 rumoribus
2966 1507 3036 1561 ab
3088 1510 3298 1563 incerta
3357 1510 3673 1565 traditione.
3719 1510 3818 1565 Se-

2156 1588 2334 1642 eundo
2364 1592 2679 1647 criticorum
2737 1595 2967 1665 quidam
3021 1599 3447 1654 nominatissimi
3504 1614 3637 1668 opus
3675 1599 3821 1653 illud

2158 1676 2614 1761 Hypotypeseon
2638 1699 2748 1738 non
2781 1685 2977 1740 lectum
3011 1686 3119 1741 sibi
3146 1690 3321 1742 visum
3352 1686 3468 1758 (sed
3499 1686 3623 1761 περὶ
3649 1686 3823 1742 παντὸ

2158 1759 2315 1830 ὄντος
2342 1767 2432 1821 καὶ
2462 1770 2539 1841 μὴ
2574 1769 2732 1835 ὄντος
2750 1776 3015 1845 judicant
3045 1776 3251 1849 critici)
3278 1778 3545 1832 devacant
3573 1759 3635 1832 in
3665 1792 3822 1848 qua?—

456 1858 511 1913 3.
543 1859 869 1927 Fragmenta
897 1856 1223 1911 Clementis
1253 1855 1419 1910 Alex.
1449 1872 1483 1910 a
1503 1855 1589 1910 Jo.
1612 1853 1775 1909 Fello
1798 1854 2049 1910 collecta
2079 1875 2126 1940 Β
2155 1858 2406 1912 stionem.
2443 1861 2601 1923 Quod
2655 1864 2704 1917 si
2748 1869 3007 1932 exstaret,
3068 1865 3369 1936 multiplici
3416 1867 3621 1937 procul
3648 1866 3820 1921 dubia

393 1964 465 2003 ex
500 1947 719 2002 Nicetes
750 1946 813 2000 in
863 1945 1076 2001 Jobum
1107 1949 1166 2000 et
1193 1944 1556 2000 Corderiana
1584 1944 1645 1998 in
1670 1943 1905 1999 Lucam.
1941 1944 2046 1999 Ca-

390 2041 551 2104 tena,
577 2034 794 2107 quibus
824 2034 943 2090 alia
972 2034 1201 2106 Ittigius
1232 2033 1464 2090 addidit
1492 2038 1617 2088 tum
1649 2050 1720 2089 ex
1750 2032 1960 2089 eadem
1990 2033 2052 2088 in

386 2126 627 2194 Jobum,
655 2130 783 2181 tum
811 2143 881 2180 ex
915 2126 1132 2180 Nicetes
1191 2126 1253 2179 in
1307 2125 1646 2180 Matthaeum
1678 2125 1920 2192 Catena,
1980 2141 2052 2180 ex

391 2216 650 2273 Eusebio
706 2217 850 2273 item
899 2220 1075 2287 atque
1105 2216 1488 2272 (Ecumenio.
1545 2216 1646 2270 His
1677 2217 2048 2286 caeterisque,

392 2324 524 2379 quae
556 2307 619 2362 in
649 2306 1000 2379 prmfatione
1024 2306 1207 2362 etiam
1239 2311 1443 2361 monet
1499 2305 1881 2378 adjungenda
1898 2321 2049 2367 esse,

390 2395 530 2456 addi
555 2402 753 2468 potest
780 2395 1179 2469 fragmentum
1229 2395 1573 2463 Clementis,
1605 2394 1764 2466 quod
1807 2393 2053 2449 exhibet

386 2487 615 2540 Catena
638 2485 701 2540 in
723 2484 1217 2553 Pentateuchum,
1250 2485 1452 2540 Latine
1482 2483 1640 2539 edita
1671 2500 1705 2537 a
1734 2482 2047 2538 Francisco

391 2574 680 2647 Zephyro,
712 2591 772 2647 p.
809 2574 932 2643 146,
963 2572 1105 2629 licet
1132 2572 1472 2629 consimilia
1501 2572 1939 2644 quodammodo
1970 2571 2051 2626 le-

383 2667 601 2736 gantur
624 2680 655 2717 v
685 2662 910 2730 Strom.,
944 2679 1074 2735 pag.
1105 2663 1251 2718 561v:
1296 2662 1503 2719 Nomen
1558 2660 1703 2717 illud
1748 2663 2047 2733 mysticum

384 2752 527 2825 quod
557 2755 749 2809 vacant
780 2760 1321 2825 tetragrammaton,
1342 2768 1447 2824 quo
1477 2760 1693 2807 tantum
1723 2751 2046 2808 munieban-

384 2851 476 2898 tur
496 2842 815 2914 illi,quibus
847 2841 1076 2914 adytum
1104 2844 1360 2914 pervium
1408 2849 1546 2907 erat,
1593 2846 1753 2897 sonat
1781 2840 2044 2912 Jehovah,

383 2934 529 3003 quod
558 2930 970 3002 interpretatur
998 2930 1100 3001 qui
1123 2934 1213 2985 est
1237 2934 1297 2985 et
1325 2932 1427 3000 qui
1460 2930 1573 2984 erit
1599 2947 1615 2996 ;
1644 2929 2047 2986 candelabrum

384 3018 693 3092 vero,quad
723 3020 1027 3076 australem
1051 3018 1298 3091 plagam
1328 3019 1575 3074 adstabat
1604 3018 2042 3090 altaris,septem

379 3110 638 3183 planetas
659 3109 1056 3182 referebat,qui
1083 3124 1184 3180 per
1210 3107 1589 3164 meridianam
1618 3108 1905 3179 regionem
1933 3107 2044 3163 cir—

383 3200 608 3270 cumagi
652 3199 811 3255 nobis
839 3197 1122 3268 videntur,
1144 3198 1239 3253 cui
1267 3200 1412 3253 terni
1440 3196 1701 3269 utrinque
1729 3198 1885 3252 rami
1911 3212 2045 3252 con-

381 3291 637 3361 surgunt,
667 3291 931 3361 quoniam
951 3289 1031 3343 sol
1060 3289 1222 3359 quasi
1266 3287 1665 3344 candelabrum
1695 3285 1894 3341 mundi
1932 3302 2043 3342 me-

386 3379 521 3434 dius
542 3380 689 3434 inter
716 3378 860 3433 alios
871 3377 1128 3448 planetas
1155 3376 1351 3431 divina
1377 3377 1655 3447 sapientia
1687 3372 1921 3431 libratus
1941 3391 2043 3431 sua

386 3469 508 3524 luce
532 3466 849 3539 superiores
880 3466 1083 3522 lustrat
1109 3468 1161 3519 et
1192 3466 1506 3536 inferiores.
1538 3465 1617 3520 Ad
1646 3464 1881 3521 alteram
1909 3482 2044 3536 par—

382 3560 494 3639 tem
524 3557 700 3627 ipsius
729 3570 850 3613 arte
866 3556 1043 3627 posita
1064 3562 1185 3609 erat
1210 3570 1419 3622 mensa,
1452 3555 1513 3609 in
1561 3570 1673 3626 qua
1706 3570 1878 3626 panes
1911 3570 2039 3625 pra-

385 3645 754 3719 panebantur,
785 3646 930 3717 quod
955 3660 1026 3700 ex
1057 3660 1122 3699 ea
1146 3646 1307 3715 parte
1320 3642 1449 3698 cali
1475 3644 1642 3713 ﬂatus
1670 3643 1828 3700 nobis
1844 3645 2042 3700 vitales

382 3741 437 3793 et
464 3735 605 3791 almi
632 3735 942 3805 adspirent.
992 3734 1162 3788 FABR.
1195 3734 1331 3788 Hac
1364 3738 1423 3787 et
1466 3732 1640 3805 plura
1666 3733 1805 3802 alia,
1835 3751 1869 3789 a
1897 3736 2043 3789 Gra-

372 3826 486 3899 bio
509 3826 782 3892 collecta,
815 3825 995 3881 etiam
1017 3824 1265 3896 id,quod
1297 3822 1464 3879 Fabr.
1500 3825 1560 3880 h.
1585 3824 1624 3879 l.
1659 3825 2041 3897 produxerat,

380 3916 764 3988 reperiuntur
807 3914 870 3970 in
925 3916 1109 3970 Oxon.
1160 3914 1381 3969 Potteri
1438 3914 1578 3970 edit.
1630 3932 1688 3987 p.
1743 3918 1872 3971 1011
1910 3933 2041 3988 sqq.

379 4005 641 4061 Editioni
674 4006 910 4060 Venetas
941 4005 1161 4060 Potter.
1199 4021 1287 4075 ea,
1322 4020 1453 4074 quae
1485 4004 1868 4074 Fabric,calci
1899 4005 2040 4061 edit.

384 4111 507 4150 sua:
530 4093 831 4166 Hippolyti
862 4093 1181 4166 adjecerat,
1215 4108 1346 4149 esse
1374 4093 1783 4166 addita,supra
1804 4111 1898 4151 me
1915 4096 2038 4169 jam

382 4198 630 4239 monere
670 4182 942 4238 memini.
969 4182 1147 4237 Hann.

737 4342 964 4414 Scripta
1022 4342 1315 4400 Clementis
1372 4342 1680 4415 deperdita.

457 4471 507 4525 1.
539 4472 965 4539 Hypatyposean
1023 4469 1134 4541 (32)
1193 4469 1314 4524 sive
1374 4469 1935 4542 compendiosarum
1984 4472 2040 4528 S.

379 4557 698 4629 Scriptura)
739 4557 1184 4612 enarrationum
1215 4557 1350 4613 libri
1380 4560 1527 4613 VIII.
1563 4574 1634 4614 ex
1663 4559 1879 4630 quibus
1934 4577 2038 4631 pe-

2162 1945 2437 2015 doctrina,
2468 1956 2531 2003 ut
2580 1950 2673 2005 ille
2724 1951 2868 2007 alter
2919 1949 3084 2027 λόγος
3141 1958 3516 2028 πρωματεῖος
3547 1970 3645 2011 nos
3675 1971 3826 2010 crea-

2160 2041 2264 2090 ret.
2296 2036 2405 2092 Sed
2431 2053 2503 2092 an
2536 2039 2628 2093 ille
2686 2043 3106 2111 antiquissimus
3146 2050 3198 2097 et
3227 2045 3627 2100 eruditissimus
3657 2046 3827 2099 Pater

2160 2124 2269 2178 tale
2298 2126 2517 2195 aliquid
2542 2128 2796 2184 retulerit
2825 2131 2885 2184 in
2919 2131 3421 2202 Hypatyposibus,
3453 2139 3569 2186 tum
3599 2133 3823 2187 tandem

2158 2212 2677 2282 intelligemus,cum
2729 2219 2920 2272 Patres
2970 2219 3257 2273 Sacietatis
3307 2236 3420 2289 qua
3470 2235 3679 2275 summa
3694 2221 3826 2290 pol-

2161 2300 2272 2356 lent
2302 2305 2490 2371 gratia
2528 2311 2581 2358 et
2623 2306 2957 2361 auctoritate
3013 2308 3167 2377 apud
3213 2308 3542 2364 hodiernum
3563 2311 3821 2379 patriar-

2160 2389 2319 2445 cham
2348 2391 2817 2463 Alexandrinum,
2859 2395 3002 2451 illud
3029 2413 3165 2467 opus
3211 2398 3545 2453 tessellatum
3574 2401 3634 2452 in
3664 2414 3824 2453 usum

2151 2479 2438 2550 publicum
2457 2482 2710 2538 Ecclesia:
2743 2485 3184 2555 impetraverint.
3216 2487 3500 2542 Scribebat
3531 2488 3679 2542 enim
3711 2487 3823 2541 ali-

2158 2571 2385 2640 quando
2414 2572 2766 2629 dactissz-mus
2827 2577 3022 2630 Fronto
3083 2575 3285 2631 litteris
3332 2577 3405 2630 ad
3457 2576 3823 2632 clarissimum

2156 2660 2433 2717 Savilium
2485 2663 2682 2732 missis,
2746 2666 2900 2735 apud
2965 2665 3125 2721 illum
3172 2665 3564 2737 patriarcham
3619 2665 3823 2722 librum

2157 2750 2302 2806 hunc
2324 2759 2560 2807 exstare.

2228 2873 2283 2923 2-
2338 2867 2685 2943 Σύγγραμμα
2745 2868 3076 2943 Κλήμεντος
3138 2874 3237 2925 τοῦ
3319 2871 3695 2945 Στρωματὲως
3744 2872 3824 2938 εἷς

2154 2958 2247 3011 τὸν
2272 2960 2562 3031 προφήτην
2625 2959 2818 3032 Ἀμώς
2864 2966 3159 3018 memorat
3188 2962 3491 3019 Palladius
3533 2965 3596 3020 in
3627 2964 3820 3020 Histo-

2154 3063 2247 3101 για
2270 3049 2562 3115 Lausiaca,
2597 3064 2726 3121 pag.
2756 3050 2856 3103 147
2883 3050 3022 3106 edit.
3053 3052 3310 3106 Meursii.

2225 3162 2277 3215 3.
2317 3159 2447 3232 Περὶ
2477 3162 2760 3234 προνοίας,
2795 3181 2866 3219 ex
2892 3181 3009 3235 quo
3032 3164 3365 3238 fragmenta
3420 3168 3576 3239 apud
3607 3169 3661 3223 S.
3698 3170 3816 3224 Ma-

2073 3246 2117 3314 C
2154 3250 2381 3305 ximum
2413 3256 2555 3306 tom.
2590 3252 2639 3305 ΙΙ
2687 3253 2859 3324 Opp.,
2894 3270 3023 3326 pag.
3060 3255 3183 3322 144,
3214 3258 3336 3323 152,
3370 3256 3634 3327 itemque
3655 3255 3820 3312 aliud

2153 3358 2225 3397 ex
2253 3357 2397 3397 mss.
2428 3343 2569 3415 Reg.
2603 3342 2761 3415 apud
2794 3344 3133 3411 Nourrium,
3166 3362 3302 3419 pag.
3338 3347 3474 3402 1336
3507 3365 3597 3418 sq.
3622 3350 3820 3419 Appa-

2150 3439 2304 3489 ratas
2356 3433 2433 3488 ad
2484 3432 2632 3488 Bibl.
2693 3436 2943 3491 Patrum.
2997 3437 3414 3510 Fragmentum
3470 3439 3703 3511 insigne
3748 3458 3820 3497 ex

2153 3522 2338 3577 Clem.
2421 3523 2741 3579 Alexandr.
2804 3524 2956 3580 libro
3016 3543 3035 3580 1
3091 3523 3354 3600 προνοίας
3423 3533 3614 3583 exstat
3660 3531 3820 3601 apud

2152 3615 2424 3667 Anastas.
2469 3613 2755 3669 Sinaitam
2809 3620 3020 3685 quiest.
3079 3633 3225 3672 xcvn.
3260 3617 3430 3672 ῈΑΒΡ..
3468 3646 3523 3657 --
3553 3618 3718 3691 Frag.
3754 3621 3819 3675 in

2151 3703 2304 3756 Patt.
2340 3701 2480 3757 edit.
2514 3718 2645 3775 pag.
2683 3702 2843 3763 1016.
2894 3720 3009 3775 sq.,
3060 3735 3129 3745 —
3155 3711 3215 3760 et
3238 3706 3300 3759 in
3350 3705 3605 3777 append.
3640 3707 3812 3762 Fabr.

2150 3792 2214 3845 in
2247 3790 2385 3845 edit.
2421 3792 2660 3846 Veneta.
2693 3793 2760 3847 In
2791 3791 2922 3850 cod.
2947 3794 3515 3850 Laurent.Med.esse
3537 3803 3817 3868 excerpta

2154 3897 2226 3936 ex
2254 3880 2440 3935 Clem.
2471 3896 2749 3936 sermone
2805 3883 2882 3937 De
2930 3884 3321 3954 providentia,
3381 3901 3454 3940 ex
3484 3885 3735 3941 Bandin.
3773 3905 3814 3956 ι,

2151 3986 2285 4043 pag.
2321 3969 2446 4039 402,
2482 3986 2664 4042 supra
2680 3972 2811 4043 jam
2836 3971 3269 4028 adnotavimus.
3306 3974 3482 4028 ΒΑΜ..

2226 4087 2275 4141 4.
2339 4083 2471 4158 Περῖ
2530 4082 2627 4139 τοῦ
2696 4084 2890 4161 Πάσχα
2948 4084 3307 4162 σύγγραμμα.
3363 4089 3576 4145 Euseb.
3625 4107 3698 4158 ιν,
3719 4092 3814 4162 26,

2152 4194 2227 4245 γι,
2259 4176 2327 4230 13
2360 4193 2373 4243 ;
2408 4176 2566 4232 Hier.
2600 4178 2677 4232 De
2705 4178 2877 4247 scrip.
2908 4178 3116 4246 eccles.,
3152 4195 3202 4247 c,
3236 4179 3305 4232 38
3333 4197 3349 4248 ;
3382 4179 3692 4236 Phot.cod.
3726 4198 3814 4237 III.

2152 4267 2506 4339 Fragmenta
2535 4266 2595 4320 in
2629 4265 2899 4321 Chronica
2952 4268 3138 4324 Alea.
3168 4283 3301 4341 pag.
3345 4271 3375 4321 7
3409 4268 3551 4324 edit.
3577 4270 3811 4343 Cangii.

2153 4358 2224 4410 Et
2252 4356 2316 4410 in
2367 4354 2590 4410 Petavii
2657 4356 3015 4426 Uranolagia,
3076 4372 3207 4430 pag.
3245 4358 3369 4411 :11.
3398 4358 3464 4411 In
3514 4359 3626 4413 hoc
3657 4359 3812 4415 libro

2152 4449 2425 4511 testatus,
2449 4443 2701 4499 Eusebio
2734 4444 3025 4509 teste,fuit
3053 4445 3349 4515 Clemens,
3376 4462 3439 4501 se
3463 4462 3497 4502 a
3526 4448 3813 4504 fratribus

2153 4534 2431 4589 adactum
2461 4534 2534 4588 ad
2568 4533 2788 4605 scripto
2822 4534 3263 4606 consignandas
3287 4530 3635 4608 παραδόσεις,
3662 4555 3812 4609 quas

380 4649 491 4703 tita
510 4619 969 4717 videnturque:
990 4646 1287 4717 hodieque
1309 4619 2039 4720 exstant,excerptaTh‘ea-
2069 4619 2117 4684 Β
2148 4621 2685 4720 δδ,εξηιίξῐηίοῗὲἒ)ιξεξ
2750 4623 3501 4720 PPBSbyterlsuacceperat'
3535 4627 3647 4720 ΡΨ
3703 4628 3811 4720 illis

376 4735 594 4803 doti,et
619 4732 1121 4790 Adumbrationes
1139 4734 1201 4789 in
1232 4735 1463 4806 aliquot
1482 4736 1776 4807 Epistolas
1789 4737 2041 4792 catholi-

381 4840 502 4892 cas,
534 4829 602 4878 ut
621 4823 750 4895 jam
784 4822 926 4878 dixi.
962 4823 1231 4878 Meminit
1294 4822 1510 4879 Euseb.
1544 4841 1587 4892 ι,
1624 4825 1711 4894 12,
1736 4842 1800 4893 ιι,
1836 4828 1886 4894 1,
1919 4830 1951 4881 9
1983 4832 2041 4883 et

380 4917 468 4981 15,
493 4918 552 4969 et
581 4929 658 4979 VI,
713 4911 781 4967 13
835 4917 896 4967 et
937 4913 1026 4982 14,
1068 4911 1240 4983 Hist.,
1274 4912 1511 4968 Hieron.
1572 4914 1634 4968 in
1667 4914 1952 4985 Catalaga,
1985 4933 2035 4971 c.

375 5003 465 5074 38,
489 5001 737 5057 Photius
767 4999 896 5056 cod.
927 5016 1041 5066 cxx,
1073 5017 1186 5055 CXI.
1219 5001 1570 5073 Fragmenta
1595 5020 1665 5058 ex
1682 5003 1803 5059 illis
1826 5009 2042 5076 praeter

378 5090 702 5148 Eusebium
733 5089 880 5145 locis
910 5088 1170 5144 laudatis
1197 5090 1693 5148 etCEcumenium
1723 5092 1786 5148 in
1804 5093 2036 5165 Episto-

379 5180 469 5237 las
498 5180 691 5248 Pauli,
752 5179 1004 5235 servavit
1060 5178 1375 5236 Chranicon
1432 5181 1598 5237 Alex.
1659 5199 1718 5255 p.
1750 5184 1856 5239 224
1895 5182 2038 5238 edit.

455 5440 763 5513 (31)Levia
793 5443 1145 5514 solitaque;
1205 5441 1565 5514 conjecturae
1605 5441 1747 5497 huic
1795 5443 2043 5514 opponit

381 5510 689 5585 Noiurrius,
712 5528 847 5585 pag.
882 5510 1041 5585 1320.

453 5583 570 5654 (32)
600 5584 681 5639 De
711 5581 824 5637 hoc
852 5581 1160 5654 vocabulo,
1190 5583 1350 5654 quod
1402 5582 1642 5654 brevem
1699 5589 1760 5639 et
1805 5585 2043 5641 succin-

384 5652 541 5739 εξιειτι
571 5658 727 5735 (que
780 5653 1132 5739 sempensie
1188 5652 1255 5739 6t.
1303 5653 1377 5739 (ἐς
1412 5652 1470 5739 εγ.
1507 5653 1667 5739 τὲπφ
1689 5657 2041 5739 ﬁneseor-

384 5726 612 5781 tionem
645 5725 960 5797 signiﬁcat,
1007 5725 1260 5798 dixiad
1316 5726 1475 5782 Sexti
1534 5725 1813 5798 EmpiriCi
1853 5725 2039 5784 libras

386 5796 846 5871 HypotypoSean
872 5796 1356 5866 Pyrrhoniarum.

2151 4713 2335 4768 nolim
2367 4711 2871 4767 Constitutionum
2910 4712 3370 4784 apostolicarum
3403 4730 3552 4786 opus
3588 4717 3809 4772 intelli-

2149 4817 2285 4875 gere
2311 4816 2447 4855 cum
2477 4799 2821 4856 doctissimo
2836 4802 3145 4875 Beveregio
3171 4821 3185 4867 ;
3210 4802 3313 4858 sed
3344 4803 3493 4858 illud
3516 4805 3710 4877 ipsum
3737 4806 3810 4862 de

2150 4890 2434 4946 Paschate
2468 4907 2638 4962 opus,
2667 4890 2730 4946 in
2764 4908 2880 4963 quo
2909 4891 3263 4948 traditiones
3294 4895 3705 4966 antiquiorum
3737 4896 3809 4951 de

2149 4979 2262 5034 hoc
2292 4985 2643 5052 argumento
2676 4983 3385 5055 exposuerat.[Fragm.in
3416 4983 3636 5039 Potter.
3663 4984 3805 5040 edit.

2148 5085 2281 5142 pag.
2317 5069 2500 5142 1017.]

2220 5186 2275 5241 5.
2336 5181 2612 5255 Διαλὲξεις
2662 5183 2786 5260 περὶ
2841 5185 3115 5256 νηστείας.
3178 5188 3415 5244 Hieron.
3458 5190 3535 5244 De
3579 5191 3808 5261 jejunio

2223 5445 2337 5518 (33)
2366 5446 2803 5522 Fragmenta}.
2823 5445 2902 5522 in
2932 5445 3101 5522 praef.
3135 5444 3313 5518 Ittigii
3345 5445 3625 5522 adqsuum
3658 5450 3802 5522 Sup-

2152 5514 2452 5591 plement:
2472 5514 2531 5572 et
2561 5514 2702 5591 edit.
2728 5514 3190 5591 PotterTQxan.,
3221 5514 3351 5590 pag.
3392 5518 3715 5591 101153qu
3736 5514 3807 5576 ὀι

2195 5538 2437 5572 lenient.
2472 5538 2531 5572 et
2561 5538 2702 5570 eun.
2730 5538 2949 5572 reuer.
2971 5538 3190 5585 uxon.,
3221 5538 3351 5590 pag.
3392 5538 3528 5574 luu-
3558 5538 3626 5591 sq
3676 5564 3715 5587 .,
3747 5538 3807 5576 et

2194 5589 2480 5661 ag.A1023_.
2514 5617 2584 5628 —
2638 5588 2936 5661 Iacturam
2966 5590 3393 5661 Hypatypasean
3426 5590 3595 5647 valde
3631 5538 3807 5648 (balet
3870 5650 3883 5660 ,

2150 5607 2283 5716 pag.
2319 5607 2480 5644 meo.
2514 5617 2584 5628 —
2638 5607 2936 5644 iacturam
2966 5607 3393 5660 uypatypasean
3426 5607 3595 5647 value
3644 5607 3799 5648 αοιθι

2190 5659 2400 5730 emler,
2453 5659 2492 5731 ι,
2553 5675 2629 5726 c.,
2689 5660 2809 5715 155.
2871 5660 3037 5715 Conf.
3092 5661 3176 5715 Jo.
3266 5662 3471 5717 Franc.
3554 5663 3799 5731 Buddei,

2148 5734 2379 5801 Isagoge
2420 5730 2495 5786 ad
2548 5732 2859 5788 universam
2907 5731 3265 5802 theologiam,
3296 5749 3428 5806 pag.
3461 5734 3587 5791 345.
3624 5736 3797 5791 ΗΑΜ..
