4142 6396
270 386 350 444 25

1406 386 1705 444 ΝΟΤῙἸῚΔ
1739 386 2610 444 ΗῙΒἸὉΒῙΟΟ-ΒῙΤΤΕΒΔΒῙΑ.
3649 383 3720 439 26

271 512 639 583 disceptatio,
692 510 867 583 quasi
914 512 1162 584 legisset
1211 507 1472 583 διάλεξις,
1514 528 1636 567 non
1668 505 1956 580 διαλέξεις.

2095 511 2366 583 rllegorice
2428 511 2882 585 interpretandis,
2949 510 3165 566 Strom.
3238 525 3316 579 γι,
3382 523 3514 580 pag.
3570 505 3721 562 580:

274 602 462 674 Apud
495 602 782 658 Photium
810 607 1048 657 tantum
1076 606 1168 657 est
1195 598 1327 674 Περὶ
1360 597 1632 670 νηστείας.

355 713 409 764 6.
446 708 580 783 Περὶ
611 706 977 769 καταλαλίας.
1008 709 1249 764 Hieron.
1285 710 1361 763 De
1377 709 1796 776 obtrectatione,
1831 706 1968 762 liber

272 815 452 854 unus.
488 799 661 856 Phol.
695 796 832 871 Περὶ
876 794 1241 872 κακολογίας.
1291 795 1444 867 [Vid.
1476 794 1687 870 fragm.
1720 795 1783 850 in
1812 795 1966 849 Ροιι.

279 888 384 943 ed.
415 904 553 961 pag.
588 889 752 959 1020,
786 886 905 959 δᾳ.)

356 998 413 1048 '7.
449 991 862 1066 Προτρεπτικὸς
891 990 971 1054 εἷς
1006 991 1318 1065 ὑπομονὴν,
1369 988 1405 1060 ἢ
1437 989 1578 1063 πρὸς
1616 987 1745 1051 τοὺς
1774 983 1968 1044 νεωστὶ

277 1074 786 1156 βεϐαπτισμένους.
822 1081 1043 1138 Euseb.
1076 1098 1150 1149 VI,
1185 1083 1276 1150 13,
1305 1082 1518 1136 Histor.

353 1191 411 1243 8.
467 1187 663 1243 Κανὼν
747 1186 1235 1258 ἐκκλησιαστικὸς,
1309 1185 1346 1256 ἢ
1426 1186 1563 1263 πρὸς
1633 1183 1765 1247 τοὺς
1837 1182 1970 1242 ’1οό’

272 1275 593 1346 δαῖζοντας.
641 1278 885 1335 Hieron.
973 1280 1052 1333 De
1120 1278 1424 1334 canonibus
1481 1277 1857 1333 ecclesiasticis
1917 1283 1967 1332 et

271 1368 549 1423 adversus
578 1384 668 1423 eos
697 1370 798 1439 qui
828 1368 1152 1424 Iudaeorum
1196 1373 1507 1438 sequuntur
1534 1382 1794 1433 errorem,
1831 1365 1968 1420 liber

274 1475 429 1513 unus
454 1501 470 1526 ,
532 1475 695 1529 quem
744 1460 982 1530 praprie
1041 1459 1367 1513 Alexandro
1394 1503 1407 1525 ,
1463 1458 1966 1526 Hierosolymorum

279 1547 576 1619 episcopo,
634 1545 1074 1623 προσεφώνησε.
1134 1546 1443 1603 Canonum
1500 1544 1966 1618 apostolicorum

284 1635 736 1702 collectionem,
772 1651 906 1707 qua:
941 1634 1119 1690 hodie
1153 1640 1367 1701 exstat,
1407 1651 1516 1707 per
1542 1634 1655 1690 hoc
1699 1649 1848 1706 Opus
1891 1631 1964 1687 ab

280 1724 553 1781 Eusebio
584 1730 646 1781 et
665 1724 1029 1797 Hieronymo
1061 1724 1255 1793 innui,
1283 1741 1405 1780 non
1426 1722 1801 1780 crediderim.
1814 1723 1965 1777 Sane

281 1815 567 1882 Photius,
600 1814 702 1886 qui
733 1830 873 1869 mox
902 1813 1092 1869 lectos
1121 1830 1155 1870 a
1177 1830 1239 1870 se
1269 1831 1529 1870 canones
1555 1812 1964 1886 apostolorum

2072 598 2526 676 Ἀλληγορεῖσθαι
2585 599 2642 655 δὲ
2697 620 2814 655 νινα
2870 597 2931 654 ἐκ
2983 596 3193 654 τούτων
3244 600 3354 652 τῶν
3408 592 3718 669 ὀνομάτων,

2072 689 2388 766 ὁσιώτερον,
2438 688 2471 746 ἃ
2517 688 2584 760 δὴ
2634 689 2724 746 καὶ
2776 690 3067 766 προϊόντος
3123 691 3221 743 τοῦ
3263 685 3433 763 λόγου
3460 685 3598 740 κατὰ
3626 683 3719 739 τὸν

2072 777 2272 835 οἰκεῖον
2305 780 2493 856 καιρὸν
2526 777 2950 855 διασαφήσομεν.

2144 890 2217 945 De
2246 892 2477 961 angelis.
2508 892 2720 946 Strom.
2753 906 2829 960 v1,
2860 905 2996 961 pag.
3054 886 3150 943 631
3185 902 3199 942 :
3256 881 3441 939 Ἀλλᾶ
3468 881 3594 959 περὶ
3630 881 3725 954 μὲν

2072 977 2279 1033 τούτων
2341 977 2394 1034 ἂν
2447 979 2526 1052 τῷ
2587 976 2717 1054 Περὶ
2774 973 3028 1053 ἆγγέλων
3076 973 3229 1051 λόγῳ
3282 970 3587 1049 προϊούσης
3629 977 3731 1042 τῆς

2070 1073 2285 1145 γραφῆς
2316 1066 2454 1122 κατὰ
2480 1066 2670 1141 καιρὸν
2701 1062 3097 1137 διαλιξώμεθα.

2144 1176 2219 1230 De
2248 1174 2489 1229 diabolo.
2549 1174 2765 1228 Strom.
2825 1188 2900 1239 ιν,
2962 1186 3094 1243 pag.
3155 1172 3307 1225 507:
3361 1163 3539 1223 Ἀλλὰ
3588 1163 3727 1241 πρὸς

2078 1262 2175 1335 μὲν
2203 1262 2271 1317 τὰ
2321 1258 2569 1335 δόγματα
2620 1261 2798 1316 ἐκεῖνα
2855 1258 2904 1314 εἴ
2936 1259 3449 1332 μετενσωματοῦται
3478 1256 3514 1325 ἡ
3546 1254 3730 1329 ψυχὴ,

2070 1350 2162 1406 καὶ
2191 1347 2323 1426 πδρὶ
2352 1354 2450 1406 τοῦ
2479 1344 2746 1405 διαϐόλου
2773 1349 2912 1404 κατᾶ
2937 1346 3069 1409 τοὺς
3113 1344 3351 1408 οἰκείους
3400 1343 3730 1420 λεχθήσεται

2070 1440 2314 1513 καιρούς.
2806 1444 2810 1448 Α

2144 1526 2277 1601 Ηερὶ
2322 1524 2579 1604 γενέσεως
2632 1526 2865 1598 κόσμου.
2929 1526 3164 1581 Strom.
3220 1541 3298 1593 vx,
3378 1539 3514 1596 pag.
3578 1523 3726 1578 698:

2072 1615 2205 1690 Περὶ
2269 1622 2372 1685 τῆς
2417 1614 2714 1691 ἀνθρώπου
2760 1612 3042 1688 γενέσεως.
3101 1614 3315 1669 Strom.
3376 1630 3458 1682 ιιι,
3510 1628 3570 1684 p.
3602 1612 3729 1667 466.

2074 1707 2224 1763 Hinc
2279 1705 2571 1761 Eusebius
2628 1705 2701 1760 De
2759 1705 3053 1771 Clemente,
3109 1719 3189 1769 v1,
3247 1703 3334 1772 13,
3380 1703 3522 1755 Hist.
3580 1703 3731 1752 Ύπι-

2074 1799 2318 1871 σχνεῖται
2377 1791 2424 1848 δ’
2478 1792 2530 1848 ἐν
2581 1790 2769 1856 αὐτοῖς
2822 1790 2914 1847 καὶ
2968 1790 3046 1853 εἷς
3091 1791 3191 1860 τήν
3235 1789 3442 1867 γένεσιν
3481 1788 3731 1861 ὑπομνη-

284 1904 423 1959 cod.
459 1920 574 1959 cxu
631 1907 1085 1960 commemorat.
1144 1903 1487 1973 Clementis,
1547 1901 1818 1973 Romani,
1853 1901 1961 1957 sub

2095 1888 2401 1948 ιατιεῖσθαι.

284 1993 563 2059 nomine,
588 1993 748 2049 inter
764 2008 852 2061 ea,
879 2010 1014 2065 quas
1035 2009 1069 2048 a
1087 1993 1391 2048 Clemente
1412 1992 1577 2049 Alex.
1602 1993 1823 2063 scripta
1841 2007 1963 2047 non

286 2083 425 2154 ipse
476 2081 642 2154 legit,
675 2080 781 2137 sed
809 2081 1135 2138 memorari
1161 2087 1394 2137 tantum
1423 2080 1496 2137 ab
1524 2080 1660 2137 aliis
1690 2079 1967 2135 meminit

288 2171 427 2227 cod.
491 2188 606 2240 CXI,
673 2170 906 2227 refert:
984 2169 1115 2243 Περῖ
1177 2169 1417 2224 κανόνων
1492 2166 1961 2239 ὁκκλησιαστικῶν

281 2263 433 2317 χάτᾶ
537 2266 648 2317 τῶν
750 2257 1203 2316 ἀκολουθούντων
1299 2263 1367 2334 τῇ
1469 2265 1577 2316 τῶν
1679 2256 1963 2316 Ἰουδαίων

285 2350 501 2426 πλάνῃ.
543 2356 740 2425 Atque
771 2353 972 2421 unius,
1005 2369 1128 2409 non
1151 2352 1405 2408 duorum
1427 2353 1784 2424 scriptorum
1807 2351 1967 2407 hunc

287 2461 425 2500 esse
444 2443 714 2508 titulum,
737 2441 1029 2498 Eusebius
1046 2443 1358 2499 etHieron.
1383 2441 1655 2498 dubitare
1676 2458 1786 2497 nos
1808 2440 1968 2496 haud

290 2534 523 2589 sinunt.
556 2532 981 2605 Fragmentum
1015 2531 1341 2586 Clementis
1397 2529 1494 2585 Ἐκ
1538 2532 1637 2584 τοῦ
1664 2527 1806 2583 κατᾶ
1831 2533 1964 2582 Ἰου-

292 2619 601 2690 animum
632 2626 931 2678 servatum
979 2620 1042 2676 in
1093 2620 1406 2693 Nicephori
1456 2621 1618 2676 CPol.
1666 2620 1969 2676 Antirrhe-

294 2714 430 2766 ticis
458 2728 609 2767 mss.
645 2710 845 2766 Greece
868 2713 929 2764 et
957 2708 1164 2766 Latine
1196 2708 1386 2765 edidit
1412 2709 1697 2765 Nourrius
1727 2726 1786 2781 p.
1806 2709 1968 2778 1334,

290 2805 587 2871 Apparat.
619 2799 794 2873 [etin
833 2798 1007 2854 Fabr.
1041 2798 1299 2871 append.
1330 2799 1394 2855 in
1415 2799 1509 2855 ed.
1537 2801 1690 2856 Pott.
1727 2800 1967 2867 Veneta,

291 2891 443 2946 circ.
476 2889 630 2961 fin.].

367 2999 425 3051 9.
473 2994 637 3067 Ὀροι
690 2990 968 3071 διάφοροι.
1026 2996 1117 3065 Jo.
1176 2996 1398 3051 Veccus
1457 2993 1532 3052 de
1587 2995 1969 3066 processione

294 3085 563 3158 Spiritus
622 3084 703 3152 S.,
736 3083 894 3157 apud
943 3082 1229 3139 Allatium
1260 3083 1322 3138 in
1381 3084 1593 3141 Graecia
1635 3082 1969 3152 orthodowa,

297 3180 449 3230 tom.
501 3176 549 3241 Ῑ,
609 3190 741 3247 pug.
775 3175 919 3228 24οε
980 3169 1158 3229 ἈλΑᾶ
1186 3171 1277 3227 καὶ
1308 3170 1336 3226 ὁ
1370 3169 1608 3245 Κλήμης
1640 3171 1669 3226 ὁ
1701 3177 1975 3246 Στρωμα-

2148 2001 2231 2054 De
2258 1997 2509 2052 Ecclesia
2565 1997 2784 2050 unitate
2842 2000 2894 2049 et
2951 1993 3296 2059 excellentia,
3366 1992 3580 2047 Strom.
3637 2007 3730 2059 vn,

2074 2102 2206 2160 pag.
2252 2086 2405 2141 765:
2468 2080 2646 2138 Ἀλλᾶ
2668 2080 2758 2136 καὶ
2801 2083 2838 2151 ἡ
2881 2080 3049 2157 ἐξυχή
3105 2087 3206 2150 τῆς
3236 2076 3570 2150 Ἐκκλησίας
3601 2079 3732 2134 καθο

2074 2175 2208 2248 άπερ
2279 2174 2316 2244 ἡ
2385 2171 2534 2248 ἀρχὴ
2609 2171 2710 2243 τῆς
2783 2168 3087 2230 συστάσεως
3146 2170 3282 2225 κατὰ
3358 2169 3457 2239 τήν
3522 2163 3734 2242 μονάδα

2075 2261 2240 2334 ἐστὶν,
2298 2260 2472 2316 πάντα
2536 2259 2604 2315 τὰ
2678 2258 2826 2315 ἄλλα
2898 2253 3324 2334 ὑπερϐάλλουσα
3390 2256 3482 2312 καὶ
3562 2253 3731 2330 μηδὲν

2076 2349 2280 2428 ἔχουσα
2354 2348 2550 2425 ὅμοιον
2632 2348 2668 2420 ἢ
2747 2346 2869 2404 ’ἶσον
2945 2348 3132 2423 ἑαυτῇ.
3222 2346 3391 2404 Ταυτὶ
3472 2346 3567 2420 μὲν
3635 2346 3728 2401 οῦν

2077 2441 2316 2515 ὕστερον.

2149 2533 2223 2588 De
2269 2530 2469 2601 ofﬁciis
2515 2532 2912 2602 episcoporum,
2950 2530 3415 2601 presbyterorum,
3467 2527 3729 2581 diacono-

2076 2638 2199 2677 rum
2230 2628 2283 2676 et
2308 2622 2605 2676 viduarum
2643 2619 2872 2676 videtur
2917 2619 3263 2691 promittere
3295 2634 3357 2673 se
3406 2616 3523 2673 alio
3551 2631 3731 2689 opere

2079 2716 2351 2766 acturum
2380 2726 2467 2777 ιιι,
2498 2709 2607 2765 ult.
2639 2710 2960 2778 Pedagogi,
2992 2724 3126 2780 pag.
3167 2710 3291 2762 265.

2151 2819 2225 2874 De
2257 2820 2466 2887 anima,
2502 2813 2742 2887 ὁπηνίκα
2770 2810 2829 2868 ἂν
2861 2813 2985 2890 περὶ
3017 2815 3202 2889 ψυχῆς
3236 2805 3732 2884 διαλαμϐάνωμεν,

2080 2910 2301 2965 Strom.
2327 2924 2408 2977 ιιι,
2441 2923 2572 2980 pag.
2600 2907 2726 2976 732.
2760 2904 2922 2961 Adde
2955 2921 3030 2976 1v,
3064 2921 3121 2977 p.
3156 2904 3280 2959 591.
3313 2903 3568 2976 [Fragm.
3603 2901 3735 2956 Pot-

2079 3003 2189 3054 ter.
2221 3014 2353 3071 pag.
2393 2996 2577 3068 £020.]

2158 3094 2238 3144 De
2268 3089 2667 3145 resurrectione
2710 3086 3006 3156 Paedagog.
3038 3101 3097 3153 ιι,
3138 3087 3229 3155 20,
3277 3098 3407 3156 pag.
3464 3082 3563 3139 199
3598 3099 3612 3138 :
3644 3081 3735 3143 Ὠς

2081 3175 2133 3233 ἐν
2189 3180 2271 3249 τῷ
2327 3175 2458 3251 Περὶ
2518 3173 2857 3236 ἀναστάσεως
2928 3171 3019 3228 διὰ
3075 3168 3347 3227 πλειόνων
3408 3164 3734 3241 δηλωθήσε-

292 3261 426 3323 τεὺς
486 3261 541 3316 ἐν
598 3264 685 3324 οἷς
744 3261 993 3316 συνέθετο
1051 3256 1334 3337 διαφόροις
1380 3259 1533 3337 ὅροις
1584 3260 1722 3315 ὥστε
1769 3259 1968 3321 παντὸς

2095 3288 2166 3323 ιαι
2217 3272 2275 3323 et
2305 3266 2410 3322 lib.
2446 3282 2486 3334 ι,
2543 3283 2592 3321 c.
2627 3268 2681 3335 6,
2726 3282 2785 3337 p.
2835 3265 2983 3320 104:
3042 3259 3216 3318 Ἀλλὰ
3260 3261 3361 3335 γὰρ
3392 3257 3546 3323 αὖθις
3597 3259 3735 3332 ἡμῖν

295 3346 565 3414 εὐσεϐοῦς
642 3347 924 3427 δόγμαῦος
996 3354 1364 3425 προηγεῖσθαι
1439 3348 1639 3412 αὐτοὺς
1712 3353 1792 3422 τῷ
1849 3350 1974 3424 βου-

293 3439 534 3515 λομένῳ
600 3439 900 3516 Θεολογίαν
961 3438 1250 3513 μετιέναι,
1322 3437 1642 3515 ὁριζόμενος
1692 3443 1745 3494 τί
1799 3443 1970 3494 πνεῦ-

300 3552 403 3604 μα,
480 3531 575 3585 καὶ
658 3530 881 3605 ὁσαχῶς
939 3526 1159 3603 λέγεται
1215 3532 1451 3602 πνεῦμα,
1509 3527 1643 3607 φησί
1674 3546 1688 3561 °
1749 3533 1973 3602 Πνεῦμα

302 3620 405 3693 μὲν
489 3617 605 3674 ἐστι
692 3615 867 3687 λεπτὴ
953 3616 1046 3673 καὶ
1131 3614 1298 3679 ἄϋλος
1382 3615 1474 3672 καί
1558 3615 1973 3693 ἀσχημάτ·στος

297 3708 673 3784 ἑκπορευτικὴ
706 3706 955 3784 ὕπαρξις.
1014 3709 1102 3782 [Ιιι
1138 3707 1396 3781 append.
1446 3706 1675 3766 Fabric.
1718 3709 1779 3763 in
1828 3708 1970 3765 edit.

292 3801 578 3871 Veneta]

369 3910 442 3963 10
487 3908 673 3965 Plura
693 3907 918 3980 scripta
948 3923 1058 3964 sua
1077 3906 1197 3962 sive
1224 3910 1522 3962 memorat
1543 3905 1661 3961 sive
1677 3906 1975 3979 promittit

293 4000 585 4055 Clemens
616 3999 743 4071 ipse
791 3999 930 4072 (34),
989 4002 1056 4053 ut
1111 4000 1187 4053 De
1231 3998 1552 4068 principiis,
1612 3996 1826 4053 Strom.
1888 4012 1970 4063 ιιι,

291 4106 356 4161 p.
420 4091 580 4143 4312
639 4086 819 4143 Ἀλλὰ
875 4083 1014 4161 πρός
1072 4086 1167 4159 μὲν
1224 4082 1455 4146 τούτους
1515 4083 1973 4159 (Μαρκιωνιστάς)

297 4176 466 4232 ὁπότ’
523 4174 586 4230 ἂν
642 4176 735 4231 τὸν
795 4175 925 4251 Περὶ
984 4176 1174 4251 ἀρχῶν
1231 4168 1696 4247 διαλαμϐάνωμεν
1758 4172 1968 4248 λόγον,

291 4259 668 4341 ἀκριϐέστατα
705 4262 1106 4337 διαλεξώμεθα.
1166 4265 1364 4329 Libro,
1424 4266 1553 4329 Quis
1600 4266 1748 4320 dives
1791 4266 1970 4321 salve-

295 4360 451 4412 tur?
504 4358 534 4426 §
590 4358 681 4427 26,
739 4352 874 4428 ὅπερ
933 4352 985 4410 ἰν
1036 4356 1106 4428 τῇ
1157 4354 1346 4429 ἀρχῶν
1404 4352 1492 4407 καὶ
1529 4350 1819 4427 θεολογίας
1845 4350 1972 4423 ἐξη-

289 4446 463 4521 γήσει
551 4445 855 4517 μυστήριον
937 4446 1036 4498 τοῦ
1121 4447 1384 4516 Σωτῆρος
1462 4439 1694 4517 ὑπάρχει
1758 4443 1969 4515 μαθεῖν.

290 4536 527 4590 Iterum
582 4533 862 4590 meminit
914 4534 1096 4606 hujus
1160 4532 1532 4588 tractationis
1605 4549 1669 4588 ιιι
1738 4534 1970 4601 Strom.,

2080 3356 2404 3434 σαφεστερον
2473 3356 2638 3409 τοῦτο
2706 3351 2759 3407 ἐν
2810 3355 2890 3424 τῷ
2964 3349 3095 3426 Περὶ
3154 3350 3491 3413 ἀναστάσεως
3548 3345 3739 3419 δηλω-

2080 3447 2324 3517 θήσεται.

2150 3551 2224 3607 De
2269 3550 2507 3620 nuptiis,
2563 3544 2616 3601 ἂν
2673 3548 2753 3619 τῷ
2806 3547 3029 3620 γαμικῷ
3085 3540 3318 3616 διέξιμεν
3378 3541 3557 3618 λόγῳ.
3610 3546 3736 3600 Ρω-

2080 3644 2283 3713 dagog.
2327 3657 2409 3708 ιιι,
2442 3640 2495 3694 8.
2530 3657 2588 3711 p.
2620 3639 2745 3693 237.
2777 3636 2900 3693 Nisi
2929 3636 3081 3692 forte
3110 3635 3374 3708 respicit,
3397 3651 3530 3707 quin
3553 3652 3614 3705 ιι,
3643 3634 3732 3705 10,

2079 3732 2378 3802 Paedagogi
2408 3728 2480 3785 de
2510 3729 2613 3785 illo
2644 3730 3016 3801 argumento,
3049 3731 3152 3782 aut
3178 3725 3355 3781 tertio
3393 3726 3735 3782 Stromatum

2083 3821 2383 3877 disseruit.
2415 3821 2774 3892 [Fragment.
2807 3818 3028 3872 Potter.
3058 3831 3192 3888 pag.
3226 3815 3410 3887 1022.]

2157 3934 2238 3985 De
2296 3929 2662 3992 continentia,
2711 3921 2805 3977 καὶ
2864 3925 3026 3976 τοῦτο
3084 3919 3137 3975 ἐν
3198 3923 3280 3992 τῷ
3345 3917 3472 3996 περὶ
3535 3917 3740 3994 ἐγκρα-

2078 4018 2227 4081 τείας
2258 4019 2393 4090 ἡμῖν
2443 4011 2779 4084 δεδήλωται,
2835 4012 3156 4082 Paedagogi,
3215 4028 3280 4079 II,
3340 4011 3430 4081 10,
3489 4028 3549 4082 p.
3610 4012 3733 4068 193.

2080 4111 2148 4165 Ιιι
2176 4108 2386 4165 eodem
2406 4105 2557 4161 forte
2588 4099 2740 4178 λόγῳ
2774 4102 3173 4175 disputaverat
3200 4099 3272 4155 de
3303 4116 3395 4168 eo,
3427 4098 3572 4172 quid
3599 4116 3735 4156 vere

2079 4199 2159 4255 sit
2186 4202 2357 4268 turpe
2388 4200 2448 4250 et
2474 4193 2820 4261 obscenum,
2844 4190 3003 4263 quod
3031 4205 3092 4257 ιι,
3124 4192 3178 4258 6,
3210 4189 3606 4261 Paedagogi,p.
3635 4191 3735 4244 169

2079 4291 2334 4343 testatur
2395 4301 2457 4339 se
2547 4282 2796 4338 fecisse:
2863 4275 3234 4353 Διειλήφαμεν
3310 4273 3368 4331 δὲ
3453 4275 3735 4350 βαθυτέρῳ

2081 4374 2237 4449 λόγῳ
2293 4372 2369 4434 ὡς
2426 4367 2529 4446 ἄρα
2585 4366 2709 4424 οὔτε
2765 4366 2821 4423 ἂν
2879 4365 3142 4440 ὀνόμασιν
3200 4361 3326 4419 οὐδὶ
3376 4364 3486 4437 μὴν
3532 4362 3585 4418 ἐν
3614 4368 3736 4426 τοῖς

2078 4464 2544 4523 συνουσιαστικοῖς
2603 4456 2818 4532 μορίοις
2872 4454 2963 4510 καὶ
3036 4456 3106 4519 τῆ
3161 4453 3299 4508 κανὰ
3351 4452 3531 4528 γάμον
3604 4473 3738 4525 συμ-

2078 4554 2266 4626 πλοκῇ
2322 4552 2359 4619 ἡ
2413 4551 2513 4604 τοῦ
2597 4542 2768 4609 ὄντως
2827 4543 3062 4620 αἰσχροῦ
3136 4541 3483 4617 προσηγορία
3548 4541 3737 4597 τάττε-

294 4641 438 4697 pag.
473 4625 630 4678 4342
688 4617 942 4678 Ἐπειδὰν
975 4618 1033 4676 δὲ
1078 4620 1203 4696 περὶ
1248 4622 1357 4674 τῶν
1416 4620 1607 4695 ἀρχῶν
1666 4615 1968 4693 διαλαμϐά-

2095 4663 2186 4699 ται.
2220 4615 2465 4697 \lidetur
2493 4637 2701 4694 itidem
2728 4615 3223 4692 librum-‘mrtium
3271 4615 3611 4689 Stromatum
3642 4632 3732 4689 iu-

288 4732 511 4784 νωμεν,
546 4717 656 4768 etc.
692 4712 799 4768 Hic
828 4717 921 4767 est
950 4710 1183 4787 ἂρχικὸς
1211 4706 1404 4784 λόγος,
1437 4710 1509 4766 de
1541 4726 1660 4767 uno
1692 4711 1834 4779 Deo,
1868 4711 1968 4782 qui

2095 4747 2287 4797 suere,
2316 4730 2378 4784 in
2410 4743 2526 4800 quo
2557 4742 2689 4799 pag.
2720 4727 2848 4796 434,
2893 4724 3114 4780 diserte
3143 4740 3156 4779 :
3210 4721 3270 4778 '0
3302 4719 3360 4777 δὲ
3386 4722 3511 4798 περὶ
3535 4719 3734 4797 ἐγκρα-

291 4819 409 4875 per
442 4802 640 4875 legem
671 4807 732 4857 et
758 4801 1082 4873 prophetas
1129 4805 1308 4871 atque
1347 4799 1731 4870 Evangelium
1756 4798 1968 4872 praadi-

2095 4817 2222 4881 τείας
2250 4820 2388 4891 ἡμῖν
2419 4798 2761 4892 προϐαινὲτιυ
2794 4810 2980 4887 λόγος.

292 4898 498 4958 catur,
533 4907 712 4962 quem
743 4890 1062 4962 promittit,
1110 4889 1315 4945 Strom.
1374 4905 1454 4958 ιν,
1485 4904 1618 4962 pag.
1674 4892 1800 4959 510,
1831 4888 1968 4944 licet

2152 4888 2427 4981 Adversus
2465 4888 2713 4992 hereses,
2768 4922 2981 4977 Strom.
3032 4938 3107 4988 ιν,
3157 4937 3289 4995 pag.
3339 4924 3466 4988 510,
3511 4919 3612 4975 ubi
3670 4935 3733 4975 se

461 4979 536 5035 de
563 4979 676 5034 hoc
727 4983 1080 5051 argumenta
1110 4977 1384 5050 quasdam
1417 4976 1664 5033 dmsset
1704 4994 1785 5044 ω’
1835 4992 1969 5050 pag'
2080 5031 2268 5072 unum
2298 5015 2484 5069 Deum
2514 4976 2797 5067 adversus
2823 5009 2959 5065 illas
3005 4976 3552 5067 demonstraturum
3596 5025 3732 5080 pro-

292 5071 431 5138 457,
467 5085 597 5139 εθίι·
1748 5170 1751 5171 ν
2079 5071 2284 5160 mittit.
2298 5103 2518 5157 Contra
2534 5097 3030 5171 philosophorum
3056 5097 3385 5153 sententias
3405 5097 3478 5152 de
3501 5071 3734 5151 summo

370 5180 456 5233 De
477 5176 802 5247 prophetia.
853 5175 1071 5232 Strom.
1103 5192 1155 5243 v,
1213 5191 1346 5248 pag.
1406 5177 1504 5229 531
1544 5190 1558 5230 :
1589 5171 1693 5230 Kal
1723 5170 1807 5228 ὅτι
1838 5172 1968 5261 ποτὲ

2095 5207 2261 5258 nono,
2317 5208 2363 5248 ιι
2417 5170 2647 5255 Strom.,
2699 5203 2833 5261 pag.
2882 5186 3006 5242 419.
3053 5188 3272 5243 Contra
3315 5185 3734 5242 haereticorum

290 5263 417 5321 ἐστι
492 5265 559 5319 τὸ
615 5264 771 5340 ἅγιον
830 5264 1075 5337 Πνεῦμα,
1151 5261 1205 5318 ἐν
1252 5266 1376 5325 τοῖς
1443 5261 1577 5337 Περὶ
1628 5260 1968 5338 προφητείας

2095 5284 2277 5358 γνῶσιν
2331 5279 2664 5353 profanam,
2716 5260 2795 5335 vn
2843 5277 3049 5345 Strom,
3094 5292 3225 5350 pag.
3258 5278 3383 5331 722.
3417 5274 3530 5329 Sed
3581 5272 3733 5328 forte

288 5355 397 5410 κάν
429 5358 555 5418 τοῖς
585 5353 717 5429 Περὶ
745 5355 933 5429 ψυχῆς
992 5349 1438 5428 ἐπιδειχθήσεται
1469 5353 1629 5425 ἡμῖν.
1686 5351 1853 5409 Adde
1891 5369 1968 5420 Iv,

2095 5349 2203 5427 son
2231 5349 2565 5443 peculiares
2593 5366 2655 5422 hi
2681 5366 2819 5422 libri
2847 5366 3110 5435 fuerunt,
3160 5349 3364 5421 rerum
3392 5366 3460 5418 ut
3487 5362 3550 5417 in
3581 5363 3736 5419 Stro-

2078 5463 2240 5517 matis
2263 5457 2488 5533 passim
2528 5455 2691 5525 facit,
2741 5455 2826 5512 ita
2871 5460 2933 5511 et
2960 5455 3023 5510 in
3072 5450 3514 5525 Hypotyposibus
3544 5452 3737 5507 haere-

2081 5550 2231 5607 ticos
2259 5548 2397 5605 illos
2423 5553 2482 5604 et
2507 5545 2898 5619 philosophos
2937 5558 3278 5616 oppugnare
3306 5540 3520 5613 potuit.

349 5463 449 5503 ag.
478 5445 607 5500 511.

349 5463 385 5503 ἃ
431 5485 449 5499 ο
478 5463 607 5500 0M.

301 5464 343 5519 Ρ
369 5463 452 5610 ge
482 5552 739 5608 membris
763 5559 818 5608 et
846 5552 1160 5623 affectibus,
1187 5550 1412 5622 quando
1446 5549 1512 5606 de
1540 5551 1652 5605 Deo
1682 5549 1969 5618 dicuntur,

375 5804 493 5877 (34)
527 5801 742 5858 Confer
771 5800 1113 5873 Nourrium,
1145 5815 1277 5872 pag.
1314 5798 1449 5855 1337
1482 5814 1607 5868 seq.
1633 5799 1717 5870 [et
1746 5798 2006 5855 iudicem
2037 5802 2399 5874 scriptorum
2426 5814 2463 5853 a
2491 5797 2674 5855 Clem.
2707 5796 2873 5851 Alex.
2905 5791 3267 5864 citatorum].
