4142 6404
397 370 471 429 27
1622 372 1963 430 CLIUBNS
2000 376 2597 435 ALBXAHDBINUB.
3751 375 3828 436 B8

1644 740 2354 891 LECTORI
2435 746 2557 869 Ξ.

1830 990 1955 1063 (Ed.
1991 993 2171 1048 Oxon.
2213 997 2396 1064 1⁸715.)

476 1412 617 1468 Cum
667 1410 815 1467 mihi
840 1426 1050 1482 semper
1100 1413 1161 1466 in
1202 1409 1338 1467 votis
1384 1409 1582 1482 fuerit,
1630 1411 1814 1482 primo
1862 1414 1923 1471 ul
1972 1409 2310 1481 Christiamp
2353 1412 2626 1493 Ecclesiae,
2667 1410 2867 1471 deinde
2922 1420 2981 1473 ut
3011 1412 3350 1493 Reipublicae
3379 1413 3672 1487 litterariae
3715 1433 3824 1489 pro

400 1500 617 1567 viribus
641 1500 1009 1571 inservirent;
1038 1515 1151 1567 non
1198 1516 1358 1572 posse
1388 1499 1613 1571 videbar
1641 1500 1801 1558 horas
1825 1500 1983 1566 illas,
2013 1516 2139 1571 quae
2167 1518 2294 1583 cum
2322 1486 2361 1557 α’
2386 1490 2549 1583 Regii
2688 1501 2977 1581 theologia
3001 1486 3329 1575 professoris
3360 1486 3608 1571 munere,
3639 1486 3758 1565 tum
3787 1523 3828 1571 α

395 1590 647 1664 reliquis,
675 1606 802 1663 quae
832 1590 974 1659 mihi
1004 1591 1349 1657 incumbunt,
1380 1592 1534 1657 curis
1579 1607 1645 1646 ac
1693 1593 1930 1661 negotiis
1977 1590 2265 1667 vacabunt,
2306 1591 2551 1664 cuipiam
2571 1593 2682 1657 alii
2709 1593 2896 1673 studio
2928 1593 3010 1649 vel
3031 1593 3345 1671 jucundius
3373 1595 3459 1671 vel
3487 1596 3686 1669 utilius
3721 1598 3838 1659 im-

394 1682 667 1753 pendere,
698 1696 867 1752 quam
899 1678 1282 1749 emendandis,
1313 1679 1684 1750 explicandis,
1715 1680 2033 1754 publicique
2071 1681 2215 1759 iuris
2242 1680 2519 1759 faciendis
2552 1682 2841 1757 Clernentis
2874 1682 3264 1761 Alexandrini,
3298 1684 3695 1761 antiquissimi
3723 1688 3837 1759 da-

395 1769 734 1841 ctissimlque
763 1768 981 1837 Patris,
1008 1768 1287 1841 operibus,
1319 1783 1445 1843 quae
1474 1774 1793 1840 supersunt.
3167 1772 3173 1783 '

471 1858 667 1915 Prima
696 1858 874 1929 igitur
894 1874 1029 1913 cura
1077 1856 1276 1928 fuitut
1304 1866 1587 1914 auctorem
1628 1861 1831 1930 ipsum,
1875 1875 2045 1930 quam
2090 1859 2220 1933 ﬁeri
2276 1869 2474 1939 potuit,
2516 1860 2798 1947 integrum
2842 1870 2895 1941 et
2920 1862 3305 1941 emaculatum
3334 1862 3674 1939 exhiberem.
3699 1866 3820 1941 Qua

396 1948 508 2033 ﬁne
536 1964 648 2013 non
687 1948 866 2003 solum
914 1949 1204 2029 impresst
1246 1947 1454 2029 codices
1500 1950 1788 2025 universos
1813 1949 2007 2033 euolvi,
2039 1952 2098 2004 in
2129 1950 2349 2032 quibus,
2394 1952 2445 2023 si
2478 1954 2872 2023 Viam-ianum
2900 1961 2952 2015 et
2979 1950 3421 2027 Sylburgianum
3449 1952 3826 2028 excipiamus,

397 2032 545 2101 nihil
572 2040 696 2108 fere
723 2040 977 2105 accurati
1003 2046 1123 2103 est;
1155 2036 1249 2093 sed
1277 2036 1448 2117 etiam
1478 2039 1877 2121 manuscripta,
1912 2055 2245 2119 quacunque
2275 2041 2519 2112 reperire
2559 2042 2745 2119 potui,
2794 2040 3146 2117 exemplaria
3175 2040 3475 2119 diligenter
3508 2043 3743 2117 perlegi,
3772 2045 3834 2117 et

392 2128 634 2201 perlecta
688 2144 812 2191 cum
858 2127 1025 2203 editis
1073 2129 1299 2197 contuli.
1335 2129 1504 2197 Porro
1553 2128 2037 2197 Cohortationem
2086 2128 2430 2203 adDGrchos
2480 2129 2940 2201 manuscriptam,
2970 2147 3084 2187 una
3112 2147 3239 2207 cum
3267 2132 3481 2191 duobus
3508 2132 3827 2207 Peadagogi

397 2208 555 2281 libris
583 2217 998 2287 posterioribus,
1027 2208 1449 2297 earumdemque
1479 2219 1767 2293 nonnullis
1814 2218 2167 2299 fragmentis,
2212 2218 2587 2289 suppeditavit
2614 2217 2755 2277 Novi
2801 2218 2955 2289 apud
3000 2219 3306 2296 Oxoniense
3353 2219 3581 2294 Collegit
3625 2220 3833 2295 bibliog

396 2305 572 2377 theca.
622 2304 806 2369 Trium
848 2307 1154 2381 Psedagogi
1207 2306 1479 2379 librorum
1524 2307 1764 2383 codicem
1803 2325 1981 2373 unum
2026 2305 2269 2373 Bodleii,
2295 2316 2345 2371 et
2368 2306 2500 2371 huic
2528 2309 2587 2367 in
2618 2307 2876 2383 omnibus
2901 2310 3018 2379 fere
3047 2308 3371 2383 concordem
3401 2308 3650 2377 alterum
3673 2326 3839 2384 pra:-

398 2397 516 2451 buit
559 2396 945 2463 augustissimi
984 2398 1125 2467 regis
1172 2395 1351 2451 nostri
1396 2396 1757 2452 Bibliotheca.
1811 2395 1901 2463 Ad
1955 2397 2198 2466 insignes
2247 2396 2377 2465 illas
2425 2396 2723 2475 Clementis
2750 2399 2937 2479 nostri
2962 2384 3253 2480 periochae
3278 2384 3563 2479 pristinas
3593 2393 3842 2471 sanitati

399 2483 791 2553 restituendas,
823 2500 958 2558 quas
989 2486 1143 2557 operi
1184 2486 1263 2545 De
1296 2485 1729 2558 praeparatione
1765 2484 2107 2565 evangelica
2136 2484 2372 2553 inseruit
2423 2486 2709 2559 Eusebius,
2763 2502 2876 2559 non
2924 2487 3038 2561 leve
3082 2487 3472 2565 adiumentum
3517 2489 3832 2563 attulerunt

399 2572 533 2647 libri
562 2573 681 2645 ejus
714 2574 993 2645 impressi,
1028 2576 1575 2659 manuscriptumque
1623 2562 1929 2647 exemplar,
1970 2575 2113 2661 quod
2140 2576 2287 2648 qpud
2318 2592 2413 2641 nos
2444 2576 2502 2631 in
2535 2577 2773 2657 Collegia
2804 2578 2866 2645 D.
2902 2562 3153 2657 Joannis
3174 2562 3439 2655 Baptista
3480 2583 3828 2653 asservalur.

406 2663 651 2717 Veterum
688 2662 1092 2741 exemplarium
1139 2666 1347 2738 inopia:
1392 2664 1693 2724 remedium
1744 2682 1856 2743 non
1902 2682 2030 2743 raro
2079 2668 2395 2747 attnterunt
2442 2668 2803 2747 antiquorum
2829 2668 3166 2746 scriptorum
3197 2668 3348 2736 libri,
3382 2666 3633 2743 Platonis
3680 2684 3828 2745 prae-

393 2754 592 2808 sertim
620 2770 683 2811 ac
712 2753 968 2837 Philonis
994 2755 1194 2825 Judaei,
1235 2758 1269 2837 'e
1315 2772 1546 2828 quorum
1590 2756 1885 2827 posteriori
1940 2774 2051 2819 non
2101 2759 2287 2829 breves
2334 2762 2553 2835 tantum
2592 2759 2913 2837 sententiqs,
2943 2757 3036 2825 sed
3063 2759 3311 2833 integrqs
3343 2756 3514 2829 etiam
3557 2759 3825 2837 paginas,

390 2844 681 2923 nonnullis
708 2844 953 2913 omissis,
975 2845 1109 2900 aliis
1138 2848 1376 2915 mutatis
1406 2845 1489 2923 vel
1520 2844 1578 2900 in
1612 2848 1882 2918 epilomen
1917 2847 2179 2914 redactis,
2212 2851 2377 2914 prout
2408 2847 2656 2902 instituto
2702 2862 2797 2901 suo
2828 2849 3029 2916 optime
3054 2846 3435 2912 conveniebat,
3468 2844 3632 2923 iique
3659 2847 3838 2909 celato

397 2920 804 3003 nonnunquam
831 2935 1077 2990 auctoris
1106 2937 1352 3003 nomine,
1388 2920 1445 2990 in
1477 2936 1832 3009 Στρωματεῖς
1864 2952 1989 2990 suos
2022 2935 2265 3007 Clemens
2295 2935 2601 3011 transtulit.
2635 2935 2928 3009 Scriptum
2956 2935 3318 3009 Strgmatum
3358 2920 3644 3008 exemplar
3689 2936 3830 2999 nul-

405 3021 517 3075 lum
547 3021 725 3099 oculis
754 3026 891 3078 meis
906 3024 1252 3095 perlustrare
1282 3023 1558 3091 hactenus
1581 3025 1761 3101 licuit.
1797 3012 2000 3079 Verum
2029 3023 2127 3079 hoc
2156 3014 2260 3095 me.
2288 3040 2407 3079 cum
2442 3022 2773 3093 infortunio,
2952 3038 3118 3105 onere
3146 3023 3342 3081 levavit
3370 3023 3462 3093 uir
3480 3026 3830 3103 clarissimus

408 3111 716 3173 Bernardus
741 3114 1212 3185 Montefalconius,
1263 3113 1362 3187 qui
1407 3129 1505 3189 pro
1552 3116 1845 3181 acerrimo,
1898 3130 2001 3189 quo
2030 3128 2248 3184 semper
2275 3112 2453 3189 ardet,
2489 3113 2846 3171 humaniores
2879 3114 3096 3187 litteras
3123 3111 3484 3183 promovendi
3506 3113 3687 3171 studio
3733 3131 3837 3170 va-

402 3203 611 3257 riantes
647 3202 904 3261 lectiones
959 3219 1069 3265 non
1116 3203 1294 3281 solum
1335 3219 1406 3259 ex
1454 3203 1834 3281 Ottoboniano,
1884 3187 1984 3277 qui
2031 3218 2219 3258 eorum
2270 3187 2587 3279 prolixiora
2635 3201 2889 3274 quaedam
2911 3190 3251 3275 fragmenta,
3283 3203 3373 3258 sed
3403 3219 3472 3258 ex
3509 3204 3836 3258 Parisiensi

398 3291 568 3349 etiam
596 3293 801 3360 codice,
843 3296 939 3364 qui
968 3276 1240 3363 integrum
1273 3276 1632 3350 Stramatum
1663 3278 1796 3364 opus
1824 3276 2227 3371 complectitur,
2259 3276 2522 3365 accurate
2551 3291 2848 3363 descriptas
2895 3292 2970 3371 ad
2999 3310 3087 3348 me
3117 3293 3480 3363 transmisit;
3513 3310 3671 3364 quas,
3704 3310 3836 3349 cum

391 3383 563 3455 paulo
597 3383 775 3438 serius
806 3383 1046 3441 advectw
1073 3399 1182 3438 non
1214 3388 1384 3439 antea
1417 3383 1497 3438 ad
1516 3400 1709 3438 manus
1740 3372 1891 3437 meas
1917 3370 2305 3459 pervenerunt,
2339 3398 2503 3455 quam
2532 3383 2746 3456 priores
2776 3370 3013 3455 quatuor
3041 3382 3197 3449 libri,
3230 3400 3353 3438 cum
3383 3383 3568 3457 quinti
3600 3385 3831 3461 princi-

394 3474 506 3547 pio,
541 3488 570 3527 e
597 3473 771 3547 praete
798 3475 1127 3547 evasissent,
1161 3473 1232 3528 ad
1259 3473 1467 3529 calcem
1495 3474 1675 3543 operis
1703 3472 1873 3547 simul
1901 3471 2238 3528 exhibendas
2268 3474 2480 3547 curavi.

471 3546 525 3617 3.
558 3544 888 3631 Scriptura,
922 3544 1135 3617 necnon
1172 3561 1415 3617 aliorum
1463 3546 1723 3616 veterum.
1759 3561 2025 3616 librorum
2069 3544 2308 3616 vocibus.
2346 3579 2380 3617 a
2430 3559 2728 3631 Clementis
2774 3563 2951 3619 nostri
2990 3560 3166 3617 verbis
3203 3560 3630 3631 distinguendis,
3687 3561 3835 3632 quod

396 3665 556 3706 nemo
584 3651 843 3706 hactenus
871 3652 1006 3706 satis
1037 3663 1292 3706 accurate
1320 3652 1605 3721 praestitit,
1633 3666 1743 3706 non
1765 3666 1969 3722 parvus
2016 3649 2236 3723 quidem
2269 3649 2441 3719 labor,
2478 3664 2662 3706 verum
2694 3651 2766 3718 ei,
2818 3652 2914 3722 qui
2946 3657 3234 3725 auctorem
3263 3649 3410 3705 hunc
3430 3649 3830 3725 explicandum

396 3741 714 3813 susciperet,
749 3741 807 3795 in
836 3742 1037 3811 primis
1060 3742 1423 3809 necessarius,
1475 3740 1880 3812 impendendus
1926 3726 2057 3812 fuit.
2107 3741 2367 3795 Latinam
2417 3756 2541 3795 vero
2589 3739 2917 3807 versionem,
2969 3756 3064 3795 seu
3094 3756 3292 3795 novam
3314 3740 3668 3819 concinnare,
3730 3755 3832 3813 seu

398 3836 634 3887 veterem
673 3820 984 3899 emendare,
1017 3820 1254 3903 majoris
1282 3832 1467 3885 adhuc
1494 3833 1672 3903 operis
1700 3834 1940 3887 reserat.
1973 3831 2113 3885 Nam
2147 3832 2371 3885 Ilrrveti
2399 3828 2812 3901 interpretatio,
2862 3845 2983 3901 quer
3013 3831 3073 3883 in
3122 3828 3411 3884 hominum
3460 3828 3718 3883 manibus
3766 3836 3833 3884 ut

397 3921 708 3991 plurimum
754 3924 1006 3976 versatur
1059 3930 1111 3976 et
1152 3924 1509 3991 posteriorem
1558 3921 1849 3977 Clementis
1881 3920 2200 3975 Editionum
2232 3934 2405 3975 comes
2430 3927 2508 3974 est
2540 3917 2855 3991 individua,
2891 3919 3071 3974 liceta
3102 3918 3274 3974 doctis
3302 3918 3534 3974 antehac
3580 3918 3722 3972 viris
3765 3918 3830 3971 in

400 4009 605 4065 melius
641 4024 787 4080 saepe
813 4012 1066 4073 mutata;
1095 4011 1276 4067 adhuc
1301 4014 1495 4066 tamen
1524 4009 1584 4066 in
1612 4011 1803 4065 multis
1832 4010 1899 4067 ab
1930 4010 2170 4064 auctoris
2197 4016 2381 4063 mente
2410 4009 2551 4064 adeo
2582 4008 2790 4077 aliena,
2825 4008 2887 4063 in
2918 4007 3049 4063 aliis
3089 4024 3286 4063 manca
3314 4016 3366 4063 et
3393 4009 3735 4080 imper/ecta,
3769 4006 3835 4060 in

396 4098 831 4171 quamplurimis
858 4099 1120 4171 ambigua
1151 4110 1202 4156 et
1229 4100 1456 4157 obscura
1484 4110 1583 4167 est,
1616 4110 1676 4156 ut
1705 4114 1853 4168 saepe
1886 4100 1946 4154 in
1975 4099 2091 4170 ipso
2125 4098 2397 4169 Clemente
2429 4096 2575 4152 nihil
2622 4099 2803 4167 magis
2834 4113 2999 4169 quam
3034 4099 3372 4153 Clementem
3402 4096 3699 4162 desideres,
3730 4111 3837 4152 nec

396 4202 525 4243 raro
556 4190 762 4245 Latina
792 4186 979 4259 potius
1001 4207 1035 4245 a
1063 4191 1284 4259 Graecis,
1313 4206 1483 4262 quam
1517 4190 1634 4247 ha’e
1664 4192 1739 4245 ab
1767 4190 1882 4245 illis
1904 4190 2081 4245 lucem
2113 4192 2429 4258 exspectent
2454 4205 2467 4255 ;
2500 4191 2549 4242 et
2580 4187 2680 4259 qui
2707 4186 2849 4242 hanc
2879 4188 3131 4258 denique,
3164 4191 3333 4259 prout
3358 4203 3447 4255 res
3477 4188 3678 4255 exigit,
3710 4202 3833 4241 cor-

395 4274 683 4345 rigendum
730 4278 1057 4347 susciperet,
1109 4277 1311 4349 Δαρεῖε
1352 4279 1521 4350 plane
1552 4277 1833 4333 stabulum
1878 4292 2118 4348 purgare
2173 4275 2466 4331 videretur.
2508 4274 2747 4331 Proinde
2794 4272 3278 4329 Cohortationem
3341 4272 3415 4329 ad
3464 4274 3697 4328 Graacos
3756 4287 3830 4353 ex

400 4364 591 4421 erca
622 4364 880 4423 Latinam
910 4369 1109 4423 iterum
1134 4369 1387 4440 fecimus,
1420 4366 1491 4423 ad
1521 4367 1827 4440 Psedagogi
1861 4368 2059 4442 forsan
2089 4383 2153 4422 ac
2184 4366 2545 4421 Stromatum
2571 4366 2744 4437 etiam
2781 4362 2950 4420 libros
2975 4366 3353 4437 progressuri,
3403 4363 3523 4419 nisi
3564 4363 3682 4418 alia
3727 4376 3831 4418 nos

398 4453 608 4524 studia,
667 4471 787 4525 quae
827 4454 1040 4512 diutius
1088 4459 1459 4514 intermittere
1499 4457 1648 4519 haud
1696 4458 1877 4523 licuit,
1927 4471 1989 4513 eo
2036 4456 2262 4512 tandem
2309 4455 2721 4527 compulissent,
2772 4456 2832 4507 ut
2875 4453 2941 4508 de
2991 4455 3215 4509 lterveto
3259 4454 3450 4525 potius
3483 4450 3553 4507 ad
3578 4451 3831 4507 Graecum

400 4551 616 4598 textum
648 4545 1099 4605 accommodanda
1129 4548 1385 4619 deinceps
1414 4546 1823 4618 cogitaremus;
1856 4547 1970 4616 qui,
2004 4550 2167 4617 prout
2199 4558 2349 4600 nunc
2374 4551 2629 4616 apparet,
2662 4541 2889 4599 etiamsi
2914 4558 3121 4612 parum
3150 4543 3372 4613 elegans
3401 4549 3452 4597 et
3480 4550 3730 4608 ornatus,
3770 4542 3833 4595 in

402 4634 676 4705 plerisque
705 4639 911 4703 tamen,
943 4634 1030 4691 uti
1054 4652 1173 4708 spes
1201 4642 1299 4707 est,
1330 4637 1479 4692 haud
1490 4637 1672 4707 plane
1701 4636 1908 4706 inﬁdus
1937 4634 2232 4691 habebitur
2259 4634 2558 4691 Clementis
2582 4633 2874 4703 interpres.

474 4727 671 4780 Greece
715 4739 781 4779 ac
830 4725 1023 4781 Latino
1068 4730 1245 4782 textui
1292 4724 1601 4798 Sytburgii,
1634 4724 1867 4794 Hei-nsii,
1900 4724 2255 4795 aliorumque
2288 4725 2577 4779 doctorum
2608 4720 2855 4776 virorum
2888 4721 3056 4776 Notas
3085 4720 3480 4799 adjuuximus,
3515 4736 3651 4792 quas
3695 4718 3833 4775 libri

405 4813 639 4869 antehac
667 4812 825 4880 editi,
857 4830 982 4870 cum
1011 4833 1046 4870 a
1073 4831 1130 4871 se
1180 4817 1436 4881 invicem,
1481 4820 1600 4869 tum
1631 4815 1698 4869 ab
1747 4816 1864 4885 ipso
1891 4816 2061 4869 etiam
2090 4822 2308 4869 auctore
2336 4811 2582 4866 nimium
2610 4818 2845 4866 remotas
2875 4812 2935 4865 in
2968 4811 3115 4866 calce
3146 4813 3310 4866 totius
3341 4809 3525 4881 operis
3554 4810 3834 4865 exhiben-

401 4905 500 4970 tes,
534 4903 789 4973 ingralas
818 4904 1079 4965 studiosis
1113 4903 1409 4963 lectoribus
1437 4920 1621 4963 moras
1650 4903 1935 4975 injiciunt.
1983 4904 2074 4959 His
2122 4902 2268 4957 alias
2316 4892 2725 4956 immiscuimus
2770 4917 2799 4956 e
2846 4900 3203 4975 philologicis
3245 4900 3411 4966 huius
3459 4915 3527 4955 ac
3571 4901 3835 4970 proxime

400 4991 708 5062 superioris
731 4991 933 5055 Hrculi
959 4992 1325 5064 scriptoribus
1355 5011 1397 5053 α
1425 4994 1832 5065 nobismetipsis
1880 4994 2125 5064 undique
2181 4993 2484 5061 excerptas.
2534 4990 2596 5045 In
2644 4991 2903 5062 margine
2948 4988 3155 5045 codicis
3181 4991 3293 5054 sui,
3325 5005 3486 5060 quem
3512 4987 3675 5057 mihi,
3706 5003 3832 5044 cum

401 5080 475 5138 ad
495 5090 762 5153 quartum
790 5081 1157 5141 Stromatum
1212 5083 1421 5157 librum
1466 5083 1855 5157 peruenissem,
1903 5083 2145 5141 moriens
2193 5083 2413 5148 legavit,
2464 5080 2743 5136 nonnulla
2773 5079 3133 5135 adnotaverat
3184 5078 3415 5134 Gravius
3446 5077 3475 5130 ὁ
3503 5077 3835 5149 μακαρίτης.

405 5172 533 5231 Post
561 5172 787 5229 nultum
811 5187 938 5229 vero
970 5172 1117 5227 mihi
1139 5173 1529 5232 memorandus
1555 5183 1639 5231 est
1675 5174 1750 5231 W.
1803 5170 2105 5241 Lowthius,
2158 5170 2416 5227 Ecclesiae
2460 5170 2809 5227 eathedralis
2862 5170 3106 5225 Winton.
3148 5160 3570 5241 praebendarius
3614 5168 3834 5239 dignis-

400 5262 575 5323 simus
603 5276 617 5322 :
650 5262 751 5333 qui
776 5276 887 5321 non
915 5266 1091 5319 solum
1115 5266 1412 5332 perpetuas
1438 5265 1554 5334 fere
1584 5264 1646 5322 in
1677 5263 2008 5321 Clementem
2038 5271 2201 5317 notas
2226 5262 2372 5316 ultro
2401 5260 2547 5315 mihi
2585 5260 2807 5331 obtulit,
2856 5260 2954 5315 sed
3000 5261 3175 5315 etiam
3221 5257 3705 5314 Cohortationem
3756 5254 3832 5311 ad

406 5351 659 5419 amcos,
708 5358 761 5409 et
805 5354 925 5407 octo
986 5350 1347 5413 Stromatum
1394 5351 1568 5411 libros
1607 5368 1708 5424 pro
1755 5352 1978 5423 diversa
2025 5352 2306 5418 materix,
2361 5366 2475 5422 qua
2510 5352 2785 5417 constant,
2815 5351 3052 5419 ratione,
3083 5352 3352 5418 quatenus
3379 5346 3505 5416 ﬁeri
3531 5347 3735 5417 potuit,
3774 5347 3835 5400 in

399 5442 591 5511 capita
619 5438 853 5511 redegit.
886 5441 1007 5501 llaec
1035 5448 1220 5501 autem
1246 5440 1422 5513 infra,
1452 5441 1705 5514 propriis
1753 5450 2047 5519 auctorum
2090 5438 2415 5495 nominibus
2461 5438 2751 5504 distincta,
2800 5442 2853 5493 et
2898 5439 3014 5493 suis
3061 5451 3296 5509 quaeque
3347 5434 3486 5491 locis
3536 5435 3835 5507 disposita,

401 5528 770 5598 reperientur.
804 5527 955 5593 Alios;
981 5533 1253 5599 praeterea
1280 5530 1475 5601 rogavi
1504 5528 1710 5589 amicos
1739 5528 2029 5600 deciesque
2054 5530 2220 5594 viros,
2250 5534 2314 5585 ut
2361 5528 2639 5599 symbotus
2668 5542 2794 5587 suas
2822 5528 3178 5602 oon/errent,-
3208 5523 3487 5592 omnibus,
3518 5523 3619 5595 qui
3647 5523 3716 5579 ad
3738 5538 3839 5581 au-

400 5619 610 5672 ctorem
644 5624 893 5672 nostrum
918 5617 1313 5674 illustrandum
1341 5617 1811 5674 emendandumve
1836 5617 2051 5690 aliquid
2081 5616 2423 5685 tribuissent,
2456 5615 2693 5687 gratias,
2728 5632 2863 5688 quas
2908 5630 3147 5687 possem,
3180 5614 3470 5670 maximas
3522 5612 3837 5669 habiturus.

409 5707 599 5763 Utrum
627 5704 713 5760 his
744 5706 937 5762 usibus
968 5707 1355 5779 quadantenus
1380 5706 1660 5763 inservire
1706 5708 1971 5779 poterint,
2020 5722 2145 5779 qua:
2171 5723 2271 5763 nos
2297 5722 2326 5761 e
2353 5707 2510 5761 tenui
2550 5709 2736 5762 nostro
2762 5721 2910 5777 penu
2936 5704 3400 5777 deprompsimus,
3430 5717 3624 5775 aequus
3673 5702 3842 5759 lector

402 5795 573 5867 facile
590 5795 886 5865 judicabit.
916 5800 1041 5855 Hm
1092 5812 1255 5869 porro
1302 5796 1592 5869 excipiunt
1642 5813 1761 5869 quas
1807 5798 1872 5855 de
1920 5798 2200 5857 Clemente
2242 5796 2470 5868 ejusque
2515 5796 2739 5869 scriptis
2783 5794 3005 5864 collegit
3046 5796 3137 5852 vir
3181 5792 3545 5851 clarissimus
3595 5794 3840 5850 Joannes
