4142 6414
244 411 312 467 33
1531 399 1880 457 VETERUM

2031 396 2281 454 BTIMON
2289 398 2384 452 ΙΔ.
3597 400 3667 456 34

1231 696 1822 796 VETERUM
1899 690 2686 788 TESTIMONIA.

1294 1081 1579 1149 Eusebius,
1609 1076 1919 1135 Ecclesiast.
1951 1074 2162 1129 Hister.
2199 1071 2292 1126 lib.
2325 1087 2401 1140 1v,
2424 1087 2549 1141 cap,
2574 1071 2679 1128 26.

315 1197 523 1258 Τούτου
555 1195 614 1254 δὲ
640 1201 740 1253 τοῦ
772 1195 949 1273 λόγου
989 1197 1263 1271 μέμνηται
1298 1194 1536 1269 Κλήμης
1594 1195 1624 1249 ὁ
1653 1189 1907 1263 Ἀλεξαν-
1938 1226 1951 1264 Α

2096 1186 2281 1259 Hujus
2340 1192 2542 1243 autem
2593 1186 2731 1243 libri
2776 1188 3148 1245 mentionem
3203 1188 3347 1247 facit
3402 1190 3677 1248 Clemens

251 1285 397 1363 δρεὺς
428 1287 482 1343 ἰν
511 1285 642 1360 ἰδίῳ
672 1285 806 1359 Περὶ
826 1289 933 1342 τοῦ
962 1287 1160 1361 Πάσχα
1189 1282 1368 1361 λόγῳ,
1417 1280 1475 1340 ὄν
1510 1282 1563 1355 ἐξ
1593 1282 1771 1347 αἰτίας
1811 1288 1879 1351 τῆ

2047 1277 2466 1334 llexandrinus
2497 1277 2559 1333 in
2589 1294 2766 1351 Opere
2800 1296 2905 1334 suo
2924 1280 3003 1335 De
3018 1279 3305 1336 Paschate
3330 1301 3345 1348 ;
3377 1281 3537 1353 quod
3556 1282 3683 1353 qui-

239 1380 337 1430 τοῦ
368 1374 697 1440 Μελετωνος
741 1376 964 1454 γραφῆς
993 1375 1157 1454 φησὶν
1185 1374 1372 1430 ἑαυτὸν
1398 1371 1672 1445 συντάξαι.

2044 1367 2163 1424 lem
2188 1372 2255 1422 ut
2283 1367 3012 1437 conscriberet,Melitonis
3042 1370 3265 1426 librum
3296 1387 3536 1428 causam
3568 1372 3680 1428 sibi

2025 1463 2353 1536 praebuisse
2387 1467 2657 1518 testatur.

1590 1581 1761 1649 Idem,
1796 1581 1931 1636 ibid.
1964 1581 2058 1635 lib.
2088 1598 2140 1649 v,
2172 1598 2297 1652 cap.
2331 1582 2424 1636 Η.

324 1680 475 1739 Κατὰ
502 1684 699 1736 τοῦτον
730 1680 844 1753 (τὸν
898 1680 1226 1752 Πάνταινον)
1279 1685 1400 1742 ταῖς
1453 1677 1621 1742 θείαις
1678 1682 1916 1754 γραφαῖς

2105 1680 2382 1735 Clemens
2409 1678 2652 1751 gentilis
2682 1678 2845 1734 illius
2879 1679 3228 1751 Clementis,
3261 1680 3362 1751 qui
3387 1682 3681 1753 apostolo-

259 1770 695 1839 συνασκούμενος
725 1769 811 1825 ἐπ’
843 1767 1257 1846 Ἀλεξανδρείας
1288 1767 1611 1846 ἑγνωρίζετο
1652 1766 1893 1844 Κλήμης

2052 1787 2165 1827 υηι
2194 1769 2524 1842 discipulus
2555 1775 2703 1840 erat,
2735 1786 2803 1825 ac
2832 1772 3238 1827 Romanorum
3282 1772 3426 1828 olim
3453 1780 3688 1831 rexerat

258 1862 555 1935 ὁμώνυμος
605 1863 689 1932 τῷ
732 1856 907 1914 πάλαι
964 1865 1066 1928 τῆς
1097 1858 1388 1932 Ῥωμαίων
1419 1855 1747 1930 Ἐκκλησίας
1774 1860 1894 1935 ἠγηι

2051 1859 2378 1930 Ξοοιεείαω,
2412 1858 2781 1931 temporibus
2811 1860 3277 1933 Pantaeni,cujus
3297 1878 3479 1933 opera
3507 1863 3569 1918 in
3591 1881 3687 1919 sa-

261 1948 472 2023 σαμένῳ
504 1950 748 2027 φοιτητῇ
771 1950 884 2002 τῶν
934 1946 1281 2004 ἀποστόλων·
1327 1946 1388 2011 ὅς
1445 1943 1512 2017 δὴ
1543 1947 1634 2001 καὶ
1656 1946 1893 2020 ὀνομαστ

2052 1949 2150 2005 :ris
2181 1947 2399 2005 litteris
2430 1947 3121 2021 educatus,multumque
3153 1951 3508 2007 exercitatus
3541 1956 3688 2021 erat,

259 2037 308 2095 ἐν
338 2039 425 2100 αἷς
480 2036 762 2108 συνέταξεν
817 2035 1280 2107 Ὑποτυπώσεσιν,
1332 2036 1408 2100 ὡς
1464 2033 1524 2090 ἃν
1584 2031 1895 2091 διδασκάλω

2054 2036 2407 2093 llexandriaa
2453 2035 2766 2091 hominum
2796 2036 2956 2092 fama
3011 2041 3071 2092 et
3126 2041 3690 2097 commemoratione

259 2134 351 2186 τοῦ
383 2128 695 2185 Πανταίνου
731 2129 1030 2202 μέμνηται.
1079 2131 1280 2183 Τοῦτον
1338 2124 1397 2182 δὲ
1445 2125 1607 2182 αὐτὸν
1665 2126 1756 2182 καὶ
1811 2130 1895 2181 τῶι

2054 2126 2289 2182 nultum
2319 2124 2669 2182 nobilitatus
2700 2130 2790 2180 est
2817 2143 2831 2192 ;
2864 2125 2965 2197 qui
2983 2126 3224 2198 quidem
3238 2128 3301 2183 in
3332 2128 3501 2185 libris
3521 2129 3690 2183 Ὑπο-

262 2204 640 2292 Στὸωματὲων
694 2217 745 2272 ἐν
811 2217 1007 2293 πρώτῃ
1058 2217 1405 2291 συγγάμμαει
1452 2214 1776 2280 αἰνίττεσθαί
1828 2236 1897 2289 μο

2055 2215 2327 2270 τυπώσεων
2357 2216 2429 2272 ab
2488 2215 2618 2287 ipso
2651 2216 3018 2287 compositis,
3078 2219 3436 2274 nominatim
3475 2237 3691 2292 prame-

262 2306 428 2376 δοκεῖ,
462 2307 558 2361 ’ὅτε
592 2304 726 2368 τοὺς
758 2304 1191 2384 ἐμφανεστὲρους
1232 2305 1301 2374 ἧς
1332 2301 1658 2381 κατείληφεν
1693 2304 1898 2359 ἆποστο

2056 2305 2218 2362 ήοιιὶε
2250 2305 2341 2361 sui
2366 2304 2633 2360 Pantmni
2652 2304 3019 2361 mentionem
3048 2306 3399 2374 facit.Quem
3420 2310 3600 2365 etiam
3632 2311 3692 2367 in

264 2395 419 2468 λικῆς
451 2393 732 2471 διαδοχῆς
756 2394 1281 2468 ἑπισημαινόμενος,
1334 2399 1505 2449 ταῦτά
1558 2411 1744 2473 φησιν’
1778 2392 1900 2449 ’Πδπ

2056 2396 2229 2451 )rimo
2262 2395 2415 2450 libro
2464 2396 2803 2451 Stromatum
2847 2394 3081 2451 videtur
3110 2395 3402 2465 innuisse,
3435 2398 3537 2453 ubi
3567 2416 3692 2455 cer-

266 2442 418 2541 Ξέζὲ
439 2442 782 2562 ᾆρξιξιὲἷνὲιξ
790 2442 1088 2555 ’ἓζὲἆῖέζζ
1099 2442 1522 2559 :‘.‘.‘.;..‘.;.‘.:,
1553 2442 1664 2552 ἶςέζ
1678 2442 1734 2552 ’ἦ
1794 2442 1902 2558 τῖρόὲ

2057 2442 2226 2451 ,--...-
2264 2442 2411 2450 ---η
2464 2442 2801 2451 ..-.-..-_-....-
2859 2442 3070 2451 .-_--..-
3111 2442 3402 2465 ..........,.,ν,
3439 2442 3537 2453 ...η
3567 2442 3657 2455 υ...

2057 2502 2130 2540 ω
2161 2483 2453 2554 quosdam
2484 2485 2641 2539 viros
2670 2484 3000 2556 apostolica
3029 2484 3303 2543 doctrina
3334 2488 3536 2560 (quam
3566 2488 3693 2560 ipse

264 2574 508 2648 ἑματεία·
569 2571 723 2629 ἀλλά
777 2594 873 2647 μοι
925 2573 1299 2652 ὑπομνήματα
1349 2572 1428 2635 εἷς
1462 2578 1638 2648 γῆρας
1666 2570 1898 2647 θησαυρί

2059 2574 2108 2630 Lb
2135 2573 2258 2629 illis
2289 2574 2621 2646 acceperat)
2678 2589 2814 2629 cum
2866 2574 3076 2646 primis
3109 2575 3354 2632 eximios
3400 2582 3695 2646 recenset,

272 2671 433 2734 ζεται,
470 2663 662 2734 λήθης
693 2664 1008 2741 φάρμακον,
1068 2659 1302 2717 εἴδωλον
1358 2660 1604 2736 ἀτεχνῶς
1650 2661 1740 2716 καὶ
1772 2681 1908 2715 σκια-

2058 2662 2130 2716 iis
2162 2660 2357 2716 verbis
2386 2677 2398 2715 :
2423 2660 2588 2716 Istud
2617 2677 2652 2716 a
2680 2677 2775 2716 me
2827 2661 2956 2734 jam
3016 2661 3355 2720 institutum
3393 2681 3542 2736 opus
3574 2682 3694 2720 non

271 2752 471 2828 γραφία
499 2757 613 2807 τῶν
644 2750 883 2826 ἐναργῶν
909 2749 1004 2806 καὶ
1030 2748 1297 2825 ἐμψύχων
1357 2749 1573 2805 ἱκείνων
1626 2752 1699 2805 ὧν
1757 2770 1895 2819 κατη

2062 2756 2130 2806 :st
2158 2755 2317 2806 certe
2333 2767 2481 2822 opus
2510 2750 2827 2806 artiﬁciose
2857 2751 2931 2806 ad
2961 2752 3204 2807 inanem
3236 2753 3698 2810 ostentationem

274 2842 466 2914 ειώθην
496 2841 727 2895 ἀκοῦσαι
771 2838 952 2916 λόγων
984 2859 1044 2894 τε
1089 2836 1182 2893 καέ
1231 2834 1454 2915 ἀνδρῶν
1505 2839 1788 2913 μακαρίων
1841 2858 1910 2892 κα

2061 2839 2433 2905 :laboratum,
2469 2839 2569 2893 sed
2627 2843 2911 2909 tanquam
2945 2842 3409 2898 commentarius
3440 2842 3515 2899 ad
3554 2843 3697 2898 obli-

268 2935 344 3000 τῷ
367 2927 485 2986 ὄντι
519 2926 854 3004 ἀξιολόγων.
885 2928 1112 2985 Τούτων
1145 2928 1175 2982 ὁ
1227 2927 1346 3001 μὲν,
1380 2924 1468 2982 ἐπὶ
1511 2934 1613 2997 τῆς
1643 2923 1904 2988 Ἑλλάδος

2062 2929 2235 2985 rionis
2265 2928 2542 2984 morbum
2573 2927 2986 2984 curandumin
3001 2946 3297 2987 summam
3331 2938 3698 2989 senectutem

271 3020 298 3074 ὁ
328 3019 594 3080 Ἰωνικός⁹
627 3019 657 3072 ὁ
690 3015 768 3074 δὲ.
803 3016 896 3073 ἐπὶ
954 3024 1056 3088 τῆς
1093 3015 1338 3094 μεγάλης
1380 3013 1671 3079 Ἑλλάδος’
1701 3022 1804 3085 τῆς
1824 3016 1907 3072 κοί

2066 3019 2362 3092 'epositus,
2421 3018 2810 3076 simulacrum
2841 3019 3017 3092 plane
3057 3026 3118 3076 et
3173 3022 3549 3080 adumbratio
3580 3041 3702 3079 non

278 3107 377 3179 λης
402 3107 601 3183 ἅτερος
634 3108 817 3164 αὐτῶν
852 3107 1050 3183 Συρίας
1095 3106 1184 3175 ἦν’
1246 3107 1276 3161 ὁ
1334 3104 1414 3178 δὲ,
1470 3106 1563 3161 ἀπ’
1626 3104 1914 3182 Αἰγύπτου

2067 3108 2224 3165 nodo
2239 3107 2497 3165 efﬁcacis
2510 3107 2673 3164 illius
2689 3108 2950 3180 etplenas
2969 3109 3181 3182 spiritu
3201 3128 3269 3167 ac
3284 3112 3402 3167 vita
3416 3113 3703 3169 doctrina)

279 3198 436 3255 ἄλλοι
474 3195 670 3270 δὲβνὰ
687 3198 788 3267 τήν
817 3195 1140 3267 Ἀνατολής·
1172 3196 1265 3252 καὶ
1292 3194 1498 3267 ταύτης
1527 3196 1556 3251 ὁ
1592 3195 1687 3269 μὲν
1717 3200 1912 3267 τις,τῶ

2069 3214 2229 3271 [nam
2258 3198 2406 3253 mihi
2433 3215 2783 3254 concessum
2841 3203 2932 3254 est
2986 3199 3194 3256 audire
3226 3219 3240 3267 ;
3289 3218 3493 3259 verum
3525 3205 3705 3259 etiam

280 3285 605 3361 Ἀσσυρίων·
639 3288 668 3342 ὁ
729 3284 810 3357 δὲ,
840 3284 895 3341 ἐν
924 3289 994 3360 τῇ
1029 3283 1368 3360 Παλαιστίνῃ
1394 3305 1409 3355 ;
1440 3279 1700 3361 Ἑϐραῖος
1752 3284 1913 3340 ὰνὲκα

2075 3293 2358 3344 veatorum
2415 3288 2752 3354 hominum,
2820 3288 2921 3359 qui
2970 3295 3110 3344 sunt
3160 3290 3428 3347 omnium
3506 3310 3711 3350 revera

284 3377 389 3432 θεν.
419 3375 666 3450 Ὑστάτῳ
688 3373 748 3431 δὶ
798 3373 1136 3452 περινυχών·
1169 3371 1395 3449 δυνάμει
1451 3370 1510 3429 δὲ
1566 3370 1670 3450 ἄρα
1723 3377 1920 3451 πρῶτος

2070 3376 2368 3450 praeconiis
2386 3377 2598 3432 merito
2611 3376 3243 3443 celebrandi.Quorum
3259 3396 3416 3436 unus
3437 3383 3706 3439 Iconicus

282 3466 370 3534 ἦν*
392 3466 792 3539 ἀνεπαυσάμην
825 3463 879 3521 ἐν
913 3463 1177 3540 Αἰγύπτῳ
1204 3464 1446 3540 θνηρᾶσας
1468 3461 1762 3534 λεληθότα.
1786 3461 1918 3519 Ἀλλ

2069 3486 2294 3545 genere,
2326 3470 2389 3524 in
2423 3470 2647 3525 Gracia
2685 3468 2826 3524 vixit
2857 3487 2873 3538 ;
2933 3468 3085 3525 alter
3114 3487 3391 3544 magnam
3423 3475 3705 3531 Graeciam

284 3553 336 3608 οἰ
368 3555 490 3628 μὶν,
521 3556 626 3624 τὴν
652 3555 837 3626 ἀληθῆ
896 3556 997 3619 τῆς
1031 3553 1301 3628 μακαρίας
1358 3550 1712 3615 διδασκαλίας
1743 3552 1919 3622 σώζον

2069 3558 2309 3617 incoluit
2340 3577 2354 3627 ;
2378 3559 2534 3615 alter
2563 3559 2625 3614 in
2650 3558 2973 3631 leesyria
2993 3564 3190 3629 natus,
3206 3561 3429 3619 ibidem
3449 3580 3705 3621 commo-

280 3665 365 3707 τες
384 3641 726 3723 παράδοσιν,
778 3642 941 3706 εὐθὺς
995 3642 1103 3698 ἀπὸ
1162 3642 1369 3719 Πέτρου
1415 3663 1474 3698 τε
1521 3642 1613 3698 καὶ
1661 3637 1916 3698 Ἰακώϐου

2070 3655 2223 3705 ratus
2249 3652 2341 3705 est
2372 3666 2386 3717 ;
2420 3648 2573 3703 alter
2621 3664 2692 3703 ex
2748 3650 2992 3722 Egypto
3053 3649 3342 3706 oriundus
3412 3652 3525 3708 fuit
3557 3671 3571 3720 ;
3605 3652 3706 3710 alii

283 3739 543 3797 Ἰωάννου
571 3757 633 3791 τε
660 3735 754 3791 καὶ
784 3733 1012 3793 Παύλου
1058 3738 1171 3790 τῶν
1227 3733 1397 3809 ἆγίων
1453 3731 1801 3804 ἀποστόλων,
1825 3738 1919 3789 παῖ

2072 3737 2364 3793 Drientem
2395 3736 2667 3792 doctrina
2697 3736 3035 3809 evangelica
3054 3736 3399 3795 imbuerunt
3420 3757 3434 3794 :
3454 3756 3708 3812 quorum

281 3829 428 3903 παρᾶ
487 3825 702 3901 πατρὸς
760 3822 1139 3897 ἐκδεξάμενοςσ
1217 3821 1403 3898 ὀλίγοι
1465 3819 1523 3878 δὲ
1572 3822 1624 3877 οἱ
1682 3822 1916 3899 πατράσι

2079 3842 2215 3881 mus
2246 3842 2317 3881 ex
2346 3825 2604 3897 Assyriis
2635 3830 2959 3898 prognatus
2981 3831 3092 3893 est,
3124 3825 3278 3882 alius
3302 3827 3366 3883 in
3396 3829 3715 3888 Palaestina

284 3919 495 3991 ὅμοιοι·
532 3918 670 3985 ἧκον
698 3912 768 3983 δὴ
827 3915 920 3969 σὸν
970 3917 1089 3986 Θεῷ
1116 3911 1208 3967 καὶ
1266 3909 1342 3974 εἲς
1369 3913 1521 3985 ⁴ἡμᾶς
1548 3912 1619 3966 τὰ
1644 3931 1920 3989 προγονικ

2077 3915 2308 3986 antiqua
2338 3915 2723 3971 Hebraeorum
2746 3916 2928 3988 stirpe
2961 3915 3176 3973 e'litus.
3203 3919 3275 3973 Et
3302 3935 3438 3974 cum
3468 3918 3713 3978 demum

285 4006 463 4062 ἐκεῖνα
485 4005 582 4060 καὶ
640 4000 985 4058 ἀποστολικὰ
1035 4000 1502 4073 κατασθησόμενοι
1534 4000 1839 4077 σπέρματα.

2084 4020 2187 4075 pse
2220 4004 2526 4059 hominem
2570 4004 2632 4059 in
2662 4006 2904 4078 [Egypto
2953 4004 3403 4063 delitescentem
3435 4009 3716 4084 vestigas-

287 4116 435 4167 sem,
454 4098 647 4167 inque
675 4111 811 4150 eum
838 4099 1208 4166 postremum
1240 4092 1611 4159 incidissem,
1643 4092 1746 4164 qui
1775 4091 1989 4148 virtute
2021 4099 2080 4148 et
2109 4093 2382 4149 doctrina
2410 4098 2538 4150 erat
2564 4110 2629 4150 re
2665 4093 2794 4165 ipsa
2851 4095 3122 4150 omnium
3184 4097 3435 4168 primus,
3471 4100 3711 4155 tandem

287 4206 421 4244 cum
453 4187 568 4242 illo
600 4183 937 4256 conquievi.
986 4184 1178 4253 Atque
1226 4182 1325 4238 isti
1371 4197 1573 4237 veram
1634 4186 2027 4237 sacrosanctae
2081 4182 2368 4238 doctrinas
2427 4183 2836 4252 traditionom,
2893 4200 3072 4256 quam
3132 4187 3528 4244 successionis
3560 4191 3713 4245 serie

286 4278 358 4333 ab
390 4277 545 4350 ipsis
575 4291 767 4347 usque
799 4271 1025 4330 sanctis
1054 4271 1367 4343 apostolis,
1399 4273 1594 4341 Petro,
1617 4271 1856 4340 Jacobo,
1886 4273 2110 4328 Joanne
2129 4277 2188 4327 et
2210 4272 2394 4328 Paulo
2425 4273 2865 4338 deducta,velut
2894 4273 3054 4329 ﬁlius
3084 4289 3118 4330 a
3145 4280 3313 4346 patre
3344 4283 3720 4348 acceperant,

286 4366 427 4423 licet
454 4364 637 4439 pauci
660 4379 915 4420 numero
950 4360 1146 4435 (pauci
1177 4360 1338 4417 enim
1369 4367 1510 4417 sunt
1536 4360 1807 4433 patribus
1842 4360 2094 4432 similes)
2119 4360 2357 4417 assidue
2389 4361 2912 4432 conservantes,ad
2942 4368 3208 4418 nostram
3239 4368 3475 4419 aatatem
3505 4381 3717 4437 usque,

287 4457 492 4514 divina
523 4456 760 4512 favente
802 4452 1144 4522 clementia,
1175 4452 1356 4508 vitam
1386 4456 1810 4526 propagarunt,
1844 4467 1961 4523 quo
1978 4452 2227 4523 antiqua
2251 4451 2357 4509 illa
2376 4457 2436 4507 et
2455 4450 2786 4525 apostolica
2831 4451 3117 4508 doctrinm
3158 4453 3461 4525 praedictus
3493 4457 3726 4515 semina

290 4546 348 4602 in
380 4546 611 4603 animis
632 4543 856 4601 nostris
886 4544 1242 4599 insererent.

1588 4672 1758 4740 Idem,
1791 4671 1925 4726 ibid.
1964 4670 2060 4726 lib.
2089 4685 2142 4740 ν,
2178 4687 2302 4742 cap.
2333 4670 2439 4728 28.

357 4775 467 4832 Ἦν
502 4771 559 4828 δ’
587 4771 650 4828 ἄν
679 4770 854 4848 τυχὸν
886 4771 1111 4835 πιθανὸν
1142 4771 1206 4826 τὸ
1239 4768 1558 4846 λεγόμενον,
1593 4768 1638 4824 εἰ
1700 4768 1776 4842 μή
1809 4772 1964 4844 πρῶ-

2147 4772 2229 4827 Ac
2257 4769 2510 4826 fortasse
2542 4768 2601 4825 id
2652 4769 2809 4842 quod
2836 4767 3065 4839 dicunt,
3098 4770 3383 4828 credibile
3407 4772 3728 4848 videretur,

286 4883 379 4919 τον
427 4863 531 4936 μὲν
567 4860 895 4917 ἆντὲπιπτον
928 4859 1118 4922 αὐτοῖς
1151 4860 1206 4914 αἱ
1237 4861 1378 4915 θεῖαι
1414 4858 1643 4934 Γραφαίο
1676 4857 1768 4913 καὶ
1797 4854 1922 4913 ἀδελ

2097 4860 2192 4915 nisi
2219 4861 2305 4916 eis
2334 4860 3051 4933 refragarenturprimum
3067 4861 3309 4932 quidem
3343 4862 3555 4919 divinas
3577 4866 3733 4920 Scri-

286 4957 404 5027 φῶν
436 4949 501 5007 δέ
529 4971 696 5006 τινων
728 4948 841 5005 ἐστὶ
891 4947 1192 5025 γράμματα
1242 4943 1583 5026 πρεσϐύτερα
1629 4951 1740 5003 τῶν
1770 4947 1922 5004 Βίκτε

2096 4954 2262 5005 ituras
2297 4966 2311 5018 ;
2345 4949 2558 5005 deinde
2589 4948 2839 5004 fratrum
2871 4948 3266 5021 quorumdam
3298 4953 3732 5024 scripta,Victo-

288 5061 383 5117 ρος
415 5035 709 5117 χρόνων,ἆ’
734 5037 931 5094 ἐκεῖνοι
963 5037 1102 5114 πρὸς
1127 5039 1197 5093 τὰ
1225 5033 1352 5108 ἔθνη
1387 5036 1520 5113 ὑπὲρ
1548 5043 1648 5107 τῆς
1679 5032 1924 5107 ἀληθεία‹

2099 5040 2157 5095 ’ὶε
2179 5044 2354 5095 astate
2386 5038 2749 5111 antiquiora,
2784 5055 2918 5111 quos
2949 5039 3039 5094 illi
3098 5039 3380 5097 adversus
3437 5046 3643 5115 gentes
3675 5048 3735 5097 et

285 5132 378 5187 καὶ
410 5131 560 5208 πρὸς
590 5130 687 5192 τὰς
714 5128 841 5185 τότε
888 5128 1128 5202 αἱρὲσεις
1185 5123 1445 5202 ἔγραψαν.
1506 5122 1666 5201 Λέγω
1719 5123 1777 5180 δὲ
1827 5127 1921 5181 Ἰοι

2095 5134 2284 5186 :ontra
2314 5129 2403 5185 sui
2438 5129 2724 5201 temporis
2750 5128 3066 5185 hmreticos
3109 5146 3217 5201 pro
3244 5130 3507 5186 veritatis
3529 5129 3731 5186 defen-

285 5221 481 5276 στίνου
529 5219 624 5275 καὶ
681 5214 996 5277 Μιλτιάδου
1033 5215 1127 5272 καὶ
1173 5220 1442 5272 Τατιανοῦ
1471 5214 1562 5272 καὶ
1616 5213 1921 5288 Κλήμεντω

2093 5219 2243 5275 tione
2270 5217 2961 5291 scripseruntJustinum
2986 5217 3276 5292 intelligo,
3301 5224 3359 5275 et
3378 5218 3729 5288 Miltiadem,

285 5316 379 5367 καί
411 5311 622 5387 ἑτέρων
650 5304 928 5366 πλειόνων
957 5306 1010 5363 ἐν
1043 5307 1125 5368 οἷς
1163 5303 1330 5362 ἅπασι
1376 5305 1720 5382 θεολογεῖται
1772 5305 1801 5360 ὁ
1831 5310 1921 5379 Χρι

2096 5312 2136 5362 ει
2153 5307 2484 5373 Tatianum,
2517 5322 2585 5361 ac
2615 5304 3008 5373 Clementem,
3068 5305 3339 5377 aliosque
3361 5305 3732 5377 quampluri-

290 5401 446 5465 στός.
1989 5409 2036 5473 Ι)
2067 5414 2201 5460 mos
2228 5440 2242 5466 ,
2280 5396 2344 5452 in
2401 5411 2654 5467 quorum
2685 5394 2953 5450 omnium
3012 5393 3186 5450 libris
3215 5394 3432 5449 Christi
3458 5394 3736 5452 divinitas

2080 5486 2389 5546 astruitur.

1527 5611 1698 5678 Idem,
1728 5611 1866 5669 ibid.
1891 5612 1987 5668 lib.
2008 5631 2078 5682 γι,
2105 5631 2228 5684 cap.
2258 5610 2333 5667 l3
2356 5618 2407 5666 et
2444 5608 2539 5664 44.

369 5735 493 5789 Τοῦ
524 5728 582 5786 δὲ
611 5728 953 5804 Κλήμεντος
988 5732 1340 5805 Στρωματεῖς
1373 5727 1425 5781 οἱ
1455 5724 1651 5789 πάντες
1674 5725 1820 5781 ὀκτὼ
1850 5730 1976 5804 παρ’

2163 5728 2486 5785 Clementis
2512 5741 2723 5781 omnes
2781 5729 2912 5779 octo
2964 5723 3102 5778 libri
3136 5728 3514 5799 Στρωματεῖς,
3542 5726 3604 5783 id
3653 5731 3744 5783 est

299 5822 447 5895 ἡμῖν
479 5821 771 5891 σώζονται·
802 5816 898 5880 οὕς
928 5815 1019 5874 καὶ
1067 5814 1331 5887 τοιαύτης
1361 5813 1588 5886 ἠξίωσεν
1642 5812 1935 5893 ἐπιγραφῆι

2103 5821 2242 5876 uarie
2271 5818 2536 5887 contexti,
2567 5812 2725 5886 apud
2782 5829 2891 5868 nos
2936 5812 3153 5886 integri
3212 5819 3543 5882 servantur,
3592 5831 3739 5884 quos
