4142 6410
436 376 508 433 39
1666 369 2002 426 CLEHBNS
2039 366 2637 425 ALBXANDBINUB.
3790 370 3864 426 4ο

428 500 808 575 complexum
828 499 1076 569 dixisse,
1105 500 1226 556 Pax
1256 496 1385 565 tibi,
1418 494 1712 567 illumque
1741 478 2078 550 osculatum
2120 507 2291 560 esse;
2351 495 2411 547 et
2467 490 2552 547 sic
2609 488 2854 546 tandem
2910 494 3234 564 utrumque
3275 492 3468 549 securi
3511 510 3861 567 percussum

427 591 610 646 vitam
632 589 990 647 deseruisse.

1645 673 1817 740 Idem,
1850 672 2103 728 Chronic.
2134 673 2365 739 Canam,
2389 686 2529 742 pag.
2553 669 2681 726 216

434 800 729 867 Clemens,
781 799 1117 854 Stromalum
1172 800 1399 866 auctor,
1441 790 1858 849 Alexandrinae
1887 789 2070 847 Eccle‘

2280 785 2517 861 Κλήμης
2550 788 2578 843 6
2610 787 2975 861 Στρωματεὺς
3018 782 3383 864 πρεσϐύτερος
3425 787 3860 866 Ἀλεξανδρείας,

433 889 536 946 size
558 886 1159 962 presbyter,optimus
1184 883 1535 940 Christianae
1552 879 1946 954 philosophiae
1968 895 2069 935 ma

2226 873 2424 951 ὶριστος
2480 874 2809 940 διδάσγαλος
2868 876 2921 932 ἐν
2978 881 3048 952 τῇ
3104 877 3241 934 κατὰ
3282 880 3511 956 Χριστὸν
3544 879 3862 960 φιλοσοφίᾳ,

431 979 635 1051 gister,
668 976 836 1032 libris
868 974 1318 1032 conscribendis
1347 972 1629 1029 inclaruit
1660 987 1674 1038 ;
1699 974 1759 1027 et
1777 971 2064 1027 Pantaenu

2226 969 2512 1023 ιυντάττων
2574 963 2899 1041 διέλαμπεν,
2957 966 3048 1023 καὶ
3092 966 3391 1034 Πάνταινος
3420 968 3727 1051 φιλόσοφος
3756 971 3862 1028 ἀπὸ

432 1084 463 1124 e
494 1067 825 1123 Stoicorum
853 1069 1016 1122 secta
1042 1062 1457 1137 philosophus,
1513 1061 1576 1117 in
1623 1059 1841 1115 divinis
1880 1057 2061 1114 litteri

1692 1059 1841 1115 vinis
1880 1057 2095 1114 litteris
2207 1057 2469 1114 Στωῖγῶν
2498 1054 2551 1113 ἐν
2581 1060 2661 1130 τῷ
2692 1056 2818 1131 θείῳ
2842 1054 2996 1133 λόγῳ
3022 1053 3328 1134 διέπρεπεν.

435 1155 735 1212 excelluit.

1548 1252 1717 1319 Idem,
1751 1251 2001 1320 Prwpar.
2035 1247 2309 1319 evangel.,
2342 1247 2441 1302 lib.
2474 1263 2535 1315 ιι,
2568 1264 2691 1319 cap.
2722 1247 2786 1305 2.

504 1366 695 1436 Atque
725 1364 941 1419 horum
972 1359 1402 1433 turpitudinem
1429 1356 1802 1415 admirabilis
1831 1357 1933 1412 ille
1963 1356 2096 1412 Cle-

2272 1357 2449 1409 Ταῢτα
2478 1351 2537 1408 δὲ
2586 1351 2824 1427 Κλήμης
2857 1354 2885 1410 6
2940 1355 3242 1428 θαυμάσιος
3272 1354 3325 1411 ἐν
3382 1360 3463 1430 τῷ
3490 1358 3629 1433 πρὸς
3655 1358 3864 1433 Ἕλλη.

432 1470 629 1522 mens,
688 1469 758 1509 ea
814 1466 995 1524 quam
1040 1450 1115 1505 ad
1161 1450 1370 1506 (ἔνθεος
1429 1447 1630 1518 dirigit
1688 1446 2068 1502 Cohortatione

2225 1464 2297 1507 νας
2361 1445 2759 1519 Προτρεπτικῷ
2845 1439 3149 1520 διαρρήδην
3207 1442 3535 1501 ἐκκαλύπτει
3572 1493 3586 1515 ,
3645 1449 3861 1505 πάντων

433 1542 658 1598 nudam
688 1540 1076 1611 omniumque
1138 1535 1524 1609 spectandam
1554 1534 1744 1591 oculis
1790 1534 2069 1606 proponit

2231 1533 2300 1587 ιέν
2335 1528 2425 1587 διὰ
2447 1533 2643 1605 πείρας
2675 1530 2846 1589 ἐλθὼν
2878 1531 3042 1607 ἆιήρ,
3096 1533 3288 1597 θᾶττόν
3331 1555 3393 1611 γε
3443 1537 3552 1609 μὴν
3578 1544 3679 1608 τῆς
3721 1539 3867 1595 πλά.

433 1632 657 1705 quippe
687 1631 789 1702 qui
821 1646 957 1685 cum
1010 1644 1222 1682 omnes
1253 1625 1495 1681 illorum
1548 1625 1935 1680 caaremonias
1987 1641 2069 1679 sua

2225 1642 2301 1690 ἠς
2334 1620 2645 1693 ἀνανεύσας,
2677 1621 2752 1683 ὡς
2798 1620 2857 1677 ἃν
2922 1622 3055 1698 πρὸς
3109 1627 3206 1679 τοῦ
3240 1625 3516 1699 σωτηρίου
3547 1624 3740 1705 λόγου,
3769 1630 3861 1685 καὶ

431 1719 624 1793 ipsius
657 1718 1026 1792 experientia
1068 1713 1426 1788 cognoverit,
1476 1718 1605 1769 tum
1662 1714 1971 1769 celerrime
2018 1712 2067 1768 al

2240 1709 2294 1765 ιὰ
2317 1716 2419 1780 τῆς
2469 1708 2829 1787 εὖαγγελικῆς
2888 1708 3241 1776 διδασκαλίας
3290 1717 3399 1769 τῶν
3458 1716 3639 1772 κακῶν
3699 1715 3867 1775 λελυ-

430 1809 643 1865 infami
669 1824 870 1863 errore
902 1808 1083 1878 caput
1110 1803 1407 1871 extulerit,
1461 1802 1624 1857 verbi
1673 1801 1973 1870 salutaris,
2037 1818 2066 1857 e

1045 1808 1083 1859 ιι
1110 1803 1407 1871 extulerit,
1461 1802 1624 1857 verbi
1673 1801 1973 1870 salutaris,
2037 1807 2095 1857 et
2198 1799 2497 1876 τρωμὲνος.
2545 1842 2560 1858 .
2604 1842 2621 1857 .
2667 1840 2681 1858 .

434 1896 792 1970 evangelicae
825 1893 1113 1950 doctrinm
1144 1892 1198 1946 vi
1232 1908 1304 1947 ex
1334 1895 1423 1946 tot
1468 1895 1889 1963 tantorumque
1908 1890 2097 1946 malo-

429 2003 566 2043 rum
594 1966 947 2058 contagione
987 1981 1296 2049 liberatus,
1332 1985 1444 2038 etc.
2124 1966 2173 2029 B

1727 2080 1900 2146 Idem,
1931 2079 2069 2134 ibid.
2102 2078 2194 2136 lib.
2230 2095 2293 2147 η,
2324 2095 2449 2149 cap.
2481 2078 2542 2134 5.

505 2201 710 2271 Itaque
768 2197 1017 2254 deorum
1065 2196 1331 2267 ipsorum
1364 2193 1542 2261 aedes,
1575 2198 1949 2249 mortuorum
2008 2211 2092 2249 se-

2278 2193 2464 2256 Ἔνθεν
2497 2190 2684 2247 αὐτοῖς
2737 2190 2829 2245 καὶ
2888 2192 2942 2246 οἱ
2968 2196 3075 2247 τῶν
3110 2195 3244 2249 θεῶν
3293 2194 3457 2264 οἶκοι,
3486 2202 3691 2272 νεκρῶν
3727 2199 3864 2255 εἶναι

437 2289 647 2363 pulcra
668 2303 799 2343 esse
831 2285 1247 2358 perhibentur,
1281 2282 1783 2355 quemadmodum
1822 2283 2073 2339 Clemen:

2237 2278 2365 2358 άφοι
2401 2278 2862 2353 μνημονεύονται,
2895 2280 2969 2341 ὡς
3001 2281 3030 2335 6
3060 2283 3304 2355 Κλήμης
3344 2283 3396 2339 ἐν
3427 2288 3508 2357 τῷ
3563 2287 3701 2363 πρὸς
3731 2287 3870 2345 Ἑλ.

442 2380 505 2434 in
528 2394 599 2433 ea
628 2393 808 2449 quam
866 2374 941 2430 ad
998 2375 1207 2431 Graecos
1267 2372 1475 2428 scribit
1506 2372 1888 2427 Cohortatione
1936 2389 2069 2428 com

2231 2389 2383 2440 ιηνας
2443 2372 2836 2443 Προτρεπτικῷ
2891 2369 3139 2445 ἱστορεῖ,
3195 2374 3294 2426 τοῦ
3353 2371 3526 2449 λόγου
3587 2377 3867 2453 μάρτυρας

441 2467 1099 2533 memorat,Graacorum
1122 2462 1390 2535 ipsorum
1412 2460 1757 2518 testimonia
1767 2462 2077 2533 proferens

1649 2460 2098 2533 .niaproferens,
2210 2458 2406 2521 αὐτοὺς
2434 2455 2717 2530 Ἕλληνας
2745 2457 3107 2537 ἑπαγόμενος.
3153 2504 3166 2519 .
3212 2506 3227 2519 .
3272 2505 3285 2520 .

446 2561 558 2614 etc.

1690 2651 1864 2719 Idem,
1912 2650 2075 2719 ibid,
2110 2649 2206 2704 lib.
2240 2666 2312 2717 Iv,
2345 2665 2470 2720 cap.
2512 2649 2609 2704 46.

510 2772 647 2828 Jure
677 2785 820 2825 sane
850 2773 911 2824 et
937 2767 1151 2825 merito
1181 2766 1478 2836 Clemens,
1498 2766 1587 2823 vir
1617 2766 1793 2840 plane
1824 2767 2097 2841 singula-

2281 2762 2523 2827 Εἰκότως
2556 2761 2659 2839 ἄρα
2684 2764 2713 2819 6
2745 2762 3047 2839 θαυμάσιος
3077 2764 3323 2842 Κλήμης
3376 2767 3427 2824 ἐν
3456 2774 3536 2843 τῷ
3567 2773 3703 2848 πρὸς
3735 2773 3867 2832 Ἕλ-

438 2862 542 2929 ris,
575 2861 638 2915 in
669 2875 740 2915 ea
764 2875 944 2930 quam
994 2856 1320 2930 gentilibus
1350 2857 1656 2930 inscripsit
1686 2857 2074 2914 Cohortalione

2233 2873 2380 2922 ιηνας
2409 2856 2825 2930 Προτρεπτικῷ,
2878 2853 3013 2909 αὐτὰ
3069 2851 3136 2924 δὴ
3166 2860 3333 2913 ταῦτα
3391 2858 3869 2938 ἐπιμεμφόμενος,

439 2951 647 3007 eadem
678 2950 792 3005 ista
814 2964 1090 3020 carpens,
1120 2948 1434 3004 hominum
1484 2948 1726 3005 illorum
1768 2948 2075 3005 caecitaten

2239 2947 2391 3005 οιάδε
2419 2950 2506 3005 καὶ
2541 2949 2700 3014 αὐτὸς
2727 2951 2827 3020 τὴν
2886 2950 3101 3023 πλάνην
3160 2958 3268 3010 τῶν
3319 2955 3620 3033 ἀνθρώπων
3654 2960 3866 3018 ἀπολο-

439 3040 825 3106 lamentatur,
858 3043 970 3094 etc.

938 3056 970 3094 ι.
2208 3037 2455 3114 φύρεται.
2500 3081 2516 3098 .
2562 3084 2574 3098 .

1811 3156 1983 3225 Idem,
2016 3156 2112 3212 lib.
2147 3174 2224 3225 ix,
2252 3175 2375 3225 cap.
2411 3158 2469 3214 6.

1811 3176 1983 3225 mem,
2016 3176 2112 3212 uo.

511 3264 702 3335 Atque
732 3261 906 3318 istius
937 3259 1410 3333 etiam(Clearchi
1428 3260 1862 3333 scil.)Clemens
1884 3266 2090 3318 noster
2119 3264 2147 3332 (

2252 3176 2375 3230 cap.
2411 3176 2469 3214 ο.

2272 3262 2488 3318 Τούτου
2518 3263 2577 3318 δὶ
2636 3263 2965 3337 μνημονεύει
2999 3265 3091 3321 καὶ
3145 3267 3175 3322 6
3229 3268 3500 3346 ἡμέτερος
3539 3272 3778 3347 Κλήμης
3811 3274 3867 3331 ὲν

436 3352 593 3409 libro
624 3352 819 3424 primo
843 3352 1180 3406 Stromalum
1211 3350 1509 3421 meminit,
1538 3357 1649 3407 etc.

1312 3350 1509 3421 minit,
1538 3357 1649 3407 etc.
2204 3354 2284 3423 τῷ
2314 3351 2523 3427 πρώτῳ
2556 3357 2947 3427 Στρωματεῖ...

1809 3469 1981 3537 Idem,
2014 3469 2110 3526 lib.
2150 3487 2208 3539 x,
2242 3485 2364 3542 cap.
2400 3471 2455 3529 Ι.

512 3578 584 3631 Et
613 3573 896 3646 quoniam
926 3573 1200 3631 Clemens
1230 3574 1331 3631 ille
1363 3579 1569 3630 noster
1612 3573 1741 3630 fuse
1782 3573 2103 3631 admodum

2284 3576 2344 3633 Ὀ
2380 3576 2474 3664 μὲν
2504 3572 2596 3631 οὖν
2629 3576 2897 3654 ἡμέτερος
2947 3580 3211 3653 Κλήμης,
3243 3579 3295 3638 ἐν
3325 3579 3468 3658 (ἕκτῳ
3519 3591 3867 3664 Στρωματεῖ,

444 3666 736 3722 Stromate
751 3667 915 3719 sexto
937 3662 1591 3736 disputationemistam
1617 3664 2079 3735 exsequitur,etc

2049 3682 2102 3721 c.
2210 3664 2310 3733 τήν
2342 3663 2466 3741 περὶ
2490 3664 2687 3721 τούτου
2715 3664 2966 3722 σύστασιν
2989 3666 3067 3731 εἷς
3098 3667 3306 3734 πλάτος
3338 3662 3684 3743 ἀπηύθυνε...

1848 3782 2016 3850 Idem,
2048 3783 2185 3838 ibid.
2214 3799 2338 3854 cap.
2375 3783 2433 3839 δ’.

522 3889 650 3945 lam
695 3904 831 3944 vero
888 3887 1254 3945 Clementem
1302 3886 1442 3943 audi
1498 3886 1561 3941 in
1623 3886 1831 3943 eadem
1874 3905 2109 3945 mecum

2290 3895 2398 3959 Τῆς
2431 3885 2477 3943 δ’
2520 3887 2689 3960 αὐτῆς
2744 3891 2882 3964 ἡμῖν
2946 3891 3254 3958 ὑποθέσεως
3304 3896 3647 3975 ἐφαψάμενος
3698 3904 3791 3960 καὶ
3846 3907 3875 3961 6

446 3977 850 4050 disputatione
880 3982 1237 4044 versantem,
1273 3980 1385 4031 etc.

2217 3977 2483 4053 Κλήμης,
2514 3977 2812 4036 ἐπάκουσον
2837 3981 2870 4035 ἅ
2889 4002 3119 4060 φησιν...

1830 4096 2003 4165 Idem,
2034 4098 2172 4153 ibid.
2218 4115 2340 4171 cap.
2381 4099 2473 4155 Η.

522 4202 817 4258 Hactenus
846 4200 1144 4258 Tatianus.
1179 4200 1306 4254 Jam
1336 4198 1411 4256 ad
1449 4199 1813 4257 Clementem
1844 4208 2107 4260 transea-

2287 4206 2540 4261 Τόσαῦτα
2594 4204 2682 4261 καὶ
2743 4208 2771 4263 6
2838 4210 3128 4274 Τατιανός.
3182 4212 3471 4290 Μετίωμεν
3523 4213 3583 4273 δὲ
3638 4219 3730 4275 καὶ
3785 4219 3876 4277 ἐπὶ

447 4308 604 4362 mus,
638 4296 749 4348 etc.

2215 4290 2578 4368 Κλήμεντα...

1804 4413 1977 4481 Idem,
2011 4413 2107 4468 lib.
2139 4430 2219 4482 xi,
2245 4430 2369 4484 cap.
2403 4411 2506 4470 24.

516 4518 708 4588 Atque
733 4517 1024 4611 hactenus
1075 4514 1266 4583 Philo,
1329 4515 1425 4572 cui
1455 4516 1662 4573 afﬁnia
1713 4517 1892 4589 plane
1919 4522 1979 4572 et
2005 4534 2104 4592 ge-

2257 4520 2460 4611 Alit-151:!
2490 4519 2519 4574 6
2551 4518 2762 4575 Φίλων·
2795 4520 3010 4611 συνᾴδει
3034 4520 3093 4580 δὲ
3121 4525 3269 4600 αύτῷ
3298 4529 3390 4584 καὶ
3445 4532 3474 4586 6
3523 4531 3791 4611 Κλήμης,
3824 4534 3877 4593 ἐν

446 4605 613 4661 mina
642 4605 919 4660 Clemens
977 4603 1270 4662 Stromate
1314 4611 1478 4661 sexto
1539 4606 1698 4661 hunc
1743 4606 1804 4660 in
1862 4606 2082 4663 modun

1581 4622 1698 4661 unc
1743 4606 1804 4660 in
1862 4606 2106 4663 modum
2214 4609 2293 4678 τῷ
2321 4603 2466 4680 ἕκτῳ
2490 4613 2818 4685 Στρωματεῖ
2847 4609 3024 4688 λέγων
3057 4611 3214 4686 ᾧδεν

447 4692 851 4766 persequitur,
882 4698 993 4749 etc.

1782 4812 1949 4881 Idem,
1996 4811 2092 4868 lib.
2124 4829 2246 4884 xm,
2277 4829 2399 4885 cap.
2440 4814 2535 4871 12.

520 4935 645 5000 Quo
679 4934 888 4990 eodem
920 4934 983 4991 in
1004 4949 1383 5008 genere,qu£e
1415 4932 1737 4991 Clementis
1762 4937 1952 4992 nostri
1974 4955 2104 4994 sen-
2132 4941 2156 5007 Ι

2284 4937 2485 5032 Ὀποῖα
2524 4935 2583 4994 δὲ
2612 4938 2703 5032 και
2740 4938 3027 5032 Κλήμεντι
3085 4947 3209 5022 περὶ
3265 4955 3367 5019 τῆς
3430 4951 3599 5024 αὐτῆς
3662 4953 3878 5032 εἴρηται

438 5023 639 5079 tentia
670 5022 872 5093 fuerit,
907 5040 977 5078 ex
999 5020 1390 5093 sequentibus
1409 5022 1727 5096 intelliges,
1764 5030 1876 5083 etc.

1655 5040 1727 5094 es,
1764 5030 1876 5083 etc.
2222 5023 2550 5101 ὑποθέσεως,
2583 5027 2774 5104 γνοίης
2804 5025 2865 5084 ἄν
2895 5026 2985 5086 διὰ
3013 5020 3291 5095 τούτων...

987 5149 1226 5219 Cyrillus
1254 5149 1568 5208 Aleaandr.
1606 5160 1799 5210 contra
1825 5156 2138 5226 Iulianum,
2164 5159 2254 5213 lib.
2295 5176 2372 5227 v1,
2396 5176 2534 5230 pag.
2566 5157 2713 5228 205,
2746 5162 2878 5217 edit.
2910 5165 3115 5236 Paria,
3153 5168 3335 5226 I638.

520 5266 797 5324 Clemens
829 5265 992 5321 enim
1023 5266 1124 5336 qui
1152 5271 1391 5323 sanctos
1421 5268 1724 5340 apostolos
1752 5271 1975 5344 ubique
2008 5290 2103 5330 se-

2284 5272 2529 5347 Κλήμης
2708 5274 2811 5352 γὰρ
2853 5283 2974 5368 τοῖς
3026 5280 3208 5358 ἁγίοις
3246 5284 3579 5354 ἀποστόλοις
3609 5292 3879 5368 ἑπόμενος

446 5357 672 5427 quitur,
705 5354 924 5425 quique
957 5353 1224 5411 infinitas
1275 5357 1613 5414 Graecorum
1672 5360 1952 5419 historias
2004 5380 2079 5421 au

2247 5359 2791 5459 τανταχζῆῑζπλείστης
2819 5386 2880 5422 τε
2940 5353 3086 5441 ὅσης⁷
3127 5370 3470 5448 Ἑλληνικῆς
3520 5353 3768 5459 ’ἱστορίας
3802 5385 3883 5449 εἷς

444 5442 664 5499 diendo
688 5449 1018 5515 acceperat,
1050 5442 1113 5498 in
1140 5445 1431 5503 Stromalis
1452 5448 1653 5519 refert,
1685 5456 1796 5507 etc.

2215 5452 2386 5521 ἀκοὴν
2420 5449 2621 5521 ἐλθὼν,
2653 5450 2707 5508 ἰν
2739 5460 2859 5518 τοῖς
2890 5442 3515 5543 Στρωματεῦσίγφησι...

1676 5577 1847 5647 Idem,
1872 5578 2036 5645 ibid,
2069 5579 2164 5635 lib.
2190 5579 2289 5648 vix,
2315 5596 2451 5650 pag.
2483 5577 2629 5635 231.

519 5682 708 5755 Hujus
744 5685 1005 5742 historia:
1038 5687 1394 5745 nominatim
1437 5693 1711 5747 meminit
1740 5694 2015 5751 Clemens
2046 5697 2108 5752 in

2290 5689 2653 5790 Ταύτης-ἶδία
2679 5692 2961 5790 ’μέμνηται
3018 5707 3128 5790 τῇς
3170 5704 3411 5782 ἱστορίας
3454 5708 3505 5765 ἐν
3537 5717 3656 5776 τοῖς
3689 5719 3880 5790 Στρωο

444 5772 756 5845 Stromalis,
788 5775 875 5831 vir
904 5776 966 5832 in
1008 5776 1220 5850 primis
1270 5779 1479 5838 doctus
1542 5785 1600 5837 et
1658 5783 1950 5855 eruditus,
2008 5803 2080 5856 qu

2246 5784 2477 5840 ιατεῦσιν
2511 5783 2540 5837 6
2571 5780 2830 5861 Κλήμης,
2863 5786 3002 5861 ἀνὴρ
3050 5772 3361 5870 ἐλλόγιμος
3413 5805 3505 5854 καὶ
3537 5772 3882 5879 φιλομαθὴς,
