4142 6414
304 370 365 425 41
1585 376 1938 431 VETERUM
1972 376 2437 432 TESTIMONIA.
3655 381 3735 436 42

306 493 390 549 καὶ
467 490 903 569 ἀναγνωσμάτων
994 492 1337 564 Ἑλληνικῶν
1396 493 1954 571 Ῐπολυπραγμονήσας

2071 498 2400 555 Graecarum
2432 499 2765 556 litterarum
2789 500 3188 572 altitudinem,
3218 507 3508 576 quantum
3540 506 3737 562 forsan

310 582 491 659 βάθος,
526 582 598 645 ὡς
630 580 815 658 ὀλίγοι
849 581 994 659 τάχα
1019 605 1123 638 που
1153 588 1261 640 τῶν
1291 586 1398 658 πρὸ
1430 585 1613 641 αὐτοῦ.

2071 592 2205 643 ante
2239 588 2404 644 illum
2436 589 2632 661 pauci,
2666 596 3071 661 perscrutatus
3105 598 3213 649 est.

1560 723 1730 793 Idem,
1763 722 1923 788 ibid.,
1958 722 2055 779 lib.
2092 741 2149 793 x,
2179 724 2309 795 pah.
2344 725 2469 780 342.

363 823 511 895 Ἔφη
549 816 605 873 δὲ
640 818 733 872 καὶ
765 817 1014 890 Κλήμης
1064 820 1200 895 ἀνὴρ
1253 818 1579 896 ἐλλόγιμος,
1632 819 1723 875 καὶ
1774 820 1958 894 μέντοι

309 906 391 961 καὶ
419 905 734 984 πολυΐστωρ
764 907 889 983 περί
916 928 976 963 τε
1004 910 1138 963 θεῶν
1170 910 1262 964 καὶ
1292 913 1433 964 ναῶν
1460 907 1560 965 ὡδί
1591 952 1628 966 ..

2142 821 2414 879 Clemens
2446 829 2637 879 autem
2674 825 2944 881 eruditus
2972 825 3060 881 vir
3089 831 3147 883 et
3172 827 3497 889 multarum
3546 830 3733 888 histo-

2068 913 2289 967 riarum
2326 913 2765 971 scientissimus
2786 914 2858 970 de
2879 914 2994 971 diis
3023 933 3089 972 ac
3110 918 3352 990 templis
3386 920 3467 974 ita
3497 937 3737 993 quoque

2064 1001 2291 1068 scribit,
2325 1005 2435 1059 etc.

887 1136 1238 1210 Epiphanius
1267 1138 1541 1195 Adversus
1572 1137 1826 1208 hereses,
1856 1137 1954 1194 lib.
1986 1154 2027 1206 ι,
2059 1143 2189 1194 tom.
2226 1138 2297 1206 II,
2323 1139 2383 1193 in
2413 1137 2890 1198 Secundianorum
2920 1140 3142 1198 haresi.

372 1250 508 1309 Εἶτα
539 1250 590 1305 οἱ
644 1248 832 1313 καλῶς
884 1252 1346 1328 συγγραψάμενοι,
1378 1253 1465 1307 καὶ
1521 1251 1781 1322 ἀλήθειαν
1828 1250 1958 1307 τού-

315 1363 415 1397 των
445 1340 499 1396 ἐν
530 1346 649 1402 τοῖς
684 1362 833 1417 σφων
858 1342 1036 1396 αὐτῶν
1071 1342 1492 1415 συγγράμμασιν
1521 1340 1777 1418 ἤλεγξαν,
1809 1343 1960 1412 Κλή-

315 1452 416 1503 μης
446 1450 526 1501 τε,
559 1429 618 1485 ὅν
651 1429 781 1507 φασί
832 1450 973 1494 τινες
1031 1428 1404 1506 Ἀλεξανδρέα,
1452 1428 1630 1507 ἕτεροι
1672 1428 1731 1485 δὲ
1779 1432 1953 1500 Ἀθη-

307 1540 469 1575 ναιον.

2140 1253 2355 1308 Verum
2405 1270 2585 1325 quam
2637 1254 2760 1311 haec
2788 1273 2821 1311 a
2849 1257 3093 1312 veritate
3125 1257 3484 1315 abhorreant
3512 1261 3732 1327 omnia,

2068 1343 2283 1414 egregii
2353 1344 2593 1414 quidem
2659 1345 2976 1416 scriptores
3043 1347 3219 1403 editis
3286 1349 3574 1405 adversus
3636 1367 3738 1406 eos

2066 1432 2522 1488 Commentariis
2576 1434 3084 1504 demonstrarunt,
3116 1438 3409 1508 praecipue
3436 1455 3572 1494 vero
3600 1440 3735 1495 Cle-

2065 1537 2235 1577 mens
2292 1521 2748 1591 Alexandrinus,
2793 1540 2969 1595 quem
3016 1525 3435 1583 Atheniensem
3492 1527 3593 1584 alii
3641 1529 3733 1584 fa-

2064 1609 2248 1665 ciunt.

1130 1726 1435 1799 Dionysius
1463 1728 1816 1797 Areopagita,
1849 1726 1946 1782 lib.
1980 1727 2054 1783 De
2081 1726 2289 1782 divinis
2309 1728 2655 1795 nominibus,
2686 1744 2805 1800 cap.
2834 1731 2889 1786 5.

379 1823 444 1929 Eli
473 1820 529 1877 δὲ
561 1823 591 1878 ὁ
622 1821 926 1930 φξλνόσοφος
965 1821 1108 1929 ἀξιοῖ
1155 1823 1419 1930 Κλήμης,
1470 1825 1560 1878 καὶ
1608 1823 1745 1898 πρὸς
1774 1824 1828 1877 τὶ
1859 1825 1962 1878 πά·
1995 1866 2043 1930 Β

314 1910 641 1987 ραέείγματα
670 1908 919 1986 λέγεσθαι
958 1911 1025 1966 τὰ
1068 1912 1120 1967 ἐν
1167 1918 1285 1977 τοῖς
1331 1911 1482 1968 οὖσιν
1512 1913 1958 1988 ἀρχηγικώτερα,

313 2002 512 2078 πρόεισι
548 2002 646 2075 μὲν
682 2000 745 2056 οὗ
779 1999 870 2055 διὰ
906 2000 1107 2076 κυρίων
1162 2001 1255 2057 καὶ
1305 1999 1590 2057 παντελῶν
1621 2002 1711 2057 καὶ
1761 1998 1954 2057 ἁπλῶν

310 2092 590 2165 ὀνομάτων
625 2091 654 2145 ὁ
684 2088 852 2167 λόγος
879 2091 1051 2163 αὐτῷ.

2145 1825 2204 1880 Si
2236 1829 2431 1882 autem
2480 1826 2608 1884 vult
2656 1826 2929 1885 Clemens
2954 1828 3366 1901 philosophus,
3401 1833 3471 1886 ad
3503 1831 3726 1905 aliquid

2072 1914 2184 1970 dici
2218 1915 2578 1988 exemplaria
2620 1932 2747 1989 quae
2797 1922 2939 1974 sunt
2969 1918 3026 1973 in
3061 1922 3239 1976 rebus
3287 1920 3725 1994 principaliora,

2067 2005 2446 2077 progreditur
2494 2006 2759 2078 quidem,
2808 2024 2940 2063 cum
2995 2009 3080 2065 sic
3126 2009 3407 2081 loquitur,
3457 2026 3572 2068 non
3624 2029 3728 2085 per

2065 2094 2302 2166 propria
2328 2098 2386 2150 et
2414 2096 2694 2166 perfecta,
2726 2100 2783 2152 et
2814 2097 3109 2170 simplicia
3138 2098 3400 2158 nomine.

1352 2213 1723 2283 Hieronymus
1753 2210 1816 2266 in
1846 2211 2252 2268 Ecclesiasticis
2282 2215 2666 2285 scriptoribus.

359 2311 626 2368 Clemens
667 2310 1076 2367 Alexandrina
1119 2310 1389 2367 Ecclesia:
1440 2312 1763 2383 presbyter.
1798 2312 1944 2367 Pan-

294 2402 441 2469 tani,
474 2402 545 2456 de
601 2418 718 2471 quo
768 2417 951 2472 supra
996 2399 1332 2467 retulimus,
1365 2401 1621 2468 auditor,
1656 2404 1786 2471 post
1816 2401 1945 2471 ejus

300 2494 532 2545 mortem
558 2488 925 2545 Alexandria
957 2488 1413 2545 ecclesiasticam
1440 2489 1702 2545 scholam
1733 2488 1943 2559 tenuit,

298 2587 349 2633 et
396 2578 778 2652 Κατηχήσεων
830 2579 1116 2650 magister
1152 2579 1283 2634 fuit.
1320 2579 1610 2634 Feruntur
1639 2579 1768 2649 ejus
1800 2578 1943 2633 insi-

298 2669 425 2739 gnia
444 2669 770 2737 volumina,
803 2668 1093 2739 plenaque
1122 2667 1472 2724 eruditionis
1495 2674 1552 2724 et
1572 2667 1943 2739 eloquentia),

296 2761 404 2811 tam
435 2759 505 2812 de
535 2756 865 2828 Scripturis
898 2755 1135 2825 divinis,
1160 2774 1339 2827 quam
1374 2759 1444 2812 de
1473 2756 1773 2812 saecularis
1795 2756 1946 2811 litte-

299 2852 492 2901 raturae
544 2846 969 2902 instrumento.
1005 2850 1045 2899 E
1074 2847 1292 2917 quibus
1323 2845 1424 2901 illa
1453 2851 1594 2902 sunt
1626 2864 1638 2903 :
1676 2850 1947 2919 Στρωμα-

294 2938 417 3000 τεῖς,
449 2934 587 2991 libri
638 2940 804 3002 octo;
855 2933 1284 2988 ’Υποτυπώσεων
1334 2934 1469 2991 libri
1518 2940 1681 3003 octo;
1736 2935 1945 2990 Adver-

289 3041 377 3077 sus
420 3034 632 3094 gentes,
675 3023 825 3079 liber
884 3041 1080 3091 unus;
1124 3025 1419 3096 Psedagogi
1469 3024 1605 3079 libri
1669 3035 1820 3094 tres;
1874 3026 1952 3081 De

299 3115 497 3168 Pascha
526 3114 683 3169 liber
715 3131 905 3180 unus;
939 3119 1017 3170 De
1045 3115 1251 3186 jejunio
1280 3113 1641 3186 disceptatio;
1692 3121 1749 3170 et
1791 3113 1945 3170 alius

2055 2312 2193 2368 dam
2281 2312 2723 2388 Χρονογραφίας,
2810 2317 2966 2387 quod
3020 2317 3373 2389 opusculum
3462 2317 3725 2377 invenire

2057 2418 2173 2456 non
2234 2402 2418 2472 potui.
2462 2402 2580 2458 Nec
2643 2420 2759 2458 non
2814 2409 2872 2460 et
2922 2406 2991 2460 de
3033 2406 3256 2462 Judasis
3315 2407 3720 2464 Aristobulum

2056 2492 2397 2561 quemdam,
2423 2496 2479 2547 et
2509 2492 2870 2548 Demetrium
2903 2498 2962 2551 et
2991 2495 3374 2566 Eupolemum
3406 2496 3719 2569 scriptores

2055 2581 2337 2635 adversus
2367 2586 2574 2652 gentes
2621 2581 2816 2645 refert,
2850 2583 2949 2652 qui
2980 2584 3035 2638 in
3068 2584 3519 2641 similitudinem
3549 2587 3717 2642 Jose-

2056 2669 2158 2739 phi
2208 2668 2636 2743 Ἀρχαιογονίας
2697 2670 2882 2743 Moysi
2932 2677 2989 2728 et
3032 2672 3289 2729 Judaicaa
3336 2675 3496 2745 genti
3555 2693 3714 2732 asse-

2055 2758 2320 2813 ruerint:
2354 2758 2896 2827 exstatAlexandri
2951 2762 3535 2835 Hierosolymitarum
3586 2764 3713 2834 epi-

2056 2847 2240 2919 scopi,
2274 2847 2376 2918 qui
2406 2864 2542 2903 cum
2593 2848 2867 2905 Narcisso
2920 2856 3124 2921 postea
3167 2851 3314 2906 rexit
3362 2852 3712 2922 Ecclesiam,

2055 2936 2305 3007 epistola
2337 2937 2910 3009 supergordinatione
2939 2939 3304 3012 Asclepiadis
3353 2940 3714 2998 confessoris

2055 3026 2128 3081 ad
2161 3025 3105 3098 Antiochenses,gcongratulantis
3136 3029 3258 3097 eis;
3305 3029 3365 3084 in
3398 3046 3516 3101 qua
3549 3031 3715 3101 ponit

2057 3113 2116 3168 in
2161 3114 2277 3169 fine
2307 3131 2319 3169 :
2353 3136 2380 3163 «
2416 3113 2547 3170 Haec
2600 3114 2787 3184 vobis,
2833 3115 3055 3170 domini
3109 3131 3177 3171 ac
3227 3116 3457 3186 fratres,
3491 3117 3714 3188 scripta

298 3203 388 3273 qui
418 3203 782 3273 inscribitur,
817 3183 1099 3271 Quisnam
1117 3202 1266 3259 dives
1298 3204 1405 3259 ille
1427 3183 1505 3259 sit
1534 3203 1631 3275 qui
1660 3203 1945 3265 salvetur,-
1979 3183 2022 3250 C
2056 3202 2353 3267 tranmisi,
2415 3218 2515 3273 per
2571 3183 2927 3258 Clementem
2988 3204 3225 3260 beatum
3278 3183 3712 3278 presbyterum,

295 3293 359 3347 De
386 3292 779 3349 obtrectatione
822 3292 971 3347 liber
1019 3310 1205 3361 unus;
1240 3295 1312 3349 De
1342 3294 1651 3348 canonibus
1681 3292 1947 3349 ecclesia-

294 3380 456 3451 sticis,
487 3388 544 3437 et
598 3383 911 3438 Adversum
964 3396 1055 3437 eos
1110 3384 1207 3454 qui
1259 3383 1582 3440 Iudaeorum
1640 3387 1949 3454 sequuntur

296 3487 549 3541 errorem,
579 3460 734 3526 liber
764 3487 949 3539 unus;
984 3488 1157 3543 quem
1190 3472 1423 3544 proprie
1452 3472 1779 3528 Alexandro
1810 3472 1943 3527 Hie-

296 3560 717 3633 rosolymorum
750 3561 1028 3632 episcopo
1062 3559 1504 3636 προσεφώνησεν.
1544 3560 1809 3616 Meminit
1841 3578 1943 3616 au-

293 3653 398 3705 tem
431 3651 487 3706 in
518 3649 897 3706 Stromatibus
927 3650 1052 3706 suis
1075 3648 1391 3706 voluminis
1423 3650 1653 3705 Tatiani
1674 3651 1947 3705 Adversus

294 3744 486 3808 gentes,
521 3742 598 3795 de
633 3756 749 3812 quo
779 3756 963 3812 supra
991 3739 1290 3809 diximus;
1342 3745 1402 3795 et
1448 3739 1715 3796 Cassiani
1746 3741 1944 3811 cujus-

2056 3291 2247 3346 virum
2280 3290 2571 3346 illustrem
2604 3295 2661 3345 et
2682 3292 3030 3362 probatum;
3092 3309 3267 3364 quem
3320 3311 3421 3349 vos
3476 3311 3711 3367 quoque

2058 3380 2243 3447 scitis,
2295 3385 2352 3435 et
2399 3396 2553 3435 nunc
2610 3380 2844 3451 plenius
2902 3384 3378 3453 recognoscetis:
3422 3384 3523 3455 qui
3572 3401 3707 3440 cum

2058 3471 2170 3525 huc
2213 3469 2472 3525 venisset
2510 3470 2682 3540 juxta
2730 3469 3155 3541 providentiam
3209 3476 3267 3527 et
3313 3473 3704 3531 visitationem

2057 3558 2801 3623 Dei,confirmavitetauxit
2822 3558 3055 3615 Domini
3079 3559 3707 3620 Ecclesiam.-Constnt

2055 3648 2362 3720 Origenem
2391 3648 2572 3718 hujus
2602 3649 2786 3704 fuisse
2816 3649 3198 3721 discipulum.
3233 3650 3460 3707 Floxuit
3507 3656 3703 3709 autem

2052 3737 2247 3794 Severi
2273 3741 2331 3793 et
2360 3736 2635 3792 Antonini
2668 3736 2775 3791 ﬁlii
2803 3739 2930 3808 ejus
2960 3739 3351 3810 temporibus.

1466 3857 1645 3923 Idem,
1667 3857 1747 3912 ad
1774 3872 2041 3925 magnum
2071 3858 2276 3911 orator.
2309 3855 2533 3910 Roman.

356 3956 632 4013 Clemens
684 3953 1086 4011 Alexandrinis
1144 3953 1411 4010 Ecclesiae
1463 3955 1784 4028 presbyter,
1819 3971 1950 4017 meo

290 4045 507 4115 judicio
560 4045 838 4102 omnium
880 4043 1342 4114 eruditissimus,
1373 4048 1502 4100 octo
1532 4045 1771 4117 scripsit
1801 4043 1953 4100 Stro-

297 4140 499 4193 malum
549 4136 761 4202 libros,
794 4138 853 4191 et
901 4134 1146 4191 totidem
1194 4132 1646 4203 Ὑποτυπώσεων,
1680 4138 1739 4190 et
1768 4133 1950 4189 alium

2066 3954 2265 4008 Contra
2333 3957 2536 4023 gentes,
2584 3953 2891 4025 Paedagogi
2956 3970 3191 4027 quoque
3241 3955 3348 4011 tria
3395 3955 3719 4013 volumina.

2062 4044 2210 4107 Quid
2244 4043 2303 4097 in
2337 4041 2457 4098 illis
2485 4042 2653 4099 libris
2685 4042 3009 4114 indoctum,
3028 4042 3147 4100 imo
3171 4044 3313 4116 quid
3341 4062 3455 4103 non
3479 4063 3510 4102 e
3530 4046 3726 4103 media

2062 4132 2437 4205 philosophia
2466 4135 2556 4188 est
2574 4132 2601 4187 '?

736 4273 989 4343 Ruﬁnus,
1020 4272 1095 4327 De
1122 4270 1527 4327 adulteratione
1558 4270 1827 4327 librorum
1855 4270 2113 4343 Origenis
2139 4269 2288 4341 apud
2317 4268 2737 4340 Hieronymum,
2769 4274 2899 4325 tom.
2938 4270 3010 4325 IV
3038 4270 3275 4328 Erasini.

359 4390 637 4446 Clemens
686 4404 921 4460 quoque
968 4386 1120 4442 alius
1162 4386 1595 4443 Alexandrinus
1626 4388 1955 4460 presbyter,
1986 4393 2034 4457 Β
2065 4389 2391 4441 creaturam
2445 4384 2609 4440 dicit.
2644 4384 2923 4455 Nunquid
2975 4383 3253 4440 credibile
3303 4391 3391 4440 est
3438 4386 3510 4440 de
3564 4390 3728 4442 tanto

292 4485 345 4535 et
373 4480 667 4552 magister
699 4477 971 4534 Ecclesiae
1005 4476 1169 4533 illius
1199 4477 1259 4533 in
1291 4477 1569 4534 omnibus
1603 4495 1749 4549 pene
1782 4477 1950 4534 libris

292 4569 431 4638 suis,
463 4567 778 4625 Trinitatis
825 4565 1076 4637 gloriam
1124 4570 1302 4637 atque
1346 4566 1734 4622 aeternitatem
1768 4582 1949 4620 unam

292 4659 682 4729 eamdemque
730 4656 1025 4728 designat,
1058 4655 1352 4709 interdum
1385 4655 1722 4710 invenimus
1756 4655 1957 4725 aliqua

292 4746 347 4801 in
404 4746 579 4804 libris
650 4746 781 4817 ejus
840 4742 1121 4816 capitula,
1181 4743 1242 4798 in
1300 4743 1523 4814 quibus
1586 4743 1800 4799 Filium
1854 4743 1956 4800 Dei

2063 4474 2183 4530 viro
2250 4479 2370 4529 tam
2442 4474 2499 4528 in
2567 4473 2846 4529 omnibus
2917 4473 3226 4541 catholico,
3287 4478 3407 4530 tam
3476 4476 3728 4553 erudito,

2067 4568 2134 4620 ut
2163 4563 2253 4620 vel
2287 4563 2398 4619 sibi
2433 4563 2731 4619 contraria
2783 4564 3057 4633 senserit,
3091 4563 3179 4619 vel
3210 4582 3277 4620 ea
3323 4581 3449 4635 quae
3500 4566 3570 4621 de
3618 4565 3733 4622 Deo

2069 4670 2184 4709 non
2220 4654 2410 4708 dicam
2439 4654 2694 4717 credere,
2730 4654 2831 4708 sed
2858 4652 2945 4709 vel
2975 4653 3179 4710 audire
3209 4654 3449 4727 quidem
3482 4654 3731 4728 impium

2073 4747 2182 4811 est,
2218 4742 2441 4815 scripta
2473 4741 2823 4813 reliquerit?

1328 4877 1602 4945 Socrates,
1636 4879 1839 4935 Histor.
1874 4878 2198 4945 ecclesiast.,
2233 4876 2331 4931 lib.
2366 4893 2428 4946 ιι,
2461 4893 2582 4949 cap.
2617 4877 2707 4932 35.

363 4995 525 5067 οὕτω
571 4993 633 5050 δὲ
677 4993 744 5063 ἦν
787 4993 1141 5067 ὀλιγομαθὴς
1174 4993 1201 5047 ὁ
1234 4992 1465 5064 Ἀἑτιος,
1514 4992 1604 5046 καὶ
1652 4996 1760 5047 τῶν
1797 4991 1960 5066 ἱερῶν

297 5090 642 5160 γραμμάτων
696 5082 965 5156 ἀμύητος,
1018 5082 1081 5137 τὸ
1138 5080 1408 5158 ἐριστικὸν
1478 5078 1536 5135 δὲ
1608 5080 1960 5157 κατωρθώκει

301 5196 481 5247 μονον,
512 5175 652 5248 ὅπερ
697 5171 756 5227 ἂν
807 5173 894 5228 καὶ
947 5170 1206 5247 ἀγροῖκός
1246 5191 1331 5233 τις
1362 5172 1664 5241 ποιήσειεν,
1696 5171 1771 5232 ὡς
1824 5171 1963 5243 μήτε

300 5264 421 5327 τοὺς
467 5262 742 5341 ἀρχαίους
790 5259 918 5323 τοὺς
964 5262 1032 5316 τὰ
1078 5260 1437 5334 Χριστιανικᾶ
1476 5258 1637 5335 λόγια
1690 5258 1961 5332 ἑρμηνεύ-

300 5375 487 5415 σαντας
536 5353 865 5422 ἀσκηθῆνσι,
910 5347 1101 5405 πολλὰ
1148 5348 1364 5425 χαίρειν
1416 5348 1621 5425 φράσας
1670 5352 1787 5409 τοῖς
1837 5346 1963 5421 περὶ

302 5442 624 5517 Κλήμεντα,
675 5441 764 5495 καὶ
824 5440 1151 5516 Ἀφρικανὸν
1188 5482 1203 5509 ,
1252 5437 1344 5493 καὶ
1404 5437 1708 5514 Ὠριγὲνην,
1765 5433 1964 5511 ἄνδρας

300 5531 471 5602 πάσης
502 5528 701 5608 σοφίας
732 5528 1122 5601 ἐπιστήμονας,

586 5832 857 5891 Panos.
905 5829 1017 5889 Gn.
1056 5828 1222 5889 V111.

2142 4996 2432 5049 Caeterum
2468 4994 2611 5049 adeo
2646 4992 2927 5048 mediocri
2960 4993 3227 5049 doctrina
3256 4994 3631 5066 praeditus.et
3646 5012 3735 5049 sa-

2071 5099 2305 5138 crarum
2372 5083 2707 5137 litterarum
2766 5082 3077 5153 imperitus
3126 5087 3252 5137 erat
3299 5084 3523 5151 Aetius,
3574 5088 3629 5138 et
3676 5084 3735 5137 in

2073 5189 2190 5227 uno
2220 5172 2610 5228 contendendi
2664 5173 2861 5227 studio
2909 5172 3304 5238 exercitatus;
3337 5172 3491 5242 quod
3544 5170 3735 5242 quivis

2071 5262 2248 5317 etiam
2303 5261 2553 5331 agrestis
2587 5260 2756 5317 facile
2788 5261 3067 5332 consequi
3118 5261 3303 5332 possit
3331 5280 3345 5325 ;
3384 5265 3445 5314 ut
3479 5276 3548 5315 ne
3579 5264 3734 5315 vete-

2073 5367 2202 5407 rum
2236 5350 2475 5422 quidem
2536 5350 2919 5422 scriptorum,
2978 5348 3078 5421 qui
3138 5366 3337 5406 sacros
3394 5348 3737 5405 Christianas

2072 5438 2379 5509 religionis
2410 5438 2593 5493 libros
2623 5437 2986 5507 interpretati
3013 5443 3172 5503 sunt,
3206 5452 3381 5492 usum
3415 5435 3600 5492 ullum
3638 5443 3741 5493 aut

2074 5528 2345 5601 peritiam
2387 5527 2670 5595 haberet;
2722 5527 2822 5581 sed
2872 5526 3252 5592 Clementem,
3286 5530 3343 5579 et
3372 5524 3736 5591 Africanum.

2074 5622 2252 5689 atque
2280 5616 2622 5689 Origenem,
2657 5615 2811 5670 viros
2859 5614 3018 5671 omni
3069 5629 3279 5685 genere
3330 5613 3609 5672 doctrina
3642 5632 3740 5672 ex-

2072 5705 2282 5774 cultos,
2317 5722 2560 5778 prorsus
2592 5707 3037 5776 aspernaretur.
