4142 6430
401 372 475 426 43
1649 365 1986 421 CLEMENS
2023 365 2616 419 ALEXANDRINUS.
3759 369 3831 424 44

1687 486 1854 553 Idem,
1888 486 2047 553 ibid,
2081 486 2184 544 lib.
2220 503 2308 554 ιιι,
2334 504 2453 560 cap.
2490 489 2549 543 7.

471 597 726 651 Irenmus
773 595 929 647 certe
956 595 1012 645 et
1040 589 1331 649 Clemens.
1363 591 1420 642 et
1449 584 1804 658 Apollinaris
1847 584 2051 640 Hiera-
2086 589 2107 654 Α

2245 583 2341 638 Καὶ
2370 587 2470 659 γάρ
2521 585 2818 659 Εἶρηναῖός
2854 608 2914 644 τε
2959 591 3051 645 καὶ
3101 589 3336 664 Κλήμης
3367 638 3381 660 ,
3434 590 3827 668 Ἀπολινάριός

401 683 718 754 politanus,
743 685 801 735 et
815 679 1093 750 Serapion
1117 677 1492 733 Antiocheam
1527 675 1693 731 urbis
1720 673 2031 746 episcopus

2188 673 2274 728 τεὸ
2307 673 2686 747 Ἱεραπολίτης
2735 677 2825 732 καὶ
2877 678 3157 754 Σεραπίων
3192 682 3351 751 ὁτῆς
3401 680 3453 736 ἐν
3503 682 3824 756 Ἀντιοχείᾳ

397 773 718 839 Christum,
752 770 853 841 qui
905 769 1078 824 homo
1128 768 1318 822 factus
1369 771 1479 831 est,
1516 765 1715 819 anima
1746 765 2033 836 praeditus

2187 764 2447 838 προεστὼς
2481 764 2832 834 Ἐκκλησίας,
2866 763 3120 844 ἔμψυγον
3169 771 3261 825 τὸν
3315 771 3823 845 ἐνανθρωπήσαντα,

401 863 606 928 fuisse,
639 860 795 916 velut
842 876 965 914 rem
1010 857 1312 914 communi
1343 857 1612 912 omnium
1643 871 1937 912 consensu
1971 870 2032 910 re

2179 850 2224 906 iv
2244 857 2358 914 τοῖς
2378 853 2720 926 Ιπονηθεῖσιν
2770 855 2955 919 αὐτοῖς
3006 853 3192 935 λόγοις
3244 859 3320 922 ὡς
3365 859 3815 938 ὁμολογούμενον

400 959 651 1026 captam,
684 951 809 1008 suis
842 951 904 1007 in
936 949 1429 1015 librisfasserunt.

1066 950 1429 1015 isfasserunt.
2173 941 2358 1004 αὐτοῖς
2386 941 2702 1018 φάσκουσιν.

1420 1071 1770 1140 Sommenus,
1803 1068 2003 1126 Histor.
2033 1068 2364 1139 ecclesiast.,
2397 1070 2494 1126 tib.
2527 1088 2566 1139 ι,
2601 1088 2723 1144 cap.
2758 1071 2810 1128 Ι.

469 1168 549 1221 Ac
579 1165 768 1238 primo
799 1163 1038 1237 quidem
1071 1161 1376 1218 historiam
1427 1160 1581 1216 hanc
1631 1161 1703 1216 ab
1751 1158 1918 1215 initio
1967 1173 2054 1214 re-

2239 1157 2523 1231 Ὠρμήθην
2558 1155 2616 1214 δὲ
2644 1159 2712 1214 τὰ
2743 1161 2838 1234 μὲν
2870 1165 3081 1237 πρῶτα,
3116 1162 3208 1218 ἀπ’
3232 1163 3414 1240 ἀρχῆς
3459 1162 3661 1236 ταύτην
3691 1185 3817 1241 συγ-

398 1261 591 1327 petere
656 1255 1050 1311 decreveram.
1108 1253 1218 1309 Sed
1279 1268 1415 1307 cum
1484 1249 2032 1306 animadvertissem

2188 1245 2368 1322 γράψαι
2430 1248 2526 1316 τὴν
2599 1248 2994 1324 πραγματείανο
3057 1251 3420 1329 λογισάμενος
3476 1250 3534 1308 δὲ
3590 1252 3664 1315 ὡς
3733 1273 3824 1308 και

399 1345 547 1400 alios
597 1345 725 1415 jam
786 1343 1104 1414 scriptores
1154 1343 1221 1398 ad
1276 1358 1383 1396 sua
1444 1355 1634 1412 usque
1684 1343 1951 1409 tempora
1999 1335 2035 1390 i4

2191 1333 2335 1390 ἵλλοι
2393 1336 2596 1408 ταύτης
2648 1337 3008 1412 ἐπειράθησαν
3053 1341 3222 1417 μέχρι
3287 1346 3398 1397 τῶν
3465 1344 3584 1398 κατ’
3633 1341 3827 1404 αὐτοὺς

396 1433 784 1504 praestitisse;
819 1431 1171 1488 Clementem
1203 1429 1426 1486 scilicet
1449 1434 1508 1485 et
1538 1426 1941 1499 Hegesippum
1973 1425 2026 1481 vi

2188 1423 2413 1500 (ρόνων,
2465 1425 2699 1500 Κλήμης
2745 1449 2805 1484 τε
2851 1429 2941 1483 καὶ
2995 1430 3358 1506 Ἡγήσιππος,
3401 1428 3591 1507 ἄνδρες
3643 1432 3824 1509 σοφώ-

351 1587 358 1601 .
397 1541 494 1578 ros
545 1522 1044 1594 sapientissimos,
1087 1520 1190 1592 qui
1242 1517 1646 1591 apostolorum
1693 1515 1987 1588 temporib

2183 1534 2346 1585 ιατοι,
2378 1518 2446 1588 τῇ
2477 1519 2583 1571 τῶν
2618 1514 2940 1574 ἀποστόλων
2995 1515 3234 1596 διαδοχῇ
3281 1519 3819 1596 παρακολουθήσαν-

399 1611 661 1684 proxime
693 1613 1128 1675 successerunt,
1165 1613 1274 1665 etc.

933 1613 1128 1675 erunt,
1165 1613 1274 1665 etc.
2171 1624 2332 1665 τες...
2565 1622 2567 1626 ‘

1675 1713 1986 1769 Chronicon
2014 1712 2304 1781 Paschate,
2335 1732 2464 1786 pag.
2495 1715 2547 1771 7.

467 1809 576 1865 Sed
628 1812 688 1864 et
733 1809 1025 1872 Clemens,
1062 1803 1480 1862 sanctissimus
1511 1802 1920 1859 Alexandrinis
1951 1806 2055 1858 Ec-
2089 1807 2103 1872 ]

2238 1800 2414 1862 Ἀλλὰ
2457 1805 2546 1859 καὶ
2598 1803 2834 1879 Κλήμης
2864 1807 2892 1862 6
2923 1807 3226 1869 ὁσιώτατος
3270 1814 3372 1878 τῆς
3422 1805 3820 1881 ’Δλεξανδρέων

399 1897 588 1953 οΙΘεὶω
644 1897 969 1968 presbyter,
1004 1896 1090 1950 vir
1136 1893 1620 1965 antiquissimus,
1662 1898 1719 1947 et
1775 1892 1878 1964 qui
1937 1909 2035 1947 nor

2187 1892 2494 1963 Εκκλησίας
2541 1897 2784 1969 γεγονὼς
2830 1895 3031 1971 ἱερεὺς,
3087 1896 3222 1971 ἀνὴρ
3272 1896 3683 1972 ἀρχαιότατος,
3731 1895 3823 1951 καὶ

402 1986 658 2044 multum
690 1985 880 2042 abfuit
910 1989 982 2040 ab
1015 1983 1354 2056 apostolicis
1399 1981 1790 2054 temporibus,
1823 1981 1881 2035 in
1913 1980 2038 2036 libri

2188 1981 2238 2036 r3
2287 1982 2494 2057 μακρὰν
2541 1988 2650 2038 τῶν
2689 1984 3066 2040 ἀποπολικῶν
3123 1987 3418 2060 γενόμενος
3479 1987 3722 2060 χρόνων,
3773 1983 3824 2040 ἐν

400 2078 474 2133 De
505 2075 781 2133 Paschate
807 2072 1140 2130 consimilia
1167 2075 1358 2142 docet,
1393 2072 1474 2128 ita
1506 2072 1773 2127 scribens
1810 2088 1822 2126 :
1858 2075 2036 2127 Frzte

2189 2071 2252 2142 τῷ
2282 2071 2410 2144 Περὶ
2447 2073 2545 2127 τοῦ
2597 2076 2789 2149 Πάσχα
2838 2072 2988 2148 λόγῳ
3039 2074 3106 2130 τὰ
3145 2075 3508 2147 παραπλήσια
3560 2072 3825 2146 διδάσκει,

397 2166 527 2222 ritis
552 2181 678 2236 ergo
710 2164 1044 2235 temporibus
1066 2165 1464 2219 immotatuma
1487 2161 1709 2218 Judaeis
1738 2159 2033 2230 Paschafe

2187 2161 2394 2238 γράφων
2451 2160 2646 2225 οὕτως’
2698 2166 2830 2224 Τοῖς
2881 2164 2978 2236 μὶν
3045 2162 3142 2218 οῦν
3187 2163 3630 2239 παρεληλυθόσιν
3682 2162 3823 2220 ἔτεσι

413 2262 562 2312 stum
615 2271 801 2328 agens,
857 2254 1212 2310 manducavit
1269 2255 1554 2309 Dominus.
1615 2251 1720 2307 Sed
1771 2260 2049 2323 postquam

2189 2251 2236 2303 τὸ
2291 2250 2554 2322 θυόμενον
2631 2251 2766 2327 πρὸς
2846 2249 3124 2307 Ἰουδαίων
3191 2250 3382 2321 ἤσθιεν
3455 2255 3732 2328 ὲπρτάζων
3796 2255 3825 2309 6

409 2343 742 2418 praedicavit
771 2343 907 2415 ipse,
939 2342 1036 2414 qui
1086 2345 1204 2399 erat
1250 2342 1462 2398 Pascha
1502 2343 1689 2410 Agnus
1717 2339 1836 2407 Dei,
1864 2348 1928 2396 ut
1954 2341 2045 2395 ovi,

2191 2337 2380 2414 Κύριος
2435 2339 2645 2415 Πάσχα·
2727 2339 2842 2396 ἐπεὶ
2919 2338 2977 2396 δὲ
3030 2341 3283 2417 ἐκήρυξεν
3366 2341 3528 2405 αὐτὸς
3613 2339 3689 2398 ὢν
3763 2343 3827 2397 τὸ

413 2434 483 2490 ad
508 2433 838 2490 occisionem
867 2432 1057 2488 ductus
1086 2432 1385 2503 discipulos
1414 2434 1600 2487 statim
1620 2428 1837 2486 edocuit
1865 2430 2049 2502 ﬁgura

2193 2429 2372 2503 Πάσχα
2417 2429 2444 2483 6
2494 2429 2696 2502 Ἀμνὸς
2747 2434 2845 2486 τοῦ
2905 2434 3040 2486 Θεοῦ
3097 2432 3174 2492 ὡς
3216 2424 3490 2504 πρόϐατον
3545 2429 3634 2485 ἐπὶ
3692 2451 3829 2509 σφα⁶

412 2529 741 2596 mysterium
800 2525 1022 2579 decima
1083 2527 1291 2593 quarta
1337 2521 1450 2588 die,
1507 2537 1618 2592 qua
1671 2521 1842 2576 etiam
1905 2519 2048 2574 ittun

2195 2519 2278 2592 (ὴν
2333 2518 2642 2592 ἀγόμενος,
2701 2518 2894 2574 αὐτίκα
2962 2515 3168 2592 ἐδίδαξε
3243 2520 3338 2592 μὲν
3395 2518 3523 2584 τοὺς
3583 2519 3831 2591 μαθητὰς

411 2617 725 2685 rogarunt:
761 2635 789 2665 «
845 2611 945 2670 Ubi
992 2612 1073 2668 vis
1115 2628 1377 2684 paremus
1423 2612 1526 2666 tibi
1573 2611 1786 2666 Pascha
1831 2607 2047 2664 manda

2196 2610 2275 2661 τοῦ
2321 2607 2495 2662 τύπου
2537 2608 2601 2662 τὸ
2651 2610 2953 2684 μυστήριον
2998 2614 3064 2678 τῆ
3121 2605 3205 2677 ιδ’,
3256 2607 3308 2663 ἐν
3371 2611 3434 2681 ᾖν
3469 2609 3832 2665 πυνθάνονται

409 2703 585 2760 care?
622 2725 650 2754 ››
2182 2696 2370 2752 αὐτοῦ’
2435 2722 2462 2751 ιι
2497 2702 2607 2753 Ποῦ
2679 2697 2853 2762 θέλεις
2918 2698 3298 2772 ἑτοιμάσωμέν
3367 2721 3452 2755 σοι
3519 2700 3583 2755 τὸ
3639 2701 3839 2776 Πάσχα

2184 2791 2375 2865 φαγεῖν
2405 2806 2420 2857 ;
2455 2810 2483 2839 ››

1886 2893 2049 2964 Ibid.,
2079 2910 2202 2966 pag.
2237 2895 2364 2950 224.

489 3000 566 3054 De
605 2997 914 3054 recensitis
957 3012 1091 3051 vero
1138 2993 1446 3066 discipulis
1481 3011 1584 3048 Lxx
1615 2995 1825 3064 praeter
1848 3008 1931 3046 χι·
1964 3008 2064 3047 su—
2101 2993 2125 3060 (

2255 2990 2387 3064 Περὶ
2445 2988 2502 3045 δὶ
2555 2995 2662 3046 τῶν
2740 2993 3247 3068 προγεγραμμένων
3309 3000 3351 3048 ο’
3410 2995 3665 3066 μαθητῶν
3722 2999 3834 3050 τῶν

417 3107 522 3162 pra
576 3091 785 3154 dictos,
835 3088 957 3159 agit
1002 3088 1272 3144 Clemens
1330 3085 1583 3156 scriptor
1629 3083 1732 3140 lib.
1764 3099 1800 3136 v
1831 3083 2053 3154 Hypoty‘

2203 3081 2325 3134 ιετά
2352 3079 2479 3142 τοὺς
2514 3075 2582 3134 ιϐ’
2619 3082 3082 3156 προτεταγμένους
3133 3083 3341 3158 ἱστορεῖ
3377 3081 3618 3157 Κλήμης
3647 3085 3675 3140 6
3705 3106 3839 3160 συγ-

414 3195 634 3252 poseon.
2183 3167 2419 3246 γραφεὺς
2451 3167 2502 3223 ἐν
2531 3172 2599 3243 τῇ
2631 3168 2842 3245 πὲμπιῃ
2881 3171 3332 3229 Ὑποτυπώσεων.

1879 3279 2047 3344 Ibid.,
2076 3294 2207 3349 pag.
2241 3278 2365 3334 232.

487 3375 701 3440 Quinto
730 3374 837 3427 hoc
869 3389 1022 3428 anno
1054 3371 1280 3426 Claudii
1315 3369 1554 3436 Paulus,
1588 3369 1686 3437 qui
1712 3377 1884 3423 antea
1915 3368 2070 3421 ordi-

2251 3364 2439 3439 Τούτῳ
2465 3371 2544 3438 τῷ
2573 3369 2810 3441 πέμπτῳ
2835 3363 2940 3424 ἔνει
2972 3365 3274 3440 Κλαυδίου,
3305 3372 3833 3445 προχειροτονηθεὶς

417 3468 594 3520 natus
646 3463 836 3517 fuerat
885 3461 1210 3532 apostolus,
1241 3461 1549 3530 ingressus
1579 3463 1668 3512 est
1698 3455 2053 3514 Antiochian‘

2209 3453 2405 3517 Ιαῦλος
2448 3454 2699 3525 εἰσῆλθεν
2746 3456 2821 3518 είς
2871 3457 3218 3531 Ἀντιόχειαν
3266 3458 3366 3526 τὴν
3423 3455 3696 3533 μεγάλην,
3743 3459 3839 3514 καὶ

418 3568 717 3623 magnam,
740 3555 954 3606 etcum
978 3549 1286 3604 didicisset
1303 3565 1427 3619 quae
1442 3551 1687 3603 sanctus
1711 3549 1918 3600 Petrus
1940 3561 2054 3617 eget

2205 3543 2370 3597 λαθὼν
2399 3545 2522 3618 περὶ
2569 3549 2666 3599 τοῦ
2723 3544 2882 3621 ἁγίου
2941 3546 3166 3621 Πέτρου,
3225 3551 3512 3622 πανταχοῦ
3559 3548 3620 3602 τὸ
3679 3547 3841 3602 σκάν-

417 3640 752 3711 rat,ubique
774 3637 1120 3694 scandalum
1145 3636 1421 3703 sustulit;
1452 3650 1778 3706 omnesque
1808 3634 2051 3689 admisit

2201 3633 2352 3687 iston
2401 3631 2674 3709 περιεῖλεν
2710 3677 2724 3703 ,
2799 3635 2890 3689 καὶ
2943 3633 3146 3696 πάντας
3205 3631 3419 3706 ἐδέξατο
3475 3636 3562 3690 καὶ
3628 3635 3837 3712 ἠγάπα,

417 3747 516 3786 eos
568 3728 906 3799 complexus
953 3743 1020 3781 ac
1067 3727 1436 3792 adhortatus,
1471 3725 1971 3796 quemadmodum
2003 3724 2053 3778 ἀι

2201 3721 2627 3796 προτρεψάμενος
2655 3724 2882 3791 πάντας,
2921 3723 3099 3785 καθὼς
3143 3727 3545 3799 συνεγράψαντο
3593 3724 3663 3781 τὰ
3708 3725 3837 3801 περὶ

418 3819 520 3874 illo
551 3818 819 3874 scribunt
849 3816 1118 3873 Clemens
1148 3819 1204 3870 et
1233 3815 1520 3870 Tatianus
1550 3812 2001 3886 cbronographi.

1935 3814 2001 3868 ai.
2182 3809 2378 3865 τούτου
2411 3809 2644 3885 Κλήμης
2674 3813 2764 3867 καὶ
2792 3812 3060 3874 Τατιανὸς
3087 3812 3143 3866 οἱ
3177 3813 3571 3892 χρονογράφοι.

1887 3929 2053 3997 Ibid,
2079 3945 2210 4002 pag.
2245 3930 2371 3986 251.

489 4035 776 4090 Joannem
801 4031 1134 4105 apostolum
1165 4035 1222 4086 et
1251 4029 1670 4103 evangelistam
1705 4030 1773 4085 ad
1809 4033 2074 4102 tempore.

2258 4027 2512 4099 Ἰωάννην
2555 4029 2643 4084 τὸν
2702 4029 3009 4086 ἀπόστολον
3065 4030 3155 4086 καὶ
3213 4031 3597 4108 εὖαγγελιστήν
3662 4031 3834 4108 μέχρι

419 4124 854 4196 Trajanivitam
893 4121 1237 4194 produxisse
1258 4120 1465 4177 scribit
1499 4121 1771 4176 Ireuzsus.
1807 4117 2055 4174 Clemens

2205 4122 2280 4172 τοῦ
2308 4123 2573 4194 Τραϊανοῦ
2622 4121 2838 4195 χρόνων
2885 4126 3215 4196 παραμεῖναι
3259 4127 3340 4195 τῷ
3394 4123 3498 4198 βίῳ
3542 4122 3841 4197 Εἰρηναῖος

417 4228 552 4267 vero
577 4209 1006 4266 Alexandrinus
1033 4209 1239 4264 iisdem
1273 4225 1530 4264 consona
1562 4208 1762 4276 tradit,
1789 4207 2053 4278 illumqui

2190 4206 2409 4282 ἱστορεῖ.
2457 4205 2690 4280 Κλήμης
2750 4206 2809 4263 δὲ
2871 4210 2899 4263 6
2949 4206 3328 4284 Ἀλεξανδρεὺς
3384 4210 3473 4264 καὶ
3549 4209 3708 4272 αὐτὸς
3756 4210 3826 4265 τὰ

418 4301 618 4357 Asiam
638 4307 693 4356 et
716 4301 1000 4355 ﬁnitimas
1034 4299 1364 4370 provincias
1397 4295 2054 4369 peragrasse,episcopi:

2196 4293 2312 4348 ιῦτά
2361 4296 2632 4369 σύμφησι,
2683 4297 2773 4351 καὶ
2824 4299 3066 4373 περιὲναι
3115 4298 3274 4352 αὐτὸν
3333 4297 3432 4366 τήν
3486 4299 3693 4364 Ἀσίαν,
3740 4297 3832 4353 καὶ

417 4393 634 4464 ubique
664 4391 950 4446 ordinatis
981 4406 1048 4445 ac
1077 4388 1303 4444 clericis
1329 4386 1689 4443 constitutis.

2195 4383 2274 4445 τὰς
2303 4382 2737 4460 πλησιοχώρους
2783 4383 3066 4464 πατρίδας,
3118 4385 3446 4450 ἐπισκόπους
3489 4390 3831 4452 καθιστῶντα

2176 4473 2266 4526 καὶ
2297 4471 2631 4549 κληρικούς.

1483 4580 1855 4647 Theodoretus,
1890 4581 2148 4638 Haeretic.
2176 4582 2316 4654 fab.,
2351 4582 2451 4637 tib.
2485 4599 2526 4652 ι,
2556 4599 2677 4656 cap.
2713 4583 2766 4639 4.

482 4677 690 4728 Contra
718 4671 825 4728 hos
856 4677 1055 4728 autem
1087 4672 1387 4727 decertant
1412 4671 1696 4742 Agrippas
1715 4685 2065 4742 cognomen-

2247 4671 2708 4746 Καταγωνίζονται
2759 4669 2817 4726 δὶ
2859 4670 3086 4736 τούτους
3135 4673 3466 4750 Ἀγρίππας,
3501 4673 3529 4727 6
3577 4674 3664 4728 καὶ
3721 4675 3830 4729 Κά-

410 4766 468 4817 to
511 4761 736 4829 Castor,
767 4767 823 4816 et
854 4761 1128 4828 Irenaaus,
1163 4767 1218 4816 et
1265 4760 1538 4818 Clemens
1587 4759 1975 4829 Stromateus,
2009 4775 2046 4814 e‘

2195 4779 2318 4836 map
2350 4758 2609 4832 ἐπίκλην,
2649 4763 2739 4816 καὶ
2783 4761 3101 4838 Εἰρηναῖος,
3151 4763 3240 4818 καὶ
3294 4761 3536 4837 Κλήμης
3567 4763 3595 4818 6
3632 4769 3831 4838 Στρω-

409 4851 687 4922 Urigenes
714 4867 816 4922 pro
848 4850 1089 4906 veritate
1119 4850 1490 4905 dimicantes.

2190 4847 2399 4922 ιατεὺς,
2430 4851 2521 4905 καὶ
2568 4851 2870 4926 Ὠριγὲνης,
2911 4858 3013 4922 τῆς
3057 4850 3321 4922 ἀληθείας
3355 4853 3826 4927 ὑπερμαχοῦντες.

1839 4964 1985 5020 Idem
2005 4964 2142 5023 ibid.
2177 4982 2316 5038 ,cap.
2348 4968 2402 5022 6.

478 5067 666 5132 Quare
712 5082 828 5121 non
878 5063 1069 5120 solum
1103 5063 1160 5118 in
1194 5061 1444 5134 publicis
1471 5062 1774 5128 conviviis,
1806 5061 2057 5118 lucernas

2239 5063 2317 5120 Οὗ
2358 5062 2425 5132 δη
2460 5063 2644 5140 χάριν,
2677 5067 2783 5121 οὐκ
2813 5063 2865 5120 ἐν
2916 5071 3033 5129 τοῖς
3073 5072 3286 5129 κοινοῖς
3340 5063 3576 5141 δείπνοις
3629 5067 3821 5140 μόνοι,

404 5154 630 5210 lumine
658 5159 901 5224 remoto,
927 5154 986 5206 in
1012 5169 1186 5224 quam
1219 5152 1551 5222 (mulierem
1574 5151 1676 5220 sc.)
1701 5152 1954 5221 quisque
1977 5152 2040 5206 in

2186 5152 2227 5207 :6
2259 5151 2544 5228 λυχνιαῖον
2574 5158 2690 5232 φῶς
2740 5153 2987 5210 ἐκποδὼν
3029 5155 3373 5228 ποιούμενοι,
3402 5156 3541 5232 ᾗπερ
3592 5154 3655 5211 ἂν
3697 5152 3822 5211 ἓκα-

403 5245 628 5300 ciderat
655 5259 784 5298 cum
832 5259 900 5298 ea
950 5243 1165 5310 coibat,
1198 5243 1300 5296 sed
1334 5241 1647 5314 mysticum
1707 5239 2039 5297 initiationi:

2179 5261 2292 5304 ττος
2321 5242 2554 5318 ἐπέτυχε
2583 5243 2958 5320 συνεμίγνυτο·
3004 5243 3150 5300 ἀλλά
3199 5242 3266 5313 δὴ
3315 5245 3405 5299 καὶ
3452 5243 3680 5314 τελετὴν
3713 5245 3815 5314 τὴν

400 5332 582 5388 ritum
617 5331 1107 5389 incontinentiam
1140 5331 1292 5386 hanc
1323 5329 1638 5386 ducebant.
1664 5329 1846 5401 Cujus
1869 5331 1948 5385 rei
1980 5335 2036 5386 te

2178 5330 2420 5402 ιοιαότην
2442 5329 2736 5387 ἀκολασίαν
2768 5333 3136 5409 ὑπειλήφεσαν
3163 5334 3452 5405 μυστικήν.
3490 5333 3587 5388 Καὶ
3616 5331 3814 5390 τούτου

401 5427 551 5477 stem
599 5423 991 5477 Slromateum
1041 5419 1403 5475 Clementem
1468 5420 1814 5490 producam,
1866 5420 2037 5474 viruu

2177 5417 2234 5488 δὴ
2299 5423 2546 5494 μάρτυρα
2595 5421 2688 5476 τὸν
2751 5422 3088 5497 Στρωματὲα
3149 5421 3452 5496 παρέξομαι
3511 5421 3813 5496 Κλήμεντά

398 5514 694 5573 sanctum,
717 5515 773 5564 et
803 5508 904 5580 qui
938 5508 1303 5563 abundantia
1333 5507 1610 5562 doctrinae
1642 5507 1921 5562 omnibus
1951 5525 2034 5563 ani

2179 5509 2312 5582 ξερὸν
2366 5507 2550 5580 ἄνδρα,
2605 5511 2693 5565 καὶ
2752 5509 3089 5584 πολυπειρία
3144 5511 3382 5574 ἅπαντας
3449 5511 3815 5568 ἀπολιπόντα.

395 5596 679 5652 tecelluit.
708 5597 801 5653 Sic
849 5601 1048 5652 autem
1100 5595 1364 5666 loquitur
1395 5595 1455 5649 in
1488 5594 1660 5651 tertio
1693 5597 2031 5653 Stromatum

1914 5601 2058 5667 tum,
2165 5598 2325 5675 Λέγει
2359 5594 2416 5653 δὲ
2446 5598 2620 5662 οὕτως
2650 5598 2702 5654 ἐν
2730 5603 2814 5672 τῷ
2846 5599 3014 5676 τρίτῳ
3041 5605 3150 5657 τῶν
3181 5602 3550 5676 Σρωματὶων.

398 5689 512 5741 etc.
