4142 6406
255 355 320 411 45
1549 362 1897 418 VETERUM
1937 366 1955 418 Ἴ

2052 361 2396 418 ΒΤΙΜΟΝΙΔ.
3620 365 3692 419 46

1661 501 1828 566 Idem,
1859 501 2022 571 ibid.,
2043 517 2169 571 cap.
2202 501 2290 558 49.

1661 517 1828 566 ιαεγη,
1859 517 1955 558 2οη

324 595 479 649 Κατᾶ
507 591 564 649 δὲ
594 591 936 650 Βαλεντίνου
964 595 1056 650 καὶ
1085 599 1193 650 τῶν
1227 594 1278 668 ἐξ
1324 594 1553 669 ἐκείνου,
1603 597 1695 652 καὶ
1745 597 1920 672 Είρη-
1951 657 1955 666 η

2052 519 2108 558 ra
2156 543 2169 557 .
2202 517 2290 558 λιν.

2103 517 2322 656 ἔσοιτο.
2349 598 2725 655 Valentinum
2773 605 2992 670 autem,
3049 617 3270 672 eosque
3326 602 3428 672 qui
3460 603 3532 658 ab
3590 601 3692 660 illo

254 689 425 755 ναῖος,
456 682 548 737 καὶ
577 685 850 756 Κλήμης,
884 684 977 739 καὶ
1009 683 1315 760 Ὦριγένης.

2037 688 2404 758 prodierunt,
2435 693 2492 744 et
2521 691 2799 759 Irenaaus,
2830 693 2888 745 et
2918 689 3208 761 Clemens,
3230 694 3289 746 et
3317 690 3616 763 Origenes.

1663 804 1839 873 Idem,
1871 802 2032 872 ibid.,
2065 821 2185 876 cap.
2207 805 2298 858 21.

330 898 487 956 Κατᾶ
536 899 748 955 τούτων
811 902 1111 979 συγγράφει
1167 902 1455 963 Μουσανὸς
1507 907 1606 970 τῆς
1664 899 1926 972 ἀληθείας

253 991 588 1064 συνήγορος,
621 989 715 1044 καὶ
745 989 992 1064 Κλήμης
1024 992 1052 1046 ὀ
1086 989 1469 1066 Στρωματεύς.

2109 905 2324 958 Contra
2353 919 2502 974 quos
2533 902 2737 963 scribit
2761 906 3041 959 Musanus
3069 903 3333 960 veritatis
3385 905 3694 976 patronus,

2037 995 2096 1048 et
2124 991 2392 1048 Clemens
2422 992 2813 1049 Stromateus.

1657 1108 2277 1181 Idem,ibid.,lib.m,c.t
2290 1151 2304 1165 .

320 1205 388 1261 Ἦ
425 1202 785 1262 Νικολαϊτῶν
820 1204 1051 1283 αἵρεσις,
1103 1207 1166 1262 οὐ
1218 1205 1381 1280 μόνον
1423 1205 1474 1277 ἐξ
1524 1206 1736 1275 ἀνοίας,
1788 1205 1934 1263 ἀλλὰ

248 1293 346 1348 καὶ
410 1293 460 1367 ἐξ
513 1293 819 1359 ἀκολασίας
872 1296 1122 1366 συνέστη.
1175 1297 1510 1371 Σαφέστερον
1573 1293 1630 1351 δὲ
1685 1297 1752 1351 τὰ
1807 1297 1932 1372 περὶ

251 1384 467 1455 Tum:
499 1385 529 1440 ὁ
561 1384 802 1459 Κλήμης
836 1383 1098 1460 ἐδίδαξεν.

2117 1205 2534 1264 Nicolaitarum
2567 1206 2809 1264 haeresis
2840 1225 2957 1265 non
2989 1208 3184 1265 solum
3205 1225 3273 1264 ex
3294 1209 3572 1275 amentia,
3601 1224 3701 1265 ve-

2044 1313 2174 1352 rum
2205 1298 2377 1352 etiam
2411 1313 2480 1352 ex
2508 1295 2966 1371 intemperantia
3014 1299 3268 1354 conﬂata
3313 1303 3421 1354 est.
3453 1298 3535 1354 De
3590 1298 3699 1356 bac

2043 1390 2242 1442 autem
2273 1385 2544 1443 Clemens
2574 1385 2807 1460 plenius
2840 1387 3140 1457 disseruit,
3173 1391 3284 1444 etc.

1694 1502 1860 1570 Ibid,
1891 1502 2060 1572 paulo
2084 1505 2226 1574 post.

325 1597 487 1653 Κατὰ
522 1597 733 1654 τούτων
759 1598 852 1654 καί
882 1600 910 1654 ὁ
942 1599 1273 1677 προῤῥηθεὶς
1318 1600 1618 1677 συνέγραψε
1662 1600 1929 1674 Κλήμης,

252 1686 350 1742 καὶ
384 1686 709 1764 Εἲρηναῖος,
737 1688 830 1744 καὶ
863 1690 1165 1766 Ὠριγένης.

2113 1603 2329 1656 Contra
2360 1599 2468 1656 bos
2498 1601 2740 1674 scripsit
2769 1601 3084 1673 praedictus
3142 1601 3432 1671 Clemens,
3465 1607 3523 1659 et
3578 1602 3697 1658 Ire-

2044 1707 2228 1758 cuius,
2259 1694 2316 1747 et
2353 1690 2653 1764 Origenes.

1452 1806 1508 1861 S.
1541 1805 1837 1877 Maximus,
1877 1808 2117 1879 Disptat.
2159 1824 2283 1864 cum
2313 1807 2550 1880 Pyrrho.

327 1900 543 1992 Κανόνι
578 1904 874 1978 χρώμενος
908 1905 1045 1982 πρὸς
1076 1909 1238 1992 τοῦτο
1259 1908 1338 1976 τῷ
1367 1899 1481 1960 ὄντι
1506 1903 1806 1982 Φιλοσόφῳ
1825 1909 1932 1960 τῶν
1965 1929 2013 1992 Β

263 1988 597 2071 Ῡιλοσὸφων
640 1991 946 2067 Κλήμεντι,
998 1994 1051 2050 ἐν
1082 1998 1162 2066 τῷ
1205 1991 1349 2066 ’ἐκτῷ
1392 1999 1501 2050 τῶν
1555 1993 1930 2070 Στρωματέων

263 2081 453 2158 λόγῳ,
499 2083 604 2151 τήν
659 2083 756 2156 μὲν
803 2081 1027 2155 θέλησιν
1068 2089 1192 2139 νοῦν
1245 2084 1378 2139 εἶναι
1424 2084 1703 2158 ὀρεκτικὸν
1742 2085 1930 2160 ὁρισαο

269 2170 446 2246 μένειν
482 2172 586 2240 τήν
640 2168 699 2228 δὲ
747 2173 1048 2244 Βούλησιν,
1098 2171 1329 2250 εὔλογον
1379 2169 1549 2250 ὄρεξιν
1600 2173 1635 2244 ἢ
1676 2173 1776 2242 τήν
1806 2174 1929 2250 περὶ

256 2262 409 2324 τινὸς
441 2261 695 2333 θέλησιν.

2113 1909 2178 1963 In
2210 1907 2319 1963 hoc
2350 1925 2455 1980 pro
2488 1906 2686 1978 regula
2730 1923 2876 1963 usus
2907 1904 3314 1978 (Athanasius)
3344 1923 3474 1963 vere
3503 1906 3698 1964 Philo-

2043 1995 2226 2068 sopho
2257 1995 2745 2069 philosOpborum
2777 1994 3072 2051 Clemente
3101 1995 3161 2051 in
3195 2013 3249 2051 vx
3280 1996 3428 2052 libro
3455 2000 3701 2054 Stroma-

2040 2088 2205 2154 tum;
2262 2085 2364 2157 qui
2426 2082 2651 2154 θέλησιν
2733 2085 2817 2157 (id
2875 2089 2964 2140 est
3018 2085 3378 2158 voluntatem)
3436 2086 3702 2142 deﬁnivit

2041 2179 2280 2231 mentem
2312 2180 2686 2247 appetentem,
2717 2179 2776 2230 et
2811 2169 3162 2248 βούλησιν(θὶ
3194 2175 3430 2231 afﬁnem
3479 2176 3704 2250 vocem)

2040 2266 2334 2337 appetitem
2364 2264 2571 2322 rationi
2600 2270 3047 2321 consentaneum.

1166 2387 1335 2440 Joan.
1364 2389 1758 2452 Damascenus,
1793 2383 1866 2438 De
1892 2381 2107 2437 duabus
2155 2380 2369 2436 Christi
2395 2381 2802 2438 voluntatibus.

327 2477 580 2549 Θέλησις
611 2479 792 2534 τοίνυν
825 2477 991 2550 ἐστὶν,
1030 2479 1166 2535 κατὰ
1191 2479 1284 2534 τὸν
1322 2481 1586 2556 μακάριον
1617 2477 1934 2552 Κλήμεντά,

2116 2477 2399 2534 Voluntas
2431 2484 2651 2550 autem,
2684 2479 2857 2561 beati,
2885 2478 3208 2535 Clementis
3264 2483 3580 2550 sententia,
3609 2485 3700 2538 est

263 2565 502 2640 δύναμις
528 2572 630 2623 τοῦ
659 2569 867 2642 κυρίως
898 2565 1056 2631 ὄντος
1088 2568 1364 2644 ὀρεκτική·
1413 2568 1503 2624 καὶ
1533 2567 1724 2635 πάλιν,
1757 2563 1935 2644 ὄρεξις

2052 2572 2191 2640 ejus,
2225 2569 2368 2641 quod
2396 2572 2620 2641 proprie
2667 2573 2763 2636 est,
2822 2573 3087 2642 appetitio
3118 2587 3133 2638 ;
3166 2587 3396 2638 rursus,
3443 2571 3702 2628 voluntas

257 2661 328 2730 τῇ
360 2661 464 2712 τοῦ
499 2654 735 2733 λογικοῦ
767 2656 922 2734 φύσει
962 2655 1340 2728 κατάλληλος·
1389 2657 1480 2712 καὶ
1529 2655 1722 2730 πάλιν,
1773 2655 1936 2711 αὖτο-

255 2746 538 2823 κράτορος
571 2750 668 2803 νοῦ
696 2745 913 2817 κίνησις
944 2744 1310 2817 αὐτεξούστος.

2045 2659 2309 2728 appetitio
2340 2666 2419 2713 est
2449 2658 2568 2729 ejus
2600 2659 2740 2730 quod
2770 2661 2991 2715 ratione
3019 2658 3444 2726 utitur,naturae
3471 2677 3704 2717 consen-

2045 2751 2213 2802 tanea
2241 2765 2260 2813 ;
2284 2746 2572 2819 itemque,
2603 2751 2808 2804 mentis
2839 2747 3208 2820 imperatricis
3247 2749 3386 2804 liber
3419 2754 3616 2805 motus.

1502 2863 1668 2932 Idem,
1703 2865 1776 2919 De
1820 2861 2182 2934 imaginibus,
2213 2867 2352 2920 orat.
2404 2864 2456 2919 3.

323 2965 448 3018 Τοῦ
504 2959 884 3034 ἀρχαιοτάτου
921 2961 1246 3034 Κλήμεντος
1292 2960 1430 3035 πρὸς
1480 2956 1836 3035 Ἀλέξανδρον
1869 2957 1928 3012 ἐκ

246 3056 351 3108 τοῦ
406 3047 662 3123 ἑϐδόμου
725 3043 948 3123 βιϐλίου
1002 3054 1110 3104 τῶν
1168 3049 1566 3126 Στρωματέων.
1617 3049 1828 3106 Οὐκοῦν
1863 3047 1925 3103 οὗ

253 3141 424 3212 μόνον
459 3137 679 3193 ἐπαινεῖ
700 3138 767 3190 τὰ
796 3135 959 3207 καλὰ,
992 3135 1140 3192 ἀλλά
1168 3137 1353 3207 αὐτὸς,
1392 3137 1634 3212 βιάζεται
1666 3139 1762 3191 τοῦ
1793 3136 1925 3190 εἶναι

245 3229 444 3291 καλός·
480 3227 545 3282 ἐκ
572 3230 673 3282 τοῦ
704 3225 910 3301 ἀγαθοῦ
950 3226 1042 3281 καὶ
1089 3224 1284 3281 πιστοῦ
1336 3223 1539 3282 δούλου
1593 3220 1926 3298 μεταϐαίνων

2110 2959 2533 3032 Antiquissimi
2563 2959 2876 3017 Clementis
2907 2961 2977 3017 ad
3012 2962 3402 3018 Alexandrum
3447 2979 3515 3019 ex
3545 2962 3696 3020 libro

2037 3047 2379 3104 Stramatum
2409 3051 2593 3105 sexto.
2628 3049 2832 3120 Itaque
2887 3066 3005 3106 non
3061 3050 3254 3107 solum
3315 3051 3520 3108 laudat
3570 3065 3697 3124 qua:

2039 3141 2199 3193 recta
2228 3142 2390 3206 sunt,
2427 3137 2528 3193 sed
2561 3137 2686 3210 ipse
2721 3137 2934 3192 nititur
2963 3155 3089 3194 esse
3149 3141 3338 3196 bonus
3371 3157 3384 3208 ;
3419 3157 3488 3197 ex
3545 3141 3697 3197 bono

2041 3226 2318 3298 fidelique
2351 3241 2517 3282 servo
2551 3243 2653 3298 per
2675 3225 3019 3282 charitatem
3055 3227 3281 3284 amicus
3310 3230 3564 3285 evadens
3593 3230 3694 3285 ba-

249 3317 322 3375 ac
371 3319 596 3395 ἀγάπης
629 3316 709 3378 εἷς
740 3299 920 3394 φίλον,
955 3312 1046 3369 διὰ
1091 3315 1153 3370 τὸ
1195 3313 1407 3369 τέλειον
1437 3321 1538 3384 τῆς
1563 3309 1745 3387 ἕξεως,
1778 3313 1807 3367 ὃ
1860 3313 1920 3368 ἐκ
1949 3314 1955 3355 ⁴

2052 3314 2192 3371 )ἱῐυε
2241 3314 2647 3387 perfectione:
2709 3315 2863 3386 quod
2925 3315 3160 3386 quidem
3215 3317 3482 3374 doctrina
3540 3335 3695 3392 vera,

257 3409 554 3481 μαθήσεως
584 3406 832 3472 ἀληθοῦς
858 3405 948 3458 καὶ
981 3405 1360 3472 συνασκήσεως
1405 3400 1626 3471 πολλῆς
1674 3406 1926 3478 καθαρῶς

255 3497 558 3566 ἐκτήσατο.
610 3495 700 3556 Ὠς
731 3493 791 3548 ἂν
821 3492 912 3548 οὖν
964 3492 1048 3547 ἐπ’
1097 3489 1260 3568 ἄκρον
1305 3493 1556 3568 γνώσεως
1597 3499 1708 3564 ἥκῃ
1747 3492 1935 3568 βιαζό-

2045 3404 2576 3474 exercitationequo
2609 3404 2799 3459 multa
2830 3403 3001 3474 plane
3032 3406 3431 3474 consequitur.
3465 3409 3556 3463 Sic
3588 3407 3696 3480 igi-

2047 3500 2141 3549 tur
2173 3494 2241 3548 ad
2277 3491 2629 3563 cognitionis
2662 3491 2960 3560 fastigium
2996 3495 3285 3557 ascendit,
3317 3495 3458 3551 dum
3516 3496 3697 3552 vitam

260 3584 537 3659 μενοςτῷ
588 3583 713 3653 ἤθει
743 3583 833 3638 καὶ
881 3581 1318 3654 κεκοσμημένος,
1365 3586 1446 3653 τῷ
1493 3582 1743 3656 σχήματι
1775 3600 1935 3635 κατε-

2052 3598 2358 3652 moresque
2387 3581 2708 3652 componit,
2742 3597 2921 3653 seque
2953 3582 3010 3636 in
3063 3582 3254 3638 ofﬁcio
3312 3585 3592 3652 continet,
3642 3591 3700 3642 et

262 3675 601 3746 σταλμένος,
652 3672 828 3727 πάντα
875 3669 1056 3726 ἐκεῖνα
1098 3669 1268 3744 ἔχων,
1324 3669 1422 3724 ὅσα
1477 3668 1933 3742 πλεονεκτήματά

261 3763 369 3818 ἐστι
397 3767 503 3818 τοῦ
554 3762 697 3816 κατά
747 3758 1012 3830 ἀλήθειαν
1070 3762 1394 3832 γνωπικοῦ,
1446 3757 1523 3820 εἰς
1571 3758 1667 3813 τὰς
1719 3757 1930 3822 εἰκόνας

261 3854 489 3927 ἀφορῶν
521 3852 623 3914 τὰς
654 3849 843 3912 καλάς.
879 3846 1133 3911 Πολλοὺς
1186 3848 1280 3921 μὶν
1325 3848 1456 3912 τοὺς
1495 3859 1932 3923 κατωρθωκότας

260 3943 365 4017 πρὸ
425 3941 602 3996 αὐτοῦ
657 3938 1029 4013 πατριάρχας,
1075 3935 1446 4010 παμπόλλους
1507 3935 1564 3992 δὲ
1618 3939 1927 4014 προφήτας,

259 4030 522 4104 ἀπείρους
585 4027 644 4083 δὲ
695 4027 856 4089 ὅσους
907 4029 1045 4100 ἡμῖν
1094 4027 1312 4101 ἀριθμῷ
1362 4024 1721 4102 λογιζόμενος
1770 4026 1930 4101 ἀγγέ-

255 4118 411 4186 λους,
461 4117 556 4174 καὶ
589 4119 680 4172 τὸν
711 4115 801 4173 ἐπὶ
832 4122 964 4171 πᾶσι
997 4114 1215 4190 Κύριον,
1247 4115 1338 4170 τὸν
1373 4111 1662 4185 διδάξαντα
1699 4115 1790 4168 καὶ
1821 4135 1923 4169 πα-

251 4212 632 4280 ραστήσαντα,
691 4204 913 4262 δυνατὸν
974 4205 1145 4278 εἶναι,
1201 4203 1294 4260 τὸν
1339 4204 1652 4281 κορυφαίων
1707 4202 1924 4258 ἐκείνων

251 4301 563 4368 κτήσασθαι
601 4295 738 4372 βίον.

2042 3688 2249 3727 omnes
2282 3670 2414 3726 illas
2430 3671 2844 3742 praerogativae.
2877 3677 3335 3743 comparat,qum
3369 3678 3507 3729 sunt
3533 3673 3697 3731 illius

2042 3760 2312 3833 propria},
2346 3760 2446 3830 qui
2481 3777 2542 3815 se
2570 3775 2703 3814 vere
2734 3760 3563 3834 studiosum,cognitlonisque
3594 3781 3695 3819 cu-

2042 3851 2245 3923 pidum
2281 3849 2608 3921 profitetur,
2672 3854 2950 3920 tanquam
3010 3851 3368 3921 exemplaria
3429 3854 3694 3923 quaedam

2041 3937 2290 4010 pulchra
2310 3938 2545 3993 intuens
2563 3937 3152 4010 multospatriarcbas
3166 3945 3341 4011 atque
3357 3940 3695 4012 prophetas,

2040 4027 2143 4099 qui
2177 4032 2311 4082 ante
2343 4043 2406 4082 se
2437 4025 2678 4098 perfecti
2708 4027 2997 4081 virtutum
3058 4027 3268 4083 officiis
3327 4030 3694 4100 exstiterunt,

2037 4114 2622 4186 innumerabilesque
2655 4115 2893 4185 angelos
2924 4115 3306 4173 considerans
3366 4118 3420 4173 in
3455 4118 3693 4191 primis-

2037 4222 2152 4278 que
2181 4203 2497 4260 Dominum
2529 4204 2751 4275 ipsum,
2784 4203 2885 4276 qui
2916 4205 3107 4272 docet,
3139 4210 3196 4261 et
3252 4207 3469 4278 praebet
3527 4208 3694 4264 auxi-

2033 4295 2205 4360 lium,
2238 4309 2352 4364 quo
2383 4293 2698 4364 perlectam
2732 4293 3066 4365 principum
3096 4293 3334 4350 illorum
3363 4295 3490 4351 vitae
3517 4296 3698 4352 ratio-

2034 4400 2168 4440 nem
2201 4382 2439 4454 assequi
2468 4381 2792 4437 valeamus.

1367 4501 1616 4568 Photius,
1651 4499 1921 4558 Biblioth.
1953 4500 2106 4558 codd.
2147 4499 2264 4566 109,
2299 4497 2421 4565 110,
2459 4497 2578 4552 111.

324 4601 677 4676 Ἀνεγνώσθη
729 4597 1057 4672 Κλήμεντος
1107 4593 1504 4671 Ἀλεξανδρέως
1554 4591 1955 4674 πρεσϐυτέρους

2105 4599 2279 4653 Lecta
2299 4601 2443 4650 aunt
2472 4594 2791 4652 Clementis
2823 4594 3194 4651 Alexandrini
3228 4598 3552 4670 presbyteri
3577 4601 3693 4658 tria

252 4693 431 4766 τεύχη
498 4685 733 4766 βιϐλίων
767 4689 913 4762 τρία·
971 4687 1045 4742 ὧν
1104 4687 1166 4742 τὸ
1217 4687 1313 4759 μὶν
1358 4684 1667 4762 ἐπιγραφήν
1700 4681 1921 4762 ἔλαχεν,

253 4783 672 4842 Ὑποτυπώσεις
707 4826 723 4854 ,
778 4778 842 4834 τὸ
901 4776 961 4833 δέ
1016 4781 1372 4853 Στρωματεῖς
1407 4820 1420 4846 ,
1487 4776 1550 4831 τὸ
1603 4773 1662 4830 δὲ
1718 4773 1922 4830 Παιδα-

236 4872 450 4948 γωγός.

311 4963 388 5018 Αἱ
449 4961 549 5034 μὶν
587 4957 681 5014 οὖν
729 4955 1134 5019 Ὑποτυπώσεις
1184 4948 1619 5027 διαλαμϐάνουσι
1672 4957 1794 5030 περὶ
1832 4952 1925 5031 ῥη-

242 5056 354 5108 τῶν
390 5071 564 5105 τινων
602 5055 703 5118 τῆς
733 5069 789 5102 τε
823 5045 1074 5109 Παλαιᾶς
1127 5045 1220 5100 καὶ
1253 5044 1394 5107 Νέας
1451 5050 1682 5120 Γρασῆς·
1715 5044 1787 5099 ὧν
1837 5042 1926 5099 καὶ

246 5135 689 5220 κεφαλαιωδῶς,
737 5137 812 5198 ὡς
861 5133 1046 5207 δῆθεν,
1096 5133 1352 5208 έξήγησίν
1401 5153 1460 5188 τε
1505 5135 1594 5188 καὶ
1645 5131 1930 5208 ἑρμηνείαν

242 5236 512 5287 ποιεῖται.
567 5227 671 5283 Καὶ
703 5220 755 5281 ἔν
784 5247 896 5281 τισι
951 5225 1048 5298 μὶν
1098 5224 1280 5280 αὐτῶν
1328 5223 1502 5299 ὀρθῶς
1535 5221 1688 5278 δοκεῖ
1717 5220 1921 5298 λέγειν,

240 5318 290 5376 ἔν
321 5341 435 5376 τισι
493 5317 554 5374 δὲ
605 5320 895 5377 παντελῶς
934 5312 1012 5377 εἷς
1043 5308 1254 5374 ἀσεϐεῖς
1283 5313 1372 5368 καὶ
1408 5310 1676 5386 μυθώδεις
1723 5309 1925 5386 λόγους

243 5409 555 5489 ἐκφέρεται.
610 5405 784 5475 ’Υλην
823 5425 883 5459 τε
921 5404 1027 5479 γὰρ
1081 5401 1319 5478 ἄχρονον
1369 5401 1458 5456 καὶ
1505 5399 1648 5463 ἰδέας
1695 5401 1771 5464 ὡς
1818 5398 1924 5489 ἀπὸ

236 5487 399 5556 τινῶν
451 5499 648 5577 ῥητῶν
701 5494 1060 5569 εἰσαγομένας
1105 5489 1338 5563 δοξάζει,
1385 5491 1478 5546 καὶ
1530 5491 1620 5545 τὸν
1680 5490 1806 5577 Υἱὸν
1849 5487 1927 5577 εἷς

237 5575 457 5666 κτίσμα⁷
479 5588 734 5662 κατάγει.
795 5586 918 5641 Ἔτι
952 5579 1011 5638 δὲ
1052 5579 1526 5656 μετεμψυχώσεις,
1557 5579 1648 5635 καὶ
1678 5575 1926 5640 πολλοὺς

233 5683 340 5757 πρὸ
401 5684 508 5738 τοῦ
572 5673 764 5749 ’Δδὰμ
820 5674 1066 5746 κόσμους
1117 5669 1504 5748 τερατεύεται.
1565 5669 1665 5725 Καὶ
1721 5668 1781 5725 ἐκ
1827 5671 1927 5724 τοῦ

2033 4687 2314 4742 librorum
2345 4683 2649 4740 volumina
2677 4707 2692 4750 ;
2725 4700 2978 4755 quorum
3015 4685 3200 4740 unius
3229 4685 3534 4760 inscriptio
3581 4694 3693 4764 est,

2034 4778 2440 4848 Hypotyposes;
2477 4771 2722 4829 alterius
2751 4773 3088 4830 Stromateus
3121 4792 3135 4843 ;
3168 4775 3326 4831 tertii
3374 4794 3509 4834 vero
3564 4781 3690 4838 Pae-

2034 4865 2068 4920 d
2089 4879 2307 4936 tgogus,

2107 4951 2770 5025 Hypotyposes-quidem
2829 4952 3321 5024 disceptationem
3385 4955 3692 5011 continent

2037 5043 2298 5098 locorum
2335 5041 2558 5113 aliquot
2587 5040 2812 5096 Veteris
2842 5041 3104 5113 Novique
3147 5043 3532 5112 Testamenti,
3566 5061 3690 5115 quae

2038 5131 2215 5188 etiam
2249 5130 2595 5185 summatim
2627 5129 2877 5200 explicat
2901 5139 2948 5184 et
2970 5129 3408 5201 interpretatur.
3443 5132 3562 5188 Etsi
3588 5150 3690 5187 au-

2034 5227 2148 5277 tem
2183 5225 2335 5275 recte
2365 5218 2424 5273 in
2455 5218 2809 5290 quibusdam
2835 5217 3052 5273 sentire
3081 5221 3241 5274 visus
3299 5229 3410 5287 est,
3447 5223 3501 5275 in
3561 5221 3691 5276 aliis

2033 5326 2238 5366 rursus
2270 5309 2448 5378 impie
2484 5306 2727 5362 omnino
2761 5306 3144 5377 fabuloseque
3175 5308 3432 5364 disserit.
3467 5311 3694 5364 Asserit

2034 5399 2186 5456 enim
2221 5395 2526 5452 materiam
2562 5402 2840 5451 aeternam
2873 5400 3089 5463 esse,et
3117 5397 3277 5451 ideas
3301 5397 3480 5452 veluti
3515 5399 3690 5456 certis

2034 5487 2285 5544 decretis
2316 5483 2515 5540 induci
2553 5485 2724 5556 ﬁngit
2776 5500 2788 5539 :
2836 5483 3044 5540 Filium
3107 5501 3339 5556 quoque
3395 5486 3454 5541 in
3511 5487 3688 5546 rebus

2035 5575 2244 5634 creatis
2278 5578 2572 5630 numerat.
2610 5573 2694 5627 Ad
2729 5572 2850 5628 haec
2893 5573 3226 5628 animarum
3285 5573 3689 5649 migrationes,

2035 5665 2375 5737 multosque
2403 5668 2540 5721 ante
2575 5664 2859 5720 Adamam
2880 5662 3135 5718 mundos
3166 5665 3500 5738 prodigiose
3528 5684 3687 5724 com-
