4142 6426
437 386 510 444 47
1670 384 2008 441 CLEMENS
2043 379 2633 441 ALEXANDRINUS.
3806 387 3877 446 48

441 513 980 571 miniscitur.Evam
1013 517 1387 584 praeteream:
1424 514 1798 579 Adamo,non
1823 515 1888 564 ut
1947 507 2096 564 sacri

2213 504 2389 580 Ἀδὰμ
2439 509 2537 577 τὴν
2596 506 2764 578 Εὕαν,
2823 511 2931 589 οὐχ
2987 513 3063 578 ὡς
3119 515 3147 568 ὁ
3194 515 3651 585 ὶκκλησιαστικὸς
3702 514 3872 590 λόγος

444 603 578 658 libri
602 603 973 670 tradunt,sed
1000 605 1250 658 obscene
1281 609 1458 674 atque
1483 602 1660 674 impie
1687 598 2104 669 educit.Ange-

444 694 534 751 los
564 709 794 766 quoque
825 710 958 748 curn
990 693 1232 748 feminis
1260 708 1633 763 congressos,
1693 691 1909 746 liberos
1967 688 2106 744 inde

445 783 760 838 sustulisse
789 782 1062 838 somniat.
1097 783 1247 847 Quin
1281 789 1337 838 et
1369 781 1629 838 Verbum
1691 795 1928 835 carnem
1990 794 2104 834 non

445 888 574 928 esse
607 873 848 937 factum,
883 872 982 928 sed
1017 872 1097 928 ita
1128 873 1321 928 visum
1353 873 1660 927 duntaxat.
1693 871 1818 926 Duo
1878 870 1950 924 ad
1983 867 2105 923 haec

442 961 629 1017 Patris
654 961 842 1017 Verba
865 961 1106 1018 ﬁnxisse
1134 961 1877 1034 deprehenditur,quorum
1906 957 2106 1014 minus

443 1051 792 1108 mortalibus
824 1051 901 1106 sit
933 1050 1276 1118 visum,imo
1309 1069 1380 1106 ne
1412 1052 1520 1107 hoc
1548 1048 1916 1122 quidem;sic
1946 1047 2103 1104 enim

440 1139 681 1196 scribit:
715 1139 929 1196 Dicitur
964 1139 1188 1212 quidem
1217 1150 1270 1196 et
1326 1139 1506 1195 Filius
1569 1140 1796 1195 Verbum
1834 1138 2107 1210 aequiroce

441 1245 566 1284 cum
597 1233 794 1287 Patrio
834 1231 1039 1287 Verbo.
1088 1232 1284 1287 Verum
1333 1247 1506 1303 neque
1535 1229 1637 1286 hoc
1671 1229 1830 1288 illud
1868 1228 2110 1284 Verbum

441 1327 540 1388 est,
579 1318 822 1375 Verbum
849 1337 870 1382 ;
899 1320 991 1376 sed
1021 1319 1103 1375 vis
1133 1319 1390 1392 quaedam
1420 1337 1489 1375 ac
1525 1322 1760 1392 potestas
1821 1317 1946 1386 Dei,
1977 1321 2104 1372 tan-

441 1423 604 1479 quam
637 1426 670 1464 a
705 1409 867 1465 Verbo
896 1409 1023 1482 ipso
1052 1412 1351 1482 proﬂuens,
1385 1426 1539 1466 mens
1577 1411 1786 1481 eﬂecta,
1821 1408 2107 1463 hominum

441 1500 656 1553 animos
685 1501 951 1567 pervasit.
994 1500 1128 1563 Quae
1181 1501 1417 1570 quidem
1476 1499 1728 1554 omniss.
1789 1497 2105 1568 Scriptores

441 1588 801 1644 testimoniir
832 1588 1062 1660 aliquot
1092 1596 1356 1645 astruere
1388 1588 1616 1643 nititur.
1638 1587 1788 1654 Quin
1841 1587 2017 1644 etiam
2048 1589 2106 1641 et

445 1676 560 1730 alia
591 1678 642 1731 id
678 1694 867 1749 genus
914 1683 1189 1733 sexcenta
1242 1678 1591 1750 blaspheme
1630 1693 1765 1733 voce
1824 1681 2103 1749 nugatur,

445 1782 546 1822 seu
585 1766 730 1837 ipse,
763 1767 884 1823 sive
914 1768 1047 1839 quis
1081 1767 1253 1836 alius,
1291 1768 1420 1838 ejus
1462 1783 1773 1839 personam
1808 1765 2055 1821 indutus
2086 1785 2100 1834 ;

2218 597 2498 670 βούλεται,
2550 598 2678 656 ἀλλ’
2735 600 2982 678 αῗσχρῶς
3037 623 3099 657 τε
3151 605 3242 658 καὶ
3288 604 3460 669 ἀθέως
3490 603 3870 683 ἀποφαίνεται’

2217 685 2502 760 μίγνυσθαί
2531 710 2590 744 τι
2617 689 2745 753 τοὺς
2795 691 3064 768 ἀγγέλους
3099 692 3333 770 γυναιξὶ,
3380 693 3470 749 καὶ
3521 691 3870 750 παιδοποιεῖν

2213 772 2266 845 ἐξ
2299 775 2474 831 αὐτῶν
2513 777 2882 852 ὀνειροπολεῖ.
2934 782 3040 838 Καὶ
3075 783 3151 855 μή
3184 790 3536 858 σαρκωθῆναι
3567 785 3658 838 τὸν
3694 785 3869 860 Λόγον

2214 863 2361 918 ἀλλὰ
2404 862 2576 936 δόξαι.
2633 867 2844 943 Λόγους
2885 890 2944 925 τε
2989 875 3091 926 τοῦ
3127 872 3338 948 Πατρὸς
3372 868 3468 927 δύο
3515 871 3871 949 τετραλογῶν

2213 951 2579 1031 ἀπολέγχεται
2663 958 2738 1012 ὧν
2769 958 2861 1013 τὸν
2919 958 3122 1029 ἥττονα
3174 965 3291 1024 τοῖς
3335 960 3644 1035 ἀνθρώποις
3677 961 3876 1037 ἐπιφαέ

2211 1048 2394 1114 νῆναι,
2449 1043 2662 1116 μᾶλλον
2714 1043 2771 1102 δὲ
2830 1045 2956 1104 οὐδὲ
3009 1047 3234 1106 ἐκεῖνον·
3289 1050 3422 1126 φησὶ
3471 1050 3595 1125 γάρ’
3647 1035 3876 1127 Λέγεται

2217 1131 2313 1204 μὲν
2367 1133 2454 1188 καὶ
2505 1135 2533 1189 6
2580 1134 2704 1198 Υἱὸς
2751 1138 2949 1212 Λόγος,
2983 1137 3296 1211 ὁμωνύμως
3341 1143 3422 1212 τῷ
3452 1140 3713 1214 Πατρικῷ
3759 1139 3877 1195 Λό-

2212 1241 2295 1296 γῳ
2370 1219 2501 1276 ἀλλ’
2559 1223 2667 1299 οὐχ
2711 1225 2871 1288 οὗτός
2919 1226 3062 1282 ἔστιν
3114 1228 3142 1282 6
3196 1227 3322 1303 σάρξ
3372 1227 3690 1304 γενόμενος,
3747 1227 3875 1285 ούδὶ

2219 1311 2326 1384 μὴν
2401 1313 2429 1366 6
2497 1317 2756 1387 Πατρῷος
2836 1316 3058 1392 Λόγος,
3125 1314 3270 1372 ἀλλά
3328 1314 3561 1392 δύναμίς
3628 1339 3712 1381 τις
3775 1322 3874 1373 τοῦ

2215 1404 2348 1456 Θεοῦ
2403 1404 2517 1456 οἷον
2580 1403 2851 1480 ἀπόρῥοια
2895 1411 2994 1460 τοῦ
3052 1405 3230 1483 Λόγου
3287 1408 3480 1475 αὐτοῦ,
3539 1405 3666 1470 νοῦς
3717 1408 3873 1484 γενά-

2219 1511 2376 1564 μενος
2411 1533 2426 1559 ,
2482 1491 2577 1556 τὰς
2638 1498 2747 1548 τῶν
2815 1496 3116 1571 ἀνθρώπων
3171 1493 3397 1570 καρδίας
3457 1494 3872 1576 διαπεφοίτηκε.

2215 1579 2319 1636 Καὶ
2361 1585 2529 1636 ταῦτα
2573 1581 2748 1638 πάντα
2795 1583 2903 1639 ἀπὸ
2963 1584 3142 1660 ῥητῶν
3196 1605 3361 1641 τινων
3411 1591 3665 1658 πειρᾶται
3711 1607 3876 1642 κατα-

2215 1671 2489 1740 σκευάζειν
2533 1679 2633 1743 τῆς
2682 1678 2920 1752 Γραφῆς.
2968 1674 3072 1730 Καὶ
3122 1671 3270 1730 ἄλλα
3301 1671 3357 1731 δὲ
3393 1674 3560 1750 μυρία
3610 1673 3875 1754 βλασφη-

2219 1764 2311 1832 μεῖ
2347 1759 2436 1815 καὶ
2486 1759 2739 1839 φλυαρεῖ,
2790 1761 2897 1818 sit:
2945 1762 3128 1835 αὐτὸς,
3171 1761 3277 1819 εἴτε
3309 1785 3391 1826 τις
3421 1760 3626 1838 ἕτερος,
3671 1766 3735 1820 τὸ
3780 1765 3882 1819 αύ-

446 1854 622 1926 plane
655 1859 718 1908 ut
748 1859 879 1911 octo
909 1854 1067 1926 ipsos
1111 1854 1313 1910 Libros
1373 1855 1534 1910 hisce
1592 1853 2099 1925 blasphemiarum

2213 1853 2308 1903 τοῦ
2358 1850 2651 1925 πρόσωπον
2699 1852 3034 1928 ὑποκριθείς.
3085 1853 3462 1924 Ἐποιήθησαν
3511 1850 3568 1909 δὲ
3617 1853 3766 1927 αύτῷ
3815 1854 3876 1908 αἱ

445 1943 755 2014 portentis,
779 1943 850 2000 de
873 1943 1082 1999 iisdem
1117 1943 1436 1998 identidem
1463 1943 1902 2010 disserendo,ac
1933 1957 2099 2013 spar-

441 2033 556 2089 sim
589 2040 767 2105 atque
799 2033 1060 2100 confuse,
1096 2033 1278 2089 veluti
1313 2039 1554 2105 stupore
1587 2031 1912 2105 perculsus,
1947 2030 2100 2087 Scri-

442 2128 647 2196 pturas
679 2121 1408 2195 producendo,repleveril.
1445 2121 1711 2178 Universi
1739 2126 1935 2176 autem
1959 2136 2098 2191 ope-

438 2210 521 2266 ris
549 2228 764 2282 scopus
790 2211 974 2267 fuisse
1009 2212 1239 2267 videtur
1268 2211 1794 2280 Geneseos,Exodi,
1827 2208 2098 2265 Psalmo-

441 2317 596 2369 rum,
632 2300 1026 2372 Epistolarum
1078 2302 1135 2357 Β.
1209 2301 1368 2356 Pauli
1427 2309 1484 2356 et
1542 2300 2001 2364 Catholicarum,
2035 2314 2101 2352 ac

444 2391 698 2462 denique
729 2390 1116 2448 Ecclesiastici
1149 2391 1574 2461 interpretatio.
1608 2393 1722 2446 Hoc
1752 2390 1988 2444 interim
2023 2389 2100 2444 fa-

444 2483 606 2535 tetur
634 2483 782 2552 ipse,
815 2481 1172 2553 discipulum
1206 2497 1269 2537 se
1301 2480 1483 2537 fuisse
1527 2478 1802 2536 Pantani.
1860 2479 1971 2535 Sed
2030 2479 2102 2534 de

443 2568 878 2641 Hypotyposibus
909 2570 1215 2629 hactenus.

513 2705 642 2760 Jam
676 2705 1016 2776 Paedagogus
1046 2705 1237 2760 tribus
1269 2704 1436 2760 libris
1495 2705 1886 2778 conscriptus,
1918 2703 2098 2758 vitam

445 2809 758 2866 moresque
813 2796 1132 2850 informat:
1182 2795 1400 2867 quibus
1449 2797 1507 2849 et
1555 2794 1736 2849 alium
1785 2794 2099 2866 quemdam

444 2885 736 2956 praamitit,
801 2884 1193 2956 adjungitque
1268 2883 1630 2956 singularem
1689 2883 1929 2949 librum,
1984 2898 2101 2953 quo

441 2973 704 3044 gentium
735 2973 1351 3045 refellitimpietatem.
1379 2972 1524 3027 Nihil
1561 2977 1754 3027 autem
1777 2971 1972 3027 simile
1995 2971 2100 3025 ha-

445 3063 592 3116 bens
624 3061 682 3116 bi
704 3078 911 3117 omnes
944 3077 1079 3116 cum
1115 3060 1834 3132 Hypotyposibus,quando
1891 3063 1948 3113 et
1979 3063 2104 3113 sto-

437 3150 578 3204 lidis
597 3149 714 3206 illis
729 3167 796 3205 ac
815 3150 1174 3222 blasphemis
1195 3149 1589 3220 opiononibus
1609 3149 1851 3204 omnino
1867 3153 2098 3211 vacant,

442 3245 500 3294 et
531 3239 709 3295 dictio
736 3239 862 3310 ipsa
894 3239 950 3294 in
985 3239 1076 3294 bis
1100 3239 1444 3294 ﬂoridiorad
1473 3243 1858 3309 temperatam
1890 3252 2100 3308 quam-
2133 3247 2176 3314 α

443 3329 578 3383 dam
610 3329 958 3400 gravitatem
991 3344 1108 3385 non
1141 3328 1270 3383 sine
1292 3327 1672 3398 jucunditate
1730 3326 2010 3398 assurgit,
2043 3329 2103 3381 et

445 3416 600 3471 varia
626 3416 747 3485 illa,
782 3433 910 3487 qua
942 3417 1001 3470 in
1033 3417 1107 3471 iis
1137 3423 1246 3485 est,
1279 3433 1476 3470 rerum
1509 3416 1786 3487 cognitio,
1821 3415 1966 3470 nihil
1997 3414 2101 3470 ha-

446 3505 545 3559 bet
575 3505 774 3559 minus
814 3505 1472 3560 conveniensExtremo
1502 3521 1636 3560 vero
1663 3504 1814 3561 libro
1831 3507 2007 3560 etiam
2031 3505 2102 3558 de

453 3593 818 3665 imaginibus
848 3593 1270 3650 commeminit.

526 3719 869 3773 Stromateon
902 3722 1098 3774 autem
1130 3719 1261 3773 libri
1296 3733 1534 3791 quoque
1583 3723 1713 3774 octo
1781 3723 1943 3787 sunt,
2001 3719 2103 3773 ad-

450 3822 655 3862 versus
685 3822 940 3879 paganos
954 3811 1128 3879 atque
1153 3806 1405 3862 bareses
1425 3807 2099 3879 pugnaminstituentes;

449 3895 509 3950 in
553 3894 767 3966 quibus
820 3894 962 3950 item
1021 3895 1298 3967 sparsim,
1353 3901 1410 3952 et
1468 3914 1583 3952 non
1651 3896 1854 3953 ordine
1912 3897 2102 3968 capita

450 3988 756 4050 recentur;
790 3989 962 4054 cujus
1021 3985 1186 4056 quasi
1247 3986 1533 4040 rationem
1592 3986 1832 4042 reddere
1886 3987 1945 4042 in
2004 4003 2101 4041 ex-

449 4079 637 4127 tremo
668 4071 818 4128 libro
849 4073 1102 4145 septimo
1133 4073 1294 4129 hisce
1323 4076 1440 4129 fere
1468 4075 1661 4129 verbis
1694 4075 1925 4130 videtur
1959 4076 2104 4132 :Ha'c

450 4179 572 4217 cum
605 4179 639 4216 a
665 4162 821 4216 nobis
841 4164 961 4233 jam
991 4169 1158 4218 antea
1186 4167 1530 4236 pertractata
1583 4166 1714 4231 sint,
1775 4169 1826 4221 et
1884 4181 2101 4220 morum

451 4252 551 4307 illa
581 4251 785 4306 rudior
809 4253 1064 4323 formula
1091 4269 1190 4324 per
1217 4269 1431 4308 summa
1455 4254 1600 4309 velut
1618 4254 2103 4326 capita,quuntum

445 4340 684 4410 polliciti
711 4357 920 4408 sumus,
953 4344 1194 4412 sparsim
1220 4343 1518 4414 descrepta,
1545 4345 1636 4408 iis,
1668 4358 1793 4414 qua:
1809 4342 1879 4397 ad
1908 4359 2103 4399 verum

445 4433 689 4488 excitant
718 4432 1102 4499 cognitionem,
1132 4431 1483 4503 dogmatibus
1516 4436 1593 4488 ita
1623 4433 1714 4487 hic
1744 4433 1866 4488 illic
1884 4437 2103 4504 insper-

446 4518 522 4573 εἰς
547 4535 560 4574 :
595 4523 653 4573 ut
681 4535 768 4575 res
799 4518 926 4575 illas
957 4536 1144 4575 sacras
1173 4524 1369 4576 nactus
1389 4520 1789 4594 quispiam,qui
1816 4521 2101 4593 mysteriis

2214 1937 2536 2018 βλάσφημοι
2570 1941 2725 1996 αὗται
2754 1939 3132 2018 τερατολογίαι
3182 1941 3234 1997 ἐν
3274 1942 3469 2016 τόμοις
3513 1942 3680 2000 ὀκτώ.
3713 1943 3874 2019 Λέγει

2211 2025 2268 2082 δὲ
2314 2029 2553 2104 καὶπερὶ
2591 2035 2699 2085 τῶν
2746 2029 2920 2086 αὐτῶν
2968 2030 3269 2104 πολλάκις,
3308 2032 3398 2087 καὶ
3447 2029 3726 2108 σποράδην
3778 2032 3871 2087 καὶ

2210 2121 2652 2195 συγκεχυμένως,
2685 2120 2865 2194 ὥσπερ
2918 2119 3260 2194 ἔμπληκτος,
3309 2121 3542 2197 παράγει
3591 2122 3658 2177 τὰ
3708 2121 3868 2198 ῥητά.

2208 2207 2270 2264 Ὁ
2301 2204 2358 2262 δὲ
2387 2205 2518 2271 ὅλος
2552 2210 2775 2282 σκοπὸς,
2824 2210 3016 2265 ὡσανεῖ
3063 2211 3348 2286 ἑρμηνεῖαι
3387 2211 3719 2287 τυγχάνοτσι
3769 2215 3874 2278 τῆς

2210 2298 2495 2366 Γενέσεως,
2537 2305 2638 2368 τῆς
2685 2296 2927 2371 Ἐξόδου,
2955 2303 3065 2354 τῶν
3115 2299 3390 2373 Ψαλμῶν,
3421 2304 3519 2354 τοῦ
3548 2300 3695 2355 θείου
3726 2300 3876 2355 Παύ-

2209 2385 2311 2442 λου
2359 2391 2467 2442 τῶν
2513 2387 2881 2457 Ἐπιστολῶν,
2933 2389 3025 2444 καὶ
3063 2392 3172 2445 τῶν
3226 2387 3572 2458 Καθολικῶν,
3627 2391 3716 2445 καὶ
3770 2395 3871 2446 τοῦ

2213 2474 2727 2548 Ἐκκλησιαστικοῦ.
2789 2481 3054 2550 Μαθητής
3109 2477 3189 2548 δὲ,
3246 2478 3321 2542 ὡς
3365 2479 3457 2535 καὶ
3506 2479 3672 2543 αὐτός
3710 2502 3869 2559 φησι,

2208 2567 2400 2643 γέγονε
2458 2568 2783 2626 Πανταίνου.
2843 2567 3019 2626 Ἀλλὰ
3070 2573 3240 2624 ταῦτα
3299 2569 3394 2643 μὲν
3454 2571 3508 2624 αἱ
3546 2571 3872 2626 Ὑποτυπώ-

2211 2679 2347 2721 σεις.

2281 2766 2343 2823 Ὀ
2399 2763 2456 2822 δὲ
2511 2763 2865 2843 Παιδαγωγὸς
2919 2765 2971 2822 έν
3044 2769 3192 2840 τρισὶ
3253 2768 3453 2839 τόμοις
3523 2767 3666 2822 ἐστὶν
3724 2767 3875 2840 αύτῷ

2211 2851 2706 2928 διαπεπονημένος,
2747 2854 2916 2924 ἤθους
2957 2857 3045 2911 καὶ
3097 2856 3220 2930 βίου
3267 2857 3698 2932 κατορθωτικὸς,
3750 2855 3877 2933 ἔχει

2211 2942 2269 2999 δὲ
2297 2943 2519 3018 ,τούτων
2558 2944 2647 2998 καὶ
2699 2943 3112 3019 προηγούμενον
3156 2945 3250 3000 καὶ
3296 2945 3721 3018 συνταττόμενον
3774 2944 3876 3001 λό-

2207 3052 2301 3106 γον
2348 3032 2556 3108 ἓτερον,
2604 3032 2656 3086 ἐν
2701 3033 2748 3104 ᾧ
2791 3033 2890 3102 τήν
2941 3030 3228 3104 Ἑλλήνων
3259 3030 3533 3109 διελέγχει
3580 3030 3875 3105 ἀθεότητα·

2211 3117 2363 3174 οὐδὲν
2397 3117 2454 3175 δὲ
2502 3120 2697 3193 ὅμοιον
2748 3116 2942 3196 ἔχουσι
2989 3121 3126 3196 πρὸς
3171 3122 3266 3184 τὰς
3315 3122 3720 3186 Ὑποσυπώσεις
3769 3122 3874 3179 οὗ·

2209 3228 2296 3263 τοι
2349 3209 2402 3262 o't
2458 3207 2636 3284 λόγοι·
2693 3214 2804 3264 τῶν
2835 3229 2894 3264 τε
2949 3211 3050 3284 γὰρ
3086 3211 3330 3279 ματαίων
3377 3212 3468 3266 καὶ
3521 3209 3872 3288 βλασφήμων

2210 3294 2635 3373 ἀπηλλαγμέᾯοι
2684 3296 2852 3368 δοξῶν
2909 3299 3293 3371 καθεστήκασι,
3340 3299 3432 3354 καὶ
3479 3302 3514 3370 ἡ
3545 3302 3738 3376 φράσις
3770 3302 3876 3357 ἀν-

2213 3385 2373 3458 θηρὰ,
2406 3387 2496 3441 καὶ
2525 3387 2602 3448 εἰς
2631 3381 2789 3461 ϐγκον
2823 3386 3038 3462 ᾐρμένη
3071 3387 3382 3464 σύμμετρον
3418 3389 3554 3462 μετά
3580 3394 3678 3445 τοῦ
3702 3387 3874 3460 ἡδέος

2209 3475 2300 3530 καὶ
2330 3478 2366 3546 ἡ
2397 3475 2746 3549 πολυμάθεια
2770 3475 3141 3552 ἐμπρέπουσα.
3169 3478 3512 3552 Μνημονεύει
3545 3476 3602 3534 δὲ
3629 3479 3768 3555 πρὸς
3787 3484 3877 3553 τῷ

2209 3563 2355 3621 τέλει
2388 3565 2513 3642 περὶ
2544 3565 2794 3621 εἴκόνων.

2281 3745 2350 3803 Οἱ
2399 3742 2458 3800 δὶ
2505 3750 2858 3822 Στρωματεῖς
2915 3746 3017 3802 εἰσι
3064 3747 3159 3821 μὲν
3188 3747 3280 3803 καὶ
3305 3746 3458 3803 αὐτοὶ
3492 3747 3544 3803 έν
3582 3747 3727 3824 ὀκτὼ
3763 3747 3866 3804 λό-

2210 3856 2332 3912 γοις
2369 3843 2488 3900 καθ’
2533 3834 2818 3907 Ἑλλήνων
2867 3837 2957 3892 καὶ
2989 3837 3248 3913 αἱρέσεων
3293 3839 3388 3894 τὸν
3439 3839 3622 3914 ἀγῶνα
3651 3839 3871 3909 εἷ’σενη-

2208 3925 2481 4000 νεγμένοι’
2531 3923 2810 4000 σποράδην
2862 3924 2921 3982 δὲ
2956 3928 3047 3981 καὶ
3099 3926 3283 4001 ὥσπερ
3331 3927 3430 3981 οὐκ
3459 3927 3512 3981 ἐν
3561 3928 3702 3998 τάξει
3758 3928 3864 3996 τήν

2208 4019 2316 4071 τῶν
2346 4011 2658 4092 κεφαλαίων
2704 4016 2998 4089 παράθεσιν
3043 4014 3314 4072 κάνταῦθα
3350 4020 3610 4084 ποιεῖται,
3641 4017 3729 4070 καὶ
3761 4015 3866 4085 τὴν

2211 4103 2384 4160 αἰτίαν
2417 4102 2598 4179 ὥσπερ
2627 4101 2921 4165 ἀποδιδοὺς
2953 4103 3004 4159 ἐν
3032 4108 3112 4176 τῷ
3151 4103 3298 4160 τέλει
3329 4109 3426 4160 τοῦ
3473 4099 3716 4178 ἑϐδόμου
3765 4102 3867 4160 λό-

2208 4216 2334 4268 γου,
2385 4192 2571 4255 αὐταῖς
2605 4191 2810 4262 λέξεσιν
2845 4192 3019 4254 οὕτως
3074 4192 3240 4268 λέγει·
3293 4194 3520 4250 Τούτων
3552 4196 3690 4268 ἡμῖν
3724 4214 3869 4270 προ-

2212 4282 2624 4355 διηνυσμένων,
2687 4282 2775 4336 καὶ
2829 4285 2927 4336 τοῦ
2973 4283 3172 4352 ἠθικοῦ
3226 4281 3402 4337 τύπου
3453 4283 3528 4346 ὡς
3581 4283 3634 4338 έν
3696 4303 3871 4360 κεφα-

2211 4370 2392 4433 λαίοις
2459 4372 2860 4448 ὑπογραφέντος
2935 4368 3216 4447 σποράδην
3297 4392 3374 4442 τε,
3463 4374 3537 4435 ὡς
3616 4373 3870 4447 ὑπεσχή-

2214 4462 2397 4533 μεθα,
2452 4459 2543 4516 καὶ
2603 4457 3006 4536 διεῤῥιμμένως
3061 4461 3130 4516 τὰ
3186 4460 3409 4537 ζώπυρα
3460 4463 3558 4531 τῆς
3618 4459 3865 4532 ἀληθοῦς

2207 4549 2458 4622 γνώσεως
2518 4548 3052 4624 ἐγκατασπειράντων
3111 4551 3434 4622 μαθήματα,
3492 4551 3568 4613 ὡς
3629 4551 3706 4624 μὴ
3766 4549 3871 4626 ῥᾳ-

444 4607 649 4663 uostris
671 4607 933 4664 initiatus
964 4625 1073 4663 non
1103 4609 1198 4677 sit,
1228 4611 1377 4666 haud
1421 4609 1594 4681 facile
1652 4611 1976 4682 comperiat,
2041 4617 2098 4668 et

2213 4634 2319 4692 Βίαν
2380 4637 2511 4692 εἶναι
2560 4641 2640 4708 τῷ
2695 4637 3048 4712 περιτυχόντι
3101 4641 3210 4692 τῶν
3275 4637 3540 4711 ἀμυήτων
3594 4639 3695 4708 τὴν
3749 4643 3862 4694 τῶν

446 4713 573 4767 quae
604 4703 955 4768 sequuntur.
993 4698 1123 4753 Haec
1154 4698 1354 4768 igitur,
1390 4707 1456 4755 ut
1487 4701 1613 4771 ipse
1647 4693 1881 4764 fatetur,
1916 4715 2096 4755 causa

445 4786 576 4856 fuit,
609 4802 715 4840 cur
744 4785 857 4840 ista
887 4786 1014 4841 sine
1043 4787 1249 4842 ordine
1280 4789 1664 4859 congesserit.

518 4920 723 4991 Reperi
747 4924 941 4974 autem
976 4918 1034 4972 in
1071 4923 1364 4990 pervetera
1413 4920 1734 4993 exemplari
1793 4922 1899 4978 hoc
1947 4939 2094 4995 Opus

443 5027 558 5066 non
591 5011 785 5064 solum
836 5009 1173 5064 Stromateon
1206 5010 1443 5064 nomine
1473 5009 1850 5083 inscriptum,
1873 5013 1974 5067 sed
1999 5012 2094 5066 in-

439 5105 600 5171 tegre
632 5099 701 5154 ad
735 5097 895 5152 hunc
927 5097 1164 5152 modum
1193 5113 1207 5152 :
1251 5098 1354 5154 Titi
1383 5100 1560 5155 Flavii
1603 5100 1904 5156 Clementis
1964 5117 2092 5172 pre-

435 5189 644 5259 sbyteri
683 5187 1053 5242 Alexandrini
1108 5186 1486 5244 Gnosticarum
1541 5191 1842 5245 secundum
1899 5207 2093 5247 verum

431 5277 838 5350 philosOphiam
866 5280 1395 5332 commentationum
1422 5279 1768 5334 Stromuteus
1798 5297 1838 5345 ι,
1905 5298 1969 5349 ιι,
2001 5298 2088 5350 ιιι,

435 5381 893 5434 iv,v,vx,vu,vm.
928 5371 1008 5420 Ac
1067 5366 1242 5436 primi
1282 5368 1520 5440 quidem
1553 5373 1776 5441 septem
1815 5370 2090 5426 eumdem

437 5457 755 5528 praeferunt
784 5453 1049 5521 titulum,
1081 5454 1381 5528 iidemque
1411 5475 1657 5530 prorsus
1689 5463 1833 5514 sunt
1873 5458 1930 5514 in
1964 5476 2089 5515 om-

437 5545 613 5599 nibus
645 5543 1190 5600 codicibus.Verum
1220 5551 1482 5614 octavus,
1517 5563 1653 5602 cum
1683 5548 2089 5619 inscriptione,

438 5638 566 5688 tum
599 5632 681 5688 rei
713 5634 994 5703 subjectae
1026 5635 1318 5701 materiat,
1371 5637 1576 5690 variat.
1615 5639 1675 5692 In
1728 5637 2088 5708 quibusdam

438 5722 596 5777 enim
645 5721 990 5777 inscribitur
1039 5739 1050 5776 :
1111 5723 1244 5790 Qui:
1304 5723 1464 5779 dives
1521 5726 1782 5794 salvetur,
1840 5728 2089 5799 ejusque

2203 4726 2368 4803 ἀγίων
2427 4725 2658 4802 εὕρεσιν,
2705 4726 2889 4780 καὶτά
2936 4725 3081 4798 ἑξῆς·
3119 4732 3183 4784 Ἠ
3234 4728 3330 4802 μὲν
3381 4726 3471 4782 οὖν
3532 4725 3869 4806 διερριμμέ-

2202 4838 2312 4879 νως
2349 4815 2485 4872 αὐτὰ
2528 4814 2816 4886 κατατάξαι
2865 4814 3014 4890 αὐτῷ
3064 4815 3233 4891 αἰτία,
3285 4816 3358 4880 ὥς
3409 4839 3565 4895 φησι,
3615 4819 3860 4896 γέγονεν,

2274 4924 2447 4999 Εὗρον
2483 4925 2666 4996 μέντοι
2697 4943 2758 4998 γε
2806 4919 2859 4978 ἔν
2899 4943 3003 4978 τινι
3049 4925 3275 4997 παλαιῷ
3328 4920 3532 5002 βιϐλίῳ
3559 4927 3661 4996 τὴν
3693 4925 3863 4997 αὐτὴν

2199 5013 2572 5090 πραγματείαν
2605 5011 2734 5087 οὐχὶ
2769 5018 3122 5088 Στρωματεῖς
3161 5014 3339 5090 μόνον
3387 5014 3864 5092 ἐπιγραφομένην,

2201 5101 2327 5160 ἀλλ’
2363 5101 2693 5176 ὁλοκλήρως
2741 5099 2934 5164 οὕτως’
2979 5101 3140 5157 Τίτου
3201 5097 3452 5159 Φλαϐίου
3511 5105 3865 5177 Κλήμεντος,

2199 5189 2568 5268 πρεσϐυτέρου
2631 5187 3045 5265 Ἀλεξανδρείας
3115 5197 3225 5248 τῶν
3287 5193 3425 5249 κατά
3496 5193 3595 5261 τήν
3674 5193 3858 5266 ἀληθῆ

2201 5281 2528 5363 φιλοσοφίαν
2633 5285 2954 5335 Γνωστικῶν
3059 5283 3473 5355 ὑπομνημάτων
3583 5288 3864 5358 Στρωμα-

2199 5373 2335 5429 τέων
2380 5379 2449 5442 α’,
2501 5372 2566 5447 β’,
2615 5371 2681 5444 γ’,
2735 5367 2797 5438 δ’,
2844 5371 2901 5443 ε’,
2953 5372 3017 5441 ς’,
3071 5372 3133 5441 ζ’,
3183 5371 3272 5426 καὶ
3326 5374 3397 5443 η’.
3454 5370 3613 5429 Ἀλλ’
3670 5374 3698 5428 6
3760 5373 3858 5447 μὲν

2198 5462 2419 5538 πρῶτος
2449 5460 2616 5535 μέχρι
2643 5461 2739 5513 τοῦ
2789 5453 3053 5531 ἑϐδόμου,
3107 5460 3209 5530 τὴν
3253 5459 3420 5530 αὐτὴν
3469 5458 3691 5537 ἔχουσιν
3741 5459 3861 5517 ἐπι-

2197 5551 2435 5628 γραφὴν,
2485 5549 2576 5602 καὶ
2608 5546 2802 5602 ἓνιαῖοι
2857 5548 3220 5624 τυγχάνουσιν
3271 5548 3323 5605 ἐν
3377 5548 3542 5606 ἅπασι
3598 5555 3718 5613 τοῖς
3771 5551 3861 5627 βι-

2199 5635 2400 5702 ϐλίοις.
2452 5638 2514 5694 Ὀ
2563 5635 2749 5709 μέντοι
2800 5631 2997 5710 ὄγδοος
3030 5633 3292 5716 διάφορός
3348 5637 3409 5695 τέ
3464 5639 3575 5695 ἐστι
3637 5637 3729 5694 καὶ
3785 5638 3858 5715 τῇ

2198 5729 2472 5806 ἐπιγραφῇ
2522 5726 2612 5781 καὶ
2659 5728 2738 5797 τῷ
2794 5720 3003 5802 ἐδάφει,
3045 5725 3142 5782 Ἔν
3195 5748 3307 5783 τισι
3359 5728 3452 5802 μὲν
3505 5728 3631 5805 γὰρ,
3681 5729 3782 5791 Τίς
3828 5729 3858 5784 6
