4142 6394
263 406 328 463 57
1483 402 1905 460 ΟΟΗΟΒΤΔἸἸι

2018 403 2077 454 Δ)
2113 402 2420 457 GBNTBB.
3598 403 3692 458 58-

263 529 426 599 πτηνᾶ
483 529 600 600 μὶν,
654 524 776 589 τοὺς
831 525 1078 605 κούφους
1129 525 1325 582 αὐτῶν·
1379 524 1578 600 ἑρπετὰ
1639 523 1719 593 δὲ,
1772 523 1901 587 τοὺς

2018 524 2275 596 abiectos
2307 527 2380 580 ad
2411 525 2626 583 ccelum
2658 531 2907 583 revocat.
2938 527 3112 584 Solus
3147 527 3330 599 igitur
3359 527 3457 583 ille
3516 527 3671 584 inter

263 620 578 678 ἀπατεῶνας
627 615 716 671 καὶ
773 614 1000 678 λέοντας
1065 615 1198 689 μὶν,
1253 613 1383 677 τοὺς
1443 613 1710 688 Θυμικούς
1769 612 1899 674 σύας

263 708 332 778 δὶ,
376 707 498 769 τοὺς
556 703 870 776 ἡδονικούςο
932 703 1135 768 λύκους
1193 702 1271 774 δέ,
1323 705 1452 768 τοὺς
1511 702 1902 780 ἁρπακτικούς.

262 799 402 862 Λίθοι
457 793 514 851 δὲ
564 796 658 851 καὶ
715 794 849 866 ξύλα
889 796 942 850 οἱ
974 797 1224 874 ἄφρονες·
1288 795 1424 869 πρὸς
1478 792 1537 850 δὲ
1583 793 1674 849 καὶ
1732 792 1901 858 λίθων

259 885 693 960 ἀναισθητότερος
777 882 1070 957 ἅνθρωπος
1163 883 1354 960 ἀρνοίᾳ
1441 878 1900 959 βεϐαπτισμένος.

259 975 461 1050 Μάρτυς
489 976 627 1047 ἡμῖν
663 975 978 1052 προφητική
1011 975 1228 1047 παρίτω
1258 975 1410 1052 φωνή
1465 970 1710 1045 συνῳδὸς
1752 969 1902 1042 ἀλη-

262 1065 409 1133 θείας,
467 1062 597 1126 τοὺς
658 1064 707 1117 ἐν
763 1062 957 1138 ἀγνοίᾳ
1011 1063 1102 1117 καὶ
1160 1061 1319 1134 ἀνοίᾳ
1373 1059 1904 1134 κατατετριμμένους

261 1153 604 1228 οἰκτείρουσα·
641 1152 912 1214 Δυνατοὺς
960 1153 1065 1228 γὰρ
1109 1155 1220 1226 (62)
1253 1153 1283 1206 ὁ
1313 1151 1445 1214 θεὸς
1475 1149 1536 1206 ἐκ
1563 1155 1680 1206 τῶν
1733 1149 1903 1214 λίθων

258 1242 443 1299 τούτων
468 1241 684 1318 ἐγεῖραι
730 1243 896 1297 τέκνα
952 1246 1036 1314 τῷ
1093 1236 1372 1315 Ἀϐραὰμ·
1435 1240 1515 1310 ὅς,
1568 1238 1906 1310 κατελεήσας

260 1333 344 1399 τὴν
398 1330 636 1405 ἀμαθίαν
691 1333 795 1402 τήν
851 1328 1077 1399 πολλὴν
1127 1331 1214 1386 καὶ
1291 1332 1392 1399 τὴν
1454 1326 1896 1403 σκληροκαρδίαν

257 1425 349 1477 τῶν
378 1419 449 1482 είς
494 1421 596 1490 τήν
655 1418 924 1490 ἀληθείαν
991 1417 1405 1492 λελιθωμὲνων,
1457 1416 1678 1495 ἤγειρεν
1727 1429 1908 1479 θεοσε-

259 1505 392 1570 ϐείας
423 1508 663 1584 σπέρμα,
716 1509 914 1583 ἀρετῆς
964 1507 1304 1581 αἰσθόμενον,
1355 1508 1415 1562 ἐκ
1443 1506 1614 1563 λίθων
1664 1504 1907 1576 ἐκείνων,

256 1603 349 1654 τῶν
381 1597 553 1662 λίθοις
591 1597 1009 1654 πεπιστεκότων
1063 1597 1245 1656 ἐθνῶν,
1294 1597 1464 1662 Αὖθις
1496 1597 1586 1652 οὗν
1643 1591 1908 1658 ῒοϐόλους

255 1689 390 1750 τινας
418 1687 504 1742 καὶ
541 1683 943 1760 παλιμϐόλους
975 1687 1272 1762 ὑποκριτὰς
1305 1684 1660 1766 ἐφοδεύοντας
1697 1683 1911 1741 δικαιο-

2010 631 2237 684 omnes,
2273 631 2423 686 quos
2475 617 2666 672 adtuc
2728 617 3022 684 novimus,
3075 619 3227 674 feras
3285 616 3672 686 saevissimas,

2009 703 2696 772 homines,mansuefecit
2723 726 2736 775 ;
2761 707 3029 764 volucres
3065 708 3328 779 quidem,
3360 707 3460 779 qui
3514 706 3674 765 leves

2010 809 2080 848 ex
2110 793 2230 850 illis
2269 800 2431 863 sunt;
2467 796 2728 867 reptiles,
2765 796 2863 869 qui
2897 797 3275 869 deceptores;
3313 797 3534 861 leones,
3569 797 3673 870 qui

2011 881 2322 951 iracundi;
2355 902 2512 951 sues,
2545 885 2647 956 qui
2680 885 3082 956 voluptatibus
3124 887 3304 940 dediti
3334 886 3538 958 ;lupos
3572 887 3672 942 dc-

2013 971 2212 1044 nique,
2248 975 2346 1044 qui
2378 991 2638 1046 rapaces.
2676 974 2922 1046 Lapides
2951 979 3148 1030 autem
3201 979 3258 1030 et
3317 975 3478 1047 ligna
3527 980 3670 1031 sunt

2014 1060 2380 1132 insipientes,
2427 1063 2539 1118 nisi
2593 1065 2748 1135 quod
2809 1064 2906 1136 qui
2969 1064 3304 1136 ignorantia
3362 1065 3672 1134 imbuitur,

2012 1149 2161 1222 ipsis
2189 1167 2423 1223 quoque
2447 1151 2744 1224 lapidibus
2769 1152 3062 1224 stupidior
3091 1169 3220 1208 esse
3252 1154 3671 1224 comperiatur.

2015 1239 2250 1295 Testem
2278 1242 2494 1296 advoco
2524 1258 2723 1297 vocem
2755 1241 2917 1296 illam
2976 1241 3380 1313 propheticam
3443 1242 3674 1298 veritati

2016 1343 2360 1400 consonam,
2421 1346 2537 1401 quo
2598 1330 2938 1402 deploratur
2995 1347 3199 1385 eorum
3253 1331 3490 1397 misera,
3572 1332 3675 1403 qui

2017 1417 2354 1490 ignorantia
2375 1425 2431 1474 et
2447 1421 2706 1475 amentia
2729 1425 3116 1475 conteruntur
3142 1437 3154 1475 :
3193 1425 3387 1476 Potens
3417 1422 3572 1476 enim
3594 1429 3676 1477 est

2021 1508 2160 1564 Deus
2217 1509 2290 1564 de
2340 1509 2625 1580 lapidibus
2674 1509 2798 1564 istis
2845 1511 3122 1565 suscitare
3194 1510 3342 1581 ﬁlios
3413 1511 3670 1566 Abrahz.

2019 1599 2126 1665 Qui
2205 1599 2522 1656 maximam
2581 1616 2781 1656 eorum
2831 1600 3090 1656 inscitim
3161 1607 3218 1657 et
3295 1600 3674 1656 duricordiam

2022 1689 2360 1751 miseratus,
2392 1689 2488 1760 qui
2521 1691 2590 1744 ad
2625 1689 2924 1745 veritatem
2980 1689 3183 1760 planes
3243 1690 3468 1762 lapides
3533 1690 3673 1745 facti

257 1777 372 1851 σύνῃ
392 1779 707 1853 γεννήματα
741 1774 977 1852 ἐχιδνῶν
1009 1775 1248 1848 κέκληκέ
1275 1795 1402 1832 που·
1440 1775 1587 1831 ἀλλὰ
1635 1775 1726 1830 καὶ
1780 1775 1905 1830 τού-

2020 1783 2180 1847 sunt,
2214 1795 2281 1833 ex
2312 1779 2404 1834 his
2439 1778 2760 1852 lapidibus,
2788 1795 2996 1851 nempe
3027 1779 3324 1848 gentibus,
3352 1796 3478 1851 quae
3503 1779 3559 1834 in
3595 1779 3681 1834 la-

257 1889 350 1922 των
394 1864 446 1920 εἶ’
497 1887 577 1930 τις
619 1870 732 1920 τῶν
797 1861 974 1944 ὄφεων
1035 1867 1364 1938 μετανοήσαι
1425 1865 1586 1938 ἑκὼν,
1644 1863 1905 1938 ἑπόμενος

2023 1867 2187 1938 pides
2220 1867 2618 1933 crediderunt,
2670 1867 2904 1940 pietatis
2961 1884 3160 1924 semen
3215 1885 3392 1925 sensu
3444 1867 3679 1924 virtutis

259 1954 433 2026 δὴτῷ
488 1954 685 2030 Λόγῳ,
746 1956 1034 2030 ἄνθρωπος
1081 1953 1285 2030 γίνεται
1355 1959 1528 2012 Θεοῦ,
1584 1953 1796 2016 Αύκους
1855 1952 1905 2010 δὲ

2022 1957 2329 2028 praeditum
2386 1958 2712 2013 suscitavit.
2773 1957 3028 2013 Rursum
3086 1956 3220 2012 illos
3260 1958 3553 2014 veneﬁcos
3622 1962 3682 2013 et

262 2045 443 2107 ἄλλους
482 2043 803 2120 ἀλληγορεῖ
857 2039 1152 2121 προϐάτων
1198 2041 1423 2107 κωδίοις
1479 2041 1911 2123 ἤμφιεσμένους,

261 2134 369 2196 τοὺς
399 2133 451 2188 ἐν
500 2134 814 2210 ἀνθρώπων
879 2139 1116 2213 μορφαῖς
1176 2133 1546 2210 ἀρπακτικοὺς
1601 2133 1914 2206 αἰνιττόμε-

261 2245 354 2284 νος.
385 2223 484 2282 Καὶ
515 2225 701 2278 πάντα
748 2223 852 2298 ἄρα
883 2227 1054 2278 ταῦτα
1099 2223 1166 2278 τὰ
1212 2223 1527 2300 ἀγριώτατα
1573 2225 1683 2296 (63)
1728 2222 1910 2298 θηρία,

264 2315 338 2368 καὶ
368 2312 490 2377 τοὺς
535 2311 834 2374 τοιούτους
888 2311 1098 2384 λίθους,
1129 2315 1166 2383 ἡ
1201 2311 1452 2390 ούράιιιος
1483 2309 1602 2385 ᾠδή
1640 2311 1913 2387 μετεμόρ-

256 2423 412 2476 φωσεν
469 2402 548 2464 εἷς
603 2401 938 2476 ἀνθρώπους
995 2402 1259 2476 ἡμέρους.
1324 2403 1496 2474 Ἦμεν
1555 2401 1656 2476 γὰρ
1693 2444 1707 2466 ,
1767 2400 1910 2473 ἦμεν

252 2512 364 2546 ποτε
414 2492 502 2546 καὶ
583 2493 761 2565 ἡμεῖς
819 2490 1047 2561 ἀνόητοι
1079 2535 1092 2559 ,
1151 2491 1390 2552 ἀπειθεῖς
1425 2534 1439 2558 ,
1501 2489 1907 2564 πλανώμενοι,

253 2577 586 2643 δουλεύοντες
678 2577 912 2650 ἡδοναῖς
995 2581 1082 2635 καὶ
1173 2579 1489 2653 ἐπιθυμίαις
1575 2579 1858 2643 ποικίλαις
1894 2621 1910 2647 ,

253 2670 295 2725 ἐν
345 2671 499 2743 κακίᾳ
557 2670 654 2725 καὶ
715 2670 908 2745 φθὸκῳ
966 2667 1272 2745 διάγοντες,
1343 2669 1625 2745 στυγητοί,
1687 2675 1910 2743 μισοῦν-

255 2780 330 2822 τες
391 2757 741 2830 νάλλήλους,
910 2780 1077 2838 φησιν
1139 2761 1174 2828 ἡ
1235 2758 1578 2829 ἀποστολική
1664 2761 1846 2835 γραφη
1892 2805 1906 2830 ,

254 2851 367 2906 Ὅτε
401 2848 458 2904 δὲ
507 2851 544 2919 ἡ
581 2848 932 2924 χρηστότης,
985 2848 1076 2903 καὶ
1131 2851 1166 2918 ἡ
1227 2847 1611 2927 φιλανθρωπία
1667 2847 1904 2920 ἐπεφάνη

261 2942 345 2992 τοῦ
393 2944 673 3014 Σωτῆρος
731 2940 896 3012 ἡμῶν
956 2941 1112 3008 Θεοῦ,
1171 2937 1272 2993 οὐκ
1347 2936 1399 3009 ἐξ
1457 2935 1633 3014 ἔργων
1690 2942 1798 2993 τῶν
1853 2937 1904 2992 ἐν

254 3025 596 3103 δικαιοσύνῃ,
665 3027 738 3082 ὧν
800 3027 1139 3101 ἐποιήσαμεν
1196 3027 1386 3099 ἡμεῖς,
1445 3024 1593 3082 ἀλλᾶ
1651 3026 1790 3081 κατὰ
1844 3027 1907 3082 τὸ

253 3115 398 3172 αὑτοῦ
436 3115 593 3181 ἔλεος
656 3114 852 3172 ἔσωσεν
911 3118 1085 3189 ἡμᾶς.
1144 3117 1286 3191 ’Όρα
1337 3116 1402 3171 τὸ
1464 3114 1610 3188 ᾆσμα
1663 3116 1728 3170 τὸ
1784 3136 1908 3170 και-

249 3206 329 3259 νὸν
352 3205 470 3260 ὅσον
529 3201 787 3281 ἵσ-χυσενο
843 3204 1166 3279 ἀνθρώπους
1221 3203 1283 3259 ἐκ
1335 3202 1525 3276 λίθων,
1556 3203 1645 3258 καὶ
1697 3203 1906 3278 ἀνθρώο

249 3293 455 3358 πουςᾶ
505 3265 724 3367 θηρίων
778 3265 1104 3365 πεποίηκεν·
1157 3293 1208 3348 οἱ
1241 3290 1299 3348 δὲ
1347 3265 1647 3362 τηνάλλως
1697 3265 1908 3356 ὡςινε-
1937 3265 1980 3333 C

249 3384 356 3454 κροὶ
387 3385 517 3458 (64),
552 3385 612 3439 οἱ
647 3389 748 3453 τῆς
779 3381 954 3446 ὅντως
985 3378 1151 3453 οὔσης
1178 3382 1448 3458 ἀμέτοχοι
1483 3387 1652 3454 ζωῆς,
1705 3382 1906 3456 ἀκροα-

247 3474 324 3527 ταί
377 3475 539 3546 μόνον
579 3473 877 3549 γενόμενοι
923 3477 1023 3528 τοῦ
1073 3470 1336 3546 ᾅσματος,
1367 3467 1691 3529 ἀνεϐίωσαν.
1725 3473 1903 3530 Τοῦτό

247 3582 321 3616 τοι
362 3564 450 3617 καὶ
502 3563 568 3618 τὸ
627 3567 733 3616 πᾶν
782 3559 1090 3634 ἐκόσμησεν
1140 3559 1426 3634 ἐμμελῶς,
1477 3561 1714 3616 καὶτῶν
1764 3578 1908 3616 στοι·

251 3651 396 3726 χείων
426 3659 528 3722 τῆν
559 3649 866 3723 ὃίαφωνίαν
896 3651 973 3713 εἰς
1001 3651 1149 3722 τάξιν
1181 3649 1426 3705 ἐνέτεινεν
1462 3648 1740 3728 ἐμφωνίας
1765 3653 1905 3725 (65),

249 3742 330 3796 ’ἱνα
356 3738 421 3811 δὴ
452 3742 587 3805 ὅλος
627 3743 657 3798 ὁ
686 3743 897 3814 κόσμος
931 3740 1081 3813 αύτῷ
1126 3740 1363 3817 αρμονία
1395 3741 1636 3816 γένηται·
1687 3741 1778 3796 καὶ
1813 3742 1906 3805 θά-

253 3829 432 3886 λασσαν
469 3833 566 3905 μὲν
606 3832 777 3901 ἀνῆκε
825 3830 1162 3904 λελυμένην,
1210 3833 1314 3905 γῆς
1363 3827 1422 3885 8t
1469 3825 1762 3886 ἐπιϐαίνειν
1815 3852 1904 3886 κε-

251 3918 476 3976 γώλυκεν
513 3923 644 3994 (66)
687 3919 881 3988 αὐτὴν.
912 3925 1020 3988 Γῆν
1075 3916 1121 3973 δ’
1173 3916 1412 3992 ἔμπαλιν
1471 3918 1782 3996 ἐστερέωσε,
1815 3940 1907 3994 φε-

253 4012 499 4082 ρομένην,
548 4009 649 4066 καὶ
697 4010 825 4082 ὅρον
871 4008 1009 4082 αὐτῇ
1059 4003 1223 4082 ἔπηξε
1271 4008 1565 4064 θάλασσαν.
1629 4011 1728 4066 Καὶ
1795 4011 1904 4083 μὴν

249 4098 528 4176 καὶπυρὺς
559 4101 678 4172 (67)
731 4101 915 4174 ὁρμήν
966 4097 1229 4172 ἐμάλαξεν
1286 4099 1424 4176 ἀὲρι,
1475 4099 1642 4153 οἱονεὶ
1698 4099 1907 4175 Δώριον

249 4188 495 4262 ἁρμονίαν
542 4189 755 4264 κράσας
805 4185 1015 4260 Αυδίῳ·
1069 4187 1159 4242 καὶ
1209 4189 1309 4256 τὴν
1360 4188 1517 4261 ἀὲρος
1565 4188 1753 4258 ἀπηνῆ
1798 4191 1905 4262 ψυ-

251 4278 580 4354 χρότητατῇ
614 4274 952 4352 παραπλοκῇ
1003 4280 1101 4331 τοῦ
1148 4277 1319 4352 πυρὸς
1370 4275 1728 4345 ἐτιθάσσευσε,
1775 4277 1903 4340 τοὺς

247 4367 451 4430 νεάτους
481 4389 596 4423 των
631 4367 777 4422 ὅλων
813 4367 1085 4446 φθόγγους
1125 4365 1353 4428 τούτους
1399 4367 1587 4442 κιρνὰς
1617 4363 1902 4440 ἐμμελῶς.

248 4456 337 4512 Καὶ
367 4453 431 4526 δὴ
464 4458 529 4511 τὸ
562 4457 714 4530 ᾆσμα
742 4456 804 4511 τὸ
850 4455 1148 4531 ἀκήρατον,
1180 4450 1406 4531 ἔρεισμα
1452 4459 1560 4511 τῶν
1612 4454 1781 4526 ὅλων,
1813 4457 1904 4512 καὶ

249 4547 468 4620 ἁρμονία
494 4551 610 4602 τῶν
643 4547 888 4614 πάντων,
920 4546 1025 4601 ἀπὸ
1053 4550 1160 4601 τῶν
1199 4546 1378 4620 μέσων
1433 4544 1521 4600 ἐπὶ
1563 4546 1634 4602 τὰ
1679 4547 1904 4622 πέρατα,

2019 2046 2357 2118 versipelles
2391 2047 2745 2118 hypocritas,
2781 2047 2879 2118 qui
2918 2045 3164 2117 justitiaa
3213 2045 3361 2102 clam
3423 2046 3679 2102 insidia-

2018 2135 2255 2203 bantur,
2289 2137 2543 2208 quodam
2576 2135 2702 2192 loco
2731 2137 3051 2208 progeniem
3103 2137 3420 2207 viperarum
3476 2134 3677 2207 appel-

2023 2225 2154 2279 lavit
2184 2224 2235 2279 *ε
2270 2226 2370 2280 sed
2405 2230 2602 2280 tamen
2635 2225 2846 2280 horum
2872 2228 3047 2280 etiam
3071 2231 3418 2297 serpentum
3451 2225 3499 2281 si
3542 2225 3676 2296 quis

2018 2311 2350 2369 voluntaria
2381 2314 2591 2369 ductus
2625 2315 2962 2386 pmnitentia
2993 2313 3252 2370 Verbum
3280 2321 3584 2385 sequatur,
3633 2315 3684 2370 is

2019 2400 2176 2457 homo
2209 2403 2309 2457 Dei
2329 2402 2630 2458 efficitur“.
2663 2403 2822 2458 Alios
2854 2403 2994 2459 item
3026 2411 3196 2458 vocat
3231 2403 3389 2473 lupos
3442 2403 3683 2474 pellibus

2018 2493 2202 2545 ovium
2242 2491 2463 2548 indutos
2501 2493 2546 2561 ⁸,
2611 2509 2852 2564 rapaces
2910 2492 3181 2548 homines
3240 2493 3517 2547 innuens.
3568 2492 3686 2548 Has

2018 2581 2204 2653 igitur
2239 2597 2445 2636 omnes
2469 2582 2934 2638 immanissimas
2956 2583 3127 2652 feras,
3161 2586 3219 2637 et
3238 2581 3581 2652 hujusmodi
3601 2581 3686 2636 la-

2017 2670 2205 2742 pides,
2239 2671 2490 2726 caelestis
2521 2670 2620 2726 ille
2667 2677 2878 2726 cantus
2907 2672 2965 2726 in
3014 2676 3355 2726 mansuetos
3416 2671 3686 2726 homines

2016 2760 2478 2818 transformavit.
2505 2767 2740 2818 Bramus
2765 2762 2942 2832 enim,
2978 2779 3216 2818 eramus
3260 2763 3569 2833 aliquando
3624 2771 3680 2818 et

2013 2868 2114 2908 nos
2141 2852 2491 2926 insipientes,
2524 2851 2825 2917 increduli,
2881 2862 3156 2915 errantes,
3214 2853 3518 2907 servientes
3574 2867 3674 2907 vo-

2016 2943 2318 3015 luptatibus
2349 2950 2400 2999 et
2429 2941 2717 2998 desideriis
2745 2940 2943 3008 variis,
2978 2940 3038 2996 in
3071 2940 3308 2996 malitia
3356 2944 3405 2996 et
3462 2940 3687 2996 invidia

2013 3042 2256 3102 agentes,
2271 3032 2522 3099 odibiles,
2546 3040 2600 3087 et
2620 3030 2861 3088 odientes
2879 3032 3118 3087 invicem
3136 3033 3179 3100 ⁷,
3197 3034 3264 3086 ut
3283 3029 3365 3086 ait
3385 3029 3608 3101 scriptu
3619 3046 3684 3086 ra

2015 3122 2353 3193 apostolica.
2409 3119 2473 3185 ›ι‹
2506 3120 2645 3176 Cum
2677 3128 2863 3176 autem
2917 3121 3226 3191 benignitas
3255 3120 3306 3175 el
3374 3117 3689 3174 huminitas

2017 3213 2286 3282 apparuit
2316 3210 2618 3266 Salvaton's
2647 3211 2826 3265 nostri
2856 3209 2974 3276 Dei,
2997 3226 3108 3264 non
3142 3225 3212 3264 ex
3262 3207 3457 3280 aperib
3473 3224 3534 3262 us
3587 3208 3684 3278 ju-

2016 3299 2210 3364 stitiz,
2234 3315 2362 3371 quae
2379 3301 2613 3370 fecimus
2645 3315 2763 3367 nos,
2798 3299 2898 3354 sed
2925 3297 3226 3355 secundum
3250 3313 3409 3352 suam
3456 3296 3690 3352 miseri-

2015 3387 2263 3444 cordiam
2290 3389 2475 3444 salvos
2504 3404 2602 3443 nos
2632 3389 2763 3459 fecit
2794 3387 2834 3442 ⁸.
2868 3388 2950 3442 En
2978 3387 2991 3441 l
3025 3392 3305 3457 quantam
3360 3385 3540 3441 habet
3569 3385 3684 3441 vim

2017 3477 2163 3534 illud
2188 3495 2402 3534 novum
2435 3478 2756 3546 canticum,
2777 3477 2932 3548 quod
2961 3476 3227 3532 homines
3249 3493 3317 3532 ex
3352 3475 3675 3548 lapidibus,

2017 3567 2288 3624 homines
2317 3584 2388 3623 ex
2417 3567 2553 3623 feris
2575 3567 2870 3629 formavit;
2901 3567 3044 3638 quin
3076 3571 3133 3622 et
3162 3566 3222 3631 ii,
3256 3566 3357 3638 qui
3395 3565 3680 3635 allioquiu

2018 3657 2194 3712 veluti
2229 3657 2444 3712 mortui
2482 3657 2738 3726 luerunt,
2769 3661 2970 3728 utpote
3001 3656 3122 3722 illa,
3181 3673 3310 3727 quas
3351 3654 3474 3712 sola
3533 3671 3667 3710 vera

2017 3751 2106 3801 est
2125 3745 2266 3814 vita,
2300 3747 2529 3817 privati,
2555 3747 2756 3801 audito
2806 3745 2916 3801 hoc
2938 3745 3167 3801 cantico
3208 3746 3407 3800 statim
3461 3745 3679 3799 revixe-

2017 3838 2174 3890 runt.
2200 3834 2319 3890 Hoc
2349 3841 2407 3890 et
2431 3835 2875 3890 universitatem
2901 3851 3095 3890 rerum
3121 3838 3369 3904 apteque
3395 3849 3674 3888 numero-

2016 3940 2195 3994 seque
2208 3924 2662 3992 concinnavil,et
2675 3923 2968 3979 elementa
2987 3923 3356 3978 dissonantia
3369 3923 3454 3977 sic
3475 3921 3672 3977 docuit

2017 4031 2246 4070 servare
2276 4025 2648 4080 concentum,
2673 4019 2737 4069 ut
2760 4019 2922 4069 totus
2955 4014 3048 4069 hic
3083 4015 3338 4068 mundus
3361 4013 3673 4068 harmonia

2015 4105 2266 4174 quadam
2299 4103 2774 4160 constaret.Mari
2803 4102 3034 4174 quidem
3060 4102 3368 4157 humidam
3390 4107 3448 4156 et
3489 4102 3674 4156 insta-

2015 4193 2190 4248 bilem
2226 4200 2497 4248 naturam
2531 4193 2711 4259 dedit,
2743 4196 2802 4248 et
2845 4198 3040 4247 tamen
3099 4197 3313 4246 terram
3371 4191 3674 4246 incursare

2016 4282 2330 4354 prohibuit.
2363 4282 2603 4336 Terram
2625 4298 2783 4347 vero,
2815 4297 2943 4351 quae
2967 4281 3130 4352 prius
3153 4279 3267 4334 huc
3285 4279 3424 4334 illuc
3473 4279 3674 4333 ﬂuita-

2017 4372 2139 4441 bat,
2174 4369 2530 4425 immobilem
2557 4371 2710 4439 f'ecit,
2735 4370 2906 4440 eique
2931 4384 3092 4423 mare
3120 4385 3223 4438 pro
3247 4367 3498 4422 termino
3530 4383 3668 4422 con-

2015 4461 2226 4516 stituit.
2261 4459 2407 4525 Quid
2441 4459 2614 4513 etiam
2648 4458 3008 4514 circumfuso
3043 4473 3172 4512 aere
3201 4457 3315 4512 vim
3350 4455 3506 4527 ignis
3529 4454 3673 4510 mol-

2015 4548 2163 4615 livit,
2211 4546 2647 4620 quodammodo
2691 4546 2930 4602 Doricos
2965 4563 3168 4602 monos
3227 4545 3424 4618 Lydiis
3468 4545 3676 4601 mode-

247 4635 326 4688 καὶ
354 4636 459 4691 ἀπὸ
481 4641 598 4692 τῶν
633 4634 812 4712 ἄκρων
861 4634 951 4691 ἐπὶ
1003 4636 1068 4689 τὰ
1119 4637 1254 4708 μέσα
1297 4633 1568 4705 διαταθὶν,
1615 4634 1902 4710 ἡρμόσατο

2021 4655 2176 4695 rans:
2211 4643 2268 4694 et
2292 4637 2516 4692 immite
2550 4635 2734 4708 frigus
2757 4635 2912 4692 aeris
2942 4636 3097 4708 ignis
3120 4635 3428 4707 complexu
3451 4633 3678 4705 lenivit,

247 4720 358 4779 τόδε
382 4727 446 4781 τὸ
475 4732 610 4793 πᾶν,
641 4726 706 4780 οὗ
737 4724 874 4780 κατᾶ
899 4725 999 4793 τήν
1033 4722 1263 4800 Θράκίον
1324 4726 1615 4798 μουσικὴν,
1646 4727 1747 4794 τήν
1797 4746 1904 4780 πα-

249 4813 546 4885 ραπλήσιον
602 4809 825 4872 Τουϐάλ
886 4816 1024 4886 (68),
1074 4815 1211 4868 κατὰ
1267 4811 1326 4869 δέ
1373 4817 1474 4885 τὴν
1527 4817 1756 4890 πάτριον
1808 4820 1906 4871 τοῦ

2016 4729 2193 4799 hujus
2222 4728 2475 4784 universi
2511 4726 3104 4798 partibus,tanquam
3155 4725 3432 4780 extremis
3489 4726 3678 4792 sonis,

2012 4818 2320 4890 aequaliter
2340 4817 2677 4887 temperatis
2712 4833 2724 4872 :
2762 4817 3006 4887 proinde
3038 4815 3149 4870 hoc
3185 4813 3513 4871 immortale
3543 4830 3682 4869 can-

379 4931 439 4986 P.
471 4932 508 4985 5
537 4930 652 4986 se.
676 4929 982 5004 il’QTTER,
1016 4932 1048 4985 4
1079 4932 1191 4987 eo.
1232 4932 1456 5004 egens.
1493 4933 1776 5002 'JgMatth.
1838 4951 1899 4990 ιιι

2040 4953 2056 5003 ;
2119 4937 2250 4990 Luc.
2310 4951 2396 5000 ιιι,
2454 4932 2804 4990 8.‘Matth.
2854 4950 2936 5004 ιιι,
2994 4933 3047 5000 7;
3105 4931 3244 4986 Luc.
3306 4947 3392 4998 ιιι,
3421 4930 3531 4984 7.⁸
3595 4947 3672 4996 ιι,

247 4999 380 5056 Tim.
417 5019 509 5071 ιιι,
545 5003 634 5057 17.
667 5003 689 5036 ⁸
720 5003 923 5058 Matth.
956 5020 1056 5059 vn.
1093 5005 1179 5058 15.
1212 5003 1230 5037 ’⁸
1261 5003 1376 5059 Tit.
1410 5020 1472 5059 ιιι
1502 4999 1565 5059 3.’
1593 5005 1613 5038 ⁸
1645 5005 1758 5060 Tit.
1791 5022 1878 5072 ιιι,
1914 5007 1973 5075 4,
1999 4999 2059 5060 5ζ

311 5122 421 5192 (62)
454 5119 693 5182 Δυνατὸς
721 5117 842 5192 γὰρ.
871 5119 1033 5192 Hanc
1082 5119 1623 5191 interpretationem
1669 5137 1738 5177 ex
1791 5123 1905 5178 Ire-

254 5206 365 5266 naeo
383 5191 531 5249 forte
565 5191 821 5264 sumpsit
839 5191 1130 5266 Clemens.
1159 5193 1214 5247 Is
1231 5192 1514 5266 enimﬁlib.
1551 5210 1629 5259 ιν,
1654 5209 1782 5266 cap.
1814 5195 1901 5259 16,

254 5265 366 5322 hec
389 5268 473 5323 ait
504 5283 525 5321 :
555 5266 750 5338 Potens
776 5273 865 5338 est
883 5265 1035 5338 enim
1058 5265 1480 5338 Deus,_etc.Hoc
1528 5272 1720 5321 autem
1768 5267 1904 5338 fecit

253 5339 396 5394 Jesus
417 5356 450 5393 a
473 5337 724 5407 lapidum
757 5335 1035 5404 religione
1060 5335 1356 5391 extrahens
1383 5352 1502 5402 nos,
1531 5340 1584 5392 et
1614 5353 1648 5392 a
1703 5335 1905 5392 nostris

255 5412 396 5465 duris
424 5413 479 5465 et
504 5409 866 5480 inlrucluosis
903 5407 1334 5480 cogitationibus
1387 5411 1728 5478 transferens
1786 5425 1906 5479 nos,

256 5487 303 5536 et
329 5478 575 5537 similem
594 5479 829 5537 Abrahae
854 5478 1017 5549 ﬁdem
1037 5480 1098 5533 in
1129 5479 1292 5534 nobis
1311 5484 1666 5536 constituens.

322 5555 434 5626 (63)
463 5551 550 5608 Τὰ
580 5552 698 5624 ἆγρ.
729 5549 802 5626 Tal
829 5551 1193 5626 omittitms.
1229 5551 1369 5626 N_ov.

324 5622 433 5694 (64)
461 5627 550 5684 Ὠς
576 5622 717 5697 νεκρ.
753 5623 844 5683 Ὡς
879 5622 1098 5697 omittit
1133 5639 1243 5697 ms.
1268 5622 1407 5697 Nov.

322 5691 432 5769 (65)
493 5691 778 5748 Ἐνέτείνεν
863 5691 1132 5769 ungvine.
1209 5693 1412 5750 Scribe
1454 5710 1536 5769 ex
1596 5711 1707 5750 ms.
1767 5694 1908 5769 Nov.

263 5763 476 5820 ἐνετεινε
533 5763 872 5846 συμφωνας,
918 5763 1152 5823 Ἐιθιιὶω
1213 5763 1504 5842 συμφωνία
1563 5767 1915 5839 ριωοοάοιιιὶ

2019 5118 2290 5195 διαφωνία
2312 5121 2526 5195 melius
2584 5121 2901 5195 respondet
2957 5135 3134 5190 quam
3195 5115 3462 5195 ἐμφωνία.
3509 5117 3676 5182 Quod

2010 5193 2572 5268 Sylhurgius‘etiam
2607 5193 2770 5268 vidit.

2084 5254 2456 5334 (66)Ῑ(εκώλ.
2518 5261 2835 5318 Κεκώλυκεν
2897 5259 3062 5328 αὐτὴν
3124 5257 3192 5329 δὴ
3250 5266 3353 5334 γῆν
3411 5254 3676 5334 ἔμπαλιν,

2015 5330 2456 5425 ἐστερέωσεῇφέρ.
2491 5336 2599 5391 Ms.
2636 5336 2775 5392 Nov.
2811 5333 2969 5390 Idem
3005 5350 3138 5390 mox
3181 5330 3282 5405 pro
3337 5330 3678 5384 ἐτιθάσσευσε

2016 5407 2191 5466 habet
2212 5407 2562 5470 ἐτιθάσσευεν.

2088 5482 2202 5554 (67)
2234 5478 2433 5554 Ηυρός.
2455 5477 2688 5557 Scilicet
2716 5477 2872 5557 ignis
2930 5476 3339 5557 elementari_s,_
3360 5488 3536 5557 quem
3567 5491 3670 5531 su-

2019 5547 2124 5624 pra
2155 5547 2348 5609 aerem
2381 5553 2492 5608 sub
2517 5547 2769 5608 concavo
2802 5549 2954 5605 lunas
2977 5565 3110 5603 cum
3129 5547 3437 5603 Aristotele
3459 5563 3676 5616 ponere

2019 5625 2618 5767 Vl?g§;]l'l‘ou6ail.llle,
2651 5708 2784 5749 cum
2817 5709 2850 5767 _e
2881 5688 3303 5767 Cainj‘familia
3327 5693 3501 5758 esset,
3536 5706 3670 5767 m_u-

2023 5762 2204 5825 sicam
2239 5767 2500 5825 iuvenit:
2535 5782 2652 5838 qua
2701 5764 2950 5836 proinde
3003 5763 3297 5829 Clemens,
3354 5767 3418 5816 ut
3474 5762 3675 5833 profa-
