4142 6396
378 439 448 494 61
1639 436 2106 495 COHORTATIO
2139 438 2239 493 AD
2281 442 2589 502 GENTES.
3759 447 3831 500 62

377 585 537 642 ριτος
596 557 1010 636 μεταλάμῦανε.
1074 561 1177 620 Καί
1237 583 1345 635 μου
1394 561 1458 618 τὸ
1507 562 1654 636 ᾆσμα
1682 563 1746 618 τὸ
1777 565 2052 636 σωτήριον

2176 569 2525 642 mercedem,
2555 575 2838 644 tanquam
2873 587 2941 628 ex
2973 571 3351 639 redundanti,
3381 586 3627 642 regnum
3660 570 3833 627 caelo-

382 655 461 728 μή
495 653 676 709 καινὸν
708 650 885 715 οὕτως
941 647 1254 728 ὑπολάϐῃς,
1289 653 1363 715 ὡς
1414 657 1602 715 σκεῦος
1651 654 1687 724 ἢ
1739 654 1813 715 ὡς
1857 649 2055 707 οἰκίαν·

375 743 498 816 Πρὸ
530 740 812 818 ἕωσφόρου
867 742 992 812 (80)
1041 739 1144 817 γὰρ
1195 741 1284 810 iv,
1335 741 1426 796 καὶ
1466 741 1554 796 Ἐν
1605 740 1754 816 ἀρχῇ
1786 741 1854 810 iv
1889 741 1916 795 6
1947 739 2059 795 Λό-

375 853 502 906 γος,
555 829 644 884 καὶ
703 830 731 884 6
787 827 968 904 Λόγος
1015 829 1088 899 iv
1136 829 1274 904 πρὸς
1323 829 1414 884 τὸν
1467 831 1619 898 Θεὸν,
1672 830 1763 884 καὶ
1811 831 1944 892 Θεὸς
1990 829 2057 898 iv

379 923 410 976 6
445 919 641 997 Λόγος.
677 917 900 976 Παλαιά
932 915 992 974 δὲ
1018 921 1053 988 ἡ
1080 918 1482 989 πλάνη,καινὸν
1517 917 1574 974 δὶ
1606 921 1639 989 ἡ
1672 918 1906 990 ἀλήθεια
1935 917 2058 996 φαὶο

378 1031 558 1066 νεται.
612 1007 724 1064 Εἶτ’
783 1006 875 1062 οῦν
936 1007 1207 1084 ἀρχαίους
1263 1007 1392 1071 τους
1445 1008 1663 1085 Φρύγας
1713 1006 2058 1064 διδάσκουσιν

374 1099 528 1174 αἶγες
584 1098 832 1171 μυθικαί·
888 1095 995 1152 εἴτε
1047 1095 1113 1152 αῦ
1159 1096 1290 1162 τοὺς
1339 1095 1610 1163 Ἀρκαδας
1657 1100 1771 1172 (81)
1816 1099 1868 1152 οἱ
1917 1118 2058 1172 προ-

374 1187 654 1260 σελήνους
705 1185 1105 1264 ἀναγράφοντες
1161 1185 1410 1257 ποιηταί·
1471 1185 1577 1242 ε’ἶτε
1637 1189 1746 1260 μὴν
1807 1185 1872 1242 αῦ
1926 1185 2054 1250 τοὺς

377 1276 739 1353 Αἰγυπτίους,
776 1277 950 1332 οἱκαὶ
992 1276 1220 1351 πρώτην
1267 1275 1469 1348 ταύτην
1504 1277 1765 1355 ἀναφῦναι
1793 1279 1908 1350 (82)
1954 1279 2054 1345 τὴν

374 1376 484 1444 γῆν
515 1367 686 1430 Θεοός
714 1387 774 1423 τε
803 1367 895 1422 καὶ
941 1366 1264 1442 ἀνθρώπους
1318 1365 1756 1440 όνειρώσσοντες·
1808 1365 1936 1423 ἀλλ’
1993 1366 2056 1422 οῦ

371 1460 487 1532 πρό
520 1480 586 1533 γε
613 1462 712 1512 τοῦ
743 1457 958 1529 κόσμου
991 1455 1154 1512 τοῦδε
1181 1456 1392 1511 τοότων
1441 1455 1567 1512 οὐδὲ
1597 1459 1696 1520 εἷς.
1733 1458 1844 1530 Πρὸ
1873 1453 1930 1512 δὲ
1957 1464 2058 1527 τῆς

370 1552 483 1602 τοῦ
513 1541 728 1620 κόσμου
777 1540 1096 1615 καταϐολῆς
1149 1547 1334 1618 ἡμεῖς,
1390 1546 1446 1599 οἱ
1470 1550 1550 1618 τῷ
1583 1543 1692 1602 δεῖν
1736 1543 1946 1610 ἔσεσθαι
2001 1544 2052 1601 ἐν

369 1637 528 1710 αὖτῷ
549 1636 820 1712 πρότερον
851 1635 1244 1711 γεγεννημένοι
1273 1639 1354 1708 τῷ
1384 1639 1518 1706 Θεῷ·
1553 1639 1651 1691 τοῦ
1686 1637 1821 1691 Θεοῦ
1871 1636 2054 1711 Λόγου

364 1727 438 1782 τὰ
470 1727 673 1802 λογικὰ
702 1724 1001 1798 πλάσματα
1048 1727 1236 1797 ἡμεῖς·
1273 1721 1345 1779 δι’
1377 1727 1435 1780 6v
1485 1724 1853 1801 ἀρχαΐζομεν,
1885 1724 1967 1780 ὅτι
2000 1725 2053 1781 ἐν

371 1815 528 1892 ἀρχῇ⁹
568 1816 597 1869 6
642 1815 821 1891 Λόγος
851 1815 943 1884 iv.
997 1813 1157 1874 Ἀλλ’
1206 1815 1290 1869 ὅτι
1325 1815 1421 1888 μὶν
1458 1814 1525 1883 iv
1559 1817 1588 1871 6
1623 1815 1796 1890 Λόγος
1826 1813 2052 1888 ἄνωθεν,

2169 671 2296 712 rum
2333 658 2666 730 pollicetur,
2692 662 3020 736 nonﬂalium
3053 678 3120 717 ex
3153 661 3322 717 nobis
3354 661 3610 717 fructum
3643 661 3829 732 perci-

2169 744 2354 816 piens,
2380 765 2558 819 quam
2593 753 2746 824 quod
2773 752 2917 808 salvi
2947 767 3178 808 sumus.
3204 750 3422 807 Vitium
3448 750 3606 805 enim
3637 749 3832 806 homi-

2168 851 2310 890 num
2345 836 2580 895 interitu
2617 841 2881 912 pascitur
2916 857 2928 895 :
2964 840 3177 896 veritas
3231 845 3454 904 autem,
3481 855 3608 910 quae
3641 839 3827 896 veluti

2166 927 2294 998 apis
2327 928 2561 986 innoxia
2593 934 2766 988 rebus
2799 931 3035 997 insidet,
3065 949 3178 987 non
3214 931 3326 986 nisi
3358 931 3698 986 eorumdem
3725 947 3823 984 sa-

2165 1017 2287 1073 lute
2319 1017 2568 1075 laetatur.
2599 1024 2812 1090 Habes,
2846 1022 2984 1093 quid
3022 1021 3359 1093 pollicetur;
3388 1021 3826 1091 babes,quanto

2165 1111 2375 1166 all'ectu
2409 1111 2740 1170 humanam
2765 1130 2951 1186 genus
2987 1117 3168 1168 amat.
3192 1113 3278 1168 Tu
3313 1112 3494 1182 igitur
3517 1111 3746 1177 accede,
3771 1122 3828 1172 et

2165 1200 2448 1272 participa
2479 1201 2630 1256 hanc
2659 1204 2933 1273 gratiam.
2969 1202 3159 1258 Meum
3209 1217 3380 1273 porro
3413 1201 3708 1255 canticum
3756 1214 3827 1254 ne

2164 1289 2406 1360 perinde
2455 1306 2671 1346 novum
2717 1291 3047 1352 existimes.
3072 1307 3139 1346 ac
3169 1307 3269 1345 vas
3301 1289 3537 1361 aliquod
3570 1289 3691 1344 sive
3723 1287 3827 1342 do-

2164 1394 2357 1444 mum;
2393 1396 2524 1434 nam
2571 1386 2701 1436 ante
2740 1381 3058 1452 Luciferum
3107 1389 3233 1434 erat
3255 1380 3296 1450 ',
3333 1385 3381 1433 et
3437 1380 3495 1433 in
3545 1376 3825 1449 principio

2162 1476 2281 1523 erat
2326 1468 2567 1533 Verbum,
2613 1475 2665 1524 et
2719 1470 2950 1525 Verbum
2999 1477 3118 1524 erat
3161 1467 3308 1540 apud
3355 1468 3548 1535 Deum,
3578 1469 3627 1522 et
3671 1470 3822 1521 Deus

2162 1559 2279 1612 erat
2313 1557 2543 1612 Verbum
2567 1559 2748 1614 ‘°.Sed
2783 1575 2964 1626 error,
2993 1558 3214 1629 inquis,
3251 1561 3416 1612 vetus
3446 1560 3568 1624 est;
3601 1555 3816 1610 veritas

2162 1650 2356 1701 autem
2391 1663 2614 1703 recens.
2647 1647 2895 1703 Proinde
2920 1665 3021 1703 seu
3046 1664 3232 1718 caprae
3259 1645 3518 1718 Phrygas
3547 1643 3825 1700 vetustis-

2161 1734 2427 1792 tissimos
2457 1752 2586 1793 esse
2619 1737 2890 1805 doceant;
2925 1753 3028 1793 seu
3055 1737 3330 1803 Arcadas,
3357 1739 3536 1806 poeta:
3561 1732 3660 1804 qui
3687 1737 3823 1788 ante

2161 1823 2362 1879 lunam
2384 1841 2488 1880 ens
2520 1825 2700 1881 fuisse
2718 1826 3134 1898 prodiderunt;
3155 1840 3280 1889 seu,
3297 1823 3567 1894 denique,
3585 1823 3634 1877 8
3655 1823 3824 1894 lEgy-

366 1904 524 1981 ἆρχὴ
560 1903 676 1959 θεία
707 1908 815 1959 τῶν
849 1902 1065 1957 πάντων
1089 1903 1156 1972 iv
1176 1923 1235 1958 τε
1264 1903 1354 1958 καὶ
1383 1897 1550 1959 ἔστιν·
1581 1902 1664 1958 ὅτι
1690 1902 1748 1959 δὲ
1767 1908 1858 1959 νῦν
1877 1900 2053 1979 ὄνομα

2169 1913 2338 1985 ptios,
2368 1931 2468 1985 qui
2503 1897 2964 1970 horumiterram
2997 1914 3358 1984 deorumque
3390 1911 3824 1982 hominumque

363 1989 568 2050 ἔλαϐεν
590 1995 654 2048 τὸ
672 1991 843 2048 πάλαι
871 1991 1323 2066 καθωσιωμένον,
1350 1989 1634 2066 δυνάμεως
1658 1992 1833 2066 ἄξιον,
1857 1994 1884 2048 6
1909 2000 2053 2070 Χρι-

365 2085 519 2152 στὸς,
553 2083 745 2138 καινὸν
778 2082 928 2156 ᾆσμά
962 2103 1058 2154 μοι
1090 2080 1382 2153 κέκληται.
1439 2083 1615 2146 Οὗτος
1645 2087 1775 2160 γοῦν
1825 2085 1852 2139 6
1884 2085 2060 2161 Λόγος

364 2175 395 2230 6
456 2173 718 2248 Χριστὸς,
770 2172 863 2227 καὶ
918 2176 1017 2226 τοῦ
1078 2173 1209 2227 εἶναι
1262 2171 1434 2228 πάλαι
1491 2173 1642 2246 ἡμᾶς
1705 2174 1790 2248 (iv
1838 2174 1946 2250 γὰρ
2001 2173 2054 2229 ὲν

364 2267 489 2335 Θιῷ
519 2263 684 2336 [83])
735 2261 826 2316 καὶ
855 2264 954 2316 τοῦ
989 2258 1045 2316 εῦ
1097 2261 1254 2331 εἶναι,
1304 2264 1396 2315 νῦν
1456 2259 1523 2330 δὴ
1551 2261 1806 2341 (ἐπεφάνη
1845 2262 2056 2341 ἀνθρώτ

363 2373 497 2412 ποις
533 2351 702 2413 αὐτος
731 2351 890 2412 οὗτος
920 2350 948 2404 6
983 2348 1180 2425 Λόγος,
1214 2350 1241 2404 ὁ
1285 2349 1456 2422 μόνος
1496 2338 1686 2428 ἄμφω,
1719 2346 1850 2414 Θεὸς
1879 2372 1937 2406 τε
1966 2338 2054 2406 καὶ

366 2440 688 2516 ἄνθρωπος,
717 2439 970 2495 ἀπάντων
1002 2441 1141 2512 ἡμῖν
1164 2437 1339 2502 αἴτιος
1376 2439 1613 2515 ἀγαθῶν·
1652 2441 1778 2516 παρ’
1811 2442 1873 2495 οὗ
1902 2439 1964 2495 τὸ
1999 2439 2055 2494 εὖ

366 2537 470 2606 ζῇν
504 2529 983 2604 ἐκδιδασκόμενοι,
1017 2530 1095 2593 εἷς
1124 2528 1301 2586 ἀΐδιον
1337 2533 1483 2601 ζωὴν
1553 2531 2052 2608 παραπεμπόμεθα.

367 2623 520 2680 Κατᾶ
575 2622 681 2698 γὰρ
731 2621 825 2676 τὸν
886 2617 1166 2684 θεπὶσιον
1222 2619 1428 2674 ἐκεῖνον
1489 2624 1586 2676 τοῦ
1635 2622 1836 2696 Κυρίου
1883 2621 2052 2678 Ἀπό-

366 2713 596 2767 στολον·
657 2713 722 2766 Ἡ
782 2708 947 2785 χάρις
991 2710 1090 2765 τοῦ
1139 2713 1272 2764 Θεοῦ
1325 2711 1360 2780 ἡ
1413 2712 1690 2784 σωτήριος
1743 2717 1906 2766 πᾶσιν
1955 2712 2049 2766 ἀν-

361 2802 621 2877 θρώποις
670 2799 911 2877 ἰπεφάνη
949 2847 962 2868 ,
1022 2797 1357 2854 παιδεύουσα
1423 2802 1617 2873 ἡμᾶς,
1679 2799 1813 2872 ἵνα,
1881 2800 2056 2869 ἀρνη-

370 2894 604 2963 σάμενοι
673 2889 776 2958 τὴν
855 2882 1104 2944 ἀσέϐειαν
1177 2888 1267 2942 καὶ
1354 2888 1450 2952 τὰς
1521 2891 1794 2962 κοσμικὰς
1867 2890 2052 2946 ἐπιθυ-

375 2979 531 3052 μίας,
595 2978 919 3056 σωφρόνως,
976 2977 1066 3032 καὶ
1125 2973 1352 3039 δικαίως
1385 3022 1400 3047 ,
1451 2979 1539 3032 καὶ
1594 2973 1822 3058 εὐσεϐφς
1871 2981 2052 3050 ζήσω-

375 3090 478 3142 μεν
533 3068 588 3123 ἒν
648 3073 730 3142 τῷ
759 3071 849 3122 νῦν
899 3067 1079 3134 αἰῶνι,
1128 3063 1574 3143 προσδεχόμενοι
1626 3070 1726 3138 τήν
1779 3069 2046 3144 μακαρίαν

377 3157 606 3229 ἐλπίδα,
678 3157 768 3213 καὶ
841 3156 1159 3235 ἐπιφάνειαν
1239 3162 1340 3226 τῆς
1412 3153 1573 3228 δόξης
1649 3163 1746 3213 τοῦ
1813 3158 2050 3236 μεγάλον

375 3253 517 3305 Θεοῦ
573 3248 666 3304 καὶ
729 3251 994 3323 Σωτῆρος
1051 3249 1214 3319 ἡμῶν
1285 3247 1467 3317 Ἰησοῦ
1525 3251 1760 3323 Χριστοῦ
1795 3292 1808 3305 .
1879 3250 2049 3304 Τοῦτό

374 3340 491 3394 ἰστι
557 3339 624 3392 τὸ
682 3336 829 3410 ᾆσμα
883 3337 947 3391 τὸ
996 3335 1208 3405 καινὸν,
1263 3338 1299 3405 ἡ
1332 3335 1680 3414 ἰπιφάνειαὴ
1713 3341 1804 3392 νῦν
1839 3336 2052 3412 ἐκλάμ-

371 3432 523 3503 ψασα
546 3430 664 3502 (84)
715 3426 766 3481 ἂν
817 3429 956 3500 ἡμῖν
991 3429 1089 3480 τοῦ
1137 3424 1190 3480 ἒν
1234 3425 1385 3501 ἀρχῇ
1437 3421 1594 3489 ὄντος
1647 3426 1737 3482 καὶ
1781 3429 2050 3500 προόντος

373 3517 590 3592 Λόγου·
632 3516 872 3594 impivi
920 3512 978 3570 δὲ
1007 3511 1242 3591 ἔναγχος
1277 3515 1305 3569 6
1335 3515 1524 3589 προὼν
1561 3519 1782 3593 Σωτήρ·
1816 3516 2054 3590 ἐπεφάνη

373 3609 403 3663 6
457 3607 510 3662 ἐν
561 3611 643 3679 τῷ
687 3601 802 3660 ὄντι
837 3604 934 3678 ὢν,
981 3605 1066 3660 ὅτι
1098 3604 1127 3658 6
1175 3603 1374 3678 Λόγος,
1407 3605 1467 3659 ’ὸς
1515 3606 1583 3675 iv
1633 3606 1772 3681 πρὸς
1798 3607 1892 3662 τὸν
1926 3609 2056 3663 Θεὸν

377 3695 730 3759 Διδάσκαλος
782 3694 1021 3771 ἐπεφάνη
1050 3738 1064 3761 ,
1124 3695 1170 3766 ᾧ
1217 3695 1284 3747 τὰ
1331 3692 1506 3749 πάντα
1547 3692 2056 3772 δεδημιούργηται⁶

377 3787 584 3861 Λόγος,
649 3787 678 3839 6
735 3785 827 3840 καὶ
887 3784 954 3839 τὸ
1015 3786 1110 3857 ζῇν
1144 3781 1195 3837 ἐν
1228 3783 1378 3858 ἀρχῇ
1423 3783 1560 3856 μετά
1587 3782 1684 3839 τοῦ
1716 3784 1922 3840 πλᾶσαι
1952 3807 2055 3840 παι

371 3876 628 3952 ρατχὼν,
663 3875 736 3936 ὡς
771 3871 1134 3949 δημιουργὸς,
1167 3873 1230 3927 τὸ
1262 3871 1319 3927 εῦ
1364 3875 1460 3946 ζῇν
1493 3876 1604 3948 (85)
1638 3871 1898 3945 ἰδίδαξεν,
1932 3873 2055 3930 ἔπι-

371 3964 567 4041 φανεὶς
631 3964 706 4024 ὡς
764 3959 1119 4030 διδάσκαλος,
1177 3959 1269 4016 ⁹ίνα
1324 3961 1386 4016 τὸ
1447 3961 1528 4017 ἀεὶ
1591 3967 1689 4032 ζῆν
1720 3963 1946 4040 ὕστερον
1980 3966 2054 4029 ὡς

366 4053 506 4115 Θεὸς
566 4052 889 4126 χορηγήσῃ.
937 4052 1000 4107 Ὀ
1034 4047 1138 4121 δὲ,
1199 4050 1260 4104 οῦ
1319 4054 1413 4105 νῦν
1459 4072 1520 4124 γε
1548 4056 1764 4124 πρῶτον
1793 4050 2050 4130 ᾤκτειρεν

369 4144 527 4212 ἡμᾶς
555 4146 659 4208 τῆς
691 4138 930 4208 πλάνης,
963 4136 1092 4193 ἀλλ’
1137 4137 1337 4202 ἄνωθεν
1398 4139 1662 4214 ἀρχῆθεν·
1704 4145 1795 4196 νῦν
1828 4139 1905 4213 δὲ,
1938 4141 2048 4212 ἤδη

371 4227 830 4300 ἀπολλυμένους,
875 4225 1155 4304 ἐπιφανεὶς
1203 4226 1558 4302 περισέσωκε·
1607 4231 1671 4283 τὸ
1723 4229 1826 4305 γὰρ
1875 4251 2050 4302 πονη-

371 4319 468 4393 ρόν
515 4316 609 4371 καὶ
642 4317 967 4392 ἓρπυστικὸν
1025 4315 1198 4392 θρίον,
1247 4320 1541 4391 γοητεῦον,
1589 4317 2049 4388 καταδουλοῦται,

367 4407 463 4462 καὶ
500 4405 771 4476 αἰκίζεται
805 4405 967 4461 εἷσάτι
1000 4409 1091 4460 νῦν
1123 4403 1252 4467 τοὺς
1301 4404 1649 4481 ἀνθρώπους·
1683 4407 1811 4482 ἐμοὶ
1845 4407 2047 4483 δοκεῖν,

369 4490 735 4572 βαρϐαρικῶς
764 4493 1211 4570 τιμωρούμενον,
1247 4493 1300 4549 ο¹ί
1339 4500 1556 4570 νεκροῖς
1587 4496 1714 4559 τοὺς
1746 4497 2049 4574 αἶ’χμαλώ-

359 4605 498 4647 τους
535 4581 745 4638 συνδεῖν
793 4585 908 4658 (86)
962 4582 1209 4659 λέγονται
1261 4584 1533 4658 σώμασιν,
1584 4583 1694 4641 ἔστ’
1747 4585 1809 4641 ἃν
1864 4589 2050 4655 αὐτοῖς

2170 2011 2414 2058 matrem
2464 2019 2593 2059 6888
2641 2003 2945 2060 somniant
2987 2021 3001 2059 2
3051 2010 3244 2058 tamen
3294 2017 3496 2058 eorum
3549 2015 3717 2055 nemo
3761 2015 3824 2056 80

2167 2097 2301 2147 ante
2324 2092 2614 2148 mundum
2643 2092 3045 2164 fuissejactat.
3069 2093 3138 2146 At
3167 2107 3272 2146 nos
3301 2093 3433 2146 ante
3458 2088 3664 2144 mundi
3691 2105 3822 2144 con.

2165 2181 2539 2238 stitutionem
2568 2181 2812 2251 fuimus,
2839 2181 3062 2237 ratione
3094 2181 3304 2236 futurae
3337 2183 3547 2235 nostrae
3571 2178 3826 2251 produc-

2168 2269 2343 2326 tionis
2372 2272 2430 2326 in
2453 2271 2580 2343 ipso
2601 2273 2715 2327 Deo
2736 2270 3172 2343 quodammodo
3204 2273 3331 2324 tum
3365 2267 3825 2340 praeexistentes.

2164 2359 2356 2416 Divini
2389 2360 2569 2432 igitur
2597 2359 2796 2427 Verbi,
2827 2360 2949 2416 sive
2982 2357 3251 2422 rationis,
3279 2374 3384 2412 nos
3420 2361 3702 2412 creatures
3737 2373 3827 2411 ra-

2163 2447 2409 2504 tionales
2450 2466 2662 2505 sumus
2697 2464 2710 2504 :
2744 2453 2802 2504 et
2833 2465 2933 2520 per
2977 2463 3113 2502 eum
3147 2445 3320 2519 primi
3370 2461 3498 2500 esse
3546 2445 3827 2511 dicimur,

2163 2539 2440 2610 quoniam
2493 2539 2552 2594 in
2597 2538 2878 2611 principio
2921 2542 3040 2594 erat
3074 2537 3320 2592 Verbum.
3345 2535 3510 2602 Quod
3564 2535 3827 2606 quidem,

2163 2633 2456 2700 quatenus
2478 2627 2616 2685 olim
2639 2629 2948 2699 antejacta
2970 2627 3170 2680 mundi
3195 2624 3829 2680 fundamentaexsiste-

2161 2718 2280 2785 bat,
2299 2719 2562 2772 divinum
2589 2733 2784 2773 rerum
2805 2717 3071 2772 omnium
3096 2713 3450 2786 principium
3473 2713 3826 2783 fuit,etiam-

2162 2824 2272 2880 que
2291 2823 2444 2863 nunc
2463 2811 2577 2872 est;
2605 2810 2901 2878 quatenus
2918 2821 3050 2859 vero
3075 2801 3412 2858 novissimis
3453 2801 3822 2873 temporibus

2161 2896 2490 2953 venerando
2516 2894 2614 2950 illo
2645 2900 2702 2949 et
2724 2892 2864 2949 olim
2895 2897 3100 2948 sancto
3119 2890 3336 2948 Christi
3362 2889 3598 2945 nomine
3621 2888 3825 2961 appel-

2159 2985 2268 3042 lari
2316 2983 2522 3049 voluit,
2567 2999 2779 3039 novum
2831 2999 2864 3037 a
2919 2998 3010 3037 me
3057 2980 3368 3037 Canticum
3414 2984 3674 3035 vocatur.
3707 2983 3828 3034 Hoc

2164 3077 2228 3142 »ια
2259 3075 2435 3146 igitur
2463 3073 2718 3129 Verbum
2753 3071 3044 3142 Christus,
3069 3087 3184 3126 non
3212 3069 3400 3126 solum
3422 3074 3486 3124 ut
3507 3069 3648 3125 olim
3673 3084 3826 3124 esse-

2160 3181 2293 3220 mus
2319 3180 2500 3219 causa
2523 3163 2633 3218 fuit
2652 3162 2812 3232 (nam
2838 3160 2936 3216 ille
2960 3166 3085 3216 tum
3109 3164 3234 3215 erat
3267 3159 3325 3215 in
3353 3159 3513 3228 Deo),
3536 3159 3634 3214 sed
3670 3157 3827 3213 idem

2165 3254 2344 3309 etiam
2377 3255 2524 3308 bene
2554 3268 2683 3308 esse
2714 3251 2886 3306 nobis
2913 3251 3097 3320 dedit,
3119 3255 3175 3305 et
3197 3250 3324 3322 jam
3356 3265 3546 3320 nuper
3572 3246 3829 3302 homini-

2165 3344 2276 3398 bus
2299 3343 2596 3415 apparuit,
2615 3341 2714 3413 qui
2749 3339 3206 3410 solusﬁuterque,
3235 3341 3384 3394 Deus
3411 3343 3466 3392 et
3493 3337 3692 3406 homo,
3717 3341 3829 3407 est,

2169 3435 2235 3488 ut
2265 3430 2664 3486 omnimodam
2699 3429 2868 3484 nobis
2917 3427 3255 3483 felicitatem
3290 3428 3474 3482 daret.
3501 3426 3726 3481 Etenim
3758 3427 3830 3480 ab

2169 3537 2235 3576 eo
2266 3526 2420 3575 recte
2442 3519 2634 3574 vivere
2665 3517 2875 3586 edocti,
2898 3517 2969 3571 ad
2990 3521 3269 3572 aeternam
3303 3515 3480 3571 vitam
3525 3513 3829 3570 transmit-

2171 3610 2374 3666 timur.
2401 3613 2544 3664 Nam
2577 3612 2641 3662 ut
2679 3607 2763 3662 ait
2794 3605 2892 3662 ille
2924 3606 3161 3662 divinus
3191 3604 3425 3661 Domini
3457 3603 3778 3677 Apostolus
3813 3618 3827 3658 :

2169 3700 2442 3772 Apparuit
2486 3701 2676 3766 gratia
2727 3697 2828 3752 Dei
2869 3697 3140 3750 salutaris
3189 3693 3444 3749 omnibus
3492 3692 3830 3758 hominibus,

2167 3788 2424 3846 erudiens
2451 3803 2566 3854 nos,
2601 3789 2663 3840 ut
2691 3786 3026 3856 abnegantes
3057 3785 3428 3855 impietatem,
3461 3786 3511 3838 et
3539 3783 3833 3838 saecularia

2167 3876 2459 3942 desideria,
2492 3876 2688 3940 sobrie,
2721 3879 2771 3930 et
2801 3875 2964 3941 iuste,
2987 3877 3036 3929 et
3079 3872 3168 3942 pie
3211 3874 3468 3928 vivamus
3501 3873 3558 3926 in
3592 3871 3690 3927 hoc
3716 3886 3826 3928 sae-

2165 3968 2311 4033 culo,
2345 3969 2695 4035 expectantes
2729 3965 2940 4018 beatam
2992 3979 3139 4033 spem
3188 3968 3244 4016 et
3297 3944 3592 4016 adventum
3621 3961 3828 4033 gloriae

2163 4057 2356 4126 magni
2390 4052 2494 4108 Dei
2539 4060 2588 4108 et
2636 4050 2952 4107 Saluatoris
2991 4050 3189 4119 nostri,
3222 4052 3350 4106 Iesu
3383 4048 3590 4104 Christi
3613 4050 3678 4102 “.
3713 4049 3830 4104 No-

2164 4161 2298 4200 vum
2327 4159 2466 4215 ergo
2499 4141 2794 4196 canticum
2829 4146 2917 4196 est
2955 4141 3148 4206 Verbi,
3182 4140 3338 4210 quod
3372 4141 3432 4194 in
3461 4138 3742 4210 principio
3773 4143 3830 4192 et

2163 4239 2297 4290 ante
2325 4230 2681 4304 principium
2707 4229 2836 4296 fuit,
2862 4235 3121 4295 exortus,
3145 4228 3246 4300 qui
3271 4229 3441 4283 modo
3467 4227 3636 4282 nobis
3662 4225 3833 4282 eﬂ'ul-

2163 4326 2264 4393 sil;
2301 4324 2470 4379 modo
2519 4323 2676 4377 enim
2722 4323 3016 4392 apparuit,
3042 4321 3138 4392 qui
3172 4320 3311 4374 olim
3344 4324 3489 4387 erat,
3515 4319 3819 4386 Servatur;

2162 4412 2455 4486 apparuit,
2481 4411 2709 4482 quiens
2731 4416 2823 4465 est
2853 4411 2910 4464 in
2945 4417 3106 4476 ente;
3141 4407 3400 4463 Verbum
3431 4407 3827 4477 nempe,quod

2165 4503 2316 4575 apud
2357 4506 2534 4556 Deum
2569 4504 2712 4566 erat,
2750 4504 2806 4555 et
2837 4515 2870 4553 a
2902 4515 3016 4570 quo
3063 4499 3216 4553 facta
3247 4501 3388 4552 sunt
3419 4497 3638 4564 omnia,
3673 4496 3830 4552 Prae-

2162 4592 2392 4664 ceptoris
2442 4588 2647 4645 habitu
2699 4587 2975 4660 apparuit
3009 4605 3021 4644 :
3057 4593 3114 4643 et
3145 4586 3248 4659 qui
3296 4592 3582 4659 tanquam
3633 4584 3830 4658 opifex

437 4719 509 4782 vlt
537 4713 600 4769 Ρ.
634 4713 690 4766 7.
726 4713 836 4768 ED.
875 4712 1178 4778 POTTER,
1208 4713 1245 4768 6
1277 4712 1388 4768 FlD.
1428 4711 1652 4770 PARlS.
1730 4716 1752 4750 ⁹
1783 4717 1938 4774 Psal.
1972 4737 2053 4777 cu

2169 4764 2171 4775 .
2252 4716 2493 4792 “onan.
2530 4732 2569 4781 ι,
2606 4716 2655 4770 1.
2736 4717 2777 4752 ¹¹
2812 4715 2923 4771 Tit.
2958 4732 3020 4782 ιι,
3056 4714 3250 4769 11-13.

445 4857 561 4936 (8_0)
613 4853 727 4936 Ηρὸ
770 4853 938 4936 ἑωσρ.
989 4856 1246 4936 Respicit
1273 4855 1512 4936 fpsalm.
1547 4873 1661 4926 cxx,
1701 4858 1736 4912 3
1770 4876 1784 4916 :
1831 4859 1925 4913 Ἐκ
1953 4881 2057 4936 γα-

370 4925 549 5002 στρὸς
573 4925 689 5002 πρὸ.
715 4925 999 5002 ἑωσφόρου
1025 4925 1407 5002 ἀγέννησάσε.

449 4995 570 5070 (81)
593 4998 737 5074 Τοὺς
759 4995 1158 5074 ἷΑρκἇδας.Ὠθ
1180 4995 1545 5074 προσελήνοις
1569 5001 1902 5057 Arcadibus
1924 5004 2056 5059 vide

372 5071 682 5127 Plutarchi
718 5070 1064 5127 Problemata
1097 5070 1375 5126 Romana.
1414 5070 1476 5125 Η.
1513 5076 1795 5129 SYLBUPG.
1822 5075 2054 5130 Confer.

374 5144 561 5199 etiam
599 5143 1000 5217 Lchpbronis
1028 5143 1398 5217 Cassandram
1427 5159 1478 5197 ν.
1506 5144 1628 5211 482,
1656 5145 1860 5217 ibique
1888 5146 2055 5202 Tzet-

371 5232 476 5276 ιω.
515 5221 573 5268 et
607 5215 846 5269 Meursii
877 5215 1332 5270 Commentarios.

453 5287 568 5364 (8:2)
599 5285 1024 5364 'szipﬁv_1i._A_.
1057 5284 1348 5364 ἀναφῆναι.
1380 5288 1546 5364 Βὶςῃβ.
1587 5285 2051 5364 Utriusque_lec-

377 5358 570 5432 tionis
619 5357 884 5432 exempla
934 5357 1087 5432 infra
1138 5357 1391 5426 Ρωάαθη
1439 5357 1542 5413 lib.
1593 5375 1678 5432 ιιι,
1731 5357 1860 5432 cap.
1898 5360 1948 5425 1,
1995 5363 2054 5416 et

373 5429 588 5485 Strom.
622 5429 724 5503 lib.
760 5429 805 5496 ι,
834 5430 1130 5503 Ἀναφῦναι
1172 5438 1371 5503 tamen,
1416 5429 1756 5486 neutraliter
1787 5429 2049 5503 plerum-

377 5501 842 5579 queaccipitur,
869 5501 1228 5579 Ut_&va_?51ott
1261 5502 1468 5579 active:

449 5573 566 5643 (83)
625 5571 803 5648 Οῦτος
859 5577 988 5648 γοῦν
1050 5571 1306 5648 δ’ᾐΛόγος
1357 5572 1386 5626 6
1411 5640 1424 5648 _
1457 5571 1690 5646 Χριστὸς
1722 5615 1736 5636 ,
1759 5642 1769 5648 μ
1795 5571 1924 5648 καὶ),
1955 5576 2052 5648 τοῦ

375 5640 519 5718 εἶναι
595 5641 766 5698 πάλαι
843 5640 993 5718 ipa;
1028 5663 1039 5674 '
1101 5643 1171 5718 ἦν
1223 5640 1458 5718 ’γαρ-’ἐν
1508 5640 1630 5713 ’Θεῷ
1684 5642 1775 5718 καί)
1831 5647 1930 5718 τοῦ
1990 5644 2050 5718 εὖ

377 5715 541 5802 εἶναι.
573 5718 795 5802 Scribe_
818 5710 910 5802 καὶ
938 5720 1066 5802 *τοῦ
1118 5710 1266 5802 εἷναι
1286 5710 1480 5802 παλαι.
1509 5710 1660 5788 ἡμᾶς
1857 5715 1962 5802 γὰρ
1993 5715 2046 5770 ἐν

375 5790 550 5859 Θεῷ)
581 5788 672 5841 καί
703 5792 800 5843 τοῦ
830 5789 888 5844 εὗ
913 5789 1047 5844 εἶναι
1088 5784 1284 5851 αἴτιος.
1319 5788 1480 5856 Quod
1518 5784 1896 5861 repraesentat
1923 5784 2054 5860 ipsa

2168 4857 2883 4934 ιιιιοιξιιεξς]ιιιοιςριτδιιιιίς).⁸
2900 4859 3096 4934 Herus.

2240 4925 3148 5004 (3’3)'EF“?§9FF1~;‘*MWP?§¥-
3200 4927 3440 5004 Ιέφουὲίο
3490 4925 3831 5004 Sophocleaa

2167 5000 2256 5060 illi
2284 5000 2497 5058 similis
2526 5000 2714 5072 UEitip.
2755 5002 2901 5072 Tyr.,
2938 5018 2990 5071 p.
3028 5001 3150 5064 172,
3181 5000 3324 5054 edit.
3359 5000 3560 5070 Steph.

2239 5072 2495 5166 ςῌλαμψε
2521 5070 2750 5156 γὰρθτοῦ
2781 5070 3060 5146 νιφόεντος

2237 5145 2482 5236 ’έρτίωςί
2494 5145 2716 5220 φανεῖσα

2239 5216 2408 5288 Φάμα
2441 5216 2782 5288 Παρνασσοῦ.

2239 5269 2474 5370 ΔἘν
2509 5269 2727 5370 ἀρχῇ...
2759 5269 2821 5338 τὸ
2865 5281 2920 5368 ειῦ
2969 5286 3087 5370 gi)...
3123 5284 3252 5368 Haec
3303 5280 3533 5370 omittit
3569 5280 3714 5370 Nov:
3749 5281 3827 5337 Ea

2169 5351 2394 5416 scilicet
2441 5351 2711 5431 scriptor,
2747 5373 2778 5431 a
2812 5351 3117 5431 prjori'ﬁia
3151 5353 3536 5431 inposterius
3584 5351 3823 5431 oculum

2168 5433 2512 5501 conjiciens,
2539 5423 2836 5502 praeteriit.
2861 5423 3271 5502 Caeterum__his
3305 5423 3521 5479 similia
3553 5424 3825 5494 quaedam

2165 5498 2484 5560 occurrunt
2514 5498 2624 5556 s'ub
2659 5503 2831 5555 linem
2867 5499 3083 5568 Paedag.
3122 5498 3220 5552 lib.
3257 5513 3290 5552 I.

2237 5576 2355 5648 (86)
2390 5570 2458 5631 Οἵ
2481 5577 2693 5648 νεκροῖς
2730 5569 2858 5630 τοὺς
2897 5561 3292 5645 αἰχμαλώτους
3326 5561 3556 5620 συνδεῖν.
3593 5567 3822 5623 Mezen.

2166 5646 2286 5704 tius
2319 5648 2470 5704 idem
2505 5646 2644 5702 fauit
2671 5649 2801 5700 En.
2833 5660 2956 5698 vm.

2308 5793 2521 5848 Mortua
2548 5793 2684 5863 quin
2715 5792 2884 5845 etiam
2908 5788 3175 5860 jungebat
3204 5801 3434 5857 corpora
3464 5785 3624 5842 vivis.
