  <div class='ocr_page' id='page_1' title='image "/cluster/home/n/w/nwhite01/storage/ocr_20150623/8/coo.31924054872878/039.png"; bbox 0 0 4142 6422; ppageno 0'>
   <div class='ocr_carea' id='block_1_1' title="bbox 335 407 3773 474">
    <p class='ocr_par' dir='ltr' id='par_1_1' title="bbox 335 407 3773 474">
     <span class='ocr_line' id='line_1_1' title="bbox 335 407 3773 474; baseline -0.003 0"><span class='ocrx_word' id='word_1_1' title='bbox 335 418 416 474; x_wconf 83' lang='grc'>63</span> <span class='ocrx_word' id='word_1_2' title='bbox 1047 429 1052 432; x_wconf 78' lang='lat'><strong><em>‘</em></strong></span> <span class='ocrx_word' id='word_1_3' title='bbox 1581 411 1991 466; x_wconf 74' lang='lat' dir='ltr'>CLEMENTIS</span> <span class='ocrx_word' id='word_1_4' title='bbox 2028 412 2534 466; x_wconf 72' lang='lat' dir='ltr'>ALEXANDBINI</span> <span class='ocrx_word' id='word_1_5' title='bbox 3697 407 3773 463; x_wconf 73' lang='grc'>64</span> 
     </span>
    </p>
   </div>
   <div class='ocr_carea' id='block_1_2' title="bbox 346 528 2016 606">
    <p class='ocr_par' dir='ltr' id='par_1_2' title="bbox 346 533 1991 606">
     <span class='ocr_line' id='line_1_2' title="bbox 346 533 1991 606; baseline -0.004 -10"><span class='ocrx_word' id='word_1_6' title='bbox 346 539 555 597; x_wconf 89' lang='lat' dir='ltr'>mundi</span> <span class='ocrx_word' id='word_1_7' title='bbox 584 539 759 594; x_wconf 87' lang='lat' dir='ltr'>vitam</span> <span class='ocrx_word' id='word_1_8' title='bbox 793 536 961 593; x_wconf 88' lang='lat' dir='ltr'>nobis</span> <span class='ocrx_word' id='word_1_9' title='bbox 990 535 1050 590; x_wconf 90' lang='lat' dir='ltr'>in</span> <span class='ocrx_word' id='word_1_10' title='bbox 1091 534 1278 606; x_wconf 91' lang='lat' dir='ltr'>prima</span> <span class='ocrx_word' id='word_1_11' title='bbox 1309 534 1602 589; x_wconf 71' lang='lat' dir='ltr'>eieatione</span> <span class='ocrx_word' id='word_1_12' title='bbox 1631 533 1810 598; x_wconf 82' lang='lat' dir='ltr'>dedit,</span> <span class='ocrx_word' id='word_1_13' title='bbox 1845 551 1991 606; x_wconf 69' lang='lat' dir='ltr'>prte-</span> 
     </span>
    </p>
   </div>
   <div class='ocr_carea' id='block_1_3' title="bbox 2125 528 3776 606">
    <p class='ocr_par' dir='ltr' id='par_1_3' title="bbox 2125 528 3776 605">
     <span class='ocr_line' id='line_1_3' title="bbox 2125 528 3776 605; baseline -0.002 -19"><span class='ocrx_word' id='word_1_14' title='bbox 2125 530 2193 586; x_wconf 83' lang='grc' dir='ltr'>ιαὶ</span> <span class='ocrx_word' id='word_1_15' title='bbox 2254 534 2620 586; x_wconf 79' lang='grc' dir='ltr'>συσσαπῶσιν.</span> <span class='ocrx_word' id='word_1_16' title='bbox 2677 531 2734 586; x_wconf 77' lang='lat'>&#39;0</span> <span class='ocrx_word' id='word_1_17' title='bbox 2791 533 2924 605; x_wconf 75' lang='grc' dir='ltr'>γοῦι</span> <span class='ocrx_word' id='word_1_18' title='bbox 2986 531 3234 601; x_wconf 83' lang='grc' dir='ltr'>πονηρὸς</span> <span class='ocrx_word' id='word_1_19' title='bbox 3289 529 3477 585; x_wconf 80' lang='grc' dir='ltr'>οὑτοσὶ</span> <span class='ocrx_word' id='word_1_20' title='bbox 3501 528 3776 605; x_wconf 87' lang='grc' dir='ltr'>τύραννος</span> 
     </span>
    </p>
   </div>
   <div class='ocr_carea' id='block_1_4' title="bbox 348 618 2016 701">
    <p class='ocr_par' dir='ltr' id='par_1_4' title="bbox 348 621 2005 701">
     <span class='ocr_line' id='line_1_4' title="bbox 348 621 2005 701; baseline -0.003 -18"><span class='ocrx_word' id='word_1_21' title='bbox 348 629 601 701; x_wconf 87' lang='lat' dir='ltr'>ceptoris</span> <span class='ocrx_word' id='word_1_22' title='bbox 633 626 839 682; x_wconf 88' lang='lat' dir='ltr'>habitu</span> <span class='ocrx_word' id='word_1_23' title='bbox 873 629 1109 696; x_wconf 91' lang='lat' dir='ltr'>sumpto</span> <span class='ocrx_word' id='word_1_24' title='bbox 1142 624 1288 679; x_wconf 89' lang='lat' dir='ltr'>bene</span> <span class='ocrx_word' id='word_1_25' title='bbox 1319 621 1549 677; x_wconf 87' lang='lat' dir='ltr'>vivendi</span> <span class='ocrx_word' id='word_1_26' title='bbox 1581 622 1860 678; x_wconf 88' lang='lat' dir='ltr'>rationem</span> <span class='ocrx_word' id='word_1_27' title='bbox 1898 639 2005 678; x_wconf 89' lang='lat' dir='ltr'>nos</span> 
     </span>
    </p>
   </div>
   <div class='ocr_carea' id='block_1_5' title="bbox 2125 618 3774 701">
    <p class='ocr_par' dir='ltr' id='par_1_5' title="bbox 2125 618 3774 699">
     <span class='ocr_line' id='line_1_5' title="bbox 2125 618 3774 699; baseline -0.002 -23"><span class='ocrx_word' id='word_1_28' title='bbox 2125 622 2203 676; x_wconf 63' lang='grc' dir='ltr'>καὶ</span> <span class='ocrx_word' id='word_1_29' title='bbox 2265 619 2502 697; x_wconf 87' lang='grc' dir='ltr'>δράκων,</span> <span class='ocrx_word' id='word_1_30' title='bbox 2558 618 2652 685; x_wconf 77' lang='grc' dir='ltr'>οὓς</span> <span class='ocrx_word' id='word_1_31' title='bbox 2704 620 2762 675; x_wconf 83' lang='grc' dir='ltr'>ἂν</span> <span class='ocrx_word' id='word_1_32' title='bbox 2823 620 2940 683; x_wconf 81' lang='grc' dir='ltr'>οἷός</span> <span class='ocrx_word' id='word_1_33' title='bbox 3002 641 3059 675; x_wconf 87' lang='grc' dir='ltr'>τε</span> <span class='ocrx_word' id='word_1_34' title='bbox 3109 618 3192 689; x_wconf 69' lang='grc' dir='ltr'>εἴη</span> <span class='ocrx_word' id='word_1_35' title='bbox 3225 619 3285 675; x_wconf 75' lang='grc' dir='ltr'>ἐκ</span> <span class='ocrx_word' id='word_1_36' title='bbox 3333 626 3554 694; x_wconf 78' lang='grc' dir='ltr'>γενετῆς</span> <span class='ocrx_word' id='word_1_37' title='bbox 3587 640 3774 699; x_wconf 89' lang='grc' dir='ltr'>σφετε-</span> 
     </span>
    </p>
   </div>
   <div class='ocr_carea' id='block_1_6' title="bbox 347 713 2006 788">
    <p class='ocr_par' dir='ltr' id='par_1_6' title="bbox 347 713 2006 788">
     <span class='ocr_line' id='line_1_6' title="bbox 347 713 2006 788; baseline -0.005 -14"><span class='ocrx_word' id='word_1_38' title='bbox 347 718 570 788; x_wconf 89' lang='lat' dir='ltr'>docuit,</span> <span class='ocrx_word' id='word_1_39' title='bbox 591 726 649 772; x_wconf 82' lang='lat' dir='ltr'>ut</span> <span class='ocrx_word' id='word_1_40' title='bbox 675 719 875 788; x_wconf 85' lang='lat' dir='ltr'>postea</span> <span class='ocrx_word' id='word_1_41' title='bbox 901 719 1187 786; x_wconf 87' lang='lat' dir='ltr'>tanquam</span> <span class='ocrx_word' id='word_1_42' title='bbox 1211 713 1365 768; x_wconf 87' lang='lat' dir='ltr'>Deus</span> <span class='ocrx_word' id='word_1_43' title='bbox 1388 716 1660 767; x_wconf 70' lang='lat' dir='ltr'>aeternam</span> <span class='ocrx_word' id='word_1_44' title='bbox 1687 713 1864 768; x_wconf 89' lang='lat' dir='ltr'>vitam</span> <span class='ocrx_word' id='word_1_45' title='bbox 1898 713 2006 767; x_wconf 87' lang='lat' dir='ltr'>lar-</span> 
     </span>
    </p>
   </div>
   <div class='ocr_carea' id='block_1_7' title="bbox 349 800 2006 880">
    <p class='ocr_par' dir='ltr' id='par_1_7' title="bbox 349 800 2006 880">
     <span class='ocr_line' id='line_1_7' title="bbox 349 800 2006 880; baseline -0.004 -17"><span class='ocrx_word' id='word_1_46' title='bbox 349 808 564 880; x_wconf 87' lang='lat' dir='ltr'>giatur.</span> <span class='ocrx_word' id='word_1_47' title='bbox 586 807 638 861; x_wconf 87' lang='lat' dir='ltr'>Is</span> <span class='ocrx_word' id='word_1_48' title='bbox 660 821 794 860; x_wconf 91' lang='lat' dir='ltr'>vero</span> <span class='ocrx_word' id='word_1_49' title='bbox 829 821 944 859; x_wconf 92' lang='lat' dir='ltr'>non</span> <span class='ocrx_word' id='word_1_50' title='bbox 975 808 1065 858; x_wconf 90' lang='lat' dir='ltr'>est</span> <span class='ocrx_word' id='word_1_51' title='bbox 1097 819 1254 858; x_wconf 91' lang='lat' dir='ltr'>nunc</span> <span class='ocrx_word' id='word_1_52' title='bbox 1287 803 1538 873; x_wconf 90' lang='lat' dir='ltr'>primum</span> <span class='ocrx_word' id='word_1_53' title='bbox 1574 802 1788 857; x_wconf 90' lang='lat' dir='ltr'>erroris</span> <span class='ocrx_word' id='word_1_54' title='bbox 1823 800 2006 857; x_wconf 81' lang='lat' dir='ltr'>nostri</span> 
     </span>
    </p>
   </div>
   <div class='ocr_carea' id='block_1_8' title="bbox 347 891 2006 964">
    <p class='ocr_par' dir='ltr' id='par_1_8' title="bbox 347 891 2006 964">
     <span class='ocr_line' id='line_1_8' title="bbox 347 891 2006 964; baseline -0.004 -12"><span class='ocrx_word' id='word_1_55' title='bbox 347 897 651 964; x_wconf 81' lang='lat' dir='ltr'>misertus,</span> <span class='ocrx_word' id='word_1_56' title='bbox 677 894 775 950; x_wconf 86' lang='lat' dir='ltr'>sed</span> <span class='ocrx_word' id='word_1_57' title='bbox 825 893 962 948; x_wconf 89' lang='lat' dir='ltr'>olim</span> <span class='ocrx_word' id='word_1_58' title='bbox 997 910 1029 948; x_wconf 89' lang='lat' dir='ltr'>a</span> <span class='ocrx_word' id='word_1_59' title='bbox 1062 891 1353 964; x_wconf 84' lang='lat' dir='ltr'>principio</span> <span class='ocrx_word' id='word_1_60' title='bbox 1405 891 1639 959; x_wconf 91' lang='lat' dir='ltr'>mundi;</span> <span class='ocrx_word' id='word_1_61' title='bbox 1677 907 1834 946; x_wconf 91' lang='lat' dir='ltr'>nunc</span> <span class='ocrx_word' id='word_1_62' title='bbox 1874 907 2006 946; x_wconf 76' lang='lat' dir='ltr'>vero</span> 
     </span>
    </p>
   </div>
   <div class='ocr_carea' id='block_1_9' title="bbox 345 978 2008 1055">
    <p class='ocr_par' dir='ltr' id='par_1_9' title="bbox 345 978 2008 1055">
     <span class='ocr_line' id='line_1_9' title="bbox 345 978 2008 1055; baseline -0.004 -14"><span class='ocrx_word' id='word_1_63' title='bbox 345 989 581 1042; x_wconf 83' lang='lat' dir='ltr'>tandem</span> <span class='ocrx_word' id='word_1_64' title='bbox 617 999 929 1055; x_wconf 81' lang='lat' dir='ltr'>apparens,</span> <span class='ocrx_word' id='word_1_65' title='bbox 953 981 1244 1053; x_wconf 86' lang='lat' dir='ltr'>perituros</span> <span class='ocrx_word' id='word_1_66' title='bbox 1277 997 1342 1036; x_wconf 86' lang='lat' dir='ltr'>ex</span> <span class='ocrx_word' id='word_1_67' title='bbox 1377 979 1644 1035; x_wconf 80' lang='lat' dir='ltr'>faucibus</span> <span class='ocrx_word' id='word_1_68' title='bbox 1667 979 1824 1034; x_wconf 82' lang='lat' dir='ltr'>exitii</span> <span class='ocrx_word' id='word_1_69' title='bbox 1858 978 2008 1034; x_wconf 86' lang='lat' dir='ltr'>libe-</span> 
     </span>
    </p>
   </div>
   <div class='ocr_carea' id='block_1_10' title="bbox 341 1067 2006 1142">
    <p class='ocr_par' dir='ltr' id='par_1_10' title="bbox 341 1067 2006 1142">
     <span class='ocr_line' id='line_1_10' title="bbox 341 1067 2006 1142; baseline -0.005 -12"><span class='ocrx_word' id='word_1_70' title='bbox 341 1073 517 1130; x_wconf 86' lang='lat' dir='ltr'>ravit.</span> <span class='ocrx_word' id='word_1_71' title='bbox 543 1073 688 1128; x_wconf 87' lang='lat' dir='ltr'>Nam</span> <span class='ocrx_word' id='word_1_72' title='bbox 724 1072 782 1126; x_wconf 93' lang='lat' dir='ltr'>in</span> <span class='ocrx_word' id='word_1_73' title='bbox 816 1071 973 1126; x_wconf 90' lang='lat' dir='ltr'>hunc</span> <span class='ocrx_word' id='word_1_74' title='bbox 1019 1086 1204 1142; x_wconf 91' lang='lat' dir='ltr'>usque</span> <span class='ocrx_word' id='word_1_75' title='bbox 1237 1070 1388 1125; x_wconf 89' lang='lat' dir='ltr'>diem</span> <span class='ocrx_word' id='word_1_76' title='bbox 1427 1069 1728 1142; x_wconf 89' lang='lat' dir='ltr'>malignus</span> <span class='ocrx_word' id='word_1_77' title='bbox 1761 1067 1859 1123; x_wconf 91' lang='lat' dir='ltr'>ille</span> <span class='ocrx_word' id='word_1_78' title='bbox 1885 1084 2006 1123; x_wconf 87' lang='lat' dir='ltr'>ser-</span> 
     </span>
    </p>
   </div>
   <div class='ocr_carea' id='block_1_11' title="bbox 344 1158 2007 1237">
    <p class='ocr_par' dir='ltr' id='par_1_11' title="bbox 344 1158 2007 1237">
     <span class='ocr_line' id='line_1_11' title="bbox 344 1158 2007 1237; baseline -0.005 -18"><span class='ocrx_word' id='word_1_79' title='bbox 344 1180 489 1237; x_wconf 87' lang='lat' dir='ltr'>pens</span> <span class='ocrx_word' id='word_1_80' title='bbox 529 1163 857 1217; x_wconf 86' lang='lat' dir='ltr'>humanum</span> <span class='ocrx_word' id='word_1_81' title='bbox 890 1177 1078 1232; x_wconf 89' lang='lat' dir='ltr'>genus</span> <span class='ocrx_word' id='word_1_82' title='bbox 1119 1158 1581 1232; x_wconf 61' lang='lat' dir='ltr'>praestigiisgsuis</span> <span class='ocrx_word' id='word_1_83' title='bbox 1612 1158 1673 1213; x_wconf 90' lang='lat' dir='ltr'>in</span> <span class='ocrx_word' id='word_1_84' title='bbox 1705 1163 2007 1213; x_wconf 88' lang='lat' dir='ltr'>contume-</span> 
     </span>
    </p>
   </div>
   <div class='ocr_carea' id='block_1_12' title="bbox 345 1247 2012 1318">
    <p class='ocr_par' dir='ltr' id='par_1_12' title="bbox 345 1247 2012 1318">
     <span class='ocr_line' id='line_1_12' title="bbox 345 1247 2012 1318; baseline -0.005 -9"><span class='ocrx_word' id='word_1_85' title='bbox 345 1256 558 1310; x_wconf 90' lang='lat' dir='ltr'>liosam</span> <span class='ocrx_word' id='word_1_86' title='bbox 593 1257 652 1308; x_wconf 89' lang='lat' dir='ltr'>et</span> <span class='ocrx_word' id='word_1_87' title='bbox 684 1249 962 1306; x_wconf 87' lang='lat' dir='ltr'>miseram</span> <span class='ocrx_word' id='word_1_88' title='bbox 1019 1248 1359 1304; x_wconf 81' lang='lat' dir='ltr'>servitutem</span> <span class='ocrx_word' id='word_1_89' title='bbox 1410 1248 1679 1316; x_wconf 90' lang='lat' dir='ltr'>abducit;</span> <span class='ocrx_word' id='word_1_90' title='bbox 1731 1247 2012 1318; x_wconf 64' lang='lat' dir='ltr'>saevitque</span> 
     </span>
    </p>
   </div>
   <div class='ocr_carea' id='block_1_13' title="bbox 350 1336 2012 1408">
    <p class='ocr_par' dir='ltr' id='par_1_13' title="bbox 350 1336 2012 1408">
     <span class='ocr_line' id='line_1_13' title="bbox 350 1336 2012 1408; baseline -0.004 -10"><span class='ocrx_word' id='word_1_91' title='bbox 350 1343 408 1398; x_wconf 93' lang='lat' dir='ltr'>in</span> <span class='ocrx_word' id='word_1_92' title='bbox 443 1359 566 1408; x_wconf 90' lang='lat' dir='ltr'>eos,</span> <span class='ocrx_word' id='word_1_93' title='bbox 593 1345 656 1396; x_wconf 92' lang='lat' dir='ltr'>ut</span> <span class='ocrx_word' id='word_1_94' title='bbox 687 1341 766 1396; x_wconf 90' lang='lat' dir='ltr'>ita</span> <span class='ocrx_word' id='word_1_95' title='bbox 799 1339 1015 1408; x_wconf 87' lang='lat' dir='ltr'>dicam,</span> <span class='ocrx_word' id='word_1_96' title='bbox 1043 1338 1425 1393; x_wconf 87' lang='lat' dir='ltr'>barbarorum</span> <span class='ocrx_word' id='word_1_97' title='bbox 1460 1339 1597 1405; x_wconf 90' lang='lat' dir='ltr'>ritu,</span> <span class='ocrx_word' id='word_1_98' title='bbox 1621 1337 1721 1408; x_wconf 84' lang='lat' dir='ltr'>qui</span> <span class='ocrx_word' id='word_1_99' title='bbox 1755 1336 2012 1408; x_wconf 85' lang='lat' dir='ltr'>captivos</span> 
     </span>
    </p>
   </div>
   <div class='ocr_carea' id='block_1_14' title="bbox 351 1426 2013 1505">
    <p class='ocr_par' dir='ltr' id='par_1_14' title="bbox 351 1426 2013 1505">
     <span class='ocr_line' id='line_1_14' title="bbox 351 1426 2013 1505; baseline -0.006 -18"><span class='ocrx_word' id='word_1_100' title='bbox 351 1448 492 1487; x_wconf 86' lang='lat' dir='ltr'>suos</span> <span class='ocrx_word' id='word_1_101' title='bbox 513 1433 882 1486; x_wconf 85' lang='lat' dir='ltr'>mortuorum</span> <span class='ocrx_word' id='word_1_102' title='bbox 903 1426 1499 1497; x_wconf 90' lang='lat' dir='ltr'>cadaveribus,donec</span> <span class='ocrx_word' id='word_1_103' title='bbox 1519 1443 1633 1481; x_wconf 88' lang='lat' dir='ltr'>una</span> <span class='ocrx_word' id='word_1_104' title='bbox 1653 1430 2013 1505; x_wconf 56' lang='lat' dir='ltr'>putrescant,</span> 
     </span>
    </p>
   </div>
   <div class='ocr_carea' id='block_1_15' title="bbox 352 1514 2018 1592">
    <p class='ocr_par' dir='ltr' id='par_1_15' title="bbox 352 1514 2018 1592">
     <span class='ocr_line' id='line_1_15' title="bbox 352 1514 2018 1592; baseline -0.005 -15"><span class='ocrx_word' id='word_1_105' title='bbox 352 1520 597 1592; x_wconf 78' lang='lat' dir='ltr'>alligare</span> <span class='ocrx_word' id='word_1_106' title='bbox 634 1519 921 1573; x_wconf 89' lang='lat' dir='ltr'>feruntur.</span> <span class='ocrx_word' id='word_1_107' title='bbox 955 1515 1105 1572; x_wconf 85' lang='lat' dir='ltr'>Dum</span> <span class='ocrx_word' id='word_1_108' title='bbox 1140 1515 1294 1571; x_wconf 85' lang='lat' dir='ltr'>enim</span> <span class='ocrx_word' id='word_1_109' title='bbox 1329 1531 1714 1587; x_wconf 90' lang='lat' dir='ltr'>quoscunque</span> <span class='ocrx_word' id='word_1_110' title='bbox 1743 1533 1776 1570; x_wconf 93' lang='lat' dir='ltr'>a</span> <span class='ocrx_word' id='word_1_111' title='bbox 1807 1514 1898 1570; x_wconf 87' lang='lat' dir='ltr'>sui</span> <span class='ocrx_word' id='word_1_112' title='bbox 1929 1532 2018 1570; x_wconf 82' lang='lat' dir='ltr'>or-</span> 
     </span>
    </p>
   </div>
   <div class='ocr_carea' id='block_1_16' title="bbox 341 1605 2017 1682">
    <p class='ocr_par' dir='ltr' id='par_1_16' title="bbox 341 1605 2017 1682">
     <span class='ocr_line' id='line_1_16' title="bbox 341 1605 2017 1682; baseline -0.004 -17"><span class='ocrx_word' id='word_1_113' title='bbox 341 1616 440 1665; x_wconf 90' lang='lat' dir='ltr'>tus</span> <span class='ocrx_word' id='word_1_114' title='bbox 467 1607 756 1682; x_wconf 90' lang='lat' dir='ltr'>principio</span> <span class='ocrx_word' id='word_1_115' title='bbox 777 1608 849 1664; x_wconf 90' lang='lat' dir='ltr'>ad</span> <span class='ocrx_word' id='word_1_116' title='bbox 876 1606 1145 1679; x_wconf 89' lang='lat' dir='ltr'>proprias</span> <span class='ocrx_word' id='word_1_117' title='bbox 1165 1606 1399 1662; x_wconf 82' lang='lat' dir='ltr'>trahere</span> <span class='ocrx_word' id='word_1_118' title='bbox 1418 1610 1610 1678; x_wconf 87' lang='lat' dir='ltr'>partes</span> <span class='ocrx_word' id='word_1_119' title='bbox 1629 1605 1800 1672; x_wconf 89' lang='lat' dir='ltr'>valet,</span> <span class='ocrx_word' id='word_1_120' title='bbox 1816 1605 2017 1660; x_wconf 57' lang='lat' dir='ltr'>crude.</span> 
     </span>
    </p>
   </div>
   <div class='ocr_carea' id='block_1_17' title="bbox 343 1694 2016 1770">
    <p class='ocr_par' dir='ltr' id='par_1_17' title="bbox 343 1694 2016 1770">
     <span class='ocr_line' id='line_1_17' title="bbox 343 1694 2016 1770; baseline -0.004 -16"><span class='ocrx_word' id='word_1_121' title='bbox 343 1699 420 1755; x_wconf 91' lang='lat' dir='ltr'>lis</span> <span class='ocrx_word' id='word_1_122' title='bbox 450 1697 548 1754; x_wconf 92' lang='lat' dir='ltr'>ille</span> <span class='ocrx_word' id='word_1_123' title='bbox 580 1703 870 1770; x_wconf 81' lang='lat' dir='ltr'>tyrannus</span> <span class='ocrx_word' id='word_1_124' title='bbox 900 1701 957 1751; x_wconf 87' lang='lat' dir='ltr'>et</span> <span class='ocrx_word' id='word_1_125' title='bbox 988 1713 1232 1768; x_wconf 82' lang='lat' dir='ltr'>serpens</span> <span class='ocrx_word' id='word_1_126' title='bbox 1284 1696 1352 1750; x_wconf 89' lang='lat' dir='ltr'>ad</span> <span class='ocrx_word' id='word_1_127' title='bbox 1409 1694 1663 1768; x_wconf 86' lang='lat' dir='ltr'>lapides,</span> <span class='ocrx_word' id='word_1_128' title='bbox 1686 1695 1866 1767; x_wconf 83' lang='lat' dir='ltr'>ligna,</span> <span class='ocrx_word' id='word_1_129' title='bbox 1899 1699 2016 1749; x_wconf 91' lang='lat' dir='ltr'>sta-</span> 
     </span>
    </p>
   </div>
   <div class='ocr_carea' id='block_1_18' title="bbox 349 1783 2017 1857">
    <p class='ocr_par' dir='ltr' id='par_1_18' title="bbox 349 1783 2017 1857">
     <span class='ocr_line' id='line_1_18' title="bbox 349 1783 2017 1857; baseline -0.002 -14"><span class='ocrx_word' id='word_1_130' title='bbox 349 1793 508 1854; x_wconf 86' lang='lat' dir='ltr'>tuas,</span> <span class='ocrx_word' id='word_1_131' title='bbox 528 1786 878 1857; x_wconf 84' lang='lat' dir='ltr'>reliquaque</span> <span class='ocrx_word' id='word_1_132' title='bbox 909 1784 1064 1839; x_wconf 89' lang='lat' dir='ltr'>idola</span> <span class='ocrx_word' id='word_1_133' title='bbox 1088 1785 1303 1841; x_wconf 90' lang='lat' dir='ltr'>misero</span> <span class='ocrx_word' id='word_1_134' title='bbox 1327 1785 1764 1856; x_wconf 87' lang='lat' dir='ltr'>superstitionis</span> <span class='ocrx_word' id='word_1_135' title='bbox 1784 1783 2017 1839; x_wconf 90' lang='lat' dir='ltr'>vinculo</span> 
     </span>
    </p>
   </div>
   <div class='ocr_carea' id='block_1_19' title="bbox 349 1873 2018 1947">
    <p class='ocr_par' dir='ltr' id='par_1_19' title="bbox 349 1873 2018 1947">
     <span class='ocr_line' id='line_1_19' title="bbox 349 1873 2018 1947; baseline -0.003 -14"><span class='ocrx_word' id='word_1_136' title='bbox 349 1876 726 1947; x_wconf 83' lang='lat' dir='ltr'>constringit,</span> <span class='ocrx_word' id='word_1_137' title='bbox 778 1891 893 1931; x_wconf 91' lang='lat' dir='ltr'>non</span> <span class='ocrx_word' id='word_1_138' title='bbox 952 1874 1326 1930; x_wconf 85' lang='lat' dir='ltr'>incommode</span> <span class='ocrx_word' id='word_1_139' title='bbox 1374 1873 1609 1945; x_wconf 86' lang='lat' dir='ltr'>dicitur,</span> <span class='ocrx_word' id='word_1_140' title='bbox 1649 1874 1808 1929; x_wconf 78' lang='lat' dir='ltr'>vivos</span> <span class='ocrx_word' id='word_1_141' title='bbox 1858 1889 2018 1929; x_wconf 85' lang='lat' dir='ltr'>com-</span> 
     </span>
    </p>
   </div>
   <div class='ocr_carea' id='block_1_20' title="bbox 347 1963 2014 2030">
    <p class='ocr_par' dir='ltr' id='par_1_20' title="bbox 347 1963 2014 2030">
     <span class='ocr_line' id='line_1_20' title="bbox 347 1963 2014 2030; baseline -0.001 -9"><span class='ocrx_word' id='word_1_142' title='bbox 347 1965 514 2021; x_wconf 87' lang='lat' dir='ltr'>muni</span> <span class='ocrx_word' id='word_1_143' title='bbox 541 1963 770 2020; x_wconf 91' lang='lat' dir='ltr'>tumulo</span> <span class='ocrx_word' id='word_1_144' title='bbox 794 1964 1032 2030; x_wconf 89' lang='lat' dir='ltr'>inferre,</span> <span class='ocrx_word' id='word_1_145' title='bbox 1051 1965 1235 2019; x_wconf 88' lang='lat' dir='ltr'>donec</span> <span class='ocrx_word' id='word_1_146' title='bbox 1259 1981 1378 2018; x_wconf 90' lang='lat' dir='ltr'>una</span> <span class='ocrx_word' id='word_1_147' title='bbox 1400 1979 1533 2019; x_wconf 86' lang='lat' dir='ltr'>cum</span> <span class='ocrx_word' id='word_1_148' title='bbox 1563 1963 1680 2018; x_wconf 89' lang='lat' dir='ltr'>illis</span> <span class='ocrx_word' id='word_1_149' title='bbox 1703 1963 2014 2020; x_wconf 83' lang='lat' dir='ltr'>intereant.</span> 
     </span>
    </p>
   </div>
   <div class='ocr_carea' id='block_1_21' title="bbox 346 2053 2022 2124">
    <p class='ocr_par' dir='ltr' id='par_1_21' title="bbox 346 2053 2022 2124">
     <span class='ocr_line' id='line_1_21' title="bbox 346 2053 2022 2124; baseline -0.001 -14"><span class='ocrx_word' id='word_1_150' title='bbox 346 2054 742 2120; x_wconf 87' lang='lat' dir='ltr'>Quamobrem</span> <span class='ocrx_word' id='word_1_151' title='bbox 777 2054 962 2108; x_wconf 87' lang='lat' dir='ltr'>Evam</span> <span class='ocrx_word' id='word_1_152' title='bbox 998 2053 1137 2108; x_wconf 88' lang='lat' dir='ltr'>olim</span> <span class='ocrx_word' id='word_1_153' title='bbox 1163 2055 1342 2123; x_wconf 91' lang='lat' dir='ltr'>(unus</span> <span class='ocrx_word' id='word_1_154' title='bbox 1374 2053 1587 2108; x_wconf 90' lang='lat' dir='ltr'>etenim</span> <span class='ocrx_word' id='word_1_155' title='bbox 1620 2053 1895 2124; x_wconf 87' lang='lat' dir='ltr'>idemque</span> <span class='ocrx_word' id='word_1_156' title='bbox 1926 2069 2022 2108; x_wconf 90' lang='lat' dir='ltr'>se-</span> 
     </span>
    </p>
   </div>
   <div class='ocr_carea' id='block_1_22' title="bbox 347 2141 2017 2214">
    <p class='ocr_par' dir='ltr' id='par_1_22' title="bbox 347 2141 2017 2214">
     <span class='ocr_line' id='line_1_22' title="bbox 347 2141 2017 2214; baseline -0.001 -15"><span class='ocrx_word' id='word_1_157' title='bbox 347 2145 560 2200; x_wconf 82' lang='lat' dir='ltr'>ductor</span> <span class='ocrx_word' id='word_1_158' title='bbox 591 2143 698 2214; x_wconf 89' lang='lat' dir='ltr'>est)</span> <span class='ocrx_word' id='word_1_159' title='bbox 726 2148 783 2198; x_wconf 89' lang='lat' dir='ltr'>et</span> <span class='ocrx_word' id='word_1_160' title='bbox 810 2142 955 2198; x_wconf 92' lang='lat' dir='ltr'>alios</span> <span class='ocrx_word' id='word_1_161' title='bbox 981 2159 1138 2197; x_wconf 90' lang='lat' dir='ltr'>nunc</span> <span class='ocrx_word' id='word_1_162' title='bbox 1165 2142 1437 2198; x_wconf 88' lang='lat' dir='ltr'>homines</span> <span class='ocrx_word' id='word_1_163' title='bbox 1470 2143 1528 2197; x_wconf 91' lang='lat' dir='ltr'>in</span> <span class='ocrx_word' id='word_1_164' title='bbox 1556 2147 1800 2197; x_wconf 91' lang='lat' dir='ltr'>mortem</span> <span class='ocrx_word' id='word_1_165' title='bbox 1837 2141 2017 2200; x_wconf 88' lang='lat' dir='ltr'>ducit.</span> 
     </span>
    </p>
   </div>
   <div class='ocr_carea' id='block_1_23' title="bbox 353 2230 2016 2304">
    <p class='ocr_par' dir='ltr' id='par_1_23' title="bbox 353 2230 2016 2304">
     <span class='ocr_line' id='line_1_23' title="bbox 353 2230 2016 2304; baseline -0.002 -14"><span class='ocrx_word' id='word_1_166' title='bbox 353 2234 517 2291; x_wconf 89' lang='lat' dir='ltr'>Unus</span> <span class='ocrx_word' id='word_1_167' title='bbox 553 2233 754 2288; x_wconf 88' lang='lat' dir='ltr'>itidem</span> <span class='ocrx_word' id='word_1_168' title='bbox 790 2232 961 2287; x_wconf 89' lang='lat' dir='ltr'>nobis</span> <span class='ocrx_word' id='word_1_169' title='bbox 993 2233 1231 2304; x_wconf 85' lang='lat' dir='ltr'>adjutor</span> <span class='ocrx_word' id='word_1_170' title='bbox 1259 2236 1314 2287; x_wconf 85' lang='lat' dir='ltr'>et</span> <span class='ocrx_word' id='word_1_171' title='bbox 1343 2231 1556 2287; x_wconf 79' lang='lat' dir='ltr'>vindex</span> <span class='ocrx_word' id='word_1_172' title='bbox 1586 2237 1676 2286; x_wconf 90' lang='lat' dir='ltr'>est</span> <span class='ocrx_word' id='word_1_173' title='bbox 1705 2230 2016 2286; x_wconf 61' lang='lat' dir='ltr'>Dominus:</span> 
     </span>
    </p>
   </div>
   <div class='ocr_carea' id='block_1_24' title="bbox 343 2319 2018 2395">
    <p class='ocr_par' dir='ltr' id='par_1_24' title="bbox 343 2319 2018 2395">
     <span class='ocr_line' id='line_1_24' title="bbox 343 2319 2018 2395; baseline -0.002 -17"><span class='ocrx_word' id='word_1_174' title='bbox 343 2323 444 2395; x_wconf 87' lang='lat' dir='ltr'>qui</span> <span class='ocrx_word' id='word_1_175' title='bbox 493 2322 744 2378; x_wconf 89' lang='lat' dir='ltr'>salutem</span> <span class='ocrx_word' id='word_1_176' title='bbox 778 2339 812 2378; x_wconf 91' lang='lat' dir='ltr'>a</span> <span class='ocrx_word' id='word_1_177' title='bbox 843 2321 1135 2394; x_wconf 88' lang='lat' dir='ltr'>principio</span> <span class='ocrx_word' id='word_1_178' title='bbox 1189 2321 1526 2394; x_wconf 87' lang='lat' dir='ltr'>prepbetice</span> <span class='ocrx_word' id='word_1_179' title='bbox 1583 2319 2018 2392; x_wconf 82' lang='lat' dir='ltr'>praenuntiavit,</span> 
     </span>
    </p>
   </div>
   <div class='ocr_carea' id='block_1_25' title="bbox 349 2409 2018 2484">
    <p class='ocr_par' dir='ltr' id='par_1_25' title="bbox 349 2409 2018 2484">
     <span class='ocr_line' id='line_1_25' title="bbox 349 2409 2018 2484; baseline -0.002 -16"><span class='ocrx_word' id='word_1_180' title='bbox 349 2419 408 2468; x_wconf 93' lang='lat' dir='ltr'>et</span> <span class='ocrx_word' id='word_1_181' title='bbox 439 2429 595 2468; x_wconf 91' lang='lat' dir='ltr'>nunc</span> <span class='ocrx_word' id='word_1_182' title='bbox 638 2412 708 2466; x_wconf 92' lang='lat' dir='ltr'>ad</span> <span class='ocrx_word' id='word_1_183' title='bbox 765 2427 894 2467; x_wconf 86' lang='lat' dir='ltr'>eam</span> <span class='ocrx_word' id='word_1_184' title='bbox 927 2412 1403 2484; x_wconf 89' lang='lat' dir='ltr'>consequendam</span> <span class='ocrx_word' id='word_1_185' title='bbox 1457 2416 1655 2482; x_wconf 86' lang='lat' dir='ltr'>aperte</span> <span class='ocrx_word' id='word_1_186' title='bbox 1709 2427 1774 2465; x_wconf 91' lang='lat' dir='ltr'>ac</span> <span class='ocrx_word' id='word_1_187' title='bbox 1824 2409 2018 2482; x_wconf 87' lang='lat' dir='ltr'>palam</span> 
     </span>
    </p>
   </div>
   <div class='ocr_carea' id='block_1_26' title="bbox 349 2500 2018 2573">
    <p class='ocr_par' dir='ltr' id='par_1_26' title="bbox 349 2500 2018 2573">
     <span class='ocr_line' id='line_1_26' title="bbox 349 2500 2018 2573; baseline -0.002 -15"><span class='ocrx_word' id='word_1_188' title='bbox 349 2502 582 2558; x_wconf 86' lang='lat' dir='ltr'>invitat.</span> <span class='ocrx_word' id='word_1_189' title='bbox 608 2501 929 2572; x_wconf 82' lang='lat' dir='ltr'>Fugiamus</span> <span class='ocrx_word' id='word_1_190' title='bbox 980 2500 1180 2573; x_wconf 83' lang='lat' dir='ltr'>igitur,</span> <span class='ocrx_word' id='word_1_191' title='bbox 1216 2500 1480 2570; x_wconf 84' lang='lat' dir='ltr'>Apostoli</span> <span class='ocrx_word' id='word_1_192' title='bbox 1523 2504 1812 2572; x_wconf 62' lang='lat' dir='ltr'>praecepto</span> <span class='ocrx_word' id='word_1_193' title='bbox 1845 2500 2018 2554; x_wconf 88' lang='lat' dir='ltr'>obse-</span> 
     </span>
    </p>
   </div>
   <div class='ocr_carea' id='block_1_27' title="bbox 353 2590 2022 2664">
    <p class='ocr_par' dir='ltr' id='par_1_27' title="bbox 353 2590 2022 2664">
     <span class='ocr_line' id='line_1_27' title="bbox 353 2590 2022 2664; baseline -0.002 -17"><span class='ocrx_word' id='word_1_194' title='bbox 353 2597 622 2664; x_wconf 86' lang='lat' dir='ltr'>quentes,</span> <span class='ocrx_word' id='word_1_195' title='bbox 671 2593 991 2662; x_wconf 74' lang='lat' dir='ltr'>principem</span> <span class='ocrx_word' id='word_1_196' title='bbox 1034 2593 1320 2662; x_wconf 73' lang='lat' dir='ltr'>potestatis</span> <span class='ocrx_word' id='word_1_197' title='bbox 1371 2590 1522 2646; x_wconf 77' lang='lat' dir='ltr'>aeris</span> <span class='ocrx_word' id='word_1_198' title='bbox 1571 2592 1755 2660; x_wconf 71' lang='lat' dir='ltr'>huius,</span> <span class='ocrx_word' id='word_1_199' title='bbox 1789 2592 2022 2662; x_wconf 75' lang='lat' dir='ltr'>spiritus</span> 
     </span>
    </p>
   </div>
   <div class='ocr_carea' id='block_1_28' title="bbox 351 2681 2017 2754">
    <p class='ocr_par' dir='ltr' id='par_1_28' title="bbox 351 2681 2017 2754">
     <span class='ocr_line' id='line_1_28' title="bbox 351 2681 2017 2754; baseline -0.001 -17"><span class='ocrx_word' id='word_1_200' title='bbox 351 2685 449 2754; x_wconf 79' lang='lat' dir='ltr'>qui</span> <span class='ocrx_word' id='word_1_201' title='bbox 479 2698 626 2736; x_wconf 85' lang='lat' dir='ltr'>nunc</span> <span class='ocrx_word' id='word_1_202' title='bbox 655 2685 919 2752; x_wconf 81' lang='lat' dir='ltr'>aperatur</span> <span class='ocrx_word' id='word_1_203' title='bbox 961 2683 1020 2736; x_wconf 83' lang='lat' dir='ltr'>in</span> <span class='ocrx_word' id='word_1_204' title='bbox 1048 2682 1195 2752; x_wconf 78' lang='lat' dir='ltr'>ﬁlios</span> <span class='ocrx_word' id='word_1_205' title='bbox 1230 2681 1576 2753; x_wconf 71' lang='lat' dir='ltr'>difﬁdentiae</span> <span class='ocrx_word' id='word_1_206' title='bbox 1600 2682 1676 2750; x_wconf 81' lang='grc'>¹²;</span> <span class='ocrx_word' id='word_1_207' title='bbox 1711 2687 1768 2737; x_wconf 91' lang='lat' dir='ltr'>et</span> <span class='ocrx_word' id='word_1_208' title='bbox 1797 2682 1866 2737; x_wconf 91' lang='lat' dir='ltr'>ad</span> <span class='ocrx_word' id='word_1_209' title='bbox 1902 2681 2017 2736; x_wconf 92' lang='lat' dir='ltr'>Do-</span> 
     </span>
    </p>
   </div>
   <div class='ocr_carea' id='block_1_29' title="bbox 351 2770 2020 2844">
    <p class='ocr_par' dir='ltr' id='par_1_29' title="bbox 351 2770 2020 2844">
     <span class='ocr_line' id='line_1_29' title="bbox 351 2770 2020 2844; baseline 0 -18"><span class='ocrx_word' id='word_1_210' title='bbox 351 2772 582 2827; x_wconf 90' lang='lat' dir='ltr'>minum</span> <span class='ocrx_word' id='word_1_211' title='bbox 614 2771 982 2826; x_wconf 85' lang='lat' dir='ltr'>Servatorem</span> <span class='ocrx_word' id='word_1_212' title='bbox 1016 2770 1454 2844; x_wconf 80' lang='lat' dir='ltr'>confugiamus,</span> <span class='ocrx_word' id='word_1_213' title='bbox 1482 2771 1583 2842; x_wconf 89' lang='lat' dir='ltr'>qui</span> <span class='ocrx_word' id='word_1_214' title='bbox 1618 2787 1721 2842; x_wconf 92' lang='lat' dir='ltr'>per</span> <span class='ocrx_word' id='word_1_215' title='bbox 1752 2771 2020 2843; x_wconf 88' lang='lat' dir='ltr'>prodigia</span> 
     </span>
    </p>
   </div>
   <div class='ocr_carea' id='block_1_30' title="bbox 353 2859 2019 2932">
    <p class='ocr_par' dir='ltr' id='par_1_30' title="bbox 353 2859 2019 2932">
     <span class='ocr_line' id='line_1_30' title="bbox 353 2859 2019 2932; baseline 0 -17"><span class='ocrx_word' id='word_1_216' title='bbox 353 2865 410 2916; x_wconf 90' lang='lat' dir='ltr'>et</span> <span class='ocrx_word' id='word_1_217' title='bbox 439 2861 611 2932; x_wconf 88' lang='lat' dir='ltr'>signa</span> <span class='ocrx_word' id='word_1_218' title='bbox 641 2876 776 2916; x_wconf 90' lang='lat' dir='ltr'>cum</span> <span class='ocrx_word' id='word_1_219' title='bbox 815 2859 874 2914; x_wconf 90' lang='lat' dir='ltr'>in</span> <span class='ocrx_word' id='word_1_220' title='bbox 907 2861 1174 2932; x_wconf 69' lang='lat' dir='ltr'>Egypto,</span> <span class='ocrx_word' id='word_1_221' title='bbox 1208 2864 1334 2915; x_wconf 90' lang='lat' dir='ltr'>tum</span> <span class='ocrx_word' id='word_1_222' title='bbox 1366 2861 1543 2917; x_wconf 89' lang='lat' dir='ltr'>etiam</span> <span class='ocrx_word' id='word_1_223' title='bbox 1585 2862 1642 2915; x_wconf 91' lang='lat' dir='ltr'>in</span> <span class='ocrx_word' id='word_1_224' title='bbox 1675 2861 1929 2931; x_wconf 89' lang='lat' dir='ltr'>deserto,</span> <span class='ocrx_word' id='word_1_225' title='bbox 1962 2865 2019 2915; x_wconf 92' lang='lat' dir='ltr'>et</span> 
     </span>
    </p>
   </div>
   <div class='ocr_carea' id='block_1_31' title="bbox 357 2949 2018 3022">
    <p class='ocr_par' dir='ltr' id='par_1_31' title="bbox 357 2949 2018 3022">
     <span class='ocr_line' id='line_1_31' title="bbox 357 2949 2018 3022; baseline 0 -18"><span class='ocrx_word' id='word_1_226' title='bbox 357 2965 460 3021; x_wconf 90' lang='lat' dir='ltr'>per</span> <span class='ocrx_word' id='word_1_227' title='bbox 482 2949 718 3016; x_wconf 89' lang='lat' dir='ltr'>rubum;</span> <span class='ocrx_word' id='word_1_228' title='bbox 737 2953 794 3005; x_wconf 90' lang='lat' dir='ltr'>et</span> <span class='ocrx_word' id='word_1_229' title='bbox 817 2950 1056 3018; x_wconf 92' lang='lat' dir='ltr'>nubem,</span> <span class='ocrx_word' id='word_1_230' title='bbox 1076 2954 1140 3017; x_wconf 58' lang='grc' dir='ltr'>ῆι(</span> <span class='ocrx_word' id='word_1_231' title='bbox 1161 2965 1288 3020; x_wconf 70' lang='lat' dir='ltr'>quae</span> <span class='ocrx_word' id='word_1_232' title='bbox 1313 2951 1511 3005; x_wconf 89' lang='lat' dir='ltr'>divina</span> <span class='ocrx_word' id='word_1_233' title='bbox 1534 2949 1723 3022; x_wconf 85' lang='lat' dir='ltr'>gratia</span> <span class='ocrx_word' id='word_1_234' title='bbox 1745 2950 2018 3005; x_wconf 84' lang='lat' dir='ltr'>Hebraeos</span> 
     </span>
    </p>
   </div>
   <div class='ocr_carea' id='block_1_32' title="bbox 349 3037 2016 3110">
    <p class='ocr_par' dir='ltr' id='par_1_32' title="bbox 349 3037 2016 3110">
     <span class='ocr_line' id='line_1_32' title="bbox 349 3037 2016 3110; baseline -0.001 -15"><span class='ocrx_word' id='word_1_235' title='bbox 349 3040 514 3095; x_wconf 89' lang='lat' dir='ltr'>velut</span> <span class='ocrx_word' id='word_1_236' title='bbox 561 3037 755 3092; x_wconf 89' lang='lat' dir='ltr'>ancila</span> <span class='ocrx_word' id='word_1_237' title='bbox 803 3038 1594 3110; x_wconf 53' lang='lat' dir='ltr'>quaedam,sequebatur,fad</span> <span class='ocrx_word' id='word_1_238' title='bbox 1629 3038 1880 3095; x_wconf 84' lang='lat' dir='ltr'>salutem</span> <span class='ocrx_word' id='word_1_239' title='bbox 1926 3038 2016 3093; x_wconf 90' lang='lat' dir='ltr'>in-</span> 
     </span>
    </p>
   </div>
   <div class='ocr_carea' id='block_1_33' title="bbox 355 3127 2017 3200">
    <p class='ocr_par' dir='ltr' id='par_1_33' title="bbox 355 3127 2017 3200">
     <span class='ocr_line' id='line_1_33' title="bbox 355 3127 2017 3200; baseline -0.001 -17"><span class='ocrx_word' id='word_1_240' title='bbox 355 3129 519 3184; x_wconf 90' lang='lat' dir='ltr'>vitat.</span> <span class='ocrx_word' id='word_1_241' title='bbox 543 3131 829 3185; x_wconf 66' lang='lat' dir='ltr'>Cteterum</span> <span class='ocrx_word' id='word_1_242' title='bbox 886 3131 1260 3184; x_wconf 87' lang='lat' dir='ltr'>contumaces</span> <span class='ocrx_word' id='word_1_243' title='bbox 1288 3129 1522 3200; x_wconf 89' lang='lat' dir='ltr'>quidem</span> <span class='ocrx_word' id='word_1_244' title='bbox 1555 3131 1610 3184; x_wconf 91' lang='lat' dir='ltr'>et</span> <span class='ocrx_word' id='word_1_245' title='bbox 1642 3128 1772 3183; x_wconf 90' lang='lat' dir='ltr'>duri</span> <span class='ocrx_word' id='word_1_246' title='bbox 1825 3127 2017 3183; x_wconf 88' lang='lat' dir='ltr'>cordis</span> 
     </span>
    </p>
   </div>
   <div class='ocr_carea' id='block_1_34' title="bbox 349 3217 2013 3292">
    <p class='ocr_par' dir='ltr' id='par_1_34' title="bbox 349 3217 2013 3292">
     <span class='ocr_line' id='line_1_34' title="bbox 349 3217 2013 3292; baseline 0 -18"><span class='ocrx_word' id='word_1_247' title='bbox 349 3217 622 3275; x_wconf 85' lang='lat' dir='ltr'>homines</span> <span class='ocrx_word' id='word_1_248' title='bbox 647 3223 806 3274; x_wconf 91' lang='lat' dir='ltr'>metu</span> <span class='ocrx_word' id='word_1_249' title='bbox 830 3218 1112 3290; x_wconf 90' lang='lat' dir='ltr'>impellit;</span> <span class='ocrx_word' id='word_1_250' title='bbox 1142 3220 1285 3276; x_wconf 88' lang='lat' dir='ltr'>alios</span> <span class='ocrx_word' id='word_1_251' title='bbox 1309 3219 1579 3292; x_wconf 89' lang='lat' dir='ltr'>vero,qui</span> <span class='ocrx_word' id='word_1_252' title='bbox 1603 3220 1847 3276; x_wconf 89' lang='lat' dir='ltr'>auribus</span> <span class='ocrx_word' id='word_1_253' title='bbox 1869 3236 2013 3292; x_wconf 71' lang='lat' dir='ltr'>prie-</span> 
     </span>
    </p>
   </div>
   <div class='ocr_carea' id='block_1_35' title="bbox 2116 707 3778 785">
    <p class='ocr_par' dir='ltr' id='par_1_35' title="bbox 2116 707 3778 785">
     <span class='ocr_line' id='line_1_35' title="bbox 2116 707 3778 785; baseline -0.001 -21"><span class='ocrx_word' id='word_1_254' title='bbox 2116 710 2390 785; x_wconf 83' lang='grc' dir='ltr'>ρίσασθαι,</span> <span class='ocrx_word' id='word_1_255' title='bbox 2423 708 2627 778; x_wconf 82' lang='grc' dir='ltr'>λίθοις,</span> <span class='ocrx_word' id='word_1_256' title='bbox 2658 711 2746 765; x_wconf 83' lang='grc' dir='ltr'>καὶ</span> <span class='ocrx_word' id='word_1_257' title='bbox 2784 709 2986 780; x_wconf 80' lang='grc' dir='ltr'>ξύλοις,</span> <span class='ocrx_word' id='word_1_258' title='bbox 3021 709 3109 764; x_wconf 80' lang='grc' dir='ltr'>καὶ</span> <span class='ocrx_word' id='word_1_259' title='bbox 3141 707 3447 784; x_wconf 83' lang='grc' dir='ltr'>ἀγάλμασι,</span> <span class='ocrx_word' id='word_1_260' title='bbox 3473 708 3563 763; x_wconf 83' lang='grc' dir='ltr'>καὶ</span> <span class='ocrx_word' id='word_1_261' title='bbox 3592 709 3778 763; x_wconf 80' lang='grc' dir='ltr'>τοιού-</span> 
     </span>
    </p>
   </div>
   <div class='ocr_carea' id='block_1_36' title="bbox 2115 795 3777 878">
    <p class='ocr_par' dir='ltr' id='par_1_36' title="bbox 2115 795 3777 878">
     <span class='ocr_line' id='line_1_36' title="bbox 2115 795 3777 878; baseline -0.002 -21"><span class='ocrx_word' id='word_1_262' title='bbox 2115 822 2233 865; x_wconf 89' lang='grc' dir='ltr'>τοις</span> <span class='ocrx_word' id='word_1_263' title='bbox 2285 800 2446 871; x_wconf 81' lang='grc' dir='ltr'>τισὶν,</span> <span class='ocrx_word' id='word_1_264' title='bbox 2509 798 2763 865; x_wconf 82' lang='grc' dir='ltr'>εἰδώλοις</span> <span class='ocrx_word' id='word_1_265' title='bbox 2818 801 3158 878; x_wconf 81' lang='grc' dir='ltr'>προσφίγξας</span> <span class='ocrx_word' id='word_1_266' title='bbox 3215 804 3292 870; x_wconf 80' lang='grc' dir='ltr'>τῷ</span> <span class='ocrx_word' id='word_1_267' title='bbox 3349 795 3777 872; x_wconf 74' lang='grc' dir='ltr'>δεισιδαιμονίας</span> 
     </span>
    </p>
   </div>
   <div class='ocr_carea' id='block_1_37' title="bbox 2118 887 3784 967">
    <p class='ocr_par' dir='ltr' id='par_1_37' title="bbox 2118 887 3784 967">
     <span class='ocr_line' id='line_1_37' title="bbox 2118 887 3784 967; baseline -0.002 -20"><span class='ocrx_word' id='word_1_268' title='bbox 2118 891 2294 965; x_wconf 84' lang='grc' dir='ltr'>ἀθλίῳ</span> <span class='ocrx_word' id='word_1_269' title='bbox 2327 889 2531 965; x_wconf 78' lang='grc' dir='ltr'>δεσμῷ,</span> <span class='ocrx_word' id='word_1_270' title='bbox 2561 895 2723 946; x_wconf 80' lang='grc' dir='ltr'>τοῦτο</span> <span class='ocrx_word' id='word_1_271' title='bbox 2766 888 2832 960; x_wconf 80' lang='grc' dir='ltr'>δὴ</span> <span class='ocrx_word' id='word_1_272' title='bbox 2881 891 2943 946; x_wconf 86' lang='grc' dir='ltr'>τὸ</span> <span class='ocrx_word' id='word_1_273' title='bbox 2995 889 3313 966; x_wconf 78' lang='grc' dir='ltr'>λεγόμενον,</span> <span class='ocrx_word' id='word_1_274' title='bbox 3348 894 3551 959; x_wconf 86' lang='grc' dir='ltr'>ζῶντας</span> <span class='ocrx_word' id='word_1_275' title='bbox 3600 887 3784 967; x_wconf 72' lang='grc' dir='ltr'>ἐπιφέ-</span> 
     </span>
    </p>
   </div>
   <div class='ocr_carea' id='block_1_38' title="bbox 2120 978 3782 1058">
    <p class='ocr_par' dir='ltr' id='par_1_38' title="bbox 2120 978 3782 1058">
     <span class='ocr_line' id='line_1_38' title="bbox 2120 978 3782 1058; baseline -0.003 -21"><span class='ocrx_word' id='word_1_276' title='bbox 2120 1004 2232 1058; x_wconf 85' lang='grc' dir='ltr'>ρων</span> <span class='ocrx_word' id='word_1_277' title='bbox 2274 982 2564 1055; x_wconf 76' lang='grc' dir='ltr'>συνὲθαψεν</span> <span class='ocrx_word' id='word_1_278' title='bbox 2621 982 2809 1043; x_wconf 82' lang='grc' dir='ltr'>αὐτοῖς</span> <span class='ocrx_word' id='word_1_279' title='bbox 2859 983 2992 1055; x_wconf 88' lang='lat'>(87),</span> <span class='ocrx_word' id='word_1_280' title='bbox 3046 978 3154 1035; x_wconf 81' lang='grc' dir='ltr'>ἔστ’</span> <span class='ocrx_word' id='word_1_281' title='bbox 3201 979 3260 1034; x_wconf 74' lang='grc' dir='ltr'>ἂν</span> <span class='ocrx_word' id='word_1_282' title='bbox 3311 979 3400 1034; x_wconf 83' lang='lat' dir='ltr'>xui</span> <span class='ocrx_word' id='word_1_283' title='bbox 3450 982 3782 1056; x_wconf 87' lang='grc' dir='ltr'>συμφθαρῶ-</span> 
     </span>
    </p>
   </div>
   <div class='ocr_carea' id='block_1_39' title="bbox 2123 1067 3782 1146">
    <p class='ocr_par' dir='ltr' id='par_1_39' title="bbox 2123 1067 3782 1146">
     <span class='ocr_line' id='line_1_39' title="bbox 2123 1067 3782 1146; baseline -0.002 -21"><span class='ocrx_word' id='word_1_284' title='bbox 2123 1093 2226 1126; x_wconf 90' lang='grc' dir='ltr'>σιν.</span> <span class='ocrx_word' id='word_1_285' title='bbox 2263 1071 2324 1126; x_wconf 84' lang='grc' dir='ltr'>οὗ</span> <span class='ocrx_word' id='word_1_286' title='bbox 2358 1068 2424 1140; x_wconf 77' lang='grc' dir='ltr'>δὴ</span> <span class='ocrx_word' id='word_1_287' title='bbox 2457 1070 2620 1146; x_wconf 84' lang='grc' dir='ltr'>χάριν</span> <span class='ocrx_word' id='word_1_288' title='bbox 2654 1073 2768 1144; x_wconf 92' lang='grc'>(88)</span> <span class='ocrx_word' id='word_1_289' title='bbox 2799 1071 2896 1140; x_wconf 69' lang='grc' dir='ltr'>(εἷς</span> <span class='ocrx_word' id='word_1_290' title='bbox 2947 1070 3047 1146; x_wconf 78' lang='grc' dir='ltr'>γὰρ</span> <span class='ocrx_word' id='word_1_291' title='bbox 3081 1071 3110 1125; x_wconf 84' lang='grc' dir='ltr'>ὁ</span> <span class='ocrx_word' id='word_1_292' title='bbox 3143 1067 3411 1139; x_wconf 83' lang='grc' dir='ltr'>ἀπατεὼν)</span> <span class='ocrx_word' id='word_1_293' title='bbox 3446 1067 3647 1122; x_wconf 83' lang='grc' dir='ltr'>ἄνωθεν</span> <span class='ocrx_word' id='word_1_294' title='bbox 3685 1067 3782 1140; x_wconf 73' lang='grc' dir='ltr'>μὲν</span> 
     </span>
    </p>
   </div>
   <div class='ocr_carea' id='block_1_40' title="bbox 2123 1155 3786 1231">
    <p class='ocr_par' dir='ltr' id='par_1_40' title="bbox 2123 1155 3786 1231">
     <span class='ocr_line' id='line_1_40' title="bbox 2123 1155 3786 1231; baseline -0.004 -15"><span class='ocrx_word' id='word_1_295' title='bbox 2123 1162 2223 1230; x_wconf 78' lang='grc' dir='ltr'>τήν</span> <span class='ocrx_word' id='word_1_296' title='bbox 2259 1157 2424 1230; x_wconf 74' lang='grc' dir='ltr'>Εὕαν,</span> <span class='ocrx_word' id='word_1_297' title='bbox 2457 1165 2550 1215; x_wconf 79' lang='grc' dir='ltr'>νῦν</span> <span class='ocrx_word' id='word_1_298' title='bbox 2583 1157 2640 1215; x_wconf 78' lang='grc' dir='ltr'>δὲ</span> <span class='ocrx_word' id='word_1_299' title='bbox 2668 1158 2778 1230; x_wconf 66' lang='grc' dir='ltr'>ἤδη</span> <span class='ocrx_word' id='word_1_300' title='bbox 2813 1159 2903 1215; x_wconf 81' lang='grc' dir='ltr'>καὶ</span> <span class='ocrx_word' id='word_1_301' title='bbox 2953 1158 3081 1220; x_wconf 81' lang='grc' dir='ltr'>τοὺς</span> <span class='ocrx_word' id='word_1_302' title='bbox 3119 1156 3326 1220; x_wconf 77' lang='grc' dir='ltr'>ἄλλους</span> <span class='ocrx_word' id='word_1_303' title='bbox 3357 1158 3682 1231; x_wconf 79' lang='grc' dir='ltr'>ἀνθρώπους</span> <span class='ocrx_word' id='word_1_304' title='bbox 3709 1155 3786 1220; x_wconf 79' lang='grc' dir='ltr'>εἰς</span> 
     </span>
    </p>
   </div>
   <div class='ocr_carea' id='block_1_41' title="bbox 2125 1246 3786 1329">
    <p class='ocr_par' dir='ltr' id='par_1_41' title="bbox 2125 1246 3786 1329">
     <span class='ocr_line' id='line_1_41' title="bbox 2125 1246 3786 1329; baseline -0.002 -24"><span class='ocrx_word' id='word_1_305' title='bbox 2125 1252 2356 1306; x_wconf 87' lang='grc' dir='ltr'>θάνατον</span> <span class='ocrx_word' id='word_1_306' title='bbox 2410 1251 2720 1329; x_wconf 70' lang='grc' dir='ltr'>ὑποφέρων·</span> <span class='ocrx_word' id='word_1_307' title='bbox 2772 1250 2848 1310; x_wconf 81' lang='grc' dir='ltr'>εἷς</span> <span class='ocrx_word' id='word_1_308' title='bbox 2893 1250 2981 1304; x_wconf 81' lang='grc' dir='ltr'>καὶ</span> <span class='ocrx_word' id='word_1_309' title='bbox 3013 1248 3175 1311; x_wconf 80' lang='grc' dir='ltr'>αὐτὸς</span> <span class='ocrx_word' id='word_1_310' title='bbox 3205 1246 3498 1322; x_wconf 76' lang='grc' dir='ltr'>ἐπίκουρος</span> <span class='ocrx_word' id='word_1_311' title='bbox 3523 1247 3612 1303; x_wconf 84' lang='lat' dir='ltr'>xui</span> <span class='ocrx_word' id='word_1_312' title='bbox 3650 1247 3786 1322; x_wconf 82' lang='grc' dir='ltr'>βοη-</span> 
     </span>
    </p>
   </div>
   <div class='ocr_carea' id='block_1_42' title="bbox 2123 1338 3787 1416">
    <p class='ocr_par' dir='ltr' id='par_1_42' title="bbox 2123 1338 3787 1416">
     <span class='ocr_line' id='line_1_42' title="bbox 2123 1338 3787 1416; baseline -0.004 -20"><span class='ocrx_word' id='word_1_313' title='bbox 2123 1342 2215 1408; x_wconf 80' lang='grc' dir='ltr'>θὸς</span> <span class='ocrx_word' id='word_1_314' title='bbox 2267 1343 2404 1415; x_wconf 74' lang='grc' dir='ltr'>ἡμῖν</span> <span class='ocrx_word' id='word_1_315' title='bbox 2441 1340 2468 1394; x_wconf 86' lang='grc' dir='ltr'>ὁ</span> <span class='ocrx_word' id='word_1_316' title='bbox 2520 1339 2748 1416; x_wconf 83' lang='grc' dir='ltr'>Κύριος,</span> <span class='ocrx_word' id='word_1_317' title='bbox 2799 1338 3172 1414; x_wconf 81' lang='grc' dir='ltr'>προσμηνύων</span> <span class='ocrx_word' id='word_1_318' title='bbox 3227 1340 3343 1412; x_wconf 84' lang='grc'>(89)</span> <span class='ocrx_word' id='word_1_319' title='bbox 3375 1338 3616 1414; x_wconf 80' lang='grc' dir='ltr'>ἀρχῆθεν</span> <span class='ocrx_word' id='word_1_320' title='bbox 3645 1356 3787 1412; x_wconf 89' lang='grc' dir='ltr'>προ-</span> 
     </span>
    </p>
   </div>
   <div class='ocr_carea' id='block_1_43' title="bbox 2127 1427 3789 1510">
    <p class='ocr_par' dir='ltr' id='par_1_43' title="bbox 2127 1427 3789 1510">
     <span class='ocr_line' id='line_1_43' title="bbox 2127 1427 3789 1510; baseline -0.004 -24"><span class='ocrx_word' id='word_1_321' title='bbox 2127 1435 2396 1510; x_wconf 76' lang='grc' dir='ltr'>φητικῶς,</span> <span class='ocrx_word' id='word_1_322' title='bbox 2450 1434 2542 1485; x_wconf 77' lang='grc' dir='ltr'>νῦν</span> <span class='ocrx_word' id='word_1_323' title='bbox 2577 1427 2635 1485; x_wconf 72' lang='grc' dir='ltr'>δὲ</span> <span class='ocrx_word' id='word_1_324' title='bbox 2661 1427 2772 1500; x_wconf 69' lang='grc' dir='ltr'>ἤδη</span> <span class='ocrx_word' id='word_1_325' title='bbox 2818 1427 2906 1485; x_wconf 83' lang='grc' dir='ltr'>καὶ</span> <span class='ocrx_word' id='word_1_326' title='bbox 2962 1428 3196 1504; x_wconf 78' lang='grc' dir='ltr'>ἐναργῶς</span> <span class='ocrx_word' id='word_1_327' title='bbox 3242 1427 3318 1490; x_wconf 80' lang='grc' dir='ltr'>εἷς</span> <span class='ocrx_word' id='word_1_328' title='bbox 3366 1427 3638 1502; x_wconf 83' lang='grc' dir='ltr'>σωτηρίαν</span> <span class='ocrx_word' id='word_1_329' title='bbox 3687 1447 3789 1481; x_wconf 86' lang='grc' dir='ltr'>πα-</span> 
     </span>
    </p>
   </div>
   <div class='ocr_carea' id='block_1_44' title="bbox 2127 1516 3792 1598">
    <p class='ocr_par' dir='ltr' id='par_1_44' title="bbox 2127 1516 3792 1598">
     <span class='ocr_line' id='line_1_44' title="bbox 2127 1516 3792 1598; baseline -0.003 -22"><span class='ocrx_word' id='word_1_330' title='bbox 2127 1521 2405 1598; x_wconf 86' lang='grc' dir='ltr'>ρακαλῶν.</span> <span class='ocrx_word' id='word_1_331' title='bbox 2468 1521 2740 1596; x_wconf 83' lang='grc' dir='ltr'>Φύγωμεν</span> <span class='ocrx_word' id='word_1_332' title='bbox 2772 1518 2885 1588; x_wconf 76' lang='grc' dir='ltr'>οὖν,</span> <span class='ocrx_word' id='word_1_333' title='bbox 2929 1516 3272 1592; x_wconf 78' lang='grc' dir='ltr'>ἀποστολικῇ</span> <span class='ocrx_word' id='word_1_334' title='bbox 3322 1517 3635 1592; x_wconf 77' lang='grc' dir='ltr'>πειθόμενοι</span> <span class='ocrx_word' id='word_1_335' title='bbox 3685 1537 3792 1572; x_wconf 87' lang='grc' dir='ltr'>πα-</span> 
     </span>
    </p>
   </div>
   <div class='ocr_carea' id='block_1_45' title="bbox 2128 1608 3793 1688">
    <p class='ocr_par' dir='ltr' id='par_1_45' title="bbox 2128 1608 3793 1688">
     <span class='ocr_line' id='line_1_45' title="bbox 2128 1608 3793 1688; baseline -0.004 -21"><span class='ocrx_word' id='word_1_336' title='bbox 2128 1611 2412 1688; x_wconf 70' lang='grc' dir='ltr'>ραγγελία.</span> <span class='ocrx_word' id='word_1_337' title='bbox 2447 1612 2554 1669; x_wconf 86' lang='grc' dir='ltr'>Τὸν</span> <span class='ocrx_word' id='word_1_338' title='bbox 2607 1609 2848 1687; x_wconf 74' lang='grc' dir='ltr'>ἄρχοντα</span> <span class='ocrx_word' id='word_1_339' title='bbox 2889 1613 2991 1676; x_wconf 81' lang='grc' dir='ltr'>τῆς</span> <span class='ocrx_word' id='word_1_340' title='bbox 3043 1608 3286 1680; x_wconf 79' lang='grc' dir='ltr'>ἐξουσίας</span> <span class='ocrx_word' id='word_1_341' title='bbox 3329 1612 3427 1663; x_wconf 79' lang='grc' dir='ltr'>τοῦ</span> <span class='ocrx_word' id='word_1_342' title='bbox 3459 1609 3638 1682; x_wconf 83' lang='grc' dir='ltr'>ἀερος,</span> <span class='ocrx_word' id='word_1_343' title='bbox 3694 1611 3793 1661; x_wconf 78' lang='grc' dir='ltr'>τοῦ</span> 
     </span>
    </p>
   </div>
   <div class='ocr_carea' id='block_1_46' title="bbox 2129 1697 3794 1775">
    <p class='ocr_par' dir='ltr' id='par_1_46' title="bbox 2129 1697 3794 1775">
     <span class='ocr_line' id='line_1_46' title="bbox 2129 1697 3794 1775; baseline -0.004 -19"><span class='ocrx_word' id='word_1_344' title='bbox 2129 1702 2436 1775; x_wconf 85' lang='grc' dir='ltr'>πνεύματος</span> <span class='ocrx_word' id='word_1_345' title='bbox 2492 1705 2589 1754; x_wconf 68' lang='grc' dir='ltr'>τοῦ</span> <span class='ocrx_word' id='word_1_346' title='bbox 2647 1704 2739 1754; x_wconf 79' lang='grc' dir='ltr'>νῦν</span> <span class='ocrx_word' id='word_1_347' title='bbox 2815 1698 3161 1774; x_wconf 75' lang='grc' dir='ltr'>ἐνεργοῦντος</span> <span class='ocrx_word' id='word_1_348' title='bbox 3216 1697 3268 1751; x_wconf 79' lang='grc' dir='ltr'>ἐν</span> <span class='ocrx_word' id='word_1_349' title='bbox 3322 1702 3440 1760; x_wconf 80' lang='grc' dir='ltr'>τοῖς</span> <span class='ocrx_word' id='word_1_350' title='bbox 3499 1697 3639 1760; x_wconf 76' lang='grc' dir='ltr'>υἱοῖς</span> <span class='ocrx_word' id='word_1_351' title='bbox 3693 1703 3794 1764; x_wconf 79' lang='grc' dir='ltr'>τῆς</span> 
     </span>
    </p>
   </div>
   <div class='ocr_carea' id='block_1_47' title="bbox 2128 1784 3794 1864">
    <p class='ocr_par' dir='ltr' id='par_1_47' title="bbox 2128 1784 3794 1864">
     <span class='ocr_line' id='line_1_47' title="bbox 2128 1784 3794 1864; baseline -0.004 -18"><span class='ocrx_word' id='word_1_352' title='bbox 2128 1791 2419 1853; x_wconf 73' lang='grc' dir='ltr'>ἀπειθείας·</span> <span class='ocrx_word' id='word_1_353' title='bbox 2473 1790 2564 1845; x_wconf 87' lang='grc' dir='ltr'>καὶ</span> <span class='ocrx_word' id='word_1_354' title='bbox 2596 1795 2676 1862; x_wconf 80' lang='grc' dir='ltr'>τῷ</span> <span class='ocrx_word' id='word_1_355' title='bbox 2710 1793 2929 1864; x_wconf 81' lang='grc' dir='ltr'>Σωτῆρι</span> <span class='ocrx_word' id='word_1_356' title='bbox 2960 1793 3040 1860; x_wconf 79' lang='grc' dir='ltr'>τῷ</span> <span class='ocrx_word' id='word_1_357' title='bbox 3084 1787 3276 1864; x_wconf 82' lang='grc' dir='ltr'>Κυρίῳ</span> <span class='ocrx_word' id='word_1_358' title='bbox 3323 1784 3794 1862; x_wconf 85' lang='grc' dir='ltr'>προσδράμωμεν,</span> 
     </span>
    </p>
   </div>
   <div class='ocr_carea' id='block_1_48' title="bbox 2131 1873 3793 1953">
    <p class='ocr_par' dir='ltr' id='par_1_48' title="bbox 2131 1873 3793 1953">
     <span class='ocr_line' id='line_1_48' title="bbox 2131 1873 3793 1953; baseline -0.004 -17"><span class='ocrx_word' id='word_1_359' title='bbox 2131 1882 2191 1943; x_wconf 82' lang='grc' dir='ltr'>ὃς</span> <span class='ocrx_word' id='word_1_360' title='bbox 2234 1881 2323 1935; x_wconf 88' lang='lat' dir='ltr'>xui</span> <span class='ocrx_word' id='word_1_361' title='bbox 2359 1884 2448 1934; x_wconf 79' lang='grc' dir='ltr'>νῦν</span> <span class='ocrx_word' id='word_1_362' title='bbox 2481 1878 2571 1934; x_wconf 85' lang='grc' dir='ltr'>καὶ</span> <span class='ocrx_word' id='word_1_363' title='bbox 2601 1878 2683 1934; x_wconf 83' lang='grc' dir='ltr'>ἀεὶ</span> <span class='ocrx_word' id='word_1_364' title='bbox 2715 1875 3050 1953; x_wconf 69' lang='grc' dir='ltr'>προῦτρεπεν</span> <span class='ocrx_word' id='word_1_365' title='bbox 3083 1877 3158 1939; x_wconf 79' lang='grc' dir='ltr'>εἷς</span> <span class='ocrx_word' id='word_1_366' title='bbox 3186 1875 3484 1951; x_wconf 74' lang='grc' dir='ltr'>σωτηρίαν,</span> <span class='ocrx_word' id='word_1_367' title='bbox 3519 1873 3608 1931; x_wconf 82' lang='grc' dir='ltr'>διὰ</span> <span class='ocrx_word' id='word_1_368' title='bbox 3633 1876 3793 1950; x_wconf 81' lang='grc' dir='ltr'>τερά-</span> 
     </span>
    </p>
   </div>
   <div class='ocr_carea' id='block_1_49' title="bbox 2129 1962 3794 2042">
    <p class='ocr_par' dir='ltr' id='par_1_49' title="bbox 2129 1962 3794 2042">
     <span class='ocr_line' id='line_1_49' title="bbox 2129 1962 3794 2042; baseline -0.003 -17"><span class='ocrx_word' id='word_1_369' title='bbox 2129 1991 2236 2025; x_wconf 88' lang='grc' dir='ltr'>των</span> <span class='ocrx_word' id='word_1_370' title='bbox 2291 1969 2382 2024; x_wconf 81' lang='lat' dir='ltr'>xui</span> <span class='ocrx_word' id='word_1_371' title='bbox 2409 1967 2656 2042; x_wconf 71' lang='grc' dir='ltr'>σημείων</span> <span class='ocrx_word' id='word_1_372' title='bbox 2691 1968 2743 2024; x_wconf 78' lang='grc' dir='ltr'>ἐν</span> <span class='ocrx_word' id='word_1_373' title='bbox 2778 1967 3047 2042; x_wconf 66' lang='grc' dir='ltr'>Αἲγύπτῳ</span> <span class='ocrx_word' id='word_1_374' title='bbox 3093 1967 3182 2022; x_wconf 79' lang='lat' dir='ltr'>xui</span> <span class='ocrx_word' id='word_1_375' title='bbox 3233 1965 3284 2020; x_wconf 85' lang='grc' dir='ltr'>ἐν</span> <span class='ocrx_word' id='word_1_376' title='bbox 3338 1964 3556 2041; x_wconf 68' lang='grc' dir='ltr'>ἐρήμῳ·</span> <span class='ocrx_word' id='word_1_377' title='bbox 3615 1962 3704 2019; x_wconf 85' lang='grc' dir='ltr'>διά</span> <span class='ocrx_word' id='word_1_378' title='bbox 3734 1985 3794 2020; x_wconf 89' lang='grc' dir='ltr'>τε</span> 
     </span>
    </p>
   </div>
   <div class='ocr_carea' id='block_1_50' title="bbox 2127 2054 3791 2134">
    <p class='ocr_par' dir='ltr' id='par_1_50' title="bbox 2127 2054 3791 2134">
     <span class='ocr_line' id='line_1_50' title="bbox 2127 2054 3791 2134; baseline -0.004 -19"><span class='ocrx_word' id='word_1_379' title='bbox 2127 2067 2227 2130; x_wconf 84' lang='grc' dir='ltr'>τῆς</span> <span class='ocrx_word' id='word_1_380' title='bbox 2281 2059 2472 2134; x_wconf 73' lang='grc' dir='ltr'>βάτον,</span> <span class='ocrx_word' id='word_1_381' title='bbox 2523 2058 2616 2113; x_wconf 86' lang='grc' dir='ltr'>καὶ</span> <span class='ocrx_word' id='word_1_382' title='bbox 2663 2065 2763 2127; x_wconf 78' lang='grc' dir='ltr'>τῆς</span> <span class='ocrx_word' id='word_1_383' title='bbox 2795 2055 3209 2127; x_wconf 79' lang='grc' dir='ltr'>ἀκολουθούσης</span> <span class='ocrx_word' id='word_1_384' title='bbox 3259 2057 3446 2131; x_wconf 85' lang='grc' dir='ltr'>χάριτι</span> <span class='ocrx_word' id='word_1_385' title='bbox 3477 2054 3791 2131; x_wconf 81' lang='grc' dir='ltr'>φιλανθρω-</span> 
     </span>
    </p>
   </div>
   <div class='ocr_carea' id='block_1_51' title="bbox 2129 2140 3793 2225">
    <p class='ocr_par' dir='ltr' id='par_1_51' title="bbox 2129 2140 3793 2225">
     <span class='ocr_line' id='line_1_51' title="bbox 2129 2140 3793 2225; baseline -0.006 -21"><span class='ocrx_word' id='word_1_386' title='bbox 2129 2149 2282 2217; x_wconf 89' lang='grc' dir='ltr'>πίας,</span> <span class='ocrx_word' id='word_1_387' title='bbox 2343 2146 2673 2225; x_wconf 70' lang='grc' dir='ltr'>θεραπαίνης</span> <span class='ocrx_word' id='word_1_388' title='bbox 2737 2144 2896 2217; x_wconf 83' lang='grc' dir='ltr'>δίκην</span> <span class='ocrx_word' id='word_1_389' title='bbox 2952 2140 3226 2220; x_wconf 76' lang='grc' dir='ltr'>Ἑϐραίοις</span> <span class='ocrx_word' id='word_1_390' title='bbox 3283 2143 3538 2222; x_wconf 75' lang='grc' dir='ltr'>νεφέλης.</span> <span class='ocrx_word' id='word_1_391' title='bbox 3597 2141 3793 2216; x_wconf 85' lang='grc' dir='ltr'>Τούτῳ</span> 
     </span>
    </p>
   </div>
   <div class='ocr_carea' id='block_1_52' title="bbox 2135 2230 3789 2315">
    <p class='ocr_par' dir='ltr' id='par_1_52' title="bbox 2135 2230 3789 2315">
     <span class='ocr_line' id='line_1_52' title="bbox 2135 2230 3789 2315; baseline -0.004 -22"><span class='ocrx_word' id='word_1_392' title='bbox 2135 2240 2228 2312; x_wconf 76' lang='grc' dir='ltr'>μὲν</span> <span class='ocrx_word' id='word_1_393' title='bbox 2287 2235 2353 2307; x_wconf 73' lang='grc' dir='ltr'>δὴ</span> <span class='ocrx_word' id='word_1_394' title='bbox 2407 2241 2487 2309; x_wconf 81' lang='grc' dir='ltr'>τῷ</span> <span class='ocrx_word' id='word_1_395' title='bbox 2536 2231 2693 2315; x_wconf 77' lang='grc' dir='ltr'>φόϐῳ</span> <span class='ocrx_word' id='word_1_396' title='bbox 2740 2235 2867 2298; x_wconf 78' lang='grc' dir='ltr'>τοὺς</span> <span class='ocrx_word' id='word_1_397' title='bbox 2916 2232 3388 2309; x_wconf 84' lang='grc' dir='ltr'>σκληροκαρδίους</span> <span class='ocrx_word' id='word_1_398' title='bbox 3435 2230 3789 2307; x_wconf 75' lang='grc' dir='ltr'>προῦτρεπενο</span> 
     </span>
    </p>
   </div>
   <div class='ocr_carea' id='block_1_53' title="bbox 2129 2321 3794 2402">
    <p class='ocr_par' dir='ltr' id='par_1_53' title="bbox 2129 2321 3794 2402">
     <span class='ocr_line' id='line_1_53' title="bbox 2129 2321 3794 2402; baseline -0.004 -19"><span class='ocrx_word' id='word_1_399' title='bbox 2129 2328 2238 2398; x_wconf 77' lang='grc' dir='ltr'>ἤδη</span> <span class='ocrx_word' id='word_1_400' title='bbox 2274 2325 2332 2382; x_wconf 81' lang='grc' dir='ltr'>δὶ</span> <span class='ocrx_word' id='word_1_401' title='bbox 2359 2328 2447 2382; x_wconf 85' lang='lat' dir='ltr'>xui</span> <span class='ocrx_word' id='word_1_402' title='bbox 2484 2324 2575 2380; x_wconf 74' lang='grc' dir='ltr'>διὰ</span> <span class='ocrx_word' id='word_1_403' title='bbox 2604 2327 2884 2387; x_wconf 78' lang='grc' dir='ltr'>Μωϋοέως</span> <span class='ocrx_word' id='word_1_404' title='bbox 2913 2329 3010 2380; x_wconf 80' lang='grc' dir='ltr'>τοῦ</span> <span class='ocrx_word' id='word_1_405' title='bbox 3041 2325 3346 2402; x_wconf 86' lang='grc' dir='ltr'>πανσόφου,</span> <span class='ocrx_word' id='word_1_406' title='bbox 3386 2321 3477 2378; x_wconf 80' lang='grc' dir='ltr'>καὶ</span> <span class='ocrx_word' id='word_1_407' title='bbox 3503 2326 3600 2377; x_wconf 80' lang='grc' dir='ltr'>τοῦ</span> <span class='ocrx_word' id='word_1_408' title='bbox 3630 2321 3794 2400; x_wconf 85' lang='grc' dir='ltr'>φιλα-</span> 
     </span>
    </p>
   </div>
   <div class='ocr_carea' id='block_1_54' title="bbox 2131 2409 3793 2490">
    <p class='ocr_par' dir='ltr' id='par_1_54' title="bbox 2131 2409 3793 2490">
     <span class='ocr_line' id='line_1_54' title="bbox 2131 2409 3793 2490; baseline -0.006 -16"><span class='ocrx_word' id='word_1_409' title='bbox 2131 2417 2338 2488; x_wconf 76' lang='grc' dir='ltr'>λήθους</span> <span class='ocrx_word' id='word_1_410' title='bbox 2379 2414 2628 2473; x_wconf 73' lang='grc' dir='ltr'>Ἢσαίουι</span> <span class='ocrx_word' id='word_1_411' title='bbox 2679 2415 2768 2470; x_wconf 78' lang='lat' dir='ltr'>xui</span> <span class='ocrx_word' id='word_1_412' title='bbox 2818 2415 3018 2476; x_wconf 87' lang='grc' dir='ltr'>παντὸς</span> <span class='ocrx_word' id='word_1_413' title='bbox 3069 2416 3166 2468; x_wconf 76' lang='grc' dir='ltr'>τοῦ</span> <span class='ocrx_word' id='word_1_414' title='bbox 3214 2409 3560 2490; x_wconf 79' lang='grc' dir='ltr'>προφητικοῦ</span> <span class='ocrx_word' id='word_1_415' title='bbox 3595 2414 3793 2486; x_wconf 78' lang='grc' dir='ltr'>χοροῦ,</span> 
     </span>
    </p>
   </div>
   <div class='ocr_carea' id='block_1_55' title="bbox 2130 2498 3796 2582">
    <p class='ocr_par' dir='ltr' id='par_1_55' title="bbox 2130 2498 3796 2582">
     <span class='ocr_line' id='line_1_55' title="bbox 2130 2498 3796 2582; baseline -0.004 -20"><span class='ocrx_word' id='word_1_416' title='bbox 2130 2503 2621 2582; x_wconf 85' lang='grc' dir='ltr'>λογικώτερονέπί</span> <span class='ocrx_word' id='word_1_417' title='bbox 2669 2505 2760 2560; x_wconf 86' lang='grc' dir='ltr'>τὸν</span> <span class='ocrx_word' id='word_1_418' title='bbox 2813 2503 2992 2579; x_wconf 85' lang='grc' dir='ltr'>Λόγον</span> <span class='ocrx_word' id='word_1_419' title='bbox 3042 2502 3349 2580; x_wconf 73' lang='grc' dir='ltr'>ἐπιστρέφει</span> <span class='ocrx_word' id='word_1_420' title='bbox 3379 2500 3506 2564; x_wconf 81' lang='grc' dir='ltr'>τοὺς</span> <span class='ocrx_word' id='word_1_421' title='bbox 3563 2500 3630 2556; x_wconf 83' lang='grc' dir='ltr'>τὰ</span> <span class='ocrx_word' id='word_1_422' title='bbox 3680 2498 3796 2555; x_wconf 86' lang='grc' dir='ltr'>ὦτα</span> 
     </span>
    </p>
   </div>
   <div class='ocr_carea' id='block_1_56' title="bbox 2131 2585 3794 2669">
    <p class='ocr_par' dir='ltr' id='par_1_56' title="bbox 2131 2585 3794 2669">
     <span class='ocr_line' id='line_1_56' title="bbox 2131 2585 3794 2669; baseline -0.005 -18"><span class='ocrx_word' id='word_1_423' title='bbox 2131 2596 2516 2669; x_wconf 68' lang='grc' dir='ltr'>κεκτημένους·</span> <span class='ocrx_word' id='word_1_424' title='bbox 2563 2593 2652 2650; x_wconf 86' lang='grc' dir='ltr'>καὶ</span> <span class='ocrx_word' id='word_1_425' title='bbox 2701 2591 2810 2648; x_wconf 76' lang='grc' dir='ltr'>ἔσθ’</span> <span class='ocrx_word' id='word_1_426' title='bbox 2855 2594 2964 2662; x_wconf 83' lang='grc' dir='ltr'>ὅπη</span> <span class='ocrx_word' id='word_1_427' title='bbox 3017 2592 3110 2665; x_wconf 78' lang='grc' dir='ltr'>μὶν</span> <span class='ocrx_word' id='word_1_428' title='bbox 3161 2588 3524 2661; x_wconf 77' lang='grc' dir='ltr'>λοιδορεῖται·</span> <span class='ocrx_word' id='word_1_429' title='bbox 3571 2587 3710 2644; x_wconf 84' lang='grc' dir='ltr'>ἔστιν</span> <span class='ocrx_word' id='word_1_430' title='bbox 3747 2585 3794 2643; x_wconf 86' lang='grc' dir='ltr'>δ’</span> 
     </span>
    </p>
   </div>
   <div class='ocr_carea' id='block_1_57' title="bbox 2132 2678 3788 2756">
    <p class='ocr_par' dir='ltr' id='par_1_57' title="bbox 2132 2678 3788 2756">
     <span class='ocr_line' id='line_1_57' title="bbox 2132 2678 3788 2756; baseline -0.006 -14"><span class='ocrx_word' id='word_1_431' title='bbox 2132 2687 2194 2742; x_wconf 82' lang='grc' dir='ltr'>οὗ</span> <span class='ocrx_word' id='word_1_432' title='bbox 2226 2685 2315 2742; x_wconf 80' lang='grc' dir='ltr'>καὶ</span> <span class='ocrx_word' id='word_1_433' title='bbox 2367 2685 2600 2741; x_wconf 83' lang='grc' dir='ltr'>ἀπειλεῖ·</span> <span class='ocrx_word' id='word_1_434' title='bbox 2647 2686 2774 2746; x_wconf 81' lang='grc' dir='ltr'>τοὺς</span> <span class='ocrx_word' id='word_1_435' title='bbox 2820 2680 2878 2737; x_wconf 65' lang='grc' dir='ltr'>δὲ</span> <span class='ocrx_word' id='word_1_436' title='bbox 2921 2682 3010 2737; x_wconf 71' lang='grc' dir='ltr'>καὶ</span> <span class='ocrx_word' id='word_1_437' title='bbox 3061 2685 3251 2756; x_wconf 74' lang='grc' dir='ltr'>θρηνεῖ</span> <span class='ocrx_word' id='word_1_438' title='bbox 3301 2685 3408 2736; x_wconf 90' lang='grc' dir='ltr'>τῶν</span> <span class='ocrx_word' id='word_1_439' title='bbox 3457 2678 3788 2754; x_wconf 84' lang='grc' dir='ltr'>ἀνθρώπων·</span> 
     </span>
    </p>
   </div>
   <div class='ocr_carea' id='block_1_58' title="bbox 2129 2767 3788 2848">
    <p class='ocr_par' dir='ltr' id='par_1_58' title="bbox 2129 2767 3788 2848">
     <span class='ocr_line' id='line_1_58' title="bbox 2129 2767 3788 2848; baseline -0.005 -18"><span class='ocrx_word' id='word_1_440' title='bbox 2129 2773 2244 2848; x_wconf 75' lang='grc' dir='ltr'>ᾅδει</span> <span class='ocrx_word' id='word_1_441' title='bbox 2278 2773 2336 2830; x_wconf 74' lang='grc' dir='ltr'>δὲ</span> <span class='ocrx_word' id='word_1_442' title='bbox 2368 2772 2585 2844; x_wconf 77' lang='grc' dir='ltr'>ἄλλοις,</span> <span class='ocrx_word' id='word_1_443' title='bbox 2617 2774 2856 2848; x_wconf 86' lang='grc' dir='ltr'>καθάπερ</span> <span class='ocrx_word' id='word_1_444' title='bbox 2889 2770 3071 2846; x_wconf 77' lang='grc' dir='ltr'>ἰατρὸς</span> <span class='ocrx_word' id='word_1_445' title='bbox 3123 2771 3346 2846; x_wconf 84' lang='grc' dir='ltr'>ἀγαθὸς,</span> <span class='ocrx_word' id='word_1_446' title='bbox 3403 2773 3512 2824; x_wconf 89' lang='grc' dir='ltr'>τῶν</span> <span class='ocrx_word' id='word_1_447' title='bbox 3552 2767 3788 2823; x_wconf 88' lang='grc' dir='ltr'>νοσούν-</span> 
     </span>
    </p>
   </div>
   <div class='ocr_carea' id='block_1_59' title="bbox 2127 2855 3791 2938">
    <p class='ocr_par' dir='ltr' id='par_1_59' title="bbox 2127 2855 3791 2938">
     <span class='ocr_line' id='line_1_59' title="bbox 2127 2855 3791 2938; baseline -0.007 -16"><span class='ocrx_word' id='word_1_448' title='bbox 2127 2887 2234 2922; x_wconf 91' lang='grc' dir='ltr'>των</span> <span class='ocrx_word' id='word_1_449' title='bbox 2271 2864 2540 2938; x_wconf 85' lang='grc' dir='ltr'>σωμάτων</span> <span class='ocrx_word' id='word_1_450' title='bbox 2567 2863 2634 2918; x_wconf 74' lang='grc' dir='ltr'>τὰ</span> <span class='ocrx_word' id='word_1_451' title='bbox 2668 2862 2762 2934; x_wconf 76' lang='grc' dir='ltr'>μὶν</span> <span class='ocrx_word' id='word_1_452' title='bbox 2813 2859 3230 2931; x_wconf 75' lang='grc' dir='ltr'>καταπλάττων,</span> <span class='ocrx_word' id='word_1_453' title='bbox 3283 2859 3349 2914; x_wconf 83' lang='grc' dir='ltr'>τὰ</span> <span class='ocrx_word' id='word_1_454' title='bbox 3397 2855 3454 2913; x_wconf 73' lang='grc' dir='ltr'>δὲ</span> <span class='ocrx_word' id='word_1_455' title='bbox 3495 2855 3791 2914; x_wconf 89' lang='grc' dir='ltr'>καταλεαί-</span> 
     </span>
    </p>
   </div>
   <div class='ocr_carea' id='block_1_60' title="bbox 2127 2945 3789 3024">
    <p class='ocr_par' dir='ltr' id='par_1_60' title="bbox 2127 2945 3789 3024">
     <span class='ocr_line' id='line_1_60' title="bbox 2127 2945 3789 3024; baseline -0.004 -15"><span class='ocrx_word' id='word_1_456' title='bbox 2127 2976 2258 3024; x_wconf 88' lang='grc' dir='ltr'>νων,</span> <span class='ocrx_word' id='word_1_457' title='bbox 2290 2953 2357 3008; x_wconf 77' lang='grc' dir='ltr'>τά</span> <span class='ocrx_word' id='word_1_458' title='bbox 2387 2952 2444 3008; x_wconf 75' lang='grc' dir='ltr'>δὲ</span> <span class='ocrx_word' id='word_1_459' title='bbox 2471 2951 2810 3007; x_wconf 85' lang='grc' dir='ltr'>καταντλῶν·</span> <span class='ocrx_word' id='word_1_460' title='bbox 2841 2949 2909 3004; x_wconf 77' lang='grc' dir='ltr'>τὰ</span> <span class='ocrx_word' id='word_1_461' title='bbox 2935 2947 2993 3004; x_wconf 75' lang='grc' dir='ltr'>δὲ</span> <span class='ocrx_word' id='word_1_462' title='bbox 3021 2953 3110 3004; x_wconf 90' lang='lat' dir='ltr'>xui</span> <span class='ocrx_word' id='word_1_463' title='bbox 3145 2945 3358 3023; x_wconf 75' lang='grc' dir='ltr'>σιδήρῳ</span> <span class='ocrx_word' id='word_1_464' title='bbox 3389 2945 3634 3023; x_wconf 80' lang='grc' dir='ltr'>διαιρῶν,</span> <span class='ocrx_word' id='word_1_465' title='bbox 3670 2947 3789 3002; x_wconf 80' lang='grc' dir='ltr'>ἐπι-</span> 
     </span>
    </p>
   </div>
   <div class='ocr_carea' id='block_1_61' title="bbox 2127 3035 3786 3116">
    <p class='ocr_par' dir='ltr' id='par_1_61' title="bbox 2127 3035 3786 3116">
     <span class='ocr_line' id='line_1_61' title="bbox 2127 3035 3786 3116; baseline -0.004 -18"><span class='ocrx_word' id='word_1_466' title='bbox 2127 3039 2389 3116; x_wconf 32' lang='grc' dir='ltr'>καίωνμδὶ</span> <span class='ocrx_word' id='word_1_467' title='bbox 2418 3039 2584 3113; x_wconf 80' lang='grc' dir='ltr'>ἄλλα,</span> <span class='ocrx_word' id='word_1_468' title='bbox 2633 3038 2743 3095; x_wconf 78' lang='grc' dir='ltr'>ἔστι</span> <span class='ocrx_word' id='word_1_469' title='bbox 2777 3037 2826 3093; x_wconf 81' lang='grc' dir='ltr'>δ’</span> <span class='ocrx_word' id='word_1_470' title='bbox 2855 3038 2916 3094; x_wconf 81' lang='grc' dir='ltr'>οὗ</span> <span class='ocrx_word' id='word_1_471' title='bbox 2967 3039 3056 3094; x_wconf 88' lang='lat' dir='ltr'>xui</span> <span class='ocrx_word' id='word_1_472' title='bbox 3103 3037 3413 3114; x_wconf 88' lang='grc' dir='ltr'>ἀποπρίων,</span> <span class='ocrx_word' id='word_1_473' title='bbox 3442 3035 3496 3092; x_wconf 81' lang='grc' dir='ltr'>εἷ’</span> <span class='ocrx_word' id='word_1_474' title='bbox 3519 3058 3639 3099; x_wconf 89' lang='grc' dir='ltr'>πως</span> <span class='ocrx_word' id='word_1_475' title='bbox 3668 3037 3786 3092; x_wconf 83' lang='grc' dir='ltr'>οἶόν</span> 
     </span>
    </p>
   </div>
   <div class='ocr_carea' id='block_1_62' title="bbox 2125 3124 3786 3206">
    <p class='ocr_par' dir='ltr' id='par_1_62' title="bbox 2125 3124 3786 3206">
     <span class='ocr_line' id='line_1_62' title="bbox 2125 3124 3786 3206; baseline -0.004 -19"><span class='ocrx_word' id='word_1_476' title='bbox 2125 3153 2184 3188; x_wconf 87' lang='grc' dir='ltr'>τε</span> <span class='ocrx_word' id='word_1_477' title='bbox 2239 3129 2334 3186; x_wconf 73' lang='grc' dir='ltr'>κᾶν</span> <span class='ocrx_word' id='word_1_478' title='bbox 2363 3129 2510 3206; x_wconf 83' lang='grc' dir='ltr'>παρά</span> <span class='ocrx_word' id='word_1_479' title='bbox 2559 3130 2722 3203; x_wconf 78' lang='grc' dir='ltr'>μέρος</span> <span class='ocrx_word' id='word_1_480' title='bbox 2765 3127 2800 3197; x_wconf 71' lang='grc' dir='ltr'><strong>ἢ</strong></span> <span class='ocrx_word' id='word_1_481' title='bbox 2855 3126 3158 3201; x_wconf 64' lang='grc' dir='ltr'>μέλοςξτὸν</span> <span class='ocrx_word' id='word_1_482' title='bbox 3208 3124 3486 3202; x_wconf 76' lang='grc' dir='ltr'>ἄνθρωπεν</span> <span class='ocrx_word' id='word_1_483' title='bbox 3551 3127 3786 3203; x_wconf 80' lang='grc' dir='ltr'>ὑγιᾶναι.</span> 
     </span>
    </p>
   </div>
   <div class='ocr_carea' id='block_1_63' title="bbox 2129 3215 3791 3298">
    <p class='ocr_par' dir='ltr' id='par_1_63' title="bbox 2129 3215 3791 3298">
     <span class='ocr_line' id='line_1_63' title="bbox 2129 3215 3791 3298; baseline -0.004 -21"><span class='ocrx_word' id='word_1_484' title='bbox 2129 3220 2464 3298; x_wconf 87' lang='grc' dir='ltr'>Πολύφωνός</span> <span class='ocrx_word' id='word_1_485' title='bbox 2495 3239 2559 3294; x_wconf 90' lang='grc' dir='ltr'>γε</span> <span class='ocrx_word' id='word_1_486' title='bbox 2585 3219 2614 3272; x_wconf 86' lang='grc' dir='ltr'>ὁ</span> <span class='ocrx_word' id='word_1_487' title='bbox 2647 3219 2845 3291; x_wconf 77' lang='grc' dir='ltr'>Σωτὴρ</span> <span class='ocrx_word' id='word_1_488' title='bbox 2875 3218 2962 3272; x_wconf 88' lang='lat' dir='ltr'>xui</span> <span class='ocrx_word' id='word_1_489' title='bbox 2992 3215 3344 3293; x_wconf 88' lang='grc' dir='ltr'>πολύτροπος</span> <span class='ocrx_word' id='word_1_490' title='bbox 3377 3217 3452 3279; x_wconf 87' lang='grc' dir='ltr'>εἰς</span> <span class='ocrx_word' id='word_1_491' title='bbox 3485 3217 3791 3291; x_wconf 85' lang='grc' dir='ltr'>ἀνθρώπων</span> 
     </span>
    </p>
   </div>
   <div class='ocr_carea' id='block_1_64' title="bbox 346 3281 2016 3386">
    <p class='ocr_par' dir='ltr' id='par_1_64' title="bbox 346 3281 2012 3381">
     <span class='ocr_line' id='line_1_64' title="bbox 346 3281 2012 3381; baseline -0.001 -17"><span class='ocrx_word' id='word_1_492' title='bbox 346 3309 453 3364; x_wconf 92' lang='lat' dir='ltr'>dili</span> <span class='ocrx_word' id='word_1_493' title='bbox 484 3313 649 3378; x_wconf 89' lang='lat' dir='ltr'>sunt,</span> <span class='ocrx_word' id='word_1_494' title='bbox 673 3325 775 3380; x_wconf 89' lang='lat' dir='ltr'>per</span> <span class='ocrx_word' id='word_1_495' title='bbox 805 3281 1039 3381; x_wconf 54' lang='lat' dir='ltr'>Movsen</span> <span class='ocrx_word' id='word_1_496' title='bbox 1071 3281 1240 3365; x_wconf 84' lang='lat' dir='ltr'>illum</span> <span class='ocrx_word' id='word_1_497' title='bbox 1272 3281 1572 3380; x_wconf 72' lang='lat' dir='ltr'>sapientiae</span> <span class='ocrx_word' id='word_1_498' title='bbox 1600 3309 1794 3365; x_wconf 88' lang='lat' dir='ltr'>omnis</span> <span class='ocrx_word' id='word_1_499' title='bbox 1824 3281 2012 3380; x_wconf 72' lang='lat' dir='ltr'>Inagi-</span> 
     </span>
    </p>
   </div>
   <div class='ocr_carea' id='block_1_65' title="bbox 2125 3281 3789 3386">
    <p class='ocr_par' dir='ltr' id='par_1_65' title="bbox 2130 3281 3789 3386">
     <span class='ocr_line' id='line_1_65' title="bbox 2130 3281 3789 3386; baseline -0.004 -20"><span class='ocrx_word' id='word_1_500' title='bbox 2130 3281 2428 3386; x_wconf 79' lang='grc' dir='ltr'>σωτηρίαν·</span> <span class='ocrx_word' id='word_1_501' title='bbox 2505 3281 2746 3363; x_wconf 83' lang='grc' dir='ltr'>ἀπειλῶν</span> <span class='ocrx_word' id='word_1_502' title='bbox 2817 3281 3085 3370; x_wconf 70' lang='grc' dir='ltr'>νουθετεῖ·</span> <span class='ocrx_word' id='word_1_503' title='bbox 3161 3281 3596 3380; x_wconf 74' lang='grc' dir='ltr'>λοιδορούμενος</span> <span class='ocrx_word' id='word_1_504' title='bbox 3668 3303 3789 3360; x_wconf 85' lang='grc' dir='ltr'>ἐπι-</span> 
     </span>
    </p>
   </div>
   <div class='ocr_carea' id='block_1_66' title="bbox 347 3396 2014 3468">
    <p class='ocr_par' dir='ltr' id='par_1_66' title="bbox 347 3396 2014 3468">
     <span class='ocr_line' id='line_1_66' title="bbox 347 3396 2014 3468; baseline -0.003 -13"><span class='ocrx_word' id='word_1_505' title='bbox 347 3403 562 3463; x_wconf 89' lang='lat' dir='ltr'>strum,</span> <span class='ocrx_word' id='word_1_506' title='bbox 596 3412 699 3468; x_wconf 91' lang='lat' dir='ltr'>per</span> <span class='ocrx_word' id='word_1_507' title='bbox 729 3396 941 3453; x_wconf 87' lang='lat' dir='ltr'>Isaiam</span> <span class='ocrx_word' id='word_1_508' title='bbox 975 3398 1239 3453; x_wconf 84' lang='lat' dir='ltr'>veritatis</span> <span class='ocrx_word' id='word_1_509' title='bbox 1269 3399 1578 3462; x_wconf 89' lang='lat' dir='ltr'>cultorem,</span> <span class='ocrx_word' id='word_1_510' title='bbox 1601 3404 1660 3454; x_wconf 89' lang='lat' dir='ltr'>et</span> <span class='ocrx_word' id='word_1_511' title='bbox 1692 3414 1794 3468; x_wconf 91' lang='lat' dir='ltr'>per</span> <span class='ocrx_word' id='word_1_512' title='bbox 1828 3403 2014 3452; x_wconf 90' lang='lat' dir='ltr'>totum</span> 
     </span>
    </p>
   </div>
   <div class='ocr_carea' id='block_1_67' title="bbox 351 3485 2014 3560">
    <p class='ocr_par' dir='ltr' id='par_1_67' title="bbox 351 3485 2014 3560">
     <span class='ocr_line' id='line_1_67' title="bbox 351 3485 2014 3560; baseline -0.002 -18"><span class='ocrx_word' id='word_1_513' title='bbox 351 3485 759 3560; x_wconf 88' lang='lat' dir='ltr'>propheticum</span> <span class='ocrx_word' id='word_1_514' title='bbox 810 3485 1056 3541; x_wconf 90' lang='lat' dir='ltr'>chorum</span> <span class='ocrx_word' id='word_1_515' title='bbox 1088 3487 1278 3559; x_wconf 83' lang='lat' dir='ltr'>magis</span> <span class='ocrx_word' id='word_1_516' title='bbox 1311 3487 1584 3543; x_wconf 87' lang='lat' dir='ltr'>rationali</span> <span class='ocrx_word' id='word_1_517' title='bbox 1634 3485 1910 3543; x_wconf 88' lang='lat' dir='ltr'>methodo</span> <span class='ocrx_word' id='word_1_518' title='bbox 1943 3485 2014 3540; x_wconf 90' lang='lat' dir='ltr'>ad</span> 
     </span>
    </p>
   </div>
   <div class='ocr_carea' id='block_1_68' title="bbox 348 3574 2017 3648">
    <p class='ocr_par' dir='ltr' id='par_1_68' title="bbox 348 3574 2017 3648">
     <span class='ocr_line' id='line_1_68' title="bbox 348 3574 2017 3648; baseline -0.002 -16"><span class='ocrx_word' id='word_1_519' title='bbox 348 3577 638 3633; x_wconf 80' lang='lat' dir='ltr'>rationem</span> <span class='ocrx_word' id='word_1_520' title='bbox 672 3592 775 3630; x_wconf 89' lang='lat' dir='ltr'>seu</span> <span class='ocrx_word' id='word_1_521' title='bbox 810 3575 1072 3638; x_wconf 80' lang='lat' dir='ltr'>Verbum</span> <span class='ocrx_word' id='word_1_522' title='bbox 1106 3577 1412 3633; x_wconf 89' lang='lat' dir='ltr'>convertit.</span> <span class='ocrx_word' id='word_1_523' title='bbox 1458 3575 1786 3648; x_wconf 85' lang='lat' dir='ltr'>Aliquando</span> <span class='ocrx_word' id='word_1_524' title='bbox 1820 3574 2017 3631; x_wconf 85' lang='lat' dir='ltr'>convi-</span> 
     </span>
    </p>
   </div>
   <div class='ocr_carea' id='block_1_69' title="bbox 351 3663 2016 3735">
    <p class='ocr_par' dir='ltr' id='par_1_69' title="bbox 351 3663 2016 3735">
     <span class='ocr_line' id='line_1_69' title="bbox 351 3663 2016 3735; baseline -0.001 -15"><span class='ocrx_word' id='word_1_525' title='bbox 351 3665 451 3720; x_wconf 91' lang='lat' dir='ltr'>tiis</span> <span class='ocrx_word' id='word_1_526' title='bbox 486 3665 706 3732; x_wconf 88' lang='lat' dir='ltr'>utitur;</span> <span class='ocrx_word' id='word_1_527' title='bbox 739 3669 830 3719; x_wconf 86' lang='lat' dir='ltr'>est</span> <span class='ocrx_word' id='word_1_528' title='bbox 861 3665 958 3719; x_wconf 90' lang='lat' dir='ltr'>ubi</span> <span class='ocrx_word' id='word_1_529' title='bbox 992 3670 1048 3720; x_wconf 89' lang='lat' dir='ltr'>et</span> <span class='ocrx_word' id='word_1_530' title='bbox 1078 3667 1291 3735; x_wconf 88' lang='lat' dir='ltr'>minis;</span> <span class='ocrx_word' id='word_1_531' title='bbox 1326 3665 1433 3722; x_wconf 91' lang='lat' dir='ltr'>hos</span> <span class='ocrx_word' id='word_1_532' title='bbox 1466 3666 1620 3722; x_wconf 89' lang='lat' dir='ltr'>idem</span> <span class='ocrx_word' id='word_1_533' title='bbox 1654 3665 1849 3731; x_wconf 84' lang='lat' dir='ltr'>deﬂet,</span> <span class='ocrx_word' id='word_1_534' title='bbox 1884 3663 2016 3720; x_wconf 90' lang='lat' dir='ltr'>illos</span> 
     </span>
    </p>
   </div>
   <div class='ocr_carea' id='block_1_70' title="bbox 350 3753 2016 3827">
    <p class='ocr_par' dir='ltr' id='par_1_70' title="bbox 350 3753 2016 3827">
     <span class='ocr_line' id='line_1_70' title="bbox 350 3753 2016 3827; baseline -0.002 -16"><span class='ocrx_word' id='word_1_535' title='bbox 350 3759 528 3811; x_wconf 90' lang='lat' dir='ltr'>cantu</span> <span class='ocrx_word' id='word_1_536' title='bbox 566 3755 902 3809; x_wconf 87' lang='lat' dir='ltr'>demulcet:</span> <span class='ocrx_word' id='word_1_537' title='bbox 931 3753 1108 3810; x_wconf 88' lang='lat' dir='ltr'>veluti</span> <span class='ocrx_word' id='word_1_538' title='bbox 1141 3755 1377 3827; x_wconf 88' lang='lat' dir='ltr'>sapiens</span> <span class='ocrx_word' id='word_1_539' title='bbox 1409 3756 1675 3810; x_wconf 89' lang='lat' dir='ltr'>medicus</span> <span class='ocrx_word' id='word_1_540' title='bbox 1704 3753 1848 3809; x_wconf 91' lang='lat' dir='ltr'>alios</span> <span class='ocrx_word' id='word_1_541' title='bbox 1882 3753 2016 3824; x_wconf 91' lang='lat' dir='ltr'>qui-</span> 
     </span>
    </p>
   </div>
   <div class='ocr_carea' id='block_1_71' title="bbox 355 3842 2012 3916">
    <p class='ocr_par' dir='ltr' id='par_1_71' title="bbox 355 3842 2012 3916">
     <span class='ocr_line' id='line_1_71' title="bbox 355 3842 2012 3916; baseline -0.002 -16"><span class='ocrx_word' id='word_1_542' title='bbox 355 3845 485 3900; x_wconf 87' lang='lat' dir='ltr'>dem</span> <span class='ocrx_word' id='word_1_543' title='bbox 509 3859 692 3912; x_wconf 77' lang='lat' dir='ltr'>aegros</span> <span class='ocrx_word' id='word_1_544' title='bbox 718 3842 1425 3916; x_wconf 62' lang='lat' dir='ltr'>cataplasmatibus,alios</span> <span class='ocrx_word' id='word_1_545' title='bbox 1447 3843 1900 3916; x_wconf 82' lang='lat' dir='ltr'>purgationibus</span> <span class='ocrx_word' id='word_1_546' title='bbox 1921 3852 2012 3897; x_wconf 83' lang='lat' dir='ltr'>cu&#39;</span> 
     </span>
    </p>
   </div>
   <div class='ocr_carea' id='block_1_72' title="bbox 353 3931 2016 4002">
    <p class='ocr_par' dir='ltr' id='par_1_72' title="bbox 353 3931 2016 4002">
     <span class='ocr_line' id='line_1_72' title="bbox 353 3931 2016 4002; baseline 0 -14"><span class='ocrx_word' id='word_1_547' title='bbox 353 3937 478 4000; x_wconf 83' lang='lat' dir='ltr'>rat;</span> <span class='ocrx_word' id='word_1_548' title='bbox 503 3931 648 3988; x_wconf 88' lang='lat' dir='ltr'>alios</span> <span class='ocrx_word' id='word_1_549' title='bbox 669 3932 943 3988; x_wconf 81' lang='lat' dir='ltr'>fomentis</span> <span class='ocrx_word' id='word_1_550' title='bbox 957 3932 1204 4001; x_wconf 88' lang='lat' dir='ltr'>emollit,</span> <span class='ocrx_word' id='word_1_551' title='bbox 1219 3932 1367 3988; x_wconf 89' lang='lat' dir='ltr'>alios</span> <span class='ocrx_word' id='word_1_552' title='bbox 1389 3933 1539 3990; x_wconf 87' lang='lat' dir='ltr'>ferro</span> <span class='ocrx_word' id='word_1_553' title='bbox 1563 3933 1849 4002; x_wconf 90' lang='lat' dir='ltr'>lancinat;</span> <span class='ocrx_word' id='word_1_554' title='bbox 1875 3937 2016 3990; x_wconf 89' lang='lat' dir='ltr'>sunt</span> 
     </span>
    </p>
   </div>
   <div class='ocr_carea' id='block_1_73' title="bbox 355 4021 2012 4092">
    <p class='ocr_par' dir='ltr' id='par_1_73' title="bbox 355 4021 2012 4092">
     <span class='ocr_line' id='line_1_73' title="bbox 355 4021 2012 4092; baseline 0 -16"><span class='ocrx_word' id='word_1_555' title='bbox 355 4021 530 4078; x_wconf 89' lang='lat' dir='ltr'>etiam</span> <span class='ocrx_word' id='word_1_556' title='bbox 564 4037 712 4091; x_wconf 91' lang='lat' dir='ltr'>quos</span> <span class='ocrx_word' id='word_1_557' title='bbox 760 4021 980 4088; x_wconf 90' lang='lat' dir='ltr'>adurit,</span> <span class='ocrx_word' id='word_1_558' title='bbox 1001 4027 1059 4077; x_wconf 92' lang='lat' dir='ltr'>et</span> <span class='ocrx_word' id='word_1_559' title='bbox 1087 4022 1307 4092; x_wconf 89' lang='lat' dir='ltr'>quibus</span> <span class='ocrx_word' id='word_1_560' title='bbox 1338 4022 1720 4078; x_wconf 87' lang='lat' dir='ltr'>resectionem</span> <span class='ocrx_word' id='word_1_561' title='bbox 1754 4023 2012 4092; x_wconf 87' lang='lat' dir='ltr'>adhibet,</span> 
     </span>
    </p>
   </div>
   <div class='ocr_carea' id='block_1_74' title="bbox 354 4110 2016 4184">
    <p class='ocr_par' dir='ltr' id='par_1_74' title="bbox 354 4110 2016 4184">
     <span class='ocr_line' id='line_1_74' title="bbox 354 4110 2016 4184; baseline 0.001 -18"><span class='ocrx_word' id='word_1_562' title='bbox 354 4110 404 4166; x_wconf 86' lang='lat' dir='ltr'>si</span> <span class='ocrx_word' id='word_1_563' title='bbox 433 4126 548 4181; x_wconf 92' lang='lat' dir='ltr'>qua</span> <span class='ocrx_word' id='word_1_564' title='bbox 567 4110 792 4166; x_wconf 86' lang='lat' dir='ltr'>ratione</span> <span class='ocrx_word' id='word_1_565' title='bbox 812 4110 1058 4166; x_wconf 88' lang='lat' dir='ltr'>humani</span> <span class='ocrx_word' id='word_1_566' title='bbox 1075 4111 1337 4184; x_wconf 90' lang='lat' dir='ltr'>corporis</span> <span class='ocrx_word' id='word_1_567' title='bbox 1358 4110 1532 4167; x_wconf 90' lang='lat' dir='ltr'>alicui</span> <span class='ocrx_word' id='word_1_568' title='bbox 1558 4113 1705 4183; x_wconf 90' lang='lat' dir='ltr'>parti</span> <span class='ocrx_word' id='word_1_569' title='bbox 1721 4113 1811 4168; x_wconf 90' lang='lat' dir='ltr'>vel</span> <span class='ocrx_word' id='word_1_570' title='bbox 1836 4128 2016 4169; x_wconf 91' lang='lat' dir='ltr'>mem-</span> 
     </span>
    </p>
   </div>
   <div class='ocr_carea' id='block_1_75' title="bbox 357 4199 2014 4272">
    <p class='ocr_par' dir='ltr' id='par_1_75' title="bbox 357 4199 2014 4272">
     <span class='ocr_line' id='line_1_75' title="bbox 357 4199 2014 4272; baseline 0.002 -16"><span class='ocrx_word' id='word_1_571' title='bbox 357 4200 459 4256; x_wconf 90' lang='lat' dir='ltr'>bro</span> <span class='ocrx_word' id='word_1_572' title='bbox 497 4200 723 4255; x_wconf 85' lang='lat' dir='ltr'>sanitas</span> <span class='ocrx_word' id='word_1_573' title='bbox 773 4199 1001 4254; x_wconf 87' lang='lat' dir='ltr'>restitui</span> <span class='ocrx_word' id='word_1_574' title='bbox 1055 4200 1273 4272; x_wconf 87' lang='lat' dir='ltr'>possit;</span> <span class='ocrx_word' id='word_1_575' title='bbox 1307 4200 1496 4256; x_wconf 89' lang='lat' dir='ltr'>varias</span> <span class='ocrx_word' id='word_1_576' title='bbox 1543 4202 1698 4258; x_wconf 90' lang='lat' dir='ltr'>enim</span> <span class='ocrx_word' id='word_1_577' title='bbox 1749 4203 2014 4262; x_wconf 86' lang='lat' dir='ltr'>Salvator</span> 
     </span>
    </p>
   </div>
   <div class='ocr_carea' id='block_1_76' title="bbox 358 4287 2012 4362">
    <p class='ocr_par' dir='ltr' id='par_1_76' title="bbox 358 4287 2012 4362">
     <span class='ocr_line' id='line_1_76' title="bbox 358 4287 2012 4362; baseline 0.004 -18"><span class='ocrx_word' id='word_1_578' title='bbox 358 4294 556 4345; x_wconf 88' lang='lat' dir='ltr'>noster</span> <span class='ocrx_word' id='word_1_579' title='bbox 575 4304 746 4344; x_wconf 90' lang='lat' dir='ltr'>voces</span> <span class='ocrx_word' id='word_1_580' title='bbox 769 4287 1029 4358; x_wconf 87' lang='lat' dir='ltr'>adhibet,</span> <span class='ocrx_word' id='word_1_581' title='bbox 1055 4293 1110 4344; x_wconf 89' lang='lat' dir='ltr'>et</span> <span class='ocrx_word' id='word_1_582' title='bbox 1129 4287 1320 4345; x_wconf 89' lang='lat' dir='ltr'>varias</span> <span class='ocrx_word' id='word_1_583' title='bbox 1342 4290 1637 4362; x_wconf 85' lang='lat' dir='ltr'>experitur</span> <span class='ocrx_word' id='word_1_584' title='bbox 1660 4291 1800 4361; x_wconf 89' lang='lat' dir='ltr'>vias,</span> <span class='ocrx_word' id='word_1_585' title='bbox 1825 4298 1888 4349; x_wconf 88' lang='lat' dir='ltr'>ut</span> <span class='ocrx_word' id='word_1_586' title='bbox 1913 4294 2012 4350; x_wconf 87' lang='lat' dir='ltr'>bo-</span> 
     </span>
    </p>
   </div>
   <div class='ocr_carea' id='block_1_77' title="bbox 357 4377 2013 4450">
    <p class='ocr_par' dir='ltr' id='par_1_77' title="bbox 357 4377 2013 4450">
     <span class='ocr_line' id='line_1_77' title="bbox 357 4377 2013 4450; baseline 0.004 -17"><span class='ocrx_word' id='word_1_587' title='bbox 357 4378 550 4433; x_wconf 90' lang='lat' dir='ltr'>mines</span> <span class='ocrx_word' id='word_1_588' title='bbox 582 4379 652 4433; x_wconf 90' lang='lat' dir='ltr'>ad</span> <span class='ocrx_word' id='word_1_589' title='bbox 701 4377 953 4434; x_wconf 88' lang='lat' dir='ltr'>salutem</span> <span class='ocrx_word' id='word_1_590' title='bbox 988 4379 1286 4450; x_wconf 89' lang='lat' dir='ltr'>perducat.</span> <span class='ocrx_word' id='word_1_591' title='bbox 1313 4383 1455 4435; x_wconf 91' lang='lat' dir='ltr'>Dum</span> <span class='ocrx_word' id='word_1_592' title='bbox 1495 4381 1775 4450; x_wconf 83' lang='lat' dir='ltr'>minatur,</span> <span class='ocrx_word' id='word_1_593' title='bbox 1804 4384 2013 4440; x_wconf 88' lang='lat' dir='ltr'>admo-</span> 
     </span>
    </p>
   </div>
   <div class='ocr_carea' id='block_1_78' title="bbox 355 4469 2012 4545">
    <p class='ocr_par' dir='ltr' id='par_1_78' title="bbox 355 4469 2012 4545">
     <span class='ocr_line' id='line_1_78' title="bbox 355 4469 2012 4545; baseline 0.005 -24"><span class='ocrx_word' id='word_1_594' title='bbox 355 4475 484 4536; x_wconf 87' lang='lat' dir='ltr'>net;</span> <span class='ocrx_word' id='word_1_595' title='bbox 519 4470 662 4523; x_wconf 88' lang='lat' dir='ltr'>dum</span> <span class='ocrx_word' id='word_1_596' title='bbox 714 4469 1087 4539; x_wconf 88' lang='lat' dir='ltr'>convitiatur,</span> <span class='ocrx_word' id='word_1_597' title='bbox 1121 4472 1423 4540; x_wconf 83' lang='lat' dir='ltr'>emendat;</span> <span class='ocrx_word' id='word_1_598' title='bbox 1458 4473 1598 4528; x_wconf 85' lang='lat' dir='ltr'>dum</span> <span class='ocrx_word' id='word_1_599' title='bbox 1630 4473 1812 4545; x_wconf 87' lang='lat' dir='ltr'>luget,</span> <span class='ocrx_word' id='word_1_600' title='bbox 1838 4475 2012 4530; x_wconf 85' lang='lat' dir='ltr'>mise-</span> 
     </span>
    </p>
   </div>
   <div class='ocr_carea' id='block_1_79' title="bbox 352 4561 2015 4637">
    <p class='ocr_par' dir='ltr' id='par_1_79' title="bbox 352 4561 2015 4637">
     <span class='ocr_line' id='line_1_79' title="bbox 352 4561 2015 4637; baseline 0.004 -23"><span class='ocrx_word' id='word_1_601' title='bbox 352 4564 548 4627; x_wconf 89' lang='lat' dir='ltr'>retur;</span> <span class='ocrx_word' id='word_1_602' title='bbox 585 4561 725 4616; x_wconf 91' lang='lat' dir='ltr'>dum</span> <span class='ocrx_word' id='word_1_603' title='bbox 761 4565 978 4629; x_wconf 89' lang='lat' dir='ltr'>cantat,</span> <span class='ocrx_word' id='word_1_604' title='bbox 1015 4561 1316 4632; x_wconf 89' lang='lat' dir='ltr'>hortatur;</span> <span class='ocrx_word' id='word_1_605' title='bbox 1350 4563 1406 4618; x_wconf 91' lang='lat' dir='ltr'>in</span> <span class='ocrx_word' id='word_1_606' title='bbox 1442 4564 1586 4620; x_wconf 89' lang='lat' dir='ltr'>rubo</span> <span class='ocrx_word' id='word_1_607' title='bbox 1617 4566 1792 4621; x_wconf 89' lang='lat' dir='ltr'>etiam</span> <span class='ocrx_word' id='word_1_608' title='bbox 1825 4564 2015 4637; x_wconf 87' lang='lat' dir='ltr'>loqui-</span> 
     </span>
    </p>
   </div>
   <div class='ocr_carea' id='block_1_80' title="bbox 2126 3391 3786 3476">
    <p class='ocr_par' dir='ltr' id='par_1_80' title="bbox 2126 3391 3786 3476">
     <span class='ocr_line' id='line_1_80' title="bbox 2126 3391 3786 3476; baseline -0.004 -21"><span class='ocrx_word' id='word_1_609' title='bbox 2126 3400 2364 3476; x_wconf 79' lang='grc' dir='ltr'>στρὲφει·</span> <span class='ocrx_word' id='word_1_610' title='bbox 2421 3400 2631 3468; x_wconf 79' lang='grc' dir='ltr'>θρηνῶν</span> <span class='ocrx_word' id='word_1_611' title='bbox 2692 3395 2853 3451; x_wconf 77' lang='grc' dir='ltr'>ἐλεεῖ·</span> <span class='ocrx_word' id='word_1_612' title='bbox 2911 3393 3141 3470; x_wconf 81' lang='grc' dir='ltr'>ψάλλων</span> <span class='ocrx_word' id='word_1_613' title='bbox 3195 3391 3520 3470; x_wconf 77' lang='grc' dir='ltr'>παρακαλεῖο</span> <span class='ocrx_word' id='word_1_614' title='bbox 3565 3391 3653 3448; x_wconf 74' lang='grc' dir='ltr'>διὰ</span> <span class='ocrx_word' id='word_1_615' title='bbox 3688 3394 3786 3470; x_wconf 82' lang='grc' dir='ltr'>βά-</span> 
     </span>
    </p>
   </div>
   <div class='ocr_carea' id='block_1_81' title="bbox 2123 3481 3785 3561">
    <p class='ocr_par' dir='ltr' id='par_1_81' title="bbox 2123 3481 3785 3561">
     <span class='ocr_line' id='line_1_81' title="bbox 2123 3481 3785 3561; baseline -0.002 -17"><span class='ocrx_word' id='word_1_616' title='bbox 2123 3510 2218 3544; x_wconf 93' lang='grc' dir='ltr'>τοο</span> <span class='ocrx_word' id='word_1_617' title='bbox 2251 3485 2432 3545; x_wconf 80' lang='grc' dir='ltr'>λαλεῖ’</span> <span class='ocrx_word' id='word_1_618' title='bbox 2468 3485 2550 3541; x_wconf 80' lang='grc' dir='ltr'>ὅτι</span> <span class='ocrx_word' id='word_1_619' title='bbox 2583 3487 2828 3560; x_wconf 78' lang='grc' dir='ltr'>σημείων</span> <span class='ocrx_word' id='word_1_620' title='bbox 2863 3484 3063 3541; x_wconf 81' lang='grc' dir='ltr'>ἐκεῖνοι</span> <span class='ocrx_word' id='word_1_621' title='bbox 3111 3485 3202 3541; x_wconf 84' lang='grc' dir='ltr'>καὶ</span> <span class='ocrx_word' id='word_1_622' title='bbox 3237 3485 3474 3561; x_wconf 80' lang='grc' dir='ltr'>τεράτων</span> <span class='ocrx_word' id='word_1_623' title='bbox 3527 3481 3785 3559; x_wconf 76' lang='grc' dir='ltr'>ἔχρῃζον.</span> 
     </span>
    </p>
   </div>
   <div class='ocr_carea' id='block_1_82' title="bbox 2125 3570 3789 3653">
    <p class='ocr_par' dir='ltr' id='par_1_82' title="bbox 2125 3570 3789 3653">
     <span class='ocr_line' id='line_1_82' title="bbox 2125 3570 3789 3653; baseline -0.003 -20"><span class='ocrx_word' id='word_1_624' title='bbox 2125 3579 2225 3633; x_wconf 86' lang='grc' dir='ltr'>Καὶ</span> <span class='ocrx_word' id='word_1_625' title='bbox 2253 3578 2332 3651; x_wconf 82' lang='grc' dir='ltr'>τῷ</span> <span class='ocrx_word' id='word_1_626' title='bbox 2364 3576 2494 3653; x_wconf 81' lang='grc' dir='ltr'>πυρὶ</span> <span class='ocrx_word' id='word_1_627' title='bbox 2527 3573 2827 3631; x_wconf 84' lang='grc' dir='ltr'>δεδίττεται</span> <span class='ocrx_word' id='word_1_628' title='bbox 2853 3573 2986 3637; x_wconf 81' lang='grc' dir='ltr'>τοὺς</span> <span class='ocrx_word' id='word_1_629' title='bbox 3045 3574 3389 3649; x_wconf 82' lang='grc' dir='ltr'>ἀνθρώπους,</span> <span class='ocrx_word' id='word_1_630' title='bbox 3420 3570 3672 3629; x_wconf 77' lang='grc' dir='ltr'>ἀνάπτων</span> <span class='ocrx_word' id='word_1_631' title='bbox 3731 3570 3789 3628; x_wconf 84' lang='grc' dir='ltr'>ἐκ</span> 
     </span>
    </p>
   </div>
   <div class='ocr_carea' id='block_1_83' title="bbox 2125 3656 3784 3744">
    <p class='ocr_par' dir='ltr' id='par_1_83' title="bbox 2125 3656 3784 3744">
     <span class='ocr_line' id='line_1_83' title="bbox 2125 3656 3784 3744; baseline -0.004 -22"><span class='ocrx_word' id='word_1_632' title='bbox 2125 3667 2306 3729; x_wconf 88' lang='grc' dir='ltr'>κίονος</span> <span class='ocrx_word' id='word_1_633' title='bbox 2337 3668 2437 3736; x_wconf 78' lang='grc' dir='ltr'>τήν</span> <span class='ocrx_word' id='word_1_634' title='bbox 2484 3665 2682 3744; x_wconf 83' lang='grc' dir='ltr'>φλόγα,</span> <span class='ocrx_word' id='word_1_635' title='bbox 2739 3663 2939 3741; x_wconf 84' lang='grc' dir='ltr'>δεῖγμα</span> <span class='ocrx_word' id='word_1_636' title='bbox 2985 3666 3127 3736; x_wconf 82' lang='grc' dir='ltr'>ὁμοῦ</span> <span class='ocrx_word' id='word_1_637' title='bbox 3170 3667 3399 3739; x_wconf 76' lang='grc' dir='ltr'>χάριτος</span> <span class='ocrx_word' id='word_1_638' title='bbox 3443 3663 3533 3718; x_wconf 86' lang='grc' dir='ltr'>καὶ</span> <span class='ocrx_word' id='word_1_639' title='bbox 3586 3656 3784 3736; x_wconf 70' lang='grc' dir='ltr'>φόϐουο</span> 
     </span>
    </p>
   </div>
   <div class='ocr_carea' id='block_1_84' title="bbox 2126 3751 3785 3834">
    <p class='ocr_par' dir='ltr' id='par_1_84' title="bbox 2126 3751 3785 3834">
     <span class='ocr_line' id='line_1_84' title="bbox 2126 3751 3785 3834; baseline -0.002 -21"><span class='ocrx_word' id='word_1_640' title='bbox 2126 3757 2212 3813; x_wconf 69' lang='grc' dir='ltr'>ἐὰν</span> <span class='ocrx_word' id='word_1_641' title='bbox 2269 3756 2583 3830; x_wconf 81' lang='grc' dir='ltr'>ὑπακούσῃς</span> <span class='ocrx_word' id='word_1_642' title='bbox 2619 3797 2634 3825; x_wconf 93' lang='grc'>,</span> <span class='ocrx_word' id='word_1_643' title='bbox 2687 3757 2748 3810; x_wconf 88' lang='grc' dir='ltr'>τὸ</span> <span class='ocrx_word' id='word_1_644' title='bbox 2800 3759 2933 3834; x_wconf 89' lang='grc' dir='ltr'>φῶς·</span> <span class='ocrx_word' id='word_1_645' title='bbox 2989 3753 3077 3809; x_wconf 69' lang='grc' dir='ltr'>ἐὰν</span> <span class='ocrx_word' id='word_1_646' title='bbox 3127 3751 3494 3828; x_wconf 80' lang='grc' dir='ltr'>παρακούσῃς,</span> <span class='ocrx_word' id='word_1_647' title='bbox 3542 3752 3606 3807; x_wconf 84' lang='grc' dir='ltr'>τὸ</span> <span class='ocrx_word' id='word_1_648' title='bbox 3653 3756 3785 3826; x_wconf 78' lang='grc' dir='ltr'>πῦρ.</span> 
     </span>
    </p>
   </div>
   <div class='ocr_carea' id='block_1_85' title="bbox 2120 3838 3783 3920">
    <p class='ocr_par' dir='ltr' id='par_1_85' title="bbox 2120 3838 3783 3920">
     <span class='ocr_line' id='line_1_85' title="bbox 2120 3838 3783 3920; baseline -0.005 -15"><span class='ocrx_word' id='word_1_649' title='bbox 2120 3844 2350 3916; x_wconf 78' lang='grc' dir='ltr'>Ἐπειδὴ</span> <span class='ocrx_word' id='word_1_650' title='bbox 2386 3843 2442 3902; x_wconf 74' lang='grc' dir='ltr'>δὲ</span> <span class='ocrx_word' id='word_1_651' title='bbox 2488 3845 2578 3901; x_wconf 83' lang='grc' dir='ltr'>καὶ</span> <span class='ocrx_word' id='word_1_652' title='bbox 2627 3845 2809 3908; x_wconf 89' lang='grc' dir='ltr'>κίονος</span> <span class='ocrx_word' id='word_1_653' title='bbox 2863 3842 2952 3899; x_wconf 82' lang='grc' dir='ltr'>καὶ</span> <span class='ocrx_word' id='word_1_654' title='bbox 2991 3844 3156 3920; x_wconf 82' lang='grc' dir='ltr'>βάτου</span> <span class='ocrx_word' id='word_1_655' title='bbox 3196 3845 3232 3914; x_wconf 76' lang='grc' dir='ltr'>ἠ</span> <span class='ocrx_word' id='word_1_656' title='bbox 3282 3842 3410 3918; x_wconf 73' lang='grc' dir='ltr'>σὰρξ</span> <span class='ocrx_word' id='word_1_657' title='bbox 3458 3838 3783 3916; x_wconf 71' lang='grc' dir='ltr'>τιμιωτέρα,</span> 
     </span>
    </p>
   </div>
   <div class='ocr_carea' id='block_1_86' title="bbox 2123 3927 3789 4016">
    <p class='ocr_par' dir='ltr' id='par_1_86' title="bbox 2123 3927 3789 4016">
     <span class='ocr_line' id='line_1_86' title="bbox 2123 3927 3789 4016; baseline -0.005 -22"><span class='ocrx_word' id='word_1_658' title='bbox 2123 3940 2402 4016; x_wconf 73' lang='grc' dir='ltr'>προφῆται</span> <span class='ocrx_word' id='word_1_659' title='bbox 2455 3937 2570 4009; x_wconf 88' lang='grc' dir='ltr'>μετ’</span> <span class='ocrx_word' id='word_1_660' title='bbox 2629 3935 2808 3990; x_wconf 75' lang='grc' dir='ltr'>ἐκεῖνα</span> <span class='ocrx_word' id='word_1_661' title='bbox 2857 3933 3199 4011; x_wconf 71' lang='grc' dir='ltr'>φθέγγονται.</span> <span class='ocrx_word' id='word_1_662' title='bbox 3257 3929 3428 3993; x_wconf 80' lang='grc' dir='ltr'>Αὐτὸς</span> <span class='ocrx_word' id='word_1_663' title='bbox 3487 3929 3539 3986; x_wconf 67' lang='grc' dir='ltr'>ἐν</span> <span class='ocrx_word' id='word_1_664' title='bbox 3591 3927 3789 4002; x_wconf 72' lang='grc' dir='ltr'>Ἡσαΐᾳ</span> 
     </span>
    </p>
   </div>
   <div class='ocr_carea' id='block_1_87' title="bbox 2124 4019 3784 4100">
    <p class='ocr_par' dir='ltr' id='par_1_87' title="bbox 2124 4019 3784 4100">
     <span class='ocr_line' id='line_1_87' title="bbox 2124 4019 3784 4100; baseline -0.007 -16"><span class='ocrx_word' id='word_1_665' title='bbox 2124 4029 2152 4084; x_wconf 85' lang='grc' dir='ltr'>ὁ</span> <span class='ocrx_word' id='word_1_666' title='bbox 2186 4025 2624 4100; x_wconf 60' lang='grc' dir='ltr'>Κύριοςτξλαλῶν·</span> <span class='ocrx_word' id='word_1_667' title='bbox 2661 4024 2821 4086; x_wconf 77' lang='grc' dir='ltr'>αὐτὸς</span> <span class='ocrx_word' id='word_1_668' title='bbox 2855 4022 2906 4078; x_wconf 80' lang='grc' dir='ltr'>ἐν</span> <span class='ocrx_word' id='word_1_669' title='bbox 2951 4022 3133 4094; x_wconf 81' lang='grc' dir='ltr'>Ἢλίᾳ·</span> <span class='ocrx_word' id='word_1_670' title='bbox 3188 4020 3240 4076; x_wconf 83' lang='grc' dir='ltr'>ἐν</span> <span class='ocrx_word' id='word_1_671' title='bbox 3303 4019 3535 4093; x_wconf 89' lang='grc' dir='ltr'>στόματι</span> <span class='ocrx_word' id='word_1_672' title='bbox 3565 4038 3784 4096; x_wconf 84' lang='grc' dir='ltr'>προφη-</span> 
     </span>
    </p>
   </div>
   <div class='ocr_carea' id='block_1_88' title="bbox 2118 4105 3785 4188">
    <p class='ocr_par' dir='ltr' id='par_1_88' title="bbox 2118 4105 3785 4188">
     <span class='ocr_line' id='line_1_88' title="bbox 2118 4105 3785 4188; baseline -0.007 -17"><span class='ocrx_word' id='word_1_673' title='bbox 2118 4121 2228 4172; x_wconf 90' lang='grc' dir='ltr'>τῶν</span> <span class='ocrx_word' id='word_1_674' title='bbox 2259 4115 2437 4176; x_wconf 83' lang='grc' dir='ltr'>αὐτός.</span> <span class='ocrx_word' id='word_1_675' title='bbox 2493 4113 2568 4168; x_wconf 80' lang='grc' dir='ltr'>Σὺ</span> <span class='ocrx_word' id='word_1_676' title='bbox 2604 4111 2661 4168; x_wconf 74' lang='grc' dir='ltr'>δὲ</span> <span class='ocrx_word' id='word_1_677' title='bbox 2719 4110 2845 4168; x_wconf 85' lang='grc' dir='ltr'>ἀλλ’</span> <span class='ocrx_word' id='word_1_678' title='bbox 2900 4109 2951 4166; x_wconf 79' lang='grc' dir='ltr'>εἷ’</span> <span class='ocrx_word' id='word_1_679' title='bbox 2997 4111 3307 4188; x_wconf 79' lang='grc' dir='ltr'>προφήταις</span> <span class='ocrx_word' id='word_1_680' title='bbox 3359 4109 3434 4183; x_wconf 79' lang='grc' dir='ltr'>μὴ</span> <span class='ocrx_word' id='word_1_681' title='bbox 3487 4105 3785 4176; x_wconf 87' lang='grc' dir='ltr'>πιστεύεις,</span> 
     </span>
    </p>
   </div>
   <div class='ocr_carea' id='block_1_89' title="bbox 2126 4195 3783 4280">
    <p class='ocr_par' dir='ltr' id='par_1_89' title="bbox 2126 4195 3783 4280">
     <span class='ocr_line' id='line_1_89' title="bbox 2126 4195 3783 4280; baseline -0.008 -20"><span class='ocrx_word' id='word_1_682' title='bbox 2126 4211 2291 4280; x_wconf 72' lang='grc' dir='ltr'>μῦθον</span> <span class='ocrx_word' id='word_1_683' title='bbox 2327 4201 2385 4259; x_wconf 69' lang='grc' dir='ltr'>δὲ</span> <span class='ocrx_word' id='word_1_684' title='bbox 2410 4196 2852 4279; x_wconf 74' lang='grc' dir='ltr'>ὑπολαμϐάννις,</span> <span class='ocrx_word' id='word_1_685' title='bbox 2897 4199 2987 4255; x_wconf 88' lang='grc' dir='ltr'>καὶ</span> <span class='ocrx_word' id='word_1_686' title='bbox 3018 4199 3145 4262; x_wconf 85' lang='grc' dir='ltr'>τοὺς</span> <span class='ocrx_word' id='word_1_687' title='bbox 3176 4195 3394 4273; x_wconf 83' lang='grc' dir='ltr'>ἄνδρας,</span> <span class='ocrx_word' id='word_1_688' title='bbox 3441 4197 3533 4252; x_wconf 84' lang='grc' dir='ltr'>καὶ</span> <span class='ocrx_word' id='word_1_689' title='bbox 3560 4195 3624 4251; x_wconf 86' lang='grc' dir='ltr'>τὸ</span> <span class='ocrx_word' id='word_1_690' title='bbox 3654 4199 3783 4271; x_wconf 76' lang='grc' dir='ltr'>πῦρ·</span> 
     </span>
    </p>
   </div>
   <div class='ocr_carea' id='block_1_90' title="bbox 2121 4285 3784 4366">
    <p class='ocr_par' dir='ltr' id='par_1_90' title="bbox 2121 4285 3784 4366">
     <span class='ocr_line' id='line_1_90' title="bbox 2121 4285 3784 4366; baseline -0.007 -15"><span class='ocrx_word' id='word_1_691' title='bbox 2121 4294 2282 4358; x_wconf 75' lang='grc' dir='ltr'>αὐτός</span> <span class='ocrx_word' id='word_1_692' title='bbox 2344 4315 2429 4348; x_wconf 91' lang='grc' dir='ltr'>σοι</span> <span class='ocrx_word' id='word_1_693' title='bbox 2493 4291 2730 4363; x_wconf 72' lang='grc' dir='ltr'>λαλήσει</span> <span class='ocrx_word' id='word_1_694' title='bbox 2790 4291 2817 4345; x_wconf 90' lang='grc' dir='ltr'>ὁ</span> <span class='ocrx_word' id='word_1_695' title='bbox 2876 4288 3119 4366; x_wconf 86' lang='grc' dir='ltr'>Κύριος,</span> <span class='ocrx_word' id='word_1_696' title='bbox 3179 4288 3238 4352; x_wconf 81' lang='grc' dir='ltr'>’ὸς</span> <span class='ocrx_word' id='word_1_697' title='bbox 3296 4285 3348 4342; x_wconf 69' lang='grc' dir='ltr'>ἰν</span> <span class='ocrx_word' id='word_1_698' title='bbox 3384 4287 3602 4361; x_wconf 80' lang='grc' dir='ltr'>-μορφῇ</span> <span class='ocrx_word' id='word_1_699' title='bbox 3649 4287 3784 4340; x_wconf 80' lang='grc' dir='ltr'>Θεοῦ</span> 
     </span>
    </p>
   </div>
   <div class='ocr_carea' id='block_1_91' title="bbox 2127 4374 3785 4459">
    <p class='ocr_par' dir='ltr' id='par_1_91' title="bbox 2127 4374 3785 4459">
     <span class='ocr_line' id='line_1_91' title="bbox 2127 4374 3785 4459; baseline -0.007 -20"><span class='ocrx_word' id='word_1_700' title='bbox 2127 4385 2389 4459; x_wconf 83' lang='grc' dir='ltr'>ὑπάρχων</span> <span class='ocrx_word' id='word_1_701' title='bbox 2465 4381 2574 4457; x_wconf 83' lang='grc' dir='ltr'>οὐχ</span> <span class='ocrx_word' id='word_1_702' title='bbox 2644 4380 2934 4456; x_wconf 78' lang='grc' dir='ltr'>ἁρπαγμὸν</span> <span class='ocrx_word' id='word_1_703' title='bbox 3004 4379 3254 4452; x_wconf 68' lang='grc' dir='ltr'>ἡγήσατο</span> <span class='ocrx_word' id='word_1_704' title='bbox 3335 4375 3398 4430; x_wconf 89' lang='grc' dir='ltr'>τὸ</span> <span class='ocrx_word' id='word_1_705' title='bbox 3478 4375 3607 4429; x_wconf 80' lang='grc' dir='ltr'>εἶναι</span> <span class='ocrx_word' id='word_1_706' title='bbox 3690 4374 3785 4428; x_wconf 76' lang='grc' dir='ltr'>ἶσα</span> 
     </span>
    </p>
   </div>
   <div class='ocr_carea' id='block_1_92' title="bbox 2122 4463 3783 4545">
    <p class='ocr_par' dir='ltr' id='par_1_92' title="bbox 2122 4463 3783 4545">
     <span class='ocr_line' id='line_1_92' title="bbox 2122 4463 3783 4545; baseline -0.008 -15"><span class='ocrx_word' id='word_1_707' title='bbox 2122 4479 2240 4545; x_wconf 83' lang='grc' dir='ltr'>Θεῷ</span> <span class='ocrx_word' id='word_1_708' title='bbox 2288 4472 2519 4527; x_wconf 74' lang='grc' dir='ltr'>ἐκένωσε</span> <span class='ocrx_word' id='word_1_709' title='bbox 2564 4468 2622 4525; x_wconf 75' lang='grc' dir='ltr'>δὶ</span> <span class='ocrx_word' id='word_1_710' title='bbox 2674 4469 2859 4524; x_wconf 71' lang='grc' dir='ltr'>ἑαυτὸν</span> <span class='ocrx_word' id='word_1_711' title='bbox 2913 4469 2941 4522; x_wconf 90' lang='grc' dir='ltr'>ὁ</span> <span class='ocrx_word' id='word_1_712' title='bbox 2973 4465 3382 4541; x_wconf 76' lang='grc' dir='ltr'>φιλοικτίρμων</span> <span class='ocrx_word' id='word_1_713' title='bbox 3429 4463 3579 4530; x_wconf 82' lang='grc' dir='ltr'>Θεὸς,</span> <span class='ocrx_word' id='word_1_714' title='bbox 3613 4466 3783 4518; x_wconf 86' lang='grc' dir='ltr'>σῶσαι</span> 
     </span>
    </p>
   </div>
   <div class='ocr_carea' id='block_1_93' title="bbox 2120 4550 3781 4638">
    <p class='ocr_par' dir='ltr' id='par_1_93' title="bbox 2120 4550 3781 4638">
     <span class='ocr_line' id='line_1_93' title="bbox 2120 4550 3781 4638; baseline -0.007 -21"><span class='ocrx_word' id='word_1_715' title='bbox 2120 4563 2214 4618; x_wconf 87' lang='grc' dir='ltr'>τὸν</span> <span class='ocrx_word' id='word_1_716' title='bbox 2242 4560 2521 4638; x_wconf 78' lang='grc' dir='ltr'>ἄνθρωπον</span> <span class='ocrx_word' id='word_1_717' title='bbox 2565 4559 2927 4633; x_wconf 74' lang='grc' dir='ltr'>γλιχόμενος.</span> <span class='ocrx_word' id='word_1_718' title='bbox 2989 4554 3091 4610; x_wconf 82' lang='grc' dir='ltr'>Καὶ</span> <span class='ocrx_word' id='word_1_719' title='bbox 3137 4553 3298 4616; x_wconf 84' lang='grc' dir='ltr'>αὐτὸς</span> <span class='ocrx_word' id='word_1_720' title='bbox 3336 4550 3445 4625; x_wconf 77' lang='grc' dir='ltr'>ἤδη</span> <span class='ocrx_word' id='word_1_721' title='bbox 3499 4573 3583 4608; x_wconf 83' lang='grc' dir='ltr'>σοι</span> <span class='ocrx_word' id='word_1_722' title='bbox 3628 4551 3781 4627; x_wconf 80' lang='grc' dir='ltr'>ἐναρ-</span> 
     </span>
    </p>
   </div>
   <div class='ocr_carea' id='block_1_94' title="bbox 355 4639 2016 4727">
    <p class='ocr_par' dir='ltr' id='par_1_94' title="bbox 355 4648 2013 4726">
     <span class='ocr_line' id='line_1_94' title="bbox 355 4648 2013 4726; baseline 0.003 -22"><span class='ocrx_word' id='word_1_723' title='bbox 355 4653 473 4719; x_wconf 89' lang='lat' dir='ltr'>tur,</span> <span class='ocrx_word' id='word_1_724' title='bbox 500 4650 654 4720; x_wconf 92' lang='lat' dir='ltr'>quod</span> <span class='ocrx_word' id='word_1_725' title='bbox 691 4648 774 4705; x_wconf 92' lang='lat' dir='ltr'>illi</span> <span class='ocrx_word' id='word_1_726' title='bbox 809 4649 996 4723; x_wconf 83' lang='lat' dir='ltr'>signis</span> <span class='ocrx_word' id='word_1_727' title='bbox 1045 4656 1103 4707; x_wconf 91' lang='lat' dir='ltr'>et</span> <span class='ocrx_word' id='word_1_728' title='bbox 1146 4652 1429 4726; x_wconf 90' lang='lat' dir='ltr'>prodigiis</span> <span class='ocrx_word' id='word_1_729' title='bbox 1469 4653 1818 4726; x_wconf 87' lang='lat' dir='ltr'>indigerent.</span> <span class='ocrx_word' id='word_1_730' title='bbox 1853 4655 2013 4710; x_wconf 87' lang='lat' dir='ltr'>Idem</span> 
     </span>
    </p>
   </div>
   <div class='ocr_carea' id='block_1_95' title="bbox 2125 4639 3782 4727">
    <p class='ocr_par' dir='ltr' id='par_1_95' title="bbox 2125 4639 3782 4727">
     <span class='ocr_line' id='line_1_95' title="bbox 2125 4639 3782 4727; baseline -0.007 -21"><span class='ocrx_word' id='word_1_731' title='bbox 2125 4655 2235 4727; x_wconf 88' lang='grc' dir='ltr'>γῶς</span> <span class='ocrx_word' id='word_1_732' title='bbox 2298 4651 2326 4705; x_wconf 84' lang='grc' dir='ltr'>ὁ</span> <span class='ocrx_word' id='word_1_733' title='bbox 2385 4648 2562 4724; x_wconf 82' lang='grc' dir='ltr'>Λόγος</span> <span class='ocrx_word' id='word_1_734' title='bbox 2611 4645 2793 4718; x_wconf 82' lang='grc' dir='ltr'>λαλεῖ,</span> <span class='ocrx_word' id='word_1_735' title='bbox 2857 4642 3127 4699; x_wconf 79' lang='grc' dir='ltr'>δυσωπῶν</span> <span class='ocrx_word' id='word_1_736' title='bbox 3179 4643 3280 4712; x_wconf 82' lang='grc' dir='ltr'>τήν</span> <span class='ocrx_word' id='word_1_737' title='bbox 3325 4642 3613 4698; x_wconf 77' lang='grc' dir='ltr'>ἀπιστίανο</span> <span class='ocrx_word' id='word_1_738' title='bbox 3671 4639 3782 4712; x_wconf 84' lang='lat' dir='ltr'>vui,</span> 
     </span>
    </p>
   </div>
   <div class='ocr_carea' id='block_1_96' title="bbox 352 4739 2012 4814">
    <p class='ocr_par' dir='ltr' id='par_1_96' title="bbox 352 4739 2012 4814">
     <span class='ocr_line' id='line_1_96' title="bbox 352 4739 2012 4814; baseline 0.003 -20"><span class='ocrx_word' id='word_1_739' title='bbox 352 4753 452 4794; x_wconf 89' lang='lat' dir='ltr'>eos</span> <span class='ocrx_word' id='word_1_740' title='bbox 484 4739 622 4810; x_wconf 83' lang='lat' dir='ltr'>igne</span> <span class='ocrx_word' id='word_1_741' title='bbox 644 4741 1063 4809; x_wconf 87' lang='lat' dir='ltr'>perterrefacit,</span> <span class='ocrx_word' id='word_1_742' title='bbox 1085 4741 1388 4797; x_wconf 88' lang='lat' dir='ltr'>ﬂammam</span> <span class='ocrx_word' id='word_1_743' title='bbox 1412 4759 1442 4797; x_wconf 89' lang='lat' dir='ltr'>e</span> <span class='ocrx_word' id='word_1_744' title='bbox 1464 4742 1742 4798; x_wconf 88' lang='lat' dir='ltr'>columna</span> <span class='ocrx_word' id='word_1_745' title='bbox 1762 4760 2012 4814; x_wconf 86' lang='lat' dir='ltr'>suspen-</span> 
     </span>
    </p>
   </div>
   <div class='ocr_carea' id='block_1_97' title="bbox 353 4828 2010 4902">
    <p class='ocr_par' dir='ltr' id='par_1_97' title="bbox 353 4828 2010 4902">
     <span class='ocr_line' id='line_1_97' title="bbox 353 4828 2010 4902; baseline 0.002 -20"><span class='ocrx_word' id='word_1_746' title='bbox 353 4844 504 4894; x_wconf 87' lang='lat' dir='ltr'>sam,</span> <span class='ocrx_word' id='word_1_747' title='bbox 539 4828 781 4883; x_wconf 89' lang='lat' dir='ltr'>terroris</span> <span class='ocrx_word' id='word_1_748' title='bbox 822 4829 1000 4884; x_wconf 86' lang='lat' dir='ltr'>simul</span> <span class='ocrx_word' id='word_1_749' title='bbox 1052 4834 1110 4884; x_wconf 90' lang='lat' dir='ltr'>et</span> <span class='ocrx_word' id='word_1_750' title='bbox 1153 4830 1356 4901; x_wconf 74' lang='lat' dir='ltr'>gratiae</span> <span class='ocrx_word' id='word_1_751' title='bbox 1398 4831 1657 4902; x_wconf 88' lang='lat' dir='ltr'>signum,</span> <span class='ocrx_word' id='word_1_752' title='bbox 1693 4831 2010 4899; x_wconf 82' lang='lat' dir='ltr'>exhibens;</span> 
     </span>
    </p>
   </div>
   <div class='ocr_carea' id='block_1_98' title="bbox 355 4915 2008 4991">
    <p class='ocr_par' dir='ltr' id='par_1_98' title="bbox 355 4915 2008 4991">
     <span class='ocr_line' id='line_1_98' title="bbox 355 4915 2008 4991; baseline 0.001 -19"><span class='ocrx_word' id='word_1_753' title='bbox 355 4915 666 4988; x_wconf 88' lang='lat' dir='ltr'>morigeris</span> <span class='ocrx_word' id='word_1_754' title='bbox 706 4917 945 4988; x_wconf 89' lang='lat' dir='ltr'>quidem</span> <span class='ocrx_word' id='word_1_755' title='bbox 977 4917 1190 4988; x_wconf 91' lang='lat' dir='ltr'>lucem,</span> <span class='ocrx_word' id='word_1_756' title='bbox 1221 4919 1320 4974; x_wconf 91' lang='lat' dir='ltr'>sed</span> <span class='ocrx_word' id='word_1_757' title='bbox 1370 4918 1763 4991; x_wconf 89' lang='lat' dir='ltr'>immorigeris</span> <span class='ocrx_word' id='word_1_758' title='bbox 1793 4918 2008 4991; x_wconf 82' lang='lat' dir='ltr'>ignem.</span> 
     </span>
    </p>
   </div>
   <div class='ocr_carea' id='block_1_99' title="bbox 355 5007 2011 5078">
    <p class='ocr_par' dir='ltr' id='par_1_99' title="bbox 355 5007 2011 5078">
     <span class='ocr_line' id='line_1_99' title="bbox 355 5007 2011 5078; baseline 0.002 -17"><span class='ocrx_word' id='word_1_759' title='bbox 355 5009 561 5077; x_wconf 84' lang='lat' dir='ltr'>postea</span> <span class='ocrx_word' id='word_1_760' title='bbox 592 5008 749 5077; x_wconf 90' lang='lat' dir='ltr'>quod</span> <span class='ocrx_word' id='word_1_761' title='bbox 801 5023 1016 5078; x_wconf 88' lang='lat' dir='ltr'>corpus</span> <span class='ocrx_word' id='word_1_762' title='bbox 1069 5007 1398 5064; x_wconf 88' lang='lat' dir='ltr'>humanum</span> <span class='ocrx_word' id='word_1_763' title='bbox 1431 5007 1707 5064; x_wconf 88' lang='lat' dir='ltr'>columna</span> <span class='ocrx_word' id='word_1_764' title='bbox 1757 5013 1814 5063; x_wconf 92' lang='lat' dir='ltr'>et</span> <span class='ocrx_word' id='word_1_765' title='bbox 1866 5009 2011 5064; x_wconf 90' lang='lat' dir='ltr'>rubo</span> 
     </span>
    </p>
   </div>
   <div class='ocr_carea' id='block_1_100' title="bbox 355 5094 2010 5168">
    <p class='ocr_par' dir='ltr' id='par_1_100' title="bbox 355 5094 2010 5168">
     <span class='ocr_line' id='line_1_100' title="bbox 355 5094 2010 5168; baseline 0.001 -18"><span class='ocrx_word' id='word_1_766' title='bbox 355 5094 613 5150; x_wconf 86' lang='lat' dir='ltr'>nobilius</span> <span class='ocrx_word' id='word_1_767' title='bbox 642 5096 1138 5168; x_wconf 87' lang='lat' dir='ltr'>esset,prophetis</span> <span class='ocrx_word' id='word_1_768' title='bbox 1161 5113 1308 5153; x_wconf 91' lang='lat' dir='ltr'>usus</span> <span class='ocrx_word' id='word_1_769' title='bbox 1330 5107 1448 5164; x_wconf 77' lang='lat' dir='ltr'>est;</span> <span class='ocrx_word' id='word_1_770' title='bbox 1483 5097 1609 5168; x_wconf 91' lang='lat' dir='ltr'>ipse</span> <span class='ocrx_word' id='word_1_771' title='bbox 1635 5097 1915 5153; x_wconf 83' lang='lat' dir='ltr'>Dominus</span> <span class='ocrx_word' id='word_1_772' title='bbox 1949 5097 2010 5152; x_wconf 91' lang='lat' dir='ltr'>in</span> 
     </span>
    </p>
   </div>
   <div class='ocr_carea' id='block_1_101' title="bbox 353 5183 2012 5258">
    <p class='ocr_par' dir='ltr' id='par_1_101' title="bbox 353 5183 2012 5258">
     <span class='ocr_line' id='line_1_101' title="bbox 353 5183 2012 5258; baseline 0.003 -20"><span class='ocrx_word' id='word_1_773' title='bbox 353 5183 507 5239; x_wconf 81' lang='lat' dir='ltr'>Isaia</span> <span class='ocrx_word' id='word_1_774' title='bbox 539 5184 822 5254; x_wconf 88' lang='lat' dir='ltr'>loquitur,</span> <span class='ocrx_word' id='word_1_775' title='bbox 853 5185 978 5255; x_wconf 91' lang='lat' dir='ltr'>ipse</span> <span class='ocrx_word' id='word_1_776' title='bbox 1031 5187 1090 5240; x_wconf 90' lang='lat' dir='ltr'>in</span> <span class='ocrx_word' id='word_1_777' title='bbox 1141 5184 1284 5254; x_wconf 89' lang='lat' dir='ltr'>Elia,</span> <span class='ocrx_word' id='word_1_778' title='bbox 1318 5185 1444 5256; x_wconf 92' lang='lat' dir='ltr'>ipse</span> <span class='ocrx_word' id='word_1_779' title='bbox 1476 5186 1535 5240; x_wconf 91' lang='lat' dir='ltr'>in</span> <span class='ocrx_word' id='word_1_780' title='bbox 1569 5202 1666 5241; x_wconf 89' lang='lat' dir='ltr'>ore</span> <span class='ocrx_word' id='word_1_781' title='bbox 1696 5187 2012 5258; x_wconf 86' lang='lat' dir='ltr'>prepheta-</span> 
     </span>
    </p>
   </div>
   <div class='ocr_carea' id='block_1_102' title="bbox 2123 4729 3784 4815">
    <p class='ocr_par' dir='ltr' id='par_1_102' title="bbox 2123 4729 3784 4815">
     <span class='ocr_line' id='line_1_102' title="bbox 2123 4729 3784 4815; baseline -0.005 -21"><span class='ocrx_word' id='word_1_782' title='bbox 2123 4740 2292 4815; x_wconf 82' lang='grc' dir='ltr'>φημὶ,</span> <span class='ocrx_word' id='word_1_783' title='bbox 2326 4740 2353 4793; x_wconf 87' lang='grc' dir='ltr'>ὁ</span> <span class='ocrx_word' id='word_1_784' title='bbox 2385 4737 2557 4811; x_wconf 84' lang='grc' dir='ltr'>Λόγος</span> <span class='ocrx_word' id='word_1_785' title='bbox 2599 4737 2628 4790; x_wconf 87' lang='grc' dir='ltr'>ὁ</span> <span class='ocrx_word' id='word_1_786' title='bbox 2669 4739 2766 4789; x_wconf 78' lang='grc' dir='ltr'>τοῦ</span> <span class='ocrx_word' id='word_1_787' title='bbox 2807 4738 2964 4802; x_wconf 80' lang='grc' dir='ltr'>Θεοῦ,</span> <span class='ocrx_word' id='word_1_788' title='bbox 3013 4731 3298 4809; x_wconf 75' lang='grc' dir='ltr'>ἅνθρωπος</span> <span class='ocrx_word' id='word_1_789' title='bbox 3349 4732 3659 4807; x_wconf 79' lang='grc' dir='ltr'>γενόμενος’</span> <span class='ocrx_word' id='word_1_790' title='bbox 3687 4729 3784 4786; x_wconf 70' lang='grc' dir='ltr'>’ίνα</span> 
     </span>
    </p>
   </div>
   <div class='ocr_carea' id='block_1_103' title="bbox 2124 4819 3784 4900">
    <p class='ocr_par' dir='ltr' id='par_1_103' title="bbox 2124 4819 3784 4900">
     <span class='ocr_line' id='line_1_103' title="bbox 2124 4819 3784 4900; baseline -0.006 -16"><span class='ocrx_word' id='word_1_791' title='bbox 2124 4827 2192 4898; x_wconf 85' lang='grc' dir='ltr'>δὴ</span> <span class='ocrx_word' id='word_1_792' title='bbox 2235 4828 2326 4884; x_wconf 82' lang='grc' dir='ltr'>καὶ</span> <span class='ocrx_word' id='word_1_793' title='bbox 2376 4826 2440 4882; x_wconf 77' lang='grc' dir='ltr'>σὺ</span> <span class='ocrx_word' id='word_1_794' title='bbox 2476 4825 2624 4900; x_wconf 84' lang='grc' dir='ltr'>παρά</span> <span class='ocrx_word' id='word_1_795' title='bbox 2673 4823 2963 4900; x_wconf 86' lang='grc' dir='ltr'>ἀνθρώπου</span> <span class='ocrx_word' id='word_1_796' title='bbox 3001 4824 3199 4898; x_wconf 75' lang='grc' dir='ltr'>μάθῃς,</span> <span class='ocrx_word' id='word_1_797' title='bbox 3247 4829 3324 4892; x_wconf 84' lang='grc' dir='ltr'>πῆ</span> <span class='ocrx_word' id='word_1_798' title='bbox 3357 4843 3491 4878; x_wconf 85' lang='grc' dir='ltr'>ποτε</span> <span class='ocrx_word' id='word_1_799' title='bbox 3538 4819 3641 4896; x_wconf 73' lang='grc' dir='ltr'>ἄρα</span> <span class='ocrx_word' id='word_1_800' title='bbox 3694 4821 3784 4875; x_wconf 83' lang='grc' dir='ltr'>ἄν-</span> 
     </span>
    </p>
   </div>
   <div class='ocr_carea' id='block_1_104' title="bbox 2123 4908 3784 4993">
    <p class='ocr_par' dir='ltr' id='par_1_104' title="bbox 2123 4908 3784 4993">
     <span class='ocr_line' id='line_1_104' title="bbox 2123 4908 3784 4993; baseline -0.004 -22"><span class='ocrx_word' id='word_1_801' title='bbox 2123 4920 2342 4993; x_wconf 87' lang='grc' dir='ltr'>θρωπος</span> <span class='ocrx_word' id='word_1_802' title='bbox 2385 4915 2610 4992; x_wconf 68' lang='grc' dir='ltr'>γενηται</span> <span class='ocrx_word' id='word_1_803' title='bbox 2642 4914 2772 4977; x_wconf 87' lang='grc' dir='ltr'>Θεός</span> <span class='ocrx_word' id='word_1_804' title='bbox 2841 4913 2950 4969; x_wconf 72' lang='grc' dir='ltr'>Εἶτ’</span> <span class='ocrx_word' id='word_1_805' title='bbox 2980 4912 3082 4968; x_wconf 85' lang='grc' dir='ltr'>οὐκ</span> <span class='ocrx_word' id='word_1_806' title='bbox 3128 4913 3354 4982; x_wconf 80' lang='grc' dir='ltr'>ἄτοπον,</span> <span class='ocrx_word' id='word_1_807' title='bbox 3388 4909 3433 4966; x_wconf 84' lang='grc' dir='ltr'><strong>ὦ</strong></span> <span class='ocrx_word' id='word_1_808' title='bbox 3483 4908 3660 4985; x_wconf 85' lang='grc' dir='ltr'>φίλοι,</span> <span class='ocrx_word' id='word_1_809' title='bbox 3691 4910 3784 4965; x_wconf 87' lang='grc' dir='ltr'>τὸν</span> 
     </span>
    </p>
   </div>
   <div class='ocr_carea' id='block_1_105' title="bbox 2126 4996 3784 5080">
    <p class='ocr_par' dir='ltr' id='par_1_105' title="bbox 2126 4996 3784 5080">
     <span class='ocr_line' id='line_1_105' title="bbox 2126 4996 3784 5080; baseline -0.005 -18"><span class='ocrx_word' id='word_1_810' title='bbox 2126 5008 2220 5080; x_wconf 74' lang='grc' dir='ltr'>μὲν</span> <span class='ocrx_word' id='word_1_811' title='bbox 2249 5007 2377 5062; x_wconf 88' lang='grc' dir='ltr'>Θεὸν</span> <span class='ocrx_word' id='word_1_812' title='bbox 2425 5005 2505 5061; x_wconf 84' lang='grc' dir='ltr'>ἀεὶ</span> <span class='ocrx_word' id='word_1_813' title='bbox 2557 5004 2876 5079; x_wconf 68' lang='grc' dir='ltr'>προτρέπειν</span> <span class='ocrx_word' id='word_1_814' title='bbox 2929 5004 3080 5077; x_wconf 79' lang='grc' dir='ltr'>ἡμᾶς</span> <span class='ocrx_word' id='word_1_815' title='bbox 3130 5001 3214 5058; x_wconf 83' lang='grc' dir='ltr'>ἐπ’</span> <span class='ocrx_word' id='word_1_816' title='bbox 3261 5002 3477 5076; x_wconf 71' lang='grc' dir='ltr'>ἀρετὴν,</span> <span class='ocrx_word' id='word_1_817' title='bbox 3527 5001 3677 5073; x_wconf 71' lang='grc' dir='ltr'>ἡμᾶς</span> <span class='ocrx_word' id='word_1_818' title='bbox 3725 4996 3784 5054; x_wconf 69' lang='grc' dir='ltr'>δὲ</span> 
     </span>
    </p>
   </div>
   <div class='ocr_carea' id='block_1_106' title="bbox 2121 5087 3783 5170">
    <p class='ocr_par' dir='ltr' id='par_1_106' title="bbox 2121 5087 3783 5170">
     <span class='ocr_line' id='line_1_106' title="bbox 2121 5087 3783 5170; baseline -0.005 -19"><span class='ocrx_word' id='word_1_819' title='bbox 2121 5093 2441 5160; x_wconf 80' lang='grc' dir='ltr'>ἀναδύεσθαι</span> <span class='ocrx_word' id='word_1_820' title='bbox 2474 5095 2572 5163; x_wconf 79' lang='grc' dir='ltr'>τήν</span> <span class='ocrx_word' id='word_1_821' title='bbox 2635 5091 2924 5170; x_wconf 74' lang='grc' dir='ltr'>ὠφέλειαν,</span> <span class='ocrx_word' id='word_1_822' title='bbox 2976 5093 3062 5148; x_wconf 86' lang='grc' dir='ltr'>καὶ</span> <span class='ocrx_word' id='word_1_823' title='bbox 3115 5087 3518 5147; x_wconf 73' lang='grc' dir='ltr'>ἀναϐάλλεσθαι</span> <span class='ocrx_word' id='word_1_824' title='bbox 3547 5088 3649 5158; x_wconf 79' lang='grc' dir='ltr'>τὴν</span> <span class='ocrx_word' id='word_1_825' title='bbox 3679 5109 3783 5143; x_wconf 85' lang='grc' dir='ltr'>σω-</span> 
     </span>
    </p>
   </div>
   <div class='ocr_carea' id='block_1_107' title="bbox 2122 5178 3782 5261">
    <p class='ocr_par' dir='ltr' id='par_1_107' title="bbox 2122 5178 3782 5261">
     <span class='ocr_line' id='line_1_107' title="bbox 2122 5178 3782 5261; baseline -0.005 -20"><span class='ocrx_word' id='word_1_826' title='bbox 2122 5185 2354 5258; x_wconf 76' lang='grc' dir='ltr'>τηρίανς</span> <span class='ocrx_word' id='word_1_827' title='bbox 2387 5187 2457 5243; x_wconf 86' lang='grc' dir='ltr'><em>Ἢ</em></span> <span class='ocrx_word' id='word_1_828' title='bbox 2488 5184 2589 5261; x_wconf 81' lang='grc' dir='ltr'>γὰρ</span> <span class='ocrx_word' id='word_1_829' title='bbox 2621 5183 2751 5258; x_wconf 78' lang='grc' dir='ltr'>οὐχὶ</span> <span class='ocrx_word' id='word_1_830' title='bbox 2798 5182 2888 5237; x_wconf 88' lang='lat' dir='ltr'>xui</span> <span class='ocrx_word' id='word_1_831' title='bbox 2922 5184 3180 5252; x_wconf 86' lang='grc' dir='ltr'>Ἰωάννης</span> <span class='ocrx_word' id='word_1_832' title='bbox 3229 5179 3317 5235; x_wconf 70' lang='grc' dir='ltr'>ἐπὶ</span> <span class='ocrx_word' id='word_1_833' title='bbox 3372 5178 3644 5256; x_wconf 87' lang='grc' dir='ltr'>σωτηρίαν</span> <span class='ocrx_word' id='word_1_834' title='bbox 3677 5199 3782 5232; x_wconf 84' lang='grc' dir='ltr'>πα·-</span> 
     </span>
    </p>
   </div>
   <div class='ocr_carea' id='block_1_108' title="bbox 421 5353 2133 5430">
    <p class='ocr_par' dir='ltr' id='par_1_108' title="bbox 421 5353 2133 5430">
     <span class='ocr_line' id='line_1_108' title="bbox 421 5353 2133 5430; baseline 0.002 -20"><span class='ocrx_word' id='word_1_835' title='bbox 421 5365 485 5428; x_wconf 72' lang='grc' dir='ltr'>ιχ‹</span> <span class='ocrx_word' id='word_1_836' title='bbox 518 5355 578 5411; x_wconf 84' lang='grc' dir='ltr'>Ρ.</span> <span class='ocrx_word' id='word_1_837' title='bbox 609 5355 644 5410; x_wconf 91' lang='lat'>8</span> <span class='ocrx_word' id='word_1_838' title='bbox 675 5355 786 5411; x_wconf 83' lang='grc' dir='ltr'><strong>ΕΙ).</strong></span> <span class='ocrx_word' id='word_1_839' title='bbox 819 5353 1124 5422; x_wconf 82' lang='lat' dir='ltr'>POTTER,</span> <span class='ocrx_word' id='word_1_840' title='bbox 1155 5355 1192 5406; x_wconf 93' lang='lat'><strong>7</strong></span> <span class='ocrx_word' id='word_1_841' title='bbox 1219 5355 1312 5410; x_wconf 89' lang='lat' dir='ltr'><strong>ED</strong></span> <span class='ocrx_word' id='word_1_842' title='bbox 1349 5355 1575 5412; x_wconf 83' lang='lat' dir='ltr'>PARIS.</span> <span class='ocrx_word' id='word_1_843' title='bbox 1657 5357 1704 5394; x_wconf 83' lang='grc'>¹²</span> <span class='ocrx_word' id='word_1_844' title='bbox 1738 5355 1949 5430; x_wconf 86' lang='lat' dir='ltr'>Ephes.</span> <span class='ocrx_word' id='word_1_845' title='bbox 1984 5373 2045 5427; x_wconf 83' lang='grc' dir='ltr'>ιι,</span> <span class='ocrx_word' id='word_1_846' title='bbox 2078 5358 2133 5415; x_wconf 90' lang='lat'>2.</span> 
     </span>
    </p>
   </div>
   <div class='ocr_carea' id='block_1_109' title="bbox 350 5551 2002 5626">
    <p class='ocr_par' dir='ltr' id='par_1_109' title="bbox 350 5551 2002 5626">
     <span class='ocr_line' id='line_1_109' title="bbox 350 5551 2002 5626; baseline 0.005 -22"><span class='ocrx_word' id='word_1_847' title='bbox 350 5552 472 5626; x_wconf 83' lang='lat' dir='ltr'>Qua</span> <span class='ocrx_word' id='word_1_848' title='bbox 502 5552 664 5626; x_wconf 74' lang='lat' dir='ltr'>dere</span> <span class='ocrx_word' id='word_1_849' title='bbox 695 5555 753 5605; x_wconf 88' lang='lat' dir='ltr'>et</span> <span class='ocrx_word' id='word_1_850' title='bbox 783 5551 1113 5626; x_wconf 17' lang='lat' dir='ltr'>Liviusilib.</span> <span class='ocrx_word' id='word_1_851' title='bbox 1139 5569 1177 5619; x_wconf 83' lang='grc' dir='ltr'>ι,</span> <span class='ocrx_word' id='word_1_852' title='bbox 1200 5556 1256 5607; x_wconf 90' lang='lat' dir='ltr'>et</span> <span class='ocrx_word' id='word_1_853' title='bbox 1286 5553 1492 5609; x_wconf 91' lang='lat' dir='ltr'>Petrus</span> <span class='ocrx_word' id='word_1_854' title='bbox 1524 5553 1839 5626; x_wconf 89' lang='lat' dir='ltr'>Victorius,</span> <span class='ocrx_word' id='word_1_855' title='bbox 1879 5556 2002 5614; x_wconf 88' lang='lat' dir='ltr'>Var.</span> 
     </span>
    </p>
   </div>
   <div class='ocr_carea' id='block_1_110' title="bbox 353 5621 1349 5693">
    <p class='ocr_par' dir='ltr' id='par_1_110' title="bbox 353 5621 1349 5693">
     <span class='ocr_line' id='line_1_110' title="bbox 353 5621 1349 5693; baseline 0.001 -14"><span class='ocrx_word' id='word_1_856' title='bbox 353 5624 502 5686; x_wconf 79' lang='grc' dir='ltr'>ιεσι.,</span> <span class='ocrx_word' id='word_1_857' title='bbox 535 5621 636 5693; x_wconf 66' lang='grc' dir='ltr'>ιιι),</span> <span class='ocrx_word' id='word_1_858' title='bbox 671 5639 747 5686; x_wconf 84' lang='grc' dir='ltr'>ιν,</span> <span class='ocrx_word' id='word_1_859' title='bbox 781 5639 907 5693; x_wconf 87' lang='lat' dir='ltr'>cap.</span> <span class='ocrx_word' id='word_1_860' title='bbox 945 5624 1032 5678; x_wconf 88' lang='grc'>18.</span> <span class='ocrx_word' id='word_1_861' title='bbox 1063 5625 1349 5680; x_wconf 77' lang='lat' dir='ltr'>SYLBURG.</span> 
     </span>
    </p>
   </div>
   <div class='ocr_carea' id='block_1_111' title="bbox 420 5691 1200 5763">
    <p class='ocr_par' dir='ltr' id='par_1_111' title="bbox 420 5691 1200 5763">
     <span class='ocr_line' id='line_1_111' title="bbox 420 5691 1200 5763; baseline 0.005 -17"><span class='ocrx_word' id='word_1_862' title='bbox 420 5694 534 5763; x_wconf 79' lang='lat'>(87‘,</span> <span class='ocrx_word' id='word_1_863' title='bbox 565 5691 786 5763; x_wconf 79' lang='grc' dir='ltr'>Αὐτοῖς.</span> <span class='ocrx_word' id='word_1_864' title='bbox 818 5691 1026 5757; x_wconf 20' lang='grc' dir='ltr'>Λήύσούς</span> <span class='ocrx_word' id='word_1_865' title='bbox 1059 5696 1200 5752; x_wconf 84' lang='grc' dir='ltr'>Νον.</span> 
     </span>
    </p>
   </div>
   <div class='ocr_carea' id='block_1_112' title="bbox 422 5762 2010 5844">
    <p class='ocr_par' dir='ltr' id='par_1_112' title="bbox 422 5762 2010 5844">
     <span class='ocr_line' id='line_1_112' title="bbox 422 5762 2010 5844; baseline 0.005 -27"><span class='ocrx_word' id='word_1_866' title='bbox 422 5762 534 5834; x_wconf 90' lang='lat'>(88)</span> <span class='ocrx_word' id='word_1_867' title='bbox 569 5764 646 5821; x_wconf 80' lang='lat'>0-5</span> <span class='ocrx_word' id='word_1_868' title='bbox 674 5762 740 5834; x_wconf 83' lang='grc' dir='ltr'>δὴ</span> <span class='ocrx_word' id='word_1_869' title='bbox 769 5784 828 5840; x_wconf 87' lang='grc' dir='ltr'>χ.</span> <span class='ocrx_word' id='word_1_870' title='bbox 866 5767 992 5824; x_wconf 57' lang='lat' dir='ltr'>Haec</span> <span class='ocrx_word' id='word_1_871' title='bbox 1025 5770 1106 5825; x_wconf 76' lang='lat' dir='ltr'>sic</span> <span class='ocrx_word' id='word_1_872' title='bbox 1141 5768 1440 5842; x_wconf 85' lang='lat' dir='ltr'>distinguo</span> <span class='ocrx_word' id='word_1_873' title='bbox 1474 5786 1488 5827; x_wconf 90' lang='lat'>:</span> <span class='ocrx_word' id='word_1_874' title='bbox 1523 5769 1584 5823; x_wconf 85' lang='grc' dir='ltr'>οὗ</span> <span class='ocrx_word' id='word_1_875' title='bbox 1616 5765 1683 5839; x_wconf 71' lang='grc' dir='ltr'>δή</span> <span class='ocrx_word' id='word_1_876' title='bbox 1716 5767 1877 5844; x_wconf 82' lang='grc' dir='ltr'>χάριν</span> <span class='ocrx_word' id='word_1_877' title='bbox 1911 5769 2010 5842; x_wconf 82' lang='grc' dir='ltr'>(είς</span> 
     </span>
    </p>
   </div>
   <div class='ocr_carea' id='block_1_113' title="bbox 2116 5547 3776 5628">
    <p class='ocr_par' dir='ltr' id='par_1_113' title="bbox 2116 5547 3776 5628">
     <span class='ocr_line' id='line_1_113' title="bbox 2116 5547 3776 5628; baseline -0.002 -20"><span class='ocrx_word' id='word_1_878' title='bbox 2116 5554 2216 5628; x_wconf 79' lang='grc' dir='ltr'>γὰρ</span> <span class='ocrx_word' id='word_1_879' title='bbox 2247 5554 2274 5607; x_wconf 88' lang='grc' dir='ltr'>ὁ</span> <span class='ocrx_word' id='word_1_880' title='bbox 2300 5553 2568 5626; x_wconf 86' lang='grc' dir='ltr'>ἀπατεών)</span> <span class='ocrx_word' id='word_1_881' title='bbox 2589 5549 2813 5620; x_wconf 69' lang='grc' dir='ltr'>ἄνωθεν,</span> <span class='ocrx_word' id='word_1_882' title='bbox 2840 5557 2974 5618; x_wconf 90' lang='lat' dir='ltr'>etc.,</span> <span class='ocrx_word' id='word_1_883' title='bbox 2995 5551 3147 5622; x_wconf 91' lang='lat' dir='ltr'>quod</span> <span class='ocrx_word' id='word_1_884' title='bbox 3183 5549 3238 5603; x_wconf 91' lang='lat' dir='ltr'>in</span> <span class='ocrx_word' id='word_1_885' title='bbox 3275 5547 3481 5603; x_wconf 84' lang='lat' dir='ltr'>Latina</span> <span class='ocrx_word' id='word_1_886' title='bbox 3505 5547 3776 5604; x_wconf 84' lang='lat' dir='ltr'>versione</span> 
     </span>
    </p>
   </div>
   <div class='ocr_carea' id='block_1_114' title="bbox 2117 5643 2536 5697">
    <p class='ocr_par' dir='ltr' id='par_1_114' title="bbox 2117 5643 2536 5697">
     <span class='ocr_line' id='line_1_114' title="bbox 2117 5643 2536 5697; baseline -0.01 -13"><span class='ocrx_word' id='word_1_887' title='bbox 2117 5643 2536 5697; x_wconf 75' lang='lat' dir='ltr'>expressnmus.</span> 
     </span>
    </p>
   </div>
   <div class='ocr_carea' id='block_1_115' title="bbox 2191 5690 3290 5772">
    <p class='ocr_par' dir='ltr' id='par_1_115' title="bbox 2191 5690 3290 5772">
     <span class='ocr_line' id='line_1_115' title="bbox 2191 5690 3290 5772; baseline -0.005 -20"><span class='ocrx_word' id='word_1_888' title='bbox 2191 5690 2306 5770; x_wconf 84' lang='lat'>(89)</span> <span class='ocrx_word' id='word_1_889' title='bbox 2338 5697 2741 5772; x_wconf 84' lang='grc' dir='ltr'>Προσμηνύων.</span> <span class='ocrx_word' id='word_1_890' title='bbox 2770 5690 3117 5769; x_wconf 84' lang='grc' dir='ltr'>ΙΙρομηνύων</span> <span class='ocrx_word' id='word_1_891' title='bbox 3147 5691 3290 5748; x_wconf 81' lang='lat' dir='ltr'>NOV.</span> 
     </span>
    </p>
   </div>
  </div>
