4142 6402
300 395 376 450 77
1571 395 2005 454 ΟΟΗΟΒΤΔΤΗ

2125 400 2172 452 D
2210 399 2514 455 GENTEB.
3684 400 3757 456 78

333 519 458 582 θεός
514 521 652 590 (55)·
715 517 931 595 δράκων
993 517 1052 574 δὲ
1107 517 1218 574 ἐστι
1276 519 1458 588 οὗτος,
1513 515 1869 592 διελκόμενος
1896 524 1998 575 τοῦ

2125 523 2325 591 iicam,
2358 541 2431 580 an
2465 523 2710 580 uxoris?
2734 524 3068 590 tracuudia,
3103 539 3230 596 quae
3273 540 3448 579 causa
3493 523 3625 592 fuit,
3661 540 3768 580 cur

333 607 553 664 κόλπου
610 613 716 664 τῶν
775 609 1145 682 τελουμένων·
1225 607 1461 684 ἔλεγχος
1530 608 1788 684 ἀκρασίας
1849 609 1992 673 Διός.

335 698 471 756 Κύει
520 699 612 754 καὶ
660 701 696 769 ἡ
749 701 1070 778 Φερεφάττα
1116 696 1310 772 παῖδα,
1355 699 1740 777 ταυρόμορφον
1776 698 1994 773 ἀμέλει,

331 788 470 866 φησί
498 810 580 850 τις
606 789 846 858 ποιητής
872 786 1166 852 εἷδωλικός
1197 791 1310 862 (56)
1334 807 1349 858 ἓ

2107 613 2328 679 Brimo,
2363 615 2534 685 quasi
2563 617 2806 684 fremens
2832 619 2888 669 et
2920 614 3374 685 indignabunda,
3417 618 3764 686 vocaretur;

2104 703 2364 774 itemque
2391 701 2552 758 Jovis
2582 703 3063 774 supplicationes,
3085 703 3235 758 fellis
3266 703 3538 769 haustus,
3570 703 3765 760 cordis

2108 792 2540 859 convulsiones,
2569 809 2636 847 ac
2668 797 2876 848 cetera
2906 793 2962 848 id
2989 809 3175 864 genus
3209 793 3462 848 infandae
3495 809 3762 849 caeremo-

344 879 592 934 οἰῶ.Αο
640 879 903 952 Phryges
947 881 1240 952 ejusmodi
1299 896 1467 936 sacra
1522 879 1583 936 in
1641 879 1882 950 Attidis,
1914 880 2178 952 Cybeles,
2239 885 2296 936 et
2342 880 2742 952 Corybantum
2801 880 3084 936 honorem
3147 883 3613 954 memoriamque
3675 883 3759 938 fa-

340 968 527 1024 ciunt.
561 969 791 1025 Passim
833 975 1031 1026 autem
1067 970 1222 1026 fama
1245 969 1552 1042 vulgatum
1583 975 1696 1036 est,
1742 967 1941 1025 Jovem
1975 967 2209 1024 avulsos
2236 968 2504 1039 geminos
2554 968 2755 1025 arietis
2784 968 3088 1025 testiculos
3130 969 3191 1024 in
3224 971 3483 1026 medium
3535 971 3758 1027 Cereris

329 1059 533 1114 sinum
568 1060 912 1130 conjecisse,
947 1077 1083 1116 cum
1115 1077 1148 1116 a
1179 1060 1372 1132 seipso
1404 1066 1666 1116 exactam
1710 1058 2094 1115 abscissionis
2127 1058 2294 1130 quasi
2327 1056 2667 1113 voluntariae
2711 1075 2942 1130 poenam
2975 1061 3046 1115 ob
3080 1066 3351 1132 stuprum
3382 1061 3436 1115 vi
3468 1061 3757 1129 oblatum,

329 1147 444 1202 hac
479 1149 685 1205 fraude
716 1149 1049 1204 simularet.
1083 1150 1260 1221 Cujus
1294 1149 1646 1205 initiationis
1677 1148 1908 1220 egregia
1939 1146 2202 1220 symbola
2235 1146 2426 1202 soluto
2459 1148 2765 1220 otiosoque
2796 1149 2994 1204 animo
3028 1150 3332 1221 producta,
3380 1150 3565 1205 risum
3596 1149 3761 1204 vobis

322 1236 535 1308 utique
568 1243 866 1308 moveant,
897 1239 1137 1294 tametsi
1153 1239 1362 1309 opinor
1393 1239 1555 1295 vobis
1572 1239 1759 1294 ridere
1777 1254 1894 1292 non
1908 1236 2070 1307 libet,
2091 1237 2248 1308 quod
2267 1236 2348 1292 sic
2362 1236 2715 1309 religionum
2732 1242 3063 1294 vestrarum
3081 1239 3403 1310 indignitas
3418 1239 3683 1294 omnium
3701 1245 3765 1310 px“

328 1328 391 1382 in
420 1328 612 1384 oculis
647 1329 940 1401 deligatur
971 1347 983 1384 :
1015 1330 1100 1384 Ea:
1127 1334 1388 1402 tympano
1408 1329 1640 1396 comedi,
1674 1328 1810 1397 bibi,
1842 1329 2195 1400 excymbalo,
2220 1344 2448 1383 ceruum
2476 1329 2703 1399 gestavi,
2732 1345 2818 1384 me
2847 1328 2908 1384 in
2939 1329 3246 1384 thalamum
3281 1330 3424 1385 clam
3457 1330 3761 1385 insinuavi.

340 1416 473 1472 Non
507 1418 629 1473 haec
659 1417 932 1488 symbola
961 1418 1638 1491 probrumetjnfamiam
1653 1417 1896 1488 sapiunt
1919 1417 2071 1472 ?non
2088 1416 3546 1491 sannis,ludibrioquedignamysteriasunt?Quid
3571 1436 3765 1490 porro,

331 1505 384 1561 si
420 1511 681 1562 attexam
717 1506 1055 1579 reliquam?
1087 1512 1257 1564 Ceres
1288 1508 1528 1580 quidem
1565 1509 1747 1564 fctum
1781 1506 2048 1576 enititur,
2079 1507 2220 1562 Core
2261 1523 2395 1561 vero
2426 1507 2751 1562 educatur:
2785 1523 3018 1562 rursum
3062 1524 3194 1564 ecce
3231 1508 3339 1562 tibi
3370 1508 3600 1580 Jupiter
3630 1524 3764 1563 cum

325 1593 747 1666 Pberepbalta,
782 1613 960 1668 quam
993 1597 1119 1668 ipse
1153 1601 1457 1668 genuerat,
1493 1602 1623 1668 post
1641 1600 1910 1652 Cererem
1942 1599 2210 1662 matrem,
2234 1595 2636 1666 congreditur,
2661 1597 3005 1652 exsecrandi
3029 1597 3234 1669 ﬂagitii
3259 1597 3472 1670 prioris
3493 1597 3713 1652 oblitus
3749 1614 3763 1666 ;

338 1689 514 1756 pater
544 1691 603 1740 et
634 1690 946 1757 corruptor
976 1691 1065 1741 est
1094 1688 1266 1742 Cores
1297 1687 1566 1758 Jupiter;
1600 1690 1656 1741 et
1703 1686 2082 1757 congreditur
2129 1684 2399 1740 draconis
2453 1687 2638 1740 forma
2672 1690 2899 1754 tectus;
2954 1685 3037 1741 sic
3069 1691 3264 1742 tamen
3316 1691 3381 1742 ut
3410 1685 3510 1757 qui
3557 1687 3666 1741 sub
3698 1703 3767 1742 ea

329 1772 540 1838 lateat,
575 1774 889 1831 manifesto
922 1776 1301 1848 postmodum
1333 1781 1622 1832 teneatur.
1653 1774 1981 1842 Enimvero,
2016 1774 2397 1829 Sabaziorum
2427 1774 2629 1844 utique
2661 1775 3098 1847 mysteriorum,
3131 1775 3225 1842 iis,
3265 1775 3366 1848 qui
3416 1775 3599 1830 sacris
3648 1775 3764 1830 ini-

337 1865 600 1929 tiantur,
633 1864 970 1936 symbolum
1005 1875 1114 1932 est,
1149 1865 1293 1920 deus
1325 1866 1522 1922 sinum
1556 1865 1921 1936 pervadens;
1953 1865 2098 1918 deus
2121 1868 2317 1918 autem
2351 1863 2461 1918 iste
2492 1864 2668 1919 draco
2697 1871 2808 1932 est,
2841 1864 3064 1936 quiper
3091 1865 3350 1920 medium
3367 1881 3593 1935 eorum,
3617 1881 3768 1936 quos

344 1953 596 2009 solemni
631 1953 748 2009 ritu
781 1953 1040 2022 initiant,
1075 1955 1271 2010 sinum
1306 1954 1584 2021 trahitur,
1618 1961 1838 2010 certum
1872 1953 2045 2026 plane
2076 1952 2418 2024 impotentis
2447 1951 2608 2008 Jovis
2639 1952 2902 2009 libidinis
2925 1960 3366 2026 argumentum.
3406 1955 3562 2010 Parit
3589 1954 3768 2011 etiam

335 2042 762 2116 Pberepbalta,
794 2045 897 2099 sed
931 2043 1120 2099 filium
1153 2045 1388 2100 taurina
1418 2044 1648 2117 specie;
1685 2043 1988 2111 nimirum,
2021 2045 2089 2097 ut
2114 2041 2407 2099 idolorum
2438 2041 2628 2098 cultor
2659 2048 2832 2114 poeta
2862 2043 3106 2099 cecinit:

1642 2149 1824 2204 Ταῦοο

1642 2167 1756 2204 ἰἀυ
1797 2168 1857 2209 ος

410 2219 603 2310 ματ-ἐρ
683 2217 1004 2312 δράκοντος,
1040 2219 1417 2312 ηκαὶηπατῆρ
1474 2219 1700 2312 Ιταύρου
1761 2167 1998 2294 Ξράκων.

404 2292 465 2345 Ἐ
535 2288 584 2307 ν’
716 2288 731 2312 ι
854 2291 868 2313 ι
989 2288 998 2290 '
1142 2315 1152 2324 _
1379 2288 1399 2310 ‹
1470 2291 1490 2324 ι
1598 2288 1605 2293 ν
1666 2313 1678 2324 ο

470 2313 498 2345 ν
531 2313 648 2368 ορει
674 2315 740 2348 το
770 2312 1001 2370 κρυιριον
1039 2292 1312 2369 βουκόλος
1339 2313 1402 2347 το
1432 2312 1656 2366 κεντρον

327 2398 707 2469 Βουκολικὸν,
766 2399 946 2473 οἶμαι,
1003 2401 1066 2455 τὸ
1137 2401 1380 2475 γέντρον,
1434 2397 1526 2454 τὸν
1582 2400 1827 2475 νάρθηκα
1881 2395 2004 2452 ἐπι-

323 2487 511 2543 τελῶν
550 2491 685 2563 (οἹ),
719 2487 779 2544 ὅν
825 2487 894 2559 δὴ
943 2488 1114 2545 κάλον
1163 2493 1276 2564 (58)
1329 2486 1746 2567 ἀναστρέφουσιν
1780 2488 1831 2542 οἱ
1868 2487 1996 2563 βάκ-

330 2597 456 2652 χοι.
509 2577 708 2633 Βούλει
754 2578 846 2634 καὶ
893 2580 961 2634 τὰ
1010 2579 1360 2658 Φερεφάττης
1409 2575 1701 2654 ἀνθολόγια
1733 2575 2002 2651 διηγήσοο

329 2665 438 2739 μαί
469 2669 586 2740 (59)
619 2689 727 2738 σοι,
778 2672 870 2724 καὶ
915 2669 1009 2724 τὸν
1061 2666 1325 2741 κάλαθον,
1355 2667 1446 2722 καὶ
1488 2669 1588 2738 τήν
1621 2667 1868 2743 ἁρπαγὴν
1899 2667 1998 2734 τήν

331 2757 446 2811 ὑπὸ
480 2753 796 2826 Αἰόωνὲως,
828 2757 918 2812 καὶ
949 2757 1012 2812 τὸ
1043 2757 1252 2833 σχίσμα
1280 2760 1379 2822 τῆς
1416 2760 1546 2830 γῆς,
1575 2756 1664 2812 καὶ
1696 2757 1791 2818 τὰς
1819 2755 1879 2818 ὗς
1909 2753 2002 2816 τὰς

327 2841 700 2914 Εὐϐου1.ἐ‹υς,
727 2847 822 2908 τὰς
878 2845 1371 2922 συγκαταποθείσας
1418 2852 1537 2900 ταῖν
1589 2847 1777 2914 θεαῖν;
1831 2841 1900 2898 δι’
1931 2845 1996 2915 ἢν

331 2933 525 2988 αἰτίαν
585 2935 638 2989 ἐν
686 2942 806 2998 τοῖς
853 2936 1254 3013 Θεσμοφορίοις
1307 2934 1713 3010 μεγαρίζοντες,
1765 2933 2001 3008 χοίρους

324 3018 708 3079 ἐκϐάλλουσιν
742 3029 877 3100 (60).
907 3025 1120 3096 Ταύτην
1151 3026 1251 3094 τὴν
1284 3023 1617 3100 μυθολογίαν
1649 3025 1704 3079 αἱ
1752 3029 2001 3100 γυναῖκες

325 3111 611 3176 ποικίλως
654 3114 794 3169 κατὰ
840 3112 1008 3170 πόλιν
1059 3113 1433 3189 ἑορτάζουσιν,
1467 3113 1834 3191 Θεσμοφόρια,
1870 3119 1998 3167 Σκι-

327 3202 572 3277 ροφόρια
599 3205 735 3277 (61),
769 3201 1137 3278 πολυτρόπως
1187 3203 1286 3271 τήν
1335 3203 1686 3280 Φερεφάττης
1723 3199 2003 3278 ἐκτραγῳ-

329 3287 524 3345 δοῦσαι
557 3291 836 3368 ἁρπαγήν.
887 3293 968 3350 Τὰ
1015 3292 1118 3367 γάρ
1171 3293 1433 3347 Διονύσου
1488 3292 1762 3365 μυστήρια
1810 3289 2001 3346 τὲλεον

330 3380 702 3456 ἀπάνθρωπα,
749 3380 807 3436 ὅν
865 3381 1028 3437 εἷσὲτι
1089 3379 1258 3436 παῖδα
1323 3377 1472 3448 ὄντα,
1526 3379 1745 3453 ἐνόπλῳ
1789 3381 2000 3451 κινήσει

326 3470 816 3544 περιχορεύοντων
869 3473 1193 3546 Κουρήτων,
1247 3468 1398 3543 δόλῳ
1449 3466 1505 3524 δὶ
1557 3467 1874 3524 ύποδύντων
1905 3471 2002 3526 Τι-

329 3560 514 3614 τάνων
562 3562 702 3632 (62),
762 3561 1135 3632 ἀπατήσαντες
1191 3557 1616 3634 παιδαριώδεσιν
1674 3558 2002 3635 ἀθύρμασιν,

335 3649 492 3703 οὗτοι
547 3647 616 3720 δὴ
671 3651 723 3704 οἱ
772 3653 992 3712 Τιτᾶνες
1042 3647 1354 3718 διέσπασαν,
1404 3647 1481 3704 ἔτι
1530 3647 1809 3723 νηπίαχον
1856 3644 2003 3722 ὄντα,

405 3780 472 3845 ,ι‹
501 3771 567 3826 Ρ.
601 3771 692 3840 14,
727 3769 794 3824 45
821 3769 934 3824 eo.
966 3768 1276 3836 POTTER,
1311 3767 1501 3839 ηυξ
1531 3766 1647 3826 an.
1688 3767 1918 3823 PARIS.

337 3885 802 3960 Ipsarnouissime
831 3900 1010 3950 sacra,
1045 3887 1096 3939 et
1125 3885 1270 3960 ritus
1299 3881 1619 3960 initationis
1643 3884 1837 3960 ipsius,
1871 3883 1998 3954 qui-

341 3955 443 4017 bus
467 3957 727 4014 Sebadiis
755 3972 956 4011 nomen
987 3961 1085 4021 est,
1108 3955 1426 4011 testimonio
1470 3971 1584 4010 esse
1623 3957 1879 4026 polerunt
1912 3969 2000 4009 ve-

337 4033 523 4096 ritati,
558 4030 619 4085 in
644 4030 844 4101 quibus
891 4043 1097 4101 aureus
1138 4029 1360 4083 coluber
1389 4029 1454 4101 in
1478 4030 1666 4101 sinum
1693 4026 2006 4101 dimittitur

335 4097 702 4167 consecratis,
735 4109 788 4156 et
818 4099 1093 4156 eximitur
1114 4116 1309 4154 rursus
1341 4100 1409 4153 ab
1441 4098 1804 4169 inferioribus
1822 4097 2002 4168 parti-

339 4178 464 4234 bus.
505 4173 819 4242 Firmicus,
866 4188 994 4242 cap.
1029 4172 1134 4226 27:
1186 4171 1446 4242 Sequitur
1491 4171 1649 4225 aliud
1695 4170 2006 4242 symbolum

445 4284 658 4354 Ταῦρος
693 4276 1004 4354 δράκοντος,
1050 4277 1138 4332 καὶ
1191 4274 1407 4351 δράκων
1452 4275 1653 4352 ταύρου
1683 4277 1889 4350 πατήρ.

341 4392 504 4446 Idem
570 4403 700 4457 cap.
733 4387 813 4440 2:
872 4385 1188 4441 Sebastium
1233 4386 1465 4440 colentes
1494 4385 1698 4457 Iouem,
1741 4399 2006 4456 anguem,

338 4478 466 4518 cum
501 4456 833 4523 initiantur,
868 4474 969 4526 per
987 4459 1178 4512 sinum
1219 4457 1432 4512 ducunt
1458 4473 1476 4511 ε
1507 4456 1686 4511 adhuc
1727 4458 1902 4526 primi
1921 4472 2008 4508 ar-

340 4532 497 4588 r0ria
529 4530 675 4586 vitia
706 4533 1062 4598 grassantur,
1085 4537 1138 4584 et
1159 4528 1424 4599 quidquid
1445 4526 1722 4582 hominem
1740 4528 2008 4598 perdidit,

340 4550 497 4588 roma
529 4546 675 4586 vma
706 4546 1062 4598 grassantur,
1085 4546 1138 4584 et
1159 4546 1289 4599 quia
1327 4546 1422 4582 uia
1445 4546 1722 4582 nominem
1740 4546 2008 4598 perat/tu,

337 4606 573 4671 colitur,
597 4610 648 4657 et
675 4603 894 4675 funesti
922 4604 1121 4672 anguis
1149 4546 1352 4656 colliga
1373 4600 1680 4655 crudelitas
1723 4599 2009 4654 adoratur.

354 4678 632 4732 COLLECT.

420 4749 537 4830 (βῆ)
571 4743 726 4830 ᾳΞός.
761 4743 954 4830 §upra
983 4742 1136 4830 hanc
1176 4758 1380 4830 'vocem
1429 4741 1647 4830 aliquis
1693 4742 2012 4830 Befovnscri-

594 4817 731 4872 Nov.
768 4812 920 4883 Mox,
947 4831 1049 4886 pro
1077 4812 1244 4880 ἐστίν,
1274 4818 1442 4886 Joan.
1469 4812 1645 4886 habet
1689 4813 1803 4869 καὶ.
1833 4813 2013 4886 Euse-

385 4819 464 4875 sit
496 4819 555 4872 in

385 4893 482 4945 ius
507 4893 786 4945 neutrum
809 4881 1097 4958 agnoscit.
1123 4886 1289 4952 Dein,
1313 4882 1710 4958 διολκούμενος
1740 4901 1842 4958 pro
1866 4881 2014 4938 διελ-

340 4963 608 5035 κόμενος,
642 4958 887 5035 Euseb.,
904 4958 1069 5035 lan
1083 4997 1095 5010 .

416 5023 532 5106 (56)
576 5029 824 5106 Ποιητής
874 5023 978 5083 sib.
1026 5028 1294 5097 Ποιητής,
1346 5023 1600 5088 εἷ’δωλιὸς
1644 5030 1861 5102 ταῦρος·
1907 5045 2016 5081 πα-

338 5103 476 5178 τὴρ,
505 5109 619 5178 ete_.
645 5103 788 5159 Nov.

419 5169 540 5251 (57)
599 5169 1073 5251 Ἐπιτελῷω-βὴ
1121 5171 1362 5251 quidem
1412 5175 1638 5251 veteres
1699 5169 2018 5251 Clementis
2126 5169 2236 5224 τον.

344 5237 646 5305 editiones
677 5263 707 5301 e
740 5246 870 5301 cod.
923 5237 1296 5311 Florentino;
1346 5245 1691 5314 nuperiores
1738 5237 2016 5296 ἐπικαλῶν

340 5322 594 5383 habent,
619 5333 794 5388 quam
821 5317 1133 5388 lectionem
1153 5316 1392 5370 firmant
1414 5315 1580 5388 Nov.,
1605 5315 2016 5388 Euseb.,.loan.

341 5393 516 5450 Unde
552 5386 660 5446 nec
699 5387 960 5444 dubitari
1008 5392 1222 5460 potest,
1265 5388 1413 5459 quin
1462 5386 1546 5442 ita
1578 5386 1883 5458 scripserit
1913 5403 2021 5442 au-

339 5471 504 5522 ctor.

418 5535 536 5604 (58)
567 5535 664 5588 "Ov
698 5528 765 5599 δὴ
816 5528 1012 5604 κᾴ-λον.
1071 5530 1215 5601 Lego
1245 5527 1438 5604 καλόν,
1473 5534 1538 5585 ut
1588 5530 1682 5604 sit
1707 5527 1880 5604 καλόν
1917 5544 2020 5600 pro

340 5601 563 5673 καλῶς,
611 5606 808 5676 inquit
853 5602 1206 5676 Hervetus:_
1235 5601 1420 5655 κάλων
1473 5601 1784 5676 Eusebius,
1844 5601 2017 5676 Joan.

335 5670 746 5738 Montacutius
776 5673 1020 5742 conjicit
1042 5670 1228 5741 καλοί,
1262 5679 1326 5729 ut
1357 5673 1666 5729 conveniat
1697 5689 1832 5729 cum
1876 5672 2020 5727 Βάκ-

912 5745 965 5799 ιὰ
993 5743 1208 5800 κάλὼν’
1255 5746 1372 5802 nisi
1403 5762 1474 5803 ea
1502 5761 1610 5802 vox
1671 5743 2021 5817 praecedenti

339 5751 462 5809 χοι.
503 5753 673 5809 Forte
703 5749 818 5821 leg.

2030 2155 2079 2220 B

2186 2222 2392 2276 Taurus
2419 2221 2717 2277 draconem
2745 2225 2956 2293 genuit,
2981 2231 3032 2277 et
3063 2227 3286 2278 taurum
3316 2222 3479 2280 draco
3505 2243 3520 2292 ;

2183 2294 2245 2348 In
2276 2303 2463 2350 monte
2492 2295 2764 2350 occultum
2796 2294 3060 2351 bubulcus
3085 2296 3375 2350 stimulum
3403 2313 3416 2350 :

2111 2398 2371 2467 Bubulci,
2432 2400 2659 2472 opinor,
2721 2403 3033 2468 sti-mulum,
3113 2402 3364 2457 scutiam
3433 2401 3770 2470 nominans,

2111 2506 2290 2561 quam
2320 2489 2497 2562 lignis
2538 2491 2894 2558 quibusdam
2948 2490 3222 2546 homines
3265 2491 3544 2547 Bacchico
3577 2493 3772 2548 furore

2111 2579 2360 2650 correpti
2404 2579 2839 2651 circumagunt.
2892 2579 3026 2634 Vin’
3058 2586 3122 2635 tu
3158 2581 3250 2636 hic
3297 2583 3471 2636 etiam
3525 2581 3707 2637 lectos
3738 2599 3772 2636 a

2109 2667 2460 2740 Proserpina
2495 2668 2668 2724 ﬂores
2695 2669 2799 2724 tibi
2855 2685 3332 2740 commemorem,
3379 2671 3770 2742 ejusdemque

2109 2757 2430 2823 calathum,
2455 2762 2511 2812 et
2529 2765 2761 2828 raptum
2789 2775 2822 2813 a
2845 2759 3088 2814 Plutone
3112 2764 3428 2830 patratum,
3464 2765 3521 2815 et
3541 2760 3768 2817 hiatum

2109 2851 2299 2906 terrae,
2336 2851 2394 2901 et
2426 2845 2670 2902 Eubulei
2718 2863 2876 2914 sues,
2912 2864 3042 2918 quae
3074 2864 3208 2902 cum
3257 2853 3510 2920 utraque
3539 2855 3657 2905 Dea
3689 2852 3767 2906 si-

2109 2934 2232 2990 mul
2267 2935 2493 2990 hausta:
2524 2935 2852 2990 dicuntur?
2884 2937 3038 3006 quod
3072 2937 3311 3007 quidem
3345 2938 3402 2992 in
3449 2955 3629 2994 causa
3658 2943 3767 3008 est,

2109 3041 2214 3080 cur
2243 3025 2301 3079 in
2336 3024 2821 3095 ThesmOphoriis
2853 3025 3151 3097 Megarica
3180 3025 3384 3098 lingua
3415 3043 3622 3098 porcos
3662 3028 3769 3099 eji-

2107 3116 2285 3170 ciant.
2338 3115 2541 3169 Totam
2589 3115 2742 3169 hanc
2785 3114 3056 3170 fabellam
3111 3115 3282 3170 variae
3326 3117 3603 3172 mulieres
3645 3118 3772 3173 sin-

2112 3202 2268 3276 gulis
2302 3203 2643 3273 ingurbibus
2675 3203 2925 3260 solemni
2954 3205 3100 3260 {este
3130 3204 3448 3274 celebrant,
3482 3206 3772 3268 Thesmo-

2112 3292 2339 3363 phoria,
2371 3292 2819 3363 Scirrhopboria
2847 3312 2861 3363 ;
2892 3297 3068 3364 atque
3101 3292 3170 3366 ῖχέ
3197 3293 3279 3348 ita
3327 3295 3578 3350 diversis
3606 3295 3777 3367 plane

2111 3380 2468 3453 tragicisque
2491 3382 2682 3437 modis
2706 3387 2940 3456 raptum
2965 3382 3326 3455 Proserpinae
3349 3383 3774 3440 recolunt.Jam

2115 3469 2321 3525 Bacchi
2373 3469 2652 3542 mysteria
2709 3471 2870 3526 omni
2936 3471 3170 3527 diritate
3224 3471 3529 3527 teterrima
3591 3477 3770 3543 sunt;

2118 3560 2336 3632 quippe
2354 3576 2552 3631 quem,
2578 3560 2717 3615 dum
2744 3561 2936 3616 adhuc
2965 3560 3249 3632 puerulus
3280 3566 3528 3629 esset,ac
3551 3561 3770 3619 circum

2114 3649 2310 3721 ipsum
2344 3652 2585 3704 Curetes
2611 3655 2841 3705 armata
2892 3649 3202 3706 saltatione
3252 3654 3584 3723 agerentur,
3628 3652 3768 3708 sub-

2114 3878 2389 3934 ἐπικαλῶν
2425 3881 2824 3954 proseminata
2856 3886 2962 3945 est,
2997 3882 3192 3953 inquit
3231 3882 3500 3954 Vigerus.
3536 3884 3604 3938 Et
3634 3883 3768 3954 qui-

2113 3955 2246 4024 dem
2270 3968 2399 4024 Anon
2433 3957 2538 4024 est,
2565 3953 2836 4008 absimile
2864 3970 3020 4022 vero,
3076 3953 3333 4024 aliquem
3369 3957 3540 4024 juxta
3568 3953 3764 4010 voCem

2115 4020 2380 4097 ἐπιτελῶν
2417 4023 2471 4077 in
2507 4023 2636 4078 libri
2672 4020 3064 4097 suiqmargine
3099 4020 3431 4095 adnotasse,
3467 4033 3532 4081 ut
3579 4027 3768 4081 verio-

2115 4113 2237 4170 rem
2271 4096 2605 4170 lectionem,
2635 4126 2704 4135 —
2725 4094 3142 4170 κάλωνξὶόᾳυθ
3165 4103 3369 4169 postea
3389 4094 3461 4154 ab
3492 4099 3768 4170 imperito

2117 4167 2401 4295 goriptore
2434 4167 2490 4220 in
2523 4171 2770 4234 textum,
2797 4167 2921 4224 loco
2944 4174 3138 4224 tamen
3166 4167 3282 4225 non
3305 4187 3432 4237 suo,
3469 4167 3767 4241 receptum

2142 4254 2322 4295 uisse.

2133 4238 2322 4295 ’uisse.

2328 4309 2706 4382 Aminaeum.
2737 4312 3124 4382 ᾼιηγήσωμαι,
3170 4312 3405 4377 Euseb.,
3437 4315 3613 4382 recte.
3643 4314 3773 4382 Mox

2189 4327 2300 4381 tau)
2335 4327 2579 4379 Διηγησο
2631 4327 2706 4362 αι.
2737 4327 3124 4382 Διηγησωμαι,
3171 4327 3405 4377 Euseb.,
3437 4327 3610 4366 recte.
3645 4327 3773 4365 mox

2117 4382 2217 4448 τήν
2253 4379 2341 4432 ὑπ’
2395 4327 2681 4455 ᾼῖδωνῖως
2731 4380 3006 4455 ἁρπαγήν,
3056 4383 3451 4455 ἱᾶθιτιπλῡιξὶιι,
3481 4380 3774 4455 τὸηχάσμα

2117 4446 2218 4517 τῆς
2240 4457 2368 4524 γῆς,
2389 4453 2543 4506 idem
2571 4446 3031 4509 θιῦοθῂΡόεὶθα
3044 4456 3141 4507 τοῦ
3166 4446 3511 4519 Εὺϐουλὲως,
3536 4446 3772 4524 Euseb.,

2121 4527 2220 4582 sed
2252 4523 2349 4583 τάς
2383 4525 2590 4578 retinet
2617 4523 2788 4578 Joan.

2197 4597 2310 4667 (60)
2354 4594 2594 4670 χοίρους
2652 4588 3037 4670 ἐκβᾶλλουσιν.
3091 4595 3335 4670 Χ-είρους-
3371 4592 3775 4670 ἐμβάλλουσιν,

2123 4665 2294 4725 Joan.
2351 4665 2502 4734 Mori,
2552 4665 2822 4741 ποικίλως
2878 4668 3017 4722 κατὰ
3070 4665 3260 4741 πόλεις
3318 4665 3662 4741 ξορτᾶζουσιν
3723 4668 3779 4721 αἱ

2122 4743 2396 4816 γυναῖκες.
2423 4739 2660 4816 Euseb.,
2691 4739 2862 4796 Joan.
2896 4741 3038 4797 Dein
3075 4737 3535 4816 ἐκτραγῳδοῦσιν,
3567 4743 3779 4798 Euseb.

2127 4806 2231 4884 im
2261 4806 2722 4885 ἐκτραγῳδρδσᾳι-

2201 4883 2316 4952 (61)
2358 4879 2788 4959 ’Σκιρροφόρῂιῳ
2841 4883 3229 4959 -Τκιροφόρια,
3307 4883 3560 4959 Euseb.,_
3611 4883 3780 4940 Joan.

2052 4961 2094 5026 ι]
2129 4954 2459 5030 Utrumque
2491 4952 2603 5030 dici
2629 4952 2799 5030 solet.
2832 4952 3127 5030 Caeterum
3159 4960 3291 5030 post
3323 4952 3784 5030 anpoqépzase-

2130 5027 2334 5098 quitur
2359 5023 2512 5098 apud
2541 5023 3358 5098 N0v.impressum,Eu'seb.et
3377 5023 3786 5098 magum-

2127 5095 2380 5173 τοφόριὰ,
2399 5095 2573 5173 ’συοςί
2607 5095 3157 5173 excidissevidetur
3177 5105 3415 5173 propter
3433 5095 3787 5173 ὁμοιοτελευ-

2310 5117 2380 5165 ια,
2418 5117 2573 5169 quoa
2607 5117 2894 5152 excidisse
2919 5117 3157 5153 vxoetur
3177 5117 3412 5169 propter
3433 5117 3787 5168 ομοιοτεΑευ-

2271 5117 2390 5225 liae
2414 5170 2673 5240 quidem,
2735 5169 3119 5240 aitAVigerus,
3167 5170 3353 5240 rejici,
3387 5170 3550 5240 debet
3585 5186 3597 5235 ;
3650 5169 3790 5240 licet

2127 5237 2502 5315 grammatici
2535 5237 2884 5315 Ἀῤῥηφορία
2917 5237 3318 5315 potius,quam
3355 5237 3788 5315 ’Abémoqdpia,

2127 5311 2217 5367 vel
2249 5311 2664 5387 Ἀρρῃτοφορςία
2695 5311 3187 5387 scripserintﬂoc
3222 5329 3394 5385 porro
3411 5311 3652 5387 _'t'estum
3681 5311 3794 5366 Mi-

2131 5383 2325 5441 nervae
2353 5383 2477 5449 alii,
2506 5383 2614 5454 alii
2647 5400 2786 5438 vero
2808 5385 3031 5439 Cereris
3064 5390 3122 5439 et
3154 5383 3516 5454 Proserpinae
3546 5383 3790 5438 iaciunt.

2203 5457 2316 5527 (6‘2)
2402 5451 2749 5527 Ὑποδύντων
2832 5454 3095 5510 Τιτᾶνων.
3187 5451 3427 5527 Brevius
3481 5458 3539 5508 et
3577 5455 3796 5510 clarius

2133 5523 2450 5599 legeretur,
2497 5523 2795 5599 ὑποδύντες
2844 5530 3089 5599 Τιτᾶνες,
3120 5525 3211 5578 καὶ
3250 5525 3622 5599 ἀπατήσαντες
3671 5545 3796 5579 παι-

2135 5595 2460 5673 δαριώδεσιν
2524 5597 2826 5673 ἀθύρμασι,
2895 5596 3208 5673 διέσπασαν,
3269 5597 3344 5658 ὡς
3403 5598 3432 5652 ὁ
3483 5605 3607 5667 τῆς.
3670 5606 3796 5673 etc.

2132 5665 2281 5742 Nam
2316 5672 2362 5728 si
2417 5673 2585 5742 prius
2621 5665 2785 5725 εἰσέτι
2816 5665 3005 5725 παῖδα
3053 5665 3204 5739 ὄντας
3257 5665 3550 5742 quorsum
3591 5670 3802 5742 deinde

2133 5740 2211 5798 ἔτι
2233 5738 2515 5818 νηπίαχον
2548 5738 2684 5798 ὄντα
2720 5760 2733 5811 ;
2769 5743 2915 5810 Quid
2939 5743 2968 5798 ‘I
2991 5743 3146 5814 quod
3181 5738 3472 5800 Sententia
3503 5751 3636 5816 post
3665 5740 3801 5797 ὑπο-
