4142 6400
266 449 372 504 105

1522 450 1982 506 COHORTATIO
2019 453 2116 506 AD
2157 455 2462 510 GENTES.

3606 455 3709 510 106

265 571 558 649 ὑφηγεῖται
615 573 718 624 τοῦ
777 570 1038 643 σώματος
1096 570 1289 644 μικρὸν
1340 573 1499 645 (59),
1558 571 1931 649 φριξόνριχα,

2063 575 2440 650 Hieronymus
2501 578 2914 653 philosophus,
2970 596 3088 652 quo
3147 579 3408 652 corporis
3497 579 3704 636 habitu

264 660 538 736 ῥωστικόν
599 658 944 734 Δικαίαρχος
1009 656 1068 714 δὲ
1131 659 1350 735 σχιζίαν
1570 707 1585 733 ,
1644 659 1937 738 νευρώδη,

263 748 529 822 μέλανα,
587 750 826 823 γρυπὸν,
891 750 1277 824 ὗποχαροπὸν,
1325 749 1708 826 τετανότριχα.
1767 751 1943 814 Οὗτος

261 837 360 893 οὖν
395 840 424 892 ὁ
452 837 758 914 Ἡρακλῆς,
791 836 889 893 δύο
921 841 1062 915 πρὸς
1092 844 1210 901 τοῖς
1239 841 1577 911 πεντήκοντα
1609 839 1701 910 ἔτη
1741 835 1938 916 βεϐυο-

255 930 374 992 κὼς
405 931 740 1003 κατέστρεψε
795 930 890 984 τὸν
949 929 1095 1004 βίον,
1156 927 1245 984 διά
1301 936 1401 1000 τῆς
1458 929 1510 985 ἐν
1565 928 1702 1004 Οἴτῃ
1762 935 1938 1004 πυρᾶς

252 1016 691 1091 κεκηδευμένος.
727 1017 840 1080 Τὰς
897 1015 956 1073 δὲ
1009 1017 1252 1089 Μούσας,
1316 1016 1376 1081 ἅς
1434 1016 1783 1094 ’Ἀλκανδρος
1815 1019 1940 1083 Διὸς

255 1109 354 1162 καὶ
386 1107 774 1182 Μνημοσύνης
803 1107 1150 1184 γενεαλογεῖ,
1212 1112 1308 1163 καῖ
1365 1107 1417 1162 οἱ
1478 1106 1670 1163 λοιποὶ
1711 1105 1938 1178 ποιηταὶ

253 1198 353 1252 καὶ
410 1202 752 1275 συγγραφεῖς
815 1195 1160 1267 ἐκθειάζουσι
1237 1197 1330 1251 καὶ
1375 1190 1648 1251 σὲϐουσιψ
1707 1193 1816 1266 ἤδη
1881 1193 1939 1250 δὲ

253 1286 353 1342 καὶ
387 1284 520 1341 ὅλαι
554 1285 747 1347 πόλεις
783 1290 1014 1358 μουσεῖα
1042 1285 1137 1358 μὲν
1163 1283 1374 1355 ’ίζουσιν
1411 1286 1526 1358 (61)
1562 1284 1942 1357 αὖταῖςξΜοό-

261 1396 408 1438 σαις·
446 1372 614 1436 οὔσας
669 1372 1060 1450 θεραπαινίδας
1106 1373 1304 1438 ταύτας
1349 1373 1580 1444 ἐώνηται
1641 1373 1938 1450 Μεγακλὼ,

258 1467 295 1534 ἠ
334 1466 578 1540 θυγάτηρ
611 1463 895 1539 Μάκαρος.
950 1464 1012 1521 Ὀ
1073 1460 1132 1518 δὲ
1162 1463 1356 1540 Μάκαρ
1404 1457 1646 1518 Λεσϐίων
1681 1465 1777 1535 μὶν
1807 1458 1941 1518 ἐϐα-

261 1553 510 1622 σίλευεν,
565 1549 848 1629 διεφέρετο
915 1550 975 1607 δὲ
1021 1551 1104 1608 ἀεὶ
1156 1552 1295 1628 πρὸς
1351 1553 1455 1622 τὴν
1492 1557 1741 1627 γυναῖκα·
1795 1553 1940 1627 ἠγα-

259 1642 450 1697 νάκτει
487 1637 546 1696 δὲ
576 1644 612 1711 ἡ
647 1640 926 1716 Μεγακλὼ
993 1643 1126 1717 ὑπὲρ
1184 1647 1285 1710 τῆς
1337 1641 1569 1717 μητρός·
1627 1639 1685 1696 τί
1735 1637 1782 1695 δ’
1840 1641 1940 1696 οὐκ

260 1731 476 1807 ἔμελλε
511 1753 524 1803 ;
562 1731 657 1786 καὶ
688 1733 914 1795 Μούσας
948 1735 1062 1807 (62)
1095 1730 1482 1808 θεραπαινίδας
1510 1732 1733 1806 ταύτας,
1748 1732 1939 1788 τοσαύ-

259 1843 359 1883 τας
387 1821 486 1876 τὸν
521 1821 784 1896 ἀριθμὸν,
817 1821 1068 1890 ὠνεῖται,
1099 1821 1190 1876 καὶ
1221 1820 1383 1877 καλεῖ
1438 1820 1626 1883 Μύσας
1675 1822 1813 1876 κατά
1834 1822 1935 1890 τὴν

2051 665 2225 721 fuerit
2253 684 2560 736 enarrans,
2589 685 2824 738 parvum
2854 669 3041 725 fuisse
3098 673 3408 736 memorat,
3468 670 3704 725 horren-

2050 755 2196 811 tibus
2241 757 2488 828 capillis,
2551 759 2730 828 ﬁrmis
2785 759 3027 814 viribus.
3120 759 3490 814 Dicasarchus
3578 775 3710 814 vero

2048 846 2383 914 quadratum
2410 863 2724 916 nervosum,
2755 847 3006 919 nigrum,
3043 864 3178 903 naso
3240 847 3515 919 aquilino,
3575 849 3707 904 sub-

2047 933 2229 989 caesiis
2308 935 2483 990 oculis
2543 937 2806 1008 promissi
2859 936 3084 1008 capitis.
3143 943 3335 1009 Atque
3392 936 3486 992 hic
3567 937 3704 1007 qui-

2058 1021 2215 1091 dem,
2252 1029 2569 1095 postquam
2601 1026 2750 1080 duos
2800 1042 2980 1098 supra
3038 1025 3470 1097 quinquaginta
3517 1041 3704 1080 annos

2050 1111 2317 1182 vixisset,
2375 1112 2556 1168 vitam
2606 1113 2816 1182 ﬁnivit,
2870 1119 2930 1170 et
2981 1113 3039 1168 in
3093 1113 3264 1168 OEtea
3318 1130 3460 1184 pyra
3535 1114 3703 1167 fune-

2055 1205 2219 1256 ratus
2244 1199 2307 1264 ἦ(
2338 1207 2446 1256 est.
2477 1201 2606 1257 Jam
2637 1219 2772 1258 vero
2803 1202 3025 1272 Musas,
3059 1219 3208 1274 quas
3237 1202 3526 1259 Alcander
3563 1201 3707 1257 dicit

2052 1305 2183 1345 esse
2212 1290 2374 1346 Jovis
2401 1294 2458 1346 et
2478 1295 2886 1364 Mnemosynes
2916 1291 3089 1358 ﬁlias,
3151 1291 3480 1362 reliquique
3523 1292 3702 1347 etiam

2052 1387 2230 1450 poetis
2261 1384 2315 1436 et
2345 1381 2660 1451 scriptores
2692 1382 2935 1438 deorum
2969 1381 3289 1437 honoribus
3322 1381 3611 1448 afﬁciunt,
3646 1386 3704 1436 et

2050 1473 2179 1524 lotae
2211 1468 2477 1525 civitates
2508 1470 2823 1525 exstructis
2841 1471 2910 1526 de
2941 1470 3181 1526 nomine
3211 1471 3476 1541 ipsarum
3507 1468 3704 1524 Muscis

2049 1557 2269 1627 colant,
2303 1574 2438 1612 cum
2471 1557 2684 1613 ancilla
2716 1563 2934 1626 essent,
2981 1567 3238 1614 mercata
3293 1563 3384 1614 est
3445 1557 3704 1629 Megaclo

2049 1646 2296 1702 Macaris
2326 1647 2469 1703 filia.
2497 1648 2552 1702 Is
2575 1651 2769 1702 autem
2804 1647 3017 1714 Macar,
3051 1663 3186 1702 cum
3221 1663 3319 1702 rex
3363 1651 3522 1702 esset
3575 1652 3705 1701 Les-

2047 1734 2444 1804 biorum,cum
2467 1753 2645 1791 uxore
2671 1736 2950 1792 assiduus
2986 1735 3118 1792 lites
3149 1735 3471 1790 exercebat.
3511 1734 3713 1789 Matris

2047 1825 2233 1879 vicem
2283 1825 2664 1881 vehementer
2720 1826 2956 1881 dolebat
3020 1824 3327 1896 Megaclo:
3389 1824 3530 1896 quid
3593 1841 3708 1878 non

267 1909 559 1966 διάλεκτον
589 1911 692 1978 τήν
747 1909 1004 1968 Δίολὲων
1035 1913 1169 1985 (63).
1198 1909 1410 1972 Ταύτας
1450 1907 1734 1983 ἐδιδάξατο
1765 1907 1936 1981 ᾅδειν,

2063 1913 2276 1969 :‘actura
2305 1919 2432 1969 erat
2457 1913 2485 1968 ‘l
2507 1915 2708 1984 Itaque
2727 1914 2836 1970 has
2867 1914 3112 1971 ancillas
3163 1914 3406 1969 totidem
3469 1929 3714 1968 numero

273 2001 367 2055 καὶ
423 1999 721 2071 κιθαρίζειν
777 2000 881 2063 τὰς
935 1999 1158 2074 πράξεις
1215 2000 1312 2061 τὰς
1370 1996 1612 2062 παλαιᾶς
1657 1997 1938 2072 ἐμμελῶς.

283 2089 353 2142 Ai.
380 2085 457 2156 δὲ,
492 2091 735 2163 σδνεχῶς
771 2088 1178 2159 κιθαρίζουσαι,
1227 2086 1319 2141 καὶ
1377 2085 1567 2149 καλῶς
1598 2085 1939 2158 κατεπᾴδου-

280 2199 388 2246 σαι,
416 2178 505 2232 τὸν
535 2176 770 2252 Μάκαρα
809 2172 1060 2252 ἕθελγον,
1114 2175 1204 2231 καὶ
1262 2175 1562 2231 κατέπαυον
1616 2182 1718 2246 τῆς
1749 2175 1940 2250 ὀργῆς.

275 2267 351 2323 Οὗ
384 2263 449 2334 δη
510 2265 712 2341 χάριον
767 2268 803 2336 ἡ
866 2264 1166 2340 Μεγακλὼ,
1193 2267 1558 2340 χαριστήριον
1588 2264 1776 2326 αὐταῖς
1808 2264 1940 2340 ὑπὲρ

267 2360 369 2421 τῆς
401 2356 644 2427 μητρὸς,
676 2355 910 2426 ἀνέθηκε
967 2353 1174 2425 στήλας
1231 2356 1347 2427 (64)
1404 2355 1642 2429 χαλκᾶς,
1699 2355 1792 2409 καὶ
1847 2354 1946 2408 άια

263 2444 443 2500 πάντα
475 2443 732 2499 ἐκέλευσε
779 2444 1044 2518 τιμᾶσθαι
1101 2443 1167 2498 τὰ
1218 2443 1359 2519 ἱερά.
1406 2443 1509 2500 Καὶ
1556 2444 1612 2498 αἱ
1673 2444 1768 2516 μὲν
1798 2449 1880 2498 Μο
1923 2475 1947 2488 -ι

263 2555 377 2606 σαι,
409 2530 650 2588 τοιαίδε’
686 2535 722 2602 ἡ
757 2530 817 2587 δὲ
870 2534 1090 2607 ἱστορία
1119 2532 1267 2607 παρᾶ
1297 2529 1566 2609 Μυρσίλῳ
1596 2537 1679 2605 τῷ
1708 2527 1941 2605 Λεσϐίῳ.

261 2624 525 2680 ’Λκοῦετε
555 2621 624 2693 δὴ
662 2621 756 2678 οὖν
786 2628 895 2678 τῶν
945 2624 1076 2698 παρ’
1111 2623 1238 2696 ὑμῖν
1270 2624 1404 2677 θεῶν
1435 2621 1564 2684 τοὺς
1596 2619 1822 2698 ἔρωτας,
1851 2621 1942 2676 καὶ

258 2715 356 2776 τας
387 2709 744 2790 παραδόξους
775 2718 882 2782 τῆς
939 2710 1198 2785 ἀκρασίας
1261 2709 1622 2784 μυθολολίας,
1654 2710 1744 2765 καὶ
1773 2710 1944 2786 τραύ-

269 2823 415 2875 ματα
467 2801 679 2872 αὐτῶν,
711 2802 805 2856 καὶ
866 2798 1060 2874 δεσμὰ,
1118 2799 1208 2855 καὶ
1264 2799 1531 2875 γέλωτας,
1589 2799 1680 2854 καὶ
1736 2798 1941 2875 μάχαςο

259 2888 523 2953 δουλείας
554 2912 616 2946 τε
646 2889 752 2958 ἔτι,
787 2889 879 2944 καὶ
938 2890 1240 2963 συμπόσια·
1277 2887 1610 2962 συμπλοκάς
1636 2890 1685 2944 τ’
1735 2887 1822 2957 αὖ,
1851 2887 1943 2943 καὶ

261 2977 501 3056 δάκρυα,
562 2979 656 3034 καὶ
715 2981 910 3050 πάθη,
967 2979 1063 3033 καὶ
1126 2976 1434 3054 μαχλώσας
1488 2975 1716 3048 ἡδοιάς.
1776 2975 1944 3031 Κάλει

267 3089 364 3140 μοι
390 3070 514 3138 (65)
544 3068 641 3122 τὸν
673 3064 947 3136 Ποσειδῶ,
979 3071 1076 3121 καῖ
1097 3067 1189 3121 τὸν
1246 3065 1417 3142 χορὸν
1474 3067 1566 3120 τὸν
1615 3063 1940 3144 διεφθαρμέ-

264 3177 363 3211 νον
391 3158 509 3230 (66)
546 3157 638 3211 ὑπ’
665 3156 859 3226 αὐτοῦ,
891 3156 992 3225 τὴν
1028 3153 1417 3234 Ἀμφιτρίτην,
1447 3156 1548 3226 τήν
1583 3155 1939 3228 Ἀμυμώνην,

264 3247 372 3314 τήν
406 3245 688 3316 Ἀλόπην,
720 3246 822 3316 τήν
873 3242 1263 3315 Μελανίππην,
1320 3245 1422 3314 τήν
1483 3242 1809 3313 Ἀλκυόνην,
1839 3244 1939 3312 τήν

259 3333 596 3406 Ἱπποθόην,
644 3336 748 3404 τὴν
806 3334 1036 3406 Χιόνην,
1094 3333 1188 3395 τὰς
1247 3330 1422 3394 ἄλλας
1475 3331 1570 3394 τὰς
1628 3333 1847 3406 μυρίας’
1880 3333 1934 3386 ὲν
1969 3319 2012 3385 C

263 3427 352 3488 αἷς
415 3422 510 3492 δὴ,
563 3424 656 3478 καὶ
709 3421 1002 3484 τοσαύταις
1061 3420 1272 3495 οὔσαις,
1327 3418 1406 3477 ἔτι
1457 3425 1555 3477 τοῦ
1598 3419 1942 3484 Ποσειδῶνος

264 3513 424 3585 ὑμῶν
461 3513 900 3589 ἐστενοχωρεῖτο
957 3511 1026 3568 τὰ
1080 3513 1252 3583 πάθη.
1315 3510 1485 3568 Κάλει
1550 3532 1642 3585 μοι
1703 3513 1793 3566 καὶ
1844 3516 1937 3568 τὸν

270 3601 552 3658 Ἀπόλλω
587 3605 718 3676 (67)’
754 3597 964 3664 Φοῖϐός
1019 3599 1160 3657 ἐστιν
1193 3599 1370 3668 οὗτος,
1403 3600 1493 3655 καὶ
1529 3602 1721 3674 μάντις
1753 3602 1940 3678 ἁγνὸς,

266 3693 361 3746 καὶ
390 3687 720 3764 σῦμϐουλος
751 3691 979 3767 ἀγαθός.
1005 3689 1164 3747 Ἀλλ’
1195 3689 1257 3744 οὗ
1294 3694 1465 3746 ταῦτα
1491 3691 1527 3761 ἡ
1564 3691 1813 3766 Στερόπη
1847 3689 1942 3746 λέ-

265 3803 378 3857 γει,
415 3780 549 3836 οὐδὲ
580 3783 615 3850 ἡ
650 3778 920 3850 Δῖθουσα,
981 3779 1108 3835 οὐδὲ
1170 3782 1206 3850 ἡ
1258 3779 1538 3849 Ἀρσινόη,
1589 3777 1715 3834 οὐδὶ
1742 3782 1778 3850 ἠ
1811 3787 1943 3835 Ζευ-

267 3871 476 3945 ξίππη,
517 3868 649 3926 οὑδὲ
701 3872 736 3940 ἡ
799 3867 1046 3944 Προθᾶη,
1107 3866 1234 3924 οὐδὲ
1270 3871 1306 3938 ἡ
1365 3867 1669 3943 Μάροισσα,
1720 3865 1846 3924 οὐδὲ
1902 3871 1938 3940 ἡ

263 3960 574 4033 Ὑψιπόκη·
611 3960 794 4038 Δάφνη
826 3958 928 4034 γὰρ
989 3957 1208 4034 ἐξεφυγε
1266 3957 1406 4030 μόνη
1467 3958 1559 4012 καὶ
1595 3957 1690 4012 τὸν
1726 3956 1941 4031 μάντιν,

269 4050 363 4103 καὶ
389 4050 496 4118 τὴν
532 4049 765 4126 φθοράν.
801 4046 978 4109 Αὐτός
1009 4067 1068 4102 τε
1112 4048 1140 4102 ὁ
1192 4046 1321 4109 Ζεὺς
1375 4046 1465 4101 ἐπὶ
1522 4051 1684 4102 πᾶσιν
1735 4043 1938 4120 ἡκέτω,

336 4175 403 4238 νι(
428 4169 494 4219 Ρ.
529 4165 607 4218 27
641 4164 752 4221 ED.
791 4163 1097 4231 POTTER,
1131 4163 1203 4217 20
1232 4162 1346 4219 ED.
1381 4163 1613 4220 PARIS.

267 4299 449 4355 dendi
484 4301 666 4355 deum
699 4299 860 4355 hunc
890 4315 960 4356 ex
990 4297 1334 4354 hominibus
1358 4298 1634 4368 ascitum,
1657 4297 1718 4352 in
1752 4296 1944 4354 Dialo-

265 4374 354 4440 gis
376 4378 733 4428 mortuorum
766 4391 781 4438 ;
819 4387 956 4426 nam
991 4371 1041 4426 si
1074 4369 1173 4427 ille
1199 4387 1434 4442 quoque
1466 4371 1674 4425 umbra
1708 4374 1807 4442 (est
1853 4369 1944 4442 vel

271 4439 698 4507 Simulacrum,
733 4442 1032 4526 habetque
1053 4458 1201 4526 sules.
1217 4439 1422 4526 manes
1445 4448 1509 4496 ut
1529 4440 1720 4496 eaateri
1741 4439 1944 4516 νεκροί,

276 4521 638 4585 argumento
665 4518 756 4570 est
787 4513 1086 4569 hominem
1108 4514 1326 4585 luisse.
1359 4513 1629 4569 COLLscr.

345 4583 462 4660 (59)
501 4585 767 4660 Μικρόνζ
781 4586 935 4660 P_ro__
955 4583 1172 4658 μικρόν,
1204 4585 1518 4660 legendum
1575 4599 1706 4640 esse
1739 4601 1947 4660 μακρον

273 4654 591 4730 procerum,
627 4654 697 4730 ea
729 4657 876 4730 Gelli
900 4654 1000 4712 lib.
1029 4654 1071 4723 ι,
1103 4674 1210 4728 cap
1248 4654 1299 4730 l',
1333 4661 1489 4713 recte
1542 4654 1748 4730 monet
1784 4654 1947 4730 εγω.

2051 2007 2325 2071 mercata,
2359 2004 2569 2060 Eolico
2613 2005 2862 2060 dialecto
2893 2005 3072 2075 Mysas
3100 2008 3287 2060 vocat.
3345 2007 3462 2058 Has
3516 2003 3718 2058 docuit

2049 2097 2246 2148 vetera
2273 2093 2420 2149 facta
2442 2109 2670 2161 canere,
2705 2099 2770 2150 et
2793 2109 3106 2149 numerose
3129 2093 3200 2148 ad
3239 2091 3528 2148 citharam
3588 2108 3714 2146 mo-

2051 2181 2265 2237 dulari.
2299 2181 2414 2236 Illae
2444 2199 2602 2249 vero,
2633 2198 2768 2238 eum
2801 2183 3043 2238 assidue
3072 2181 3298 2237 cithara
3328 2181 3598 2237 luderent
3661 2185 3717 2236 et

2055 2269 2305 2326 dulciter
2321 2270 2915 2338 accinerent,Macara
2937 2270 3408 2343 permulcebant,
3469 2272 3718 2340 ejusque

2055 2361 2202 2416 iram
2237 2360 2543 2414 sedabant.
2567 2361 2745 2429 Cujus
2780 2360 2840 2414 in
2875 2359 3220 2415 memoriam
3274 2357 3538 2416 beneficii
3598 2362 3718 2412 Me-

2053 2450 2242 2520 gacio,
2276 2453 2341 2503 ut
2372 2466 2476 2520 pro
2509 2453 2696 2504 matre
2726 2449 2949 2521 gratias
2981 2449 3245 2515 referret,
3304 2448 3424 2504 illis
3483 2451 3712 2504 statuas

2053 2554 2124 2593 ex
2154 2554 2265 2593 aere
2296 2539 2677 2604 consecravit,
2723 2545 2778 2594 et
2836 2554 2938 2608 per
2981 2537 3180 2594 omnia
3230 2537 3454 2608 templa
3496 2536 3717 2592 honore

2053 2626 2254 2682 haberi
2283 2627 2485 2696 jussit.
2521 2627 2590 2682 Et
2619 2631 2761 2682 sunt
2818 2627 3056 2697 quidem
3101 2629 3278 2681 Musae
3339 2625 3708 2696 hujusmodi.

2056 2716 2213 2771 Hanc
2246 2731 2415 2785 porro
2450 2715 2755 2770 historiam
2787 2715 2970 2770 tradit
2995 2713 3273 2786 Myrsilus
3321 2713 3580 2769 Lesbius.
3617 2719 3718 2767 At-

2051 2806 2274 2860 tendite
2289 2805 2417 2875 jam
2454 2805 2524 2860 ad
2557 2808 2888 2859 vestrorum
2912 2804 3155 2858 deorum
3191 2817 3444 2872 amores,
3492 2802 3563 2857 ad
3623 2802 3713 2856 in-

2053 2892 2550 2964 credibilem,quaa
2581 2892 2640 2947 in
2671 2891 2889 2948 fabulis
2906 2889 3712 2962 habetur,intemperantiam

2051 2983 2321 3049 vulnera,
2345 2987 2402 3038 et
2423 2981 2676 3049 vincula,
2700 2985 2756 3037 et
2781 2981 2959 3048 risus,
2982 2988 3037 3037 et
3059 2997 3289 3053 pugnas
3319 2997 3332 3037 :
3369 2979 3712 3036 servitutem

2052 3075 2353 3144 praeterea,
2385 3075 2444 3126 et
2473 3070 2776 3127 convivia:
2823 3069 3079 3142 denique
3109 3071 3180 3125 ad
3241 3068 3604 3140 complexus,
3655 3074 3714 3124 et

2049 3159 2366 3233 lacrymas,
2431 3163 2489 3215 et
2549 3158 3011 3230 pertubationes,
3055 3162 3114 3214 et
3163 3156 3497 3229 impudicae
3555 3156 3717 3212 volu-

2052 3253 2264 3321 ptates.
2315 3247 2467 3304 Voca
2511 3247 2626 3303 huc
2683 3247 3046 3319 Neptunum,
3107 3251 3410 3317 totumque
3442 3246 3712 3318 chorum,

2050 3337 2243 3411 quiﬁah
2264 3337 2393 3409 ipso
2420 3340 2732 3407 corruptus
2744 3342 2854 3404 est,
2889 3335 3309 3408 Amphitriten,
3331 3337 3722 3407 Amymonen,

2048 3427 2294 3500 Alopen,
2325 3426 2718 3498 Melanippen,
2752 3425 3083 3496 Picyonem,
3117 3425 3515 3497 Hippothoen,
3545 3424 3718 3480 Chio-

2051 3534 2186 3588 nen,
2212 3534 2347 3572 cum
2380 3515 2512 3572 aliis
2543 3516 2912 3572 innumeris:
2949 3517 3166 3589 quibus
3197 3519 3397 3572 tamen
3415 3516 3719 3584 omnibus,

2052 3606 2320 3679 quamvis
2351 3609 2435 3662 tot
2464 3609 2686 3673 essent,
2714 3605 2976 3661 nondum
3006 3609 3343 3662 exsaturata
3382 3609 3472 3662 est
3532 3605 3716 3661 libido

2050 3693 2310 3766 Neptuni
2339 3693 2541 3750 vestri.
2567 3694 2729 3749 Voca
2746 3694 2859 3748 huc
2889 3710 3122 3766 quoque
3137 3693 3470 3766 Apollinem
3506 3710 3520 3749 :
3549 3693 3602 3750 is
3624 3698 3717 3750 est

2050 3783 2328 3853 Phoebus,
2361 3787 2421 3838 et
2450 3785 2649 3837 castus
2679 3787 2863 3847 vates,
2895 3784 2953 3837 et
2981 3781 3173 3836 bonus
3209 3779 3606 3837 consiliarius.
3641 3783 3718 3834 At

2051 3889 2173 3928 non
2207 3871 2264 3927 id
2297 3872 2540 3943 Sterope
2570 3870 2737 3939 dicit,
2767 3885 2886 3926 non
2944 3869 3210 3938 IEthusa,
3263 3887 3380 3926 non
3439 3869 3711 3937 Arsinoe,

2051 3978 2169 4017 non
2198 3960 2515 4033 Zeuxippe,
2547 3976 2662 4015 non
2718 3959 2988 4029 Prothoe,
3049 3976 3166 4015 non
3224 3957 3536 4032 Marpissa,
3594 3975 3711 4014 non

2053 4049 2310 4122 denique
2335 4048 2672 4122 Hypsipyle.
2705 4047 2920 4119 Effugit
2961 4047 3118 4104 enim
3178 4047 3306 4105 sola
3350 4047 3597 4120 Daphne
3657 4050 3717 4103 et

2149 4298 2242 4360 63)
2275 4295 2392 4363 Τὴν
2425 4294 2588 4351 Αίολ.
2647 4298 2766 4349 Τῶν
2800 4293 2985 4365 Αίολ.,
3020 4297 3162 4356 Νον.

2149 4369 2244 4436 64)
2275 4365 2522 4436 Στήλας.
2553 4367 2787 4423 Omittit
2813 4367 2954 4425 Nov.

2151 4371 2219 4424 64
2275 4369 2522 4436 Στήλας.
2553 4369 2787 4423 Omittit
2813 4369 2954 4425 Nov.

2151 4369 2244 4508 65)
2278 4436 2444 4492 Κάλει
2481 4458 2597 4511 μοι.
2631 4444 2766 4493 Haac
2797 4443 3036 4494 secutus
3091 4438 3274 4511 fuisse
3327 4438 3562 4496 videtur
3607 4442 3715 4496 Ju-

2059 4509 2178 4568 lius
2211 4509 2500 4566 F'irmicus
2534 4516 2614 4566 De
2641 4525 2833 4582 errore
2863 4511 3004 4581 prof.
3036 4509 3202 4582 relig.
3229 4525 3359 4582 pag.
3405 4513 3477 4567 24
3512 4529 3524 4567 :
3581 4514 3716 4582 Quis

2061 4528 2178 4568 nus
2211 4528 2500 4566 r'irmicus
2534 4528 2614 4566 ue
2641 4528 2833 4566 errore
2863 4528 3004 4581 pro].
3036 4528 3202 4582 reug.
3269 4528 3359 4581 ag.
3405 4528 3477 4567 κα
3512 4529 3524 4567 :
3581 4528 3716 4582 quis

2061 4585 2424 4666 Amymonen,
2459 4581 2985 4666 quis‘llleaalippen,
3045 4586 3167 4653 quis
3219 4528 3465 4666 ghioaen
3514 4584 3719 4666 Iiippo-

2063 4653 2333 4727 thoenque
2362 4653 2609 4727 corrupit
2633 4657 2658 4707 .9
2689 4657 2894 4724 Nempe
2933 4657 3070 4709 deus
3125 4659 3306 4727 vester
3361 4656 3480 4712 haec
3525 4653 3724 4726 fei'isse

355 4735 472 4814 (6p)
513 4727 776 4818 Σχιζίαν.
802 4728 1110 4818 ’ξεῖ-νιξιαῖ
1128 4725 1614 4818 gracilem,
1664 4726 1751 4782 vel
1982 4755 2028 4818 D
2058 4725 2422 4818 memozatjur.
2451 4725 2904 4818 Ubiullegendpm
2930 4726 3291 4818 Melanippe}:
3315 4743 3419 4818 p'rp
3442 4725 3722 4818 Megalip-

281 4797 492 4865 tibiis':
529 4797 690 4874 quod
719 4798 886 4874 σχίζα
915 4800 1208 4870 signiticet
1237 4797 1418 4926 ligna,
1448 4802 1580 4872 ﬁssa
1597 4815 1718 4870 qua
1747 4797 1953 4867 solent,
1983 4797 2028 4818 υ
2065 4816 2199 4872 pen.
2234 4798 2452 4853 Eadem
2493 4797 2740 4852 mutatio
2795 4797 2871 4852 fat

281 4878 483 4926 innuit
516 4889 633 4926 esse
662 4871 923 4926 aracilia.
952 4871 1083 4926 Vid.
1117 4873 1248 4926 eius
1309 4869 1955 4926 ommentarium.0uin
2064 4869 2416 4926 Antiochea.
2446 4869 2527 4924 Ad
2551 4869 2802 4926 Autoluc.
2836 4868 2871 4922 li

1309 4868 1955 4941 ammentarium.Quin
2064 4868 2416 4927 Antiochea.
2446 4869 2527 4924 Ad
2551 4869 2802 4941 Autolyc.
2836 4868 2936 4923 lib.
2967 4885 3030 4938 ιι,
3063 4885 3198 4941 pag.
3243 4869 3334 4923 85.
3361 4940 3368 4941 ί
3395 4868 3560 4926 Conf.
3621 4872 3728 4926 Ju-

281 4878 483 4952 inquit
516 4871 644 4952 esse
660 4871 923 4952 gracilia.
952 4871 1101 4952 Yid._
1117 4873 1248 4952 ejus

283 4939 465 5008 etiam
503 4939 680 5001 addit
705 4943 1055 5016 Sylburgius
1087 4939 1163 4997 in'
1184 4942 1382 4999 Indice
1412 4943 1633 5012 Graeco,
1663 4957 1764 4997 suo
1816 4939 1958 4996 idio-

282 5033 434 5079 mate
466 5019 656 5073 sudes
679 5014 919 5141 (appella
929 5014 981 5070 ri
1001 5016 1106 5141 ﬁni
1124 5017 1478 5087 sunteorpore
1495 5029 1726 5087 procero
1752 5016 1807 5067 et
1835 5027 1961 5067 ma-

284 5113 400 5141 η-η-
435 5091 551 5141 Sed
579 5087 686 5141 aui
803 5103 870 5141 oc
901 5087 972 5141 ad
1053 5085 1336 5141 erculem.
1367 5085 1632 5141 omnium
1657 5083 1960 5140 hominem

1053 5085 1632 5155 erculem,‘omn’ium
1657 5085 1960 5155 hominem

284 5113 401 5171 cro.
435 5091 551 5171 Sed
579 5087 727 5171 quid
760 5087 870 5142 hoc
901 5087 972 5142 ad

2065 4816 2199 4872 pen.
2234 4798 2452 4872 Eadem
2493 4797 2740 4872 mutatio
2795 4797 3064 4872 facienda
3123 4797 3724 4872 apud_:ThAeophilum

2068 4941 2263 5015 stinus
2292 4944 2366 5015 hi.
2396 4943 2614 5015 Parten.
2646 4938 2731 4996 ad
2744 4938 2984 5015 graecos,
3012 4938 3327 5015 Arnobius,
3359 4940 3462 4998 lib.
3490 4959 3566 5011 vx,
3618 4945 3726 5015 Cy-

2069 5012 2240 5069 rillus
2266 5012 2391 5084 adu.
2423 5013 2711 5084 lulianum
2744 5011 2847 5084 lib.
2881 5027 2956 5078 VI,
2990 5027 3139 5084 pag:
3161 5013 3285 5067 196.

2142 5085 2256 5156 (66)
2297 5082 2435 5170 ,Τὸνι
2455 5079 2887 5170 διεφθαρμένον,
2912 5078 3099 5170 \le'v—
3118 5078 3526 5170 διεφθαρμξνιρν
3585 5083 3728 5170 l‘lov,

284 5149 810 5224 robustissimum,
830 5173 1125 5230 quemque
1142 5157 1252 5214 hoe
1283 5149 1410 5214 loco
1426 5158 1696 5230 Clemens
1715 5151 1943 5230 νευρώδτ

2070 5149 2350 5230 Μόξῇτὴν
2390 5149 2790 5230 ’Λλόπην.’τήν
2825 5149 3360 5230 Μελανίππην,’τὴν’
3394 5154 3731 5230 ξΑλκυόνην,

293 5242 463 5294 vocat
492 5234 524 5289 ‘I
548 5231 766 5287 Melius
792 5223 988 5300 itaque
1019 5223 1130 5300 est,
1155 5230 1314 5301 quod
1339 5223 1966 5301 traditSalmasiusin
2075 5223 2300 5296 omisit,
2327 5230 2393 5282 ut
2421 5223 2672 5301 videtur,
2701 5231 2939 5301 propter
2968 5223 3620 5300 νοοοεὸμοιοτελεύτους
3650 5243 3734 5282 re-

292 5303 656 5366 Tertulliani
690 5301 793 5357 lib.
837 5298 911 5384 ne
937 5298 1136 5373 pallio,
1167 5298 1303 5384 pag.
1335 5302 1442 5357 372
1474 5319 1488 5356 :
1515 5322 1554 5386 .‹‹
1585 5298 1840 5427 Σιγιζίας,
1877 5299 1963 5353 in-

292 5382 432 5437 nuit.
468 5381 567 5434 est
594 5373 869 5437 quadrati
897 5377 955 5429 et
986 5378 1279 5437 compecti
1304 5389 1586 5437 corporis.
1674 5387 1768 5428 am
1802 5370 1970 5437 σχίζα

289 5387 432 5445 nuit,
468 5387 567 5434 est
594 5387 869 5446 quadrati
897 5387 955 5429 et
986 5387 1279 5445 compecti
1304 5389 1586 5445 corporis.
1621 5387 1768 5428 nam
1802 5387 1970 5444 σχιςα

289 5459 379 5510 est
411 5463 640 5519 corpus
672 5445 892 5519 ipsum,
943 5444 1034 5500 vel
1094 5445 1358 5519 corporis
1405 5450 1656 5519 truncus
1688 5462 1703 5512 ;
1736 5439 1972 5519 κορμίας
2079 5458 2144 5519 vo

285 5382 432 5445 nuit,
468 5381 567 5434 est
594 5373 869 5446 quadrati
897 5377 955 5429 et
986 5373 1279 5446 compecti
1304 5373 1586 5446 corporis.

292 5511 956 5600 eosdem‘appellarunt
987 5511 1240 5600 ςηξορμός
1269 5516 1426 5600 idem
1460 5517 1617 5600 quod
1655 5511 1902 5600 σχίζα.»

2076 5301 2352 5367 deuntes,
2385 5296 3018 5370 negligenslibrarius.

2154 5314 2352 5367 untes,
2385 5314 2687 5421 neg‘ngens
2719 5314 3018 5353 nnranus.

2150 5371 2259 5497 (67)
2290 5365 2468 5424 Ἀπόλ
2514 5391 2578 5424 ω.
2614 5367 3255 5438 JuliusFirmicus,loc.
3279 5370 3399 5424 cit.:
3425 5367 3546 5435 Ille,
3576 5384 3734 5440 quem

2174 5442 2436 5497 untveris
2461 5441 2634 5497 oculis
2660 5441 2974 5496 errantium
2997 5440 3282 5496 hominum
3337 5449 3565 5497 peccata
3617 5457 3734 5496 cor-

2174 5442 2436 5499 untveris
2461 5441 2634 5497 oculis
2660 5441 2974 5496 errantium
2997 5440 3282 5496 hominum
3337 5449 3565 5508 peccata
3617 5457 3737 5496 cor-

2082 5515 2287 5582 rigere,
2338 5513 2592 5580 Steropen
2652 5519 2824 5585 amat,
2876 5511 3168 5585 Ai'thusam
3213 5510 3379 5585 rapit.
3415 5512 3742 5585 (Zeuxippen

387 5595 510 5673 (ϐξ)
553 5581 800 5643 Μουσεῖα
833 5587 957 5673 *μὶν
991 5581 1248 5673 negem.
1309 5588 1437 5673 Non
1463 5581 1651 5673 :male
1672 5581 1940 5673 "'l'ortaes

2084 5581 2555 5673 siuprat,'quaerit
2586 5584 2881 5673 Pr‘oh'soen,
2913 5589 2968 5673 et
3001 5583 3254 5673 Arsiam?
3287 5581 3558 5673 adultera.
3575 5581 3740 5671 pupi-

287 5657 623 5739 legerifnus
660 5657 890 5739 μουσεῖα
920 5657 1296 5739 τεμενί-ζουσιν
1328 5659 1536 5739 αὐταῖς.
1565 5657 1788 5739 Ibidem
1833 5673 1979 5739 _mox

289 5726 377 5808 ΑΪ
392 5726 996 5808 ἱηγοτεοςνοιιδοιιυώ
1017 5726 1248 5803 ordine,
1285 5731 1532 5801 mavult,
1576 5726 1776 5792 ταύτας
1831 5729 1983 5804 Θερα-

292 5800 560 5868 παινίδας
592 5800 776 5864 οὸσας.
810 5807 1102 5860 SYLBURG.

366 5884 486 5955 (62)
523 5874 776 5938 Μούσας.
807 5872 1022 5937 Μύσας.
1054 5875 1194 5932 Nov.

593 5998 864 6058 ΡΑτιιοῐ..
912 5994 1025 6056 Gs.
1069 5994 1233 6057 VIII.

2087 5657 2264 5713 dilate
2289 5654 2596 5712 blanditur.
2631 5654 2732 5711 Sed
2761 5671 2831 5710 ex
2858 5655 2968 5710 isto
2995 5659 3388 5725 corruptarum
3441 5654 3745 5713 mulierum

2089 5744 2257 5802 grege
2272 5746 2384 5784 una
2414 5726 3124 5802 puellaamatoremaeum
3154 5729 3204 5781 et
3235 5725 3427 5802 vitavit
3481 5733 3532 5785 et
3590 5729 3742 5784 vicit.

2091 5797 2358 5872 Daphnen
2377 5797 2530 5856 enim
2559 5800 2825 5854 divinans
2855 5807 2906 5853 et
2927 5799 3119 5872 futura
3149 5797 3480 5872 praedicens,
3526 5816 3639 5872 nec
3685 5803 3746 5855 in

2092 5869 2287 5928 venire
2299 5873 2502 5944 potuit,
2520 5886 2623 5927 nec
2647 5876 2924 5943 stuprare.
2945 5869 3257 5937 Tatianus,
3289 5870 3448 5928 Orat.
3465 5869 3744 5936 adGrzec.,

3430 5993 3471 6048 Δ
