4142 6400
299 410 325 464 1
339 411 408 466 13
1564 414 1940 470 COHORTA’I

2062 416 2160 469 AD
2198 415 2504 470 GENTES.
3644 424 3749 480 114

304 533 455 608 παρᾶ
484 536 582 587 τοῦ
609 531 884 609 προτέρου
914 530 1204 591 δεσπότου.
1232 534 1364 590 Τότε
1394 535 1485 591 καὶ
1514 537 1583 591 τὰ
1611 534 1784 592 Ἰλίου
1813 534 1940 611 τείχη

2058 596 2063 604 _
2093 553 2256 608 gum,
2289 538 2533 609 perinde
2565 555 2630 594 ac
2661 539 2876 596 Helotae
2910 541 3510 615 Lacedaemoniorum,
3538 547 3742 616 subiit,

300 620 824 695 ἀνῳκοδομησάτην
875 627 958 694 τῷ
1010 624 1210 700 Φρυγί.
1259 627 1505 700 Ὅμηρος
1539 623 1596 680 δὲ
1622 626 1722 694 τήν
1751 626 1940 694 Ἀθηνᾶ

2093 626 2293 698 Apollo
2344 627 2582 699 quiderm
2633 628 2836 686 Pheris
2886 631 3041 702 apud
3092 632 3428 702 Admetum,
3462 637 3744 693 Hercules

300 711 405 767 οὐκ
437 711 758 788 αἶσχύνεται
788 713 1150 789 παραφαίνειν
1186 713 1358 789 λέγων
1407 720 1488 786 τῷ
1539 713 1807 783 Ὀδυσσεῖ,
1839 714 1940 790 χρύ

2091 720 2288 770 autem
2319 717 2518 772 Sardis
2551 719 2705 789 apud
2741 717 3064 790 Omphalen
3087 736 3100 775 :
3124 722 3505 779 Laomedonti
3530 725 3746 799 Phrygi

292 823 415 857 σεον
479 801 691 876 λύχνον
752 799 988 857 ἔχουσαν
1049 801 1104 856 ἐν
1164 809 1377 879 χεροῖν.
1423 806 1536 874 Τήν
1599 802 1655 858 δὲ
1715 801 1940 882 Ἀφροδί

2087 806 2324 860 servivit
2351 806 2684 878 Neptunus,
2719 808 2977 880 itemque
3007 811 3236 882 Apollo,
3263 812 3488 868 inutilis
3520 815 3745 872 scilicet

290 912 398 962 την
425 891 766 966 ἀνέγνωμεν,
799 891 916 946 οἷον
949 891 1255 948 ἀκόλαστόν
1306 913 1358 946 τι
1409 891 1838 967 θεραπαινίδιον,
1866 915 1940 948 πα

2085 911 2310 961 servus,
2344 896 2509 967 quia
2541 896 2720 967 priori
2778 897 3019 954 domino
3072 899 3405 956 libertatem
3463 905 3745 976 consequi

295 986 540 1056 ραθεῖναι
574 979 844 1058 φέρουσαν
894 984 965 1054 τῇ
1016 980 1210 1056 Ἑλένῃ
1254 983 1345 1038 τὸν
1399 979 1591 1059 δίφρον
1631 986 1734 1037 τοῦ
1767 1003 1937 1059 μοιχο

2085 1001 2198 1040 non
2231 986 2460 1057 potuit;
2494 1002 2610 1058 quo
2633 990 2896 1058 tempore
2919 989 2990 1043 ab
3016 988 3134 1044 illis
3154 989 3482 1048 instaurata
3506 993 3745 1049 fuerunt

294 1069 434 1124 κατὰ
463 1067 790 1144 πρόσωπον,
813 1068 966 1130 ὅπως
990 1069 1154 1124 αὐτὸν
1185 1068 1260 1132 εἷς
1284 1069 1571 1125 συνουσίαν
1602 1070 1940 1147 ὑπαγάγηται

2082 1077 2168 1132 Ilii
2205 1076 2438 1133 moenia.
2465 1081 2754 1134 Homerus
2785 1082 2982 1134 autem
3013 1080 3208 1136 dicere
3239 1099 3355 1137 non
3389 1089 3477 1138 est
3498 1085 3741 1152 veritus,

293 1157 570 1220 Πανύασις
597 1159 728 1234 γάρ,
756 1159 896 1233 πρὸς
923 1158 1166 1228 τούτοις,
1215 1159 1303 1214 καὶ
1355 1157 1562 1222 ἐίΛλους
1595 1159 1936 1233 παμπόλλου

2079 1165 2394 1220 Minervam
2428 1165 2621 1237 Ulyssi
2649 1167 3240 1238 praeluxisse,aureum
3261 1171 3519 1242 lychnum
3538 1175 3597 1228 in
3619 1191 3740 1228 ma-

288 1248 605 1323 ἀνθρώποις
640 1245 936 1319 λατρεῦσαι
972 1246 1129 1310 θεοὺς
1165 1249 1393 1324 ἱστορεῖ,
1427 1247 1534 1303 ὧδὲ
1564 1271 1681 1311 πως
1714 1248 1937 1326 γράφων

2073 1254 2238 1309 nibus
2269 1256 2866 1312 tenentem.Venerem
2889 1274 3023 1313 vero
3053 1258 3326 1331 legimus,
3348 1260 3511 1316 velut
3543 1262 3738 1334 impu-

288 1340 482 1396 dicam
520 1339 790 1411 aliquam
819 1339 1337 1404 ancillam,sellam
1371 1340 1598 1396 Helenae
1629 1341 1976 1413 apposuisse
2002 1359 2070 1398 ex
2101 1345 2414 1400 adversum
2448 1344 2852 1416 adultero,quo
2884 1363 3016 1401 eum
3053 1349 3124 1402 ad
3160 1349 3376 1404 coitura
3411 1350 3728 1420 pelliceret.

292 1429 582 1501 Panyasis
613 1429 895 1500 denique,
929 1433 1144 1500 praeter
1173 1429 1304 1495 hos,
1334 1429 1478 1485 alios
1510 1447 1745 1503 quoque
1777 1431 1973 1503 plures
2005 1433 2146 1489 deos
2177 1434 2351 1489 refert
2382 1433 2724 1490 hominibus
2759 1435 3050 1506 serviisse,
3080 1437 3163 1492 sic
3193 1439 3458 1495 scribens
3490 1455 3504 1494 :

355 1543 481 1613 Τλῆ
537 1545 634 1616 μὲν
699 1547 999 1619 Δημήτηρ,
1054 1542 1163 1610 τλῆ
1224 1541 1282 1599 δὲ
1337 1543 1542 1617 κλυτὸς
1575 1546 1936 1623 Ἀμφιγυήεις

2147 1548 2428 1604 Sustinuit
2476 1549 2693 1621 quidem
2745 1549 2922 1619 Ceres,
2949 1552 3218 1608 sustinuit
3259 1555 3564 1636 praeturas
3593 1555 3732 1612 Mul-

2144 1691 2426 1748 Sustinuit
2493 1693 2798 1764 Neptunus,
2856 1695 3127 1766 sustinuit
3181 1697 3352 1751 etiam
3405 1627 3730 1766 (1525527,;

2957 1765 3175 1838 [arcum
3206 1767 3411 1823 habens
3441 1765 3653 1838 Apollo,

2142 1835 2374 1890 Mortali
2400 1833 2523 1891 viro
2552 1851 2767 1891 annum
2798 1833 3007 1894 servire
3033 1854 3055 1901 ;

2138 1905 2424 1962 Sustinuit
2453 1909 2629 1962 etiam
2656 1911 2817 1978 ferox
2845 1910 2993 1966 Mars
3019 1926 3055 1964 a
3079 1915 3242 1981 patre
3265 1914 3515 1979 coactus;

351 1688 473 1759 ’1⁸λῆ
536 1686 596 1743 δὲ
655 1685 992 1756 Ποσειδάων,
1049 1685 1158 1753 τλῆ
1214 1685 1263 1742 δ’
1315 1687 1679 1764 ἀργυρότοξος
1753 1688 1961 1764 Ἀπόλ-

355 1828 573 1906 ’ᾼνδοζ
605 1832 757 1906 παρᾷ
806 1832 994 1906 θνητῷ
1050 1829 1383 1906 ρητευσέμεν
1585 1759 1958 1906 είςένιαύξόῖί

355 1902 477 1970 ἰ’λῆ
533 1902 592 1960 δὲ
647 1901 740 1959 καὶ
800 1904 828 1957 6
891 1901 1240 1980 βριμόθυμος
1289 1901 1541 1980 ”Δρης,’
1583 1905 1718 1980 ὑπρΔ
1753 1906 1958 1980 πατρὸς

1673 1975 1952 2054 [ἀνάγ-4ης·
1988 1979 2035 2042 Β

291 2092 384 2146 καὶ
415 2093 483 2146 τὰ
511 2091 594 2146 ἐπὶ
620 2091 844 2152 τούτοις
1045 2091 1276 2154 Τούτοις
1325 2089 1420 2146 οὗν
1469 2091 1695 2155 εἰκότως
1741 2089 1950 2166 ἕπεται,

283 2180 414 2241 τοὺς
443 2179 742 2252 ἐρωτικοὺς
776 2179 931 2252 ὐμῶν
955 2179 1048 2234 καὶ
1070 2179 1412 2250 παθητικοὺς
1431 2180 1660 2245 τούτους
1680 2181 1834 2246 θεοὺς
1857 2183 1948 2237 άνο

282 2270 676 2342 θρωποπαθεῖς
729 2267 792 2324 ἐκ
841 2269 1042 2332 παντὸς
1103 2269 1340 2344 εἰσάγειν
1397 2269 1643 2345 τρόπου·
1705 2270 1806 2327 Καὶ
1847 2273 1949 2347 γὰρ

265 2352 365 2427 ἔην
419 2357 625 2420 κείνοις
676 2359 876 2429 Θνητὸς
925 2357 1102 2434 χρώς.
1153 2363 1460 2431 Τεκμηριοῖ
1490 2357 1548 2414 δὲ
1584 2361 1842 2434 ’Όμηρος
1872 2363 1949 2435 (2)

265 2447 425 2520 μάλα
457 2442 730 2524 ἀκριϐῶς,
762 2445 1097 2525 ’Δφροδίτην
1143 2446 1231 2502 ἐπὶ
1260 2452 1342 2516 τῷ
1369 2447 1642 2523 τραύματι
1673 2451 1948 2523 παρεισά-

261 2559 384 2612 γων
416 2536 512 2608 ὀξὺ
568 2538 659 2592 καὶ
728 2537 870 2612 μέγα
921 2537 1214 2611 ἰάχουσαν·
1276 2534 1437 2592 αὐτόν
1491 2558 1550 2592 τε
1589 2537 1682 2592 τὸν
1710 2537 1948 2612 πολεμι-

259 2628 519 2681 κώτατον
582 2629 726 2702 ’Δρη
784 2626 887 2682 ὑπὸ
941 2631 1040 2681 τοῦ
1098 2625 1413 2699 Διομήδους
1456 2627 1592 2682 κατᾶ
1617 2632 1716 2683 τοῦ
1745 2633 1947 2684 κενεῶ-

259 2738 361 2777 νος
394 2717 744 2788 οὗτασμένον
807 2713 1201 2790 διηγούμενος.
1263 2714 1533 2790 Πολέμων
1597 2714 1677 2788 δὲ,
1722 2718 1944 2787 καὶτήν

263 2808 515 2876 Ἀθηνᾶν
593 2806 700 2860 ὑπὸ
769 2805 1032 2880 Ὀρνύτου
1099 2807 1377 2882 τρωθῆναι
1446 2805 1612 2881 λέγει·
1679 2808 1767 2862 ναὶ
1838 2809 1945 2880 μὴν

260 2895 488 2950 καὶτὸν
552 2892 827 2952 Ἀϊδωνέα
879 2893 988 2949 ὐπὸ
1044 2893 1379 2970 Ἡρακλέους
1419 2895 1737 2966 τοξευθῆναι
1768 2897 1950 2971 Ὃμη-

263 3005 369 3060 ρος
432 2981 609 3058 λέγει·
664 2983 756 3038 καὶ
813 2984 905 3038 τὸν
980 2983 1195 3040 Ἠλεῖον
1268 2983 1477 3062 Αὐγέαν
1539 2988 1614 3060 (3)
1673 2985 1947 3051 Πανύασις

262 3075 508 3148 ἱστορεῖ·
563 3069 675 3143 ἤδη
737 3069 795 3128 δὲ
850 3072 942 3128 καὶ
997 3073 1098 3141 τὴν
1147 3075 1316 3149 Ἦραν
1365 3073 1466 3142 τὴν
1519 3073 1697 3148 ζυγίαν
1740 3075 1948 3149 ἰστορεῖ

263 3163 378 3217 ὑπὸ
415 3167 514 3216 τοῦ
547 3161 720 3217 αὐτοῦ
770 3159 1106 3236 Ἡρακλέους
1167 3163 1195 3217 6
1252 3161 1414 3225 αὐτὸς
1469 3163 1628 3226 οὗτος
1675 3163 1945 3227 Πανύασις

260 3251 318 3306 ἐν
387 3250 560 3324 Πύλῳ
618 3251 946 3324 ημαθόεντι·
1008 3246 1281 3314 Σωσίϐιος
1363 3249 1420 3307 δὲ
1486 3252 1577 3307 καὶ
1631 3253 1723 3308 τὸν
1785 3254 1947 3330 ’Πραι

2063 2098 2122 2150 et
2151 2112 2282 2167 quas
2313 2096 2591 2168 deinceps
2642 2101 2996 2168 sequuntur.
3030 2098 3153 2153 Erit
3181 2098 3375 2170 itaque
3405 2106 3718 2158 consenta-

2062 2200 2262 2253 neum,
2297 2190 2362 2240 ut
2404 2186 2532 2256 jam
2581 2185 2750 2242 vobis
2799 2188 3122 2258 ostendam,
3154 2187 3263 2243 hos
3297 2193 3522 2245 vestros
3553 2192 3718 2261 deos,

2063 2273 2162 2346 qui
2208 2291 2408 2330 amore
2454 2274 2761 2347 languent,
2793 2281 2848 2332 et
2876 2276 3058 2332 animi
3086 2276 3150 2341 ἄ(
3178 2278 3721 2348 perturbationibus

2059 2367 2366 2432 vexantur,
2420 2364 2646 2419 caeteris
2695 2381 2930 2436 quoque
2983 2365 3262 2421 omnibus
3316 2382 3466 2438 quos
3523 2367 3721 2423 homi-

2061 2469 2165 2508 nes
2223 2453 2343 2524 pati
2402 2453 2616 2521 solent,
2676 2454 2984 2510 affectibus
3043 2454 3325 2512 obnoxios
3384 2471 3724 2512 esseznam

2059 2541 2176 2596 illis
2206 2543 2443 2597 mortale
2470 2557 2668 2613 corpus
2688 2546 2836 2599 erat.
2865 2547 2985 2598 Hoc
3007 2549 3203 2598 autem
3225 2543 3538 2601 manifeste
3567 2545 3722 2601 indi-

2060 2636 2154 2686 cat
2181 2631 2495 2698 Homerus,
2526 2647 2661 2687 cum
2693 2631 2972 2688 Venerem
3032 2649 3146 2704 prae
3194 2632 3537 2691 vulneribus
3567 2639 3728 2691 acute

2057 2720 2414 2790 graviterque
2440 2719 2777 2776 clamantem
2810 2721 3076 2790 inducit;
3127 2721 3445 2794 ipsumque
3474 2727 3720 2779 Martem

2058 2808 2197 2864 belli
2232 2814 2441 2876 Deum,
2466 2826 2499 2864 a
2521 2809 2802 2866 Diomede
2833 2809 3016 2866 fuisse
3043 2818 3234 2866 ventre
3280 2814 3553 2867 sociatum
3583 2830 3722 2868 nar-

2059 2906 2167 2957 rat.
2201 2901 2437 2956 Polemo
2471 2905 2664 2956 autem
2697 2902 2891 2970 refert,
2927 2901 3249 2958 Minervam
3299 2903 3474 2959 etiam
3509 2905 3580 2960 ab
3613 2904 3720 2961 Or-

2059 2996 2196 3063 nyto
2224 2990 2584 3047 vulneratam
2618 2990 2822 3048 fuisse.
2855 2991 3003 3057 Quin
3053 2990 3232 3048 etiam
3282 2992 3592 3050 Plutonem
3643 2995 3716 3050 ab

2057 3079 2305 3136 Hercule
2327 3079 2540 3152 sagitta
2569 3080 2753 3135 ictum
2786 3079 2926 3137 dicit
2947 3080 3234 3138 Homerus
3259 3098 3272 3137 :
3298 3083 3454 3153 quod
3477 3085 3549 3138 de
3580 3082 3718 3140 Eleo

2057 3184 2291 3240 quoque
2319 3171 2520 3241 Augea
2548 3169 2729 3225 tradit
2758 3169 3073 3242 Panyasis:
3097 3171 3198 3243 qui
3217 3171 3512 3228 Junonem
3535 3172 3716 3229 etiam

2056 3260 2387 3330 pronubam
2418 3261 2480 3314 in
2510 3261 2645 3331 Pylo
2673 3275 2907 3316 arenosa
2953 3261 3024 3316 ab
3074 3260 3277 3316 eodem
3306 3260 3551 3317 Hercule
3579 3260 3682 3317 vul

263 3340 405 3397 κλέα
431 3340 575 3417 πρὸς
601 3346 712 3397 τῶν
759 3340 1242 3398 Ἱπποκοωντιδῶν
1292 3343 1430 3398 κατὰ
1471 3349 1573 3412 τῆς
1621 3344 1812 3419 χειρὸς
1845 3344 1940 3398 οὗ-

2059 3353 2321 3404 neratam
2374 3348 2560 3404 fuisse
2608 3353 2917 3405 memorat.
2951 3349 3216 3406 Sosibius
3265 3355 3461 3406 autem
3517 3351 3719 3418 refert,

260 3433 536 3500 τασθῆναι
570 3428 743 3506 λέγει.
796 3431 862 3487 Εἰ
914 3429 981 3502 δή
1031 3429 1339 3505 τραύματα,
1370 3431 1462 3487 καὶ
1493 3429 1718 3504 α’ίματα·
1754 3433 1806 3486 οἱ
1834 3433 1941 3508 γὰρ

263 3519 479 3596 ΐχῶρες
511 3521 566 3574 οἱ
597 3520 882 3589 ποιητικοί
935 3517 1337 3596 εἷδεχθέστεροι
1385 3520 1477 3575 καὶ
1531 3525 1640 3576 τῶν
1671 3519 1940 3594 αἱμάτων·

262 3614 431 3682 σῆψις
463 3610 573 3684 γάρ
609 3607 844 3683 α’ίματος
896 3608 1044 3685 ἰχὼρ
1095 3614 1323 3666 νοεῖται.
1374 3610 1614 3686 Ἀνάγκη
1645 3609 1826 3664 τοίνυν
1859 3612 1943 3666 θε-

260 3699 492 3774 ραπείας
547 3700 643 3753 καὶ
701 3698 911 3774 τροφὰς
991 3701 1337 3774 παρεισάγειν
1414 3696 1621 3770 αὺτοῖς,
1679 3701 1751 3754 ὧν
1812 3701 1945 3756 εἰσιν

255 3786 485 3850 ἐνδεεῖς.
522 3788 622 3844 Διὸ
650 3787 938 3861 τράπεζαι,
1002 3789 1093 3842 καὶ
1149 3787 1331 3861 μέθαι,
1388 3788 1479 3842 καὶ
1536 3788 1798 3863 γέλωτες,
1851 3789 1942 3845 καὶ

257 3879 567 3950 συνουσίαι,
626 3876 730 3933 οὐκ
785 3878 846 3931 ἂν
927 3874 1274 3954 ἀφροδισίοις
1353 3879 1659 3954 χρωμένων
1730 3880 1944 3954 ἀνθρώ-

252 3989 382 4030 ποις
417 3970 527 4039 (4),
562 3964 692 4022 οὐδὲ
739 3961 1286 4039 παιδοποιουμένων,
1341 3964 1466 4021 οὐδὲ
1515 3968 1624 4040 μὴν
1664 3967 1942 4023 ὑπνωσόν-

249 4077 383 4125 των,
418 4056 468 4111 εἴ
519 4055 816 4125 ἀθάνατοι,
869 4055 960 4109 καὶ
1011 4051 1301 4122 ἂνενδεεῖς,
1349 4053 1440 4109 καὶ
1485 4055 1705 4130 ἀγήρως
1753 4056 1939 4132 ὑωῆρ-

256 4165 386 4221 χον.
453 4139 749 4202 Μετέλαϐε
809 4141 866 4199 δὲ
917 4144 1008 4199 καὶ
1065 4142 1342 4218 τραπέζης
1397 4144 1744 4217 ἀνθρωπίνης
1794 4146 1942 4221 παρᾶ

248 4241 370 4296 τοῖς
403 4233 692 4307 Αἰθίοψιν,
742 4233 1118 4308 ἀπανθρώπου
1171 4229 1232 4288 δὲ
1281 4232 1374 4287 καὶ
1421 4233 1683 4306 ἀθέσμου,
1717 4234 1879 4297 αὐτὸς
1911 4236 1938 4289 ό

263 4323 413 4394 Ζεὺς,
477 4323 632 4395 παρὰ
685 4321 919 4377 Λυκάονι
977 4323 1078 4395 (5),
1156 4326 1236 4393 τῷ
1295 4320 1520 4396 Ἀρκάδι
1579 4323 1930 4397 ἑστιώμενος.

253 4411 654 4487 Ἀνθρωπείων
729 4415 860 4488 γοῦν
929 4411 1240 4486 ἐνεφορεῖτο
1298 4414 1534 4485 σαρκῶν,
1598 4411 1712 4489 οὐχ
1777 4413 1936 4468 ἑκών·

261 4502 452 4578 ἠγνόει
509 4501 618 4577 γὰρ
669 4501 698 4555 6
757 4501 912 4569 Θεὸς,
968 4500 1043 4562 ὡς
1103 4497 1207 4576 ἄρα
1263 4501 1491 4554 Λυκάων
1551 4502 1578 4555 ὁ
1637 4501 1854 4576 Ἀρκὰς,
1909 4503 1937 4556 ὁ

258 4591 530 4666 ἑστιάτωρ
592 4590 786 4659 αὐτοῦ,
841 4589 936 4645 τὸν
991 4585 1162 4644 παῖδα
1215 4590 1555 4667 κατασφάξας
1609 4590 1702 4646 τὸν
1750 4591 1936 4661 αὑτοῦ,

328 4753 395 4817 .ι‹
423 4746 492 4801 Ρ.
526 4746 594 4800 31
629 4745 742 4801 nn.
777 4745 1080 4817 po'r'rsa,
1108 4745 1180 4800 23
1205 4744 1318 4800 no.
1352 4745 1582 4801 PARIS.

2055 3437 2245 3508 ipsius
2273 3439 2446 3492 etiam
2471 3436 2740 3492 Herculis
2771 3454 3018 3493 manum
3039 3439 3111 3494 ab
3129 3438 3548 3510 Hippocoontis
3579 3439 3719 3496 ﬁliis

2056 3526 2380 3582 sauciatam
2412 3527 2610 3582 fuisse.
2645 3527 2809 3593 Quod
2847 3526 2896 3582 si
2942 3534 3076 3582 sunt
3123 3527 3389 3598 vulnera,
3423 3531 3514 3583 est
3541 3529 3720 3586 etiam

2055 3616 2320 3687 sanguis.
2352 3615 2557 3671 Sanies
2589 3614 2748 3670 enim
2781 3616 3028 3686 poetica,
3056 3633 3234 3688 quam
3269 3613 3453 3690 ἰχῶρα
3484 3621 3720 3686 vocant,

2054 3708 2145 3760 est
2190 3704 2320 3776 ipso
2371 3705 2660 3776 sanguine
2689 3705 2919 3777 turpior
2953 3722 2967 3761 :
2997 3722 3132 3760 nam
3167 3706 3440 3778 putridus
3473 3707 3721 3779 sanguis

2051 3792 2198 3867 ἰχωρ
2223 3793 2457 3849 dicitur.
2474 3795 2543 3849 Et
2564 3793 2898 3849 curatianes
2919 3799 3142 3866 ergo,et
3163 3795 3546 3863 nutrimenta,
3581 3795 3714 3866 qui-

2051 3885 2164 3939 bus
2194 3881 2482 3955 indigent,
2508 3899 2747 3939 necesse
2769 3888 2858 3938 est
2879 3884 3178 3940 inducere.
3205 3886 3394 3950 Quare
3415 3889 3473 3940 et
3495 3901 3712 3940 mensae

2051 3987 2251 4027 eorum
2283 3977 2712 4041 memorantur,
2745 3976 2803 4028 et
2837 3971 3324 4042 compotationes,
3357 3978 3413 4028 et
3443 3973 3622 4044 risus,
3656 3978 3714 4030 et

2050 4061 2274 4130 coitus”;
2302 4078 2435 4116 cum
2470 4077 2542 4116 ne
2575 4061 2845 4117 homines
2876 4061 3118 4133 quidem
3149 4079 3357 4119 venere
3380 4067 3708 4132 uterentur,

2050 4149 2373 4205 autliberis
2405 4165 2646 4221 operam
2681 4151 2910 4215 darent,
2935 4155 3039 4204 aut
3069 4167 3277 4206 somno
3311 4150 3708 4224 indulgerent,

2050 4238 2317 4294 siessent
2336 4238 2724 4309 immortales,
2756 4248 2811 4294 et
2832 4238 3058 4295 nullius
3081 4239 3290 4312 indigi,
3315 4241 3582 4312 seniique
3611 4257 3708 4295 ex-

2051 4331 2263 4398 pertes.
2293 4327 2527 4398 Jupiter
2556 4343 2688 4382 vero
2739 4326 2867 4398 ipse
2915 4326 3188 4383 humanae
3221 4329 3458 4398 quidem
3491 4345 3708 4383 mensae

2049 4417 2347 4489 particeps
2379 4415 2488 4470 fuit
2517 4416 2673 4487 apud
2697 4415 3125 4487 [EthiopesJI
3153 4415 3486 4472 inhumanae
3511 4421 3706 4472 antem

2049 4511 2106 4561 et
2152 4504 2410 4572 nefariis,
2463 4521 2598 4559 cum
2637 4522 2670 4558 a
2720 4505 2986 4576 Lycaona
3043 4504 3264 4559 Arcade
3320 4505 3704 4577 exciperetur.

2049 4595 2201 4650 Tum
2233 4593 2392 4649 enim
2443 4592 2724 4649 humanis
2771 4592 3051 4648 carnibus
3099 4594 3498 4663 saturabatur,
3529 4594 3710 4667 idque

261 4915 518 4962 morem,
545 4913 671 4974 _q_uo
703 4896 904 4974 ﬁdeles
957 4895 1255 4974 utilesque
1302 4896 1462 4974 s_ervi_
1511 4901 1657 4974 post
1695 4897 1934 4974 aliquod
2043 4899 2159 4974 iius
2188 4897 2297 4974 τὰς
2323 4896 2518 4953 Ἠλίου
2550 4898 2740 4974 αὐγάς,
2770 4901 2914 4957 Solis
2944 4901 3164 4974 radios.
3199 4899 3507 4955 Herculem
3539 4900 3696 4955 enim

255 4967 820 5042 tempusulibertate
867 4967 1263 5042 donabantur.
1311 4967 1476 5025 Conf.
1516 4967 1930 5041 ’Archwolbgiae

255 5040 469 5098 Greece?
501 5040 606 5096 lib.
641 5057 682 5109 ι,
716 5057 842 5109 cap.
877 5041 963 5095 10.

327 5115 444 5185 (99)
475 5111 845 5183 Θητευσέμεν.
898 5111 1331 5185 ,Αοοίρὶεηᾶυω
1397 5127 1500 5185 pro
1554 5111 1772 5166 aoristo
1834 5113 1934 5182 οη-

250 5181 466 5251 τεῦσαι,
503 5191 607 5239 aut
639 5181 910 5253 praesenti
942 5181 1204 5253 tempore
1235 5181 1552 5253 Θητευέμεν.
1585 5185 1870 5239 SYLBURG.

327 5258 403 5329 (1)
441 5253 559 5329 Kal
597 5252 666 5308 τὰ
711 5254 801 5329 ἐπὶ
854 5252 1096 5329 τούτοις.
1129 5254 1254 5329 εἰςΔ
1276 5252 1441 5329 recte
1475 5252 1616 5329 Nov.
1651 5261 1706 5309 et
1739 5262 1932 5329 poste-

259 5323 450 5384 riores
503 5327 826 5383 Clementis
874 5327 1187 5383 editiones.
1221 5324 1338 5381 Sed
1382 5323 1450 5378 τὰ
1496 5323 1776 5382 omittunt
1805 5326 1936 5383 Flo-

261 5405 421 5456 rent.
458 5400 755 5454 Snsuac.

325 5474 406 5542 (2)
436 5469 723 5543 Ὅμηρος.
756 5469 926 5543 conf.
957 5467 1280 5543 de_\_lenere
1318 5466 1480 5543 Iliad.
1510 5468 1574 5535 E,
1608 5485 1760 5524 vers.
1788 5464 1930 5538 343;

257 5538 340 5597 de'
358 5538 639 5606 Plutone,
671 5559 724 5596 v.
758 5542 904 5606 39:3;
939 5541 1011 5594 de
1041 5538 1244 5608 Marte,
1272 5539 1486 5608 v.78755.

329 5615 409 5695 (3)
438 5613 544 5695 Τᾷν
599 5611 822 5695 Ἠλεῖον
876 5608 1106 5695 Δύγέαν.
1138 5607 1238 5663 Τὸν
1272 5607 1467 5695 ᾘλίου
1518 5607 1752 5695 ᾼύγέαν,
1785 5610 1937 5695 Solis

252 5681 440 5754 ﬁlium
470 5688 742 5757 Augeam,
769 5685 911 5757 Nov.
939 5681 1533 5757 Utrumquetolerari
1568 5681 1788 5753 potest;
1814 5690 1939 5739 erat

253 5753 413 5831 enim
442 5753 702 5831 Augeae,
727 5756 928 5825 Eleus,
951 5760 1012 5810 et
1030 5753 1187 5831 Solis
1204 5753 1385 5831 filius.
1413 5753 1522 5831 Se_d
1547 5771 1652 5808 cur
1676 5763 1934 5831 augeam

253 5829 408 5886 inter
439 5824 586 5887 deo's
619 5824 918 5896 numeret,
941 5827 1091 5883 ratio
1119 5841 1234 5883 non
1259 5824 1810 5898 liquet.Legendum
1835 5844 1937 5899 po-

2041 4971 2256 5025 iratum
2276 4973 2471 5026 ferunt
2493 4971 2722 5043 sagittis
2737 4974 2862 5028 suis
2876 4972 3062 5027 Solem
3079 4973 3274 5042 ipsum
3298 4974 3660 5042 percussisse
3686 4989 3700 5027 :

2043 5043 2460 5113 Apollodorus,
2495 5045 2821 5100 Bibliothec.
2855 5043 2957 5098 lib.
2992 5062 3055 5111 ιι,
3089 5061 3216 5112 cap.
3252 5045 3319 5098 10
3352 5062 3364 5099 :
3395 5043 3699 5113 Θερμαινό-

2049 5109 2433 5188 μενοςλδὲ-ὑπὸ
2465 5112 2655 5169 Ἠλίου
2701 5115 2840 5169 κατὰ
2881 5115 2980 5182 τήν
3033 5109 3283 5188 πορείαν,
3327 5113 3390 5188 τὸ
3421 5109 3578 5182 τόξον
3612 5114 3699 5166 ἐπὶ

2042 5184 2134 5238 τὸν
2158 5183 2276 5237 θεὸν
2311 5184 2587 5240 ἐνέτεινεν·
2624 5189 2725 5246 Ubi
2751 5202 2880 5243 vero
2910 5190 2965 5241 in
2996 5183 3197 5241 itinere
3226 5187 3368 5241 Solis
3399 5188 3577 5241 radiis
3607 5202 3700 5240 ca-

2049 5257 2276 5328 leﬁeret,
2299 5275 2494 5313 arcum
2517 5259 2570 5313 in
2593 5260 2756 5314 deum
2777 5261 2958 5328 ipsum
2975 5257 3401 5322 intendit.0uod
3428 5259 3701 5322 ignorans

2047 5329 2299 5401 scriptor
2329 5329 2545 5401 aliquis
2573 5330 2630 5401 in
2655 5330 2900 5401 poeticis
2939 5328 3150 5401 fabulis
3183 5330 3380 5384 minus
3411 5334 3701 5401 versatus,

2046 5399 2138 5475 τὸν
2155 5398 2357 5475 illnc,
2388 5398 2475 5475 vel
2509 5398 2723 5475 Ἠλεῖον
2760 5399 2962 5475 Αὐγέαν
2998 5400 3375 5475 substituisse
3407 5400 3654 5453 videtur.

2119 5471 2195 5543 (4)
2227 5472 2586 5546 ’ᾼνθρῴποις.
2627 5471 2890 5546 ARectiu's
2939 5471 3264 5546 ἀνθρώπων.
3310 5475 3598 5546 SYL_BU_RG.
3633 5502 3702 5513 νη

2051 5541 2207 5616 Idem
2240 5541 2583 5616 deindepro
2619 5543 3000 5616 ὑπνωσόντων,
3023 5541 3212 5616 legere
3238 5541 3458 5616 mavult
3491 5541 3703 5616 ὑπνωστ

2048 5613 2274 5706 σάντων.
2300 5621 2430 5672 Mox
2461 5611 2778 5690 legendum
2801 5615 2906 5689 ἆγή
2919 5635 3018 5688 ρῳ.
3044 5611 3275 5669 Hesiod.
3323 5611 3576 5668 ἀθάνατοι
3609 5613 3701 5669 καί

2049 5705 2148 5741 αγή
2159 5705 2258 5741 σω.

2094 5686 2484 5834 {Efﬁcacioth
2545 5759 2821 5830 Λυκάωνι,
2851 5757 2992 5812 Nov.
3039 5759 3186 5824 Mox,
3233 5754 3534 5834 ἐνεφερεῖτο
3594 5777 3698 5831 pro

2049 5825 2373 5906 ἐνεφορεῖτο.
2407 5832 2586 5887 Idem.
