4142 6422
326 364 436 419 145
1586 367 1973 423 COHORTAT

2089 370 2184 423 AD
2221 368 2525 422 GENTES.
3667 373 3773 429 146

326 484 474 557 ὕλης
501 487 773 558 αἴσθητῆς
803 487 1084 558 αἲσθητόν·
1108 489 1306 560 νοητὸν
1348 487 1405 545 δὲ
1449 490 1512 545 τὸ
1562 486 1790 564 ἄγαλμά
1832 489 1973 544 ἐστιν

2110 496 2212 546 aut
2243 488 2637 559 daamonibus,
2658 491 2782 561 sed,
2810 510 2880 549 ex
2908 494 3123 565 quibus
3150 501 3427 552 constant
3451 498 3773 553 simulacra

321 579 351 631 ὁ
385 578 545 644 Θεὸς,
575 579 605 631 ὁ
641 578 805 650 μόνος
839 575 1013 641 ὅντως
1056 578 1208 641 Θεός.
1244 580 1342 635 Καὶ
1376 577 1442 648 δὴ
1494 574 1734 652 ἔμπαλιν
1785 579 1838 634 ἐν
1891 581 1993 633 αὐ·-

320 670 447 730 ταῖς
483 686 598 721 που
641 672 762 729 ταῖς
808 669 1186 743 περιστάσεσιν
1235 669 1288 723 οἱ
1346 665 1765 741 δεισιδαίμονες,
1799 670 1852 723 οἱ
1880 671 1989 722 τῶν

322 754 499 820 λίθων
530 756 934 831 προσκυνηταὶ,
981 751 1125 833 ἔργῳ
1165 757 1427 830 μαθόντες
1476 758 1800 828 ἀναίσθητον
1850 756 1988 827 ὕλην

325 846 407 918 μὴ
439 839 644 913 σέϐειν,
671 845 845 915 αὐτῆς
876 846 1190 919 ἡττώμενοι
1240 853 1343 916 τῆς
1392 845 1600 921 χρείας,
1650 843 1991 901 ἀπόλλυνται

320 934 431 989 ὕπὸ
510 931 972 1009 δεισιδαιμονίας
1031 940 1496 1012 καταφρονοῦντες
1558 933 1605 990 δ’
1670 934 1826 1009 ὅμως
1880 939 1990 990 τῶν

319 1023 684 1098 ἄγαλμα-ξων,
718 1025 999 1101 φαίνεσθαι
1035 1022 1093 1079 δὶ
1126 1026 1202 1097 μή
1251 1026 1584 1101 βουλόμενοι
1629 1024 1806 1080 αὐτῶν
1840 1022 1988 1087 ὅλως

320 1118 804 1189 περιφρονοῦντες,
834 1112 1154 1190 ἐλέγχονται
1195 1116 1283 1170 ὑπ’
1321 1116 1503 1170 αὐτῶν
1557 1118 1667 1169 τῶν
1724 1116 1881 1182 θεῶν,
1907 1115 1985 1177 οἷς

320 1200 388 1270 δή
422 1204 493 1257 τὰ
522 1202 823 1277 ἀγάλματα
870 1206 1212 1281 πειρήμισται
1247 1205 1380 1278 (51).
1435 1204 1715 1265 Διονύσιος
1763 1205 1858 1277 μὶν
1885 1204 1987 1278 γὰρ

319 1293 347 1346 ὁ
378 1291 664 1368 τύραννος,
695 1294 728 1347 ἀ
766 1292 1052 1368 νεώτερος,
1101 1293 1385 1366 θοιμάτιον
1415 1294 1480 1349 τὸ
1510 1292 1745 1369 χρύσεον
1804 1313 1987 1368 περιε-

316 1380 559 1453 λόμενος
586 1386 686 1436 τοῦ
718 1382 843 1444 Διὸς
871 1381 924 1436 ἐν
954 1381 1206 1454 Σικελίᾳ,
1255 1380 1578 1457 προσέταξεν
1622 1382 1771 1455 αὐτῷ
1804 1382 1987 1458 ἐρεοῦν

316 1474 680 1545 περιτιθέναι,
737 1473 1042 1547 χαριέντως
1094 1475 1291 1549 φήσας,
1347 1477 1511 1528 τοῦτο
1565 1473 1786 1542 ἄμεινον
1846 1474 1985 1527 εἶναι

314 1563 414 1615 τοῦ
469 1561 714 1636 χρυσίου
750 1605 765 1631 ,
824 1560 914 1616 καὶ
976 1563 1167 1637 θέρους
1222 1562 1579 1641 κουφότερον,
1637 1561 1728 1616 καὶ
1787 1562 1985 1638 κρύους

317 1649 725 1724 ἄλεεινότερον,
778 1649 1073 1727 Ἀντίοχος
1114 1648 1172 1706 δὲ
1220 1653 1332 1725 (52)
1382 1652 1410 1705 ὁ
1457 1651 1803 1722 Κυζικηνὸς,
1848 1651 1986 1706 ἀπο-

320 1738 591 1815 ρούμενος
632 1758 745 1815 χρη
759 1739 967 1813 μάτων,
995 1745 1094 1796 τοῦ
1125 1742 1249 1803 Διὸς
1269 1741 1333 1796 τὸ
1365 1737 1587 1816 ἄγαλμα
1627 1742 1691 1796 τὸ
1720 1745 1982 1817 χρυσοῦν,

319 1826 707 1884 πεντεκαίδεκα
752 1833 959 1905 πηχῶν
1008 1830 1072 1885 τὸ
1125 1831 1351 1905 μέγεθος
1405 1828 1488 1899 ὃν,
1532 1831 1825 1904 προσέταξε
1865 1849 1983 1905 χω-

327 1922 537 1985 νεῦσαι,
581 1920 671 1973 καὶ
721 1926 823 1989 τῆς
858 1917 1037 1985 ἂλκῆς
1088 1926 1189 1990 τῆς
1237 1918 1565 1995 ἀτιμοτέρας
1592 1918 1731 1990 ὕλης
1763 1916 1985 1996 ἄγαλμα

339 2008 713 2080 παραπλήσιον
766 2006 1003 2081 ἐκείνῳ,
1059 2006 1320 2072 πετάλοις
1361 2008 1809 2085 κεχρυσωμένον,
1857 2009 1988 2064 ἀνα-

336 2098 507 2152 θεῖναι
555 2097 735 2153 πάλιν.
768 2098 841 2155 Αἱ
868 2095 927 2153 δὲ
984 2096 1270 2173 χελιδόνες
1320 2101 1455 2173 (53),
1488 2098 1580 2155 καὶ
1609 2103 1717 2155 τῶν
1780 2097 1985 2174 ὀρνέων

331 2188 400 2241 τὰ
440 2186 689 2258 πλεῖστα,
738 2187 1150 2262 κατεξαιροῦσιν
1190 2190 1305 2261 (54)
1345 2188 1526 2244 αὐτῶν
1565 2191 1677 2244 τῶν
1731 2187 1983 2263 ἂγαλμᾶ-

319 2297 430 2331 των
480 2276 863 2350 εἰσπετόμενα,
910 2273 1065 2332 οὐδὲν
1115 2277 1476 2355 φροντίσαντα
1515 2274 1640 2333 οὔτε
1668 2277 1982 2350 Ὀλυμπίου

317 2366 466 2435 Διὸς,
527 2362 656 2420 οὗτε
712 2365 1068 2441 Ἐπιδαυρίου
1124 2366 1500 2439 Ἀσκληπιοῦ,
1533 2364 1661 2422 οὗδέ
1692 2388 1800 2440 μην
1833 2368 1981 2437 Αθη-

307 2461 407 2517 vi:
461 2453 749 2518 Πολιάδος
777 2455 813 2525 ἢ
848 2453 1160 2530 Σαράπιδος
1193 2455 1521 2532 Αἰγυπτίου.
1572 2457 1703 2533 παρ’
1732 2457 1807 2510 ὢν
1857 2453 1982 2512 οὐδὲ

312 2544 511 2616 αὐτῶν]
536 2545 644 2613 τὴν
674 2544 1029 2616 ἀναισθησίαν
1062 2549 1170 2600 τῶν
1221 2544 1556 2623 ἀγαλμάτων
1602 2543 1977 2618 ἐκμανθάνετε.

312 2632 474 2690 Ἀλλ’
505 2633 615 2688 εἰσὶ
657 2634 753 2707 μὲν
798 2634 1100 2711 κακοῦργοί
1143 2655 1289 2697 τινες
1318 2634 1355 2705 ἢ
1402 2633 1666 2707 πολέμιοι
1723 2633 1980 2708 ἐπιθέμε-

310 2745 422 2793 νοι,
476 2724 531 2778 οἳ
586 2722 661 2779 δι’
707 2721 1158 2800 αἰσχροκέρδειαν
1209 2722 1456 2799 ἐδῄωσαν
1503 2725 1571 2779 τὰ
1625 2724 1765 2800 ἱερὰ,
1792 2724 1883 2780 καὶ
1912 2726 1979 2780 τὰ

309 2814 650 2886 ἀναθήματα
716 2812 989 2884 ἐσύλησαν
1027 2858 1041 2882 ,
1108 2816 1144 2885 ἢ
1201 2815 1292 2869 καὶ
1349 2815 1488 2870 αὖτὰ
1545 2812 1853 2890 ἐχώνευσαν
1911 2814 1978 2870 τὰ

307 2901 632 2978 ἀγάλματα·
683 2903 775 2958 καὶ
815 2903 863 2959 εἰ
903 2899 1205 2977 Καμϐύσης
1419 2924 1528 2974 τις,
1577 2905 1613 2975 ἢ
1657 2909 1907 2979 Δαρεῖος,
1938 2903 1975 2973 ἢ

302 2991 483 3053 ἄλλος
542 2992 876 3065 μαινόμενος
924 2996 1152 3047 τοιαῦτὰ
1206 2994 1338 3049 ἄττα
1376 2991 1755 3069 ἐπεχείρησεν,
1796 2993 1886 3049 καὶ
1928 2993 1974 3049 εἰ

302 3080 400 3135 τὸν
455 3079 767 3156 Αἰγύπτιόν
818 3102 903 3142 τις
951 3077 1257 3137 ἀπέκτεινεν
1318 3082 1509 3150 Ἀπιν,
1541 3080 1689 3158 γελῶ
1741 3082 1856 3156 μὶν,
1888 3082 1973 3138 ὅτι

304 3171 401 3225 τὸν
435 3171 556 3234 θεὸν
607 3168 917 3226 ἀπέκτεινεν
970 3170 1170 3243 αὐτῶν,
1219 3170 1508 3246 ἀγανακτῶ
1556 3167 1636 3241 δὲ,
1668 3170 1713 3225 ei
1743 3169 1973 3247 κέρδους

2013 1877 2062 1943 Β

2106 586 2280 635 terra;
2311 585 2369 634 et
2396 581 2651 636 artiﬁcio
2685 584 3033 652 persolvunt
3062 586 3144 651 hi,
3179 587 3280 657 qui
3341 586 3483 641 deos
3520 587 3767 643 faciunt.

2102 671 2246 724 Nam
2276 669 2439 725 aliud
2470 675 2628 725 certe
2659 671 2811 726 nihil
2859 679 2948 728 est
2996 674 3405 742 simulacrum,
3436 693 3617 747 quam
3674 677 3769 732 in-

2101 758 2302 814 anima
2324 764 2500 827 terra,
2523 761 2617 815 cui
2648 761 2895 817 artificis
2924 778 3139 819 manus
3159 764 3413 820 formam
3436 766 3764 839 impressit.

2099 848 2271 920 Apud
2303 865 2413 904 nos
2443 854 2643 905 autem
2676 850 2835 906 haud
2887 852 3130 923 quidem
3176 869 3207 908 e
3256 854 3463 909 sensili
3512 857 3765 912 materia

2101 938 2321 993 sensile
2353 939 2762 1007 simulacrum,
2794 940 2898 995 sed
2929 942 3090 1012 quod
3116 943 3243 998 sola
3271 948 3473 999 mente
3507 945 3764 1017 percipi—

2100 1031 2217 1091 tur,
2251 1030 2342 1082 est
2371 1028 2546 1095 Deus,
2576 1029 2677 1099 qui
2711 1029 2875 1085 solus
2904 1046 3039 1085 vere
3089 1032 3243 1087 Deus
3300 1038 3409 1089 est.
3442 1035 3524 1087 Ac
3552 1050 3759 1088 rursus

2100 1132 2236 1171 cum
2258 1118 2655 1188 superstitiosi
2675 1118 2763 1173 illi
2785 1120 3090 1186 mortales,
3112 1121 3213 1191 qui
3234 1121 3463 1193 lapides
3484 1123 3756 1191 adorant,

2099 1205 2406 1262 adversam
2437 1206 2737 1262 fortunam
2787 1209 2967 1280 passi,
3016 1226 3085 1263 ex
3130 1210 3261 1281 ipsa
3306 1228 3370 1266 re
3420 1211 3759 1281 didicerint,

2099 1294 2259 1365 quod
2271 1295 2524 1350 materia
2544 1312 2755 1351 sensus
2779 1314 2989 1368 expers
3008 1315 3128 1353 non
3155 1300 3232 1353 sit
3253 1299 3317 1363 ›ι‹
3342 1299 3556 1354 divinis
3574 1301 3765 1355 hono-

2096 1384 2261 1438 ribus
2290 1384 2626 1453 aflicienda,
2652 1386 2780 1457 ipsa
2800 1389 3154 1443 necessitate
3176 1392 3235 1444 et
3254 1388 3583 1461 indigentia
3598 1390 3757 1455 victi,

2096 1478 2260 1528 metu
2280 1472 2442 1528 falsas
2464 1473 2771 1547 religionis
2791 1476 3073 1532 miseram
3096 1477 3187 1531 sui
3200 1477 3501 1549 jacturam
3521 1479 3764 1549 patiun-

2096 1567 2230 1629 tur;
2265 1567 2325 1618 et
2352 1579 2488 1618 cum
2519 1564 2840 1621 simulacra
2858 1571 3264 1634 contemnant,
3291 1584 3361 1622 ea
3389 1572 3590 1622 tamen
3612 1584 3759 1622 con-

2096 1656 2361 1708 temnere
2374 1652 2556 1708 videri
2574 1654 2788 1721 nolint,
2805 1655 3071 1726 ipsorum
3088 1656 3360 1722 deorum,
3380 1673 3636 1728 quorum
3653 1674 3758 1712 no-

2096 1742 2359 1797 minibus
2376 1742 2666 1815 inscripta
2683 1749 2842 1808 sunt,
2869 1743 3213 1800 infortuniis
3238 1751 3296 1800 et
3315 1746 3756 1801 calamitatibus

2093 1837 2441 1902 arguuntur.
2477 1833 2621 1887 Nam
2644 1832 2959 1904 Dionysius
2982 1838 3271 1905 tyrannus
3284 1835 3513 1905 junior,
3540 1851 3676 1890 cum
3695 1836 3757 1889 in

2097 1919 2298 1975 Sicilia
2318 1936 2559 1976 auream
2590 1926 2814 1976 vestem
2843 1922 2964 1977 Jovi
2995 1922 3373 1991 detraxisset,
3394 1923 3579 1994 jussit
3616 1940 3755 1979 eum

2096 2008 2264 2063 indui
2297 2009 2490 2077 lanea,
2509 2009 2698 2065 facete
2724 2010 2951 2079 dicens,
2968 2026 3102 2066 eam
3119 2028 3227 2067 esse
3246 2028 3417 2067 aurea
3437 2014 3715 2068 meliorem
3738 2030 3757 2067 :

2094 2103 2155 2152 ut
2175 2113 2296 2168 qua
2313 2104 2445 2155 esset
2456 2105 2645 2155 estate
2667 2101 2853 2167 levior,
2878 2107 2932 2154 et
2948 2101 3123 2156 hieme
3142 2102 3394 2157 calidior.
3428 2102 3756 2158 Antiochus

2094 2192 2293 2243 autem
2348 2188 2686 2259 Cyzicenus,
2716 2205 2851 2244 cum
2892 2195 3092 2262 egeret
3136 2191 3413 2263 pecunia,
3453 2192 3609 2247 Iovis
3650 2208 3760 2247 au-

2092 2292 2257 2332 ream
2307 2281 2583 2343 statuam,
2627 2294 2759 2348 quas
2818 2278 3163 2349 quindecim
3223 2278 3561 2334 cubitorum
3606 2285 3755 2347 erat,

2090 2363 2260 2420 fundi
2282 2365 2490 2437 jussit,
2522 2370 2582 2420 et
2609 2382 2681 2421 ex
2705 2366 2824 2421 alia
2843 2366 3035 2422 viliori
3067 2368 3320 2423 materia
3358 2372 3619 2424 statuam
3667 2369 3757 2425 illi

2092 2453 2389 2521 similem,
2444 2454 2686 2510 laminis
2734 2456 3090 2517 inauratam.
3151 2456 3281 2528 ejus
3338 2456 3470 2512 loco
3520 2458 3754 2529 reponi.

2090 2543 2426 2607 Quinetiam
2456 2544 2836 2611 hirundines,
2860 2544 3112 2615 aliasque
3143 2562 3279 2601 aves
3296 2547 3755 2619 quamplurimm

2088 2631 2454 2701 advolentes,
2506 2632 2668 2688 alvos
2718 2633 2779 2687 in
2829 2634 2961 2705 ipsa
3030 2634 3350 2691 simulacra
3404 2642 3752 2705 exonerant,

2086 2720 2256 2776 nulla
2284 2720 2516 2775 ratione
2546 2721 2770 2790 habita,
2802 2728 2905 2777 aut
2951 2722 3206 2795 Olympii
3252 2724 3428 2793 lovis,
3459 2731 3564 2781 aut
3613 2726 3754 2798 Epi-

2088 2809 2279 2865 daurii
2309 2809 2649 2881 Esculapii,
2678 2814 2781 2865 aut
2808 2811 3078 2866 Minervae
3118 2812 3401 2880 Poliadis,
3432 2818 3535 2868 aut
3577 2814 3751 2869 Sara-

2089 2898 2242 2971 pidis
2269 2899 2562 2971 Egyptii;
2596 2914 2632 2955 a
2663 2898 2881 2970 quibus
2934 2899 3112 2955 etiam
3144 2900 3292 2971 ipsis
3343 2918 3446 2957 vos
3492 2901 3751 2957 necdum

2085 2987 2392 3044 didecistis
2423 2988 2745 3044 simulacra
2776 3004 2904 3043 esse
2945 3005 3127 3044 sensu
3151 2991 3394 3061 penitus
3444 2991 3750 3048 destituta.

2083 3080 2524 3149 Nonnunquam
2547 3078 2724 3134 etiam
2745 3095 2781 3133 a
2802 3078 3152 3150 prmdonum
3173 3079 3265 3135 vel
3284 3080 3547 3136 hostium
3569 3098 3753 3137 manu

2084 3167 2417 3239 irruptione
2448 3167 2625 3235 facta,
2659 3168 2906 3223 incensa
2936 3168 3183 3240 templa,
3215 3169 3466 3225 donaria
3496 3171 3750 3242 direpta,

308 3260 475 3335 χάριν
506 3259 896 3335 ἐπλημμέλει.
928 3262 1103 3319 Ἐκὼν
1152 3258 1244 3317 οὖν
1296 3260 1608 3336 ἐπιλήσομαι
1655 3258 1824 3331 τῆσδε
1875 3267 1973 3332 τῆς

2089 3258 2220 3329 ipsa
2233 3257 2414 3313 etiam
2430 3257 2751 3313 simulacra
2770 3258 2960 3330 turpis
2974 3257 3124 3312 lucri
3141 3259 3331 3331 gratia
3349 3258 3576 3331 liquata
3591 3265 3751 3315 sunt.

308 3349 641 3426 κακουργίας
676 3394 691 3420 ,
751 3349 1075 3422 πλεονεξίας
1134 3345 1306 3427 ἔργα,
1362 3350 1495 3427 οὐχὶ
1563 3348 1621 3406 δὲ
1678 3348 1963 3428 ἀδρανείας

300 3444 411 3495 τῶν
433 3438 688 3495 εἰδώλων
720 3439 958 3516 ἔλεγχον
988 3441 1254 3513 νομίζων.
1298 3439 1456 3497 Ἀλλ’
1514 3437 1699 3515 οὕτιγε
1748 3440 1811 3495 τὸ
1857 3444 1964 3514 πῦρ

297 3531 389 3585 καὶ
444 3531 497 3584 οἱ
556 3531 776 3602 σεισμοῖ
830 3527 1122 3607 κερδαλέοι
1155 3532 1291 3605 (56),
1336 3526 1463 3586 οὗδὶ
1512 3531 1621 3604 μὴν
1673 3524 1965 3608 φοϐοῦνται

299 3618 337 3689 ἢ
365 3617 772 3693 δυσωποῦνται,
805 3618 869 3676 οὗ
915 3617 1045 3683 τοὺς
1095 3616 1378 3694 δαίμονας,
1426 3619 1494 3675 οὗ
1538 3619 1606 3676 τὰ
1652 3617 1963 3696 ὀγάλματα,

365 3755 433 3820 ,ιι
462 3748 527 3802 P.
562 3747 634 3801 46
662 3747 776 3801 ED.
810 3746 1105 3802 POTTER.

296 3872 466 3927 luere
490 3891 508 3938 ;
533 3871 621 3927 sic
637 3870 817 3927 hodie
828 3870 1183 3944 Christianis
1195 3870 1840 3944 nulluminteliligibilis
1861 3872 1965 3928 Dei

294 3943 693 4015 simulacrum
712 3959 843 3998 esse
864 3942 1123 4015 scripsit,
1140 3941 1634 4015 sedintelligibile
1648 3941 1963 4011 duntaxat,

289 4031 429 4070 eum
465 4014 701 4071 scilicet
728 4015 819 4086 (ut
850 4013 1131 4086 equidem
1185 4014 1403 4086 sentio,
1449 4013 1588 4070 nam
1628 4014 1741 4070 hoc
1770 4031 1806 4070 a
1832 4015 1965 4070 Cle-

288 4093 495 4142 mente
554 4102 681 4141 non
729 4085 1082 4158 explicatur)
1131 4085 1233 4157 qui
1265 4101 1469 4142 revera
1498 4087 1625 4158 ipse
1660 4087 1812 4141 Deus
1853 4092 1963 4154 est,

290 4158 510 4213 Filium
544 4158 650 4212 Dei
681 4157 1079 4230 unigenitum.
1112 4158 1378 4230 COLLEGT.

362 4230 482 4305 (51)
508 4228 901 4305 ,ῌεφῄμισταμ
935 4228 1423 4305 Ἑπιπεξρῄμιστα-ι,
1458 4231 1596 4284 Nov.

366 4296 802 4374 (52)Ἀντίο“χος
832 4296 910 4374 δέ.
941 4296 1278 4374 (Arnobius,
1327 4300 1432 4355 lib.
1479 4316 1533 4355 v1
1575 4307 1782 4374 contra
1829 4301 1967 4374 Gen-

291 4372 413 4427 tes:
445 4372 795 4428 Antiochum
816 4372 1141 4442 Cyzicenum
1159 4375 1390 4441 fuerunt
1411 4373 1725 4443 quindecim
1752 4373 1968 4427 cubito-

286 4462 413 4500 rum
443 4445 558 4515 (sic
599 4444 762 4500 enim
793 4444 858 4499 in
891 4446 1157 4500 Romana
1187 4443 1447 4499 editione
1490 4447 1822 4499 correctum
1854 4446 1965 4513 est)

284 4518 480 4571 Jovem
511 4533 585 4570 ex
614 4515 845 4570 delubro
872 4531 1104 4570 aureum
1130 4516 1429 4582 sustulisse,
1482 4522 1536 4570 et
1582 4532 1651 4569 ea:
1698 4532 1806 4570 aere
1835 4517 1965 4569 bra—

288 4589 487 4643 cteolis
515 4588 863 4641 substituisse
890 4590 1163 4658 fucatam.
1202 4587 1335 4641 Fuit
1359 4587 1457 4641 hic
1489 4586 1818 4641 Antiochus
1844 4587 1956 4658 Sy-

287 4660 394 4714 rias
445 4676 576 4725 rex,
625 4658 841 4713 Sidetis
893 4657 1098 4730 ﬁlius;
1144 4658 1528 4730 regnavitque
1570 4674 1771 4730 annos
1804 4657 1954 4713 ιιι-ιιι.

286 4731 857 4813 {osephus,_An_tiq.
890 4728 994 4813 lib.
1042 4728 1356 4813 ,ηιμ-εει).
1410 4730 1511 4813 l9;
1562 4729 1852 4813 Eusebius
1902 4736 1961 4784 et

289 4800 587 4857 Justinus.
623 4801 807 4857 Paulo
838 4806 975 4872 post
1024 4800 1245 4856 Arnob.
1280 4800 1518 4856 secutus
1559 4806 1649 4857 est
1694 4801 1964 4857 Clemen-

295 4880 439 4940 tem,
474 4874 580 4945 qui
612 4879 752 4945 ante
796 4871 1006 4928 tribuit
1026 4872 1256 4943 juniori
1286 4872 1568 4945 Dionysio
1602 4914 1616 4941 ,
1676 4871 1835 4945 quod
1867 4873 1969 4928 alii

293 4943 546 5027 seniori.
596 4943 815 5027 Deide,
848 4948 941 5027 ‘ut
984 4947 1154 5027 notat
1209 4945 1277 5027 Ρἶ
1310 4943 1622 5027 Victbrius,
1656 4943 1789 5027 “lib.
1849 4961 1966 5026 xxv,

292 5034 363 5072 ca
411 5058 425 5071 .
464 5020 555 5083 10,
589 5016 816 5083 Cicero,
848 5014 955 5071 lib.
989 5032 1047 5069 ιιι
1078 5017 1152 5070 De
1178 5020 1301 5069 nat.
1336 5016 1515 5082 deor.,
1559 5015 1621 5071 id
1650 5016 1872 5072 factum
1904 5016 1969 5070 in

289 5035 717 5172 Deiop-onneso
747 5088 855 5172 ait,
884 5087 1163 5172 Clemens
1192 5086 1255 5140 in
1304 5085 1506 5172 Sicilia
1536 5104 1550 5142 :
1603 5087 1714 5172 sed
1737 5102 1968 5172 vereor,

291 5157 517 5232 inquit,
551 5176 629 5215 ne
659 5158 772 5241 hoc
803 5160 877 5213 Μ.
928 5158 1118 5240 Tullio
1149 5157 1523 5242 imposuerit,
1559 5159 1719 5241 quod
1762 5158 1969 5241 legens

293 5233 406 5287 hoc
442 5233 668 5287 factum
699 5246 771 5303 in,
809 5230 951 5303 fano
994 5229 1480 5303 Jovis_9lymp1_i,
1512 5229 1587 5284 ob
1619 5229 1969 5303 dignitatem

1466 5271 1480 5297 ν

291 5302 722 5374 Peloponnesii
752 5302 889 5374 fani
916 5301 1140 5374 putarit
1169 5300 1227 5355 id
1261 5300 1967 5374 iniPeloponne'socom-

291 5318 722 5374 Peloponnesu
752 5318 873 5357 tam
916 5318 1140 5372 putarit
1169 5318 1227 5355 ια
1261 5318 1321 5354 m
1355 5318 1768 5428 retogonneso
1801 5318 1967 5357 com-

290 5376 573 5431 missum.
598 5373 715 5446 sed
744 5374 806 5427 in
836 5372 1041 5429 Sicilia
1058 5387 1294 5446 quoque
1311 5373 1466 5429 lovis
1534 5372 1743 5446 lympii
1762 5372 1968 5446 fanum

288 5447 480 5501 fuisse
513 5448 578 5502 Τ.
603 5444 797 5500 Livius
843 5450 1052 5500 auctor
1076 5442 1328 5509 est,’lib.
1363 5460 1495 5499 xxrv
1520 5461 1532 5512 ;
1562 5442 1965 5500 vet—Diodorus

290 5517 553 5573 Siculus.
605 5516 876 5586 Liberalis
931 5517 1187 5586 Dionysii
1223 5514 1400 5586 vertit
1440 5516 1729 5586 Hervetus
1786 5517 1964 5586 paulo

332 5595 429 5645 ost
479 5591 665 5645 Graac.
718 5583 982 5641 Διονύσου
1030 5583 1129 5640 τοῦ
1169 5584 1557 5660 Ἐλευθερέως.
1614 5583 1960 5660 Arnobius:

344 5662 399 5715 bi
430 5663 596 5716 Liber
624 5659 978 5715 Eleutherius
1005 5675 1127 5715 cum
1156 5658 1451 5727 Athenis?
1480 5658 1567 5714 Ab
1602 5659 1960 5727 Eleutheris,

286 5732 441 5788 urbe
476 5733 738 5804 Bceotiaa,
765 5729 939 5804 cujus
964 5730 1110 5804 civis
1151 5726 1515 5804 Ἐλευθερεύς.
1550 5731 1816 5804 Οοιιιτατ.

360 5805 481 5875 (53)
510 5802 580 5860 At
610 5800 671 5857 δὲ
700 5799 1417 5877 χελιδόνεςηΤθτίςιιῙΙίᾶῃξ,
1450 5802 1642 5877 A_pol.,
1674 5819 1802 5874 cap.
1858 5805 1957 5857 l2:

288 5874 480 5945 Igitur
508 5878 558 5930 si
596 5874 836 5947 statuas,
896 5880 949 5929 et
1005 5874 1274 5942 imagines
1324 5874 1565 5943 frigidas
1614 5880 1959 5930 mortuorum

2078 3346 2244 3412 Quod
2273 3346 2323 3401 si
2355 3346 2676 3418 Cambyses
2714 3346 2952 3418 aliquis,
2974 3347 3064 3402 vel
3086 3347 3318 3416 Darius,
3342 3348 3566 3404 aliusve
3588 3349 3755 3421 quis-

2077 3437 2237 3508 piam
2260 3437 2508 3492 insanus
2531 3436 2877 3508 hujusmodi
2899 3436 3132 3492 facinus
3153 3437 3398 3509 aliquod
3413 3438 3747 3507 tentaverit,

2077 3526 2180 3581 16
2211 3530 2315 3581 aut
2343 3525 2679 3599 [Egyptium
2729 3526 2884 3598 Apin
2942 3526 3264 3582 occiderit:
3294 3528 3453 3598 quod
3505 3527 3749 3599 quidem

2076 3615 2344 3687 ipsorum
2374 3614 2554 3670 deum
2603 3614 2907 3683 occiderit,
2941 3615 3130 3670 risum
3185 3616 3334 3671 mihi
3366 3620 3698 3672 commovet
3725 3637 3749 3701 ς

2074 3890 2298 3929 suorum
2344 3876 2671 3942 simillimas,
2741 3891 2851 3929 non
2902 3875 3217 3941 adoramus,
3284 3891 3421 3943 quas
3476 3875 3650 3943 milvi,
3693 3882 3747 3930 et

2076 3962 2274 4013 mures,
2309 3953 2363 4001 et
2402 3962 2620 4002 araneae
2663 3947 3009 4016 intelligunt,
3062 3962 3245 4001 nonne
3294 3947 3513 4002 laudem
3567 3950 3744 4017 magis

2076 4034 2245 4087 quam
2280 4034 2502 4088 parmam
2555 4019 2892 4072 merebatur.
2916 4018 3209 4087 repudium
3258 4020 3441 4088 agniti
3494 4021 3748 4074 erroris?

2076 4089 2380 4157 Minutius,
2414 4089 2649 4145 Octavio
2675 4105 2688 4142 :
2721 4091 2940 4155 Quanto
2959 4092 3141 4145 verius
3171 4091 3237 4143 de
3267 4089 3376 4144 diis
3403 4092 3598 4144 vestris
3622 4092 3745 4145 ani-

2075 4161 2249 4215 malia
2274 4167 2430 4215 muta
2458 4161 2800 4215 naturaliter
2820 4161 3087 4231 judicant
3112 4164 3139 4215 Ρ
3160 4178 3361 4229 mures,
3392 4161 3738 4228 hirundines,

2076 4233 2252 4299 milvi,
2276 4248 2389 4286 non
2418 4234 2622 4287 sentire
2661 4248 2749 4287 eos
2778 4234 2979 4299 sciunt,
3030 4233 3257 4299 rodunt,
3299 4232 3604 4298 inculcant,
3652 4235 3745 4286 in-

2075 4303 2280 4369 sident,
2313 4319 2378 4357 ac
2407 4305 2517 4357 nisi
2544 4304 2805 4372 abigatis,
2840 4305 2902 4357 in
2940 4305 3059 4427 ipso
3087 4304 3178 4357 dei
3206 4306 3375 4358 vestri
3425 4318 3518 4357 ore
3547 4304 3744 4372 nidiﬁ-

2079 4380 2227 4427 cant.
2261 4378 2373 4427 etc.
2406 4373 2573 4427 Conf.
2608 4373 2929 4427 Arnobius.
2984 4373 3064 4427 ib.
3098 4391 3150 4427 v1
3185 4390 3198 4427 :
3240 4374 3599 4427 Lactantius.
3633 4374 3738 4427 lib.

2079 4380 2227 4441 cant,
2261 4378 2373 4428 etc.
2406 4373 2573 4429 Conf.
2608 4373 2929 4438 Arnobius,
2960 4373 3064 4428 lib.
3098 4391 3150 4427 v1
3185 4390 3198 4439 ;
3240 4374 3599 4440 Lactantius,
3633 4374 3738 4429 lib.

2078 4462 2139 4512 Il,
2163 4461 2292 4516 cap.
2328 4446 2400 4511 4;
2442 4445 2847 4570 Augustinus,
2878 4447 2938 4498 in
2960 4444 3162 4514 psalm.
3209 4460 3361 4499 cxm.
3404 4444 3609 4527 Simile
3651 4450 3744 4500 est

2078 4516 2227 4570 illud
2256 4517 2481 4570 Horatii
2511 4517 2552 4570 11
2603 4557 2615 4570 .
2650 4532 2689 4570 ι.
2723 4521 2832 4570 sat.
2866 4517 2923 4570 8.
2956 4532 3105 4570 vers.
3139 4517 3227 4570 37.
3258 4517 3336 4570 De
3374 4517 3583 4570 Priapo
3613 4532 3633 4570 :

2078 4515 2481 4571 illud’Horatii
2511 4515 2615 4571 lib.
2650 4532 2689 4586 ι,
2723 4521 2832 4571 sat.
2866 4517 2924 4583 8,
2956 4532 3105 4571 vers.
3139 4517 3227 4581 37,
3258 4517 3336 4570 De
3374 4517 3583 4585 Priapo
3613 4532 3633 4570 :

1995 4598 2042 4663 D
2146 4623 2385 4677 Mentior
2433 4628 2492 4676 at
2534 4624 2583 4676 si
2621 4622 2777 4692 quid,
2829 4621 3033 4676 merdis
3081 4627 3249 4691 caput
3297 4622 3558 4691 inquiner
3601 4621 3742 4677 albis

2147 4694 2465 4748 Corvorum.

2149 4801 2262 4885 (5ft)
2315 4799 2783 4885 Κατεξαιρρῦσιν...
2812 4800 2981 4885 Quod
3019 4800 3287 4885 ‘stepiu‘s‘
3344 4798 3569 4885 dictum
3628 4805 3740 4864 est,

2078 4891 2132 4925 αι
2166 4878 2225 4945 et
2246 4870 2271 4925 ε
2295 4888 2331 4928 a
2359 4870 2619 4929 librariis
2640 4872 2926 4929 confundi
2950 4870 3250 4945 solere,_id
3271 4870 3385 4927 hoc
3415 4871 3547 4928 loco
3577 4889 3744 4945 repe-

2078 4944 2326 5027 tendum
2350 4961 2527 5027 ;_nam
2558 4945 2844 5027 Clemens-
2854 4942 3063 5027 procul
3086 4942 3264 5027 dubio
3288 4945 3528 5027 scripsit
3554 4942 3740 5027 κατεξ-

2078 5018 2296 5086 ερῶσιν,
2327 5016 2511 5072 alvum
2539 5014 2940 5086 exonerant—in
2973 5014 3295 5086 simulacra
3323 5031 3337 5070 :
3372 5014 3458 5071 sic
3477 5016 3539 5070 in
3570 5018 3741 5071 Ranis

2078 5084 2504 5159 Aristophanes
2533 5085 2800 5157 κατατιλᾷ
2827 5089 2932 5140 τῶν
2966 5084 3285 5159 Ἑκαταίων.

2144 5160 2261 5240 (ὕξ)
2279 5153 2610 5240 Ἦαμὸιξσης.
2634 5153 2966 5240 Herodotus
2986 5158 3091 5213 lib.
3115 5157 3408 5240 niret‘erf,
3437 5157 3734 5240 quomodo

2076 5229 2396 5304 Cambyses
2455 5233 2608 5303 Apin
2659 5230 2993 5304 [Egyptium
3032 5229 3333 5304 occiderit.
3370 5229 3522 5293 Quin
3552 5229 3733 5283 etiam

2078 5301 2221 5357 satis
2266 5300 2477 5357 notum
2507 5300 2616 5370 est,
2651 5300 2882 5369 Persas,
2928 5317 3063 5357 cum
3116 5300 3398 5355 Graeciam
3430 5315 3732 5371 oppugne-

2075 5373 2429 5446 bant,iobvia
2452 5391 2703 5446 quisque
2731 5374 2954 5446 templa
2971 5372 3337 5446 combusisse
3363 5370 3609 5446 :C_icero
3622 5370 3728 5426 lib.

2076 5461 2111 5499 ιι
2146 5448 2220 5499 De
2243 5442 2623 5515 legibinNec
2651 5442 2872 5516 sequor;
2910 5444 3126 5515 inquit,
3176 5456 3363 5510 magos
3415 5442 3727 5516 Persarum,

2074 5518 2272 5586 quibus
2294 5511 2612 5573 auctoribus
2641 5511 2848 5572 Xerxes
2868 5511 3237 5639 in/la—mmasse
3269 5511 3479 5581 templa
3507 5513 3732 5568 Gracia:

2074 5587 2300 5639 dicitur.
2329 5590 2479 5639 (mod
2504 5590 2813 5639 parietibus
2829 5590 2918 5639 inc
2944 5587 3174 5639 adorent
3204 5583 3348 5639 deos.
3382 5584 3582 5639 auibus
3611 5602 3730 5639 0m-

2074 5583 2300 5655 dicitur,
2329 5590 2479 5659 quod
2500 5590 2813 5659 parietibus
2829 5583 3174 5659 includerent
3204 5583 3348 5649 deos,
3382 5584 3582 5652 quibus
3611 5602 3730 5641 om—

2071 5662 2169 5714 nia
2198 5656 2455 5715 deberent
2485 5656 2594 5716 esse
2616 5661 2875 5730 patentia
2905 5665 2955 5712 et.
2985 5656 3175 5730 libera.

2143 5732 2255 5806 (5Q)
2280 5731 2532 5806 ﬂamini
2580 5725 2867 5806 κέρδαλέοι
2887 5798 2898 5806 ι
2922 5726 3214 5806 [περὶμρ
3255 5727 3479 5806 mavult
3508 5725 3724 5798 σεισμοὶ

2069 5792 2417 5885 σμερδαλέοι.
2436 5792 2658 5885 ’νθςιιηὶ
2689 5798 2947 5885 σεισμοὺς
2968 5792 3297 5883 κερδαλέους
3318 5797 3488 5868 ἀίιὶῑ,
3520 5792 3726 5872 quem-

2068 5874 2387 5930 admodum
2410 5875 2586 5947 paulo
2619 5880 2752 5947 post
2778 5874 2886 5946 πῦρ
2918 5874 3256 5947 σωφρονοῦν.

3915 450 3980 521 \/
