4142 6392
391 305 493 360 159

1618 305 2038 361 CLEMENTIS
2076 304 2581 361 ALEXANDRINI

3711 302 3818 357 160

389 446 638 500 qumque
672 429 987 501 participat
1015 433 1249 485 nostros
1281 430 1549 495 affectus,
1601 433 1661 482 et
1708 444 1814 498 pro
1863 426 2037 483 nobis

2165 425 2412 495 ἀνάθημα
2467 425 2768 501 γεγόναμεν
2798 430 2875 498 τῷ
2905 430 3023 498 Θεῷ
3069 425 3201 498 ὑπὲρ
3246 425 3505 500 Χριστοῦ’
3539 425 3704 496 ἡμεῖς
3749 426 3812 475 τὸ

387 525 811 585 commovetur,
846 518 1166 589 imaginem
1198 518 1299 572 Dei
1323 517 2043 572 circumferimus.Christi

388 608 577 680 gratia
607 609 722 662 Deo
752 607 1079 662 consecrati
1114 623 1339 662 sumus.
1404 609 1518 662 Nos
1574 622 1745 675 genus
1792 606 2044 672 electum,

386 696 573 765 regale
599 696 990 763 sacerdotium,
1015 712 1146 765 gens
1187 703 1405 763 sancta,
1446 695 1688 765 populus
1739 711 1901 763 quem
1934 694 2047 749 sibi

389 789 545 843 Deus
570 796 631 841 ut
668 790 960 857 proprium
990 787 1261 855 vindicat,
1293 790 1392 858 qui
1420 787 1702 857 quondam
1730 802 1843 840 non
1869 801 2048 856 papu-

395 878 497 945 lus,
529 894 676 932 nunc
726 884 911 933 autem
958 878 1200 948 populus
1249 880 1348 932 Dei
1374 893 1579 933 sumus
1604 878 1650 911 ³³
1677 894 1689 943 ;
1725 877 1849 947 qui,
1880 881 1947 932 ut
1966 875 2051 930 ait

388 970 644 1023 Joannes
673 967 737 1035 ³³,
788 984 909 1024 non
967 984 1172 1023 sumus
1220 984 1290 1022 ea:
1341 970 1574 1037 inferis;
1610 966 1715 1022 sed
1746 966 1819 1021 ab
1850 982 1919 1021 eo
1950 967 2049 1036 qui

389 1073 622 1126 superne
650 1059 800 1111 venit
826 1057 1084 1126 ",omnia
1111 1057 1429 1112 didicimus
1450 1057 1530 1110 ης
1556 1056 1657 1127 qui
1681 1055 1783 1110 Dei
1807 1054 2050 1126 dispen—

392 1146 684 1201 sationem
717 1146 1017 1217 cognitam
1065 1151 1243 1217 atque
1290 1151 1663 1218 perspectam
1710 1144 2046 1211 habemus;

391 1235 515 1306 qui,
550 1235 830 1306 denique,
864 1234 937 1290 ad
970 1235 1029 1290 id
1064 1252 1271 1290 sumus
1303 1235 1569 1301 exerciti,
1603 1240 1670 1289 ut
1714 1237 1771 1288 in
1803 1236 2051 1288 novitate

390 1327 517 1378 vita:
544 1324 880 1378 ambulemus
907 1325 972 1378 “.
1012 1323 1177 1379 Haud
1208 1329 1409 1380 tamen
1440 1323 1651 1379 eodem
1678 1323 1881 1379 animo
1913 1323 2052 1378 sunt

395 1413 592 1469 affecti
622 1429 837 1485 magna
860 1431 997 1485 pars
1019 1414 1351 1481 hominum,
1377 1413 1480 1469 sed
1501 1418 1663 1469 metu
1689 1414 1851 1468 omni
1873 1417 2049 1484 atque

394 1502 619 1575 pudore
647 1502 1164 1574 depositis,turpes
1178 1503 1520 1559 daemonum
1535 1503 1597 1557 in
1612 1504 1903 1558 Venerem
1916 1518 2053 1573 pru-

392 1592 541 1646 ritus
563 1590 726 1647 domi
744 1609 866 1647 sua;
889 1592 1236 1664 depingunt.
1262 1591 1497 1654 AdeOvP
1517 1592 1678 1646 enim
1702 1591 1886 1647 dediti
1914 1595 2054 1645 sunt

392 1681 669 1747 lascivias,
684 1685 751 1735 ut
773 1681 948 1751 pictis
967 1681 1326 1752 quibusdam
1344 1679 1580 1735 tabellis
1602 1697 1634 1734 e
1652 1680 1895 1735 sublimi
1917 1696 2051 1734 sus-

2155 515 2310 589 γὲνος
2368 516 2430 569 τὸ
2481 515 2757 588 ἐκλεκτὸν,
2815 518 2878 569 τὸ
2942 514 3221 590 βασίλειον
3280 514 3597 586 ἱεράτευμα,
3664 511 3818 575 ἔθνος

2158 603 2340 677 ἅγιον,
2404 602 2536 665 λαὸς
2594 606 2926 681 περιούσιοςο
2989 601 3040 658 ο⁹ί
3096 623 3229 657 ποτε
3287 601 3349 656 οὐ
3404 600 3559 668 λαὸς,
3612 605 3705 655 νῦν
3758 597 3819 654 δὲ

2157 689 2291 753 λαὸς
2345 696 2443 746 τοῦ
2494 696 2654 762 Θεοῦ,
2713 694 2790 762 οἱ,
2848 692 2985 747 κατά
3034 693 3126 747 τὸν
3185 690 3469 763 Ἰωάννην,
3519 690 3619 745 ούκ
3665 685 3820 751 ὄντες

2157 779 2218 835 ἐκ
2268 787 2377 837 τῶν
2432 785 2582 838 κάτω
2617 826 2631 847 ,
2689 784 2835 858 παρά
2906 780 2964 838 δὲ
3013 785 3111 838 τοῦ
3169 781 3369 836 ἀνωθεν
3440 779 3698 844 ἐλθόντος
3755 778 3823 834 τὸ

2158 876 2261 925 πᾶν
2339 873 2716 944 μεμαθηκότες
2747 890 2761 905 ⁶
2846 873 2901 927 οἱ
2974 873 3073 941 τήν
3150 869 3469 943 οἴκονομίαν
3528 873 3627 925 τοῦ
3685 858 3824 925 Θεοῦ

2157 964 2639 1034 κατανενοηκότες,
2721 965 2773 1019 οἳ
2856 963 2912 1018 ἐν
2983 961 3269 1032 καινότητι
3347 964 3492 1031 ζωῆς
3574 979 3824 1035 περιπα-

2156 1056 2269 1106 τεῖν
2332 1052 2789 1126 μεμελετηκότες.
2855 1051 3013 1109 Ἀλλ’
3066 1053 3131 1107 ού
3195 1055 3366 1106 ταῦτα
3418 1053 3708 1127 φρονοῦσιν
3769 1048 3827 1102 οἱ

2158 1138 2414 1195 πολλοί·
2471 1141 2868 1218 ἀπορρίψαντες
2950 1139 3008 1196 δὲ
3057 1141 3156 1209 τὴν
3232 1137 3371 1195 αἶ’δῶ
3426 1138 3515 1194 καὶ
3569 1137 3661 1192 τὸν
3719 1136 3830 1213 φό-

2161 1224 2283 1299 ϐον,
2336 1228 2480 1285 οἷ’κοι
2532 1230 2660 1293 τοὺς
2703 1235 2811 1285 τῶν
2862 1228 3143 1303 δαιμόνων
3192 1230 3566 1305 ἐγγράφονται
3602 1245 3830 1301 πασχη-

2158 1318 2444 1391 τιασμούς,
2533 1320 2814 1382 Πινακίοις
2895 1322 2973 1392 (9)
3055 1323 3186 1394 γοῦν
3270 1338 3380 1372 τισι
3454 1315 3829 1392 καταγράφοις

2164 1408 2563 1484 μετεωρότερον
2652 1407 3051 1482 ἀνακειμένοις,
3128 1405 3577 1483 προσεσχηκότες
3661 1405 3832 1459 ἀσελ-

2158 1497 2301 1573 γείᾳ,
2351 1497 2478 1560 τοὺς
2534 1496 2821 1572 θαλάμους
2876 1499 3255 1571 κεκοσμήκασι
3289 1543 3304 1568 ,
3365 1496 3467 1565 τὴν
3522 1492 3829 1550 ἀκολασίαν

2161 1581 2434 1642 εὐσέϐειαν
2514 1586 2836 1660 νομίζοντες
2870 1606 2883 1619 ο
2953 1586 3084 1642 κάπὶ
3141 1590 3239 1641 τοῦ
3296 1582 3605 1658 σκίμποδος
3665 1604 3836 1639 κατα-

2160 1675 2440 1749 κείμενοι,
2500 1678 2628 1751 παρ⁹
2675 1676 2838 1738 αύτάς
2892 1671 2970 1731 ἔτι
3026 1676 3122 1738 τὰς
3171 1672 3541 1751 περιπλοκὰς,
3601 1672 3835 1751 ἀφορῶ-

392 1769 595 1841 pensis
616 1769 911 1824 thalamos
951 1786 1090 1824 suos
1122 1774 1357 1835 ornent,
1391 1774 1451 1823 et
1481 1768 1913 1840 impudicitiam
1941 1784 2048 1839 pro

2165 1785 2244 1819 σιν
2278 1764 2353 1827 εἲς
2383 1766 2483 1834 τήν
2530 1762 2861 1843 Ἀφροδίτην
2895 1764 3129 1835 ἐκείνην,
3187 1765 3288 1833 τὴν
3321 1763 3560 1838 γυμνὴν,
3591 1764 3692 1831 τὴν
3733 1760 3834 1818 ἐπὶ

389 1859 610 1932 pietate
632 1858 1041 1923 habeant.Quo
1063 1859 1221 1925 ﬁt,ut
1250 1859 1313 1913 in
1343 1858 1526 1913 cubili
1540 1859 1812 1931 jacentes
1829 1856 2051 1912 nudam

392 1950 561 2004 illam
586 1950 897 2015 Venerem,
913 1965 1045 2019 quas
1068 1948 1128 2003 in
1147 1947 1440 2003 adulterio
1458 1948 1711 2004 vinculis
1733 1947 2054 2003 constricta

394 2039 634 2106 dicitur,
662 2054 801 2093 suos
817 2039 975 2093 inter
995 2037 1339 2110 complexus
1359 2036 1858 2109 respiciant.Quin
1873 2036 2051 2091 etiam

394 2126 778 2183 libidinosam
826 2126 993 2183 illam
1042 2142 1209 2182 avem
1253 2126 1468 2182 Ledam
1527 2125 2053 2181 circumvolantem

396 2217 459 2272 in
482 2215 842 2271 annulorum
872 2215 1024 2287 palis
1055 2215 1403 2288 depingunt,
1423 2220 1794 2285 utunturque
1817 2214 2050 2287 sigillis,

398 2321 530 2376 quaa
551 2303 703 2358 Iovis
725 2302 1158 2375 impudicitiam
1177 2308 1635 2375 repraasentant;
1655 2320 1765 2359 nec
1786 2303 1962 2359 aliam
1979 2303 2051 2358 ob

402 2409 641 2449 causam
672 2392 1013 2465 hujnsmodi
1046 2393 1307 2463 picturas
1335 2393 1652 2464 recipiunt,
1682 2408 1861 2464 quam
1893 2391 2053 2463 quod

400 2482 756 2537 effeminata;
778 2481 900 2536 sint
918 2486 1094 2553 atque
1113 2482 1526 2553 impurzeﬂaac
1545 2487 1685 2537 sunt
1707 2481 2052 2553 voluptaria:

397 2576 604 2625 vestrae
636 2587 704 2626 ac
733 2570 1001 2627 delicataa
1033 2570 1164 2625 vitm
1197 2570 1581 2643 exemplaria.
1619 2570 1685 2625 Hi
1719 2569 1897 2625 vestri
1929 2586 2052 2625 ser-

398 2676 628 2728 mones,
690 2659 907 2731 quibus
964 2659 1359 2731 petulantiam
1412 2659 1612 2715 divino
1645 2660 1871 2715 honore
1920 2659 2054 2715 afﬁ-

395 2750 565 2804 citis:
626 2749 738 2815 has,
800 2748 1084 2820 denique,
1138 2748 1407 2815 deorum,
1470 2748 1572 2820 qui
1602 2765 1723 2805 una
1746 2748 2050 2805 vobiscum

397 2843 600 2911 stupro
623 2855 684 2893 se
707 2854 775 2894 ac
795 2837 1029 2893 libidini
1050 2837 1299 2906 dedunt,
1340 2838 1649 2893 doctrinm.
1700 2840 1845 2893 Nam
1904 2837 2054 2908 quod

396 2927 626 2998 quilibet
654 2928 796 2994 vult,
828 2927 927 2982 hoc
984 2930 1152 2982 etiam
1182 2928 1379 2995 credit,
1424 2931 1492 2982 ut
1531 2927 1616 2983 ait
1643 2932 1843 2983 orator
1871 2927 2050 2982 Athe-

394 3017 643 3072 niensis.
676 3016 965 3071 Caeterum
997 3015 1243 3087 reliqua;
1291 3021 1501 3072 vestras
1531 3015 1820 3087 imagines
1851 3016 2049 3087 cujus-

2156 1859 2225 1929 τῇ
2258 1856 2556 1932 σῦμπλοκῇ
2589 1854 2904 1929 δεδεμένην·
2937 1856 3029 1911 καὶ
3071 1858 3140 1929 τῇ
3175 1851 3331 1926 Λήδᾳ
3375 1853 3830 1927 περιπετώμενον

2156 1945 2249 2000 τὸν
2283 1942 2431 2020 ὄρνιν
2475 1946 2567 2000 τὸν
2598 1944 2883 2019 ἐρωτικὸν,
2926 1952 3030 2013 τῆς
3062 1943 3375 2015 θηλύτητος
3404 1940 3802 2018 ἀποδεχόμενο

2157 2035 2258 2103 τὴν
2286 2035 2500 2111 γραφὴν
2534 2036 2669 2109 (10),
2722 2034 3059 2090 ἀποτυποῦσι
3090 2038 3212 2097 ταῖς
3262 2031 3598 2111 σφενδόναις,
3648 2052 3825 2108 σφρα-

2158 2123 2273 2200 γῖδι
2323 2126 2604 2200 χρώμενοι
2653 2123 2997 2197 καταλλήλῳ
3040 2127 3110 2198 τῇ
3144 2123 3271 2185 Διὸς
3302 2120 3591 2191 ἀκολασία,
3641 2126 3828 2177 Ταῦτα

2163 2215 2292 2287 ὑμῖν
2318 2221 2423 2283 τῆς
2452 2210 2788 2284 ἡδυπαθείας
2814 2215 2881 2269 τὰ
2909 2212 3214 2289 ἀρχέτυπα·
3250 2213 3404 2267 αὗται
3450 2218 3554 2282 τῆς
3604 2204 3826 2287 ὕϐρεως

2159 2304 2214 2358 αἱ
2274 2301 2576 2377 θεολογίαι·
2646 2302 2801 2357 αὗται
2858 2307 2968 2358 τῶν
3000 2300 3492 2378 συμπορνευόντων
3521 2300 3649 2373 ὑμῖν
3681 2301 3823 2355 θεῶν

2159 2395 2215 2449 αἱ
2264 2391 2637 2449 διδασκαλίαι·
2671 2394 2700 2448 ’ὀ
2756 2394 2858 2470 γὰρ
2910 2392 3193 2470 βούλεται,
3246 2392 3396 2447 τοῦθ’
3436 2388 3665 2453 ἕκαστος
3719 2388 3817 2445 καὶ

2159 2480 2356 2553 οἴεται,
2411 2482 2548 2538 κατά
2602 2482 2693 2538 τὸν
2752 2485 3047 2552 Ἀθηναῖον
3099 2481 3324 2559 ῥήτορα.
3376 2482 3505 2539 Οἷαι
3537 2477 3596 2536 δὲ
3625 2477 3691 2535 αὖ
3717 2478 3814 2535 καὶ

2158 2568 2327 2627 ἄλλαι
2390 2572 2544 2645 ὑμῶν
2568 2571 2811 2641 εἷκόνεςς
2844 2571 3105 2627 Πανίσκοι
3143 2572 3312 2641 τινες,
3365 2571 3456 2626 καὶ
3502 2570 3704 2646 γυμναὶ
3733 2567 3829 2624 κόο

2159 2682 2273 2738 ραι,
2330 2662 2421 2717 καὶ
2481 2661 2714 2737 Σάτυροι
2777 2661 3086 2735 μεθύοντες,
3144 2661 3236 2718 καὶ
3298 2662 3503 2737 μορίων
3556 2662 3826 2732 ἐντάσεις,

2155 2756 2280 2816 ταῖς
2335 2757 2574 2829 γραφαῖς
2633 2751 3121 2827 ἀπογυμνούμεναι
3156 2795 3171 2821 ,
3239 2753 3346 2807 ἀπὸ
3402 2759 3504 2821 τῆς
3558 2749 3827 2825 ἀκρασίας

2159 2839 2551 2917 ἱλεγχόμεναι.
2601 2838 2745 2911 ’Ήδη
2780 2837 2838 2895 δὲ
2884 2838 3190 2916 ἀναφανδὸν
3216 2848 3318 2911 τῆς
3347 2839 3647 2903 ἀκολασίας
3678 2837 3824 2911 ὅλης

2155 2928 2223 2983 τὰ
2281 2931 2544 3003 σχήματα
2601 2926 2919 3003 ἀνάγραπτα
2992 2926 3272 3002 πανδημεὶ
3343 2930 3662 3002 θεώμενοι,
3722 2929 3829 2985 οὐκ

2157 3017 2481 3093 αἰσχύνεσθε
2514 3063 2529 3089 ,
2582 3015 2883 3095 φυλάττετε
2941 3015 2999 3073 δὲ
3051 3016 3130 3073 ἔτι
3193 3016 3409 3092 μᾶλλον
3468 3018 3823 3092 ἀνακείμενα,

394 3106 556 3163 modi
572 3106 809 3163 tandem
826 3106 1003 3162 sunt?
1022 3107 1257 3162 Panisci
1279 3105 1544 3178 quidam,
1568 3110 1627 3161 et
1642 3105 1815 3161 nudaa
1836 3105 2051 3177 puellaa

2165 3106 2344 3183 ὥσπερ
2373 3104 2569 3180 ἀμέλει
2590 3109 2700 3161 τῶν
2731 3110 2866 3170 θεῶν
2901 3106 3057 3179 ὑμῶν
3086 3107 3182 3169 τάς
3212 3106 3426 3170 εῗκόνας
3452 3105 3658 3177 στήλας
3680 3107 3830 3162 ἀναι-

392 3202 449 3250 et
469 3195 616 3250 ebrii
641 3196 852 3267 Satyri,
878 3200 936 3252 et
957 3199 1155 3251 erecta
1177 3175 1619 3267 pudenda,quas
1637 3175 2051 3266 quidem,licet

2165 3175 2425 3272 σχιιντίας
2455 3196 2884 3271 καθιερώσαντες
2910 3175 3077 3266 οῖ’κοι,
3111 3194 3193 3251 ἐπ’
3233 3194 3362 3268 ’ίσης
3420 3175 3828 3275 ἐγγραφόμενοι

390 3285 463 3341 ob
485 3285 801 3341 libidinem
822 3285 1181 3358 reprehendi
1198 3289 1771 3355 mereantur,tamen
1786 3285 1847 3340 in
1862 3283 2052 3341 tabel-

388 3374 463 3430 lis
484 3375 646 3431 nuda
666 3375 908 3447 depingi
934 3373 1311 3439 solent.Quin
1333 3375 1515 3430 etiam
1536 3373 2050 3446 universasimpu-

389 3462 607 3518 dicitiaa
638 3464 857 3537 ﬁguras
888 3468 1091 3535 aperte
1122 3462 1453 3535 descriptas
1483 3462 1807 3534 publicitus
1829 3462 2050 3518 intueri

387 3551 549 3608 haud
572 3551 957 3619 erubescitis;
991 3550 1096 3608 sed
1125 3568 1448 3624 suspensas
1479 3567 1549 3607 eo
1580 3551 1926 3624 diligentius
1955 3567 2053 3606 as-

391 3641 673 3708 servatis;
709 3640 929 3712 quippe
959 3640 1062 3711 qui
1091 3641 1252 3695 velut
1302 3640 1553 3696 deorum
1584 3640 1893 3713 imagines,
1943 3640 2051 3695 has

391 3728 779 3801 impudicitia)
803 3729 1112 3785 columnas
1134 3728 1702 3795 domiconsecretis;
1727 3745 1837 3784 nec
1851 3729 2051 3784 minus

392 3818 648 3873 sollicite
679 3817 1028 3873 Philmnidis
1060 3824 1279 3885 motus,
1316 3834 1495 3888 quam
1528 3817 1795 3873 Herculis
1816 3817 2052 3873 labores

393 3908 613 3963 curetis
671 3906 1098 3980 depingendos.
1159 3908 1420 3971 Quarum
1480 3923 1680 3961 rerum
1722 3924 1843 3962 non
1876 3907 2050 3963 modo

394 4015 591 4065 usum,
622 3999 725 4054 sed
747 3998 926 4053 etiam
950 4003 1276 4069 aSpectum,
1310 4002 1369 4052 et
1388 3996 1756 4052 auditionem
1778 4013 1907 4053 esse
1923 3998 2051 4070 jam

394 4088 634 4158 penitus
655 4087 1075 4155 oblitteranda,
1094 4087 1467 4142 etmemoriaa
1484 4086 1799 4143 eximenda
1820 4104 2055 4144 annun-

2156 3286 2226 3341 τὰ
2282 3283 2604 3347 Φιλαινίδος
2669 3286 2933 3361 σχήματα
2988 3287 3153 3360 (11),
3212 3286 3288 3348 ὡς
3345 3287 3414 3341 τὰ
3486 3283 3830 3361 Ἡρακλέους

2160 3374 2476 3449 ἀθλήματα.
2538 3373 2763 3431 Τούτων
2824 3374 2887 3429 οὐ
2946 3376 3114 3447 μόνον
3151 3381 3252 3444 τῆς
3282 3377 3559 3451 χρήσεως,
3591 3375 3729 3452 πρὸς
3764 3373 3830 3431 δὶ

2157 3463 2249 3519 καὶ
2278 3469 2381 3533 τῆς
2414 3458 2594 3537 ὅψεως
2622 3463 2713 3518 καὶ
2742 3469 2840 3533 τῆς
2876 3462 3046 3534 ἀκοῆς
3096 3462 3265 3534 αὐτῆς
3310 3462 3642 3537 ἀμνηστείαν
3690 3483 3829 3519 κατ-

2160 3549 2508 3629 αγγέλλομεν
2538 3595 2552 3610 .
2607 3552 2935 3626 Ἣταίρηκεν
3001 3552 3128 3626 ὑμῖν
3180 3554 3250 3608 τὰ
3304 3550 3458 3626 ὦτα,
3521 3552 3829 3629 πεπορνεύ-

2159 3662 2315 3697 κασιν
2351 3643 2403 3697 οἱ
2435 3639 2737 3720 ὀφθαλμοὶ,
2768 3638 2880 3711 καί,
2911 3642 2975 3697 τὸ
3009 3640 3340 3718 καινότερον,
3399 3642 3508 3718 πρὸ
3538 3649 3639 3713 τῆς
3682 3663 3830 3716 συμ-

2160 3730 2398 3802 πλοκῆς,
2462 3732 2518 3786 αί
2549 3727 2703 3805 ὄψεις
2735 3731 2863 3805 ὑμῖν
2901 3733 3333 3808 μεμοιχεύκασιν
3360 3735 3495 3805 (12).
3526 3734 3595 3790 Ὠ
3629 3733 3828 3808 βιασά-

2164 3840 2317 3893 μενοι
2375 3821 2469 3875 τὸν
2522 3820 2832 3893 ἄνθρωπον
2884 3818 2976 3875 καί
3030 3820 3094 3875 τὸ
3139 3817 3317 3884 ἔνθεον
3366 3818 3466 3876 τοῦ
3494 3819 3826 3895 πλάσματος

2161 3906 2405 3983 ἐλέγχει.
2467 3908 2831 3983 ’Λπάρξαντες
2864 3912 3002 3982 (13),
3033 3908 3207 3964 πάντα
3238 3910 3532 3978 ἀπιστεῖτε,
3588 3909 3679 3965 ’ίνα
3734 3909 3825 3966 ἐκ·

2161 3996 2516 4068 παθαίνησθε,
2570 3996 2660 4052 καὶ
2719 3996 3014 4067 πιστεύητε
3057 4001 3170 4067 (14)
3222 3998 3317 4071 μὲν
3365 4003 3487 4060 τοῖς
3545 3996 3827 4070 εἰδώλοις,

2166 4090 2455 4157 ζητοῦντες
2486 4087 2597 4158 (15)
2652 4085 2829 4141 αὐτῶν
2885 4087 2986 4155 τήν
3038 4086 3321 4162 ἀκρασίαν,
3353 4087 3630 4142 ἀπιστεῖτε
3659 4084 3717 4142 δὲ
3743 4091 3828 4158 τῷ

463 4259 528 4324 ἰα
558 4262 620 4315 Ρ.
656 4262 723 4315 53
753 4260 866 4318 ΕΙ).
900 4260 1193 4316 ΡΟΤΤΕΒ.
1238 4259 1283 4295 ³³
1313 4261 1337 4314 Ι
1367 4261 1522 4315 Petr.
1553 4276 1610 4327 ιι,
1642 4262 1696 4326 9,
1732 4261 1815 4315 10.
1858 4261 1903 4295 ³³
1931 4261 2052 4315 Joai

2165 4276 2251 4328 ιιι,
2284 4261 2373 4315 23.
2416 4260 2460 4304 ἰ
2490 4259 2638 4315 Ibid.
2669 4276 2750 4329 ιιι,
2783 4260 2870 4315 31.
2914 4259 2958 4293 ³⁸
2983 4257 3130 4313 Ibid.
3158 4275 3232 4330 ιν,
3258 4262 3346 4314 25.
3390 4260 3435 4295 ³⁸
3466 4262 3634 4316 Rom.
3664 4277 3743 4327 γι,
3767 4260 3826 4315 4.

464 4439 541 4509 (9)
570 4436 874 4509 Ηινακίο-ις.
908 4435 1190 4509 Πινάκιος,
1225 4441 1363 4496 Nov.
1398 4437 1710 4509 mendose,

464 4505 579 4584 (l0)
650 4506 1091 4584 ξΔποδεχόμενοι
1162 4530 1213 4584 τ.
1286 4530 1337 4584 γ.
1395 4505 1884 4584 -ῘΑποδεχόμενοι,
1954 4507 2055 4575 τὴν

2165 4432 2812 4513 καὶῌᾝλςφαντίδοςτῷν
2853 4433 3109 4513 ἀρρήτων
3170 4432 3443 4492 ἱπινοιῶν.
3502 4437 3832 4513 Philamidis

2166 4516 2219 4564 et
2250 4508 2636 4582 Elephantidis
2665 4508 3514 4582 ξηίιιιιάονιλιηροιγιηιςηζονιιηι,Δ
3531 4525 3662 4582 pag.
3684 4509 3825 4582 122,

393 4578 1043 4664 ypazgﬁvjiroruirl'l‘lov.
1074 4587 1160 4664 D_c_
1190 4578 1523 4664 insignibus
1546 4578 2052 4647 aniiulorum,etc.

2170 4583 2291 4635 123.
2314 4579 3201 4664 'Ea'qualiafuerint,‘explicat,
3220 4580 3427 4635 Suidas
3451 4596 3478 4664 ξ,
3500 4578 3829 4664 ’Ᾱσ-ἶυάνεσ-

398 4653 553 4707 conf.
590 4654 737 4707 Paed.
770 4654 874 4724 lib.
907 4670 987 4724 in,
1019 4670 1070 4708 c.
1108 4657 1192 4715 11,
1226 4670 1285 4724 p.
1318 4653 1443 4707 ΞΗ.

718 4721 1049 4817 ςιλαινζξος
1081 4721 1758 4817 σχήμαέαρκᾼιὶιενιιωιιε,
1787 4722 1895 4817 lib.
1940 4739 2053 4817 ξιιι,

399 4789 602 4866 Ῑ).’116
634 4796 862 4852 Aldinm
894 4789 1035 4853 edit.
1071 4813 1083 4850 :
1119 4789 1215 4848 1ξαὶ
1279 4789 1469 4869 βιϐλία
1496 4795 1565 4850 τά
1620 4813 1680 4847 τε
1710 4789 2054 4857 Φιλαινιδοςζ

397 4863 487 4944 καὶ
517 4865 616 4933 τὴν
646 4872 742 4922 τοῦ
762 4867 1166 4944 Ἀρχεστράτου
1187 4866 1606 4944 γαστρονοᾳμίαν,
1639 4864 1853 4944 ὁμοίως
1888 4862 1945 4919 δὶ
1966 4864 2056 4944 καί

397 4936 495 4999 τὰς
544 4933 903 5021 θεραπαίνάς”
924 4933 1221 5021 ἐμπείρους
1267 4933 1509 5020 τοιῶνδε.
1554 4933 1822 5021 κινήσεών
1852 4956 1911 5021 τε
1966 4937 2058 4990 καὶ

398 5008 726 5083 σχημάτων.
755 5015 826 5068 Et
855 5008 1033 5084 paulo
1066 5008 1227 5073 ante,
1268 5009 1681 5080 turpissimum
1714 5010 1797 5063 ait
1840 5008 1911 5063 de
1960 5024 2055 5063 re-

396 5081 507 5161 bus
525 5085 792 5161 venereis
812 5100 959 5155 opus
980 5082 1071 5161 illi
1092 5080 1564 5161 ascriptum,sed_
1579 5079 1729 5161 falso
1761 5081 2060 5161 b_on_estis-

400 5154 567 5232 simae
597 5154 835 5210 femina:
852 5151 965 5225 per
972 5151 1348 5232 calumniam
1379 5151 1446 5232 id_
1470 5151 1748 5232 tribuisse
1780 5152 2055 5232 Polycra-

401 5230 544 5293 tem,
576 5232 643 5280 ut
670 5223 923 5282 testatur
951 5223 1259 5278 [Eschrion
1294 5223 1545 5277 Samius.
1578 5223 1846 5278 Meminit
1893 5223 2056 5293 ejus-

402 5296 539 5352 dem
569 5296 675 5352 lib.
706 5315 763 5351 κ.
798 5295 943 5350 Vide
992 5295 1059 5350 H.
1111 5294 1353 5349 Iunium
1406 5294 1675 5365 proverb.
1732 5294 2058 5349 Philaenidis

402 5367 1106 5437 commentarii.COLLscr.
1138 5365 1403 5437 Justinus
1435 5367 1530 5437 1th,
1571 5365 1741 5437 Apol.
1776 5369 1829 5437 2,
1863 5370 2058 5420 extre—

401 5454 502 5493 ma
534 5455 547 5492 :
578 5435 908 5509 Σωταδείοις
936 5435 1026 5489 καὶ
1049 5439 1172 5509 Δτοῖς
1212 5432 1742 5509 Φιλαινιδείοις,’καὶ
1788 5432 2059 5509 ὀρχηστι-

402 5512 543 5575 κοῖς,
600 5508 691 5563 καὶ
745 5505 1169 5575 Ἐπικουρείοις,
1219 5506 1311 5561 καὶ
1340 5511 1456 5567 τοῖς
1486 5503 1685 5571 ἄλλοις
1711 5503 1831 5567 τοῖς
1860 5503 2058 5560 ’τοιού-

402 5528 543 5575 κοις,
600 5526 691 5563 και
766 5526 970 5563 ιςπικου
1012 5527 1169 5573 ειοις,
1219 5526 1311 5561 και
1340 5526 1456 5567 τοις
1486 5526 1685 5571 αΑΛοις
1711 5527 1831 5567 τοις
1869 5527 2058 5560 τοιου-

400 5599 521 5641 τοις
548 5585 862 5653 ποιητικοῖς
921 5526 1270 5653 διδάγμασιν·
1298 5651 1309 5653 _
1330 5580 1595 5653 Sotadiis,
1628 5587 1679 5634 et
1710 5580 2058 5634 Philwnidiis

400 5656 451 5726 et
481 5650 804 5726 saltatoriis,
838 5662 891 5708 et
919 5650 1222 5726 Epicureis,
1246 5651 1500 5726 aliisque
1517 5652 1576 5705 id
1603 5668 1773 5720 genus
1810 5653 2057 5726 poeticis

396 5718 860 5782 institutionibus.
893 5718 1162 5782 Meminit
1181 5724 1358 5780 etiam
1380 5718 1658 5779 Tatianus
1684 5739 1696 5777 :
1732 5718 2054 5784 Φιλαινίδος

2169 4671 2256 4726 σα,
2314 4649 2540 4726 Ἑλένης
2596 4651 2696 4713 τῆς
2749 4649 3031 4703 Μενελάου
3057 4649 3395 4726 -Θμεράπαινι
3444 4649 3568 4726 ἥτις
3626 4651 3824 4726 πρώτη

2165 4722 2287 4798 τὰς.
2318 4720 2370 4776 ἐν
2422 4724 2490 4793 τῇ
2529 4739 2799 4798 ,συνουσιᾳ
2882 4719 3232 4798 κατακλίσεις
3261 4722 3433 4798 -ιῦρεν
3482 4721 3572 4777 καὶ
3630 4719 3832 4796 ἔγραψε

2168 4791 2291 4869 περὶ
2350 4790 2654 4869 σχημάτων
2689 4796 3213 4869 ’συνουσιαστικῶνχ
3254 4793 3315 4861 ἣν
3349 4790 3595 4869 ’ὕστερον
3654 4790 3826 4868 παρε-

2171 4812 2291 4920 πείι
2350 4812 2654 4866 σχηματων
2714 4812 3194 4847 συνουσιαστικων·
3254 4812 3315 4861 ην
3376 4813 3595 4869 υστερον
3654 4815 3826 4868 παρε-

2282 4884 2433 4942 ωσαν.
2481 4860 2875 4942 Φιλαινὶςικα).
2926 4864 3311 4942 Ἐλεφαντίνῃ,
3370 4866 3425 4919 αἱ
3475 4866 3544 4920 τά
3596 4872 3828 4942 τοιαῦτα

2168 4933 2601 5010 ἐξορχησάμεναι
2659 4933 3398 5010 ἀσελγήματαηἙιῇιιδᾶθιιι
3458 4939 3687 4994 mentio
3763 4940 3831 4995 ﬁt

2168 5007 2331 5080 apud
2384 5008 2663 5063 eumdem
2719 5026 2771 5063 v.
2805 5007 3193 5083 ’Δημοχάρης
3253 5009 3420 5064 Conf.
3480 5011 3831 5081 Anthologia

2167 5082 2362 5135 Κοῖον.
2395 5079 2499 5135 lib.
2524 5097 2602 5135 ιιι.
2625 5096 2753 5135 can.
2792 5083 2877 5135 10.

2258 5097 2362 5145 lg".
2398 5096 2499 5135 ΙΙΙ).
2524 5097 2602 5145 111,
2625 5096 2753 5145 cap.
2792 5096 2877 5137 ιυ.

2208 5097 2362 5151 pigr.
2398 5097 2499 5135 nn.
2524 5097 2602 5146 ιιι,
2625 5097 2753 5151 cap.
2792 5097 2877 5137 w.

2238 5153 2353 5225 (172A)
2384 5150 2451 5206 Οἱ
2484 5148 2833 5225 ὀφθαλμοὶ...
2889 5148 3349 5225 μεμοιχεύκασινη
3396 5152 3530 5208 Hinc
3591 5169 3622 5207 e
3678 5155 3824 5210 Nov.

2169 5220 2790 5295 exeiderunt'propter
2816 5220 2987 5295 voces
3025 5220 3503 5295 ὁμοιοτελεύτους.

2241 5295 2353 5370 (13)
2383 5290 3081 5370 ΈλὲγχειῖἋπάρξαντες.
3118 5294 3453 5370 Legendum
3486 5296 3830 5370 conjuncte,

2168 5362 2389 5447 ἐλέγχει
2419 5362 2771 5441 ἀπάρξανυες,
2807 5362 2874 5423 eo
2891 5362 3104 5435 sensu,
3136 5362 3313 5437 quem
3338 5367 3400 5421 in
3430 5362 3702 5422 versione
3733 5362 3832 5423 ex;

2167 5454 2516 5509 pressnmus.

2237 5507 2697 5579 (14)Πιστεύητε.
2759 5512 2826 5563 Α.
2887 5508 3187 5575 πιστεύετε,
3246 5508 3562 5565 indicativo
3620 5511 3825 5580 modo,

2166 5581 2443 5635 SYLBURG.
2477 5579 2818 5649 πιστεύηται,
2851 5583 2989 5636 Nov.

2237 5654 2350 5725 (iii)
2381 5655 2697 5721 Ζητοῦττες.
2733 5652 3065 5725 Legeneum
3105 5649 3420 5724 ζηλοῦντες,
3479 5653 3824 5723 mnulante-s,

2165 5724 2324 5795 quod
2355 5725 2535 5782 habet
2562 5726 2699 5780 Nov.
