4142 6400
419 336 522 391 167

1642 337 1933 392 (ιιιιιιιιΝ
1943 338 2057 392 TIS
2093 340 2602 398 ALEXANDBINI

3735 347 3838 403 168

412 456 619 535 ἄρσεως
650 458 740 514 καὶ
772 456 1121 534 ἀναιρέσεως,
1153 460 1272 515 sive
1320 460 1388 513 ab
1419 460 1753 530 insurgendo
1803 465 1853 515 et
1901 459 2071 515 inter-

2190 482 2292 537 γει,
2328 469 2551 528 Σκυθῶν
2586 462 2641 520 δὲ
2672 467 2725 521 οἱ
2756 468 3129 542 Σαυρομάται,
3184 464 3260 530 ὣς
3308 488 3471 544 φησιν
3530 467 3748 532 Ἱκέσιος
3776 470 3831 527 ἕν

413 551 646 621 ﬁciendo
676 550 867 606 dictus
900 555 989 605 est
1027 548 1221 622 Ἀρης.
1272 550 1459 614 Quam
1506 549 1803 621 praecipue
1830 548 1903 604 ob
1938 566 2077 605 cau-

417 658 545 696 sam
577 640 724 696 mihi
747 639 1022 693 videntur
1064 638 1330 710 plurimi,
1376 637 1570 694 defixo
1623 654 1785 707 ense,
1819 638 1871 694 ei
1906 638 2075 710 quasi

418 730 587 783 Marti
620 745 786 784 sacra
816 726 1031 782 facere.
1069 728 1255 793 Quem
1289 744 1431 782 sane
1480 743 1710 782 morem
1741 727 1898 781 inter
1935 726 2076 798 Scy-

416 819 547 873 thas
571 818 859 883 obtinere,
888 822 1096 872 auctor
1118 822 1208 871 est
1226 817 1503 873 Eudoxus
1538 816 1599 873 in
1626 816 1889 873 secunda
1909 822 2076 888 parte

417 907 655 962 Periodi.
688 908 1069 962 Sauromatas
1100 906 1603 979 autem,§Scythiai
1662 912 1921 979 gentem,
1956 905 2075 960 aci-

413 1013 625 1052 nacem
657 995 878 1063 colore,
912 996 1094 1050 refert
1118 997 1338 1051 Icesius
1361 996 1422 1050 in
1455 1012 1633 1067 opere
1672 998 1748 1049 De
1777 996 2072 1064 mysteriis.

411 1085 574 1140 Idem
595 1091 888 1157 prmterea
919 1085 1212 1140 Heraclito
1246 1086 1495 1157 ejusque
1542 1084 1936 1140 sectatoribus
1962 1100 2073 1138 usu

412 1174 703 1246 venit,qui
725 1175 946 1247 ignem,
981 1175 1149 1245 quasi
1180 1191 1381 1229 rerum
1411 1176 1824 1230 universarum
1849 1172 2076 1245 princi-

411 1263 1115 1336 pium,adorant.Etenim
1146 1263 1305 1318 hunc
1335 1264 1534 1335 ignem
1566 1263 1666 1319 alii
1688 1262 2077 1318 nominarunt

416 1353 762 1409 Vulcanum.
794 1355 1107 1409 Persarum
1139 1357 1337 1408 autem
1360 1352 1846 1425 magi,multique
1880 1368 1949 1406 ex
1982 1351 2073 1406 his

412 1444 513 1514 qui
535 1443 735 1499 Asiam
766 1442 1059 1508 incolunt,
1094 1447 1151 1496 et
1181 1448 1471 1513 praeterea
1492 1442 1865 1506 Macedones,
1898 1445 2076 1512 prout

410 1533 699 1605 Diogenes
724 1532 782 1586 in
808 1531 1000 1603 primo
1030 1533 1371 1585 Persicorum
1403 1531 1631 1601 scribit,
1666 1531 1787 1603 igni
1841 1530 2076 1585 divinos

412 1622 672 1676 honores
753 1620 1070 1675 tribuunt.
1132 1620 1282 1684 Quid
1343 1620 1719 1675 Sauromatas
1795 1618 2072 1687 referam,

412 1727 560 1782 quos
590 1708 1047 1782 Nymphodorus
1079 1708 1141 1762 in
1171 1709 1413 1762 Moribus
1467 1709 1825 1764 barbarorvm
1870 1712 2077 1763 narrat

408 1800 607 1872 ignem
633 1798 951 1853 venerari?
972 1796 1123 1862 Quid
1145 1798 1378 1862 Persas,
1403 1803 1462 1852 et
1487 1797 1704 1866 Medos,
1736 1802 1794 1852 et
1825 1798 2018 1869 Magos
2048 1797 2076 1851 ?

410 1890 527 1944 Hos
559 1888 721 1943 enim
754 1886 861 1942 sub
886 1887 980 1941 dio
1012 1902 1141 1941 rem
1171 1886 1433 1941 divinam
1463 1885 1759 1954 facere,eo
1785 1886 1942 1957 quod
1962 1886 2073 1941 exi-

405 1979 653 2034 stiment
671 1977 876 2050 ignem
894 1982 952 2030 et
982 1992 1199 2046 aquam
1233 1975 1360 2031 sola
1392 1975 1643 2031 deorum
1662 1992 1792 2031 esse
1822 1975 2074 2031 simula-

407 2086 529 2139 cra,
564 2086 635 2123 ex
668 2067 895 2122 Dinone
920 2067 1355 2139 cognoscimus.
1385 2068 1585 2137 Neque
1636 2066 1799 2122 enim
1857 2068 2075 2121 horum

411 2157 810 2229 ignorantiam
843 2155 1180 2223 celaverim,
1205 2155 1306 2226 qui
1330 2154 1471 2211 licet
1505 2172 1567 2211 se
1589 2156 1846 2211 maxime
1873 2155 2078 2210 existi-

413 2251 580 2302 ment
611 2262 875 2300 errorem
908 2245 1206 2317 effugisse,
1251 2246 1311 2299 in
1344 2245 1523 2300 aliam
1554 2250 1755 2301 tamen
1805 2245 2076 2300 fraudem

410 2335 1044 2408 delapsipxasuntm'am
1073 2335 1181 2390 etsi
1214 2351 1410 2405 neque
1437 2352 1573 2390 cum
1604 2335 1820 2389 Grmcis
1838 2335 1999 2408 ligna
2020 2340 2077 2389 et

411 2425 862 2497 lapides,neque
894 2442 1028 2479 cum
1049 2425 1331 2497 Egyptiis
1346 2424 1537 2479 ibidas
1552 2424 2073 2494 etichneumonas,

412 2521 613 2571 tamen
644 2530 779 2571 cum
808 2514 1179 2585 philosophis
1203 2514 1399 2586 ignem
1432 2519 1491 2568 et
1516 2530 1733 2584 aquam
1769 2530 1897 2570 esse
1931 2513 2074 2569 deo-

414 2622 548 2660 rum
581 2604 898 2660 simulacra
918 2607 1291 2675 putaverunt.
1326 2603 1479 2667 Quin
1512 2608 1571 2657 et
1618 2603 1848 2674 aliquot
1872 2609 2078 2674 postea

416 2694 651 2749 saeculis
678 2710 777 2749 eos
798 2692 1055 2749 coluisse
1075 2691 1394 2747 simulacra
1419 2692 1681 2747 humana
1712 2692 1908 2763 specie
1922 2709 2073 2763 pra;-

408 2782 551 2850 dita,
581 2782 844 2839 ostendit
890 2781 952 2836 in
984 2781 1157 2836 tertio
1183 2781 1607 2838 Chaldaicorum
1642 2783 1820 2835 Beros
1853 2797 1865 2835 :
1908 2798 2076 2836 cum-

410 2889 525 2944 que
559 2888 789 2928 morem
824 2871 897 2926 ab
946 2875 1291 2941 Artaxerxe,
1324 2870 1483 2925 Darii
1536 2869 1682 2937 tilio,
1744 2869 1886 2925 Ochi
1940 2887 2074 2925 vero

410 2966 597 3033 patre,
630 2960 1035 3016 introductum
1065 2959 1286 3029 fuisse;
1322 2959 1545 3014 etenim
1578 2960 1627 3013 is
1656 2958 1886 3029 primus
1947 2967 2075 3014 sta-

418 3056 579 3105 tuam
612 3050 854 3105 Veneris
882 3047 1182 3116 Tanaidis,
1230 3065 1411 3119 quam
1444 3046 1765 3119 Babylone,
1796 3053 1855 3102 et
1885 3048 2076 3119 Susis,

2108 1846 2155 1910 Β

2186 556 2264 622 τῷ
2296 558 2427 628 Περὶ
2480 556 2819 628 μυστηρίων,
2875 555 3136 627 ἀκινάκην
3191 551 3462 612 σέϐουσιν.
3527 560 3702 613 Τοῦτό
3759 581 3841 616 τοι

2186 640 2274 693 καὶ
2307 643 2358 695 οἱ
2383 641 2524 720 ἀμφὶ
2551 644 2645 698 τὸν
2694 643 3069 720 Ἡράκλειτον,
3128 646 3190 700 τὸ
3240 650 3346 719 πῦρ
3406 646 3481 709 ὡς
3541 646 3841 724 ἀρχέγονον

2188 724 2436 793 σέϐοντες
2472 776 2486 801 ,
2544 733 2873 788 πεπόνθασιν
2907 754 2920 767 ·
2975 735 3038 790 τὸ
3108 736 3210 811 γάρ
3287 740 3395 811 πῦρ
3452 739 3619 790 τοῦτο
3664 734 3838 812 ἕτεροι

2184 821 2481 896 ’Ἥφαιστον
2511 820 2821 894 ὠνόμασαν.
2884 828 3099 898 Ιιεροῶν
3150 826 3263 897 (39)
3325 821 3383 879 δὲ
3439 825 3493 879 ol
3552 826 3730 902 Μάγοι
3779 829 3842 882 τὸ

2185 911 2291 981 πῦρ
2332 912 2680 983 τετιμήκασι,
2742 911 2979 967 καὶτῶν
3037 913 3135 982 τήν
3198 912 3379 970 Ἀσίαν
3433 915 3837 971 κατοικούντων

2183 998 2413 1052 πολλοί·
2473 1000 2609 1075 πρὸς,
2666 996 2725 1054 δὲ
2778 1001 2869 1055 καὶ
2922 999 3253 1072 Μακεδόνες,
3310 1001 3385 1065 ὥς
3418 1024 3551 1080 φησι
3578 1004 3843 1079 Διογένης

2184 1084 2239 1141 ἐν
2290 1088 2495 1161 πρώτῳ
2553 1095 2858 1165 Περσικῶν.
2910 1090 2973 1145 Τί
3035 1112 3127 1163 μοι
3184 1095 3546 1166 Σαυρομάτας
3600 1092 3838 1150 καταλέ-

2181 1197 2292 1251 γειν
2318 1179 2431 1250 (37)
2464 1176 2557 1239 οὕς
2588 1176 2971 1255 Νυμφόδωρος
3027 1178 3078 1234 έν
3114 1179 3391 1254 Νομίμοις
3456 1176 3840 1257 βαρϐαρικοῖς,

2181 1264 2244 1319 τὸ
2266 1267 2372 1342 πῦρ
2404 1260 2575 1320 σέϐειν
2609 1267 2840 1342 ἱστορεῖ·
2893 1266 2929 1337 ἢ
2978 1266 3109 1331 τοὺς
3162 1268 3392 1345 Πέρσας,
3421 1269 3515 1325 καὶ
3558 1271 3688 1335 τοὺς
3718 1273 3844 1342 Μή-

2185 1351 2329 1423 δους,
2362 1356 2602 1418 καὶτοὺς
2629 1356 2851 1431 Μάγους
2888 1376 2902 1428 ;
2937 1356 3081 1421 θύειν
3289 1357 3341 1413 ἐν
3406 1358 3656 1433 ὑπαίθρῳ
3714 1359 3848 1415 τού-

2182 1464 2309 1506 τους
2337 1444 2365 1498 ὁ
2398 1443 2567 1499 Δίνων
2599 1446 2713 1518 (39)
2747 1445 2922 1520 λέγει,
2973 1451 3107 1510 θεῶν
3141 1446 3435 1523 ἀγάλματα
3469 1448 3609 1521 μόνα
3636 1450 3699 1504 τὸ
3731 1453 3841 1525 πῦρ

2181 1532 2271 1586 καὶ
2303 1529 2449 1610 ὕδωρ
2479 1534 2824 1608 νομίζοντας.
2859 1534 2973 1592 Οὐκ
2993 1535 3394 1612 ἀπεκρυψάμην
3428 1533 3556 1592 οὐδὲ
3583 1539 3685 1607 τήν
3715 1538 3847 1594 τοὺ·

2182 1640 2289 1674 των
2325 1619 2561 1696 ἄγνοιαν·
2596 1621 2643 1677 εἰ
2669 1623 2772 1698 γάρ
2809 1625 2919 1696 (40)
2966 1623 3056 1678 καὶ
3097 1624 3163 1678 τά
3223 1623 3467 1698 μάλιστα
3510 1624 3844 1703 ἀποφεύγειν

2185 1707 2389 1764 οἶόνται
2430 1717 2530 1780 τῆς
2559 1709 2795 1782 πλάνης,
2830 1709 2957 1767 ἀλλ’
3006 1711 3083 1774 εἷς
3117 1711 3298 1789 ἑτέραν
3332 1712 3844 1770 κατολισθαίνυυσιν

2186 1796 2419 1867 ἀπάτην.
2472 1796 2793 1873 Ἀγάλματα
2849 1799 2944 1870 μὲν
3002 1803 3137 1862 θεῶν
3198 1800 3261 1854 οὑ
3316 1798 3449 1870 ξύλα
3505 1800 3595 1854 καὶ
3655 1798 3848 1865 λίθους

2188 1884 2579 1961 ὑπειλήφασιν,
2612 1887 2795 1962 ὥσπερ
2821 1885 3125 1958 Ἕλληνες·
3195 1885 3322 1943 οὐδὲ
3353 1889 3492 1961 ’μὴν
3539 1883 3721 1951 ἴϐιδας
3751 1891 3846 1944 καὶ

2188 1973 2520 2049 ἰχνεύμονας
2559 2020 2572 2046 ,
2629 1976 2868 2053 καθάπερ
2913 1976 3240 2051 Αἰγύπτιοι,
3290 1975 3437 2033 ἀλλά
3481 1982 3591 2054 πῦρ
3637 2000 3698 2034 τε
3758 1978 3851 2033 καὶ

2186 2061 2356 2140 ὕδωρ,
2391 2064 2466 2127 ὡς
2527 2063 2846 2143 φιλόσοφοι.
2910 2066 3065 2122 Μετά
3121 2063 3341 2129 πολλὰς
3403 2065 3590 2140 μέντοι
3620 2066 3846 2144 ὕστερον

2184 2149 2471 2227 περιόδους
2529 2151 2664 2209 ἐτῶν
2721 2151 3102 2229 ἀνθρωποειδῆ
3157 2154 3447 2229 ἀγάλματα
3515 2150 3690 2212 σέϐειν
3758 2154 3854 2211 αύ-

2183 2242 2360 2315 τοὺς,
2420 2245 2683 2318 Βήρωσος
2763 2241 2813 2298 ἐν
2898 2243 3052 2318 τρίτῃ
3135 2240 3461 2301 Χαλδαϊκῶν
3503 2245 3854 2322 παρίστησι,

2185 2335 2345 2386 τοῦτο
2376 2330 2730 2407 Ἀρταξέρξου
2786 2336 2888 2387 τοῦ
2947 2333 3173 2407 Δαρείου
3231 2336 3329 2387 τοῦ
3378 2334 3555 2409 Ὤχου
3586 2333 3857 2410 είηγησα-

2190 2419 2374 2493 μένου,
2400 2419 2460 2481 ὅς
2491 2425 2708 2495 πρῶτος
2739 2428 2839 2491 τῆς
2897 2418 3233 2499 Ἀφροδίτης
3287 2420 3548 2485 Ταναίδος
3606 2426 3725 2496 (41)
3791 2423 3853 2478 τὸ

2186 2506 2406 2585 ἄγαλμα
2458 2508 2756 2581 ἀναστήσας
2814 2508 2864 2564 ἐν
2915 2506 3231 2581 Βαϐυλῶνι,
3289 2510 3381 2566 καὶ
3443 2510 3697 2582 Σούσοις,
3761 2511 3854 2567 καὶ

2185 2593 2537 2661 Ἐκϐατάνοις
2596 2598 2824 2674 Πέρσαις
2862 2644 2875 2668 ,
2934 2599 3025 2654 καὶ
3080 2602 3366 2674 Βάκτροις,
3416 2600 3506 2656 καὶ
3566 2606 3847 2674 Δαμασκῷ

2183 2688 2274 2743 καὶ
2317 2685 2599 2764 Σάρδεσιν,
2627 2686 2868 2760 ὑπέδειξε
2921 2684 3120 2747 σέϐειν.
3172 2689 3632 2766 Ὀμολογούντων
3663 2690 3849 2745 τοίνυν

2185 2778 2237 2832 οἱ
2268 2776 2590 2856 φιλόσοφοι,
2621 2778 2748 2840 τοὺς
2778 2775 3145 2840 διδασκάλους
3181 2778 3308 2841 τοὺς
3359 2783 3509 2854 σφῶν
3544 2780 3781 2854 Πέρσας,
3816 2779 3852 2849 ἢ

2186 2874 2566 2941 Σαυρομάτας,
2599 2869 2634 2938 ἢ
2673 2867 2904 2943 μάγους,
2935 2870 3064 2944 παρ’
3124 2870 3197 2923 ὧν
3258 2870 3361 2938 τήν
3417 2868 3686 2939 ἀθεότητα
3735 2873 3849 2924 τῶν

2187 2951 2499 3030 σεόαυμίων
2554 2954 2738 3018 αὐτοῖς
2791 2959 3170 3031 μεμαθήκασιν
3204 2959 3417 3033 ἀρχῶν,
3480 2958 3724 3035 ἂρχοντα
3757 2961 3853 3015 τὸν

2185 3045 2400 3101 πάντων
2426 3047 2543 3119 (42)
2573 3047 2837 3117 ποιητὴν,
2868 3047 2959 3102 καὶ
2987 3052 3095 3102 τῶν
3130 3047 3320 3124 ἀρχῶι
3355 3047 3535 3103 αὐτῶν
3571 3047 3852 3126 δημιουρ-

415 3146 475 3195 et
502 3138 817 3195 Ecbatanis
866 3137 1186 3210 posuisset,
1234 3136 1451 3202 Persis,
1504 3142 1564 3191 et
1594 3136 1839 3203 Bactris,
1876 3141 1933 3191 et
1962 3138 2076 3193 Da-

2190 3134 2281 3210 γὸν
2308 3133 2643 3210 ἀγνοοῦντες,
2674 3132 2768 3189 τὸν
2802 3134 3041 3211 ἄναρχον
3071 3136 3223 3191 Θεόν·
3257 3136 3324 3191 τὰ
3360 3133 3418 3191 δε
3447 3137 3649 3212 πτωχὰ
3676 3141 3854 3192 ταῦτα

413 3247 634 3300 masco,
668 3235 727 3285 et
755 3209 955 3283 Sardis
988 3226 1258 3298 exemplo
1292 3242 1398 3283 suo
1429 3226 1907 3297 praemonstravit
1937 3242 2066 3282 esse

2190 3209 2268 3279 ιαὶ
2303 3209 2522 3294 ἀσθενῆ,
2622 3231 2785 3303 φησιν
2817 3225 2845 3280 ὁ
2879 3209 3241 3294 Ἀπόστολος,
3274 3225 3341 3280 τά
3387 3224 3464 3287 εἷς
3492 3209 3842 3303 τήννάνθρώ·

481 3363 546 3428 ,ις
576 3357 642 3410 Ρ.
680 3355 750 3410 57
773 3355 888 3411 ED.
912 3354 1207 3410 por'raa.

480 3484 595 3555 (36)
624 3485 869 3555 Περσῶν.
901 3482 1178 3555 lierodot.
1226 3480 1331 3538 lib.
1364 3481 1595 3555 igrefert
1653 3482 1864 3555 Persas
1891 3499 2081 3555 sacra

413 3549 609 3628 facere
660 3549 832 3628 ἡλίῳ,
890 3550 981 3605 καὶ
1039 3549 1276 3628 σελήνῃ,
1325 3552 1416 3628 καὶ
1472 3556 1567 3627 γῇ,
1627 3553 1717 3606 καὶ
1778 3551 2078 3628 πυρὶλκαὶ

413 3623 593 3693 ὕδατι,
624 3624 715 3678 καὶ
747 3623 1018 3696 ἀνέμοισι’
1053 3624 1189 3696 soli,
1221 3623 1299 3679 et
1331 3623 1587 3691 lunae,ct
1640 3634 1827 3692 terrae,
1855 3623 1907 3680 ct
1936 3624 2077 3696 igni,

411 3703 465 3756 ct
486 3712 670 3769 aquae,
693 3705 746 3754 et
784 3698 981 3753 ventis.
1016 3695 1315 3763 Sidonius,
1366 3697 1653 3751 Marmine
1680 3697 1715 3751 2
1758 3697 1826 3752 de
1855 3695 2030 3767 Magis
2060 3695 2080 3754 ὲ

1199 3803 1430 3873 juratur
1455 3805 1524 3859 ab
1550 3802 1669 3859 illis

916 3875 1065 3948 Ignis
1094 3880 1145 3930 et
1166 3875 1323 3931 unda
1354 3875 1579 3932 ἄοικα..

415 3986 584 4042 Conf.
622 3983 828 4039 Strabo
861 3982 1118 4055 libtxvr;
1149 3982 1391 4055 Diogen.
1426 3982 1712 4055 Laertius,
1742 3984 2028 4055 prooemio
2063 4002 2077 4051 ;

418 4059 719 4129 Chrysost.
754 4072 805 4109 IV
862 4050 1234 4129 Ἀνδριάντων
1262 4050 1582 4129 E_Arnob.,
1627 4050 1838 4109 libfvi.
1863 4050 2083 4129 Auctor

421 4124 875 4197 Recognilionum
905 4124 1249 4192 Clementis,
1297 4124 1423 4198 lib,
1463 4130 1537 4194 iv,
1598 4143 1725 4198 cap.
1759 4129 1847 4193 29,
1880 4128 1951 4182 de
1982 4128 2083 4182 Zo-

418 4196 645 4257 roastre
677 4214 857 4271 agens
890 4199 1096 4271 :VBusti
1123 4198 1357 4271 cineres,
1414 4196 1629 4271 inquit,
1662 4196 1926 4271 tanquam
1965 4201 2082 4268 [ut-

418 4276 594 4329 minei
644 4268 817 4342 ignis,
846 4269 1115 4338 reliquias
1160 4268 1486 4342 colligentes
1544 4270 1625 4335 hi,
1674 4268 1782 4342 qui
1822 4271 2083 4339 primitus

419 4350 580 4402 erant
608 4340 823 4415 decepti
870 4343 1137 4415 deferunt
1156 4340 1471 4415 adVPersas,
1503 4346 1567 4395 ut
1597 4342 1663 4397 ab
1682 4340 1793 4408 eis,
1818 4352 2082 4413 tanquam

420 4417 649 4472 divinus
677 4433 703 4471 e
732 4414 861 4470 caelo
894 4414 1083 4485 lapsus
1120 4414 1292 4485 ignis,
1320 4415 1604 4485 perpetuis
1658 4420 2084 4470 conservaretur

420 4429 649 4472 divinus
677 4433 703 4471 e
732 4429 861 4470 cauo
894 4429 1083 4485 lapsus
1120 4429 1604 4537 ignis,(ferpeiuis
1658 4429 2083 4470 conservaretur

420 4490 693 4554 excubiis,
725 4493 889 4556 atque
917 4489 978 4541 ut
1006 4484 1238 4541 caelestis
1312 4499 1423 4556 eus
1470 4485 1760 4540 coleretur.
1793 4485 1956 4541 Conf.
2009 4485 2083 4541 ad

420 4576 557 4614 eum
588 4554 1084 4613 locum—auctores
1103 4572 1138 4611 a
1166 4554 1459 4610 Cotelerio
1484 4557 1694 4612 notati.

492 4631 602 4703 (3?)
651 4625 727 4703 Τί
772 4645 865 4697 μοι
916 4625 1254 4700 Σαυρομάτ.
1308 4624 1653 4700 καταλέγειν,
1731 4631 1796 4683 Α,
1849 4623 2080 4680 καταλέ.

418 4696 533 4774 γειν
560 4696 662 4774 δεῖ.
698 4700 972 4774 SYLBuae.

490 4772 607 4843 (38)
651 4767 852 4843 66m._
896 4767 1249 4843 Herodotus,
1302 4769 1407 4843 lib.
1461 4788 1476 4825 ι
1518 4787 1531 4825 :
1590 4769 1909 4825 Simulacra
1961 4771 2085 4841 qui-

421 4839 543 4898 dem
588 4839 639 4897 et
687 4839 910 4911 templa,
972 4849 1022 4895 et
1071 4840 1280 4896 altaria
1339 4842 1433 4898 lea:
1484 4858 1574 4898 eos
1632 4849 1777 4897 vetat
1826 4839 2084 4910 statuere,

421 4923 475 4970 et
502 4917 800 4970 statuentes
846 4913 1105 4967 stultitiae
1153 4924 1460 4969 accusant:
1520 4930 1582 4967 (ιι
1633 4913 1791 4984 quod,
1850 4918 1911 4968 ut
1939 4913 2090 4969 mihi

422 4985 646 5058 quidem
692 4984 932 5049 videtur,
964 4998 1098 5058 non,
1152 4984 1382 5058 perinde
1425 4993 1484 5039 ut
1543 4984 1925 5058 Graecitdeos
1980 4987 2087 5038 hu-

422 5054 594 5114 mana
624 5060 807 5125 forma
826 5054 1088 5125 praeditos
1117 5069 1232 5109 esse
1251 5056 1592 5112 existiment.
1625 5056 1790 5111 Conf.
1814 5062 2087 5112 auctores

425 5128 702 5202 superius
732 5125 1068 5202 memorati.

497 5196 607 5268 (39)
639 5198 700 5254 Ὁ
734 5196 926 5270 Δίνων.
955 5196 1229 5270 Dinonis
1291 5200 1518 5254 Persica
1576 5198 1720 5254 citat
1768 5198 2086 5270 aliquoties

428 5266 867 5340 Athenaeus,in
897 5266 1230 5340 Dipnosoph.
1266 5272 1332 5324 A.
1367 5277 1427 5325 et
1456 5273 1522 5324 A.
1558 5271 1832 5326 SYLBURG.

500 5344 614 5416 (40)
648 5341 713 5397 Et
743 5339 846 5413 γὰρ
867 5337 979 5393 καί.
1020 5339 1313 5407 Horatius,
1346 5343 1495 5397 Artis
1523 5346 1669 5413 poet.
1702 5359 1752 5395 ν.
1787 5344 1848 5396 31
1890 5356 1903 5395 :

601 5450 661 5504 In
690 5445 893 5502 vitium
916 5444 1064 5500 ducit
1093 5446 1274 5515 culpae
1320 5449 1476 5519 fuga,
1510 5450 1560 5503 si
1587 5452 1734 5504 caret
1764 5456 1901 5503 arte.

500 5555 613 5626 (41)
645 5548 976 5626 Ἀφροδίτης
1008 5547 1299 5626 Ταναίτης.
1348 5555 1553 5626 Strabo
1612 5554 1854 5626 quidem
1905 5555 2083 5609 Uxio—

427 5622 558 5699 rum
593 5622 892 5699 meminit,
920 5623 1077 5699 apud
1100 5640 1250 5693 quos
1281 5622 1583 5699 Ἀφροδίτη
1624 5622 1877 5699 "Aventine
1938 5626 2089 5699 cole-

427 5698 621 5765 batur,
658 5702 715 5750 et
742 5695 897 5768 apud
932 5698 1139 5769 Persas
1170 5712 1337 5751 sacra
1363 5695 1548 5769 fuisse
1581 5698 1878 5769 celebrata
1892 5698 2089 5769 prodit

427 5764 725 5824 Anaitidis
753 5764 811 5822 e—t
840 5766 1049 5823 Omani
1085 5783 1098 5821 :
1152 5768 1329 5820 Ταῦτα
1382 5766 1432 5821 ἐν
1490 5774 1608 5830 τοῖς
1643 5764 1939 5833 Ἀναίτιδός
1995 5769 2085 5823 καὶ

423 5843 523 5896 τοῦ
549 5839 791 5912 Ὁμανοῦ
821 5838 987 5913 ἰερεῖς
1016 5833 1352 5910 νενόμισται.
1388 5841 1724 5898 Videndum
1746 5858 1906 5914 ergo,
1940 5858 2084 5900 num

2191 3485 2317 3539 huic
2343 3484 2419 3538 sit
2449 3482 2578 3547 dea,
2614 3499 2793 3554 quam
2824 3481 3099 3538 Clemens
3131 3483 3243 3537 hoc
3272 3482 3403 3537 loco
3426 3481 3669 3537 indicat.
3703 3481 3855 3554 Vide

2193 3555 2541 3611 Strabonem
2566 3553 2671 3608 lib.
2704 3571 2795 3619 xv,
2829 3554 2930 3609 ubi
2962 3557 3172 3609 Persas
3196 3556 3485 3609 Venerem
3535 3559 3593 3607 et
3649 3553 3854 3608 Solem

2191 3628 2385 3682 colere
2421 3626 2619 3692 tradit,
2654 3631 2714 3680 et
2742 3626 2846 3679 lib.
2888 3643 2965 3679 XI.
3018 3626 3284 3680 COLLECT.
3334 3626 3681 3692 Bochartus,
3713 3627 3856 3681 Gea-

2189 3698 2449 3769 graphiw
2477 3713 2648 3753 sacra
2678 3699 2948 3769 pag.277,
2974 3697 3056 3751 ait
3090 3714 3144 3750 :u
3171 3698 3340 3769 Circa
3370 3696 3587 3751 Arbela
3617 3702 3673 3750 et
3694 3697 3852 3769 Gau-

2189 3714 2449 3769 grapnise
2477 3714 2648 3753 sacra
2671 3714 2948 3822 5188.211,
2974 3714 3056 3751 ait
3090 3714 3144 3750 :u
3171 3714 3340 3751 Circa
3370 3714 3587 3751 arbeia
3617 3714 3673 3750 ei
3694 3714 3852 3751 hau-

2189 3769 2421 3843 gamela
2437 3769 2642 3824 Strabo
2714 3768 2956 3822 escribit
3012 3769 3248 3892 naiphtai
3306 3768 3556 3829 fontem.
3592 3774 3649 3822 et
3692 3768 3853 3837 ignis

2192 3841 2493 3892 scatebras
2528 3857 2541 3892 :
2573 3837 2664 3892 καὶ
2695 3838 2757 3891 τὸ
2788 3844 2888 3892 τῆς
2930 3841 3073 3892 "Avo:
3100 3859 3164 3892 ας
3193 3839 3362 3892 ἱερόν.
3392 3846 3443 3892 et
3500 3842 3685 3892 Antea."
3717 3847 3853 3892 tem-

2192 3837 2493 3897 scatebras
2528 3857 2541 3907 ;
2573 3837 2664 3892 καὶ
2695 3838 2757 3891 τὸ
2788 3844 2888 3905 τῆς
2930 3837 3164 3899 Ἀναΐας
3193 3839 3362 3910 ἱερόν,
3392 3846 3443 3894 et
3500 3842 3685 3894 Antea)
3717 3847 3854 3894 tem-

2184 3911 2447 3983 plum,id
2474 3918 2565 3965 est
2611 3910 2925 3983 Anaitidis,
2957 3911 3029 3966 de
3084 3927 3202 3983 qua
3238 3910 3398 3967 idem
3456 3911 3663 3965 Strabo
3705 3910 3852 3965 alibi

2190 3982 2435 4056 passim,
2461 3989 2532 4056 et
2556 3984 2835 4055 Agathias
2861 3982 2965 4037 lib.
3012 4000 3072 4051 ιι,
3106 3982 3169 4037 et
3192 3983 3515 4056 Pausanias
3542 3984 3850 4056 Laconicis,

2192 4053 2251 4111 et
2281 4053 2635 4109 Plutarchus
2681 4058 3037 4110 Artaxerxe:
3076 4071 3146 4109 ex
3196 4053 3413 4124 quibus
3461 4054 3855 4125 corrigendus

2191 4126 2514 4182 Clementis
2562 4127 2728 4181 locus
2759 4126 2821 4181 in
2852 4129 3124 4192 Protrept.
3159 4125 3231 4179 de
3263 4125 3473 4180 eodem
3502 4126 3857 4192 Artaxerxe,

2191 4197 2249 4274 θς
2280 4200 2501 4274 πρῶτος
2531 4203 2630 4274 τῆς
2663 4193 2996 4274 Ἀφροδίτης
3033 4191 3306 4274 Ταναΐδος
3363 4194 3435 4274 το
3486 4191 3650 4274 ἀγαλ.
3700 4191 3854 4274 Lege

2192 4265 2590 4335 ’Avait:80¢,in
2613 4285 2730 4341 qua
2743 4265 3165 4325 emendatione
3191 4285 3319 4341 non
3332 4265 3552 4341 debuit
3573 4265 3856 4341 hzesitare

2190 4343 2278 4397 vir
2300 4338 2682 4398 doctus.Nain
2704 4347 2922 4406 printer
2951 4341 3251 4395 Persicam
3284 4339 3449 4395 illam
3480 4338 3856 4406 Anaitidem,

2193 4415 2265 4469 de
2295 4430 2414 4486 qua
2433 4420 2651 4486 praeter
2671 4410 3034 4486 Strabonem
3093 4411 3374 4486 Agathias
3424 4410 3640 4486 lib._ii,
3673 4413 3863 4486 etiam

2191 4481 2505 4541 Ecbatanis
2535 4485 2874 4540 Anaitidem
2926 4485 3110 4538 fuisse
3148 4481 3381 4539 'cultam
3435 4498 3505 4537 ex
3533 4481 3861 4537 Plutarcho

2113 4565 2158 4629 ι)
2191 4558 2435 4623 scimus,
2470 4561 2528 4629 et
2564 4556 2749 4629 susis,
2784 4561 2843 4610 et
2871 4556 2932 4629 in
2967 4555 3163 4627 Lydia,
3197 4554 3297 4609 ubi
3330 4553 3561 4621 Sardes,
3593 4569 3663 4607 ex
3681 4556 3852 4629 Pau-

2194 4629 2380 4685 sauia.
2406 4630 2475 4681 Et
2506 4628 2567 4681 in
2600 4626 2764 4681 illius
2794 4624 3023 4681 cultum
3070 4630 3423 4681 Artaxerxes
3455 4640 3635 4696 quam
3673 4624 3863 4696 fuerit

2193 4697 3265 4778 propensusuinde“colligasuquod
3324 4695 3624 4778 celebrem
3682 4695 3862 4778 illam

2196 4767 2529 4840 Asp'asiam,
2553 4769 2685 4840 Cyri
2717 4769 2861 4824 olim
2884 4767 3484 4840 co'ncubinam,cujus
3511 4767 3770 4822 formam
3804 4773 3865 4823 et

2200 4789 2275 4827 AS
2320 4789 2529 4834 8.818.111,
2553 4789 2685 4840 byrl
2717 4789 2861 4824 Ollﬂl
2884 4789 3384 4835 COIlCllDlﬂam,Cll
3415 4789 3484 4822 US
3511 4789 3770 4822 IOI‘IIlalIl
3804 4789 3865 4823 BL

2200 4789 2467 4913 reﬁquas
2488 4840 2655 4913 dotes
2680 4845 2798 4895 tam
2830 4839 3035 4895 multis
3056 4840 3344 4913 praedicat
3370 4789 3634 4893 zlﬁlianus
3661 4840 3721 4913 in
3749 4840 3866 4893 Va-

2196 4914 2298 4969 riis
2327 4910 2498 4967 initio
2524 4911 2627 4965 lib.
2661 4929 2757 4981 xu,
2787 4913 3006 4967 creavit
3026 4910 3501 4977 sacerdotem,ut
3521 4910 3865 4982 praeficeret

2198 4982 2738 5056 templo_Anaitidiﬁs
2769 4984 3306 5056 Ecbatanenaiﬁec
3336 4998 3700 5056 quemquam
3719 4998 3862 5056 mo-

2197 5052 2343 5112 vere
2357 5054 2719 5125 debet,quod
2741 5055 3084 5111 Anaitidem
3114 5054 3217 5110 alii
3240 5052 3553 5121 Venerem,
3585 5052 3687 5108 alii
3719 5054 3865 5108 Dia-

2198 5144 2337 5184 nam
2360 5124 2679 5198 explicant.
2706 5128 2852 5182 Nam
2874 5144 3009 5183 raro
3044 5126 3158 5182 sibi
3189 5130 3467 5198 constant
3498 5124 3679 5198 prisci
3715 5125 3866 5198 scri-

2197 5194 2589 5273 ptoresfcum
2613 5199 2927 5273 peregrina
2965 5198 3217 5273 numina
3244 5196 3462 5252 Graecis
3498 5194 3863 5273 nominibus

2197 5268 2472 5328 efferunt.
2506 5268 2843 5325 Anaitidem
2882 5270 3052 5325 multi
3088 5269 3334 5324 Dianam
3362 5284 3491 5323 esse
3516 5268 3860 5333 voluerunt,

2197 5342 2339 5414 quia
2368 5342 2669 5414 communi
2716 5342 2855 5396 fano
2887 5357 3022 5397 cum
3054 5342 3173 5395 Deo
3222 5347 3340 5414 mm
3373 5340 3603 5414 Ornano,
3634 5338 3696 5414 id
3741 5344 3861 5414 est.

2198 5410 2351 5481 Sole,
2377 5413 2783 5478 colebatur,ut
2813 5419 3065 5468 testatur
3097 5412 3305 5467 Strabo
3334 5427 3425 5464 xv.
3459 5411 3730 5465 Vicissim
3750 5410 3861 5464 alii

2198 5488 2489 5541 Venerem
2522 5501 2650 5539 esse
2679 5485 3043 5552 maluerunt,
3068 5484 3209 5555 quia
3228 5481 3436 5555 infami
3464 5481 3863 5555 rituvirgines

2196 5559 2258 5612 in
2290 5557 2453 5611 illius
2476 5556 2697 5628 templo
2729 5553 3171 5628 prostabant,ut
3190 5553 3351 5609 idem
3367 5553 3431 5607 in
3450 5553 3568 5628 fine
3583 5553 3806 5628 libfxi.
3829 5575 3859 5602 υ

2194 5662 2263 5669 —
2283 5630 2428 5683 Nota
2450 5620 2619 5683 infra.
2633 5620 2887 5696 formam
2902 5620 3275 5683 dialecticam
3298 5626 3625 5695 imperativi
3649 5620 3864 5696 ὁμολο-

2193 5698 2439 5775 γούντων
2466 5718 2571 5789 pro
2604 5695 3074 5789 ὁμολογείτωσαν.
3099 5701 3251 5753 Εῡιτ.
3286 5699 3528 5778 PA't'ROL.

2263 5775 2378 5844 (42)
2434 5765 2536 5826 Τ’ὸν
2588 5765 3009 5844 πάντωνζώιοεί
3069 5774 3293 5844 potest_
3319 5768 3497 5822 etiam
3553 5771 3659 5821 τῶν
3710 5765 3853 5819 πάν-

2193 5838 2327 5912 των,
2357 5838 2423 5899 ut
2451 5847 2659 5916 postea
2685 5844 2792 5896 τῶν
2821 5838 2983 5896 ὅλων“
3000 5838 3230 5915 Πατέρα.
3262 5840 3538 5895 SYLBURG.
