4124 6394
407 301 510 356 183

405 426 551 482 Dein
583 425 834 482 ulterius
864 442 1137 499 pergens,
1173 424 1330 480 clare
1364 423 1636 496 subjicit:

475 541 539 605 ’Β
562 545 647 598 EJ:
676 560 729 598 se
754 559 895 598 unus
925 544 1160 611 genitus,
1188 544 1373 611 genita
1395 546 1444 595 et
1473 546 1598 595 sunt
1620 542 1803 596 omnia
1829 540 1897 594 ab
1923 554 2030 592 uno
2053 554 2070 592 :

486 687 853 754 Versaturque
883 685 940 738 in
970 685 1044 738 eis
1075 684 1228 753 ipse;
1259 699 1326 738 ea:
1358 683 1683 738 mortalibus
1712 681 1858 736 ullus

480 830 584 883 Nec
609 828 756 882 videt
781 827 945 895 hunc,
980 833 1172 882 contra
1195 827 1288 882 sed
1318 832 1536 882 cunctos
1562 827 1761 898 aspicit
1789 824 1926 896 ipse.

413 945 505 1000 Sic
535 942 778 1016 quidem
828 945 1141 1016 Orpheus:
1194 944 1377 1016 inque
1426 961 1626 999 errore
1682 948 2074 1013 se_versatum

415 1033 599 1090 fuisse
629 1033 872 1089 tandem
904 1033 1221 1090 intellexit.

491 1143 572 1197 Tu
599 1158 746 1210 vero,
800 1143 1048 1197 mortalis
1091 1143 1244 1197 vario
1285 1143 1508 1197 consilio
1551 1142 1808 1212 pradite,
1838 1159 1905 1196 ne
1936 1157 2075 1197 cun-

1629 1214 1810 1284 [ctei'is
1841 1215 2073 1281 diutius,

485 1286 594 1341 Sed
618 1291 760 1340 retro
781 1302 986 1354 versus,
1020 1291 1192 1342 Deum
1219 1289 1312 1353 fac
1339 1285 1440 1339 tibi
1461 1287 1794 1356 propitium.

420 1405 566 1458 Nam
598 1403 646 1458 si
677 1402 992 1473 Graeci,qui
1021 1403 1309 1474 quasdam
1331 1401 1512 1456 divini
1541 1401 1701 1457 verbi
1725 1403 1893 1473 quasi
1917 1402 2076 1458 scin-

412 1493 573 1560 tillas
604 1497 982 1564 acceperunt,
1017 1492 1288 1563 exiguam
1321 1491 1587 1562 aliquam
1616 1491 1910 1547 versitatis
1941 1508 2074 1563 par-

411 1587 554 1648 tem,
587 1581 805 1636 clocuti
837 1586 996 1648 sunt,
1026 1581 1141 1634 vim
1177 1580 1419 1651 quidem
1468 1582 1598 1652 ejus
1630 1598 1751 1652 non
1783 1581 2076 1636 occultam

413 1675 791 1737 attestantur,
824 1687 945 1724 una
977 1675 1198 1736 tamen,
1233 1685 1403 1724 suam
1449 1670 1924 1725 imbecillitatem
1979 1687 2075 1725 ar-

1657 297 2072 354 CLEMENTIB
2115 297 2619 356 ALEXANDBINI

2096 421 2148 489 Α
2181 421 2310 476 Εἶτα
2344 419 2573 494 ὑποϐὰς,
2607 422 2910 501 διαρρήδην
2936 423 3195 502 έπιφέριιο

3725 300 3827 355 184

2179 539 2272 602 Εἷς
2328 539 2436 596 ἔστ’
2469 587 2482 611 ,
2542 541 2842 619 αὐτογενής
2903 545 3036 617 (18)·
3097 541 3215 604 ἑνὸς
3269 537 3694 619 ἔκγονα-πάντα
3740 541 3826 596 τέ-

3499 631 3708 667 τυκται·

2181 683 2267 739 Ἐν
2346 682 2394 739 δ’
2450 685 2637 749 αὐτοῖς
2695 685 2858 750 αὐτὸς
2914 688 3024 759 (19)
3077 614 3500 760 περινίσσεται·[
3540 680 3684 773 Γοιῖξδέ
3745 704 3830 748 τις

2180 826 2419 903 Εἷσόράα
2469 834 2677 901 θνητῶν
2739 833 2870 904 (20),
2935 829 3096 892 αὐτὸς
3147 825 3205 884 δέ
3256 849 3320 904 γε
3368 758 3831 904 «iniquissimi.

2182 944 2371 1008 Οὕτως
2406 947 2501 1020 μὲν
2536 945 2602 1017 δὴ
2647 947 2890 1026 Ὀρφεόςο
2951 948 3137 1024 χρόνῳ
3192 945 3253 1002 τέ
3299 965 3433 1001 ποτε
3480 947 3706 1015 συνῆκεν
3735 966 3836 1001 πε-

2180 1032 2560 1108 πλανημενος·

2181 1141 2366 1198 Ἀλλὰ
2397 1144 2460 1199 οὗ
2495 1145 2571 1218 μή
2628 1143 2872 1218 μέλλων,
2921 1145 3084 1221 βροτὶ
3133 1142 3523 1218 ποικιλόμητι,
3577 1140 3831 1221 βράδυνε·

2186 1285 2360 1343 Ἀλλὰ
2390 1286 2858 1365 παλίμπΛαγκτος
2893 1289 3143 1363 στρέψας,
3176 1289 3304 1344 Θεὸν
3334 1289 3611 1344 ἱλάσκοιο.

2184 1403 2246 1458 Εἰ
2276 1404 2376 1478 γὰρ
2407 1405 2496 1460 καὶ
2528 1407 2597 1460 τὰ
2630 1403 2868 1479 μάλιστα
2915 1404 3226 1480 ἐναύσματά
3275 1408 3390 1480 (ll)
3436 1426 3561 1460 τινα
3607 1409 3703 1461 τοῦ
3737 1403 3838 1460 λόο

2183 1514 2285 1569 γου
2342 1499 2441 1548 τοῦ
2490 1493 2638 1550 θείου
2689 1490 2952 1560 λαϐόντες
2987 1495 3282 1567 Ἕλληνες,
3338 1495 3503 1570 ὀλίγα
3569 1495 3700 1550 ἅττα
3733 1501 3836 1564 τῆς

2182 1582 2444 1654 ἀληθείας
2500 1583 2847 1662 ἐφθέγξαντο,
2896 1589 3379 1661 προσ-μαρτυροῦσι
3439 1586 3532 1658 μὲν
3589 1586 3687 1654 τὴν
3746 1581 3837 1640 δύ-

2182 1694 2345 1746 ναμιν
2401 1673 2568 1744 αὐτῆς
2629 1674 2729 1729 οὐκ
2783 1675 3301 1750 ἀποκεκρυμμένην,
3330 1681 3464 1752 σφᾶς
3523 1672 3581 1729 δὲ
3636 1673 3840 1738 αὐτοὺς

415 1765 626 1833 guunt,
657 1760 798 1830 quia
842 1760 1024 1814 finem
1068 1776 1190 1814 non
1220 1760 1526 1831 attigerint
1563 1777 1581 1814 :
1631 1761 1770 1814 hinc
1801 1761 2072 1816 existimo

1240 1848 1384 1868 μη,
1618 1849 1665 1868 ι,
1705 1849 1748 1868 ,ιθ

2199 1761 2503 1840 ἐλέγχουσιν
2537 1763 2776 1828 ἀσθενεῖς
2809 1763 2907 1819 οὐκ
2959 1763 3272 1838 ἐφικόμενοι
3314 1769 3412 1818 τοῦ
3441 1763 3658 1826 τέλους.
3691 1761 3836 1835 Ἤδη

417 1849 601 1904 cuivis
625 1865 756 1905 esse
788 1847 1196 1914 manifestum,
1231 1848 1390 1919 quod
1425 1849 1673 1921 perinde
1703 1849 1943 1915 faciant,
1972 1850 2074 1921 qui

2199 1852 2284 1927 γὰρ
2312 1853 2466 1926 οἶμαι
2499 1854 2659 1909 παντί
2709 1876 2789 1927 τῳ
2839 1851 3010 1924 δῆλον
3037 1855 3334 1931 γεγονέναι,
3369 1855 3446 1917 ὡς
3496 1859 3604 1910 τῶν
3661 1852 3839 1930 χωρὶς

418 1937 548 1993 sine
577 1937 754 1992 verbo
784 1937 1047 1993 veritatis
1070 1942 1172 1992 aut
1199 1943 1382 2010 agunt
1401 1937 1647 2009 aliquid,
1677 1943 1778 1994 aut
1815 1939 2073 2010 loquun-

418 2031 534 2095 tur,
569 2043 637 2082 ac
669 2027 717 2083 si
749 2029 883 2098 quis
942 2032 1190 2082 conetur
1240 2027 1470 2100 ingredi
1519 2028 1743 2100 absque
1804 2028 2073 2100 pedibus.

424 2119 539 2172 Vos
568 2133 727 2184 vero,
760 2121 825 2171 ut
855 2115 1106 2172 salutem
1129 2116 1597 2187 amplectamini,
1624 2117 1835 2172 saltem
1868 2118 2077 2190 impel-

422 2206 554 2262 lant
584 2206 833 2261 deorum
875 2210 1205 2261 vestrorum
1254 2211 1408 2261 nota!
1444 2224 1512 2262 ac
1558 2208 2077 2278 reprehensiones,

421 2307 570 2367 quos
601 2301 789 2367 poetae
818 2295 866 2350 si
893 2295 1158 2350 veritatis
1179 2295 1365 2350 coacti
1393 2297 1802 2369 perstringunt
1830 2303 1889 2353 et
1916 2298 2080 2352 inse-

420 2385 674 2441 ciantur.
710 2385 1033 2440 Menander
1063 2385 1223 2441 enim
1267 2386 1562 2455 Comicus,
1595 2387 1657 2441 in
1699 2386 1901 2442 fabula
1948 2403 2078 2458 quas

415 2475 627 2544 Auriga
658 2474 894 2530 dicitur.

493 2584 652 2652 Mihi,
683 2584 900 2655 inquit,
926 2583 1148 2654 placere
1176 2600 1286 2639 non
1307 2590 1486 2654 potest
1515 2601 1651 2641 anus
1681 2603 1851 2642 comes

489 2657 628 2712 Deus
659 2655 992 2722 ambulator,
1018 2673 1116 2711 nec
1147 2659 1247 2727 qui
1267 2659 1463 2727 irrepit
1493 2656 1554 2711 in
1584 2657 1763 2714 domos

495 2727 715 2782 Tabulae
739 2727 1025 2796 praesidio.

416 2835 482 2891 Id
517 2835 738 2906 quippe
768 2834 1089 2903 faciebant,
1123 2835 1225 2906 qui
1252 2835 1418 2890 Matri
1469 2835 1716 2892 deorum
1771 2839 1984 2910 stipem
2019 2856 2087 2894 e-

416 2922 858 2991 mondicabant,
891 2923 1107 2994 quibus
1148 2925 1534 2982 Antisthenes
1556 2927 1714 2982 haud
1738 2927 1842 2983 abs
1871 2945 1935 2983 re
1968 2929 2090 2983 fer-

411 3021 523 3071 tur
552 3015 972 3087 respondisse:
1004 3016 1179 3087 LNon'j
1207 3016 1294 3070 alo
1350 3023 1591 3072 matuem
1639 3018 1863 3073 deorum
1921 3035 2088 3089 quam

422 3107 506 3161 dii
535 3107 709 3162 alunt.
735 3106 897 3161 Idem
925 3122 1161 3176 quoque
1185 3107 1478 3174 Comicus,
1505 3124 1748 3162 suorum
1770 3109 2084 3164 hominum

2178 1946 2275 1998 τοῦ
2305 1941 2480 2019 λόγου
2519 1950 2620 2013 τῆς
2669 1943 2928 2014 ἀληθείας
2979 1943 3334 2021 ἐνεργούντων
3382 1966 3459 2015 τι,
3487 1944 3523 2014 ἢ
3553 1944 3643 1999 καὶ
3677 1946 3840 2023 φθεγ-

2180 2032 2453 2108 γομένων,
2497 2032 2705 2105 ὁμοίων
2766 2029 2937 2088 ὄντων
2965 2039 3080 2097 τοῖς
3111 2035 3289 2111 χωρὶς
3339 2035 3546 2110 βάσεως
3599 2031 3838 2111 βαδίζειν

2187 2121 2554 2196 βιαζομένοις.
2617 2123 3022 2179 Δυσωπούντων
3077 2121 3134 2179 δέ
3180 2145 3238 2178 σε
3289 2123 3365 2186 εἷς
3413 2123 3688 2197 σωτηρίαν
3745 2123 3834 2178 καὶ

2183 2213 2235 2266 οἱ
2265 2212 2388 2286 περὶ
2420 2213 2547 2276 τοὺς
2575 2211 2732 2275 θεοὺς
2788 2214 2941 2286 ὑμῶν
2992 2211 3241 2290 ἔλεγχοι,
3273 2213 3387 2284 οὕς,
3421 2211 3511 2268 διὰ
3556 2216 3653 2284 τήν
3692 2211 3838 2284 ἀλή-

2183 2303 2326 2356 θειαν
2371 2296 2778 2375 ἐκϐιαζόμενοι,
2820 2299 3156 2375 κωμῳδοῦσι
3214 2301 3464 2374 ποιηταί.
3525 2301 3839 2378 Μένανδρος

2182 2394 2312 2466 γοῦν
2344 2390 2372 2444 ὁ
2411 2391 2682 2464 κωμικὸς,
2723 2389 2774 2444 ἐν
2821 2391 3092 2466 Ἥνιόχῳ,
3154 2391 3207 2448 ἐν
3259 2387 3676 2466 Ὑποϐολιμαίῳ

2185 2485 2266 2554 τῷ
2298 2478 2558 2558 δράματι,

2259 2585 2449 2665 Οὐδείς
2483 2591 2539 2662 μ’
2555 2588 2807 2665 ἀρέσκει,
2837 2588 3343 2665 φησὶλπεριπητῶν
3376 2583 3632 2665 ἔξωθεὸς

2260 2662 2410 2736 Merci
2440 2659 2634 2736 γραὸς,
2667 2659 2782 2736 οὐδ’
2808 2659 2883 2723 εἷς
2914 2659 3223 2736 elicias-(23)
3254 2659 3553 2736 παρεισιὼν

2264 2732 2383 2789 Ἐπὶ
2414 2731 2514 2788 τοῦ
2545 2731 2784 2789 σανιδίου
2818 2731 3214 2809 μητραγύρτης
3241 2731 3376 2808 (24).

2190 2843 2454 2898 Τοιοῦτοι
2485 2842 2588 2918 γὰρ
2621 2842 2674 2896 οἱ
2707 2839 3110 2918 μητραγύρται.
3151 2843 3309 2899 ’Όθεν
3343 2842 3569 2905 εἰκότως
3601 2843 3630 2897 ὁ
3663 2843 3849 2900 Ἀντι-

2194 2932 2382 3001 σθένης
2442 2928 2622 3006 ἔλεγεν
2695 2931 2887 2993 αὐτοῖς
2949 2935 3312 3003 μεταιτοῦσιν·
3374 2932 3450 2989 Οὐ
3502 2933 3684 3009 τρέφω
3751 2932 3846 3000 τήν

2193 3018 2423 3093 Μητέρα
2467 3023 2575 3073 τῶν
2641 3023 2799 3086 θεῶν,
2873 3021 2939 3090 ἢν
3000 3020 3052 3074 οἱ
3115 3020 3226 3084 θεοὶ
3283 3021 3608 3098 ξτρέφουσιν·
3669 3020 3848 3077 Ηάλιν

2197 3106 2247 3163 δί
2276 3110 2302 3164 ὁ
2335 3108 2496 3171 αὐτὸς
2527 3106 2958 3182 κωμῳδοποιὸς,
3005 3109 3057 3163 ἐν
3086 3110 3278 3186 Ἱερείᾳ
3323 3115 3402 3182 τῷ
3433 3108 3689 3185 δράματι,
3751 3129 3849 3186 χα-

423 3195 919 3276 consuetudinem
946 3212 1099 3268 aegre
1129 3195 1350 3266 ferens,
1387 3197 1447 3252 in
1481 3214 1568 3266 ea,
1603 3215 1782 3268 quam
1815 3201 2081 3255 Sacerdo-

2199 3197 2468 3254 λεπαίνων
2524 3199 2663 3274 πρὸς
2709 3200 2808 3267 τήν
2869 3201 3179 3270 συνήθειαν,
3236 3197 3546 3276 διελέγχειν
3592 3207 3852 3276 πειρᾶται

423 3294 528 3343 tem
566 3273 890 3357 inscripsit,
921 3283 1145 3350 fabula,
1176 3285 1303 3340 haec
1333 3286 1530 3354 verba,
1563 3287 1778 3358 quibus
1839 3289 2084 3360 impiam

425 3377 641 3433 erroris
699 3392 908 3430 eorum
964 3376 1366 3446 arrogantiam
1420 3376 1663 3446 refellit,
1712 3383 1882 3433 acute
1939 3379 2084 3434 satis

423 3471 602 3538 atque
633 3464 960 3537 prudenter
990 3464 1328 3536 eloquitur:

594 3596 832 3651 namque
859 3581 907 3636 si
935 3596 1042 3650 quo
1073 3579 1192 3634 vult
1217 3582 1387 3635 Deum

497 3699 562 3764 ᾖ(
591 3698 656 3752 Ρ.
690 3697 759 3751 64
778 3696 890 3751 ED.
924 3696 1219 3764 POTTER,
1252 3699 1319 3750 49
1349 3697 1462 3752 ΕΙ).
1496 3697 1724 3752 PARIS.

500 3812 616 3885 (l8)
646 3811 738 3872 Εἷς
769 3808 876 3865 ἔστ’
905 3811 1028 3866 αὐτ.
1061 3812 1352 3868 Eusebius
1383 3830 1455 3868 ex
1485 3813 1858 3870 Arristobulo
1893 3833 1904 3868 :

573 3908 669 3971 Εἷς
729 3908 835 3964 ἐστ’
881 3907 1226 3979 αὐτοτελὴς,
1287 3908 1454 3965 αὐτοῦ
1508 3907 1556 3964 δ’
1612 3909 1718 3966 ὕπο
1774 3910 1945 3966 πάντο
2000 3933 2088 3968 τε-

1887 3985 2087 4058 [λεῖται

433 4053 836 4111 Theodoretus
866 4070 1002 4109 vero
1037 4069 1050 4107 :

572 4153 668 4215 Εἷς
723 4150 829 4207 ἐστ’
885 4150 1200 4224 αυτὸγινής·
1261 4149 1428 4206 αὐτοῦ
1485 4148 1530 4207 δ’
1590 4149 1696 4208 ὕπο
1769 4157 1945 4282 nixi-ca
1996 4177 2086 4212 τε·

1833 4230 1847 4282 ί
1896 4233 2086 4282 εἶτται.

1896 4250 1919 4283 ε
1930 4250 2062 4285 ιτται
2073 4273 2087 4287 ο

431 4297 708 4354 Clemens
730 4295 802 4368 in‘
820 4295 1025 4368 Strom.
1058 4291 1357 4368 αὐτογενής
1388 4296 1586 4368 habet.
1832 4230 1848 4301 [

503 4371 627 4445 (19)-
645 4369 736 4445 ’_E_v
781 4362 828 4420 δ’
859 4365 1043 4445 αὐτοῖς
1098 4362 1282 4430 αὐτός.
1314 4362 1418 4424 ⁷Ἐν
1462 4365 1509 4423 δ’
1557 4368 1717 4445 αὐτὸς
1760 4369 1947 4433 αὐτοῖς
1981 4375 2092 4445 Cy-

429 4437 551 4522 ri‘ll.
584 4437 813 4522 Ibidem
841 4437 1216 4522 περιγίγνεται
1259 4458 1366 4514 pro
1410 4441 1794 4516 περινίσσεται,
1823 4437 2093 4501 Justinus

431 4511 870 4584 utroque‘loco,
897 4511 1139 4584 aliique.

503 4579 616 4654 (20)
647 4579 888 4655 Εἷσοράα
915 4593 996 4645 θν.
1020 4579 1310 4640 Eusebius
1341 4602 1412 4640 ex
1440 4585 1698 4641 Aristob.
1737 4603 1749 4642 :

576 4678 821 4759 Ἐξίσορᾶα
849 4683 1042 4759 ψυχῷν
1094 4687 1330 4753 θνητῶν,
1377 4689 1460 4756 τῷ
1519 4681 1566 4738 δ’
1615 4683 1946 4759 είσοράαται.

581 4755 764 4809 Gemit
802 4755 1117 4811 mortalium
1167 4755 1499 4825 animarum,
1548 4755 1744 4813 mente
1765 4765 1944 4813 autem
1976 4775 2091 4814 cer-

456 4925 462 4929 ‘
506 4898 592 4971 (21
628 4896 988 4969 Ἐναόσματα,
1019 4895 1332 4970 Έναύματα
1362 4901 1501 4954 Nov.
1893 4830 2088 4901 initur.

507 4996 731 5069 Ἐν
784 4988 1225 5069 Ὑποϐολιμαίῳ.
1287 4995 1731 5069 supervacanea
1787 4999 2092 5054 sunthaec

431 5067 629 5123 verba.
664 5070 810 5140 Nam
851 5067 911 5121 hi
944 5083 1148 5140 versus
1187 5067 1399 5140 nonin
1448 5068 1756 5140 Menandri
1791 5070 2094 5140 Hypoboli-

431 5156 582 5208 maeo,
606 5139 709 5195 sed
725 5142 944 5208 Auriga
955 5137 1286 5193 exstabant.
1311 5138 1578 5194 Justinus
1596 5139 1699 5194 lib.
1721 5141 1796 5194 De
1808 5137 2086 5198 monarch.

430 5227 560 5284 pag.
597 5213 700 5266 166
732 5212 929 5265 locum
961 5211 1119 5264 hunc
1151 5209 1329 5279 paulo
1363 5209 1537 5265 aliter
1567 5212 1873 5266 recitavit:

571 5297 765 5370 Οὐθεξς
803 5297 858 5370 μ’
889 5296 1103 5370 ᾇρεσκει
1129 5300 1440 5370 περιπατῶν
1473 5292 1574 5370 ἔξω
1609 5297 1752 5370 θεὸς,

570 5367 770 5440 Οὐδεὶς
801 5367 976 5440 οἰκίαν
1011 5367 1290 5440 παρειπὼν
1325 5367 1414 5423 ἐπὶ
1443 5367 1540 5425 τοῦ
1571 5367 1836 5426 σανιδίου.

571 5439 673 5494 Τὺν
707 5437 918 5494 δίκαιον
948 5437 1029 5492 δεῖ
1060 5437 1210 5505 Θεὸν,

575 5509 730 5568 Ο’ίκοι
769 5511 944 5582 μένειν
979 5511 1229 5579 σώζοντα
1265 5510 1391 5575 τοὺς
1423 5509 1767 5587 ἱδρυμένους.

433 5603 618 5667 Quem
650 5601 882 5656 Grotius
912 5618 1021 5672 ope
1052 5601 1373 5657 Clementis
1418 5605 1530 5658 hoc
1576 5605 1753 5660 modo
1785 5607 2040 5662 correxit
2075 5623 2087 5662 :

577 5687 771 5764 Οὐθείς
807 5687 1107 5764 μ’,ἀρέσΐοεει
1138 5695 1448 5764 περιπατῶν
1479 5687 1581 5764 ἔξω
1614 5692 1734 5756 θεὸς

579 5760 733 5818 Μετά
750 5759 942 5835 γραός·’
965 5759 1084 5817 οὐδ’
1114 5759 1403 5826 είςόίκίας
1432 5759 1728 5838 παρεισιὼν

2187 3287 2280 3342 τὸν
2331 3290 2486 3351 ἄθεον
2534 3295 2638 3358 τῆς
2696 3285 2912 3359 πλάνης
2969 3288 3160 3367 τύφον,
3222 3288 3692 3365 ἐπιφθεγγόμενος
3758 3288 3855 3363 έμ-

2192 3377 2426 3454 φρόνως’

2615 3585 2716 3662 γὰρ
2746 3583 2897 3642 ἕλκει
2929 3588 3042 3661 (25)
3070 3586 3162 3641 τὸν
3197 3587 3325 3643 Θεὸν

2409 3819 2532 3874 Ἐπὶ
2564 3821 2662 3874 τοῦ
2691 3816 2957 3874 σανιδίου·
2990 3819 3081 3875 τὸν
3117 3817 3323 3875 δίκαιον
3373 3818 3456 3876 δεῖ
3507 3821 3636 3877 Θεὸν

2405 3887 2564 3948 Οἷ¹κοι
2613 3893 2790 3964 μένειν
2834 3892 3076 3962 σώζοντα
3115 3892 3242 3955 τοὺς
3286 3889 3632 3970 ἱδρυμένους.

2196 3982 2420 4058 Quibus
2447 3981 2640 4058 verbis
2680 3982 3002 4058 Menander
3043 3983 3290 4058 Cibeles
3323 3983 3661 4040 sacerdotes
3688 4004 3858 4058 pers-

2195 4054 2424 4127 trinxit,
2451 4053 2561 4127 qui
2585 4070 2890 4127 cum_anu,
2922 4057 3054 4127 quae
3087 4053 3334 4127 Cybeles
3364 4053 3708 4127 personam'
3735 4075 3856 4113 sus-

2196 4073 2424 4122 trmxn,
2451 4073 2552 4125 qui
2585 4073 2718 4108 cum
2751 4073 2890 4122 anu,
2964 4073 3054 4110 me
3087 4073 3334 4127 Cybeles
3364 4073 3686 4127 personam
3735 4075 3855 4113 sus-

2196 4126 2443 4192 tinebat,
2463 4125 2653 4200 urbes
2683 4073 3110 4200 pircumicliant,
3129 4128 3284 4200 _Deaa
3321 4129 3535 4198 stipem
3560 4135 3855 4200 petentes.

2271 4200 2380 4264 (23)
2411 4194 2535 4250 Οὐδ’
2569 4193 2644 4257 εἰς
2681 4193 2877 4258 δῖκίας.
2929 4193 3373 4254 Consuluerunt
3399 4193 3534 4254 'nos
3560 4193 3720 4256 .olim
3752 4202 3858 4256 viri

2198 4269 2431 4361 nobiles
2481 4269 2824 4361 etuerudigi,
2869 4286 2987 4361 qua
3033 4270 3264 4361 ratione
3331 4270 3727 4361 μητραγύρτής
3773 4272 3858 4361 tui

2200 4337 2442 4416 σανιδίου
2475 4358 2510 4396 a
2537 4341 2860 4416 Menandro
2887 4337 3165 4416 dicatur.
3214 4337 3365 4398 Sane
3396 4337 3662 4410 σανίδιον,
3681 4337 3863 4416 ’(ιιιοά

2199 4414 2300 4470 alii
2335 4412 2480 4487 ἱερὸν
2510 4409 2751 4487 ᾳᾳνίδιον
2782 4418 2996 4487 vocant
3023 4414 3176 4484 (erat
3203 4419 3408 4487 autem,
3451 4409 3769 4485 rhombus,
3800 4422 3865 4471 ut

2205 4485 2583 4556 Grammatici
2618 4485 2856 4553 docent)
2883 4501 3017 4538 cum
3062 4502 3178 4556 quo
3209 4486 3541 4543 circuibant
3565 4488 3779 4543 urbem
3812 4487 3864 4540 οἷ’

2123 4545 2171 4612 D
2205 4555 2607 4638 pm_payz_ip'rut,
2639 4562 2787 4638 .erat
2806 4545 3111 4637 indicium
3131 4560 3456 4638 Aet-tessera
3485 4559 3681 4638 illius__
3702 4559 3864 4638 quod

2204 4627 2488 4701 agebant:
2538 4628 2727 4701 ipsius
2757 4627 3043 4701 nimirum
3094 4628 3286 4701 stipis,
3343 4646 3524 4701 sacrae
3567 4627 3860 4699 collecta),

2246 4699 2383 4757 nam
2414 4699 2714 4771 petebant.
2762 4699 2925 4752 Sicut
2971 4715 3106 4771 ergo
3157 4699 3433 4770 dicimus,
3467 4700 3553 4756 ἐπὶ
3589 4701 3860 4770 κυλίκων,

2237 4769 2586 4844 epincegjna,
2620 4769 2760 4844 quia
2805 4769 3198 4844 reprmsentat
3240 4769 3442 4827 vinum
3473 4776 3508 4842 ἠ
3540 4771 3728 4842 κόλιζ,
3785 4769 3867 4829 ita

2200 4837 2656 4916 έπὶ’σανιδίου,γγδ
2681 4837 2766 4893 έπὶ
2798 4837 2896 4916 rei")
2926 4840 3077 4916 ἱεροῦ
3099 4841 3372 4916 ἀγυρμοῦ.
3401 4837 3664 4902 Dicimus
3688 4837 3862 4901 ⁷ιεὲῐὶὶῐη

2202 4915 2230 4969 ὁ
2252 4913 2339 4967 ἐπὶ
2369 4913 2617 4988 ἀγυρμοῦ
2663 4917 2765 4988 τῆς
2797 4913 3122 4988 Πθεᾶς,ίειίνθ
3146 4913 3267 4982 τῆς
3296 4918 3403 4968 τῶν
3439 4917 3573 4971 θεῶν
3609 4917 3864 4988 Μητρὸς,

2203 4988 2348 5057 sicu,
2379 4983 2524 5057 ὁίέπὶ
2556 4983 2882 5057 ἐπιστολῶν.
2925 4987 3276 5057 Quanquam
3308 5004 3426 5042 non
3469 5006 3566 5045 me
3596 4983 3764 5056 latet,
3797 4988 3863 5042 τὸ

2201 5056 2288 5111 ἐπὶ
2321 5055 2436 5133 ἀντὶ
2480 5059 2576 5133 τοᾷ
2635 5054 2788 5128 μετὰ,
2840 5058 2999 5128 quod
3053 5054 3143 5112 est
3173 5059 3480 5130 usitatum,
3538 5054 3864 5133 subrepere

2199 5131 2486 5202 potuisse.
2521 5131 2802 5202 Hamsws.

2271 5203 2383 5273 (2’1)
2417 5200 2842 5273 Μητραγύρτης.
2877 5201 3040 5274 Hanc
3068 5218 3269 5256 vocem
3292 5202 3695 5274 abjiciendam
3729 5220 3864 5259 esse

2201 5271 2344 5328 satis
2367 5271 2458 5328 est
2488 5291 2517 5328 e
2546 5271 2776 5328 JuStino
2800 5271 3204 5328 manifestum.
3229 5271 3462 5330 Grotius
3486 5277 3600 5331 ait:
3637 5299 3662 5325 ‹‹
3696 5275 3865 5340 Quod

2200 5345 2296 5400 hic
2323 5345 2480 5417 apud
2501 5345 2867 5421 Clementem
2902 5345 3205 5421 sequitur,_
3240 5348 3659 5421 μητράγυρτης,
3693 5347 3862 5421 addi-

2197 5416 2532 5472 tamentam
2565 5417 2647 5471 esi
2697 5416 3041 5486 interpretis
3090 5417 3246 5471 male
3295 5416 3538 5474 sensum
3571 5416 3860 5486 assecuti;

2200 5489 2271 5544 de
2303 5489 2431 5560 ipso
2464 5490 2580 5543 Deo
2615 5505 2817 5560 sermo~
2861 5491 2969 5560 est,
3003 5503 3183 5557 quem
3213 5489 3328 5543 fert
3365 5492 3705 5559 circulator,
3739 5508 3862 5546 non

2200 5561 2271 5636 de
2301 5558 2672 5636 clirculatgre.
2705 5561 2775 5612 Et
2803 5558 2915 5613 hac
2937 5558 3354 5636 demptavoce,
3380 5580 3510 5634 quae
3544 5558 3856 5636 sequntur,

2195 5631 2286 5685 τὸν
2319 5629 2528 5686 δίκαιον
2555 5627 2657 5701 δεῖ,
2692 5636 2828 5696 etc.,
2850 5627 3419 5702 optime—cohaerent,
3445 5635 3564 5691 sive
3595 5627 3854 5704 versum,

2199 5705 2318 5760 sive
2351 5720 2594 5760 sensum
2627 5707 2883 5773 spectes.
2924 5723 2951 5750 »

2268 5775 2380 5848 (25)
2415 5774 2481 5831 Et
2525 5774 2629 5851 γὰρ
2659 5771 2850 5829 "ilicei.
2909 5774 3026 5828 Hos
3057 5774 3236 5831 etiam
3280 5795 3483 5835 versus
3532 5795 3668 5835 cum
3712 5777 3851 5834 aliis
