4124 6394
419 272 516 329 191

1675 285 1870 339 CLEM
1880 284 2089 338 BNTIS
2128 283 2422 340 ALEXAN
2431 287 2629 340 DRINI

3743 287 3847 342 192

407 407 557 478 facie
586 406 702 474 eius
726 407 970 474 cognitio
1003 410 1056 462 et
1105 407 1483 476 intelligentia
1524 409 1590 462 “.
1651 409 1955 479 Quousque,
1985 408 2078 478 pi—

2194 406 2330 462 σιὰν.
2366 407 2425 461 Τί
2456 429 2540 462 σοι
2589 407 2784 486 σοφίας
2833 406 3159 483 ἀναγγέλλω
3221 409 3512 484 μυστήρια,
3546 408 3636 464 καὶ
3665 409 3850 485 ῥήσεις

409 511 528 566 ger,
552 496 725 566 jaces,
757 497 974 565 quando
1030 505 1212 550 autem
1263 513 1332 552 ex
1376 514 1566 553 somno
1622 497 1954 554 excitaberis
1984 497 2028 531 ‘7
2060 496 2087 552 ‘P

412 588 503 641 sin
531 588 712 640 autem
743 585 920 654 fueris
940 584 1215 658 impiger,
1251 589 1428 642 veniet
1450 597 1722 660 tanquam
1744 589 1868 656 fons
1893 587 2088 641 messis

413 683 509 730 tua
521 675 586 743 ⁴⁸,
611 673 863 728 Verbum
888 679 1226 744 paternum,
1249 683 1312 746 ιι(
1336 677 1508 733 bonus
1531 677 1790 750 lychnus,
1817 676 2088 732 Dominus

417 766 513 835 qui
551 762 766 817 inducit
817 763 1024 833 lucem,
1084 765 1247 833 ﬁdem
1304 767 1583 834 omnibus,
1639 770 1689 823 et
1745 766 1989 822 salutem
2018 765 2084 834 ⁸ο,

413 853 678 908 Dominus
711 853 872 907 enim
903 855 1003 924 qui
1025 853 1160 927 fecit
1185 863 1390 911 terram
1424 858 1483 911 in
1514 856 1724 912 virtute
1751 873 1876 922 sua,
1909 859 1976 910 ut
2005 855 2090 909 ait

411 941 697 998 Jeremias
727 942 792 1009 ⁵ο,
838 945 1019 998 erexit
1077 944 1261 1000 orbem
1307 951 1469 1001 terra
1513 945 1576 1001 in
1635 945 1913 1015 sapientia
1961 962 2084 1003 sua.

412 1031 649 1085 Etenim
681 1047 812 1098 nos,
847 1031 948 1102 qui
986 1031 1059 1087 ad
1111 1033 1434 1090 simulacra
1478 1035 1951 1106 procideramus,
1986 1035 2086 1090 Sa-

411 1121 656 1190 pientia,
692 1138 823 1192 quas
856 1121 984 1193 ejus
1016 1128 1106 1177 est
1131 1123 1398 1192 verbum,
1424 1126 1598 1197 erigit
1621 1125 1696 1180 ad
1733 1125 2039 1180 veritatem
2071 1149 2084 1187 τ

414 1227 545 1281 quas
576 1210 771 1283 prima
801 1215 889 1266 est
920 1227 954 1266 a
985 1212 1156 1284 lapsu
1189 1215 1566 1269 resurrectio.
1603 1216 1772 1279 Hinc,
1805 1220 1870 1269 ut
1912 1231 2023 1268 nos
2054 1230 2088 1268 a

415 1302 578 1357 cultu
603 1303 1058 1358 simulacrorum
1082 1305 1323 1376 penitus
1348 1310 1656 1374 averteret,
1682 1305 2086 1378 pulcherrime

413 1391 690 1447 clamavit
717 1394 942 1463 Moyses
970 1409 984 1447 :
1018 1394 1180 1459 Audi,
1207 1395 1414 1450 Israel:
1466 1397 1736 1451 Dominus
1767 1397 1906 1452 Deus
1935 1404 2062 1450 tuus

411 1482 552 1536 Deus
600 1498 746 1536 unus
793 1490 874 1537 est
904 1483 968 1538 δι.
1002 1485 1068 1538 Et
1099 1483 1398 1540 Dominum
1457 1485 1633 1540 Deum
1683 1488 1841 1540 tuum
1891 1465 2086 1540 adora:

413 1570 516 1639 bis,
545 1578 601 1626 et
625 1571 680 1626 ei
705 1570 812 1626 soli
840 1573 1044 1628 servies
1075 1573 1141 1628 ⁵³.
1170 1574 1458 1638 Quocirca
1491 1573 1734 1630 tandem
1763 1573 2086 1646 aliquando

412 1658 747 1731 intelligite,
769 1660 1068 1727 homines,
1083 1679 1117 1716 a
1140 1663 1379 1730 Davide,
1398 1664 1575 1719 beato
1594 1663 1697 1718 illo
1718 1664 2085 1734 psalmorum

2197 492 2257 548 ἐκ
2313 492 2511 558 παιδὸς
2571 492 2830 572 Ἐϐραίου
2907 497 3346 574 σεσοφισμένου;
3406 496 3614 571 (Κύριος
3678 493 3852 553 ἔκτισέ

2199 604 2266 656 με
2315 583 2495 660 ἀρχὴν
2553 583 2693 640 ὁδῶν
2753 583 2916 640 αὐτοῦ
2975 586 3052 646 εἰς
3093 583 3226 660 ἔργα
3265 587 3456 643 αὐτοῦ.
3510 587 3630 656 Καὶ,
3661 589 3852 665 Κύριος

2199 671 2388 728 δίδωσι
2451 675 2684 753 σοφίαν,
2743 675 2833 729 καὶ
2906 676 3012 730 ἀπὸ
3069 675 3369 751 προσώπου
3427 676 3598 731 αὐτοῦ
3653 682 3848 752 γνῶσις

2197 761 2286 816 καὶ
2342 764 2571 828 σύνεσις.
2631 767 2778 827 Ἕως
2833 767 2966 820 πότε
3017 767 3154 838 (54),
3216 764 3432 837 ὁκνηρὶ,
3494 763 3850 836 κατάκεισαις

2196 849 2329 906 πότε
2386 849 2444 907 δὲ
2501 852 2552 924 ἐξ
2610 853 2779 907 ὕπνου
2837 851 3104 930 ἐγερθήσῃ
3151 873 3165 922 ;
3224 855 3348 910 Ἐὰν
3401 850 3459 908 δὲ
3517 854 3709 916 ἄοκνος
3765 857 3852 928 ᾗς,

2195 939 2311 1011 ἥξει
2345 963 2428 996 σοι
2484 941 2665 1014 ὥσπερ
2714 943 2865 1016 πηγὴ
2921 943 2949 996 6
3001 941 3216 1015 ἀμητός
3265 963 3384 1011 σου,
3418 943 3446 997 6
3480 943 3658 1019 Αόγος
3690 946 3717 998 6
3749 965 3851 998 πα-

2195 1029 2423 1104 τρικὸς,
2484 1031 2512 1084 6
2569 1031 2770 1106 ἀγαθὸς
2828 1029 3031 1105 κόχνος
3096 1033 3232 1104 (55),
3295 1032 3323 1086 6
3378 1029 3580 1106 Κύριος
3639 1031 3853 1108 ἐπᾶγων

2195 1120 2257 1174 τὸ
2315 1125 2453 1198 φῶς,
2503 1123 2602 1190 τὴν
2649 1120 2831 1175 πίστιν
2899 1127 3029 1176 πᾶσι
3065 1167 3080 1193 ,
3141 1122 3233 1176 καὶ
3292 1121 3593 1195 σωτηρίαν.
3653 1122 3851 1197 Κύριος

2193 1210 2335 1284 γὰρ,
2396 1211 2424 1265 6
2481 1213 2717 1280 ποιήσας
2763 1211 2862 1279 τήν
2921 1217 3022 1285 γῆν
3077 1209 3129 1265 ἐν
3184 1212 3256 1282 τῇ
3309 1210 3467 1286 ἰσχύϊ
3528 1211 3715 1279 αὐτοῦ,
3775 1211 3850 1276 ὥς

2195 1318 2359 1372 φησιν
2418 1299 2722 1372 Ἱερεμίσς,
2781 1298 3072 1374 ἀνώρθωσε
3125 1300 3226 1368 τὴν
3287 1299 3613 1373 οἰκουμένην
3672 1299 3726 1355 ἐν
3783 1306 3850 1376 τῇ

2195 1388 2358 1465 σοφίᾳ
2388 1387 2574 1443 αὐτοῦ·
2631 1389 3001 1464 προπεσόντας
3046 1389 3148 1464 γὰρ
3195 1391 3346 1462 ἡμᾶς
3383 1388 3472 1445 ἐπὶ
3527 1390 3594 1445 τὰ
3626 1388 3851 1464 εἴδωλα,

2194 1480 2229 1547 ἡ
2263 1479 2455 1556 φοφία,
2504 1477 2540 1548 ἥ
2592 1477 2732 1533 ἐστιν
2779 1478 2806 1532 6
2856 1479 3031 1552 Λόγος
3095 1479 3280 1548 αὐτοῦ,
3337 1479 3562 1555 ἆνορθοῖ
3601 1478 3688 1535 ἐπὶ
3749 1483 3847 1551 τὴν

2193 1566 2477 1639 ἀλήθειαν·
2526 1568 2616 1622 καὶ
2666 1567 2799 1639 αὕτη
2832 1569 3023 1642 πρώτη
3073 1573 3169 1623 τοῦ
3222 1571 3672 1643 παραπτώματος
3725 1569 3856 1626 ἀνά-

2193 1679 2401 1721 στασις.
2453 1660 2615 1722 ’Όθεν
2671 1657 2995 1734 ἀποτρέπων
3055 1655 3519 1733 εἰδωλολατρείας
3575 1660 3849 1730 ἁπάσηςὸ

411 1754 672 1816 auctore,
707 1748 1021 1816 admoniti,
1045 1752 1448 1821 apprehendite
1473 1752 1850 1823 disciplinam,
1882 1769 1952 1809 ne
1971 1754 2076 1808 ali.

2195 1746 2476 1812 θεσπέσιος
2529 1746 2824 1820 παγκάλως
2883 1746 3211 1822 ἀνακὲκραγε
3266 1749 3512 1816 Μωϋσῆς
3542 1790 3555 1804 .
3614 1751 3856 1819 Ἄκουε,

409 1837 635 1909 quando
667 1839 950 1893 irascatur
997 1840 1283 1906 Dominus,
1315 1845 1366 1896 et
1413 1843 1662 1912 pereatis
1687 1841 1754 1897 de
1785 1844 1883 1898 via
1900 1843 2078 1913 justa,

411 1925 629 1998 quando
658 1928 937 1982 exarserit
971 1929 1234 1984 velociter
1285 1934 1447 2000 furor
1490 1931 1624 1998 eius.
1678 1932 1844 1987 Beati
1899 1947 2084 1988 omnes

411 2014 510 2087 qui
539 2015 822 2085 conﬁdunt
852 2018 911 2072 in
946 2017 1066 2090 ipso
1092 2019 1156 2072 ⁸³.
1190 2021 1318 2074 tam
1351 2037 1486 2075 vero
1520 2021 1804 2093 singulari
1837 2038 1946 2076 nos
1977 2021 2082 2076 mi-

414 2103 744 2160 sericordia
801 2107 1204 2179 complectens
1257 2110 1562 2178 Dominus,
1618 2110 1876 2166 salutare
1908 2111 2081 2166 nobis

415 2195 744 2263 canticum,
777 2197 948 2266 quasi
1007 2198 1216 2254 modos
1247 2198 1319 2254 ad
1355 2216 1503 2270 quos
1536 2200 1744 2272 prmlia
1774 2201 2080 2268 ineuntur,

415 2283 618 2339 dedit:
649 2284 791 2340 Filii
817 2285 1130 2352 hominum,
1160 2304 1437 2360 usquequo
1467 2289 1628 2360 gravi
1674 2291 1832 2345 eritis
1869 2289 2030 2345 corde
2049 2290 2084 2344 ?

419 2374 522 2430 24
554 2374 732 2442 Quare
779 2375 1019 2444 diligitis
1071 2379 1400 2445 vanitatem,
1440 2382 1492 2433 et
1547 2379 1805 2450 quatritis
1852 2379 2083 2434 menda-

418 2463 567 2518 cium
597 2463 643 2498 “
671 2463 699 2519 ?
727 2465 1011 2529 Quasnam
1043 2465 1222 2538 igitur
1254 2483 1323 2524 ea
1355 2469 1598 2537 vanitas,
1651 2468 1953 2540 quodnam
1993 2473 2086 2523 est

421 2551 817 2608 mendacium?
846 2552 911 2607 Id
943 2553 1048 2608 tibi
1082 2561 1336 2627 exponet
1375 2562 1614 2612 sanctus
1661 2557 1894 2612 Domini
1925 2559 2079 2629 Apo-

421 2639 629 2707 stolus,
664 2657 780 2712 quo
828 2640 958 2698 loco
1009 2645 1239 2699 Graecos
1289 2645 1695 2716 reprehendit,
1752 2645 1902 2715 Quod
1959 2662 2084 2701 cum

418 2729 589 2785 Deum
619 2733 1012 2801 cognovissent,
1043 2749 1158 2789 non
1204 2736 1345 2790 sicut
1397 2740 1572 2790 Deum
1615 2736 2079 2807 glorificaverunt,

416 2834 592 2890 neque
620 2820 839 2888 gratias
871 2822 925 2876 ei
953 2826 1228 2892 egerunt;
1261 2824 1352 2879 sed
1372 2824 1506 2880 vani
1524 2827 1667 2896 facti
1693 2830 1820 2881 sunt
1846 2825 1905 2880 in
1935 2827 2085 2897 cogi-

420 2912 725 2966 tationibus
753 2913 891 2976 suis,
914 2916 969 2966 et
997 2918 1355 2968 mutaverunt
1375 2915 1614 2982 gloriam
1643 2914 2084 2986 incorruptibilis

423 3003 527 3056 Dei
556 3001 618 3056 in
645 3003 1078 3059 similitudinem
1108 3004 1378 3075 imaginis
1415 3005 1798 3076 corruptibilis
1825 3007 2081 3061 hominis.

2185 1837 2430 1908 Ἰσόαήλ·
2491 1835 2696 1911 Κύριος
2754 1837 2782 1891 6
2829 1836 2961 1899 Θεός
3005 1839 3112 1910 (56)
3165 1857 3283 1908 σου,
3340 1837 3545 1910 Κύριος
3601 1837 3675 1900 εἷς
3727 1837 3854 1892 ἐστι·

2185 1929 2274 1984 καὶ
2309 1972 2324 2000 ,
2383 1927 2584 2004 Κύριον
2656 1929 2750 1983 τὸν
2835 1928 2963 1984 Θεόν
3035 1949 3130 1984 σου
3207 1931 3644 2002 προσκυνήσεις,
3705 1928 3855 2002 αὐτῷ

2187 2019 2340 2092 μόνῳ
2371 2014 2707 2094 λατρεύσεις.
2771 2021 2881 2072 Νῦν
2943 2015 3008 2086 δὴ
3071 2017 3162 2071 οῦν
3222 2015 3848 2094 σ·3νετε,ὧᾶ’νθρωποι,

2183 2107 2320 2163 κατὰ
2373 2107 2464 2162 τὸν
2519 2105 2784 2181 μακάριον
2843 2103 3152 2182 ψαλμῳδὸν
3221 2106 3422 2162 ἐκεῖνον
3481 2107 3573 2162 τὸν
3635 2102 3804 2161 Δαϐίδ
3837 2125 3852 2140 ·

2185 2195 2444 2274 δράξασθε
2499 2196 2795 2268 παιδείας,
2858 2199 3075 2272 μήποτε
3132 2196 3364 2273 ὀργισθῇ
3442 2197 3693 2274 Κύριος,
3752 2197 3842 2252 καὶ

2183 2286 2480 2352 ἀπολεῖσθε
2534 2287 2585 2359 ἐξ
2666 2285 2797 2343 ὁδοῦ
2851 2284 3062 2350 δικαίας
3096 2333 3111 2358 ,
3191 2288 3270 2342 ὅτ’
3346 2285 3406 2342 ἂν
3467 2285 3707 2360 ἐκκαυθῇ
3800 2287 3850 2342 ἐν

2180 2375 2341 2452 τᾶχει
2402 2377 2431 2432 6
2487 2377 2660 2448 Θυμὸς
2715 2375 2920 2431 αὐτοῦ·
2986 2377 3243 2451 μακάριοι
3302 2377 3496 2438 πάντες
3551 2377 3602 2431 οἱ
3651 2396 3858 2431 πεποι-

2185 2467 2337 2529 θότες
2385 2465 2468 2522 ἐπ’
2529 2465 2721 2538 αὐτῷ.
2782 2462 2922 2534 Ἤδη
2981 2463 3060 2534 δὲ,
3127 2464 3549 2540 ὗπεροικτείρων
3608 2467 3764 2536 ἡμᾶς
3828 2465 3853 2519 6

2185 2555 2407 2630 Κύριος,
2436 2556 2498 2610 τὸ
2530 2557 2807 2626 σωτήριον
2831 2551 3078 2610 ἐνδίδωσι
3115 2553 3308 2626 μέλος,
3361 2553 3477 2609 οἷον
3512 2548 3851 2630 ἐμϐατήριον

2187 2644 2417 2722 ῥυθμόν.
2486 2645 2604 2699 Υἱοὶ
2661 2645 2962 2718 ἀνθρώπων
3003 2687 3016 2712 ,
3096 2639 3202 2706 ἕως
3255 2643 3386 2698 πότε
3438 2640 3849 2719 βαρυκὰρδιοι;

2185 2736 2300 2791 Ἵνα
2354 2733 2408 2789 τί
2457 2733 2698 2808 ἀγαπᾶτε
2759 2732 3122 2806 ματαιότητα,
3171 2733 3262 2788 καὶ
3324 2737 3537 2802 ζητεῖτε
3591 2729 3843 2805 ψεῦδοςς

2183 2824 2274 2887 Τίς
2306 2824 2396 2879 οῦν
2452 2825 2486 2892 ἡ
2547 2823 2870 2896 ματαιότης,
2927 2821 3018 2877 καὶ
3075 2820 3128 2876 τί
3181 2822 3244 2876 τὸ
3302 2818 3640 2895 ψεῦδος;¹0
3693 2823 3850 2895 ἅγιος

2185 2911 2522 2975 Ἀπόστολος
2569 2916 2665 2966 τοῦ
2723 2911 2949 2985 Κυρίου,
2979 2910 3109 2974 τοὺς
3159 2909 3441 2980 ’Έλληνας
3491 2909 3848 2981 αἰτιώμενος,

2186 3001 2510 3076 ἐξηγήσεταί
2573 3023 2700 3072 σοι,
2767 3001 2896 3064 ’Ὀθι
2953 2999 3171 3075 γνόντες
3225 3000 3319 3055 τὸν
3373 2999 3549 3071 Θεὸν,
3617 2997 3735 3074 οὐχ
3781 2998 3854 3062 ὡς

419 3094 472 3145 et
499 3090 807 3147 servierunt
834 3102 1111 3150 creaturae
1139 3095 1320 3164 potius
1348 3109 1514 3164 quam
1532 3096 1770 3150 creatori
1789 3095 1852 3149 ⁸⁸.
1883 3096 2082 3159 Quan-

2195 3093 2325 3148 Θεὸν
2372 3089 2647 3164 ἐδόξασαν,
2707 3089 2741 3159 ἢ
2802 3089 3258 3165 ηὐχαρίστησαν,
3317 3087 3442 3144 ἀλλ’
3501 3087 3855 3188 ἐματαιώεέηο

423 3179 744 3251 doquidem
778 3181 956 3254 igitur
1003 3182 1099 3237 hic
1148 3183 1289 3239 Deus
1341 3188 1430 3238 est
1471 3183 1521 3239 is
1553 3184 1652 3255 qui
1686 3185 1748 3240 in
1799 3183 2080 3256 principio

416 3271 550 3340 fecit
577 3270 779 3327 calum
815 3279 864 3327 et
893 3281 1100 3328 terram
1129 3273 1173 3306 “
1207 3314 1222 3340 ,
1254 3278 1317 3328 tu
1366 3277 1564 3328 autem
1597 3275 1782 3329 Deum
1829 3289 1951 3328 non
1974 3273 2081 3328 ha-

419 3359 572 3414 bens
603 3360 930 3432 cognitum,
972 3360 1170 3417 divino
1202 3362 1365 3417 cultu
1396 3367 1455 3417 et
1485 3363 1710 3418 honore
1744 3363 1957 3418 caelum
1989 3361 2081 3417 di-

417 3450 640 3518 gnaris,
674 3467 806 3520 quae
854 3456 908 3504 te
968 3451 1268 3506 excusatio
1327 3452 1398 3506 ab
1455 3451 1779 3523 impletatis
1831 3453 2081 3508 crimine

418 3536 744 3592 defendet?
766 3539 983 3593 Attend
1005 3539 1221 3594 iterum
1241 3541 1597 3612 prophetam
1615 3541 1918 3596 dicentum
1951 3558 1962 3594 :
1989 3543 2084 3596 De.

417 3627 563 3698 ﬁciet
591 3626 813 3698 quidem
842 3627 943 3693 sol,
977 3637 1027 3684 et
1067 3630 1267 3686 caelum
1313 3630 1726 3686 obscurabitur.
1777 3631 2084 3700 splendebit

418 3721 619 3771 autem
647 3717 994 3789 omnipotens
1023 3720 1081 3774 in
1114 3727 1410 3788 aeternum,
1440 3731 1494 3775 et
1515 3719 1897 3776 eoneutientur
1923 3721 2083 3776 coelo-

420 3820 549 3860 rum
578 3807 830 3873 virtutes,
865 3809 916 3863 et
944 3808 1071 3863 caeli
1117 3809 1520 3865 convolventur
1565 3818 1627 3864 ut
1677 3808 1844 3880 pellis
1872 3811 2088 3866 extensi

420 3903 471 3950 et
499 3898 771 3951 contracti
795 3897 878 3967 (et
899 3899 1059 3953 enim
1083 3898 1211 3953 haec
1245 3903 1385 3954 sunt
1413 3899 1842 3970 prophetarum
1867 3899 2082 3969 verba),

423 3987 476 4038 et
505 3987 657 4040 terra
675 3987 856 4056 fugiet
883 4004 915 4042 a
941 3988 1094 4054 facie
1123 3987 1363 4042 Domini.

2195 3203 2287 3238 σαν
2371 3179 2424 3236 ἐν
2493 3185 2608 3242 τοῖς
2681 3177 3041 3255 διαλογισμοῖ
3128 3178 3350 3249 αὐτῶν,
3425 3178 3518 3233 καὶ
3602 3175 3851 3248 ἤλλαξαν

2189 3274 2288 3342 τήν
2361 3268 2516 3342 δόξαν
2587 3268 2684 3325 τοῦ
2762 3274 2898 3325 Θεοῦ
2964 3271 3078 3342 (57)
3133 3268 3186 3324 ἐν
3246 3269 3563 3342 ὁμοιώματι
3643 3267 3853 3328 εἰκόνος

2191 3363 2432 3440 φθαρτοῦ
2517 3358 2805 3434 ἀνθρώπου
2851 3403 2865 3430 ,
2949 3359 3040 3414 καὶ
3127 3357 3452 3432 ἐλάτρευσον
3536 3362 3604 3432 τῇ
3675 3356 3856 3412 κτίσει

2190 3450 2338 3524 παρὰ
2389 3450 2482 3504 τὸν
2538 3448 2814 3504 κτίσαντα.
2875 3448 2978 3504 Καὶ
3041 3448 3148 3520 μὴν
3184 3449 3213 3502 6'
3245 3468 3310 3522 γε
3365 3447 3495 3511 Θεὸς
3552 3447 3740 3514 οὗτος,
3794 3447 3850 3507 ’ὀς

2193 3537 2244 3592 ἐν
2293 3537 2441 3612 ἀρχῆ
2490 3535 2714 3605 ἐποίησε
2769 3535 2860 3590 τὸν
2913 3534 3139 3610 οὐρανὸν
3199 3535 3290 3590 καὶ
3347 3536 3448 3604 τήν
3510 3541 3633 3611 γῆν.
3661 3533 3746 3590 Σὺ
3804 3530 3859 3589 δὲ

2190 3626 2281 3682 τὸν
2347 3626 2441 3698 μὶν
2503 3626 2629 3680 Θεὸν
2665 3623 2725 3680 οὐ
2769 3629 2939 3692 νοεῖς,
2981 3625 3071 3678 τὸν
3119 3621 3176 3679 δὲ
3224 3623 3446 3700 οὐρανὸν
3497 3629 3850 3698 προσκυνεῖς,

2192 3717 2282 3772 καὶ
2313 3720 2428 3777 πῶς
2466 3714 2566 3770 οὐκ
2593 3709 2805 3776 ἀσεϐεῖς
2833 3734 2847 3783 ;
2877 3715 3078 3769 νΑιιουε
3108 3712 3273 3768 πάλιν
3318 3716 3607 3790 προφήτου
3657 3711 3855 3789 λὲγον-

2191 3826 2306 3869 τος·
2366 3803 2642 3879 Ἐκλείψει
2701 3807 2814 3878 (58)
2868 3805 2961 3878 μὲν
3022 3805 3051 3858 ὁ
3104 3803 3268 3873 ἣλιος
3303 3847 3316 3870 ,
3379 3803 3470 3858 καὶ
3529 3803 3557 3857 6
3617 3804 3854 3880 οὐρανὸς

2195 3896 2674 3966 σκοτισθήσεται·
2758 3894 2964 3967 Λάμψει
3050 3889 3108 3947 δὲ
3192 3893 3220 3947 6
3301 3892 3697 3967 παντοκράτωρ
3783 3891 3856 3953 εἰς

2192 3987 2286 4042 τὸν
2344 3984 2551 4054 αἰῶνα,
2626 3983 2716 4038 καὶ
2775 3983 2830 4038 αἱ
2890 3980 3146 4056 δυνάμεις
3191 3986 3302 4037 τῶν
3359 3981 3604 4056 οὐρανῶν
3662 3979 3859 4036 σαλευ-

423 4073 703 4146 θήσονται,
734 4073 824 4129 καὶ
857 4076 907 4129 οἱ
941 4074 1159 4151 οὐρανοὶ
1197 4076 1575 4151 εἱλιγήσονται
1632 4077 1706 4140 ὡς
1759 4073 1937 4155 δέῤῥις
1997 4076 2360 4152 ἐκτεινόμενοι
2419 4075 2510 4130 καὶ
2563 4070 2987 4148 συστελλόμενοι
3049 4071 3372 4146 (αὗταιγὰρ
3429 4072 3482 4126 αἱ
3515 4070 3859 4148 προφητικαί

422 4161 643 4239 φωναί)·
677 4162 766 4218 καὶ
798 4165 832 4234 ἡ
865 4170 935 4239 γῆ
969 4163 1218 4244 φεῦσεται
1251 4165 1356 4220 ἀπὸ
1385 4167 1681 4241 προσώποτ
1715 4166 1944 4242 Κυρίου.

1951 4330 2185 4385 CAPUT
2222 4330 2315 4383 IX.

924 4437 1177 4492 Graviter
1205 4435 1334 4492 illos
1360 4452 1610 4508 peccare,
1641 4438 1739 4508 qui
1769 4437 2062 4508 benignam
2091 4437 2192 4492 Dei
2219 4436 2555 4492 vocationem
2583 4435 2872 4506 spernunt,
2904 4435 3001 4487 aut
3037 4429 3352 4502 negligant.

496 4560 739 4615 Possem
772 4563 950 4616 etiam
983 4563 1131 4618 alias
1165 4563 1272 4617 tibi
1307 4563 1640 4633 Scripturas
1671 4563 1884 4617 aﬂ‘erre
1929 4577 2082 4633 pene

2268 4559 2367 4614 Καὶ
2404 4558 2600 4632 μυρίας
2633 4555 2692 4611 ἃν
2734 4555 2926 4631 ἔχοιμί
2982 4575 3067 4609 σοι
3125 4554 3340 4632 Γραφὰς
3386 4551 3742 4630 παραφέρειν,
3777 4555 3851 4609 ὧν

425 4647 915 4716 innumerabiles,
941 4667 1192 4721 quarum
1229 4667 1301 4704 ne
1333 4667 1475 4721 apere
1503 4651 1725 4722 quidem
1764 4667 1910 4706 unus
1939 4667 2081 4722 pre-

420 4735 760 4809 teribit".",
778 4739 878 4810 qui
896 4755 1014 4794 non
1031 4739 1554 4810 perﬁciatur.Spiri
1565 4745 1655 4794 tus
1670 4740 1828 4795 enim
1843 4747 2083 4796 sanctus

492 4904 555 4968 »Ρ
586 4906 652 4960 Ρ.
687 4905 757 4959 68
803 4907 894 4960 ED
955 4908 1249 4971 POTTER,
1301 4907 1480 4960 52-53
1530 4907 1643 4962 ΕΙ).
1697 4908 1921 4964 PARlS.
1970 4910 2014 4946 “
2064 4910 2082 4962 l

2193 4925 2230 4962 ι.
2265 4923 2324 4972 ιι,
2376 4909 2426 4960 6.
2477 4905 2521 4940 ‘7
2574 4906 2740 4958 Prov.
2797 4920 2870 4970 Vl,
2929 4907 2980 4957 9.

2197 4645 2326 4704 οὐδὲ
2381 4645 2580 4724 περαία
2634 4644 3021 4720 παρελεύσεται
3086 4644 3219 4716 μία,
3275 4644 3349 4716 μή
3408 4641 3542 4716 πύχῖ
3598 4640 3859 4711 ἐπιτελής

2198 4737 2496 4814 γενομένη.
2529 4735 2594 4791 τὸ
2642 4736 2746 4810 γὰρ
2796 4732 2973 4806 στόμα
3026 4732 3250 4808 Κυρίου,
3291 4731 3354 4787 τὸ
3402 4731 3550 4807 ἅγιον
3602 4736 3855 4806 Πνεῦμα·

3040 4903 3083 4937 ⁸⁸
3140 4901 3286 4956 lbid.
3348 4901 3435 4956 Η.
3495 4901 3541 4935 ⁴⁹
3596 4897 3726 4952 Ibid
3783 4901 3847 4952 21

419 4977 466 5010 ⁴⁰
491 4977 606 5031 Jer.
640 4993 696 5039 χ,
745 4977 829 5031 12.
881 4978 923 5013 δι
958 4979 1127 5033 Deut.
1182 4995 1255 5045 γι,
1290 4980 1340 5031 li.
1405 4977 1618 5034 “Ibid.
1682 4982 1782 5047 l3;
1843 4999 1898 5048 x,
1958 4983 2048 5034 20.

2201 4977 2355 5032 Psal.
2419 4993 2479 5048 ιι,
2535 4979 2620 5044 12,
2677 4978 2762 5032 13.
2813 4976 2858 5010 ⁸⁴
2913 4974 3068 5030 Psal.
3128 4991 3202 5043 ιν,
3246 4974 3300 5028 3.
3355 4973 3400 5007 ⁵⁸
3458 4975 3626 5027 Rom.
3685 4987 3722 5036 ι,
3781 4974 3844 5025 21

415 5049 512 5115 23,
535 5051 623 5102 25.
657 5049 700 5083 ⁸⁸
733 5049 873 5103 Gen.
901 5067 937 5116 ι,
968 5050 1018 5104 l.
1052 5050 1116 5104 ⁸⁷.
1145 5050 1188 5087 ⁸³
1221 5049 1422 5105 Matth.
1457 5068 1510 5115 v,
1546 5053 1649 5118 18;
1686 5052 1823 5107 Luc.
1855 5068 1972 5120 IYI,
2017 5055 2101 5105 17.

492 5221 604 5292 (54)
633 5222 779 5282 Ἕως
807 5217 959 5275 πότε.
993 5220 1138 5280 Ἐως
1187 5218 1334 5281 τινός
1368 5221 1519 5277 Bibl.
1569 5223 1751 5276 (ἔπαθε.
1809 5223 1958 5288 Mox,
1993 5239 2079 5273 σοι

421 5300 554 5364 post
583 5292 698 5362 ἥξει
740 5292 1042 5364 omittunt.

494 5367 608 5434 (55)
636 5361 699 5421 Ὁ
733 5362 930 5435 ἀγαθὸς
964 5361 1016 5419 λ.
1052 5365 1282 5420 Similia
1311 5369 1631 5435 occurrunt
1679 5366 1845 5418 Prov.
1881 5381 1952 5435 vi,
1989 5366 2077 5435 29,

420 5429 510 5500 22,
544 5429 610 5490 33
647 5454 659 5490 :
692 5429 802 5508 Υἱῖ,
837 5433 1070 5508 φύλαξον
1106 5437 1309 5506 νόμους
1345 5433 1555 5508 ,πατρός
1607 5454 1724 5490 σου.
1755 5455 1779 5508 ς.
1805 5433 1966 5502 ἡνίκα

420 5510 722 5581 περιπατῇς
763 5491 1213 5581 εποίείουῖαὐτὴν,
1270 5506 1360 5561 καὶ
1409 5491 1542 5581 μετὰ
1598 5509 1696 5558 συῦ
1753 5501 2074 5581 ἕστωηιιὸτι

422 5573 628 5653 λύχνος
653 5573 1074 5653 ἐντολὴίνόμου
1123 5573 1213 5634 καὶ
1246 5582 1382 5653 φῶςο
1410 5573 1742 5653 ’ὁδὸς-ζωῆς,
1797 5578 1884 5653 καί
1923 5573 2074 5653 ἔλεγ⁶

424 5647 545 5724 χοξ,
576 5652 666 5704 καὶ
697 5647 932 5711 παιδεία.
967 5647 1064 5722 Ea,
1090 5671 1221 5724 quas
1253 5647 1801 5721 scripsitClemens,
1830 5650 1878 5704 si
1901 5647 2077 5705 verba

423 5725 724 5795 respicias,
757 5727 977 5783 frustra
1007 5728 1369 5797 quasrentur.

2262 5218 2374 5289 (56)
2423 5217 2618 5292 Κύριος
2649 5217 2676 5270 6
2735 5222 2794 5273 Θ.
2857 5214 3289 5292 Κύριος-ὸηΘεὸς
3335 5217 3429 5268 σοῦ
3491 5213 3686 5292 lippum
3721 5213 3842 5292 ,εἷς

2191 5279 2299 5343 ἐστι
2334 5279 2470 5345 Nov.
2503 5279 2521 5357 ’;
2550 5292 2710 5361 ἡμῶν
2759 5307 2864 5362 pro
2893 5279 3020 5362 ads,
3050 5287 3207 5362 Bibl.
3254 5290 3432 5342 Grave.
3493 5279 3642 5354 Mox,
3676 5279 3843 5362 φοϐη-

2188 5363 2328 5430 θήση
2362 5379 2465 5432 pro
2497 5359 2914 5432 προσκυνήσεις.
2941 5359 3088 5414 Bibl.
3124 5359 3304 5414 Graec.

2262 5429 2378 5504 (57)—
2400 5429 2700 5508 Τοῦαθεοῦ.
2723 5429 2829 5508 Τοῦ
2843 5431 3130 5508 ,ἄφθαρτον
3163 5433 3317 5484 Θεοῦ.
3353 5429 3712 5508 Biberraac‘.

2257 5499 2368 5572 (58}
2424 5503 2734 5577 Ἐκλείψει.
2790 5499 3156 5577 Ηίεέἰιῑιίιίο
3205 5507 3527 5577 occurrunt
3566 5499 3729 5577 psal:
3765 5515 3842 5577 ⁸(ξι

2188 5571 2296 5654 ,εἶδέ
2358 5579 2467 5632 Isa.
2528 5571 2791 5654 xui,10;
2841 5576 3052 5654 _Ezecb,
3103 5590 3282 5654 χχχιι,
3344 5571 3630 5654 7;._Joel;‘
3655 5588 3716 5636 ιι,
3757 5571 3842 5634 10,

2186 5652 2287 5715 31;
2324 5666 2409 5722 ιιι,
2448 5653 2532 5706 15.
2575 5643 2710 5722 Ipsa
2739 5643 2934 5716 verba,
2967 5652 3140 5718 prout
3190 5663 3261 5702 ea
3309 5644 3519 5704 recitat
3571 5643 3847 5699 Clemens

2185 5721 2455 5776 nondum
2478 5721 2699 5780 inveni.
