4124 6390
255 423 350 478 201
1517 414 1979 473 OOHORTATIO
2017 415 2115 469 AD
2154 415 2459 473 GENTBS.
3600 421 3711 475 202

264 545 524 612 redacta,
554 560 756 600 unum
788 546 1155 598 concentum
1184 541 1385 611 efﬁcit,
1411 540 1808 611 eumdemque
1831 538 1998 595 chori
2018 538 2232 595 ducem
2255 541 2680 614 etmagistrum
2704 541 2998 614 sequitur,
3027 546 3085 598 et
3103 542 3165 597 in
3188 542 3399 598 eadem
3438 544 3710 616 requies-

261 653 398 694 cens
423 635 701 701 veritate,
736 631 879 689 dicit
907 632 1084 701 Abba,
1106 636 1267 704 pater
1294 631 1359 686 ⁸9.
1402 632 1565 686 Hanc
1623 631 1779 685 Deus
1835 644 2180 701 germanam
2236 629 2497 686 ﬁliorum
2556 648 2802 687 suorum
2852 648 3083 701 vocem,
3135 649 3315 704 quam
3364 633 3625 705 primam
3656 632 3711 688 ei

264 728 476 782 offerre
502 723 727 792 solent,
760 721 1169 794 amplectitur.

1833 809 2065 864 CAPUT
2101 812 2168 865 Χ.

265 902 615 978 Respondeas
645 904 949 978 objectioni
969 902 1305 978 Gentilium,
1337 916 1451 978 qua
1480 900 1638 978 nefas
1666 913 1780 978 esse
1808 898 2033 978 aiebant
2060 916 2269 978 morem
2297 900 2846 978 patriumdeserere,
2876 916 2936 957 eo
2968 900 3277 973 impensius
3326 901 3594 959 hortatur
3634 903 3712 959 il-

958 974 1045 1033 los
1072 973 1143 1030 ad
1170 969 1460 1030 veritatem
1488 969 1948 1043 amplectendam,
1979 987 2090 1042 qua
2138 973 2204 1028 ab
2236 969 2518 1028 erroribus
2548 973 2673 1028 istis
2713 972 3038 1029 liberentur.

347 1070 513 1128 Ἀλλ’
545 1070 608 1126 ἐκ
636 1067 893 1147 πατέρων
948 1073 1084 1147 (95),
1134 1070 1286 1149 φατὲ,
1336 1065 1775 1145 παραδεδομένον
1803 1068 1940 1139 ἡμῖν

2128 1072 2201 1125 At
2226 1088 2385 1139 vero,
2420 1071 2689 1143 inquitis,
2723 1076 2985 1127 evertere
3017 1071 3483 1129 consuetudines
3519 1089 3554 1127 a
3583 1089 3711 1129 ma-

263 1158 387 1225 ἔθος
420 1162 751 1238 ἀνατρέπειν
786 1162 893 1217 οὐκ
922 1158 1175 1238 εὔλογον.
1200 1158 1298 1214 Καὶ
1320 1157 1373 1213 τί
1397 1156 1466 1227 δὴ
1500 1157 1628 1233 οὐχὶ
1659 1155 1729 1231 τῇ
1751 1155 1940 1231 πρώτῃ

2058 1158 2282 1230 ioribus
2314 1160 2487 1216 nobis
2521 1160 2791 1231 traditas,
2835 1161 3055 1217 rationi
3118 1161 3366 1217 minime
3396 1156 3714 1218 consenta-

264 1255 447 1331 τροφῇ
495 1255 582 1323 τῷ
621 1249 860 1327 γάλακτι
910 1251 1199 1326 χρώμεθα,
1250 1249 1296 1321 ᾧ
1337 1244 1608 1319 δήπουθεν
1644 1245 1940 1301 συνείθισαν

2058 1264 2235 1304 neum
2267 1252 2374 1304 est.
2409 1249 2665 1305 Proinde
2725 1266 2831 1305 cur
2887 1267 3009 1305 non
3068 1250 3218 1305 lacte
3254 1251 3435 1306 etiam
3466 1251 3714 1320 utimur,

264 1345 416 1415 ἡμᾶς
443 1340 509 1396 ἐκ
536 1347 768 1416 γενετῆς
799 1341 856 1395 αἱ
885 1339 1063 1396 τιτθαί
1090 1358 1105 1410 ;
1138 1338 1206 1396 Τί
1240 1334 1327 1392 δαὶ
1353 1335 1646 1410 αόξάνομεν
1679 1336 1715 1405 ἢ
1752 1338 1940 1408 μειοῦ-

2058 1341 2329 1410 tanquam
2370 1339 2563 1411 primo
2622 1338 2934 1408 alimento,
2992 1340 3086 1395 cui
3144 1338 3409 1395 nutrices
3468 1347 3709 1409 nostra),

269 1453 365 1505 μεν
395 1431 504 1499 τὴν
536 1430 801 1503 πατρῴαν
859 1428 1069 1499 οὐσίαν,
1100 1427 1191 1483 καὶ
1245 1426 1373 1502 οὐχὶ
1424 1426 1523 1494 τὴν
1561 1423 1705 1498 ἴσην,
1736 1423 1810 1485 ὡς
1840 1444 1942 1479 πα-

266 1519 649 1599 ρειλήφαμεν,
682 1517 1125 1598 διαφυλάττομεν
1156 1517 1258 1587 ;Τί
1315 1512 1403 1571 δαὶ
1449 1513 1629 1571 οὐκέτι
1658 1518 1777 1577 τοῖς
1805 1511 1944 1570 κόλ-

264 1633 391 1674 ποις
425 1613 547 1685 (96)
609 1614 731 1672 τοῖς
782 1609 1064 1685 πατρῴοις
1118 1600 1590 1679 ἐναποὸλύζομεν,
1648 1602 1684 1673 ἢ
1739 1604 1829 1658 καὶ
1877 1601 1946 1657 τὰ

263 1699 436 1771 ἄλλα,
470 1701 508 1754 ἅ
535 1700 903 1770 νηπιάζοντες
942 1698 1048 1753 ὑπὸ
1100 1697 1364 1771 μητράσιν
1421 1715 1481 1750 τε
1531 1692 1944 1771 ἐκτρεφὸμενοι,

261 1788 489 1868 γέλωτα
551 1787 843 1865 ὤφλομεν,
902 1785 1264 1859 ἐπιτελοῦμεν
1319 1780 1395 1839 ἔτι
1443 1785 1574 1858 (97)'
1623 1781 1772 1839 ἀλλά
1810 1787 1943 1858 σφᾶς

275 1879 497 1952 αὖτοὺς,
548 1878 638 1933 καὶ
699 1876 745 1933 εί
810 1878 890 1951 μὴ
944 1873 1311 1953 παιδαγωγῶν
1377 1871 1648 1949 ἐτύχομεν
1704 1871 1940 1948 ἀγαθῶν,

283 1969 796 2045 ἐπανωρθὼσαμενς
854 1966 969 2022 εἶτα
1022 1964 1110 2021 ἐπὶ
1162 1969 1272 2021 τῶν
1321 1964 1509 2020 παθῶν
1570 1963 1624 2018 αἱ
1668 1955 1941 2036 παρεκϐά-

283 2079 423 2130 σεις,
479 2056 646 2112 καίτοι
705 2055 1001 2128 ἐπιζήμιοι
1061 2055 1151 2109 καὶ
1206 2051 1529 2130 ἐπισφαλεῖς
1581 2049 1754 2123 οὖσαι,
1787 2049 1942 2124 ὅμως

282 2147 537 2223 γλυκεῖαί
584 2167 703 2208 πως
763 2144 1205 2220 προσπίπτουσιν
1256 2144 1387 2217 (98)’
1442 2139 1532 2197 ἐπὶ
1581 2137 1638 2197 δὲ
1666 2144 1763 2196 τοῦ
1797 2140 1940 2216 βίου,

280 2235 411 2312 οὖχὲ
439 2237 501 2291 τὸ
532 2232 654 2298 ἔθος
705 2232 1104 2296 καταλείποτες
1157 2232 1222 2288 τὸ
1268 2231 1510 2307 πονηρὸν
1561 2230 1652 2285 καὶ
1703 2228 1943 2303 ἐμπαθὲς

268 2326 362 2382 καί
396 2324 585 2395 ἄθεον,
617 2322 717 2380 κᾶν
775 2326 833 2378 οἱ
884 2322 1115 2399 πατέρες
1177 2320 1320 2397 χαλε
1376 2320 1669 2390 παίνωσιν,
1725 2318 1825 2374 οὐκ
1853 2318 1941 2375 ἐπὶ

2050 1428 2253 1484 statim
2274 1445 2343 1485 ac
2363 1428 2589 1484 fuimus
2613 1427 2673 1483 in
2697 1428 2893 1483 lucem
2915 1428 3199 1497 editi,nos
3221 1429 3714 1486 assuefecerunt?

2049 1519 2165 1573 Cur
2194 1535 2478 1591 augemus
2509 1523 2747 1590 patrum
2793 1518 3133 1586 facultates,
3185 1518 3279 1573 vel
3336 1519 3707 1586 minuimus;

2049 1615 2112 1679 ᾖ(
2132 1623 2243 1663 nec
2273 1608 2551 1665 eumdem
2582 1607 3035 1678 modum,quem
3065 1607 3155 1662 illi
3186 1607 3358 1663 nobis
3389 1608 3710 1679 reliquere,

2051 1696 2334 1769 deinceps
2345 1701 2630 1769 perpetuo
2643 1698 3087 1753 servamus.Cur
3096 1714 3207 1753 nec
3221 1698 3283 1752 in
3295 1698 3460 1753 sinus
3472 1700 3713 1769 patrum

2051 1786 2213 1842 cibos
2236 1792 2472 1842 nostros
2492 1787 2959 1859 regerimus,nec
2981 1786 3162 1842 etiam
3193 1786 3312 1842 alia
3342 1786 3535 1842 adhuc
3560 1786 3711 1841 faci-

2050 1892 2206 1945 mus,
2240 1875 2457 1947 quibus
2485 1875 2652 1945 olim,
2686 1891 2820 1932 cum
2851 1875 3080 1948 parvuli
3114 1892 3404 1945 essemus,
3429 1881 3488 1930 et
3515 1892 3550 1931 a
3579 1892 3711 1931 ma-

2052 1965 2241 2021 tribus
2271 1966 2591 2034 aleremur,
2626 1965 2815 2021 risum
2846 1965 3296 2037 commovimus;
3323 1965 3426 2020 sed
3447 1969 3710 2021 nosmet-

2050 2054 2231 2127 ipsos,
2263 2055 2442 2110 etiam
2490 2054 2657 2110 nullo
2707 2055 3092 2127 praecipiente
3123 2055 3427 2127 magistro,
3462 2054 3708 2127 corrigi-

2048 2160 2183 2199 mus
2202 2149 2259 2199 et
2280 2143 2889 2210 emendamus?Quod
2916 2143 2965 2199 si
2989 2145 3049 2199 in
3072 2144 3382 2200 affectibus
3406 2160 3707 2213 excessus,

2050 2234 2160 2289 etsi
2193 2234 2314 2288 sint
2343 2233 2664 2289 admodum
2712 2233 3033 2306 periculosi
3083 2240 3143 2289 et
3181 2232 3473 2301 exitiales,
3509 2240 3709 2290 tamen

2050 2323 2252 2394 aliqua
2281 2340 2388 2378 nos
2418 2323 2718 2395 voluptate
2777 2323 3087 2379 afﬁciunt:
3139 2340 3246 2378 cur
3279 2340 3400 2379 non
3433 2323 3613 2379 etiam
3644 2323 3709 2379 in

264 2418 370 2486 τὴν
403 2414 679 2486 ἀλήθειαν
720 2412 1104 2486 ἐκκλινοῦμεν,
1135 2410 1226 2466 καὶ
1255 2410 1346 2465 τὸν
1376 2403 1550 2473 ὅντως
1581 2406 1710 2464 ὄντα
1737 2411 1940 2486 πατέρα

2058 2411 2188 2480 vita,
2221 2428 2293 2467 ex
2323 2412 2433 2467 hac
2464 2410 2778 2483 ﬂagitiosa,
2810 2412 3158 2483 perturbata
3190 2412 3499 2468 affectibus
3531 2418 3711 2484 atque

266 2506 692 2579 ἐπιζητήσομεν
736 2505 871 2579 (99),
927 2504 1044 2557 οἷον
1092 2498 1437 2576 δηλητήριον
1494 2498 1779 2578 φάρμακον
1837 2500 1938 2569 τὴν

267 2598 568 2667 συνήθειαν
622 2592 1018 2667 ἂπωσάμενοι;
1067 2591 1223 2645 Τοῦτ’
1274 2588 1404 2645 αὐτὸ
1452 2589 1551 2665 γάρ
1595 2609 1682 2643 τοι
1710 2588 1773 2643 τὸ
1801 2586 1939 2643 κάλ-

266 2685 456 2741 λιστον
489 2687 609 2739 τῶν
660 2682 1105 2759 ἐγχειρουμένων
1164 2679 1308 2735 ἐστὶν
1366 2675 1646 2751 ὑποδεῖξαι
1678 2677 1829 2752 ὑμῖν,
1863 2679 1937 2741 ὡς

261 2776 368 2831 ἀπὸ
407 2775 620 2849 μανίας
648 2772 742 2828 καὶ
771 2776 871 2828 τοῦ
901 2769 1224 2848 τρισαθλίου
1275 2769 1476 2825 τούτου
1507 2763 1664 2833 ἔθους
1696 2766 1933 2841 ἐμισήθη

260 2868 297 2936 ἡ
332 2859 657 2921 θεοσέὅειαι
685 2861 745 2917 οὐ
791 2862 895 2938 γὰρ
945 2857 1004 2916 ἄν
1056 2860 1294 2934 ἐμισήθη
1345 2858 1478 2913 ποτέ
1505 2856 1542 2927 ἢ
1572 2857 1936 2932 ἀπηγοπεόθη

264 2955 478 3031 ἀγαθὸν
512 2956 805 3023 τοσοῦτον,
833 2950 896 3005 οὗ
931 2953 1116 3024 μεῖζον
1149 2949 1227 3023 (1)
1258 2944 1413 3003 οὐδὲν
1445 2945 1505 3001 ἐκ
1534 2949 1669 3002 Θεοῦ
1701 2943 1943 3021 δεδώρη-

263 3046 356 3101 ταί
386 3066 481 3101 πω
509 3047 585 3118 τῇ
614 3047 725 3099 τῶν
758 3040 1060 3116 ἀνθρώπων
1101 3039 1329 3115 γενέσει,
1379 3038 1427 3092 εἱ
1479 3038 1555 3111 μή
1607 3036 1942 3111 συναρπαζό-

273 3156 435 3209 μενοι
490 3138 576 3205 τῷ
634 3128 769 3201 ἔθει,
826 3132 945 3186 εἶτα
1026 3128 1208 3201 μέντοι
1287 3121 1645 3182 ἆποϐύσαντει
1703 3126 1771 3181 τὰ
1827 3124 1940 3181 ὦτα

276 3227 446 3297 ἡμῖν,
473 3226 590 3277 οἷον
619 3219 789 3276 *ίπποι
823 3221 896 3293 (2)
934 3216 1341 3293 σκληραύχενες
1372 3215 1782 3292 ἀφηνιάζοντες,
1813 3215 1939 3278 τοὺς

283 3312 551 3389 χαλινοὺς
590 3307 931 3377 ἐνδακόντες,
986 3306 1320 3384 ἄποφεύγετε
1372 3305 1501 3369 τοὺς
1546 3304 1770 3381 λόγους,
1802 3307 1938 3361 ἀπο-

271 3388 553 3457 σείσασθαι
591 3400 689 3474 μὲν
722 3402 797 3473 (3)
845 3396 974 3460 τοὺς
1023 3396 1292 3471 ἡνιόχους
1325 3395 1479 3467 ὑμῶν
1509 3397 1607 3449 τοῦ
1638 3388 1762 3449 ϐίου
1791 3395 1941 3468 ἡμᾶς

268 3491 697 3558 ἐπιποθοῦντες,
730 3487 820 3543 ἐπὶ
879 3483 938 3542 ’δὲ
990 3484 1118 3548 τοὺς
1170 3486 1452 3561 κρημνοὺς
1510 3490 1609 3554 τῆς
1661 3482 1937 3547 ἀπωλείας

274 3581 380 3636 ὑπὸ
412 3582 518 3642 τῆς
549 3577 744 3640 ἀνοίας
798 3574 1117 3651 φερόμενοι,
1167 3573 1329 3650 ἐναγῆ
1377 3573 1470 3629 τὸν
1505 3574 1653 3649 ἅγιον
1689 3571 1939 3647 ὑπολαμ-

272 3668 467 3726 ϐάνετε
524 3672 628 3724 τοῦ
686 3669 820 3722 Θεοῦ
875 3666 1075 3740 Λόγον.
1131 3665 1359 3721 Ἑπεται
1432 3667 1719 3739 τοιγαροῦν
1783 3664 1937 3738 ὑμῖν,

266 3759 410 3815 κατὰ
438 3759 535 3813 τὸν
576 3753 890 3832 Σοφοκλέα,
920 3755 988 3809 τὰ
1017 3751 1273 3829 ἐπίχειρα
1298 3755 1398 3823 τῆς
1424 3749 1664 3829 ἐκλογῆς

413 4028 572 4090 Νοῦς
601 4021 867 4100 φροῦδος,
919 4019 1015 4077 ὦτ’
1064 4021 1284 4097 ἀχρεῖα,
1317 4018 1598 4098 φροντίδες
1626 4021 1798 4078 κεναί.

266 4139 379 4192 Καὶ
411 4132 517 4190 οὐκ
559 4131 687 4187 ’ίστε
733 4131 811 4193 ὡς
858 4127 1061 4191 παντὸς
1114 4124 1334 4201 μᾶλλον
1382 4131 1546 4184 τοῦτο
1596 4126 1822 4205 ἀληθὲς,
1857 4129 1941 4189 ὅτι

2056 2503 2244 2574 impia
2265 2502 2701 2558 consuetudine
2718 2503 2793 2558 ad
2814 2504 3144 2575 veritatem,
3166 2504 3434 2576 patribus
3455 2504 3599 2560 licet
3618 2505 3714 2560 rin

2056 2591 2352 2665 gentibus,
2386 2591 2787 2660 deﬂectenus;
2821 2597 2879 2648 et
2914 2594 3158 2666 rejecta,
3192 2598 3477 2666 tanquam
3507 2595 3719 2650 morti—

2054 2681 2180 2736 fero
2192 2682 3115 2752 veneno,consuetudine,verum
3125 2688 3356 2755 patrem
3379 2701 3717 2755 quaeremus

2057 2773 2203 2826 Nam
2234 2771 2334 2828 26
2365 2787 2401 2826 a
2430 2771 2607 2826 nobis
2639 2770 2883 2842 quidem
2913 2772 3067 2827 nihil
3096 2772 3407 2844 pulchrius
3437 2778 3539 2829 aut
3564 2792 3718 2845 pras-

2058 2860 2277 2915 clarius
2299 2860 2519 2931 suscipi
2541 2865 2943 2932 potest,quam
2973 2862 3021 2917 si
3047 2861 3213 2917 vobis
3246 2862 3714 2933 ostenderimus,

2056 2950 2211 3005 hanc
2232 2950 2505 3006 insanam
2524 2966 2590 3005 ac
2612 2951 2789 3023 plane
2807 2950 3207 3007 miserrimam
3220 2953 3719 3009 consuetudinem

2058 3057 2187 3096 esse
2218 3057 2368 3096 verae
2400 3040 2607 3111 pietati
2628 3040 3253 3098 inimicissimam.Nec
3271 3042 3433 3097 enim
3455 3046 3558 3098 aut
3577 3041 3714 3099 odio

2056 3129 2283 3197 haberi,
2310 3134 2413 3185 aut
2443 3131 2686 3185 omnino
2716 3130 3017 3202 repudiari
3048 3131 3242 3201 potuit
3275 3136 3396 3186 tam
3428 3132 3715 3187 eximium

2063 3218 2569 3290 beneﬁcium,quo
2595 3220 2749 3274 Deus
2773 3218 2924 3273 nihil
2944 3236 3211 3291 unquam
3232 3221 3429 3294 majus
3451 3221 3716 3277 humano

2056 3307 2260 3380 generi
2292 3307 2520 3370 tribuit,
2552 3308 2668 3362 nisi
2702 3308 3133 3364 consuetudine
3163 3308 3718 3382 abrepti,obturatis

2056 3396 2271 3452 deinde
2283 3395 2542 3464 anribus,
2553 3401 2649 3452 tan
2657 3413 2831 3468 quam
2845 3402 3224 3454 contumaces
3237 3400 3373 3471 equi
3388 3400 3717 3456 detrectan~

2057 3492 2145 3541 tes
2177 3483 2465 3553 habenas,
2494 3491 2552 3540 et
2574 3486 2775 3542 frenos
2795 3487 3162 3557 mordentes,
3188 3489 3454 3545 rationes
3484 3489 3720 3563 fugere-

2058 3572 2154 3640 tis,
2186 3572 2318 3627 vitae
2350 3577 2560 3627 vestrae
2591 3589 2701 3628 nos
2742 3575 3058 3647 magistros
3088 3581 3149 3631 et
3177 3577 3412 3650 aurigas
3443 3582 3719 3634 excutere

2054 3662 2363 3733 cupientes
2389 3678 2402 3716 :
2425 3667 2483 3718 et
2505 3664 2768 3719 amentia
2789 3669 2982 3720 vestra
3006 3666 3344 3738 praecipites
3372 3667 3434 3722 in
3466 3667 3717 3723 exitium

2053 3751 2191 3819 acti,
2225 3756 2496 3807 sanctum
2518 3752 2621 3808 Dei
2644 3753 2904 3810 Verbum
2937 3754 3361 3811 existimaretis
3393 3773 3713 3813 exsecran-

1977 3828 2020 3896 C
2055 3839 2198 3895 dum
2226 3857 2354 3896 esse
2377 3857 2445 3896 ac
2471 3841 2843 3898 detestabile.
2865 3844 3264 3909 Quamobrem
3286 3862 3386 3901 vos
3405 3846 3715 3903 electionis

2055 3935 2262 3985 vestrae
2289 3930 2536 4003 praemia
2565 3937 2918 4004 sequuntur,
2946 3937 3014 3989 ut
3041 3933 3125 3990 ait
3154 3935 3496 4007 Sophocles.

2150 4038 2299 4096 Mens
2332 4055 2502 4108 vana,
2533 4056 2699 4097 aures
2731 4040 2981 4110 inutiles,
3020 4041 3379 4115 cogitationes
3406 4043 3614 4103 irritae.

2052 4145 2124 4199 Et
2151 4145 2398 4202 nescitis
2427 4147 2583 4203 veris
2625 4147 2905 4205 omnibus
2955 4149 3069 4205 hoc
3121 4166 3253 4206 esse
3304 4151 3521 4221 verius,
3554 4153 3713 4225 quod

339 4281 407 4346 .ι‹
435 4274 505 4329 Ρ.
540 4272 612 4326 73
643 4271 760 4327 ED.
791 4268 1091 4336 POTTER,
1121 4270 1189 4322 57
1219 4266 1333 4321 ΕΙ).
1365 4266 1595 4323 PARIS.
1673 4268 1720 4304 ευ
1748 4270 1922 4329 Marc.

2058 4324 2068 4337 .
2094 4283 2161 4337 36
2185 4281 2402 4355 ﬂRom.
2431 4300 2547 4352 vm,
2584 4286 2669 4340 i5.

346 4402 671 4488 (9.5)”‘Ap.’
703 4402 764 4458 ἐκ
790 4401 983 4488 «acip:
1009 4402 1171 4488 ξομε
1193 4400 1691 4488 rationem‘quam
1722 4407 1940 4488 ethnici

2058 4416 2317 4488 junctivo
2335 4417 2534 4475 modo.
2561 4418 2835 4476 SYLBURG.
2857 4448 2926 4461 --
2949 4420 3136 4485 Quam
3161 4420 3484 4478 lectionem
3514 4422 3715 4481 ﬁrmat

277 4473 646 4537 Christianis
670 4492 906 4547 semper
927 4473 1311 4546 objiciebant,
1335 4473 1557 4530 refellit
1578 4476 1756 4533 etiam
1773 4480 1949 4537 Justi-

279 4570 391 4609 nus
423 4552 503 4606 Μ.
539 4549 712 4604 initio
746 4547 976 4604 Cohort.
1015 4547 1088 4601 ad
1115 4550 1346 4601 Graecos.

347 4624 461 4691 (96)
493 4622 631 4679 Τοῖς
671 4616 930 4679 κόλποις.
989 4618 1255 4691 Respicit
1307 4616 1486 4673 verba
1539 4620 1837 4681 Phoenicis
1867 4627 1942 4682 ad

273 4694 581 4822 Aorsiilem
612 4692 949 4759 alumnum,
978 4706 1111 4761 quae
1163 4689 1347 4745 refert
1398 4691 1687 4749 Homerus
1716 4695 1865 4754 Iliad
1893 4699 1938 4770 Ι,

268 4787 326 4823 v.
482 4782 495 4820 :

267 4870 410 4947 Πρίν
439 4871 492 4945 γ’
521 4868 614 4947 fit}
645 4867 786 4940 δήσ’,
815 4866 898 4924 ἐπ’
931 4866 1143 4947 ἐμοῖσιν
1369 4866 1640 4947 γοόνασσι-
1688 4874 1940 4944 καθίσας,

267 4937 471 5018 "Giton:
485 4943 534 4997 τ’
566 4937 757 5015 ἄσαιμι
778 4937 1130 5018 προταμὼνκ
1140 4937 1233 4993 καὶ
1244 4937 1412 5018 ’.οἶνον
1444 4939 1691 5018 ἐπισχὼν

270 4959 287 4966 "
388 4966 455 4999 ου
485 4959 531 4997 τ’
566 4962 757 5015 ασαιμι
788 4961 829 4995 π
867 4959 1110 5013 οταμων,
1140 4959 1233 4993 και
1266 4959 1412 4994 οινον
1444 4959 1712 5019 επισχων,

270 4959 536 5088 ﬂium
573 5034 673 5088 μοι
701 4959 1027 5088 aurigenae:
1057 5009 1135 5088 ἐνὶ
1166 5011 1419 5088 στήθεσσι
1452 5013 1671 5070 Χιτῶνα

270 5087 474 5154 οἴνου,
506 5079 833 5155 ἆτξνὸλῦζων
862 5083 912 5139 εν
946 5080 1147 5158 νηπιέῃ
1178 5079 1460 5159 ἀλέγεινῇο
1550 5142 1553 5145 -

345 5197 484 5286 (97λ
549 5192 914 5286 ’Ώφλομενκτ
964 5187 1325 5264 ἐπιτελοῦμεν
1435 5189 1535 5250 ἔτι,

268 5266 363 5326 ἐπὶ
393 5266 596 5339 τέλους
631 5266 724 5339 μὲν
758 5284 837 5339 ετι
868 5266 1009 5319 Nov.

349 5343 470 5415 (98)
528 5335 786 5395 Γλυκεῖαί
867 5355 928 5415 π.
1008 5354 1069 5415 π.

273 5407 532 5494 manens
564 5417 629 5494 et,
652 5412 1000 5494 corruptus:
1026 5408 1247 5490 Sensus
1292 5407 1539 5494 videtur.
1555 5427 1684 5466 esse
1704 5414 1943 5494 :_Sigui-

1627 5195 1816 5273 Ὀφλῶ
1824 5217 1918 5271 μεν
1926 5238 1939 5265 ,

1154 5335 1448 5391 Lowthius
1504 5337 1633 5393 ait:
1698 5361 1726 5391 «
1756 5342 1942 5397 Locus

271 5487 395 5543 dem
427 5487 675 5555 ofﬁcium
708 5479 1167 5544 esse‘ducimus,
1188 5479 1615 5555 immoderatos
1647 5479 1843 5540 animi
1854 5484 1942 5540 af—
1980 5543 1984 5546 ἠ

268 5550 471 5615 fectus
489 5550 791 5621 coercere,
816 5568 923 5607 cur
943 5567 1063 5606 non
1090 5550 1220 5622 pari
1240 5552 1470 5608 ratione
1493 5552 1780 5611 absurdae
1802 5572 1942 5612 con-

271 5629 628 5687 suetudines
652 5626 726 5680 ab
750 5623 936 5680 animi
960 5622 1515 5694 perturbationibus
1532 5625 1826 5696 profectas
1847 5644 1940 5683 re-

260 5712 515 5794 ﬁcimus
533 5709 561 5764 ‘I
587 5732 616 5757 ιι
651 5709 838 5787 Porro
870 5721 980 5758 nos
1004 5702 1188 5758 alium
1211 5720 1457 5760 sensum
1492 5705 1554 5761 in
1586 5708 1793 5764 Latina
1820 5725 1943 5764 ver-

269 5778 439 5840 sione
472 5778 905 5853 expressimus.

338 5855 457 5928 (99)
513 5846 785 5919 Ἐπιζητή
794 5866 855 5901 σο
865 5865 959 5920 μεν
971 5888 984 5901 .
1068 5846 1136 5904 Η.

549 5973 830 6034 Pusam.
878 5967 992 6030 Gn.
1029 5966 1195 6032 VIII.

1224 5845 1495 5918 Ἐπιζητή
1505 5867 1711 5922 σωμεν,
1800 5852 1942 5907 sub-

2057 4490 2196 4545 Nov.

2130 4563 2202 4632 (1)
2236 4560 2674 4649 ΟὗίμεῖζονκΑςΙ
2704 4561 3580 4649 Οιλιεὶιειίεηαξηηρρξιοεορὶιξιω
3613 4587 3714 4626 ac-

2056 4632 2399 4706 commodat
2426 4632 2585 4705 quod
2615 4634 2690 4706 de
2720 4635 2969 4706 profana
3000 4632 3162 4706 dixit
3178 4637 3344 4706 Plato
3377 4632 3438 4694 in
3470 4641 3709 4700 Timeo:

2161 4709 2378 4781 μεῖζον,
2413 4702 2628 4781 inquit,
2661 4702 2874 4781 ἀγαθὸν-
2896 4702 3008 4781 οὔτ’
3057 4704 3252 4776 ἦλθεν,
3283 4705 3400 4763 οὔθ’
3429 4708 3545 4781 ἣξει
3576 4713 3712 4770 ποτὶ

2036 4779 2128 4860 ’τῷ
2156 4773 2338 4848 θνητῷ
2367 4773 2517 4851 γένεί
2554 4773 2797 4851 δωρηθὶν
2857 4776 2918 4861 ἐκ
2968 4773 3128 4836 θεῶν.
3186 4773 3252 4836 Id
3302 4773 3507 4840 Latine
3536 4788 3713 4843 vertit

2052 4850 2273 4918 Clrero,
2306 4848 2558 4905 Academ.
2592 4850 2798 4919 Quaest.
2828 4850 2934 4906 11b.
2968 4868 3005 4917 ι,
3066 4868 3119 4908 c.
3170 4855 3243 4908 2:
3295 4854 3486 4911 Totum
3524 4858 3710 4919 igitur

2052 4874 2273 4918 uu'cru,
2306 4874 2558 4905 acuuam.
2592 4874 2798 4919 ιιιιᾶίδι.
2829 4874 2934 4906 ιω.
2968 4874 3005 4917 ι,
3066 4874 3119 4908 c.
3171 4874 3243 4908 κε
3296 4874 3486 4911 locum
3524 4874 3710 4928 lgum‘

2051 4921 2197 4999 illud
2215 4920 2886 4999 philosophiastadium
2931 4922 3076 4979 mihi
3121 4923 3345 4995 quidem
3387 4928 3504 4999 ipse
3529 4945 3705 4999 sumo,

2050 4994 2104 5048 ei
2142 4991 2243 5071 ad:
2281 4991 2852 5071 pilae—constantiam
2907 4991 3177 5071 quantum
3224 4991 3480 5071 possunt,
3528 5005 3582 5057 et
3636 4991 3709 5057 ad

2050 5063 2234 5142 animi
2261 5064 2683 5121 delectationem
2705 5083 2725 5122 :
2781 5081 2882 5122 nec
2913 5063 3112 5142 ullum
3168 5063 3437 5142 arbitror,
3464 5063 3531 5127 at
3558 5072 3709 5142 apud

2050 5136 2351 5207 Platonem
2381 5145 2480 5202 est,
2510 5154 2696 5207 majus
2725 5145 2822 5193 aut
2849 5138 3053 5193 melius
3083 5155 3118 5193 a
3146 5137 3256 5194 diis
3284 5136 3476 5198 datum
3503 5136 3707 5199 manu:

2052 5206 2292 5290 homini.
2323 5207 2489 5290 idem
2510 5208 2615 5264 lib.
2639 5227 2735 5278 xv,
2759 5209 2931 5290 epist.
2951 5212 3009 5290 β,
3035 5215 3321 5290 extrema,
3343 5213 3416 5267 de
3437 5213 3707 5285 philoso-

2050 5279 2402 5367 phiahdic‘itj
2434 5280 2553 5349 Qua
2580 5297 2679 5367 nec
2721 5279 2867 5364 mihi
2913 5279 3136 5363 charter
3176 5279 3573 5367 ulla'unqilam
3596 5300 3707 5343 res.

2050 5352 2113 5427 in
2130 5353 2263 5427 pila
2288 5352 2425 5427 fuit,
2454 5368 2554 5408 nec
2583 5353 2871 5409 hominum
2886 5352 3082 5424 generi
3108 5356 3290 5427 majus
3310 5373 3345 5411 a
3363 5352 3474 5411 diis
3500 5373 3709 5414 manu:

2051 5421 2240 5479 ullum
2269 5433 2349 5479 est
2377 5424 2587 5479 datum.

2124 5494 2202 5567 (2)
2232 5495 2363 5550 Οἴον
2387 5490 2576 5549 ἵπποι.
2612 5497 2845 5567 Ιιθι-ιιηι
2875 5495 3185 5551 Platonem
3234 5497 3504 5555 imitatur
3532 5501 3708 5557 Phas-

2053 5565 2144 5621 dri
2170 5565 2302 5639 pag.
2338 5571 2496 5637 1226,
2532 5570 2688 5621 1227.
2731 5566 2952 5639 Eadem
2985 5568 3426 5639 comparatione
3460 5572 3711 5630 inferius

2052 5638 2196 5713 usus
2228 5638 2318 5713 est
2349 5640 2624 5713 Clemens
2655 5638 2883 5708 Pazdag.
2916 5639 3021 5694 lib.
3062 5638 3137 5707 ιι,
3154 5656 3282 5713 cap.
3316 5643 3400 5699 10.

2123 5710 2203 5778 (3)
2237 5705 2373 5766 Μέν.
2406 5709 2604 5765 Μὲντοι
2636 5712 2775 5766 Nov.

2124 5779 2348 5861 (4)_Tﬁ_¢
2397 5779 2690 5861 ἐκλογῆς..
2715 5784 2893 5861 Caeca:
2917 5798 3256 5861 ‘nenlpeag
3287 5788 3558 5845 stolida}:
3592 5808 3709 5861 qua

2052 5852 2432 5911 mendacium
2464 5852 2692 5911 veritati
2723 5852 3104 5925 prmtulistisf
3128 5858 3190 5912 V.
3226 5857 3501 5917 Summe.

3387 5980 3426 6038 7
