4124 6404
407 431 516 486 207

1668 425 2080 481 CLEMENTIS
2115 420 2625 475 ALEXANDRINl

3733 419 3844 475 208

412 562 613 615 autem
642 572 763 612 una
790 555 1049 628 migrant
1090 553 1248 608 bona
1279 568 1346 608 ac
1378 551 1666 624 praeclara
1696 568 1898 623 opera,
1921 566 2069 622 pen-

2183 541 2340 605 οὗτος
2378 545 2539 616 ἡμῶν
2571 544 2754 617 πατὴρ
2798 543 2827 597 6
2859 538 3031 607 ὅντως
3077 544 3281 618 πατὴρ,
3313 542 3377 599 οὗ
3429 543 3657 600 παύεται
3704 564 3843 619 προ-

412 649 628 719 nisque
645 645 907 701 veritatis
919 643 1232 698 nobiscum
1251 642 1431 698 simul
1459 642 1693 698 evolant
1710 642 1870 696 Hanc
1901 639 2075 694 nobis

413 736 847 802 haneditatem,
880 738 1171 788 aeternum
1203 749 1345 788 sane
1377 732 1623 800 donum,
1648 737 1940 786 aeternum
1971 728 2073 784 Dei

412 826 605 883 foedus
636 825 698 880 in
720 839 933 879 manus
957 822 1155 878 tradit.
1178 825 1352 877 Pater
1372 827 1571 878 autem
1596 821 1697 876 ille
1719 825 1945 887 noster,
1972 818 2074 889 qui

411 931 547 970 vere
569 920 661 970 est
677 918 869 990 pater,
884 929 1113 984 nosque
1140 913 1472 984 impensius
1494 916 1675 979 amat,
1700 911 1795 968 27
1824 907 2072 975 hortari,

413 1020 682 1072 monere,
716 1002 1324 1074 emendare,diligere
1344 1018 1653 1073 nunquam
1682 1000 1933 1065 desinit;
1963 1014 2076 1053 nec

416 1094 580 1149 enim
622 1092 844 1148 desinit
873 1108 1128 1163 servare,
1160 1108 1362 1146 verum
1407 1092 1698 1163 optimum
1746 1089 1848 1145 dat
1875 1087 2075 1143 consi-

413 1184 585 1252 lium,
611 1184 757 1238 Justi
794 1183 1135 1252 efficiamini,
1196 1183 1382 1250 inquit
1433 1183 1715 1236 Dominus.
1751 1181 1856 1243 Qui
1884 1180 2069 1245 sititis,

415 1276 493 1329 ite
518 1273 591 1327 ad
619 1288 822 1342 aquam
842 1289 863 1336 ;
889 1279 939 1327 et
960 1274 1277 1341 quicunque
1300 1287 1409 1325 non
1431 1271 1640 1325 habetis
1654 1270 1970 1340 pecuniam,
1998 1269 2074 1321 ite

413 1370 465 1419 et
493 1364 671 1431 emite,
704 1369 755 1417 et
785 1363 969 1430 bibite,
999 1363 1202 1431 absque
1222 1363 1465 1433 pecunia
1493 1361 1557 1415 ".
1581 1360 1671 1416 Ad
1692 1359 2072 1421 lavationem,

413 1452 488 1509 ad
520 1452 796 1521 salutem,
851 1451 925 1507 ad
984 1451 1488 1507 illuminationem
1548 1452 1839 1518 hortatur,
1866 1452 2071 1520 aperte

408 1547 472 1613 »14
500 1539 932 1614 propemodum
962 1540 1250 1608 clamans,
1281 1542 1362 1596 Do
1396 1540 1524 1608 tibi,
1558 1557 1590 1594 ο
1624 1539 1731 1608 fili,
1765 1545 1986 1593 terram
2017 1541 2077 1592 et

411 1646 600 1699 mare,
631 1637 808 1702 atque
840 1630 1055 1686 cmlum
1083 1645 1095 1683 :
1151 1647 1403 1701 quaeque
1435 1630 1498 1685 in
1546 1629 1633 1683 eis
1678 1633 1838 1694 sunt,
1872 1626 2077 1683 omnia

412 1720 521 1775 tibi
551 1721 772 1793 largior
800 1720 1152 1775 animantia.
1184 1721 1267 1773 Tu
1306 1719 1504 1787 modo,
1537 1735 1571 1773 ο
1603 1718 1711 1787 fili,
1745 1723 1974 1790 patrem
2003 1718 2074 1772 si-

413 1811 540 1878 tias,
571 1810 727 1865 Deus
757 1808 863 1863 tibi
894 1808 1076 1881 gratis
1098 1807 1484 1874 ostendetur;
1516 1808 1731 1863 veritas
1760 1806 1923 1862 enim
1952 1822 2074 1860 non

412 1899 677 1955 venditur
701 1898 764 1952 ⁸⁸.
790 1897 915 1952 Tibi
946 1897 1227 1965 volatilia,
1263 1896 1369 1954 tibi
1395 1897 1701 1968 aquatilia,
1734 1896 1863 1964 tibi,
1905 1895 2076 1950 deni-

415 2004 553 2061 que,
587 1987 688 2043 dat
711 2003 1082 2058 quaecunque
1105 1991 1326 2043 terram
1356 1986 1646 2042 habitant.
1680 1987 1816 2041 Haec
1842 2002 1909 2040 eo
1934 1988 2077 2040 sunt

413 2093 450 2134 a
478 2078 652 2132 Patre
682 2076 942 2149 condita,
969 2081 1036 2132 ut
1062 2093 1165 2132 vos
1186 2077 1260 2131 iis
1288 2082 1455 2149 grato
1476 2075 1849 2146 memorique
1871 2075 2070 2130 animo

409 2165 696 2222 fruamini
721 2183 735 2235 ;
765 2183 897 2237 qum
936 2166 1191 2238 pecunia
1237 2164 1479 2237 quidem
1510 2170 1670 2221 emet
1696 2165 1938 2234 nothus,
1969 2163 2075 2235 qui

408 2254 559 2326 ﬁlius
589 2260 681 2310 est
699 2256 1034 2326 perditionis
1062 2255 1127 2325 ’7,
1172 2256 1386 2327 cuique
1423 2269 1751 2311 mammonae
1796 2251 2001 2309 servire
2028 2252 2072 2287 9'

412 2344 805 2400 constitutum
826 2349 949 2400 est:
976 2344 1083 2399 tibi
1102 2361 1235 2400 vero
1253 2350 1537 2416 tanquam
1550 2349 1651 2400 tua
1669 2342 2073 2415 permittit,le-

408 2433 614 2506 gitimo
638 2433 869 2489 scilicet
895 2433 1040 2501 filio,
1066 2434 1167 2505 qui
1192 2436 1429 2489 Patrem
1456 2433 1675 2506 diligis,
1694 2432 1864 2504 cujus
1886 2431 2073 2505 gratia

411 2524 591 2579 adhuc
611 2530 878 2594 operatur
902 2524 967 2592 θ’,
990 2523 1205 2595 cuique
1229 2523 1339 2578 soli
1363 2524 1475 2578 hoc
1497 2523 1859 2594 promissum
1880 2521 2023 2577 facit
2054 2536 2069 2576 :

405 2613 479 2666 Et
511 2619 662 2667 terra
690 2612 1015 2668 extendetur
1043 2615 1103 2667 in
1130 2615 1447 2681 ﬁrmitatem
1476 2630 1497 2677 ;
1528 2616 1651 2683 inec
1697 2612 1855 2666 enim
1888 2610 2074 2666 desti-

307 2742 310 2746 .
405 2705 549 2756 nata
578 2707 671 2757 est
700 2701 1068 2774 corruptioni
1103 2718 1116 2756 :
1149 2719 1269 2756 mea
1298 2709 1375 2758 est
1403 2704 1547 2757 enim
1568 2704 1823 2757 universa
1853 2707 2003 2756 terra
2026 2703 2068 2771 ί,

403 2794 508 2846 tua
535 2807 673 2846 vero
705 2792 836 2859 erit,
871 2791 919 2846 si
951 2792 1137 2846 Deum
1160 2792 1479 2862 receperis.
1516 2791 1663 2846 Hinc
1694 2791 1788 2856 iis,
1820 2791 1919 2861 qui
1943 2806 2068 2845 cre—

403 2878 658 2951 diderat,
686 2882 798 2936 hoc
816 2880 1195 2937 laetissimum
1227 2882 1506 2937 nuntium
1519 2880 1712 2936 defert
1732 2881 2066 2951 Scriptura:

406 2968 599 3026 Sancti
635 2978 825 3027 autem
872 2970 1097 3026 Domini
1141 2975 1305 3026 erunt
1353 2969 1597 3028 haeredes
1643 2967 1845 3039 gloriae
1872 2970 1990 3037 Dei,
2019 2971 2071 3025 et

401 3061 671 3130 potentiae
721 3063 865 3133 ejus.
894 3062 1175 3126 Quaenam
1208 3065 1298 3115 est
1328 3076 1417 3129 ea,
1459 3058 1555 3115 dic
1606 3058 1776 3128 mihi,
1810 3076 1843 3113 ο
1874 3058 2067 3129 beate,

405 3149 586 3219 gloria
603 3152 629 3203 .9
649 3166 829 3221 quam
851 3148 1045 3207 oculus
1064 3165 1176 3207 non
1204 3150 1365 3221 vidit,
1394 3164 1495 3206 nec
1521 3149 1678 3205 auris
1703 3147 1939 3216 audivit,
1970 3163 2070 3204 nec

404 3237 468 3294 in
497 3254 592 3295 cor
620 3240 864 3295 hominis
893 3238 1177 3307 ascendit;
1221 3243 1276 3295 et
1308 3239 1648 3296 thabuntur
1673 3240 1732 3293 in
1763 3253 1933 3310 regno
1961 3238 2069 3293 Do-

2176 633 2437 707 τρέπων,
2494 634 2764 688 νουθετῶν
2797 678 2814 703 ,
2883 629 3158 688 παιδεύων
3191 676 3209 701 ,
3274 632 3476 711 φιλῶν.
3537 632 3680 692 Οὐδέ
3738 635 3843 711 γὰρ

2180 722 2369 792 σώζων
2403 722 2651 778 παύεται.
2687 717 3051 796 συμϐουλεύει
3085 720 3143 777 δὲ
3171 722 3239 777 τὰ
3268 723 3480 793 ἄρισταο
3515 723 3724 780 Δίκαιοι
3759 724 3845 801 γὲ-

2177 813 2331 866 νεσθε
2380 814 2521 885 (22),
2583 811 2727 887 λέγει
2789 811 3016 888 Κύριος,
3078 813 3141 867 Oi
3201 809 3488 886 διψῶντες,
3547 814 3845 888 πορεύεσθε

2178 900 2262 978 ἐφ’
2318 898 2486 976 ὕδωρ
2544 902 2635 956 xui
2695 902 2812 956 ὅσοι
2874 902 2951 975 μὴ
3011 901 3167 977 ἔχετε
3224 902 3481 978 ἀργύριον
3514 947 3527 959 .
3566 901 3842 978 βαδίσατε.

2179 992 2269 1045 καὶ
2322 992 2646 1067 ἀγορασατε,
2704 995 2797 1048 xui
2855 994 3041 1064 πίετε,
3103 990 3223 1049 ἄνευ
3281 993 3564 1070 ἀργυρίου.
3621 993 3729 1049 Επὶ
3782 995 3845 1050 τὸ

2178 1079 2432 1157 λουτρὸν,
2464 1080 2551 1136 ἐπὶ
2581 1083 2680 1151 τήν
2715 1081 3009 1157 σωτηρίαν,
3041 1082 3130 1137 ἐπὶ
3160 1082 3254 1137 τὸν
3275 1083 3559 1159 φωτισμὸν
3591 1085 3703 1157 (23)
3736 1105 3840 1139 πα-

2176 1168 2427 1243 ρακαλεῖ,
2491 1171 2790 1247 μονονουχὶ
2844 1172 2986 1246 βοῶν
3044 1170 3138 1226 καὶ
3198 1170 3397 1247 λέγων·
3456 1178 3570 1242 ,Γῆν
3631 1193 3716 1227 σοι
3758 1170 3840 1227 δί-

2179 1255 2326 1328 δωμι
2376 1259 2468 1313 καὶ
2515 1257 2810 1332 θάλασσαν,
2859 1256 3104 1330 παιδίον,
3157 1257 3386 1335 οὐρανόν
3429 1279 3508 1314 τε’
3568 1259 3661 1314 καὶ
3688 1260 3759 1315 τὰ
3789 1258 3844 1315 ἐν

2178 1348 2366 1410 αὐτοῖς
2395 1347 2571 1404 πάντα
2619 1349 2732 1418 (ad
2781 1369 2868 1403 σοι
2917 1348 3239 1425 χαρίζομαι.
3273 1347 3480 1407 Μόνον.
3515 1350 3561 1403 ὦ
3591 1346 3839 1420 παιδίον,

2180 1434 2411 1510 δίψησον
2441 1441 2537 1493 τοῦ
2580 1436 2812 1513 Πατρός
2845 1437 3061 1512 ἀμισθεί
3093 1459 3179 1493 σοι
3237 1435 3586 1515 δειχθήσεται
3619 1441 3647 1494 6
3678 1440 3836 1501 Θεός·

2180 1524 2243 1578 οὐ
2272 1523 2645 1595 καπηλεύεται
2673 1527 2709 1595 ἡ
2732 1523 2985 1596 ἀλήθεια.
3022 1523 3224 1583 Δίδωσί
3258 1547 3344 1579 σοι
3391 1528 3480 1580 καὶ
3532 1527 3599 1580 τὰ
3637 1527 3847 1599 πτηνὰ,

2177 1612 2364 1668 καὶτᾶ
2391 1613 2707 1689 νηκτᾶ(24ι)
2745 1614 2836 1669 καὶ
2887 1614 2955 1670 τὰ
3011 1614 3100 1669 ἐπὶ
3156 1621 3258 1685 τῆς
3314 1622 3440 1692 γῆς.
3500 1616 3681 1671 Ταῦτά
3740 1637 3848 1671 σου

2176 1708 2299 1767 ταῖς
2329 1704 2681 1779 εὐχαρίστως
2731 1709 2981 1782 τρυφαῖς
3013 1708 3128 1779 (25)
3158 1702 3633 1783 δεδημιούργηκεν
3667 1707 3694 1761 6
3728 1712 3852 1761 [Ια-

2177 1794 2306 1867 τὴρ³
2368 1795 2502 1868 ἅπερ
2552 1791 2796 1869 ἀργυρίῳ
2837 1794 2933 1866 μὲν
2984 1793 3251 1866 ὠνήσεται
3287 1795 3315 1850 6
3344 1795 3526 1864 νόθος,
3575 1796 3634 1859 ὃς
3683 1797 3849 1850 ἀπω-

2182 1881 2331 1944 λείας
2363 1881 2476 1938 ἐστὶ
2524 1880 2767 1955 παιδίον,
2799 1883 2858 1946 ὃς
2893 1888 3130 1957 μαμωνᾷ
3173 1882 3452 1941 δουλεύειν
3501 1885 3848 1961 προῄρηται’

2103 1951 2152 2017 Β
2181 1971 2272 2025 σοὶ
2295 1968 2353 2025 δὲ
2380 1970 2448 2026 τὰ
2471 1972 2537 2026 σὰ
2566 1951 2868 2048 ἐπιτρέπει,
2895 1951 2986 2044 τῷ.
3016 1951 3227 2049 γνησίῳ
3258 1971 3428 2049 λέγει,
3458 1951 3555 2046 τῷ·
3588 1951 3853 2052 φἰλόῦντι

2175 2060 2269 2115 τὸν
2324 2058 2559 2135 Πατέρα,
2610 2057 2683 2115 δι’
2712 2061 2771 2116 ὃν
2818 2056 2899 2116 ἔτι
2949 2061 3250 2138 ἐργάζεται,
3287 2060 3333 2136 ᾧ
3366 2062 3521 2135 μόνῳ
3568 2062 3657 2118 xui
3715 2064 3854 2119 ὑπι-

2175 2156 2422 2226 σχνεῖται
2458 2197 2473 2222 ,
2542 2149 2737 2228 λέγων
2806 2152 2904 2209 Καὶ
2978 2154 3013 2222 ἠ
3082 2160 3152 2229 γῆ
3220 2154 3655 2228 παραταθήσεται
3726 2157 3855 2228 (26)

2178 2239 2256 2302 εἲς
2316 2234 2626 2316 βεϐαίωσιν⁸
2705 2241 2769 2295 οὗ
2827 2241 2931 2316 γὰρ
3004 2245 3263 2316 κυροῦται
3334 2243 3447 2316 (27)
3499 2246 3569 2316 τῇ
3637 2247 3849 2318 φθορᾷ.

2177 2329 2321 2402 Ἐμή
2375 2330 2480 2405 γὰρ
2539 2328 2649 2384 ὶστι
2707 2335 2851 2384 πᾶσα
2899 2332 2933 2399 ἠ
2986 2336 3082 2405 γῆ·
3142 2326 3254 2385 ἔστι
3312 2327 3371 2385 δὲ
3430 2331 3498 2400 σὴ
3548 2334 3684 2405 (28),
3746 2331 3854 2387 ἐὰν

2176 2413 2469 2493 ἀπολάϐῃς
2493 2418 2587 2474 τὸν
2642 2419 2791 2475 Θεὸν.
2852 2420 3011 2476 Ὅθεν
3042 2422 3077 2489 ἡ
3112 2420 3300 2496 Γραφὴ
3334 2419 3562 2483 εἰκότως
3620 2420 3857 2497 εὐαγγε-

2179 2507 2386 2577 Λίζεται
2412 2513 2527 2571 τοῖς
2569 2508 3005 2564 πεπιστευκόσιν·
3061 2508 3129 2566 Οἱ
3169 2505 3228 2563 δὶ
3276 2509 3425 2584 ἅγιοι
3477 2510 3584 2581 (29)
3636 2510 3855 2583 Κυρίου

2176 2595 2667 2673 κληρονομήσουσι
2722 2599 2823 2668 τήν
2886 2593 3042 2669 δόξαν
3100 2601 3200 2653 τοῦ
3256 2602 3392 2654 Θεοῦ
3442 2598 3534 2653 καὶ
3589 2600 3689 2669 τήν
3751 2596 3860 2654 δύ-

2176 2708 2340 2759 ναμιν
2392 2685 2578 2744 αὐτοῦ.
2636 2688 2830 2759 Ποίαν,
2880 2688 2926 2741 ὦ
2983 2689 3235 2761 μακάριε,
3290 2684 3473 2760 δόξαν,
3522 2686 3639 2742 εἰπέ
3701 2707 3851 2761 μοι;

2176 2773 2247 2844 ἦν
2306 2773 2594 2851 ὀφθαλμὸς
2647 2775 2747 2831 οὐκ
2806 2774 2941 2831 εἶδεν
2976 2819 2990 2833 .
3068 2774 3194 2831 οὐδὲ
3254 2777 3345 2839 οὖς
3404 2774 3659 2846 ἤκουσεν.
3720 2775 3859 2833 οὐδὲ

2177 2863 2266 2917 ἐπὶ
2322 2861 2546 2939 καρδίαν
2604 2864 2895 2941 ἀνθρώπου
2954 2860 3144 2936 ἀνέϐηο
3203 2865 3294 2920 καὶ
3357 2868 3695 2941 χαρήσονται
3755 2864 3854 2921 ἐπὶ

2175 2956 2244 3026 τῇ
2309 2951 2561 3027 βασιλείᾳ
2609 2957 2708 3008 τοῦ
2767 2953 2967 3028 Κυρίου
3034 2954 3216 3009 αὐτῶν
3271 2954 3369 3028 (εἰς
3423 2953 3553 3017 τοὺς
3612 2954 3849 3017 αἰῶνας.

2176 3042 2384 3115 ’Δμήν.
2417 3042 2638 3116 Ἔχετε,
2670 3040 2716 3095 ὦ
2758 3038 3094 3118 ἄνθρωποιη
3125 3044 3223 3113 τήν
3277 3043 3420 3108 θείαν
3478 3051 3580 3114 τῆς
3610 3041 3852 3120 χᾶριτος

2177 3127 2524 3207 ἐπαγγελίαν·
2558 3130 2833 3199 ἀκηκόατε
2882 3132 2971 3187 καὶ
3032 3133 3134 3201 τήν
3190 3130 3373 3199 ἀλλην
3402 3139 3502 3202 τῆς
3559 3132 3853 3198 κολάσεως

2178 3218 2433 3290 ἀπειλήν
2489 3215 2560 3274 δι’
2617 3216 2690 3273 ὧν
2750 3221 2779 3275 6
2833 3220 3033 3295 Κύριος
3091 3224 3276 3291 σώζει,
3329 3215 3483 3296 φόϐῳ
3528 3222 3617 3276 καὶ
3648 3223 3847 3297 χάριτι

406 3329 554 3383 mini
580 3328 671 3384 sui
692 3328 753 3384 in
781 3331 1081 3386 aeternum.
1114 3329 1307 3384 Amen.
1358 3329 1485 3384 Jam
1517 3328 1697 3399 igitur
1725 3327 2063 3399 accepistis,

2183 3305 2543 3399 παιδαγωγῶν
2571 3309 2663 3363 τὸν
2693 3305 2997 3384 ἄνθρωπον.
3032 3312 3095 3366 Τί
3147 3308 3430 3383 μέλλομεν
3464 3330 3477 3380 ;
3510 3312 3562 3365 τί
3614 3310 3715 3366 οὐκ
3748 3310 3844 3367 Ex-

410 3435 444 3475 ο
478 3418 780 3488 homines,
804 3418 1043 3489 qualem
1065 3424 1470 3490 quantamque
1492 3419 1648 3473 Deus
1663 3417 1913 3490 gratiam
1936 3416 2065 3488 pol-

412 3507 687 3576 liceatur,
721 3524 791 3562 ex
816 3507 1005 3563 altera
1021 3524 1260 3579 quoque
1289 3512 1479 3580 parte,
1503 3524 1635 3578 quae
1650 3506 1943 3578 supplicia
1962 3506 2067 3561 mi-

411 3601 592 3651 natus
638 3597 841 3665 fuerit,
899 3597 1225 3653 audivistis.
1287 3598 1389 3653 His
1447 3596 1734 3651 Dominus
1790 3596 1866 3650 ad
1909 3594 2071 3651 salu-

412 3690 537 3741 tem
598 3686 781 3756 ducit,
842 3692 903 3741 et
956 3692 1120 3743 metu
1178 3692 1237 3743 et
1291 3687 1481 3759 gratia
1548 3685 1855 3740 hominem
1894 3684 2068 3739 insti-

412 3779 610 3831 tuens.
642 3775 793 3842 Quid
818 3779 1209 3833 cunctamur?
1239 3792 1346 3831 cur
1364 3792 1487 3831 non
1510 3774 1825 3847 effugimus
1850 3773 2071 3846 suppli-

412 3865 573 3921 cium
602 3864 630 3920 ?
659 3882 767 3921 cur
793 3882 916 3921 non
946 3867 1267 3938 recipimus
1294 3864 1519 3921 donum
1548 3864 1576 3919 ‘I
1603 3865 1719 3919 Cur
1747 3869 1948 3919 autem
1977 3880 2068 3932 ea,

414 3971 549 4025 quas
576 3955 993 4027 prmstantiora
1022 3960 1183 4023 sunt,
1216 3956 1403 4011 Deum
1446 3953 1676 4010 scilicet
1730 3970 1852 4025 prie
1897 3953 2068 4025 malo,

410 4059 533 4100 non
566 4044 860 4117 eligimus,
894 4049 953 4100 et
981 4043 1440 4100 simulacrorum
1487 4042 1673 4098 cultui
1713 4043 2069 4114 sapientiam

2174 3394 2433 3471 κλίνομεν
2460 3399 2561 3468 τήν
2613 3395 2840 3453 κόλασιν
2880 3419 2894 3469 ;
2930 3398 2984 3453 τί
3034 3398 3096 3455 οὐ
3126 3397 3547 3476 καταδεχόμεθα
3595 3402 3695 3469 τὴν
3733 3398 3849 3456 δω-

2177 3483 2299 3562 ρεάν
2336 3506 2349 3558 ;
2379 3485 2433 3541 τί
2462 3484 2547 3542 δαὶ
2594 3487 2703 3561 οὐχ
2759 3486 3064 3564 αἱρούμεθα
3101 3488 3168 3544 τὰ
3202 3487 3478 3565 βελτίονα,
3530 3490 3661 3544 Θεὸν
3718 3491 3848 3545 ἀντὶ

2175 3581 2277 3630 τοῦ
2305 3579 2569 3651 πονηροῦ,
2598 3576 2690 3631 καὶ
2736 3577 2925 3655 σοφίαν
2962 3574 3395 3655 εἷδωΑολατρίας
3444 3579 3849 3654 προκρίνομεν,

2177 3664 2269 3720 καὶ
2332 3665 2477 3734 ζωὴν
2538 3662 3152 3740 ἀντικαταλλασσόμεθα
3209 3668 3468 3741 θανάτῳ;
3545 3665 3687 3724 Ἰδοὺ
3753 3666 3849 3722 τὲ-

2180 3764 2330 3817 θεικα
2386 3753 2502 3828 (30)
2557 3752 2665 3829 πρὸ
2720 3752 3020 3828 προσώπου
3081 3754 3257 3827 ὑμῶν,
3317 3753 3473 3832 φησὶ,
3530 3754 3621 3808 τὸν
3678 3755 3847 3818 θάνα-

2176 3863 2269 3898 τον
2310 3844 2399 3897 καὶ
2457 3844 2556 3913 τήν
2602 3844 2771 3912 ζωήν.
2825 3844 3076 3918 Πειράζει
3137 3863 3196 3897 σε
3243 3844 3272 3897 6
3330 3843 3550 3917 Κύριος,
3603 3840 3847 3911 ἐπλέζα-

2179 3943 2302 3996 σθαι
2356 3933 2457 4001 τὴν
2519 3933 2684 4003 ζωήν.
2745 3926 3123 4006 Συμϐουλεύει
3189 3952 3275 3986 σοι
3330 3933 3405 3994 ὡς
3459 3932 3638 4007 πατὴρ
3701 3934 3851 4007 (31).

2177 4022 2453 4085 πείθεσθαι
2512 4024 2594 4093 τῷ
2648 4025 2766 4093 Θεῷ
2815 4022 2948 4096 (32).
3012 4022 3132 4078 Ἐὰν
3193 4020 3297 4097 γὰρ
3364 4021 3632 4092 ἑκούσητέ
3687 4041 3854 4095 μου,

477 4186 541 4252 >X<
572 4188 635 4241 P.
669 4190 737 4241 76
767 4187 879 4241 ΕΙ).
913 4185 1212 4255 POTTER,
1240 4185 1311 4239 60
1340 4185 1451 4257 ΕΙ).
1484 4185 1717 4241 PARIS.
1759 4184 1804 4220 "
1841 4186 1953 4241 Isa.
2002 4202 2069 4239 Lv

2210 4184 2255 4220 κ
2285 4183 2351 4257 lIV
2381 4183 2511 4257 Cor.
2540 4200 2606 4257 ii,
2644 4186 2729 4239 l7.
2763 4183 2805 4219 ⁸⁷
2834 4185 3001 4240 Joan.
3048 4201 3182 4257 xvn,
3216 4188 3321 4251 i2;
3362 4185 3413 4240 II
3443 4184 3644 4240 Thess.
3681 4201 3741 4256 η,
3793 4189 3854 4242 3.

416 4256 461 4294 ⁸⁸
492 4258 696 4314 Matth.
728 4275 804 4327 vi,
837 4260 908 4314 24
935 4274 949 4324 ;
986 4257 1121 4312 Luc.
1154 4273 1266 4325 xvx,
1297 4259 1383 4312 13.
1408 4255 1453 4291 ⁹⁹
1480 4257 1646 4312 Joan.
1680 4272 1734 4326 v,
1769 4258 1856 4314 17.
1890 4258 1906 4291 ¹
1938 4257 2066 4313 Levi

2183 4273 2274 4323 xv,
2299 4256 2390 4310 23.
2422 4257 2444 4290 ³
2471 4256 2495 4309 Ι
2524 4256 2653 4310 Cor.
2688 4272 2744 4325 ιι,
2786 4258 2838 4311 9.

483 4425 593 4495 (22)
643 4420 854 4495 Δίκαιοι
892 4422 1122 4495 -γὲνεσθε
1154 4421 1448 4495 .-Ἔσεσθὲ
1506 4441 1600 4495 μοι
1659 4418 1859 4495 δίκαιοι
1912 4421 2064 4495 Bibl.

412 4489 593 4568 Graio"
622 4496 777 4568 Mox,
815 4489 1130 4568 βαδίσαντες
1181 4492 1479 4568 ἀγοράσατε
1507 4489 1640 4568 ῬΙ-ο
1696 4489 1947 4568 βαδίσατε
1978 4493 2068 4547 καὶ

411 4564 503 4642 ἀγ.
530 4566 680 4642 Dein
710 4564 907 4642 φάγετε
936 4584 1042 4642 pro
1064 4564 1237 4623 πίετεξ
1264 4564 1415 4623 Ibid.

482 4637 598 4709 (3-5)
628 4636 956 4707 Φωτισμόνξ
994 4641 1110 4696 llac
1153 4656 1293 4695 voce
1340 4642 1547 4694 Patres
1593 4636 1978 4708 baptismum,
2011 4641 2070 4709 et

449 4708 660 4765 ratiam
681 4709 987 4780 baptizatis
1005 4713 1281 4769 collatam
1302 4709 1529 4780 ubique
1547 4709 1855 4780 denotant,
1880 4708 2066 4780 secuti

449 4725 660 4765 ranam
681 4725 757 4766 Da
801 4725 987 4766 ιιῑᾶιιδ
1005 4725 1281 4769 ΟΟῙῙᾶῐᾶῙΪΙ
1302 4725 1525 4780 umque
1547 4725 1855 4775 deuorant,
1880 4725 2065 4763 secuti

410 4725 591 4837 flebr.
622 4798 697 4858 γι,
738 4727 819 4836 4Ρξ
844 4779 1133 4858 ’Λδύνατον
1165 4781 1267 4858 γὰρ
1324 4778 1471 4858 τοὺς⁸
1511 4779 1647 4849 ἅπαξ
1680 4777 2065 4858 ιρωτισθίξντας,

410 4848 778 4925 γευσαμένους
807 4873 866 4909 τε
890 4860 990 4925 τῆς
1041 4848 1247 4930 δωρεᾶς
1302 4859 1406 4921 τῆς
1451 4848 1799 4927 ἐπουρανίου,
1830 4850 1920 4905 xui
1971 4871 2065 4923 με-

406 4924 612 4999 τόχους
660 4924 981 4999 γενηθέντας
1037 4926 1353 4994 Πνεύματος
1404 4923 1594 4999 ῥιγίσιέ
1624 4923 2063 4999 βιοηβίεῐῃβῐιξ,

404 4966 626 5072 sese.
660 4966 854 5072 123.":
863 4966 1011 5072 se.
1037 4966 1352 5072 arma
1394 4966 1468 5051 δέ
1487 4966 2065 5072 {asseasse

407 5062 626 5144 λουτρῖξι
653 5062 830 5144 μόνῳ,
857 5062 973 5144 καῖ
1002 5072 1101 5122 τοῦ
1139 5062 1455 5144 Πνεύματος
1483 5068 1553 5140 τῇ
1579 5062 1796 5144 καθόδῳ
1848 5062 2067 5144 ᾁγιάζεὲ-

400 5159 513 5214 ταλι.
653 5136 1091 5214 βαπτιζόμενοι,
1149 5136 1568 5211 υἱοποιούμεθα·
1623 5136 2064 5211 υἱοποιούμενοι,

400 5209 763 5284 τελειούμεθα

496 5285 588 5352 24)
618 5282 835 5352 Νηκτά.
869 5283 1084 5350 Νοητά.
1118 5284 1256 5338 Nov.
1290 5282 1597 5339 mendose.

496 5353 588 5428 25)
636 5358 893 5428 Τρυφαῖς.
954 5354 1255 5428 Hervetus
1289 5361 1348 5409 et
1403 5357 1471 5409 Α.
1528 5353 1763 5409 malunt
1814 5355 2062 5428 τροφαῖς,

473 5375 588 5441 (ιο)
645 5375 893 5481 ιρυὲαις.
954 5375 1237 5409 ΠΘῘὝΘΠΙΒ
1289 5375 1348 5409 οι
1403 5375 1471 5409 Α.
1528 5375 1763 5440 malunt.
1814 5375 2062 5436 τροφαις,

404 5429 706 5484 alimentis.
782 5442 902 5500 rte.
936 5455 1013 5500 ——-_
1035 5424 1146 5480 Sed
1197 5426 1471 5482 Clemens
1524 5445 1755 5500 τρυφαις
1799 5424 1968 5495 ὼιιῑ,
2000 5429 2067 5479 ut

405 5500 635 5555 coniam
670 5503 729 5552 et
749 5496 1119 5553 afﬂuentiam
1149 5515 1349 5553 rerum
1381 5496 1678 5553 innueret.

519 5517 635 5554 1am
670 5517 729 5552 et
749 5517 1119 5553 aumenuam
1149 5517 1349 5553 rerum
1381 5517 1678 5553 innueret.

476 5517 590 5642 {126)
625 5568 1089 5642 Παραταθήσεται.
1151 5569 1243 5642 Sic
1300 5570 1477 5635 Flor.,
1513 5570 1713 5641 Sylb.;
1775 5586 2059 5642 παραστα-

404 5641 647 5709 θήσεται,
674 5641 1015 5713 lleinsiana,
1036 5647 1095 5695 et
1122 5641 1369 5713 reliqua:
1396 5647 1529 5713 post
1558 5658 1688 5696 eam
1721 5641 1887 5695 editt.
1915 5642 2065 5713 Vera

401 5713 577 5786 lectio
610 5712 842 5786 videtur
868 5712 1073 5786 fuisse,
1109 5710 1171 5765 οὐ
1202 5710 1562 5786 πραθήσεται,
1590 5728 1770 5784 quam
1824 5712 2065 5786 exhibet

401 5785 538 5858 Nov.
574 5784 846 5858 Clemens
878 5785 1037 5858 enim
1057 5783 1313 5858 respicit
1362 5787 1538 5841 Levit.
1576 5783 1704 5853 xxv,
1738 5786 1803 5837 23
1831 5802 1843 5839 :
1894 5783 1959 5839 'H
1988 5789 2057 5858 γῆ

401 5854 465 5907 οὗ
497 5857 834 5930 πραθήσεται
870 5855 948 5918 εἰς
986 5851 1300 5931 βεϐαίωσιν.

2101 4747 2150 4812 D

2249 4421 2361 4491 (27)
2407 4421 2694 4495 Kppoi’nui.
2742 4420 2953 4495 aptius
3011 4423 3289 4495 x‘qpioiitui
3328 4422 3575 4495 vitiatur
3609 4464 3622 4491 ,
3677 4421 3856 4478 laedi-

2176 4498 2290 4564 tur,
2320 4510 2359 4549 a
2387 4492 2495 4566 κήρ
2540 4508 2709 4547 noxa.
2762 4492 3064 4566 Ut_apudﬂ
3087 4492 3447 4565 Hesychium
3484 4509 3855 4566 quoque,“

2176 4510 2290 4564 tur,
2320 4510 2359 4549 α
2387 4510 2495 4566 κηρ
2540 4510 2709 4547 noxa.
2766 4510 2834 4546 Ut
2880 4510 3037 4564 apud
3087 4510 3447 4565 nesycmum
3568 4510 3744 4564 eque,
3781 4514 3853 4549 κε

2175 4561 2519 4638 κηρωμὲνη,
2579 4562 2974 4634 κεκακωμένη,
3035 4565 3311 4621 SYLBURG.
3372 4596 3440 4608 —-
3484 4510 3610 4620 (ἓξεί
3668 4565 3853 4623 nulla

2177 4637 2507 4689 mutatione
2541 4651 2691 4689 onus
2723 4640 2830 4689 est.

2177 4641 2507 4691 mutatione
2541 4651 2691 4705 opus
2723 4641 2830 4689 est.

2253 4709 2366 4778 (28)
2397 4706 2550 4781 "Em
2597 4702 2655 4758 δὲ
2850 4707 2927 4781 A._
2975 4699 3085 4781 ἔστι
3144 4702 3201 4760 δὲ
3255 4706 3346 4761 καὶ
3395 4706 3487 4777 σή,
3546 4716 3628 4763 est
3682 4725 3848 4781 tero,

2179 4787 2231 4836 et
2259 4777 2373 4835 tua.
2407 4778 2569 4832 SYLB.
2602 4808 2671 4817 —
2697 4779 2881 4843 Quam
2912 4777 3231 4835 lectionem
3253 4781 3452 4836 ﬁrmat
3481 4782 3619 4835 Nov.
3650 4777 3850 4837 Paulo

2175 4856 2335 4917 ante,
2368 4852 2516 4917 πᾶσα
2545 4849 2831 4904 omittunt
2868 4849 3017 4904 Bibl.
3048 4852 3231 4906 Grmc.

2246 4915 2354 4993 (29)
2386 4919 2454 4975 Οἱ
2484 4915 2541 4973 δὶ
2571 4918 2661 4993 ἅγ.
2693 4920 3235 4993 Ξίωίιίείᾳιιωάοιη
3282 4929 3607 4979 occurrunt
3659 4925 3847 4983 Prov.

2173 4992 2261 5064 ιιι,
2289 4996 2380 5066 35,
2414 4994 2524 5048 Isa.
2555 4992 2680 5058 va,
2713 4996 2766 5047 9.
2824 4992 3035 5066 Verba
3056 4993 3203 5063 haec,
3235 4999 3304 5066 ut
3329 4995 3528 5066 etiam
3573 5012 3664 5063 ea,
3698 5012 3845 5066 quae

2215 5063 2350 5120 aulo
2380 5069 2515 5137 post
2529 5068 2872 5139 occurrunt,
2889 5064 3227 5139 χαρήσονται
3248 5063 3358 5138 ἐπί,
3378 5072 3515 5136 etc.,
3540 5063 3843 5123 hactenus

2194 5136 2395 5208 rustra
2423 5136 2689 5208 quaesivi.
2722 5136 3096 5208 Confproc.
3122 5155 3204 5206 ιι,
3238 5141 3324 5194 15.

2245 5208 2355 5278 (30)
2385 5205 2526 5261 Ἰδοὺ
2554 5209 2663 5271 «to.
2702 5208 2836 5263 Haec
2866 5205 3079 5279 Mog—{sis
3111 5214 3171 5264 et
3191 5205 3374 5265 Isaiae
3406 5208 3565 5265 dicta
3595 5208 3839 5279 eodem,

2172 5296 2291 5351 quo
2323 5279 2617 5347 Clemens,
2649 5295 2833 5335 sensu
2863 5285 3000 5334 ante
3021 5279 3193 5335 illum
3216 5281 3489 5351 exhibuit
3514 5282 3730 5351 Justin.
3757 5282 3839 5336 bl.

2171 5347 2323 5424 Ᾰρρί.
2359 5368 2395 5418 ῐ,
2430 5354 2604 5424 c._5_6,
2628 5368 2698 5424 rp.
2729 5353 2821 5417 84,
2855 5353 2942 5405 85.
2985 5353 3166 5407 Porro
3213 5347 3421 5406 δεδωκα
3462 5370 3567 5424 pro
3618 5349 3844 5415 τέθέικα

2172 5421 2398 5496 habent
2426 5421 2575 5477 Bibl.
2611 5421 2706 5496 Gr.
2740 5424 3027 5496 Neutrum
3053 5426 3325 5496 agnoscit
3359 5421 3578 5480 Justiti.

2242 5495 2355 5568 (3t)
2391 5495 2477 5555 Ὠς
2509 5493 2712 5568 πατήρ.
2752 5494 3020 5568 Justinus
3052 5493 3181 5551 lo'co
3210 5497 3491 5568 superius
3523 5496 3704 5560 dicto,
3737 5493 3847 5549 Διᾶ

2169 5544 2413 5641 Ἡδαίόυ,
2445 5544 2792 5641 τοῦ-ἐξέρου-
2835 5566 3146 5641 προφήτου,
3192 5566 3266 5627 ὡς
3288 5544 3419 5621 rum}
3471 5571 3570 5621 τοῦ
3618 5544 3841 5640 Ματρὸς

2167 5640 2276 5691 τῶν
2310 5635 2456 5692 ὅλων
2486 5636 2573 5690 xui
2630 5633 2894 5691 δεσπότου
2927 5633 3081 5691 Θεου.
3121 5633 3219 5710 ῥεῖ
3248 5641 3476 5706 Isaiam,
3551 5633 3845 5711 rophetam

2170 5711 2371 5766 alium.
2413 5709 2562 5766 velut
2592 5726 2626 5764 a
2655 5711 2825 5766 Patre
2874 5726 3063 5766 rerum
3109 5711 3358 5766 omnium
3389 5717 3441 5766 et
3481 5657 3845 5766 cl6minatore

2170 5711 2371 5838 ﬁlium,
2413 5709 2562 5767 velut
2592 5726 2626 5764 a
2655 5711 2825 5766 Patre
2874 5726 3063 5766 rerum
3109 5711 3358 5768 omnium
3389 5717 3441 5769 et
3481 5709 3846 5768 dominatore

2217 5798 2299 5838 eo.

2217 5798 2299 5838 80.

2242 5856 2356 5927 (32)
2413 5849 2693 5906 Πείθεσθαι
2760 5855 2840 5924 τῷ
2897 5860 2980 5909 Θ.
3032 5850 3285 5917 Πείθεσθε
3339 5857 3419 5926 τῷ
3477 5857 3629 5927 Θεῷ,
3691 5857 3846 5913 Nov.
