4124 6390
413 356 528 412 215

1673 349 2082 406 CLEMENTIS
2119 354 2626 414 ALEXANDRINI

3745 346 3855 404 216

408 499 509 537 ros
542 482 701 537 enim
727 480 963 551 oportet
983 473 1251 546 esse,qui
1275 472 1489 529 cmlum
1503 472 1858 539 ascendunt,
1894 475 2078 530 Homo

2208 476 2373 554 φέρων
2404 481 2516 553 (66)
2546 481 2647 549 τὴν
2695 481 2992 547 ἀπείθειαν,
3024 476 3138 550 ὅσῳ
3174 496 3236 553 γε
3264 474 3679 554 φρονιμώτερος
3718 470 3853 526 εἶναι

414 588 552 628 cum
580 571 681 637 sis,
707 568 943 639 require
971 564 1130 636 quod
1158 569 1248 618 est
1267 564 1524 618 maxime
1554 578 1892 629 commune,
1924 581 2083 633 eum,

414 679 451 718 a
479 677 596 733 quo
628 663 861 715 creatus
891 674 974 713 es.
1010 654 1191 709 Filius
1218 669 1354 709 cum
1384 654 1488 721 sis,
1532 669 1786 721 agnosce
1819 654 1978 724 quod
1997 660 2088 709 est

418 751 677 809 maxime
707 746 1038 820 proprium,
1061 748 1229 799 tuum
1253 743 1483 799 scilicet
1506 747 1757 815 patrem.
1782 744 1865 798 Tu
1885 748 2086 798 autem

417 838 817 913 voluptatibus
838 835 1134 901 addictus,
1158 838 1217 889 et
1238 834 1408 906 quasi
1434 833 1842 905 illiquescens,
1879 833 2089 889 etiam-

417 947 566 988 num
599 930 661 985 in
693 928 953 1001 peccatis
983 941 1301 999 permanes
1323 925 1351 980 ?
1395 925 1498 980 Cui
1555 923 1715 980 dicet
1758 924 2085 980 Dominus:

424 1023 683 1078 Vestrum
721 1024 797 1073 est
842 1033 1074 1087 regnum
1105 1016 1359 1071 caelorum
1389 1018 1418 1070 Ρ
1446 1014 1466 1050 ⁸
1499 1015 1774 1069 Vestrum
1812 1019 1924 1083 est,
1958 1014 2089 1085 qui-

418 1111 532 1167 bus
562 1111 680 1165 Deo
698 1124 907 1181 parere
934 1105 1306 1179 propositum
1336 1109 1445 1173 est,
1476 1104 1524 1159 si
1553 1103 1789 1171 velitis;
1826 1110 2089 1160 vestrum

420 1201 690 1272 inquam,
724 1196 900 1253 modo
926 1195 1120 1251 velitis
1163 1194 1426 1261 credere,
1476 1198 1535 1249 et
1560 1192 2089 1266 [compendiariam

418 1288 861 1364 praadicationis
882 1287 1037 1342 viam
1068 1285 1235 1356 sequi
1259 1301 1271 1339 :
1296 1285 1389 1339 cui
1412 1283 1893 1355 obtemperantes
1920 1283 2081 1338 Nini-

418 1382 573 1448 vitaa,
589 1384 721 1435 acta
738 1378 969 1432 sincere
990 1374 1345 1447 pwnitentia
1366 1378 1771 1445 exspectatum
1794 1372 2089 1428 excidium

417 1468 826 1543 pulcherrima
882 1465 1073 1521 salute
1125 1468 1658 1519 commutaverunt.
1713 1464 1840 1528 Qua
1888 1463 2088 1535 igitur,

419 1560 639 1632 inquit,
670 1558 903 1613 ratione
928 1554 1157 1629 patebit
1185 1553 1332 1609 mihi
1363 1553 1437 1608 ad
1466 1553 1684 1608 cwlnm
1716 1552 1913 1607 aditus
1933 1552 1962 1607 ?
1990 1554 2093 1607 Via

424 1655 516 1706 est
545 1648 831 1704 Dominus
852 1647 874 1682 '
899 1663 912 1700 :
938 1650 1174 1715 angusta
1194 1643 1238 1679 ¹⁰
1259 1643 1525 1714 quidem,
1545 1642 1650 1699 sed
1673 1659 1804 1714 quas
1826 1642 2011 1711 efcaalo
2045 1644 2088 1677 η

422 1739 586 1795 venit
609 1757 624 1805 ;
644 1740 895 1810 angusta
915 1733 1181 1805 quidem,
1202 1733 1306 1789 sed
1319 1750 1451 1803 qum
1473 1731 1547 1787 ad
1568 1732 1785 1788 ccelum
1808 1732 2088 1798 remittit;

2196 564 2356 638 δόξει,
2408 569 2544 642 πρὸς
2591 568 3065 639 κακοῦὴσύνεσος
3108 566 3276 637 αὐτῷ·
3332 562 3415 619 ὅτι
3466 565 3537 630 τῇ
3592 562 3855 638 φρονήσει

2192 654 2460 732 κέχρηται
2500 659 2816 735 κατηγόρῳ,
2847 658 2910 713 τὸ
2939 656 3221 733 βέλτιστον
3256 654 3365 729 οὐχ
3412 650 3700 724 ἐλόμενος.
3743 650 3857 703 1ιὲ-

2194 767 2327 824 φυκε
2353 748 2455 823 γὰρ
2487 746 2676 811 ἄλλως
2710 750 2738 804 ὁ
2770 746 3058 823 ἄνθρωπος
3110 747 3245 819 (67)·
3280 740 3496 804 οἰκείως
3545 736 3691 816 ἔχειν
3742 740 3862 812 (68)

2192 837 2330 911 πρὸς
2371 836 2521 895 Θεόν.
2569 840 2775 915 Ὥσπερ
2829 835 2921 892 οὖν
2978 836 3071 893 τὸν
3117 831 3290 889 ’ίππον
3346 831 3511 905 ἀροῦν
3556 830 3621 885 o6
3670 827 3864 905 βιαζό-

2195 937 2355 1000 μεθα,
2426 924 2552 982 οὐδὶ
2602 928 2695 983 τὸν
2752 931 2951 1002 ταῦρον
3010 927 3344 998 κυνηγετεῖν,
3392 921 3532 995 πρὸς
3578 920 3609 974 ’ὀ
3656 917 3866 996 πέφυκε

2196 1013 2254 1071 δὲ
2280 1012 2505 1072 ἕκαστον
2552 1021 2661 1072 τῶν
2712 1018 2866 1087 ζώων
2907 1011 3291 1092 περιέλκομεν·
3326 1009 3499 1072 οὕτως
3528 1008 3725 1083 ἀμέλει
3770 1005 3867 1062 καὶ

2193 1105 2284 1160 τὸν
2331 1103 2615 1182 ἄνθρωπον
2666 1104 2756 1162 ἰπὶ
2797 1107 2897 1175 τήν
2949 1103 3182 1179 οὐρανοῦ
3238 1099 3531 1177 γενόμενον
3584 1095 3727 1170 θὲαν,
3759 1117 3870 1174 φυ-

2193 1195 2287 1251 τὸν
2316 1194 2573 1271 οὐράνιον
2607 1197 2722 1270 (69)
2752 1199 2826 1257 ὡς
2860 1194 3105 1265 ἀληθῶς,
3134 1192 3223 1249 ἐπὶ
3275 1191 3377 1260 τὴν
3430 1193 3628 1265 γνῶσιν
3681 1205 3871 1261 παρα-

2194 1283 2471 1359 καλοῦμεν
2519 1289 2617 1341 τοῦ
2673 1289 2829 1353 Θεοῦ,
2859 1284 2924 1339 τὸ
2977 1283 3183 1338 οίκεῖον
3236 1278 3404 1336 αὐτοῦ
3452 1277 3546 1333 καὶ
3595 1275 3873 1351 ἐξαίρετον

2194 1376 2284 1430 καὶ
2339 1373 2697 1450 ίδιωματικὸν
2729 1374 2879 1450 παρὰ
2905 1373 2975 1429 τὰ
3032 1370 3179 1428 ἄλλα
3236 1374 3348 1440 ζῶα
3396 1366 3874 1440 κατειλημμένοι,

2197 1461 2458 1541 αὔταρκες
2540 1462 2756 1540 ἐφόδιον
2842 1464 3052 1519 αὶώνων
3081 1507 3096 1533 ,
3155 1455 3460 1516 θεοσέϐειαν
3514 1458 3627 1532 (70)
3684 1476 3874 1531 παρα-

2197 1552 2577 1623 σκευνάζεσθαι
2636 1548 3130 1626 συμϐουλεύοντες.
3194 1552 3433 1625 Γεώργει
3469 1591 3483 1617 ,
3534 1544 3709 1625 φαμὲν
3744 1588 3760 1615 ,
3820 1543 3876 1599 εί

2194 1645 2441 1720 γεωργὸς
2491 1644 2555 1699 εί·
2617 1640 2768 1699 ἀλλὰ
2821 1642 2996 1717 γνῶθι
3056 1640 3148 1695 τὸν
3203 1639 3358 1707 Θεὸν,
3414 1641 3696 1713 γεωργῶν
3758 1633 3878 1692 Καὶ

2197 1731 2371 1799 πλῆθι
2402 1735 2514 1807 (71)
2545 1734 2573 1788 ὁ
2601 1739 2703 1802 τῆς
2741 1729 3026 1795 ναυτιλίας
3065 1729 3223 1804 ἐρῶν,
3252 1725 3404 1784 ἀλλὰ
3450 1726 3543 1782 τὸν
3604 1725 3873 1799 οὐράνιον

427 1832 703 1901 angusta,
727 1831 786 1881 et
807 1841 925 1897 qua
944 1823 1099 1878 nihil
1119 1828 1211 1877 est
1229 1822 1291 1876 in
1316 1822 1489 1878 terris
1511 1822 1944 1895 contemptius;
1971 1822 2092 1877 lata

2208 1818 2539 1894 κυϐερνήτην
2597 1823 2951 1897 παρακαλῶψ
3010 1815 3437 1893 στρατευόμενόν
3486 1836 3543 1871 σε
3598 1810 3878 1883 κατείλη-

2347 1914 2360 1923 ι
2491 1915 2517 1923 ..ι
2793 1914 2819 1923 ε
2885 1907 2932 1923 ﬁt
3285 1906 3297 1923 1
3551 1906 3658 1923 ΙηΔὶ
3710 1900 3736 1923 ’θ
3866 1922 3869 1923 ,

427 1924 631 1975 tamen
664 1915 895 1982 eadem,
923 1917 982 1969 et
1010 1913 1073 1967 in
1099 1911 1262 1968 cmlis
1293 1910 1492 1966 divino
1514 1911 1678 1968 cultu
1709 1912 1971 1985 dignata.
1996 1914 2092 1968 In-

426 2013 595 2063 terea
619 2006 721 2078 qui
748 2005 820 2059 de
853 2003 1041 2058 Verbo
1069 2002 1157 2057 nil
1179 2017 1446 2073 unquam
1480 2001 1725 2070 audivit,
1759 2003 1810 2058 is
1841 2008 2091 2075 propter

431 2092 1056 2171 ignorantiamerroris
1085 2091 1318 2147 veniam
1348 2093 1773 2164 consequitur;
1807 2094 1908 2165 qui
1956 2110 2092 2150 vero

430 2185 675 2242 auribus
697 2183 926 2254 accepit
940 2186 999 2238 et
1018 2180 1290 2237 consulto
1313 2186 1512 2236 tamen
1536 2181 1907 2237 incredulam
1925 2199 2093 2238 men-

430 2281 552 2330 tem
577 2274 747 2347 gerit,
772 2288 888 2344 quo
910 2270 1207 2326 videbitur
1227 2287 1357 2326 esse
1380 2270 1756 2342 prudentior,
1781 2287 1884 2327 eos
1907 2274 2096 2345 magis

424 2365 537 2437 ipsi
570 2380 678 2420 sua
706 2362 963 2436 cognitio
986 2360 1264 2427 nocebit;
1292 2376 1429 2415 cum
1455 2360 1586 2431 ipsa
1609 2376 1745 2415 eum
1769 2361 2099 2432 prudentia

424 2453 806 2518 condemnet,
822 2450 981 2523 quod
999 2450 1293 2522 optimum
1311 2448 1512 2513 *non
1534 2449 1798 2522 elegerit.
1824 2451 2097 2507 Estenim

428 2543 653 2616 altoqui
685 2559 721 2599 a
749 2547 972 2597 natura
997 2539 1229 2595 homini
1250 2539 1521 2606 insitum,
1549 2544 1617 2594 ut
1644 2540 1697 2595 ei
1720 2540 1994 2610 quaedam
2023 2542 2102 2597 sit

430 2651 568 2691 cum
600 2634 719 2688 Deo
750 2630 1115 2703 conjunctio.
1162 2631 1244 2684 Ac
1290 2628 1541 2701 proinde
1594 2628 2100 2701 quemadmodum

434 2739 656 2796 equum
685 2738 807 2778 non
838 2721 1104 2793 cogimus
1136 2735 1328 2788 arare,
1361 2734 1556 2789 neque
1605 2723 1844 2775 taurum
1872 2720 2099 2792 venari,

434 2813 509 2871 ad
540 2813 600 2869 id
631 2816 853 2879 autem,
883 2810 956 2866 ad
988 2807 1148 2881 quod
1197 2812 1413 2864 natura
1460 2813 1664 2879 aptum
1714 2816 1825 2878 est,
1875 2811 2104 2869 animal

430 2900 902 2973 unumquodque
917 2899 1239 2954 trahimus:
1263 2898 1346 2953 sic
1371 2913 1513 2953 sane
1536 2898 1845 2954 hominem
1866 2915 1880 2953 :
1899 2900 2002 2969 qui
2027 2898 2104 2955 ad

438 2989 1007 3063 contemplationem
1066 2986 1199 3043 caeli
1257 2991 1453 3053 natus,
1512 2991 1572 3041 et
1610 2985 1785 3058 plane
1845 2988 2103 3043 ccelestis

441 3082 648 3155 planta
679 3083 788 3148 est,
813 3076 873 3132 id
906 3075 1065 3149 quod
1096 3076 1156 3130 in
1188 3075 1317 3147 ipso
1350 3075 1507 3130 inest
1548 3091 1670 3146 praa
1702 3075 1933 3131 castoris
1966 3077 2099 3132 ani-

433 3170 739 3229 mantibus
767 3166 1070 3241 peculiare
1120 3168 1297 3235 atque
1339 3163 1624 3219 eximium
1672 3170 2000 3235 sumentes,
2032 3171 2099 3222 ut

433 3263 621 3317 Deum
651 3260 987 3332 cognoscat,
1022 3259 1080 3310 et
1108 3254 1387 3309 viaticum
1420 3253 1531 3308 sibi
1562 3254 1621 3308 in
1655 3255 1858 3311 omnia
1880 3257 2098 3312 saacula

433 3352 827 3407 sutfecturum
849 3348 1175 3417 comparet,
1200 3344 1511 3398 hortamur
1526 3359 1593 3399 ac
1621 3343 1961 3399 suademus.
1992 3346 2097 3412 Da,

2202 1933 2294 1991 φεν
2337 1914 2371 1982 ἡ
2414 1915 2669 1988 γνῶσις;
2727 1914 2824 1964 τοῦ
2882 1907 3063 1965 δίκαια
3124 1906 3489 1981 σημαίνοντος
3547 1906 3661 1978 (72)
3702 1900 3884 1991 ἀκουε

2202 1987 2541 2079 στρατηγοῦ.
2607 2000 2856 2076 Καθάπερ
2915 1999 3008 2054 οὗν
3065 1999 3217 2073 κάρῳ
3270 1994 3362 2051 καὶ
3424 1994 3562 2069 μέθῃ
3626 1987 3884 2071 βεϐαρη-

2204 2091 2381 2166 μένοι,
2434 2090 2765 2164 ἀνανήψατε,
2821 2089 2911 2144 καὶ
2972 2082 3361 2161 διαϐλέψαντες
3419 2082 3631 2158 ὀΛίγον,
3679 2082 3883 2152 ἐννοή-

2201 2192 2332 2251 θητε
2359 2179 2413 2235 τί
2445 2178 2699 2235 θέλουσιν
2752 2179 2878 2252 ὑμῖν
2925 2178 2981 2232 οἱ
3031 2173 3503 2252 προσκυνούμενοι
3558 2170 3726 2241 λίθοι,
3777 2171 3885 2225 καὶ

2201 2268 2235 2324 ἄ
2263 2268 2387 2346 περὶ
2425 2270 2526 2339 τὴν
2556 2267 2694 2340 ὕλην
2742 2264 3124 2330 κενοσπούδως
3167 2263 3457 2320 δαπανᾶτε.
3509 2261 3603 2324 Εἷς
3653 2258 3888 2336 ἄγνοιαν

2201 2361 2292 2416 καὶ
2348 2360 2416 2414 τά
2445 2361 2711 2436 χρήματα
2752 2357 2844 2413 καὶ
2896 2358 2986 2413 τὸν
3044 2357 3188 2433 βίον,
3235 2355 3311 2419 ὡς
3357 2354 3421 2409 τὸ
3454 2356 3549 2427 ζῇν
3609 2351 3763 2424 ὑμῶν
3800 2350 3890 2413 εἷς

2211 2452 2435 2516 θάνατον
2495 2448 2936 2517 καταναλίσκετε,
2994 2451 3161 2503 τοῦτο
3233 2444 3398 2519 μόνον
3466 2446 3566 2509 τῆς
3644 2440 3891 2516 ματαίας

2206 2539 2359 2613 ὑμῶν
2394 2535 2623 2600 ἐλπίδος
2676 2538 2968 2613 εὑράμενοι
3014 2537 3078 2592 τὸ
3126 2537 3313 2611 πέρας·
3364 2531 3491 2589 οὐδὲ
3528 2530 3727 2593 αὐτούς
3770 2522 3890 2585 οἷοί

2203 2649 2264 2684 τε
2294 2624 2444 2691 ὄντες
2496 2626 2785 2703 οἴκτεῖραι,
2838 2625 2970 2696 ἀλλ,
3002 2623 3129 2682 οὐδὲ
3174 2629 3294 2687 τοῖς
3336 2620 3690 2679 κατελεοῦσιν
3735 2622 3892 2693 ὑμᾶς

2204 2724 2309 2788 τῆς
2366 2715 2584 2787 πλάνης
2644 2714 2949 2788 ἐπιτήδειοι
3004 2714 3279 2779 πείθεσθαι
3337 2712 3570 2789 γίνεσθε,
3624 2710 3895 2781 συνηθείᾳ

2206 2810 2349 2882 κακῇ
2407 2803 2871 2880 δεδουλῳμενοῖ,
2928 2809 2997 2875 ἧς
3057 2804 3489 2880 ἀπηρτημένοι,
3550 2799 3891 2876 αὐθαίρετοι,

2216 2897 2384 2972 μέχρι
2414 2902 2515 2964 τῆς
2563 2894 2802 2971 ἐσχάτης
2863 2896 3158 2964 ἀναπνοῆς,
3219 2893 3295 2955 εἰς
3348 2889 3626 2947 ἀπώλειαν
3681 2886 3895 2968 ὑποφέ-

2212 2997 2387 3062 ρεσθε·
2445 2987 2569 3043 Ὃτι
2627 2986 2690 3040 τὸ
2746 2989 2860 3064 φῶς
2912 2984 3178 3056 ἐλήλυθεν
3232 2983 3311 3046 είς
3363 2983 3457 3037 τὸν
3514 2980 3749 3054 κόσμον,
3789 2981 3886 3034 καὶ

2210 3075 2496 3152 ἠγάπησυν
2536 3077 2588 3130 οἱ
2622 3074 2903 3151 ἄνθρωποι
2964 3071 3182 3148 μᾶλλον
3223 3073 3287 3129 τὸ
3319 3071 3509 3134 σκότος
3558 3071 3595 3141 ἢ
3624 3069 3687 3125 τὸ
3738 3072 3883 3147 φῶς·

2213 3165 2328 3237 ἐξὸν
2370 3164 2750 3239 ἀπομάξασθαι
2799 3166 2866 3220 τά
2914 3161 3172 3237 ἐμποδὼν
3206 3164 3274 3236 τῇ
3332 3160 3596 3234 σωτηρίᾳ,
3646 3157 3737 3215 καὶ
3785 3159 3882 3214 τὸν

2207 3254 2403 3333 τῦφον,
2459 3254 2550 3310 καὶ
2595 3254 2690 3310 τὸν
2734 3252 3000 3323 πλοῦτον,
3050 3252 3141 3308 καὶ
3183 3252 3274 3307 τὸν
3308 3246 3500 3329 φόϐον,
3548 3248 3883 3327 ἐπιφθεγγο-

2213 3345 2407 3418 μὲνους
2434 3344 2498 3400 τὸ
2520 3345 2810 3415 ποιητικὸν
2842 3342 2909 3414 δὴ
2941 3346 3123 3399 τοῦτο·

437 3440 718 3511 inquam,
753 3434 1130 3509 agriculturae
1163 3449 1426 3505 operam,
1464 3433 1512 3488 si
1545 3433 1805 3505 agricola
1828 3450 1890 3489 es
1925 3456 1940 3501 ;
1973 3435 2215 3491 interim
2250 3436 2392 3492 dum
2424 3453 2597 3510 agros
2628 3435 2797 3501 colis,
2831 3436 3018 3491 Deum
3049 3450 3361 3506 cognosce.
3394 3431 3628 3503 Naviga,
3652 3428 3755 3501 qui
3782 3428 3870 3483 rei

443 3529 703 3585 nauticae
737 3524 975 3580 deditus
1008 3540 1072 3579 es
1106 3541 1120 3588 ;
1164 3539 1286 3577 non
1334 3528 1472 3578 ante
1524 3527 1748 3594 tamen,
1783 3539 1961 3595 quam
2007 3524 2309 3581 caelestem
2358 3524 2819 3599 gubernatorem
2872 3524 3260 3580 invocaveris.
3295 3521 3652 3577 Militantem
3686 3523 3745 3573 te
3772 3517 3880 3573 de-

444 3606 768 3692 prehendit
798 3613 1101 3687 cognitio?
1131 3613 1267 3667 audi
1299 3612 1745 3684 imperatorem,
1772 3614 1873 3684 qui
1905 3613 1993 3668 nil
2028 3614 2157 3684 tibi,
2192 3615 2310 3671 nisi
2344 3615 2503 3687 quod
2537 3615 2770 3687 justum
2822 3618 2933 3680 est,
2983 3613 3258 3685 imperat.
3291 3610 3550 3667 Proinde
3592 3615 3879 3679 tanquam

440 3694 576 3764 vino
629 3723 695 3763 ac
746 3720 959 3777 sopore
1007 3703 1254 3776 gravati,
1286 3700 1478 3756 redite
1532 3702 1772 3757 tandem
1827 3703 1900 3758 ad
1956 3706 2388 3777 vosmetipsos:
2446 3706 2789 3777 apertisque
2846 3702 3289 3775 aliquantulum
3339 3702 3550 3770 oculis,
3601 3697 3873 3770 dispicite

440 3796 698 3870 lapides,
732 3794 833 3867 qui
865 3811 901 3850 a
929 3792 1093 3848 vobis
1147 3791 1447 3859 coluntur,
1482 3796 1542 3847 et
1571 3797 1863 3864 sumptus,
1908 3810 2057 3865 quos
2089 3795 2150 3849 in
2176 3795 2491 3850 materiam
2520 3795 2743 3850 frustra
2771 3793 3142 3865 impenditis,
3171 3792 3458 3865 quidnam
3508 3789 3621 3847 sibi
3671 3787 3874 3843 velint.

440 3889 594 3959 Opes
625 3888 872 3951 vestras,
906 3899 973 3938 ac
1001 3880 1316 3937 facultates
1347 3881 1407 3936 in
1440 3881 1861 3954 ignorantiam,
1894 3884 2397 3955 quemadmodum
2429 3885 2622 3956 ipsam
2654 3900 2890 3956 quoque
2939 3884 3119 3938 vitam
3151 3884 3213 3938 in
3242 3889 3496 3939 mortem
3550 3877 3876 3947 eﬂ‘unditis,

444 3981 625 4046 atque
656 3974 717 4028 in
748 3972 862 4027 hac
895 3971 1023 4028 sola
1050 3986 1215 4026 vanas
1244 3973 1452 4026 vestra:
1483 3972 1607 4043 spei
1640 3972 1821 4027 ﬁnem
1853 3975 2151 4046 reperitis.
2179 3974 2426 4030 Interim
2467 3973 2614 4030 adeo
2664 3972 2987 4045 mancipati
3018 3988 3211 4044 prasz
3260 3968 3682 4028 consuetudini
3713 3966 3876 4033 estis,

440 4069 511 4120 ut
536 4079 648 4119 nec
679 4065 942 4116 vestrum
973 4061 1089 4132 ipsi
1133 4059 1427 4129 misereri,
1459 4077 1655 4133 neque
1686 4062 1801 4130 his,
1844 4080 1993 4135 quos
2054 4063 2362 4119 misertum
2425 4067 2513 4119 est
2541 4063 2719 4119 vestri
2772 4062 3013 4130 erroris,
3043 4079 3273 4118 morem
3330 4076 3535 4135 gerere
3588 4056 3831 4132 possitis
3863 4073 3879 4123 ;

439 4168 647 4209 verum
686 4167 756 4207 ea
783 4150 1081 4222 suspensi,
1114 4149 1188 4205 ad
1220 4154 1551 4207 extremum
1599 4168 1787 4225 usque
1824 4152 2099 4224 spiritum
2144 4151 2301 4208 ultro
2352 4152 2414 4207 in
2459 4153 2787 4225 perniciem
2835 4157 3087 4208 vestram
3133 4152 3327 4208 ruitis.
3381 4153 3500 4206 Lux
3535 4149 3688 4205 enim
3733 4149 3894 4203 venit

439 4247 499 4301 in
533 4243 823 4310 mundum,
855 4241 947 4299 sed
975 4240 1302 4298 dilexerunt
1332 4245 1585 4300 homines
1610 4242 1798 4315 potius
1830 4244 2087 4300 tenebras
2116 4260 2285 4315 quam
2316 4244 2491 4300 lucem
2526 4244 2572 4281 ¹²
2601 4261 2615 4299 :
2669 4260 2802 4300 cum
2846 4259 2935 4312 ea,
2974 4260 3105 4315 qua;
3138 4243 3314 4299 saluti
3347 4243 3604 4308 obstant,
3633 4239 3886 4307 fastum,

440 4339 501 4391 et
525 4333 781 4401 divitias,
814 4335 874 4388 et
904 4331 1203 4400 timorem,
1236 4331 1349 4387 hoc
1381 4331 1537 4389 dicto
1577 4332 1809 4405 poetico
1841 4332 2178 4407 abstergere
2212 4333 2519 4390 licuisset:

510 4452 635 4521 Quo
660 4450 783 4505 lam
813 4446 913 4503 has
960 4447 1209 4520 ingentes
1256 4463 1381 4520 opes
1430 4449 1547 4519 fero
1580 4450 1606 4501 .'
1652 4463 1759 4519 quo
1810 4456 1997 4591 aufem
2042 4453 2099 4503 et

1912 4534 2030 4591 ipse

512 4594 662 4649 Erro
684 4594 709 4645 .9
1889 4534 2030 4591 [ipse

2280 4447 2364 4517 Πῆ
2412 4444 2479 4517 δὴ
2531 4448 2644 4522 (73)
2695 4448 2959 4522 χρήματα
3020 4443 3209 4503 πολλᾶ
3246 4447 3395 4522 φέρω
3441 4440 3613 4513 τάδε;
3677 4450 3756 4513 πῆ
3818 4442 3885 4500 δὲ

2330 4589 2343 4593 _
2389 4592 2393 4593 ί
3454 4520 3569 4593 [καὶ
3600 4515 3762 4579 αὐτὸς

2281 4589 2571 4663 Πλάζομαι
2606 4609 2621 4660 ;

514 4762 580 4828 ›ι‹
608 4760 675 4818 P.
707 4759 776 4814 so
800 4759 917 4831 ED.
945 4759 1242 4831 roman,
1277 4757 1346 4812 63
1379 4756 1494 4812 El).
1527 4757 1758 4815 PARIS.
1791 4758 1813 4792 ι
1843 4757 2046 4814 Matth.
2081 4776 2094 4806 η

2208 4802 2219 4828 ,
2254 4762 2340 4816 10.
2374 4760 2396 4794 ο
2432 4758 2600 4815 Joan.
2651 4774 2767 4825 xxv,
2802 4761 2853 4813 6.
2890 4758 2935 4797 ¹⁰
2964 4761 3165 4816 Matth.
3197 4777 3294 4831 vn,
3330 4764 3417 4830 13,
3470 4762 3557 4817 14.
3602 4764 3647 4798 ¹¹
3700 4762 3872 4817 Joan.

445 4848 530 4904 In,
565 4832 652 4903 13,
685 4833 773 4886 31.
805 4831 851 4867 ¹²
879 4829 1028 4885 Ibid.
1064 4829 1152 4883 19.

514 5012 626 5085 (66)
657 5009 870 5085 φέρων.
895 5007 1057 5085 Φέρε-ι
1091 5008 1230 5085 va.
1263 5006 1677 5085 Momuul‘p'ctp
1714 5027 1778 5082 γε
1807 5028 1900 5085 φρ.
1936 5011 2098 5066 SYLB.

515 5077 627 5156 (67)
654 5083 712 5156 '_0
738 5077 1257 5156 'a’tvop._Ai-t_iculum
1289 5079 1510 5135 omittit
1533 5077 1670 5156 Nov.

512 5148 623 5228 (68)
654 5148 866 5228 Ἕχειν’.
895 5151 987 5205 Sic
1018 5149 1335 5228 legendum
1366 5167 1472 5228 pro
1503 5153 1734 5228 vulgato
1781 5148 1920 5226 ἕχει.
1964 5153 2098 5207 8η-

440 5221 616 5283 Βυίιοί
642 5221 931 5283 -Ὀιιᾶῐῐι
962 5221 1393 5277 correctionem
1424 5221 1630 5281 ﬁrmat
1646 5226 1785 5280 Nov.

514 5298 628 5369 (69)
658 5289 835 5372 dmiov
866 5289 1146 5372 o6pa'tv12v.
1176 5291 1456 5372 _O6p_a'tv:ov
1509 5295 1672 5372 φυτόν
1725 5312 1853 5350 esse
1903 5295 2101 5372 homi-

437 5363 1409 5445 nem,tradit-etiatn'Plutarchus
1439 5363 1569 5443 Περὶ
1597 5371 1795 5445 φυγῆς,
1830 5372 1889 5421 et
1906 5366 2095 5435 Plato,

435 5442 500 5497 in
526 5434 717 5496 Timaei
746 5435 998 5509 epilogo.
1142 5436 1413 5493 SYLBURG.

681 5501 942 5585 Ἐφ’όδιον
1017 5504 1241 5585 aldi-mou
1278 5551 1292 5575 ,
1352 5504 1656 5573 θεοσέϐειαν
1692 5551 1705 5563 .
1782 5501 2097 5585 Θεοσὲᾼϐειαν

439 5579 662 5638 omittit
681 5579 815 5635 Nov.
845 5579 1158 5651 Gregorius
1181 5581 1514 5650 Thaumat.,
1534 5586 1808 5650 Pancgyr.
1833 5583 1891 5634 in
1919 5582 2095 5651 0rig.,

442 5671 508 5726 p._
537 5654 732 5726 56-57,
765 5652 907 5726 edit.
940 5651 1150 5717 Paris.,
1177 5652 1322 5708 dicit
1348 5656 1551 5722 Legum
1569 5652 1945 5723 disciplinam
1967 5669 2097 5709 esse

444 5719 704 5818 ξέγιξτόν
762 5719 1011 5818 ἐφόᾷιον,
1048 5719 1739 5818 τζηαατὶηιιιγη,ἐπιδείάιξιιηῇ
1794 5726 2096 5818 Oratoriaa.

464 5791 722 5871 Εςρόδιον,
745 5791 1028 5854 viaticum.
1047 5795 1305 5863 Persius,
1326 5802 1435 5851 sat.
1456 5814 1506 5865 v,
1526 5798 1683 5866 v.64,
1697 5791 1771 5851 de
1785 5799 2095 5868 sapientia:

2286 5050 2360 5086 .77.
2403 5050 2419 5065 .
2453 5013 2627 5086 petite
2657 5012 2803 5080 hinc,
2827 5013 3186 5085 juvenesque,
3219 5032 3495 5086 senesque,

2282 5085 2491 5157 Finem
2518 5085 2703 5157 animo
2752 5090 2960 5157 certum
3004 5089 3323 5157 miserisque
3370 5085 3570 5144 uiatico
3622 5091 3795 5146 canis.

2212 5224 2223 5235 .
2281 5153 2397 5225 (71)
2426 5151 2808 5236 ΠλῆθξκἌντὶ
2837 5158 2934 5210 τοῦ
2981 5151 3245 5227 πλεῦσονξ
3296 5159 3600 5216 adnotavit
3646 5160 3869 5232 aliquis

2208 5228 2271 5279 in
2293 5228 2569 5299 margine
2596 5228 2734 5299 Nov.

2282 5297 2394 5376 (‘72)
2427 5296 2825 5376 Epputvov-coc.
2877 5301 3003 5355 Non
3049 5302 3433 5373 signiﬁcantis,
3466 5309 3532 5359 ut
3557 5321 3686 5376 exp.
3722 5306 3870 5359 Her-

2208 5373 2345 5437 vet.,
2381 5369 2483 5424 sed
2517 5373 2860 5441 imperantis,
2908 5385 3024 5442 quo
3052 5369 3233 5429 sensu
3265 5369 3555 5431 Homerus
3584 5369 3694 5431 hac
3724 5394 3865 5432 voce

2211 5457 2366 5511 saape
2398 5458 2541 5523 usus
2572 5447 2680 5524 est,
2712 5444 2876 5524 It..A,
2925 5460 2975 5498 ν.
3008 5445 3153 5509 296;
3205 5447 3253 5500 Il
3296 5448 3360 5515 Κ,
3411 5465 3459 5501 v.
3508 5447 3614 5529 68;
3666 5448 3733 5502 Il.
3788 5450 3863 5517 Ξ,

2209 5530 2257 5589 v.
2294 5513 2381 5566 85.
2414 5514 2566 5589 Qum
2599 5520 2777 5589 etiam
2801 5531 2862 5568 in
2894 5531 2983 5583 eo,
3017 5517 3175 5587 quod
3206 5519 3496 5589 sequitur,
3525 5518 3747 5575 imitari
3777 5520 3863 5577 vi-

2208 5584 2392 5655 detur
2412 5585 2648 5655 Homeri
2671 5586 2857 5655 Odyss.
2890 5589 2949 5654 Γ,
2980 5604 3013 5641 v
3035 5584 3168 5643 ‘139
3194 5607 3206 5643 :

2281 5650 2419 5731 ,δ’
2448 5653 2622 5723 ἦλθον
2657 5650 2790 5727 οἷνῴ
2837 5650 3205 5731 βεβαρηκότες
3233 5662 3344 5721 υἷες
3375 5662 3642 5731 Ἀχαιῶν.

2279 5728 2522 5804 Ιίιὶλυςᾳνο
2548 5734 2815 5804 perierunt
2845 5728 2985 5804 uiuo
3002 5735 3225 5804 gravati
3267 5735 3376 5804 ﬁlii
3419 5728 3783 5793 Achivorum.

2279 5800 2398 5872 (7.))
2427 5799 2510 5867 [Ιῆ
2544 5795 2635 5869 δή.
2670 5799 2894 5871 Ulyssis
2920 5795 3098 5859 verba
3122 5795 3384 5861 Ithacam
3415 5809 3669 5879 patriam
3691 5809 3859 5881 igno-
