  <div class='ocr_page' id='page_1' title='image "/cluster/home/n/w/nwhite01/storage/ocr_20150623/8/coo.31924054872878/117.png"; bbox 0 0 4124 6426; ppageno 0'>
   <div class='ocr_carea' id='block_1_1' title="bbox 306 382 417 441">
    <p class='ocr_par' dir='ltr' id='par_1_1' title="bbox 306 382 417 441">
     <span class='ocr_line' id='line_1_1' title="bbox 306 382 417 441; baseline -0.009 0"><span class='ocrx_word' id='word_1_1' title='bbox 306 382 417 441; x_wconf 86' lang='grc'><strong>219</strong></span> 
     </span>
    </p>
   </div>
   <div class='ocr_carea' id='block_1_2' title="bbox 1545 382 2502 441">
    <p class='ocr_par' dir='ltr' id='par_1_2' title="bbox 1545 382 2502 441">
     <span class='ocr_line' id='line_1_2' title="bbox 1545 382 2502 441; baseline 0.001 -2"><span class='ocrx_word' id='word_1_2' title='bbox 1545 383 1958 439; x_wconf 72' lang='lat' dir='ltr'><strong>CLEMENTIB</strong></span> <span class='ocrx_word' id='word_1_3' title='bbox 1996 382 2502 441; x_wconf 73' lang='lat' dir='ltr'><strong>ALEXANDRINI</strong></span> 
     </span>
    </p>
   </div>
   <div class='ocr_carea' id='block_1_3' title="bbox 3626 383 3742 442">
    <p class='ocr_par' dir='ltr' id='par_1_3' title="bbox 3626 383 3742 442">
     <span class='ocr_line' id='line_1_3' title="bbox 3626 383 3742 442; baseline 0 0"><span class='ocrx_word' id='word_1_4' title='bbox 3626 383 3742 442; x_wconf 87' lang='lat'><strong>220</strong></span> 
     </span>
    </p>
   </div>
   <div class='ocr_carea' id='block_1_4' title="bbox 304 500 1923 579">
    <p class='ocr_par' dir='ltr' id='par_1_4' title="bbox 304 503 1923 576">
     <span class='ocr_line' id='line_1_4' title="bbox 304 503 1923 576; baseline -0.002 -13"><span class='ocrx_word' id='word_1_5' title='bbox 304 508 506 563; x_wconf 87' lang='lat' dir='ltr'><strong>fuerit.</strong></span> <span class='ocrx_word' id='word_1_6' title='bbox 541 507 649 573; x_wconf 89' lang='lat' dir='ltr'><strong>Qui</strong></span> <span class='ocrx_word' id='word_1_7' title='bbox 675 522 810 561; x_wconf 87' lang='lat' dir='ltr'><strong>vero</strong></span> <span class='ocrx_word' id='word_1_8' title='bbox 842 504 900 560; x_wconf 91' lang='lat' dir='ltr'><strong>id</strong></span> <span class='ocrx_word' id='word_1_9' title='bbox 933 520 1053 560; x_wconf 90' lang='lat' dir='ltr'><strong>non</strong></span> <span class='ocrx_word' id='word_1_10' title='bbox 1110 503 1400 572; x_wconf 87' lang='lat' dir='ltr'><strong>sentiunt,</strong></span> <span class='ocrx_word' id='word_1_11' title='bbox 1430 504 1772 576; x_wconf 86' lang='lat' dir='ltr'><strong>persimiles</strong></span> <span class='ocrx_word' id='word_1_12' title='bbox 1822 520 1923 560; x_wconf 86' lang='lat' dir='ltr'><strong>sun</strong></span> 
     </span>
    </p>
   </div>
   <div class='ocr_carea' id='block_1_5' title="bbox 2033 500 3737 579">
    <p class='ocr_par' dir='ltr' id='par_1_5' title="bbox 2033 500 3737 579">
     <span class='ocr_line' id='line_1_5' title="bbox 2033 500 3737 579; baseline 0.004 -21"><span class='ocrx_word' id='word_1_13' title='bbox 2033 504 2225 579; x_wconf 47' lang='grc' dir='ltr'><strong>ιχθονὶ</strong></span> <span class='ocrx_word' id='word_1_14' title='bbox 2286 500 2694 579; x_wconf 78' lang='grc' dir='ltr'>πουλυϐοτείρῃ</span> <span class='ocrx_word' id='word_1_15' title='bbox 2765 501 3045 578; x_wconf 83' lang='grc' dir='ltr'>δαίμονες,</span> <span class='ocrx_word' id='word_1_16' title='bbox 3105 505 3207 561; x_wconf 77' lang='grc' dir='ltr'>οὐκ</span> <span class='ocrx_word' id='word_1_17' title='bbox 3263 504 3544 577; x_wconf 78' lang='grc' dir='ltr'>ἀθάνατοι,</span> <span class='ocrx_word' id='word_1_18' title='bbox 3604 505 3737 565; x_wconf 74' lang='grc' dir='ltr'>οὐδὲ</span> 
     </span>
    </p>
   </div>
   <div class='ocr_carea' id='block_1_6' title="bbox 306 593 1957 667">
    <p class='ocr_par' dir='ltr' id='par_1_6' title="bbox 306 593 1957 667">
     <span class='ocr_line' id='line_1_6' title="bbox 306 593 1957 667; baseline -0.002 -17"><span class='ocrx_word' id='word_1_19' title='bbox 306 597 462 667; x_wconf 88' lang='lat' dir='ltr'><strong>istis,</strong></span> <span class='ocrx_word' id='word_1_20' title='bbox 495 596 593 667; x_wconf 87' lang='lat' dir='ltr'><strong>qui</strong></span> <span class='ocrx_word' id='word_1_21' title='bbox 623 594 1099 665; x_wconf 79' lang='lat' dir='ltr'><strong>mandragoram,</strong></span> <span class='ocrx_word' id='word_1_22' title='bbox 1135 593 1368 648; x_wconf 81' lang='lat' dir='ltr'><strong>aliudve</strong></span> <span class='ocrx_word' id='word_1_23' title='bbox 1410 593 1747 648; x_wconf 85' lang='lat' dir='ltr'><strong>istiusmodi</strong></span> <span class='ocrx_word' id='word_1_24' title='bbox 1782 594 1957 663; x_wconf 88' lang='lat' dir='ltr'><strong>phar-</strong></span> 
     </span>
    </p>
   </div>
   <div class='ocr_carea' id='block_1_7' title="bbox 304 682 1965 753">
    <p class='ocr_par' dir='ltr' id='par_1_7' title="bbox 304 682 1965 753">
     <span class='ocr_line' id='line_1_7' title="bbox 304 682 1965 753; baseline -0.003 -11"><span class='ocrx_word' id='word_1_25' title='bbox 304 703 540 742; x_wconf 88' lang='lat' dir='ltr'><strong>macum</strong></span> <span class='ocrx_word' id='word_1_26' title='bbox 571 685 867 739; x_wconf 89' lang='lat' dir='ltr'><strong>biberunt.</strong></span> <span class='ocrx_word' id='word_1_27' title='bbox 906 684 1060 737; x_wconf 87' lang='lat' dir='ltr'><strong>Deus</strong></span> <span class='ocrx_word' id='word_1_28' title='bbox 1118 688 1320 738; x_wconf 85' lang='lat' dir='ltr'><strong>autem</strong></span> <span class='ocrx_word' id='word_1_29' title='bbox 1363 682 1531 737; x_wconf 80' lang='lat' dir='ltr'><strong>vobis</strong></span> <span class='ocrx_word' id='word_1_30' title='bbox 1560 682 1870 753; x_wconf 83' lang='lat' dir='ltr'><strong>concedat,</strong></span> <span class='ocrx_word' id='word_1_31' title='bbox 1898 687 1965 737; x_wconf 91' lang='lat' dir='ltr'><strong>ut</strong></span> 
     </span>
    </p>
   </div>
   <div class='ocr_carea' id='block_1_8' title="bbox 2078 591 3731 669">
    <p class='ocr_par' dir='ltr' id='par_1_8' title="bbox 2078 591 3731 669">
     <span class='ocr_line' id='line_1_8' title="bbox 2078 591 3731 669; baseline 0.004 -23"><span class='ocrx_word' id='word_1_32' title='bbox 2078 593 2185 665; x_wconf 74' lang='grc' dir='ltr'>μὴν</span> <span class='ocrx_word' id='word_1_33' title='bbox 2240 592 2453 663; x_wconf 75' lang='grc' dir='ltr'>θνητοίο</span> <span class='ocrx_word' id='word_1_34' title='bbox 2517 591 2642 648; x_wconf 68' lang='grc' dir='ltr'><strong>οὐδὲ</strong></span> <span class='ocrx_word' id='word_1_35' title='bbox 2687 594 2790 669; x_wconf 72' lang='grc' dir='ltr'>γὰρ</span> <span class='ocrx_word' id='word_1_36' title='bbox 2848 593 3158 665; x_wconf 72' lang='grc' dir='ltr'>αἰσθήσεως</span> <span class='ocrx_word' id='word_1_37' title='bbox 3211 591 3306 650; x_wconf 69' lang='grc' dir='ltr'>’ἱνα</span> <span class='ocrx_word' id='word_1_38' title='bbox 3354 596 3442 651; x_wconf 77' lang='grc' dir='ltr'>καὶ</span> <span class='ocrx_word' id='word_1_39' title='bbox 3477 597 3731 667; x_wconf 79' lang='grc' dir='ltr'>θανάτου,</span> 
     </span>
    </p>
   </div>
   <div class='ocr_carea' id='block_1_9' title="bbox 2075 680 3730 760">
    <p class='ocr_par' dir='ltr' id='par_1_9' title="bbox 2075 680 3730 760">
     <span class='ocr_line' id='line_1_9' title="bbox 2075 680 3730 760; baseline 0.002 -23"><span class='ocrx_word' id='word_1_40' title='bbox 2075 680 2490 757; x_wconf 75' lang='grc' dir='ltr'>μετειλήφασιν·</span> <span class='ocrx_word' id='word_1_41' title='bbox 2526 681 2727 738; x_wconf 77' lang='grc' dir='ltr'><strong>λίθινοι</strong></span> <span class='ocrx_word' id='word_1_42' title='bbox 2759 680 2816 737; x_wconf 76' lang='grc' dir='ltr'><strong>δὲ</strong></span> <span class='ocrx_word' id='word_1_43' title='bbox 2845 682 2933 738; x_wconf 75' lang='grc' dir='ltr'><strong>καὶ</strong></span> <span class='ocrx_word' id='word_1_44' title='bbox 2967 682 3196 755; x_wconf 74' lang='grc' dir='ltr'>ξύλινοι,</span> <span class='ocrx_word' id='word_1_45' title='bbox 3231 681 3490 741; x_wconf 83' lang='grc' dir='ltr'>δεσπόται</span> <span class='ocrx_word' id='word_1_46' title='bbox 3520 684 3730 760; x_wconf 72' lang='grc' dir='ltr'>ἀνθρώ-</span> 
     </span>
    </p>
   </div>
   <div class='ocr_carea' id='block_1_10' title="bbox 303 766 1923 851">
    <p class='ocr_par' dir='ltr' id='par_1_10' title="bbox 303 772 1923 845">
     <span class='ocr_line' id='line_1_10' title="bbox 303 772 1923 845; baseline -0.002 -15"><span class='ocrx_word' id='word_1_47' title='bbox 303 793 374 830; x_wconf 82' lang='lat' dir='ltr'><strong>ex</strong></span> <span class='ocrx_word' id='word_1_48' title='bbox 406 776 517 830; x_wconf 91' lang='lat' dir='ltr'><strong>hoc</strong></span> <span class='ocrx_word' id='word_1_49' title='bbox 547 790 760 830; x_wconf 83' lang='lat' dir='ltr'><strong>somno</strong></span> <span class='ocrx_word' id='word_1_50' title='bbox 790 772 1036 829; x_wconf 83' lang='lat' dir='ltr'><strong>tandem</strong></span> <span class='ocrx_word' id='word_1_51' title='bbox 1070 774 1423 844; x_wconf 80' lang='lat' dir='ltr'><strong>experrecti,</strong></span> <span class='ocrx_word' id='word_1_52' title='bbox 1443 774 1641 845; x_wconf 87' lang='lat' dir='ltr'><strong>ipsum</strong></span> <span class='ocrx_word' id='word_1_53' title='bbox 1664 772 1923 844; x_wconf 88' lang='lat' dir='ltr'><strong>percipia</strong></span> 
     </span>
    </p>
   </div>
   <div class='ocr_carea' id='block_1_11' title="bbox 2033 766 3730 851">
    <p class='ocr_par' dir='ltr' id='par_1_11' title="bbox 2068 766 3730 851">
     <span class='ocr_line' id='line_1_11' title="bbox 2068 766 3730 851; baseline 0.004 -27"><span class='ocrx_word' id='word_1_54' title='bbox 2068 791 2208 845; x_wconf 86' lang='grc' dir='ltr'>πων,</span> <span class='ocrx_word' id='word_1_55' title='bbox 2256 766 2565 847; x_wconf 79' lang='grc' dir='ltr'>ὑϐρίζοντες</span> <span class='ocrx_word' id='word_1_56' title='bbox 2628 772 2719 829; x_wconf 83' lang='grc' dir='ltr'><strong>καὶ</strong></span> <span class='ocrx_word' id='word_1_57' title='bbox 2777 770 3292 849; x_wconf 83' lang='grc' dir='ltr'>παρασπονδοῦντες</span> <span class='ocrx_word' id='word_1_58' title='bbox 3336 775 3429 833; x_wconf 84' lang='grc' dir='ltr'><strong>τὸν</strong></span> <span class='ocrx_word' id='word_1_59' title='bbox 3486 774 3602 851; x_wconf 87' lang='grc' dir='ltr'>βίον</span> <span class='ocrx_word' id='word_1_60' title='bbox 3636 772 3730 831; x_wconf 78' lang='grc' dir='ltr'>διὰ</span> 
     </span>
    </p>
   </div>
   <div class='ocr_carea' id='block_1_12' title="bbox 302 858 1923 939">
    <p class='ocr_par' dir='ltr' id='par_1_12' title="bbox 302 862 1922 935">
     <span class='ocr_line' id='line_1_12' title="bbox 302 862 1922 935; baseline -0.001 -16"><span class='ocrx_word' id='word_1_61' title='bbox 302 865 414 932; x_wconf 88' lang='lat' dir='ltr'><strong>tis;</strong></span> <span class='ocrx_word' id='word_1_62' title='bbox 448 881 557 919; x_wconf 88' lang='lat' dir='ltr'><strong>nec</strong></span> <span class='ocrx_word' id='word_1_63' title='bbox 586 862 753 919; x_wconf 85' lang='lat' dir='ltr'><strong>vobis</strong></span> <span class='ocrx_word' id='word_1_64' title='bbox 806 879 1040 934; x_wconf 82' lang='lat' dir='ltr'><strong>aurum,</strong></span> <span class='ocrx_word' id='word_1_65' title='bbox 1102 878 1213 919; x_wconf 89' lang='lat' dir='ltr'><strong>nec</strong></span> <span class='ocrx_word' id='word_1_66' title='bbox 1267 863 1443 935; x_wconf 87' lang='lat' dir='ltr'><strong>lapis,</strong></span> <span class='ocrx_word' id='word_1_67' title='bbox 1476 863 1816 934; x_wconf 60' lang='lat' dir='ltr'><strong>nec:arbor,</strong></span> <span class='ocrx_word' id='word_1_68' title='bbox 1848 878 1922 919; x_wconf 91' lang='lat' dir='ltr'><strong>ne</strong></span> 
     </span>
    </p>
   </div>
   <div class='ocr_carea' id='block_1_13' title="bbox 2033 858 3727 939">
    <p class='ocr_par' dir='ltr' id='par_1_13' title="bbox 2065 858 3727 939">
     <span class='ocr_line' id='line_1_13' title="bbox 2065 858 3727 939; baseline 0.004 -24"><span class='ocrx_word' id='word_1_69' title='bbox 2065 866 2167 931; x_wconf 83' lang='grc' dir='ltr'><strong>τῆς</strong></span> <span class='ocrx_word' id='word_1_70' title='bbox 2198 861 2503 931; x_wconf 80' lang='grc' dir='ltr'>συνηθείας.</span> <span class='ocrx_word' id='word_1_71' title='bbox 2553 863 2614 918; x_wconf 87' lang='lat' dir='ltr'><strong>&#39;H</strong></span> <span class='ocrx_word' id='word_1_72' title='bbox 2676 867 2745 937; x_wconf 83' lang='grc' dir='ltr'><strong>γῆ</strong></span> <span class='ocrx_word' id='word_1_73' title='bbox 2800 858 2879 931; x_wconf 78' lang='grc' dir='ltr'>δὲ,</span> <span class='ocrx_word' id='word_1_74' title='bbox 2938 865 3037 917; x_wconf 87' lang='grc' dir='ltr'><strong>τοῦ</strong></span> <span class='ocrx_word' id='word_1_75' title='bbox 3077 861 3306 936; x_wconf 79' lang='grc' dir='ltr'><strong>Κυρίου,</strong></span> <span class='ocrx_word' id='word_1_76' title='bbox 3341 863 3497 939; x_wconf 78' lang='grc' dir='ltr'>φησὶ,</span> <span class='ocrx_word' id='word_1_77' title='bbox 3541 863 3727 923; x_wconf 82' lang='grc' dir='ltr'>καὶτὸ</span> 
     </span>
    </p>
   </div>
   <div class='ocr_carea' id='block_1_14' title="bbox 297 948 1923 1030">
    <p class='ocr_par' dir='ltr' id='par_1_14' title="bbox 297 952 1918 1025">
     <span class='ocr_line' id='line_1_14' title="bbox 297 952 1918 1025; baseline -0.003 -14"><span class='ocrx_word' id='word_1_78' title='bbox 297 953 472 1022; x_wconf 80' lang='lat' dir='ltr'><strong>actio,</strong></span> <span class='ocrx_word' id='word_1_79' title='bbox 504 969 617 1009; x_wconf 87' lang='lat' dir='ltr'><strong>nec</strong></span> <span class='ocrx_word' id='word_1_80' title='bbox 646 952 906 1021; x_wconf 71' lang='lat' dir='ltr'><strong>affectio,</strong></span> <span class='ocrx_word' id='word_1_81' title='bbox 967 969 1079 1009; x_wconf 89' lang='lat' dir='ltr'><strong>nec</strong></span> <span class='ocrx_word' id='word_1_82' title='bbox 1139 952 1405 1021; x_wconf 85' lang='lat' dir='ltr'><strong>morbus,</strong></span> <span class='ocrx_word' id='word_1_83' title='bbox 1444 969 1555 1009; x_wconf 88' lang='lat' dir='ltr'><strong>nec</strong></span> <span class='ocrx_word' id='word_1_84' title='bbox 1587 958 1805 1025; x_wconf 89' lang='lat' dir='ltr'><strong>metus,</strong></span> <span class='ocrx_word' id='word_1_85' title='bbox 1838 953 1918 1009; x_wconf 90' lang='lat' dir='ltr'><strong>De</strong></span> 
     </span>
    </p>
   </div>
   <div class='ocr_carea' id='block_1_15' title="bbox 2033 948 3719 1030">
    <p class='ocr_par' dir='ltr' id='par_1_15' title="bbox 2064 948 3719 1030">
     <span class='ocr_line' id='line_1_15' title="bbox 2064 948 3719 1030; baseline 0.002 -25"><span class='ocrx_word' id='word_1_86' title='bbox 2064 948 2351 1027; x_wconf 74' lang='grc' dir='ltr'>πλήρωμα</span> <span class='ocrx_word' id='word_1_87' title='bbox 2381 950 2569 1018; x_wconf 79' lang='grc' dir='ltr'>αὐτῆς.</span> <span class='ocrx_word' id='word_1_88' title='bbox 2607 952 2738 1011; x_wconf 78' lang='grc' dir='ltr'>Εἶτα</span> <span class='ocrx_word' id='word_1_89' title='bbox 2783 951 2835 1006; x_wconf 86' lang='grc' dir='ltr'><strong>τί</strong></span> <span class='ocrx_word' id='word_1_90' title='bbox 2882 949 3096 1025; x_wconf 81' lang='grc' dir='ltr'>τολμᾷς</span> <span class='ocrx_word' id='word_1_91' title='bbox 3143 950 3196 1006; x_wconf 79' lang='grc' dir='ltr'>ἐν</span> <span class='ocrx_word' id='word_1_92' title='bbox 3228 956 3348 1015; x_wconf 84' lang='grc' dir='ltr'>τοῖς</span> <span class='ocrx_word' id='word_1_93' title='bbox 3376 956 3474 1007; x_wconf 86' lang='grc' dir='ltr'><strong>τοῦ</strong></span> <span class='ocrx_word' id='word_1_94' title='bbox 3506 955 3719 1030; x_wconf 81' lang='grc' dir='ltr'>Κυρίου</span> 
     </span>
    </p>
   </div>
   <div class='ocr_carea' id='block_1_16' title="bbox 297 1041 1416 1099">
    <p class='ocr_par' dir='ltr' id='par_1_16' title="bbox 297 1041 1416 1099">
     <span class='ocr_line' id='line_1_16' title="bbox 297 1041 1416 1099; baseline -0.002 0"><span class='ocrx_word' id='word_1_95' title='bbox 297 1041 510 1099; x_wconf 81' lang='lat' dir='ltr'><strong>similis</strong></span> <span class='ocrx_word' id='word_1_96' title='bbox 542 1042 832 1099; x_wconf 88' lang='lat' dir='ltr'><strong>videatur.</strong></span> <span class='ocrx_word' id='word_1_97' title='bbox 862 1041 1003 1099; x_wconf 83' lang='lat' dir='ltr'><strong>Nam</strong></span> <span class='ocrx_word' id='word_1_98' title='bbox 1033 1042 1191 1097; x_wconf 86' lang='lat' dir='ltr'>haud</span> <span class='ocrx_word' id='word_1_99' title='bbox 1219 1042 1416 1098; x_wconf 87' lang='lat' dir='ltr'><strong>dubie.</strong></span> 
     </span>
    </p>
   </div>
   <div class='ocr_carea' id='block_1_17' title="bbox 2061 1039 3707 1118">
    <p class='ocr_par' dir='ltr' id='par_1_17' title="bbox 2061 1039 3707 1118">
     <span class='ocr_line' id='line_1_17' title="bbox 2061 1039 3707 1118; baseline 0.002 -23"><span class='ocrx_word' id='word_1_100' title='bbox 2061 1044 2303 1117; x_wconf 76' lang='grc' dir='ltr'>τρυφῶν,</span> <span class='ocrx_word' id='word_1_101' title='bbox 2337 1040 2546 1117; x_wconf 81' lang='grc' dir='ltr'>ἀγνοεῖν</span> <span class='ocrx_word' id='word_1_102' title='bbox 2602 1041 2696 1097; x_wconf 86' lang='grc' dir='ltr'>τὸν</span> <span class='ocrx_word' id='word_1_103' title='bbox 2758 1040 3033 1112; x_wconf 81' lang='grc' dir='ltr'>Δεσπότην</span> <span class='ocrx_word' id='word_1_104' title='bbox 3061 1059 3075 1110; x_wconf 86' lang='grc'><strong>;</strong></span> <span class='ocrx_word' id='word_1_105' title='bbox 3135 1039 3443 1098; x_wconf 83' lang='grc' dir='ltr'>Κατάλειπε</span> <span class='ocrx_word' id='word_1_106' title='bbox 3469 1043 3570 1117; x_wconf 70' lang='grc' dir='ltr'>τὴν</span> <span class='ocrx_word' id='word_1_107' title='bbox 3602 1049 3707 1118; x_wconf 79' lang='grc' dir='ltr'>γῆν</span> 
     </span>
    </p>
   </div>
   <div class='ocr_carea' id='block_1_18' title="bbox 2060 1128 3724 1209">
    <p class='ocr_par' dir='ltr' id='par_1_18' title="bbox 2060 1128 3724 1209">
     <span class='ocr_line' id='line_1_18' title="bbox 2060 1128 3724 1209; baseline 0.002 -24"><span class='ocrx_word' id='word_1_108' title='bbox 2060 1130 2159 1199; x_wconf 86' lang='grc' dir='ltr'><strong>τήν</strong></span> <span class='ocrx_word' id='word_1_109' title='bbox 2201 1129 2366 1204; x_wconf 76' lang='grc' dir='ltr'>ἐμὴν,</span> <span class='ocrx_word' id='word_1_110' title='bbox 2396 1128 2509 1205; x_wconf 78' lang='grc' dir='ltr'>ἐρεῖ</span> <span class='ocrx_word' id='word_1_111' title='bbox 2538 1151 2621 1186; x_wconf 90' lang='grc' dir='ltr'><strong>σοι</strong></span> <span class='ocrx_word' id='word_1_112' title='bbox 2656 1131 2684 1187; x_wconf 89' lang='grc' dir='ltr'>ὁ</span> <span class='ocrx_word' id='word_1_113' title='bbox 2725 1129 2943 1205; x_wconf 82' lang='grc' dir='ltr'>Κύριος·</span> <span class='ocrx_word' id='word_1_114' title='bbox 2995 1131 3072 1205; x_wconf 78' lang='grc' dir='ltr'>μή</span> <span class='ocrx_word' id='word_1_115' title='bbox 3126 1130 3285 1209; x_wconf 79' lang='grc' dir='ltr'>θίγῃς</span> <span class='ocrx_word' id='word_1_116' title='bbox 3309 1134 3406 1186; x_wconf 88' lang='grc' dir='ltr'><strong>τοῦ</strong></span> <span class='ocrx_word' id='word_1_117' title='bbox 3439 1128 3654 1201; x_wconf 74' lang='grc' dir='ltr'>ὕδατος,</span> <span class='ocrx_word' id='word_1_118' title='bbox 3689 1131 3724 1188; x_wconf 76' lang='grc' dir='ltr'>ὅ</span> 
     </span>
    </p>
   </div>
   <div class='ocr_carea' id='block_1_19' title="bbox 366 1215 1923 1299">
    <p class='ocr_par' dir='ltr' id='par_1_19' title="bbox 366 1220 1923 1294">
     <span class='ocr_line' id='line_1_19' title="bbox 366 1220 1923 1294; baseline -0.001 -16"><span class='ocrx_word' id='word_1_119' title='bbox 366 1222 467 1278; x_wconf 85' lang='lat' dir='ltr'><strong>Ter</strong></span> <span class='ocrx_word' id='word_1_120' title='bbox 491 1221 672 1279; x_wconf 70' lang='lat' dir='ltr'><strong>decies</strong></span> <span class='ocrx_word' id='word_1_121' title='bbox 726 1220 887 1279; x_wconf 83' lang='lat' dir='ltr'><strong>mille</strong></span> <span class='ocrx_word' id='word_1_122' title='bbox 943 1224 1070 1278; x_wconf 77' lang='lat' dir='ltr'><strong>sunt</strong></span> <span class='ocrx_word' id='word_1_123' title='bbox 1118 1221 1177 1277; x_wconf 77' lang='lat' dir='ltr'><strong>in</strong></span> <span class='ocrx_word' id='word_1_124' title='bbox 1233 1226 1388 1279; x_wconf 83' lang='lat' dir='ltr'><strong>terra</strong></span> <span class='ocrx_word' id='word_1_125' title='bbox 1441 1222 1644 1278; x_wconf 74' lang='lat' dir='ltr'><strong>multo:</strong></span> <span class='ocrx_word' id='word_1_126' title='bbox 1697 1225 1923 1294; x_wconf 80' lang='lat' dir='ltr'><strong>pascent</strong></span> 
     </span>
    </p>
   </div>
   <div class='ocr_carea' id='block_1_20' title="bbox 2033 1215 3717 1299">
    <p class='ocr_par' dir='ltr' id='par_1_20' title="bbox 2060 1215 3717 1299">
     <span class='ocr_line' id='line_1_20' title="bbox 2060 1215 3717 1299; baseline 0.002 -26"><span class='ocrx_word' id='word_1_127' title='bbox 2060 1216 2167 1295; x_wconf 76' lang='grc' dir='ltr'><strong>ἐγὼ</strong></span> <span class='ocrx_word' id='word_1_128' title='bbox 2195 1215 2526 1293; x_wconf 82' lang='grc' dir='ltr'>ἀναδίδωμι·</span> <span class='ocrx_word' id='word_1_129' title='bbox 2582 1225 2691 1277; x_wconf 82' lang='grc' dir='ltr'><strong>τῶν</strong></span> <span class='ocrx_word' id='word_1_130' title='bbox 2747 1223 2996 1297; x_wconf 83' lang='grc' dir='ltr'>καρπῶν,</span> <span class='ocrx_word' id='word_1_131' title='bbox 3057 1220 3130 1274; x_wconf 85' lang='grc' dir='ltr'>ὧν</span> <span class='ocrx_word' id='word_1_132' title='bbox 3191 1219 3298 1295; x_wconf 83' lang='grc' dir='ltr'><strong>ἐγὼ</strong></span> <span class='ocrx_word' id='word_1_133' title='bbox 3349 1224 3600 1298; x_wconf 80' lang='grc' dir='ltr'>γεωργῶ,</span> <span class='ocrx_word' id='word_1_134' title='bbox 3636 1224 3717 1299; x_wconf 81' lang='grc' dir='ltr'>μή</span> 
     </span>
    </p>
   </div>
   <div class='ocr_carea' id='block_1_21' title="bbox 294 1310 1950 1383">
    <p class='ocr_par' dir='ltr' id='par_1_21' title="bbox 294 1310 1950 1383">
     <span class='ocr_line' id='line_1_21' title="bbox 294 1310 1950 1383; baseline 0.001 -17"><span class='ocrx_word' id='word_1_135' title='bbox 294 1310 623 1379; x_wconf 81' lang='lat' dir='ltr'><strong>daemones,</strong></span> <span class='ocrx_word' id='word_1_136' title='bbox 682 1311 841 1373; x_wconf 83' lang='lat' dir='ltr'>haud</span> <span class='ocrx_word' id='word_1_137' title='bbox 898 1310 1140 1383; x_wconf 87' lang='lat' dir='ltr'>quidem</span> <span class='ocrx_word' id='word_1_138' title='bbox 1198 1310 1564 1379; x_wconf 77' lang='lat' dir='ltr'><strong>immortales,</strong></span> <span class='ocrx_word' id='word_1_139' title='bbox 1621 1311 1722 1367; x_wconf 90' lang='lat' dir='ltr'><strong>sed</strong></span> <span class='ocrx_word' id='word_1_140' title='bbox 1756 1327 1950 1383; x_wconf 88' lang='lat' dir='ltr'><strong>neque</strong></span> 
     </span>
    </p>
   </div>
   <div class='ocr_carea' id='block_1_22' title="bbox 291 1400 1947 1474">
    <p class='ocr_par' dir='ltr' id='par_1_22' title="bbox 291 1400 1947 1474">
     <span class='ocr_line' id='line_1_22' title="bbox 291 1400 1947 1474; baseline 0.001 -17"><span class='ocrx_word' id='word_1_141' title='bbox 291 1400 610 1469; x_wconf 81' lang='lat' dir='ltr'><strong>mortales;</strong></span> <span class='ocrx_word' id='word_1_142' title='bbox 657 1400 761 1456; x_wconf 90' lang='lat' dir='ltr'><strong>sed</strong></span> <span class='ocrx_word' id='word_1_143' title='bbox 819 1416 955 1457; x_wconf 89' lang='lat' dir='ltr'><strong>cum</strong></span> <span class='ocrx_word' id='word_1_144' title='bbox 1017 1416 1047 1456; x_wconf 90' lang='lat' dir='ltr'><strong>e</strong></span> <span class='ocrx_word' id='word_1_145' title='bbox 1101 1400 1299 1472; x_wconf 83' lang='lat' dir='ltr'><strong>lapide</strong></span> <span class='ocrx_word' id='word_1_146' title='bbox 1352 1417 1421 1457; x_wconf 85' lang='lat' dir='ltr'><strong>ac</strong></span> <span class='ocrx_word' id='word_1_147' title='bbox 1458 1400 1617 1474; x_wconf 82' lang='lat' dir='ltr'><strong>ligno</strong></span> <span class='ocrx_word' id='word_1_148' title='bbox 1649 1406 1947 1472; x_wconf 86' lang='lat' dir='ltr'><strong>constent,</strong></span> 
     </span>
    </p>
   </div>
   <div class='ocr_carea' id='block_1_23' title="bbox 290 1489 1947 1558">
    <p class='ocr_par' dir='ltr' id='par_1_23' title="bbox 290 1489 1947 1558">
     <span class='ocr_line' id='line_1_23' title="bbox 290 1489 1947 1558; baseline 0.003 -14"><span class='ocrx_word' id='word_1_149' title='bbox 290 1490 667 1546; x_wconf 90' lang='lat' dir='ltr'><strong>dominorum</strong></span> <span class='ocrx_word' id='word_1_150' title='bbox 690 1490 819 1545; x_wconf 86' lang='lat' dir='ltr'><strong>loco</strong></span> <span class='ocrx_word' id='word_1_151' title='bbox 842 1489 914 1545; x_wconf 88' lang='lat' dir='ltr'><strong>ab</strong></span> <span class='ocrx_word' id='word_1_152' title='bbox 942 1489 1285 1547; x_wconf 90' lang='lat' dir='ltr'><strong>hominibus</strong></span> <span class='ocrx_word' id='word_1_153' title='bbox 1306 1489 1518 1558; x_wconf 84' lang='lat' dir='ltr'><strong>habiti,</strong></span> <span class='ocrx_word' id='word_1_154' title='bbox 1538 1507 1745 1546; x_wconf 88' lang='lat' dir='ltr'><strong>eorum</strong></span> <span class='ocrx_word' id='word_1_155' title='bbox 1765 1492 1947 1553; x_wconf 83' lang='lat' dir='ltr'><strong>vitam</strong></span> 
     </span>
    </p>
   </div>
   <div class='ocr_carea' id='block_1_24' title="bbox 285 1579 1946 1654">
    <p class='ocr_par' dir='ltr' id='par_1_24' title="bbox 285 1579 1946 1654">
     <span class='ocr_line' id='line_1_24' title="bbox 285 1579 1946 1654; baseline 0.003 -20"><span class='ocrx_word' id='word_1_156' title='bbox 285 1596 396 1651; x_wconf 91' lang='lat' dir='ltr'><strong>ope</strong></span> <span class='ocrx_word' id='word_1_157' title='bbox 418 1579 870 1637; x_wconf 83' lang='lat' dir='ltr'><strong>consuetudinis</strong></span> <span class='ocrx_word' id='word_1_158' title='bbox 892 1580 1253 1652; x_wconf 83' lang='lat' dir='ltr'><strong>gravissimo</strong></span> <span class='ocrx_word' id='word_1_159' title='bbox 1282 1579 1573 1637; x_wconf 85' lang='lat' dir='ltr'><strong>dedecore</strong></span> <span class='ocrx_word' id='word_1_160' title='bbox 1590 1585 1769 1653; x_wconf 89' lang='lat' dir='ltr'><strong>atque</strong></span> <span class='ocrx_word' id='word_1_161' title='bbox 1790 1581 1946 1654; x_wconf 85' lang='lat' dir='ltr'><strong>inju-</strong></span> 
     </span>
    </p>
   </div>
   <div class='ocr_carea' id='block_1_25' title="bbox 282 1669 1947 1742">
    <p class='ocr_par' dir='ltr' id='par_1_25' title="bbox 282 1669 1947 1742">
     <span class='ocr_line' id='line_1_25' title="bbox 282 1669 1947 1742; baseline 0.004 -19"><span class='ocrx_word' id='word_1_162' title='bbox 282 1670 457 1742; x_wconf 49' lang='lat' dir='ltr'><strong>riasx‘</strong></span> <span class='ocrx_word' id='word_1_163' title='bbox 487 1669 776 1726; x_wconf 85' lang='lat' dir='ltr'><strong>afﬁciunt.</strong></span> <span class='ocrx_word' id='word_1_164' title='bbox 810 1669 1034 1726; x_wconf 82' lang='lat' dir='ltr'><strong>Domini</strong></span> <span class='ocrx_word' id='word_1_165' title='bbox 1062 1674 1284 1740; x_wconf 84' lang='lat' dir='ltr'><strong>autem,</strong></span> <span class='ocrx_word' id='word_1_166' title='bbox 1327 1670 1543 1741; x_wconf 88' lang='lat' dir='ltr'><strong>inquit,</strong></span> <span class='ocrx_word' id='word_1_167' title='bbox 1576 1679 1654 1728; x_wconf 76' lang='lat' dir='ltr'><strong>est</strong></span> <span class='ocrx_word' id='word_1_168' title='bbox 1706 1673 1857 1726; x_wconf 86' lang='lat' dir='ltr'><strong>terra</strong></span> <span class='ocrx_word' id='word_1_169' title='bbox 1894 1678 1947 1731; x_wconf 79' lang='lat' dir='ltr'><strong>et</strong></span> 
     </span>
    </p>
   </div>
   <div class='ocr_carea' id='block_1_26' title="bbox 276 1757 1938 1832">
    <p class='ocr_par' dir='ltr' id='par_1_26' title="bbox 276 1757 1938 1832">
     <span class='ocr_line' id='line_1_26' title="bbox 276 1757 1938 1832; baseline 0.002 -20"><span class='ocrx_word' id='word_1_170' title='bbox 276 1757 564 1829; x_wconf 80' lang='lat' dir='ltr'><strong>plenitudo</strong></span> <span class='ocrx_word' id='word_1_171' title='bbox 593 1760 712 1829; x_wconf 78' lang='lat' dir='ltr'><strong>ejus</strong></span> <span class='ocrx_word' id='word_1_172' title='bbox 745 1759 809 1814; x_wconf 83' lang='grc'><strong>¹³.</strong></span> <span class='ocrx_word' id='word_1_173' title='bbox 839 1760 955 1815; x_wconf 88' lang='lat' dir='ltr'><strong>Cur</strong></span> <span class='ocrx_word' id='word_1_174' title='bbox 984 1759 1187 1832; x_wconf 81' lang='lat' dir='ltr'><strong>igitur,</strong></span> <span class='ocrx_word' id='word_1_175' title='bbox 1212 1775 1348 1815; x_wconf 90' lang='lat' dir='ltr'><strong>cum</strong></span> <span class='ocrx_word' id='word_1_176' title='bbox 1372 1758 1474 1817; x_wconf 90' lang='lat' dir='ltr'><strong>Dei</strong></span> <span class='ocrx_word' id='word_1_177' title='bbox 1501 1759 1679 1815; x_wconf 89' lang='lat' dir='ltr'><strong>bonis</strong></span> <span class='ocrx_word' id='word_1_178' title='bbox 1700 1759 1938 1829; x_wconf 82' lang='lat' dir='ltr'><strong>frueris,</strong></span> 
     </span>
    </p>
   </div>
   <div class='ocr_carea' id='block_1_27' title="bbox 2063 1304 3718 1392">
    <p class='ocr_par' dir='ltr' id='par_1_27' title="bbox 2063 1304 3718 1392">
     <span class='ocr_line' id='line_1_27' title="bbox 2063 1304 3718 1392; baseline 0.004 -30"><span class='ocrx_word' id='word_1_179' title='bbox 2063 1304 2449 1383; x_wconf 73' lang='grc' dir='ltr'>μεταλάμὸανε</span> <span class='ocrx_word' id='word_1_180' title='bbox 2475 1312 2610 1384; x_wconf 82' lang='grc'>(82)·</span> <span class='ocrx_word' id='word_1_181' title='bbox 2664 1307 2892 1380; x_wconf 80' lang='grc' dir='ltr'>ἀπόδος,</span> <span class='ocrx_word' id='word_1_182' title='bbox 2944 1309 3215 1385; x_wconf 76' lang='grc' dir='ltr'>ἄνθρωπε,</span> <span class='ocrx_word' id='word_1_183' title='bbox 3245 1310 3315 1365; x_wconf 79' lang='grc' dir='ltr'>τὰ</span> <span class='ocrx_word' id='word_1_184' title='bbox 3342 1316 3570 1392; x_wconf 73' lang='grc' dir='ltr'>τροφεῖα</span> <span class='ocrx_word' id='word_1_185' title='bbox 3600 1314 3718 1387; x_wconf 90' lang='grc'><strong>(83)</strong></span> 
     </span>
    </p>
   </div>
   <div class='ocr_carea' id='block_1_28' title="bbox 2055 1397 3711 1474">
    <p class='ocr_par' dir='ltr' id='par_1_28' title="bbox 2055 1397 3711 1474">
     <span class='ocr_line' id='line_1_28' title="bbox 2055 1397 3711 1474; baseline 0.003 -21"><span class='ocrx_word' id='word_1_186' title='bbox 2055 1402 2137 1471; x_wconf 74' lang='grc' dir='ltr'>τῷ</span> <span class='ocrx_word' id='word_1_187' title='bbox 2166 1402 2301 1472; x_wconf 75' lang='grc' dir='ltr'><strong>Θεῷο</strong></span> <span class='ocrx_word' id='word_1_188' title='bbox 2335 1397 2599 1474; x_wconf 75' lang='grc' dir='ltr'>ἑπίγνωθί</span> <span class='ocrx_word' id='word_1_189' title='bbox 2656 1421 2753 1455; x_wconf 87' lang='grc' dir='ltr'><strong>σου</strong></span> <span class='ocrx_word' id='word_1_190' title='bbox 2808 1402 2900 1455; x_wconf 89' lang='grc' dir='ltr'>τὸν</span> <span class='ocrx_word' id='word_1_191' title='bbox 2962 1399 3259 1472; x_wconf 84' lang='grc' dir='ltr'>Δεσπότην·</span> <span class='ocrx_word' id='word_1_192' title='bbox 3313 1398 3452 1457; x_wconf 67' lang='grc' dir='ltr'>ἴδιον</span> <span class='ocrx_word' id='word_1_193' title='bbox 3486 1401 3538 1457; x_wconf 71' lang='grc' dir='ltr'>εἴ</span> <span class='ocrx_word' id='word_1_194' title='bbox 3560 1401 3711 1458; x_wconf 82' lang='grc' dir='ltr'>πλά-</span> 
     </span>
    </p>
   </div>
   <div class='ocr_carea' id='block_1_29' title="bbox 2055 1486 3715 1561">
    <p class='ocr_par' dir='ltr' id='par_1_29' title="bbox 2055 1486 3715 1561">
     <span class='ocr_line' id='line_1_29' title="bbox 2055 1486 3715 1561; baseline 0.003 -20"><span class='ocrx_word' id='word_1_195' title='bbox 2055 1507 2168 1559; x_wconf 79' lang='grc' dir='ltr'><strong>σμα</strong></span> <span class='ocrx_word' id='word_1_196' title='bbox 2196 1492 2292 1544; x_wconf 85' lang='grc' dir='ltr'><strong>τοῦ</strong></span> <span class='ocrx_word' id='word_1_197' title='bbox 2323 1492 2476 1545; x_wconf 85' lang='grc' dir='ltr'>Θεοῦ’</span> <span class='ocrx_word' id='word_1_198' title='bbox 2527 1490 2590 1544; x_wconf 87' lang='grc' dir='ltr'>τὸ</span> <span class='ocrx_word' id='word_1_199' title='bbox 2644 1486 2702 1547; x_wconf 76' lang='grc' dir='ltr'>δὲ</span> <span class='ocrx_word' id='word_1_200' title='bbox 2756 1489 2959 1547; x_wconf 69' lang='grc' dir='ltr'>οἰκεῖον</span> <span class='ocrx_word' id='word_1_201' title='bbox 3018 1488 3202 1561; x_wconf 83' lang='grc' dir='ltr'>αὐτοῦ,</span> <span class='ocrx_word' id='word_1_202' title='bbox 3236 1494 3355 1553; x_wconf 82' lang='grc' dir='ltr'>πῶς</span> <span class='ocrx_word' id='word_1_203' title='bbox 3388 1487 3449 1546; x_wconf 75' lang='grc' dir='ltr'><strong>ἄν</strong></span> <span class='ocrx_word' id='word_1_204' title='bbox 3484 1488 3715 1556; x_wconf 81' lang='grc' dir='ltr'>ἔνδίκως</span> 
     </span>
    </p>
   </div>
   <div class='ocr_carea' id='block_1_30' title="bbox 2055 1574 3714 1658">
    <p class='ocr_par' dir='ltr' id='par_1_30' title="bbox 2055 1574 3714 1658">
     <span class='ocr_line' id='line_1_30' title="bbox 2055 1574 3714 1658; baseline 0.005 -30"><span class='ocrx_word' id='word_1_205' title='bbox 2055 1574 2353 1652; x_wconf 86' lang='grc' dir='ltr'>ἀλλότριον</span> <span class='ocrx_word' id='word_1_206' title='bbox 2384 1577 2634 1652; x_wconf 81' lang='grc' dir='ltr'>γένοιτο;</span> <span class='ocrx_word' id='word_1_207' title='bbox 2668 1580 2744 1636; x_wconf 88' lang='grc' dir='ltr'><strong>Τὸ</strong></span> <span class='ocrx_word' id='word_1_208' title='bbox 2789 1578 2890 1655; x_wconf 72' lang='grc' dir='ltr'><strong>γὰρ</strong></span> <span class='ocrx_word' id='word_1_209' title='bbox 2934 1577 3492 1655; x_wconf 74' lang='grc' dir='ltr'>ἀπηλλοτριωμένον,</span> <span class='ocrx_word' id='word_1_210' title='bbox 3522 1580 3714 1658; x_wconf 87' lang='grc' dir='ltr'>στερό-</span> 
     </span>
    </p>
   </div>
   <div class='ocr_carea' id='block_1_31' title="bbox 2057 1666 3709 1745">
    <p class='ocr_par' dir='ltr' id='par_1_31' title="bbox 2057 1666 3709 1745">
     <span class='ocr_line' id='line_1_31' title="bbox 2057 1666 3709 1745; baseline 0.005 -26"><span class='ocrx_word' id='word_1_211' title='bbox 2057 1684 2214 1737; x_wconf 82' lang='grc' dir='ltr'>μενον</span> <span class='ocrx_word' id='word_1_212' title='bbox 2274 1673 2375 1736; x_wconf 82' lang='grc' dir='ltr'><strong>τῆς</strong></span> <span class='ocrx_word' id='word_1_213' title='bbox 2433 1666 2798 1745; x_wconf 75' lang='grc' dir='ltr'>οἰκειότητος,</span> <span class='ocrx_word' id='word_1_214' title='bbox 2855 1667 3096 1745; x_wconf 70' lang='grc' dir='ltr'>στέρεται</span> <span class='ocrx_word' id='word_1_215' title='bbox 3153 1674 3253 1741; x_wconf 77' lang='grc' dir='ltr'><strong>τῆς</strong></span> <span class='ocrx_word' id='word_1_216' title='bbox 3312 1667 3592 1739; x_wconf 81' lang='grc' dir='ltr'>ἀληθείας.</span> <span class='ocrx_word' id='word_1_217' title='bbox 3634 1672 3709 1727; x_wconf 91' lang='grc' dir='ltr'>Ἧ</span> 
     </span>
    </p>
   </div>
   <div class='ocr_carea' id='block_1_32' title="bbox 2050 1749 3714 1832">
    <p class='ocr_par' dir='ltr' id='par_1_32' title="bbox 2050 1749 3714 1832">
     <span class='ocr_line' id='line_1_32' title="bbox 2050 1749 3714 1832; baseline 0.002 -23"><span class='ocrx_word' id='word_1_218' title='bbox 2050 1751 2153 1829; x_wconf 76' lang='grc' dir='ltr'>γὰρ</span> <span class='ocrx_word' id='word_1_219' title='bbox 2183 1754 2319 1830; x_wconf 76' lang='grc' dir='ltr'>οὐχὶ</span> <span class='ocrx_word' id='word_1_220' title='bbox 2350 1749 2563 1826; x_wconf 76' lang='grc' dir='ltr'>Νιόϐης</span> <span class='ocrx_word' id='word_1_221' title='bbox 2593 1756 2797 1832; x_wconf 85' lang='grc' dir='ltr'>τρόπον</span> <span class='ocrx_word' id='word_1_222' title='bbox 2844 1756 2988 1827; x_wconf 76' lang='grc' dir='ltr'>τινὰ,</span> <span class='ocrx_word' id='word_1_223' title='bbox 3033 1752 3250 1830; x_wconf 75' lang='grc' dir='ltr'>μᾶλλον</span> <span class='ocrx_word' id='word_1_224' title='bbox 3285 1752 3363 1829; x_wconf 77' lang='grc' dir='ltr'>δὶ,</span> <span class='ocrx_word' id='word_1_225' title='bbox 3400 1753 3487 1811; x_wconf 67' lang='grc' dir='ltr'><strong>ἵνα</strong></span> <span class='ocrx_word' id='word_1_226' title='bbox 3517 1778 3714 1830; x_wconf 86' lang='grc' dir='ltr'>μυστι-</span> 
     </span>
    </p>
   </div>
   <div class='ocr_carea' id='block_1_33' title="bbox 282 1841 1923 1944">
    <p class='ocr_par' dir='ltr' id='par_1_33' title="bbox 282 1849 1923 1922">
     <span class='ocr_line' id='line_1_33' title="bbox 282 1849 1923 1922; baseline 0.001 -19"><span class='ocrx_word' id='word_1_227' title='bbox 282 1865 490 1907; x_wconf 90' lang='lat' dir='ltr'><strong>eorum</strong></span> <span class='ocrx_word' id='word_1_228' title='bbox 547 1849 867 1909; x_wconf 89' lang='lat' dir='ltr'><strong>Dominum</strong></span> <span class='ocrx_word' id='word_1_229' title='bbox 928 1849 1202 1921; x_wconf 80' lang='lat' dir='ltr'><strong>ignorare</strong></span> <span class='ocrx_word' id='word_1_230' title='bbox 1280 1849 1588 1907; x_wconf 83' lang='lat' dir='ltr'><strong>sustines?</strong></span> <span class='ocrx_word' id='word_1_231' title='bbox 1644 1849 1923 1922; x_wconf 66' lang='lat' dir='ltr'><strong>Relinque</strong></span> 
     </span>
    </p>
   </div>
   <div class='ocr_carea' id='block_1_34' title="bbox 2033 1841 3706 1944">
    <p class='ocr_par' dir='ltr' id='par_1_34' title="bbox 2047 1841 3706 1944">
     <span class='ocr_line' id='line_1_34' title="bbox 2047 1841 3706 1944; baseline 0.005 -48"><span class='ocrx_word' id='word_1_232' title='bbox 2047 1841 2286 1944; x_wconf 54' lang='lat' dir='ltr'><strong>XLDDTEPOV</strong></span> <span class='ocrx_word' id='word_1_233' title='bbox 2337 1844 2475 1920; x_wconf 85' lang='grc' dir='ltr'>πρὸς</span> <span class='ocrx_word' id='word_1_234' title='bbox 2555 1845 2694 1917; x_wconf 77' lang='grc' dir='ltr'>ὑμᾶς</span> <span class='ocrx_word' id='word_1_235' title='bbox 2782 1842 3233 1924; x_wconf 74' lang='grc' dir='ltr'>ἂποφθὲγξωμαι,</span> <span class='ocrx_word' id='word_1_236' title='bbox 3292 1846 3547 1923; x_wconf 87' lang='grc' dir='ltr'>γυναικὸς</span> <span class='ocrx_word' id='word_1_237' title='bbox 3602 1853 3706 1919; x_wconf 80' lang='grc' dir='ltr'><strong>τῆς</strong></span> 
     </span>
    </p>
   </div>
   <div class='ocr_carea' id='block_1_35' title="bbox 279 1937 1936 2010">
    <p class='ocr_par' dir='ltr' id='par_1_35' title="bbox 279 1937 1936 2010">
     <span class='ocr_line' id='line_1_35' title="bbox 279 1937 1936 2010; baseline -0.001 -15"><span class='ocrx_word' id='word_1_238' title='bbox 279 1953 475 1995; x_wconf 82' lang='lat' dir='ltr'><strong>meam</strong></span> <span class='ocrx_word' id='word_1_239' title='bbox 508 1941 750 2008; x_wconf 87' lang='lat' dir='ltr'><strong>terram,</strong></span> <span class='ocrx_word' id='word_1_240' title='bbox 782 1937 1015 2009; x_wconf 85' lang='lat' dir='ltr'><strong>inquiet</strong></span> <span class='ocrx_word' id='word_1_241' title='bbox 1072 1938 1245 1995; x_wconf 90' lang='lat' dir='ltr'><strong>Deus.</strong></span> <span class='ocrx_word' id='word_1_242' title='bbox 1308 1940 1387 1993; x_wconf 79' lang='lat' dir='ltr'><strong>Ne</strong></span> <span class='ocrx_word' id='word_1_243' title='bbox 1443 1943 1504 1993; x_wconf 89' lang='lat' dir='ltr'><strong>tu</strong></span> <span class='ocrx_word' id='word_1_244' title='bbox 1533 1954 1771 2009; x_wconf 88' lang='lat' dir='ltr'><strong>aquam,</strong></span> <span class='ocrx_word' id='word_1_245' title='bbox 1804 1955 1936 2010; x_wconf 65' lang='lat' dir='ltr'><strong>quae</strong></span> 
     </span>
    </p>
   </div>
   <div class='ocr_carea' id='block_1_36' title="bbox 278 2027 1937 2100">
    <p class='ocr_par' dir='ltr' id='par_1_36' title="bbox 278 2027 1937 2100">
     <span class='ocr_line' id='line_1_36' title="bbox 278 2027 1937 2100; baseline -0.001 -17"><span class='ocrx_word' id='word_1_246' title='bbox 278 2043 387 2099; x_wconf 90' lang='lat' dir='ltr'><strong>per</strong></span> <span class='ocrx_word' id='word_1_247' title='bbox 418 2043 513 2083; x_wconf 87' lang='lat' dir='ltr'><strong>me</strong></span> <span class='ocrx_word' id='word_1_248' title='bbox 544 2031 753 2095; x_wconf 84' lang='lat' dir='ltr'><strong>scatet,</strong></span> <span class='ocrx_word' id='word_1_249' title='bbox 808 2027 1083 2099; x_wconf 80' lang='lat' dir='ltr'><strong>attingas.</strong></span> <span class='ocrx_word' id='word_1_250' title='bbox 1144 2028 1412 2097; x_wconf 83' lang='lat' dir='ltr'><strong>Fructus,</strong></span> <span class='ocrx_word' id='word_1_251' title='bbox 1469 2044 1619 2099; x_wconf 86' lang='lat' dir='ltr'><strong>quos</strong></span> <span class='ocrx_word' id='word_1_252' title='bbox 1650 2044 1754 2100; x_wconf 82' lang='lat' dir='ltr'><strong>ego</strong></span> <span class='ocrx_word' id='word_1_253' title='bbox 1783 2028 1937 2099; x_wconf 89' lang='lat' dir='ltr'><strong>colo,</strong></span> 
     </span>
    </p>
   </div>
   <div class='ocr_carea' id='block_1_37' title="bbox 278 2116 1935 2189">
    <p class='ocr_par' dir='ltr' id='par_1_37' title="bbox 278 2116 1935 2189">
     <span class='ocr_line' id='line_1_37' title="bbox 278 2116 1935 2189; baseline 0.002 -18"><span class='ocrx_word' id='word_1_254' title='bbox 278 2133 354 2171; x_wconf 91' lang='lat' dir='ltr'><strong>ne</strong></span> <span class='ocrx_word' id='word_1_255' title='bbox 407 2116 725 2189; x_wconf 83' lang='lat' dir='ltr'><strong>percipias.</strong></span> <span class='ocrx_word' id='word_1_256' title='bbox 787 2116 1060 2183; x_wconf 88' lang='lat' dir='ltr'><strong>Nutritia,</strong></span> <span class='ocrx_word' id='word_1_257' title='bbox 1123 2133 1155 2172; x_wconf 90' lang='grc' dir='ltr'><strong>ο</strong></span> <span class='ocrx_word' id='word_1_258' title='bbox 1218 2117 1418 2185; x_wconf 90' lang='lat' dir='ltr'><strong>homo,</strong></span> <span class='ocrx_word' id='word_1_259' title='bbox 1478 2118 1597 2173; x_wconf 92' lang='lat' dir='ltr'><strong>Deo</strong></span> <span class='ocrx_word' id='word_1_260' title='bbox 1651 2116 1935 2189; x_wconf 89' lang='lat' dir='ltr'><strong>repende.</strong></span> 
     </span>
    </p>
   </div>
   <div class='ocr_carea' id='block_1_38' title="bbox 277 2205 1934 2278">
    <p class='ocr_par' dir='ltr' id='par_1_38' title="bbox 277 2205 1934 2278">
     <span class='ocr_line' id='line_1_38' title="bbox 277 2205 1934 2278; baseline 0.002 -19"><span class='ocrx_word' id='word_1_261' title='bbox 277 2205 598 2267; x_wconf 85' lang='lat' dir='ltr'><strong>Dominum</strong></span> <span class='ocrx_word' id='word_1_262' title='bbox 655 2210 825 2261; x_wconf 88' lang='lat' dir='ltr'><strong>tuum</strong></span> <span class='ocrx_word' id='word_1_263' title='bbox 878 2222 1153 2278; x_wconf 81' lang='lat' dir='ltr'><strong>agnosce.</strong></span> <span class='ocrx_word' id='word_1_264' title='bbox 1215 2207 1298 2263; x_wconf 93' lang='lat' dir='ltr'><strong>Tu</strong></span> <span class='ocrx_word' id='word_1_265' title='bbox 1354 2205 1665 2278; x_wconf 88' lang='lat' dir='ltr'><strong>proprium</strong></span> <span class='ocrx_word' id='word_1_266' title='bbox 1719 2221 1782 2261; x_wconf 90' lang='lat' dir='ltr'><strong>es</strong></span> <span class='ocrx_word' id='word_1_267' title='bbox 1831 2205 1934 2265; x_wconf 86' lang='lat' dir='ltr'><strong>Dei</strong></span> 
     </span>
    </p>
   </div>
   <div class='ocr_carea' id='block_1_39' title="bbox 276 2294 1933 2368">
    <p class='ocr_par' dir='ltr' id='par_1_39' title="bbox 276 2294 1933 2368">
     <span class='ocr_line' id='line_1_39' title="bbox 276 2294 1933 2368; baseline 0.001 -19"><span class='ocrx_word' id='word_1_268' title='bbox 276 2295 648 2367; x_wconf 80' lang='lat' dir='ltr'><strong>figmentum.</strong></span> <span class='ocrx_word' id='word_1_269' title='bbox 682 2294 847 2361; x_wconf 90' lang='lat' dir='ltr'><strong>Quod</strong></span> <span class='ocrx_word' id='word_1_270' title='bbox 878 2299 1078 2351; x_wconf 86' lang='lat' dir='ltr'><strong>autem</strong></span> <span class='ocrx_word' id='word_1_271' title='bbox 1134 2300 1225 2350; x_wconf 89' lang='lat' dir='ltr'><strong>est</strong></span> <span class='ocrx_word' id='word_1_272' title='bbox 1281 2295 1411 2368; x_wconf 86' lang='lat' dir='ltr'><strong>ejus</strong></span> <span class='ocrx_word' id='word_1_273' title='bbox 1450 2295 1781 2368; x_wconf 79' lang='lat' dir='ltr'><strong>proprium,</strong></span> <span class='ocrx_word' id='word_1_274' title='bbox 1817 2311 1933 2365; x_wconf 89' lang='lat' dir='ltr'><strong>quo</strong></span> 
     </span>
    </p>
   </div>
   <div class='ocr_carea' id='block_1_40' title="bbox 268 2383 1934 2457">
    <p class='ocr_par' dir='ltr' id='par_1_40' title="bbox 268 2383 1934 2457">
     <span class='ocr_line' id='line_1_40' title="bbox 268 2383 1934 2457; baseline 0.001 -18"><span class='ocrx_word' id='word_1_275' title='bbox 268 2383 407 2456; x_wconf 91' lang='lat' dir='ltr'><strong>jure</strong></span> <span class='ocrx_word' id='word_1_276' title='bbox 438 2383 543 2439; x_wconf 84' lang='lat' dir='ltr'><strong>fiat</strong></span> <span class='ocrx_word' id='word_1_277' title='bbox 571 2384 835 2440; x_wconf 88' lang='lat' dir='ltr'><strong>alienum</strong></span> <span class='ocrx_word' id='word_1_278' title='bbox 853 2384 880 2439; x_wconf 82' lang='lat'><strong>‘?</strong></span> <span class='ocrx_word' id='word_1_279' title='bbox 902 2386 1043 2441; x_wconf 78' lang='lat' dir='ltr'><strong>Nam</strong></span> <span class='ocrx_word' id='word_1_280' title='bbox 1072 2384 1229 2457; x_wconf 91' lang='lat' dir='ltr'><strong>quod</strong></span> <span class='ocrx_word' id='word_1_281' title='bbox 1252 2383 1659 2443; x_wconf 87' lang='lat' dir='ltr'><strong>abalienatum</strong></span> <span class='ocrx_word' id='word_1_282' title='bbox 1681 2390 1934 2453; x_wconf 77' lang='lat' dir='ltr'><strong>est,cum</strong></span> 
     </span>
    </p>
   </div>
   <div class='ocr_carea' id='block_1_41' title="bbox 272 2472 1936 2548">
    <p class='ocr_par' dir='ltr' id='par_1_41' title="bbox 272 2472 1936 2548">
     <span class='ocr_line' id='line_1_41' title="bbox 272 2472 1936 2548; baseline 0.002 -20"><span class='ocrx_word' id='word_1_283' title='bbox 272 2472 539 2544; x_wconf 86' lang='lat' dir='ltr'><strong>privetur</strong></span> <span class='ocrx_word' id='word_1_284' title='bbox 565 2472 1221 2548; x_wconf 86' lang='lat' dir='ltr'><strong>proprietate,privatur</strong></span> <span class='ocrx_word' id='word_1_285' title='bbox 1241 2474 1420 2530; x_wconf 89' lang='lat' dir='ltr'><strong>etiam</strong></span> <span class='ocrx_word' id='word_1_286' title='bbox 1444 2475 1936 2533; x_wconf 87' lang='lat' dir='ltr'><strong>veritate.Annon</strong></span> 
     </span>
    </p>
   </div>
   <div class='ocr_carea' id='block_1_42' title="bbox 274 2562 1934 2636">
    <p class='ocr_par' dir='ltr' id='par_1_42' title="bbox 274 2562 1934 2636">
     <span class='ocr_line' id='line_1_42' title="bbox 274 2562 1934 2636; baseline 0.001 -18"><span class='ocrx_word' id='word_1_287' title='bbox 274 2562 436 2621; x_wconf 88' lang='lat' dir='ltr'><strong>enim</strong></span> <span class='ocrx_word' id='word_1_288' title='bbox 468 2562 909 2634; x_wconf 85' lang='lat' dir='ltr'><strong>quodammodo</strong></span> <span class='ocrx_word' id='word_1_289' title='bbox 967 2568 1033 2620; x_wconf 87' lang='lat' dir='ltr'><strong>ut</strong></span> <span class='ocrx_word' id='word_1_290' title='bbox 1088 2563 1307 2631; x_wconf 84' lang='lat' dir='ltr'><strong>Niobe;</strong></span> <span class='ocrx_word' id='word_1_291' title='bbox 1350 2563 1464 2635; x_wconf 88' lang='lat' dir='ltr'><strong>vel,</strong></span> <span class='ocrx_word' id='word_1_292' title='bbox 1491 2568 1558 2619; x_wconf 87' lang='lat' dir='ltr'><strong>ut</strong></span> <span class='ocrx_word' id='word_1_293' title='bbox 1587 2564 1775 2636; x_wconf 80' lang='lat' dir='ltr'><strong>magis</strong></span> <span class='ocrx_word' id='word_1_294' title='bbox 1806 2580 1934 2636; x_wconf 80' lang='lat' dir='ltr'><strong>my-</strong></span> 
     </span>
    </p>
   </div>
   <div class='ocr_carea' id='block_1_43' title="bbox 277 2652 1935 2726">
    <p class='ocr_par' dir='ltr' id='par_1_43' title="bbox 277 2652 1935 2726">
     <span class='ocr_line' id='line_1_43' title="bbox 277 2652 1935 2726; baseline 0.004 -20"><span class='ocrx_word' id='word_1_295' title='bbox 277 2653 423 2709; x_wconf 86' lang='lat' dir='ltr'><strong>stice</strong></span> <span class='ocrx_word' id='word_1_296' title='bbox 451 2670 552 2709; x_wconf 83' lang='lat' dir='ltr'><strong>vos</strong></span> <span class='ocrx_word' id='word_1_297' title='bbox 582 2652 877 2726; x_wconf 84' lang='lat' dir='ltr'><strong>alloquar,</strong></span> <span class='ocrx_word' id='word_1_298' title='bbox 910 2653 1100 2713; x_wconf 85' lang='lat' dir='ltr'><strong>instar</strong></span> <span class='ocrx_word' id='word_1_299' title='bbox 1145 2652 1404 2709; x_wconf 59' lang='lat' dir='ltr'><strong>Hebraea;</strong></span> <span class='ocrx_word' id='word_1_300' title='bbox 1455 2653 1770 2725; x_wconf 89' lang='lat' dir='ltr'><strong>cujusdam</strong></span> <span class='ocrx_word' id='word_1_301' title='bbox 1801 2671 1935 2711; x_wconf 91' lang='lat' dir='ltr'><strong>mu-</strong></span> 
     </span>
    </p>
   </div>
   <div class='ocr_carea' id='block_1_44' title="bbox 273 2740 1934 2814">
    <p class='ocr_par' dir='ltr' id='par_1_44' title="bbox 273 2740 1934 2814">
     <span class='ocr_line' id='line_1_44' title="bbox 273 2740 1934 2814; baseline 0.004 -19"><span class='ocrx_word' id='word_1_302' title='bbox 273 2740 460 2813; x_wconf 89' lang='lat' dir='ltr'><strong>lieris,</strong></span> <span class='ocrx_word' id='word_1_303' title='bbox 493 2759 675 2813; x_wconf 84' lang='lat' dir='ltr'><strong>quam</strong></span> <span class='ocrx_word' id='word_1_304' title='bbox 706 2747 933 2800; x_wconf 83' lang='lat' dir='ltr'><strong>veteres</strong></span> <span class='ocrx_word' id='word_1_305' title='bbox 988 2744 1095 2799; x_wconf 86' lang='lat' dir='ltr'><strong>Lot</strong></span> <span class='ocrx_word' id='word_1_306' title='bbox 1141 2759 1387 2799; x_wconf 80' lang='lat' dir='ltr'><strong>uxorem</strong></span> <span class='ocrx_word' id='word_1_307' title='bbox 1421 2743 1719 2814; x_wconf 89' lang='lat' dir='ltr'><strong>dicebant,</strong></span> <span class='ocrx_word' id='word_1_308' title='bbox 1754 2759 1934 2801; x_wconf 88' lang='lat' dir='ltr'><strong>sensu</strong></span> 
     </span>
    </p>
   </div>
   <div class='ocr_carea' id='block_1_45' title="bbox 272 2832 1934 2905">
    <p class='ocr_par' dir='ltr' id='par_1_45' title="bbox 272 2832 1934 2905">
     <span class='ocr_line' id='line_1_45' title="bbox 272 2832 1934 2905; baseline 0.002 -18"><span class='ocrx_word' id='word_1_309' title='bbox 272 2832 511 2903; x_wconf 86' lang='lat' dir='ltr'><strong>penitus</strong></span> <span class='ocrx_word' id='word_1_310' title='bbox 545 2833 689 2890; x_wconf 85' lang='lat' dir='ltr'><strong>estis</strong></span> <span class='ocrx_word' id='word_1_311' title='bbox 720 2832 956 2890; x_wconf 82' lang='lat' dir='ltr'><strong>orbati?</strong></span> <span class='ocrx_word' id='word_1_312' title='bbox 979 2834 1122 2889; x_wconf 88' lang='lat' dir='ltr'><strong>Eam</strong></span> <span class='ocrx_word' id='word_1_313' title='bbox 1146 2832 1327 2903; x_wconf 87' lang='lat' dir='ltr'><strong>enim,</strong></span> <span class='ocrx_word' id='word_1_314' title='bbox 1349 2833 1509 2905; x_wconf 91' lang='lat' dir='ltr'><strong>quod</strong></span> <span class='ocrx_word' id='word_1_315' title='bbox 1543 2832 1934 2891; x_wconf 88' lang='lat' dir='ltr'><strong>Sodomorum</strong></span> 
     </span>
    </p>
   </div>
   <div class='ocr_carea' id='block_1_46' title="bbox 276 2921 1937 2995">
    <p class='ocr_par' dir='ltr' id='par_1_46' title="bbox 276 2921 1937 2995">
     <span class='ocr_line' id='line_1_46' title="bbox 276 2921 1937 2995; baseline 0 -16"><span class='ocrx_word' id='word_1_316' title='bbox 276 2937 477 2981; x_wconf 85' lang='lat' dir='ltr'><strong>amore</strong></span> <span class='ocrx_word' id='word_1_317' title='bbox 501 2926 673 2994; x_wconf 87' lang='lat' dir='ltr'><strong>capta</strong></span> <span class='ocrx_word' id='word_1_318' title='bbox 696 2928 872 2995; x_wconf 85' lang='lat' dir='ltr'><strong>esset,</strong></span> <span class='ocrx_word' id='word_1_319' title='bbox 894 2921 956 2978; x_wconf 91' lang='lat' dir='ltr'><strong>in</strong></span> <span class='ocrx_word' id='word_1_320' title='bbox 976 2921 1240 2994; x_wconf 89' lang='lat' dir='ltr'><strong>lapidem</strong></span> <span class='ocrx_word' id='word_1_321' title='bbox 1262 2939 1608 2979; x_wconf 87' lang='lat' dir='ltr'><strong>conversam</strong></span> <span class='ocrx_word' id='word_1_322' title='bbox 1629 2922 1814 2979; x_wconf 84' lang='lat' dir='ltr'><strong>fuisse</strong></span> <span class='ocrx_word' id='word_1_323' title='bbox 1835 2939 1937 2979; x_wconf 89' lang='lat' dir='ltr'><strong>ac-</strong></span> 
     </span>
    </p>
   </div>
   <div class='ocr_carea' id='block_1_47' title="bbox 281 3010 1938 3083">
    <p class='ocr_par' dir='ltr' id='par_1_47' title="bbox 281 3010 1938 3083">
     <span class='ocr_line' id='line_1_47' title="bbox 281 3010 1938 3083; baseline 0.001 -19"><span class='ocrx_word' id='word_1_324' title='bbox 281 3010 570 3081; x_wconf 88' lang='lat' dir='ltr'><strong>cepimus.</strong></span> <span class='ocrx_word' id='word_1_325' title='bbox 604 3011 754 3069; x_wconf 89' lang='lat' dir='ltr'><strong>Sunt</strong></span> <span class='ocrx_word' id='word_1_326' title='bbox 780 3027 959 3083; x_wconf 86' lang='lat' dir='ltr'><strong>porro</strong></span> <span class='ocrx_word' id='word_1_327' title='bbox 992 3010 1335 3081; x_wconf 59' lang='lat' dir='ltr'><strong>Sodomita,</strong></span> <span class='ocrx_word' id='word_1_328' title='bbox 1369 3011 1645 3068; x_wconf 87' lang='lat' dir='ltr'><strong>homines</strong></span> <span class='ocrx_word' id='word_1_329' title='bbox 1676 3012 1938 3081; x_wconf 83' lang='lat' dir='ltr'><strong>athei,et</strong></span> 
     </span>
    </p>
   </div>
   <div class='ocr_carea' id='block_1_48' title="bbox 274 3098 1934 3173">
    <p class='ocr_par' dir='ltr' id='par_1_48' title="bbox 274 3098 1934 3173">
     <span class='ocr_line' id='line_1_48' title="bbox 274 3098 1934 3173; baseline 0.001 -20"><span class='ocrx_word' id='word_1_330' title='bbox 274 3098 567 3171; x_wconf 89' lang='lat' dir='ltr'><strong>impietati</strong></span> <span class='ocrx_word' id='word_1_331' title='bbox 590 3099 830 3168; x_wconf 88' lang='lat' dir='ltr'><strong>addicti,</strong></span> <span class='ocrx_word' id='word_1_332' title='bbox 858 3099 992 3157; x_wconf 89' lang='lat' dir='ltr'><strong>duri</strong></span> <span class='ocrx_word' id='word_1_333' title='bbox 1019 3099 1215 3157; x_wconf 90' lang='lat' dir='ltr'><strong>cordis</strong></span> <span class='ocrx_word' id='word_1_334' title='bbox 1237 3116 1305 3157; x_wconf 89' lang='lat' dir='ltr'><strong>ac</strong></span> <span class='ocrx_word' id='word_1_335' title='bbox 1329 3100 1571 3173; x_wconf 88' lang='lat' dir='ltr'><strong>stupidi.</strong></span> <span class='ocrx_word' id='word_1_336' title='bbox 1594 3102 1779 3159; x_wconf 89' lang='lat' dir='ltr'><strong>Deum</strong></span> <span class='ocrx_word' id='word_1_337' title='bbox 1806 3116 1934 3156; x_wconf 89' lang='lat' dir='ltr'><strong>cre-</strong></span> 
     </span>
    </p>
   </div>
   <div class='ocr_carea' id='block_1_49' title="bbox 272 3187 1997 3304">
    <p class='ocr_par' dir='ltr' id='par_1_49' title="bbox 272 3187 1997 3304">
     <span class='ocr_line' id='line_1_49' title="bbox 272 3187 1997 3304; baseline 0.001 -61"><span class='ocrx_word' id='word_1_338' title='bbox 272 3187 376 3245; x_wconf 88' lang='lat' dir='ltr'><strong>das</strong></span> <span class='ocrx_word' id='word_1_339' title='bbox 398 3189 560 3246; x_wconf 89' lang='lat' dir='ltr'><strong>hisce</strong></span> <span class='ocrx_word' id='word_1_340' title='bbox 583 3194 639 3245; x_wconf 87' lang='lat' dir='ltr'><strong>te</strong></span> <span class='ocrx_word' id='word_1_341' title='bbox 662 3189 855 3247; x_wconf 87' lang='lat' dir='ltr'><strong>verbis</strong></span> <span class='ocrx_word' id='word_1_342' title='bbox 873 3190 1282 3262; x_wconf 86' lang='lat' dir='ltr'><strong>alloquentem</strong></span> <span class='ocrx_word' id='word_1_343' title='bbox 1305 3190 1511 3247; x_wconf 91' lang='lat' dir='ltr'><strong>audire</strong></span> <span class='ocrx_word' id='word_1_344' title='bbox 1532 3206 1545 3244; x_wconf 90' lang='lat'><strong>:</strong></span> <span class='ocrx_word' id='word_1_345' title='bbox 1566 3192 1647 3245; x_wconf 87' lang='lat' dir='ltr'><strong>Ne</strong></span> <span class='ocrx_word' id='word_1_346' title='bbox 1670 3188 1921 3262; x_wconf 88' lang='lat' dir='ltr'><strong>lapides,</strong></span> <span class='ocrx_word' id='word_1_347' title='bbox 1953 3234 1997 3304; x_wconf 64' lang='grc' dir='ltr'><strong>Ο</strong></span> 
     </span>
     <span class='ocr_line' id='line_1_50' title="bbox 275 3278 1887 3304; baseline 0 0"><span class='ocrx_word' id='word_1_348' title='bbox 275 3284 329 3304; x_wconf 58' lang='lat' dir='ltr'><strong>AL</strong></span> <span class='ocrx_word' id='word_1_349' title='bbox 362 3278 514 3304; x_wconf 63' lang='grc' dir='ltr'><strong>12η...-</strong></span> <span class='ocrx_word' id='word_1_350' title='bbox 573 3284 625 3304; x_wconf 63' lang='grc' dir='ltr'><strong>..ι</strong></span> <span class='ocrx_word' id='word_1_351' title='bbox 659 3296 789 3304; x_wconf 65' lang='grc' dir='ltr'><strong>--.ι-ιι.</strong></span> <span class='ocrx_word' id='word_1_352' title='bbox 851 3283 903 3304; x_wconf 67' lang='grc' dir='ltr'><strong>..ι</strong></span> <span class='ocrx_word' id='word_1_353' title='bbox 938 3283 1242 3304; x_wconf 57' lang='grc' dir='ltr'><strong>,ιιι-...Αηιιυ-</strong></span> <span class='ocrx_word' id='word_1_354' title='bbox 1298 3280 1493 3304; x_wconf 70' lang='grc' dir='ltr'><strong>..-ιζ--,.</strong></span> <span class='ocrx_word' id='word_1_355' title='bbox 1532 3296 1702 3304; x_wconf 63' lang='grc' dir='ltr'>...κει-ν.</span> <span class='ocrx_word' id='word_1_356' title='bbox 1730 3280 1887 3304; x_wconf 53' lang='grc' dir='ltr'><strong>ιςλωζ</strong></span> 
     </span>
    </p>
   </div>
   <div class='ocr_carea' id='block_1_50' title="bbox 274 3278 1920 3355">
    <p class='ocr_par' dir='ltr' id='par_1_50' title="bbox 274 3278 1920 3355">
     <span class='ocr_line' id='line_1_51' title="bbox 274 3278 1920 3355; baseline 0.001 -23"><span class='ocrx_word' id='word_1_357' title='bbox 274 3284 333 3333; x_wconf 89' lang='lat' dir='ltr'><strong>et</strong></span> <span class='ocrx_word' id='word_1_358' title='bbox 360 3278 543 3351; x_wconf 79' lang='lat' dir='ltr'><strong>ligna,</strong></span> <span class='ocrx_word' id='word_1_359' title='bbox 570 3284 629 3335; x_wconf 89' lang='lat' dir='ltr'><strong>et</strong></span> <span class='ocrx_word' id='word_1_360' title='bbox 656 3296 815 3346; x_wconf 88' lang='lat' dir='ltr'><strong>aves,</strong></span> <span class='ocrx_word' id='word_1_361' title='bbox 848 3283 907 3335; x_wconf 89' lang='lat' dir='ltr'><strong>et</strong></span> <span class='ocrx_word' id='word_1_362' title='bbox 938 3283 1267 3353; x_wconf 88' lang='lat' dir='ltr'><strong>serpentes,</strong></span> <span class='ocrx_word' id='word_1_363' title='bbox 1298 3280 1496 3352; x_wconf 89' lang='lat' dir='ltr'><strong>potius</strong></span> <span class='ocrx_word' id='word_1_364' title='bbox 1528 3296 1707 3355; x_wconf 88' lang='lat' dir='ltr'><strong>quam</strong></span> <span class='ocrx_word' id='word_1_365' title='bbox 1729 3280 1920 3337; x_wconf 72' lang='lat' dir='ltr'><strong>homi~</strong></span> 
     </span>
    </p>
   </div>
   <div class='ocr_carea' id='block_1_51' title="bbox 269 3368 1923 3439">
    <p class='ocr_par' dir='ltr' id='par_1_51' title="bbox 269 3368 1923 3439">
     <span class='ocr_line' id='line_1_52' title="bbox 269 3368 1923 3439; baseline 0.001 -17"><span class='ocrx_word' id='word_1_366' title='bbox 269 3384 400 3437; x_wconf 89' lang='lat' dir='ltr'><strong>nes,</strong></span> <span class='ocrx_word' id='word_1_367' title='bbox 433 3385 633 3426; x_wconf 85' lang='lat' dir='ltr'><strong>sacras</strong></span> <span class='ocrx_word' id='word_1_368' title='bbox 665 3385 797 3427; x_wconf 78' lang='lat' dir='ltr'><strong>esse</strong></span> <span class='ocrx_word' id='word_1_369' title='bbox 828 3385 925 3426; x_wconf 91' lang='lat' dir='ltr'><strong>res</strong></span> <span class='ocrx_word' id='word_1_370' title='bbox 956 3368 1262 3426; x_wconf 82' lang='lat' dir='ltr'><strong>existimes</strong></span> <span class='ocrx_word' id='word_1_371' title='bbox 1288 3386 1302 3426; x_wconf 85' lang='lat'><strong>:</strong></span> <span class='ocrx_word' id='word_1_372' title='bbox 1350 3374 1613 3439; x_wconf 89' lang='lat' dir='ltr'><strong>econtra,</strong></span> <span class='ocrx_word' id='word_1_373' title='bbox 1647 3369 1923 3424; x_wconf 88' lang='lat' dir='ltr'><strong>homines</strong></span> 
     </span>
    </p>
   </div>
   <div class='ocr_carea' id='block_1_52' title="bbox 265 3457 1920 3532">
    <p class='ocr_par' dir='ltr' id='par_1_52' title="bbox 265 3457 1920 3532">
     <span class='ocr_line' id='line_1_53' title="bbox 265 3457 1920 3532; baseline 0.001 -21"><span class='ocrx_word' id='word_1_374' title='bbox 265 3472 401 3513; x_wconf 89' lang='lat' dir='ltr'><strong>vere</strong></span> <span class='ocrx_word' id='word_1_375' title='bbox 445 3475 670 3527; x_wconf 88' lang='lat' dir='ltr'><strong>sacros,</strong></span> <span class='ocrx_word' id='word_1_376' title='bbox 717 3458 874 3515; x_wconf 83' lang='lat' dir='ltr'><strong>feras</strong></span> <span class='ocrx_word' id='word_1_377' title='bbox 922 3464 1121 3517; x_wconf 88' lang='lat' dir='ltr'><strong>autem</strong></span> <span class='ocrx_word' id='word_1_378' title='bbox 1167 3458 1249 3529; x_wconf 92' lang='lat' dir='ltr'><strong>id,</strong></span> <span class='ocrx_word' id='word_1_379' title='bbox 1285 3458 1443 3532; x_wconf 87' lang='lat' dir='ltr'><strong>quod</strong></span> <span class='ocrx_word' id='word_1_380' title='bbox 1493 3463 1652 3527; x_wconf 88' lang='lat' dir='ltr'><strong>sunt,</strong></span> <span class='ocrx_word' id='word_1_381' title='bbox 1687 3457 1920 3514; x_wconf 89' lang='lat' dir='ltr'><strong>habete.</strong></span> 
     </span>
    </p>
   </div>
   <div class='ocr_carea' id='block_1_53' title="bbox 266 3546 1922 3620">
    <p class='ocr_par' dir='ltr' id='par_1_53' title="bbox 266 3546 1922 3620">
     <span class='ocr_line' id='line_1_54' title="bbox 266 3546 1922 3620; baseline 0.002 -20"><span class='ocrx_word' id='word_1_382' title='bbox 266 3549 411 3602; x_wconf 82' lang='lat' dir='ltr'><strong>Nam</strong></span> <span class='ocrx_word' id='word_1_383' title='bbox 440 3547 719 3605; x_wconf 87' lang='lat' dir='ltr'><strong>homines</strong></span> <span class='ocrx_word' id='word_1_384' title='bbox 750 3546 993 3619; x_wconf 89' lang='lat' dir='ltr'><strong>quidam</strong></span> <span class='ocrx_word' id='word_1_385' title='bbox 1022 3548 1225 3604; x_wconf 89' lang='lat' dir='ltr'><strong>miseri</strong></span> <span class='ocrx_word' id='word_1_386' title='bbox 1257 3565 1323 3605; x_wconf 88' lang='lat' dir='ltr'><strong>ac</strong></span> <span class='ocrx_word' id='word_1_387' title='bbox 1357 3548 1626 3605; x_wconf 78' lang='lat' dir='ltr'><strong>infelices</strong></span> <span class='ocrx_word' id='word_1_388' title='bbox 1657 3564 1764 3620; x_wconf 93' lang='lat' dir='ltr'><strong>per</strong></span> <span class='ocrx_word' id='word_1_389' title='bbox 1793 3564 1922 3604; x_wconf 85' lang='lat' dir='ltr'><strong>cor-</strong></span> 
     </span>
    </p>
   </div>
   <div class='ocr_carea' id='block_1_54' title="bbox 262 3637 1924 3710">
    <p class='ocr_par' dir='ltr' id='par_1_54' title="bbox 262 3637 1924 3710">
     <span class='ocr_line' id='line_1_55' title="bbox 262 3637 1924 3710; baseline 0.004 -22"><span class='ocrx_word' id='word_1_390' title='bbox 262 3652 421 3707; x_wconf 82' lang='lat' dir='ltr'><strong>vum,</strong></span> <span class='ocrx_word' id='word_1_391' title='bbox 452 3641 555 3693; x_wconf 89' lang='lat' dir='ltr'><strong>aut</strong></span> <span class='ocrx_word' id='word_1_392' title='bbox 581 3637 893 3709; x_wconf 78' lang='lat' dir='ltr'><strong>graculum</strong></span> <span class='ocrx_word' id='word_1_393' title='bbox 924 3638 1319 3695; x_wconf 88' lang='lat' dir='ltr'><strong>clarissimam</strong></span> <span class='ocrx_word' id='word_1_394' title='bbox 1353 3637 1527 3694; x_wconf 87' lang='lat' dir='ltr'><strong>edere</strong></span> <span class='ocrx_word' id='word_1_395' title='bbox 1556 3653 1783 3707; x_wconf 90' lang='lat' dir='ltr'><strong>vocem,</strong></span> <span class='ocrx_word' id='word_1_396' title='bbox 1815 3654 1924 3710; x_wconf 91' lang='lat' dir='ltr'><strong>per</strong></span> 
     </span>
    </p>
   </div>
   <div class='ocr_carea' id='block_1_55' title="bbox 261 3724 1922 3800">
    <p class='ocr_par' dir='ltr' id='par_1_55' title="bbox 261 3724 1922 3800">
     <span class='ocr_line' id='line_1_56' title="bbox 261 3724 1922 3800; baseline 0.001 -19"><span class='ocrx_word' id='word_1_397' title='bbox 261 3724 572 3783; x_wconf 88' lang='lat' dir='ltr'><strong>hominem</strong></span> <span class='ocrx_word' id='word_1_398' title='bbox 600 3743 733 3782; x_wconf 90' lang='lat' dir='ltr'><strong>vero</strong></span> <span class='ocrx_word' id='word_1_399' title='bbox 767 3727 853 3784; x_wconf 90' lang='lat' dir='ltr'><strong>nil</strong></span> <span class='ocrx_word' id='word_1_400' title='bbox 884 3744 1130 3800; x_wconf 84' lang='lat' dir='ltr'><strong>prorsus</strong></span> <span class='ocrx_word' id='word_1_401' title='bbox 1161 3726 1325 3800; x_wconf 90' lang='lat' dir='ltr'><strong>loqui</strong></span> <span class='ocrx_word' id='word_1_402' title='bbox 1357 3728 1544 3783; x_wconf 89' lang='lat' dir='ltr'><strong>Deum</strong></span> <span class='ocrx_word' id='word_1_403' title='bbox 1582 3730 1829 3799; x_wconf 86' lang='lat' dir='ltr'><strong>putant:</strong></span> <span class='ocrx_word' id='word_1_404' title='bbox 1854 3743 1922 3783; x_wconf 90' lang='lat' dir='ltr'><strong>ac</strong></span> 
     </span>
    </p>
   </div>
   <div class='ocr_carea' id='block_1_56' title="bbox 262 3814 1921 3889">
    <p class='ocr_par' dir='ltr' id='par_1_56' title="bbox 262 3814 1921 3889">
     <span class='ocr_line' id='line_1_57' title="bbox 262 3814 1921 3889; baseline 0.001 -19"><span class='ocrx_word' id='word_1_405' title='bbox 262 3814 514 3886; x_wconf 86' lang='lat' dir='ltr'><strong>proinde</strong></span> <span class='ocrx_word' id='word_1_406' title='bbox 543 3832 806 3886; x_wconf 87' lang='lat' dir='ltr'><strong>corvum,</strong></span> <span class='ocrx_word' id='word_1_407' title='bbox 849 3817 1011 3874; x_wconf 88' lang='lat' dir='ltr'><strong>velut</strong></span> <span class='ocrx_word' id='word_1_408' title='bbox 1068 3817 1172 3875; x_wconf 90' lang='lat' dir='ltr'><strong>Dei</strong></span> <span class='ocrx_word' id='word_1_409' title='bbox 1232 3816 1512 3877; x_wconf 86' lang='lat' dir='ltr'><strong>nuntium</strong></span> <span class='ocrx_word' id='word_1_410' title='bbox 1545 3820 1605 3870; x_wconf 91' lang='lat' dir='ltr'><strong>et</strong></span> <span class='ocrx_word' id='word_1_411' title='bbox 1632 3815 1921 3889; x_wconf 90' lang='lat' dir='ltr'><strong>interpre-</strong></span> 
     </span>
    </p>
   </div>
   <div class='ocr_carea' id='block_1_57' title="bbox 264 3905 1920 3978">
    <p class='ocr_par' dir='ltr' id='par_1_57' title="bbox 264 3905 1920 3978">
     <span class='ocr_line' id='line_1_58' title="bbox 264 3905 1920 3978; baseline 0.002 -19"><span class='ocrx_word' id='word_1_412' title='bbox 264 3909 406 3973; x_wconf 88' lang='lat' dir='ltr'><strong>tem,</strong></span> <span class='ocrx_word' id='word_1_413' title='bbox 438 3905 665 3962; x_wconf 90' lang='lat' dir='ltr'><strong>honore</strong></span> <span class='ocrx_word' id='word_1_414' title='bbox 697 3906 1005 3973; x_wconf 85' lang='lat' dir='ltr'><strong>afﬁciunt;</strong></span> <span class='ocrx_word' id='word_1_415' title='bbox 1037 3906 1140 3965; x_wconf 92' lang='lat' dir='ltr'><strong>Dei</strong></span> <span class='ocrx_word' id='word_1_416' title='bbox 1198 3921 1334 3961; x_wconf 86' lang='lat' dir='ltr'><strong>vero</strong></span> <span class='ocrx_word' id='word_1_417' title='bbox 1376 3905 1687 3961; x_wconf 88' lang='lat' dir='ltr'><strong>hominem</strong></span> <span class='ocrx_word' id='word_1_418' title='bbox 1716 3922 1920 3978; x_wconf 88' lang='lat' dir='ltr'><strong>perse-</strong></span> 
     </span>
    </p>
   </div>
   <div class='ocr_carea' id='block_1_58' title="bbox 263 3993 1920 4068">
    <p class='ocr_par' dir='ltr' id='par_1_58' title="bbox 263 3993 1920 4068">
     <span class='ocr_line' id='line_1_59' title="bbox 263 3993 1920 4068; baseline 0.002 -20"><span class='ocrx_word' id='word_1_419' title='bbox 263 3998 548 4065; x_wconf 91' lang='lat' dir='ltr'><strong>quuntur,</strong></span> <span class='ocrx_word' id='word_1_420' title='bbox 580 4012 857 4068; x_wconf 90' lang='lat' dir='ltr'><strong>eumque,</strong></span> <span class='ocrx_word' id='word_1_421' title='bbox 890 3996 1036 4068; x_wconf 91' lang='lat' dir='ltr'><strong>proh</strong></span> <span class='ocrx_word' id='word_1_422' title='bbox 1089 3994 1258 4049; x_wconf 90' lang='lat' dir='ltr'><strong>nefas</strong></span> <span class='ocrx_word' id='word_1_423' title='bbox 1289 3994 1301 4048; x_wconf 79' lang='grc' dir='ltr'><strong>Ι</strong></span> <span class='ocrx_word' id='word_1_424' title='bbox 1336 3994 1437 4065; x_wconf 91' lang='lat' dir='ltr'><strong>qui</strong></span> <span class='ocrx_word' id='word_1_425' title='bbox 1468 3993 1626 4064; x_wconf 85' lang='lat' dir='ltr'><strong>licet,</strong></span> <span class='ocrx_word' id='word_1_426' title='bbox 1660 4011 1769 4050; x_wconf 91' lang='lat' dir='ltr'><strong>nec</strong></span> <span class='ocrx_word' id='word_1_427' title='bbox 1802 4012 1920 4056; x_wconf 91' lang='lat' dir='ltr'><strong>cro.</strong></span> 
     </span>
    </p>
   </div>
   <div class='ocr_carea' id='block_1_59' title="bbox 261 4083 1918 4157">
    <p class='ocr_par' dir='ltr' id='par_1_59' title="bbox 261 4083 1918 4157">
     <span class='ocr_line' id='line_1_60' title="bbox 261 4083 1918 4157; baseline 0.001 -19"><span class='ocrx_word' id='word_1_428' title='bbox 261 4083 423 4150; x_wconf 88' lang='lat' dir='ltr'><strong>citet,</strong></span> <span class='ocrx_word' id='word_1_429' title='bbox 449 4100 559 4140; x_wconf 90' lang='lat' dir='ltr'><strong>nec</strong></span> <span class='ocrx_word' id='word_1_430' title='bbox 581 4085 836 4154; x_wconf 91' lang='lat' dir='ltr'><strong>clocitet,</strong></span> <span class='ocrx_word' id='word_1_431' title='bbox 862 4092 1064 4140; x_wconf 87' lang='lat' dir='ltr'><strong>tamen</strong></span> <span class='ocrx_word' id='word_1_432' title='bbox 1088 4099 1118 4138; x_wconf 92' lang='lat' dir='ltr'><strong>e</strong></span> <span class='ocrx_word' id='word_1_433' title='bbox 1140 4083 1370 4138; x_wconf 89' lang='lat' dir='ltr'><strong>ratione</strong></span> <span class='ocrx_word' id='word_1_434' title='bbox 1402 4083 1918 4157; x_wconf 87' lang='lat' dir='ltr'><strong>loquitur,eosque</strong></span> 
     </span>
    </p>
   </div>
   <div class='ocr_carea' id='block_1_60' title="bbox 258 4172 1919 4245">
    <p class='ocr_par' dir='ltr' id='par_1_60' title="bbox 258 4172 1919 4245">
     <span class='ocr_line' id='line_1_61' title="bbox 258 4172 1919 4245; baseline 0.002 -19"><span class='ocrx_word' id='word_1_435' title='bbox 258 4173 711 4244; x_wconf 87' lang='lat' dir='ltr'><strong>perhumaniter</strong></span> <span class='ocrx_word' id='word_1_436' title='bbox 740 4174 960 4241; x_wconf 86' lang='lat' dir='ltr'><strong>erudit,</strong></span> <span class='ocrx_word' id='word_1_437' title='bbox 985 4178 1044 4228; x_wconf 89' lang='lat' dir='ltr'><strong>et</strong></span> <span class='ocrx_word' id='word_1_438' title='bbox 1062 4172 1137 4227; x_wconf 84' lang='lat' dir='ltr'><strong>ad</strong></span> <span class='ocrx_word' id='word_1_439' title='bbox 1159 4172 1473 4228; x_wconf 89' lang='lat' dir='ltr'><strong>colendam</strong></span> <span class='ocrx_word' id='word_1_440' title='bbox 1488 4173 1786 4245; x_wconf 89' lang='lat' dir='ltr'><strong>justitiam</strong></span> <span class='ocrx_word' id='word_1_441' title='bbox 1813 4176 1919 4230; x_wconf 89' lang='lat' dir='ltr'><strong>im-</strong></span> 
     </span>
    </p>
   </div>
   <div class='ocr_carea' id='block_1_61' title="bbox 259 4262 1919 4336">
    <p class='ocr_par' dir='ltr' id='par_1_61' title="bbox 259 4262 1919 4336">
     <span class='ocr_line' id='line_1_62' title="bbox 259 4262 1919 4336; baseline 0.003 -20"><span class='ocrx_word' id='word_1_442' title='bbox 259 4262 450 4333; x_wconf 88' lang='lat' dir='ltr'><strong>pellit,</strong></span> <span class='ocrx_word' id='word_1_443' title='bbox 480 4263 893 4321; x_wconf 89' lang='lat' dir='ltr'><strong>inhumaniter</strong></span> <span class='ocrx_word' id='word_1_444' title='bbox 913 4262 1185 4318; x_wconf 89' lang='lat' dir='ltr'><strong>occidere</strong></span> <span class='ocrx_word' id='word_1_445' title='bbox 1212 4269 1527 4332; x_wconf 90' lang='lat' dir='ltr'><strong>conantur,</strong></span> <span class='ocrx_word' id='word_1_446' title='bbox 1548 4280 1658 4319; x_wconf 93' lang='lat' dir='ltr'><strong>nec</strong></span> <span class='ocrx_word' id='word_1_447' title='bbox 1683 4280 1785 4336; x_wconf 90' lang='lat' dir='ltr'><strong>spe</strong></span> <span class='ocrx_word' id='word_1_448' title='bbox 1807 4282 1919 4321; x_wconf 32' lang='lat' dir='ltr'><strong>case</strong></span> 
     </span>
    </p>
   </div>
   <div class='ocr_carea' id='block_1_62' title="bbox 257 4350 1916 4426">
    <p class='ocr_par' dir='ltr' id='par_1_62' title="bbox 257 4350 1916 4426">
     <span class='ocr_line' id='line_1_63' title="bbox 257 4350 1916 4426; baseline 0.003 -22"><span class='ocrx_word' id='word_1_449' title='bbox 257 4350 424 4407; x_wconf 90' lang='lat' dir='ltr'><strong>lestis</strong></span> <span class='ocrx_word' id='word_1_450' title='bbox 445 4353 787 4426; x_wconf 71' lang='lat' dir='ltr'><strong>gratiae,nec</strong></span> <span class='ocrx_word' id='word_1_451' title='bbox 805 4350 1081 4424; x_wconf 89' lang='lat' dir='ltr'><strong>supplicii</strong></span> <span class='ocrx_word' id='word_1_452' title='bbox 1099 4354 1258 4407; x_wconf 90' lang='lat' dir='ltr'><strong>metu</strong></span> <span class='ocrx_word' id='word_1_453' title='bbox 1278 4352 1731 4425; x_wconf 74' lang='lat' dir='ltr'><strong>praapediti.Nec</strong></span> <span class='ocrx_word' id='word_1_454' title='bbox 1756 4354 1916 4409; x_wconf 91' lang='lat' dir='ltr'><strong>enim</strong></span> 
     </span>
    </p>
   </div>
   <div class='ocr_carea' id='block_1_63' title="bbox 258 4440 1911 4516">
    <p class='ocr_par' dir='ltr' id='par_1_63' title="bbox 258 4440 1911 4516">
     <span class='ocr_line' id='line_1_64' title="bbox 258 4440 1911 4516; baseline 0.002 -20"><span class='ocrx_word' id='word_1_455' title='bbox 258 4441 377 4497; x_wconf 90' lang='lat' dir='ltr'><strong>Deo</strong></span> <span class='ocrx_word' id='word_1_456' title='bbox 399 4440 580 4499; x_wconf 79' lang='lat' dir='ltr'><strong>ﬁdem</strong></span> <span class='ocrx_word' id='word_1_457' title='bbox 600 4443 908 4509; x_wconf 88' lang='lat' dir='ltr'><strong>adhibent,</strong></span> <span class='ocrx_word' id='word_1_458' title='bbox 922 4446 1026 4499; x_wconf 86' lang='lat' dir='ltr'><strong>aut</strong></span> <span class='ocrx_word' id='word_1_459' title='bbox 1048 4441 1179 4513; x_wconf 87' lang='lat' dir='ltr'><strong>ejus</strong></span> <span class='ocrx_word' id='word_1_460' title='bbox 1200 4443 1528 4513; x_wconf 86' lang='lat' dir='ltr'><strong>potentiam</strong></span> <span class='ocrx_word' id='word_1_461' title='bbox 1550 4443 1911 4516; x_wconf 80' lang='lat' dir='ltr'><strong>intelligunt.</strong></span> 
     </span>
    </p>
   </div>
   <div class='ocr_carea' id='block_1_64' title="bbox 257 4530 1911 4604">
    <p class='ocr_par' dir='ltr' id='par_1_64' title="bbox 257 4530 1911 4604">
     <span class='ocr_line' id='line_1_65' title="bbox 257 4530 1911 4604; baseline 0.002 -21"><span class='ocrx_word' id='word_1_462' title='bbox 257 4530 439 4602; x_wconf 83' lang='lat' dir='ltr'><strong>Cujus</strong></span> <span class='ocrx_word' id='word_1_463' title='bbox 468 4549 647 4604; x_wconf 91' lang='lat' dir='ltr'><strong>porro</strong></span> <span class='ocrx_word' id='word_1_464' title='bbox 676 4549 846 4588; x_wconf 89' lang='lat' dir='ltr'><strong>amor</strong></span> <span class='ocrx_word' id='word_1_465' title='bbox 905 4547 1044 4604; x_wconf 81' lang='lat' dir='ltr'><strong>erga</strong></span> <span class='ocrx_word' id='word_1_466' title='bbox 1100 4531 1377 4588; x_wconf 88' lang='lat' dir='ltr'><strong>homines</strong></span> <span class='ocrx_word' id='word_1_467' title='bbox 1436 4532 1629 4587; x_wconf 88' lang='lat' dir='ltr'><strong>verbis</strong></span> <span class='ocrx_word' id='word_1_468' title='bbox 1660 4533 1911 4603; x_wconf 87' lang='lat' dir='ltr'><strong>exprimi</strong></span> 
     </span>
    </p>
   </div>
   <div class='ocr_carea' id='block_1_65' title="bbox 2046 1926 3707 2012">
    <p class='ocr_par' dir='ltr' id='par_1_65' title="bbox 2046 1926 3707 2012">
     <span class='ocr_line' id='line_1_66' title="bbox 2046 1926 3707 2012; baseline 0.002 -25"><span class='ocrx_word' id='word_1_469' title='bbox 2046 1926 2298 2007; x_wconf 78' lang='grc' dir='ltr'>Ἑϐραίας</span> <span class='ocrx_word' id='word_1_470' title='bbox 2347 1930 2659 2005; x_wconf 80' lang='grc' dir='ltr'>δίκην,Λὼτ</span> <span class='ocrx_word' id='word_1_471' title='bbox 2717 1932 2949 1989; x_wconf 73' lang='grc' dir='ltr'>ἐκάλουν</span> <span class='ocrx_word' id='word_1_472' title='bbox 3004 1935 3171 2004; x_wconf 71' lang='grc' dir='ltr'>αὐτὴν</span> <span class='ocrx_word' id='word_1_473' title='bbox 3224 1938 3335 2012; x_wconf 68' lang='grc'>(84)</span> <span class='ocrx_word' id='word_1_474' title='bbox 3369 1937 3421 1990; x_wconf 76' lang='grc' dir='ltr'>οἱ</span> <span class='ocrx_word' id='word_1_475' title='bbox 3451 1937 3707 2011; x_wconf 76' lang='grc' dir='ltr'>παλαιοὶ,</span> 
     </span>
    </p>
   </div>
   <div class='ocr_carea' id='block_1_66' title="bbox 2044 2019 3702 2100">
    <p class='ocr_par' dir='ltr' id='par_1_66' title="bbox 2044 2019 3702 2100">
     <span class='ocr_line' id='line_1_67' title="bbox 2044 2019 3702 2100; baseline 0.004 -25"><span class='ocrx_word' id='word_1_476' title='bbox 2044 2019 2121 2083; x_wconf 82' lang='grc' dir='ltr'><strong>εἰς</strong></span> <span class='ocrx_word' id='word_1_477' title='bbox 2156 2020 2508 2095; x_wconf 78' lang='grc' dir='ltr'><strong>ἀναισθησίαν</strong></span> <span class='ocrx_word' id='word_1_478' title='bbox 2572 2024 3008 2100; x_wconf 70' lang='grc' dir='ltr'>μετατρέπεσθες</span> <span class='ocrx_word' id='word_1_479' title='bbox 3070 2020 3458 2098; x_wconf 58' lang='grc' dir='ltr'>Λελιθωμένην</span> <span class='ocrx_word' id='word_1_480' title='bbox 3495 2024 3702 2099; x_wconf 78' lang='grc' dir='ltr'>ταύτην</span> 
     </span>
    </p>
   </div>
   <div class='ocr_carea' id='block_1_67' title="bbox 2042 2111 3700 2193">
    <p class='ocr_par' dir='ltr' id='par_1_67' title="bbox 2042 2111 3700 2193">
     <span class='ocr_line' id='line_1_68' title="bbox 2042 2111 3700 2193; baseline 0.005 -29"><span class='ocrx_word' id='word_1_481' title='bbox 2042 2111 2463 2186; x_wconf 69' lang='grc' dir='ltr'>παρειλήφαμεν</span> <span class='ocrx_word' id='word_1_482' title='bbox 2509 2115 2607 2182; x_wconf 81' lang='grc' dir='ltr'>τὴν</span> <span class='ocrx_word' id='word_1_483' title='bbox 2667 2120 2917 2193; x_wconf 81' lang='grc' dir='ltr'>γυναῖκα,</span> <span class='ocrx_word' id='word_1_484' title='bbox 2979 2111 3069 2168; x_wconf 74' lang='grc' dir='ltr'><strong>διὰ</strong></span> <span class='ocrx_word' id='word_1_485' title='bbox 3122 2113 3185 2170; x_wconf 88' lang='grc' dir='ltr'>τὸ</span> <span class='ocrx_word' id='word_1_486' title='bbox 3246 2111 3513 2189; x_wconf 81' lang='grc' dir='ltr'>Σοδόμων</span> <span class='ocrx_word' id='word_1_487' title='bbox 3548 2114 3700 2190; x_wconf 72' lang='grc' dir='ltr'><strong>ἒρᾷνο</strong></span> 
     </span>
    </p>
   </div>
   <div class='ocr_carea' id='block_1_68' title="bbox 2044 2194 3703 2277">
    <p class='ocr_par' dir='ltr' id='par_1_68' title="bbox 2044 2194 3703 2277">
     <span class='ocr_line' id='line_1_69' title="bbox 2044 2194 3703 2277; baseline 0.005 -26"><span class='ocrx_word' id='word_1_488' title='bbox 2044 2194 2346 2271; x_wconf 82' lang='grc' dir='ltr'><strong>Σοδομῖται</strong></span> <span class='ocrx_word' id='word_1_489' title='bbox 2380 2196 2437 2255; x_wconf 74' lang='grc' dir='ltr'><strong>δὲ</strong></span> <span class='ocrx_word' id='word_1_490' title='bbox 2468 2200 2521 2254; x_wconf 76' lang='grc' dir='ltr'>οἱ</span> <span class='ocrx_word' id='word_1_491' title='bbox 2551 2202 2723 2273; x_wconf 81' lang='grc' dir='ltr'>ἄθεοι,</span> <span class='ocrx_word' id='word_1_492' title='bbox 2755 2203 2842 2256; x_wconf 77' lang='grc' dir='ltr'><strong>καὶ</strong></span> <span class='ocrx_word' id='word_1_493' title='bbox 2896 2202 2947 2256; x_wconf 75' lang='grc' dir='ltr'>οἱ</span> <span class='ocrx_word' id='word_1_494' title='bbox 2977 2202 3114 2277; x_wconf 84' lang='grc' dir='ltr'>πρὸς</span> <span class='ocrx_word' id='word_1_495' title='bbox 3162 2203 3263 2272; x_wconf 72' lang='grc' dir='ltr'>τὴν</span> <span class='ocrx_word' id='word_1_496' title='bbox 3304 2198 3548 2258; x_wconf 72' lang='grc' dir='ltr'>ἀσέϐειαν</span> <span class='ocrx_word' id='word_1_497' title='bbox 3577 2202 3703 2259; x_wconf 79' lang='grc' dir='ltr'>ἐπι-</span> 
     </span>
    </p>
   </div>
   <div class='ocr_carea' id='block_1_69' title="bbox 2042 2286 3705 2368">
    <p class='ocr_par' dir='ltr' id='par_1_69' title="bbox 2042 2286 3705 2368">
     <span class='ocr_line' id='line_1_70' title="bbox 2042 2286 3705 2368; baseline 0.005 -28"><span class='ocrx_word' id='word_1_498' title='bbox 2042 2286 2422 2368; x_wconf 70' lang='grc' dir='ltr'>στρεφόμενοι,</span> <span class='ocrx_word' id='word_1_499' title='bbox 2474 2287 2907 2367; x_wconf 83' lang='grc' dir='ltr'>σκληροκάρδιοί</span> <span class='ocrx_word' id='word_1_500' title='bbox 2952 2312 3011 2346; x_wconf 90' lang='grc' dir='ltr'><strong>τε</strong></span> <span class='ocrx_word' id='word_1_501' title='bbox 3054 2289 3145 2346; x_wconf 76' lang='grc' dir='ltr'>καί</span> <span class='ocrx_word' id='word_1_502' title='bbox 3194 2290 3433 2363; x_wconf 82' lang='grc' dir='ltr'>ἠλίθιοι.</span> <span class='ocrx_word' id='word_1_503' title='bbox 3486 2293 3705 2359; x_wconf 72' lang='grc' dir='ltr'>Ταύτας</span> 
     </span>
    </p>
   </div>
   <div class='ocr_carea' id='block_1_70' title="bbox 2041 2374 3711 2459">
    <p class='ocr_par' dir='ltr' id='par_1_70' title="bbox 2041 2374 3711 2459">
     <span class='ocr_line' id='line_1_71' title="bbox 2041 2374 3711 2459; baseline 0.007 -29"><span class='ocrx_word' id='word_1_504' title='bbox 2041 2374 2161 2431; x_wconf 78' lang='grc' dir='ltr'><strong>οἷόυ</strong></span> <span class='ocrx_word' id='word_1_505' title='bbox 2194 2377 2377 2442; x_wconf 86' lang='grc' dir='ltr'>θεόθεν</span> <span class='ocrx_word' id='word_1_506' title='bbox 2409 2378 2756 2456; x_wconf 75' lang='grc' dir='ltr'>ἐπιλέγεσθαί</span> <span class='ocrx_word' id='word_1_507' title='bbox 2799 2402 2882 2436; x_wconf 92' lang='grc' dir='ltr'><strong>σοι</strong></span> <span class='ocrx_word' id='word_1_508' title='bbox 2936 2379 3031 2437; x_wconf 77' lang='grc' dir='ltr'><strong>τὰς</strong></span> <span class='ocrx_word' id='word_1_509' title='bbox 3084 2382 3286 2459; x_wconf 80' lang='grc' dir='ltr'>φωνάς·</span> <span class='ocrx_word' id='word_1_510' title='bbox 3321 2383 3413 2452; x_wconf 73' lang='grc' dir='ltr'><strong>Μὴ</strong></span> <span class='ocrx_word' id='word_1_511' title='bbox 3448 2382 3552 2459; x_wconf 76' lang='grc' dir='ltr'><strong>γὰρ</strong></span> <span class='ocrx_word' id='word_1_512' title='bbox 3586 2380 3711 2441; x_wconf 80' lang='grc' dir='ltr'><strong>οἷόυ</strong></span> 
     </span>
    </p>
   </div>
   <div class='ocr_carea' id='block_1_71' title="bbox 2042 2465 3721 2547">
    <p class='ocr_par' dir='ltr' id='par_1_71' title="bbox 2042 2465 3721 2547">
     <span class='ocr_line' id='line_1_72' title="bbox 2042 2465 3721 2547; baseline 0.002 -26"><span class='ocrx_word' id='word_1_513' title='bbox 2042 2465 2226 2532; x_wconf 78' lang='grc' dir='ltr'>λίθους</span> <span class='ocrx_word' id='word_1_514' title='bbox 2284 2467 2379 2541; x_wconf 77' lang='grc' dir='ltr'><strong>μὶν</strong></span> <span class='ocrx_word' id='word_1_515' title='bbox 2439 2469 2575 2525; x_wconf 80' lang='grc' dir='ltr'>εἶναι</span> <span class='ocrx_word' id='word_1_516' title='bbox 2655 2470 2797 2544; x_wconf 75' lang='grc' dir='ltr'>ἱερὰ,</span> <span class='ocrx_word' id='word_1_517' title='bbox 2857 2469 2947 2525; x_wconf 82' lang='grc' dir='ltr'><strong>καὶ</strong></span> <span class='ocrx_word' id='word_1_518' title='bbox 3016 2469 3169 2544; x_wconf 77' lang='grc' dir='ltr'>ξύλα,</span> <span class='ocrx_word' id='word_1_519' title='bbox 3224 2471 3315 2526; x_wconf 83' lang='grc' dir='ltr'><strong>καὶ</strong></span> <span class='ocrx_word' id='word_1_520' title='bbox 3374 2465 3553 2547; x_wconf 78' lang='grc' dir='ltr'>ὄρνεα,</span> <span class='ocrx_word' id='word_1_521' title='bbox 3612 2472 3721 2547; x_wconf 80' lang='grc' dir='ltr'><strong>καὶ¹</strong></span> 
     </span>
    </p>
   </div>
   <div class='ocr_carea' id='block_1_72' title="bbox 2040 2550 3703 2635">
    <p class='ocr_par' dir='ltr' id='par_1_72' title="bbox 2040 2550 3703 2635">
     <span class='ocr_line' id='line_1_73' title="bbox 2040 2550 3703 2635; baseline 0.004 -26"><span class='ocrx_word' id='word_1_522' title='bbox 2040 2550 2212 2633; x_wconf 75' lang='grc' dir='ltr'>ὄφεις,</span> <span class='ocrx_word' id='word_1_523' title='bbox 2270 2555 2590 2631; x_wconf 79' lang='grc' dir='ltr'>ἀνθρώπους</span> <span class='ocrx_word' id='word_1_524' title='bbox 2642 2556 2858 2631; x_wconf 77' lang='grc' dir='ltr'>οὖδαμῆ</span> <span class='ocrx_word' id='word_1_525' title='bbox 2902 2560 3038 2633; x_wconf 86' lang='grc'>(85)·</span> <span class='ocrx_word' id='word_1_526' title='bbox 3094 2558 3240 2615; x_wconf 75' lang='grc' dir='ltr'>πολὺ</span> <span class='ocrx_word' id='word_1_527' title='bbox 3274 2558 3332 2615; x_wconf 77' lang='grc' dir='ltr'><strong>δὲ</strong></span> <span class='ocrx_word' id='word_1_528' title='bbox 3361 2559 3703 2635; x_wconf 76' lang='grc' dir='ltr'>τούναντίον,</span> 
     </span>
    </p>
   </div>
   <div class='ocr_carea' id='block_1_73' title="bbox 2023 2644 3706 2724">
    <p class='ocr_par' dir='ltr' id='par_1_73' title="bbox 2023 2644 3706 2724">
     <span class='ocr_line' id='line_1_74' title="bbox 2023 2644 3706 2724; baseline 0.005 -25"><span class='ocrx_word' id='word_1_529' title='bbox 2023 2644 2218 2716; x_wconf 55' lang='grc' dir='ltr'>,ἱεροὺς</span> <span class='ocrx_word' id='word_1_530' title='bbox 2253 2646 2349 2719; x_wconf 73' lang='grc' dir='ltr'>μὲν</span> <span class='ocrx_word' id='word_1_531' title='bbox 2385 2644 2553 2710; x_wconf 77' lang='grc' dir='ltr'>ὅντως</span> <span class='ocrx_word' id='word_1_532' title='bbox 2602 2648 2727 2711; x_wconf 61' lang='lat' dir='ltr'><strong>me;</strong></span> <span class='ocrx_word' id='word_1_533' title='bbox 2775 2648 3096 2722; x_wconf 84' lang='grc' dir='ltr'>ἀνθρώπους</span> <span class='ocrx_word' id='word_1_534' title='bbox 3145 2645 3586 2724; x_wconf 82' lang='grc' dir='ltr'>ὑπολαμϐάνετε,</span> <span class='ocrx_word' id='word_1_535' title='bbox 3635 2652 3706 2708; x_wconf 74' lang='grc' dir='ltr'>τὰ</span> 
     </span>
    </p>
   </div>
   <div class='ocr_carea' id='block_1_74' title="bbox 2040 2731 3707 2817">
    <p class='ocr_par' dir='ltr' id='par_1_74' title="bbox 2040 2731 3707 2817">
     <span class='ocr_line' id='line_1_75' title="bbox 2040 2731 3707 2817; baseline 0.004 -29"><span class='ocrx_word' id='word_1_536' title='bbox 2040 2731 2098 2788; x_wconf 70' lang='grc' dir='ltr'><strong>δὲ</strong></span> <span class='ocrx_word' id='word_1_537' title='bbox 2128 2734 2289 2811; x_wconf 79' lang='grc' dir='ltr'>θηρία</span> <span class='ocrx_word' id='word_1_538' title='bbox 2318 2737 2409 2791; x_wconf 77' lang='grc' dir='ltr'><strong>καὶ</strong></span> <span class='ocrx_word' id='word_1_539' title='bbox 2440 2736 2570 2802; x_wconf 76' lang='grc' dir='ltr'>τοὺς</span> <span class='ocrx_word' id='word_1_540' title='bbox 2618 2734 2809 2800; x_wconf 86' lang='grc' dir='ltr'>λίθους</span> <span class='ocrx_word' id='word_1_541' title='bbox 2854 2736 2988 2815; x_wconf 80' lang='grc' dir='ltr'>ὅπερ</span> <span class='ocrx_word' id='word_1_542' title='bbox 3042 2738 3196 2796; x_wconf 81' lang='grc' dir='ltr'>εἷσίν.</span> <span class='ocrx_word' id='word_1_543' title='bbox 3239 2740 3302 2793; x_wconf 77' lang='grc' dir='ltr'>Οἱ</span> <span class='ocrx_word' id='word_1_544' title='bbox 3334 2740 3438 2817; x_wconf 80' lang='grc' dir='ltr'>γὰρ</span> <span class='ocrx_word' id='word_1_545' title='bbox 3468 2761 3554 2795; x_wconf 92' lang='grc' dir='ltr'><strong>τοι</strong></span> <span class='ocrx_word' id='word_1_546' title='bbox 3590 2738 3707 2795; x_wconf 84' lang='grc' dir='ltr'>δεί-</span> 
     </span>
    </p>
   </div>
   <div class='ocr_carea' id='block_1_75' title="bbox 2040 2822 3721 2905">
    <p class='ocr_par' dir='ltr' id='par_1_75' title="bbox 2040 2822 3721 2905">
     <span class='ocr_line' id='line_1_76' title="bbox 2040 2822 3721 2905; baseline 0.004 -27"><span class='ocrx_word' id='word_1_547' title='bbox 2040 2822 2191 2879; x_wconf 91' lang='grc' dir='ltr'>λαιοι</span> <span class='ocrx_word' id='word_1_548' title='bbox 2215 2825 2324 2879; x_wconf 83' lang='grc' dir='ltr'><strong>τῶν</strong></span> <span class='ocrx_word' id='word_1_549' title='bbox 2345 2824 2649 2901; x_wconf 83' lang='grc' dir='ltr'>ἀνθρώπων</span> <span class='ocrx_word' id='word_1_550' title='bbox 2702 2827 2793 2881; x_wconf 83' lang='grc' dir='ltr'><strong>καὶ</strong></span> <span class='ocrx_word' id='word_1_551' title='bbox 2832 2824 3039 2897; x_wconf 77' lang='grc' dir='ltr'>ἄθλιοι,</span> <span class='ocrx_word' id='word_1_552' title='bbox 3093 2824 3183 2882; x_wconf 80' lang='grc' dir='ltr'>διὰ</span> <span class='ocrx_word' id='word_1_553' title='bbox 3215 2828 3311 2902; x_wconf 73' lang='grc' dir='ltr'>μὶν</span> <span class='ocrx_word' id='word_1_554' title='bbox 3345 2829 3580 2905; x_wconf 83' lang='grc' dir='ltr'>κόρακος</span> <span class='ocrx_word' id='word_1_555' title='bbox 3609 2829 3721 2901; x_wconf 68' lang='grc' dir='ltr'><strong>καὶ¹</strong></span> 
     </span>
    </p>
   </div>
   <div class='ocr_carea' id='block_1_76' title="bbox 2037 2910 3705 2993">
    <p class='ocr_par' dir='ltr' id='par_1_76' title="bbox 2037 2910 3705 2993">
     <span class='ocr_line' id='line_1_77' title="bbox 2037 2910 3705 2993; baseline 0.005 -27"><span class='ocrx_word' id='word_1_556' title='bbox 2037 2911 2267 2967; x_wconf 76' lang='grc' dir='ltr'>κολοιοῦ</span> <span class='ocrx_word' id='word_1_557' title='bbox 2296 2913 2581 2986; x_wconf 84' lang='grc' dir='ltr'>νομίζουσι</span> <span class='ocrx_word' id='word_1_558' title='bbox 2610 2914 2705 2970; x_wconf 83' lang='grc' dir='ltr'>τὸν</span> <span class='ocrx_word' id='word_1_559' title='bbox 2759 2914 2889 2969; x_wconf 84' lang='grc' dir='ltr'>Θεὸν</span> <span class='ocrx_word' id='word_1_560' title='bbox 2940 2910 3170 2990; x_wconf 76' lang='grc' dir='ltr'>ἔμϐοᾷν,</span> <span class='ocrx_word' id='word_1_561' title='bbox 3205 2913 3295 2973; x_wconf 77' lang='grc' dir='ltr'><strong>διὰ</strong></span> <span class='ocrx_word' id='word_1_562' title='bbox 3324 2914 3381 2972; x_wconf 77' lang='grc' dir='ltr'><strong>δὲ</strong></span> <span class='ocrx_word' id='word_1_563' title='bbox 3406 2917 3705 2993; x_wconf 79' lang='grc' dir='ltr'>ἀνθρώπου</span> 
     </span>
    </p>
   </div>
   <div class='ocr_carea' id='block_1_77' title="bbox 2039 3002 3701 3085">
    <p class='ocr_par' dir='ltr' id='par_1_77' title="bbox 2039 3002 3701 3085">
     <span class='ocr_line' id='line_1_78' title="bbox 2039 3002 3701 3085; baseline 0.005 -29"><span class='ocrx_word' id='word_1_564' title='bbox 2039 3006 2270 3073; x_wconf 81' lang='grc' dir='ltr'>σιωπᾷν·</span> <span class='ocrx_word' id='word_1_565' title='bbox 2320 3002 2411 3057; x_wconf 82' lang='grc' dir='ltr'><strong>καὶ</strong></span> <span class='ocrx_word' id='word_1_566' title='bbox 2452 3002 2546 3058; x_wconf 87' lang='grc' dir='ltr'>τὸν</span> <span class='ocrx_word' id='word_1_567' title='bbox 2601 3005 2696 3077; x_wconf 72' lang='grc' dir='ltr'>μὲν</span> <span class='ocrx_word' id='word_1_568' title='bbox 2743 3002 2951 3078; x_wconf 78' lang='grc' dir='ltr'>κόρακα</span> <span class='ocrx_word' id='word_1_569' title='bbox 2999 3007 3379 3081; x_wconf 77' lang='grc' dir='ltr'>τετιμήκασιν,</span> <span class='ocrx_word' id='word_1_570' title='bbox 3430 3008 3505 3070; x_wconf 87' lang='grc' dir='ltr'>ὡς</span> <span class='ocrx_word' id='word_1_571' title='bbox 3539 3004 3701 3085; x_wconf 69' lang='grc' dir='ltr'>ἔγγε-</span> 
     </span>
    </p>
   </div>
   <div class='ocr_carea' id='block_1_78' title="bbox 2039 3090 3693 3168">
    <p class='ocr_par' dir='ltr' id='par_1_78' title="bbox 2039 3090 3693 3168">
     <span class='ocr_line' id='line_1_79' title="bbox 2039 3090 3693 3168; baseline 0.004 -22"><span class='ocrx_word' id='word_1_572' title='bbox 2039 3090 2136 3146; x_wconf 92' lang='grc' dir='ltr'><strong>λον</strong></span> <span class='ocrx_word' id='word_1_573' title='bbox 2169 3095 2321 3147; x_wconf 83' lang='grc' dir='ltr'>Θεοῦ’</span> <span class='ocrx_word' id='word_1_574' title='bbox 2372 3092 2465 3147; x_wconf 84' lang='grc' dir='ltr'><strong>τὸν</strong></span> <span class='ocrx_word' id='word_1_575' title='bbox 2514 3092 2571 3148; x_wconf 75' lang='grc' dir='ltr'><strong>δὲ</strong></span> <span class='ocrx_word' id='word_1_576' title='bbox 2618 3090 2903 3168; x_wconf 69' lang='grc' dir='ltr'>ἄνθρωπον</span> <span class='ocrx_word' id='word_1_577' title='bbox 2954 3098 3077 3149; x_wconf 70' lang='grc' dir='ltr'>τοῦ·</span> <span class='ocrx_word' id='word_1_578' title='bbox 3105 3099 3241 3149; x_wconf 87' lang='grc' dir='ltr'>Θεοῦ</span> <span class='ocrx_word' id='word_1_579' title='bbox 3282 3092 3599 3168; x_wconf 84' lang='grc' dir='ltr'>διώκουσιν,</span> <span class='ocrx_word' id='word_1_580' title='bbox 3628 3097 3693 3152; x_wconf 80' lang='grc' dir='ltr'>οὗ</span> 
     </span>
    </p>
   </div>
   <div class='ocr_carea' id='block_1_79' title="bbox 2036 3179 3821 3263">
    <p class='ocr_par' dir='ltr' id='par_1_79' title="bbox 2036 3179 3821 3263">
     <span class='ocr_line' id='line_1_80' title="bbox 2036 3179 3821 3263; baseline 0.004 -28"><span class='ocrx_word' id='word_1_581' title='bbox 2036 3181 2337 3258; x_wconf 84' lang='grc' dir='ltr'>κρώζοντα,</span> <span class='ocrx_word' id='word_1_582' title='bbox 2372 3179 2432 3236; x_wconf 85' lang='grc' dir='ltr'>οὐ</span> <span class='ocrx_word' id='word_1_583' title='bbox 2480 3181 2787 3255; x_wconf 84' lang='grc' dir='ltr'>κλώζοντα,</span> <span class='ocrx_word' id='word_1_584' title='bbox 2829 3185 3200 3263; x_wconf 79' lang='grc' dir='ltr'>φθεγγὸμενον</span> <span class='ocrx_word' id='word_1_585' title='bbox 3255 3181 3332 3254; x_wconf 75' lang='grc' dir='ltr'>δὲ,</span> <span class='ocrx_word' id='word_1_586' title='bbox 3367 3184 3561 3261; x_wconf 79' lang='grc' dir='ltr'>οἷ’μοιί</span> <span class='ocrx_word' id='word_1_587' title='bbox 3598 3185 3703 3242; x_wconf 92' lang='grc' dir='ltr'>λο-</span> <span class='ocrx_word' id='word_1_588' title='bbox 3812 3192 3821 3197; x_wconf 83' lang='grc'><em>”</em></span> 
     </span>
    </p>
   </div>
   <div class='ocr_carea' id='block_1_80' title="bbox 2033 3269 3696 3353">
    <p class='ocr_par' dir='ltr' id='par_1_80' title="bbox 2033 3269 3696 3353">
     <span class='ocr_line' id='line_1_81' title="bbox 2033 3269 3696 3353; baseline 0.005 -29"><span class='ocrx_word' id='word_1_589' title='bbox 2033 3274 2222 3344; x_wconf 82' lang='grc' dir='ltr'>γικῶς,</span> <span class='ocrx_word' id='word_1_590' title='bbox 2280 3270 2368 3325; x_wconf 85' lang='grc' dir='ltr'><strong>καὶ</strong></span> <span class='ocrx_word' id='word_1_591' title='bbox 2430 3269 2833 3350; x_wconf 79' lang='grc' dir='ltr'>φιλανθρώπως</span> <span class='ocrx_word' id='word_1_592' title='bbox 2893 3277 3265 3348; x_wconf 89' lang='grc' dir='ltr'>κατηχοῦντα,</span> <span class='ocrx_word' id='word_1_593' title='bbox 3327 3274 3696 3353; x_wconf 75' lang='grc' dir='ltr'>ἀποσφάττειν</span> 
     </span>
    </p>
   </div>
   <div class='ocr_carea' id='block_1_81' title="bbox 2031 3359 3692 3439">
    <p class='ocr_par' dir='ltr' id='par_1_81' title="bbox 2031 3359 3692 3439">
     <span class='ocr_line' id='line_1_82' title="bbox 2031 3359 3692 3439; baseline 0.005 -26"><span class='ocrx_word' id='word_1_594' title='bbox 2031 3359 2410 3436; x_wconf 82' lang='grc' dir='ltr'>ἀπανθρώπως</span> <span class='ocrx_word' id='word_1_595' title='bbox 2493 3361 2892 3438; x_wconf 79' lang='grc' dir='ltr'>ἐπιχειροῦσιν,</span> <span class='ocrx_word' id='word_1_596' title='bbox 2978 3361 3067 3417; x_wconf 80' lang='grc' dir='ltr'>ἐπὶ</span> <span class='ocrx_word' id='word_1_597' title='bbox 3158 3363 3258 3435; x_wconf 75' lang='grc' dir='ltr'>τὴν</span> <span class='ocrx_word' id='word_1_598' title='bbox 3339 3362 3692 3439; x_wconf 75' lang='grc' dir='ltr'>δικαιοσύνην</span> 
     </span>
    </p>
   </div>
   <div class='ocr_carea' id='block_1_82' title="bbox 2030 3446 3694 3530">
    <p class='ocr_par' dir='ltr' id='par_1_82' title="bbox 2030 3446 3694 3530">
     <span class='ocr_line' id='line_1_83' title="bbox 2030 3446 3694 3530; baseline 0.004 -27"><span class='ocrx_word' id='word_1_599' title='bbox 2030 3446 2330 3521; x_wconf 74' lang='grc' dir='ltr'>λαλοῦντα,</span> <span class='ocrx_word' id='word_1_600' title='bbox 2391 3446 2515 3505; x_wconf 65' lang='grc' dir='ltr'>οὔτε</span> <span class='ocrx_word' id='word_1_601' title='bbox 2592 3452 2692 3522; x_wconf 85' lang='grc' dir='ltr'>τὴν</span> <span class='ocrx_word' id='word_1_602' title='bbox 2777 3451 2940 3530; x_wconf 80' lang='grc' dir='ltr'>χάριν</span> <span class='ocrx_word' id='word_1_603' title='bbox 3021 3452 3120 3523; x_wconf 76' lang='grc' dir='ltr'><strong>τήν</strong></span> <span class='ocrx_word' id='word_1_604' title='bbox 3204 3453 3406 3508; x_wconf 80' lang='grc' dir='ltr'>ἄνωθεν</span> <span class='ocrx_word' id='word_1_605' title='bbox 3462 3452 3694 3510; x_wconf 68' lang='grc' dir='ltr'>ἀπεκδε-</span> 
     </span>
    </p>
   </div>
   <div class='ocr_carea' id='block_1_83' title="bbox 2030 3535 3688 3619">
    <p class='ocr_par' dir='ltr' id='par_1_83' title="bbox 2030 3535 3688 3619">
     <span class='ocr_line' id='line_1_84' title="bbox 2030 3535 3688 3619; baseline 0.004 -28"><span class='ocrx_word' id='word_1_606' title='bbox 2030 3539 2284 3613; x_wconf 82' lang='grc' dir='ltr'>χόμενοι,</span> <span class='ocrx_word' id='word_1_607' title='bbox 2344 3535 2468 3594; x_wconf 68' lang='grc' dir='ltr'>οὔτε</span> <span class='ocrx_word' id='word_1_608' title='bbox 2520 3541 2619 3610; x_wconf 69' lang='grc' dir='ltr'>τὴν</span> <span class='ocrx_word' id='word_1_609' title='bbox 2684 3537 2909 3595; x_wconf 80' lang='grc' dir='ltr'>αόλασιν</span> <span class='ocrx_word' id='word_1_610' title='bbox 2984 3538 3398 3618; x_wconf 79' lang='grc' dir='ltr'>ἐκτρεπόμενοι.</span> <span class='ocrx_word' id='word_1_611' title='bbox 3460 3542 3532 3596; x_wconf 73' lang='grc' dir='ltr'><strong>Οὐ</strong></span> <span class='ocrx_word' id='word_1_612' title='bbox 3586 3544 3688 3619; x_wconf 74' lang='grc' dir='ltr'>γὰρ</span> 
     </span>
    </p>
   </div>
   <div class='ocr_carea' id='block_1_84' title="bbox 2028 3627 3686 3707">
    <p class='ocr_par' dir='ltr' id='par_1_84' title="bbox 2028 3627 3686 3707">
     <span class='ocr_line' id='line_1_85' title="bbox 2028 3627 3686 3707; baseline 0.003 -25"><span class='ocrx_word' id='word_1_613' title='bbox 2028 3627 2338 3683; x_wconf 79' lang='grc' dir='ltr'>πιστεύουσι</span> <span class='ocrx_word' id='word_1_614' title='bbox 2387 3633 2468 3707; x_wconf 76' lang='grc' dir='ltr'>τῷ</span> <span class='ocrx_word' id='word_1_615' title='bbox 2515 3635 2655 3704; x_wconf 80' lang='grc' dir='ltr'>Θεῷ,</span> <span class='ocrx_word' id='word_1_616' title='bbox 2713 3627 2842 3687; x_wconf 75' lang='grc' dir='ltr'>οὐδὲ</span> <span class='ocrx_word' id='word_1_617' title='bbox 2891 3629 3291 3705; x_wconf 83' lang='grc' dir='ltr'>ἐκμανθάνουσι</span> <span class='ocrx_word' id='word_1_618' title='bbox 3320 3633 3420 3703; x_wconf 85' lang='grc' dir='ltr'><strong>τήν</strong></span> <span class='ocrx_word' id='word_1_619' title='bbox 3455 3629 3686 3707; x_wconf 68' lang='grc' dir='ltr'>δύναμιν</span> 
     </span>
    </p>
   </div>
   <div class='ocr_carea' id='block_1_85' title="bbox 2027 3716 3690 3800">
    <p class='ocr_par' dir='ltr' id='par_1_85' title="bbox 2027 3716 3690 3800">
     <span class='ocr_line' id='line_1_86' title="bbox 2027 3716 3690 3800; baseline 0.004 -28"><span class='ocrx_word' id='word_1_620' title='bbox 2027 3716 2211 3773; x_wconf 78' lang='grc' dir='ltr'>αὐτοῦ·</span> <span class='ocrx_word' id='word_1_621' title='bbox 2245 3718 2310 3773; x_wconf 82' lang='grc' dir='ltr'><strong>οὗ</strong></span> <span class='ocrx_word' id='word_1_622' title='bbox 2343 3716 2408 3789; x_wconf 84' lang='grc' dir='ltr'><strong>δὴ</strong></span> <span class='ocrx_word' id='word_1_623' title='bbox 2453 3719 2691 3797; x_wconf 79' lang='grc' dir='ltr'>ἄῤῥητος</span> <span class='ocrx_word' id='word_1_624' title='bbox 2742 3722 2777 3791; x_wconf 76' lang='grc' dir='ltr'>ἡ</span> <span class='ocrx_word' id='word_1_625' title='bbox 2841 3719 3250 3796; x_wconf 79' lang='grc' dir='ltr'>φιλανθρωπία,</span> <span class='ocrx_word' id='word_1_626' title='bbox 3307 3721 3506 3777; x_wconf 77' lang='grc' dir='ltr'>τούτου</span> <span class='ocrx_word' id='word_1_627' title='bbox 3536 3724 3690 3800; x_wconf 81' lang='grc' dir='ltr'>ἀχώ-</span> 
     </span>
    </p>
   </div>
   <div class='ocr_carea' id='block_1_86' title="bbox 2028 3807 3689 3888">
    <p class='ocr_par' dir='ltr' id='par_1_86' title="bbox 2028 3807 3689 3888">
     <span class='ocr_line' id='line_1_87' title="bbox 2028 3807 3689 3888; baseline 0.011 -33"><span class='ocrx_word' id='word_1_628' title='bbox 2028 3811 2259 3884; x_wconf 81' lang='grc' dir='ltr'>ρητοςὴ</span> <span class='ocrx_word' id='word_1_629' title='bbox 2312 3812 2709 3885; x_wconf 83' lang='grc' dir='ltr'>μισοπονηρία.</span> <span class='ocrx_word' id='word_1_630' title='bbox 2769 3810 2961 3888; x_wconf 70' lang='grc' dir='ltr'>Τρέφει</span> <span class='ocrx_word' id='word_1_631' title='bbox 3018 3807 3076 3867; x_wconf 66' lang='grc' dir='ltr'><strong>δὲ</strong></span> <span class='ocrx_word' id='word_1_632' title='bbox 3133 3811 3162 3866; x_wconf 84' lang='grc' dir='ltr'>ὁ</span> <span class='ocrx_word' id='word_1_633' title='bbox 3224 3810 3321 3884; x_wconf 75' lang='grc' dir='ltr'>μὲν</span> <span class='ocrx_word' id='word_1_634' title='bbox 3381 3812 3555 3887; x_wconf 81' lang='grc' dir='ltr'>θυμὸς</span> <span class='ocrx_word' id='word_1_635' title='bbox 3584 3814 3689 3883; x_wconf 79' lang='grc' dir='ltr'><strong>τὴν</strong></span> 
     </span>
    </p>
   </div>
   <div class='ocr_carea' id='block_1_87' title="bbox 2023 3898 3683 3977">
    <p class='ocr_par' dir='ltr' id='par_1_87' title="bbox 2023 3898 3683 3977">
     <span class='ocr_line' id='line_1_88' title="bbox 2023 3898 3683 3977; baseline 0.003 -23"><span class='ocrx_word' id='word_1_636' title='bbox 2023 3898 2274 3972; x_wconf 85' lang='grc' dir='ltr'>κόλασιν,</span> <span class='ocrx_word' id='word_1_637' title='bbox 2333 3899 2421 3955; x_wconf 79' lang='grc' dir='ltr'>ἐπὶ</span> <span class='ocrx_word' id='word_1_638' title='bbox 2480 3901 2738 3977; x_wconf 52' lang='grc' dir='ltr'>ἁμαρτίᾳ</span> <span class='ocrx_word' id='word_1_639' title='bbox 2801 3898 2859 3956; x_wconf 81' lang='grc' dir='ltr'><strong>εῦ</strong></span> <span class='ocrx_word' id='word_1_640' title='bbox 2917 3906 3067 3956; x_wconf 78' lang='grc' dir='ltr'>ποιεῖ</span> <span class='ocrx_word' id='word_1_641' title='bbox 3121 3899 3180 3956; x_wconf 75' lang='grc' dir='ltr'><strong>δὲ</strong></span> <span class='ocrx_word' id='word_1_642' title='bbox 3235 3900 3323 3957; x_wconf 81' lang='grc' dir='ltr'>ἐπὶ</span> <span class='ocrx_word' id='word_1_643' title='bbox 3357 3904 3683 3976; x_wconf 83' lang='grc' dir='ltr'>μετανοίᾳή</span> 
     </span>
    </p>
   </div>
   <div class='ocr_carea' id='block_1_88' title="bbox 2025 3986 3795 4069">
    <p class='ocr_par' dir='ltr' id='par_1_88' title="bbox 2025 3986 3795 4069">
     <span class='ocr_line' id='line_1_89' title="bbox 2025 3986 3795 4069; baseline 0.003 -27"><span class='ocrx_word' id='word_1_644' title='bbox 2025 3987 2429 4066; x_wconf 77' lang='grc' dir='ltr'>φιλανθρωπία.</span> <span class='ocrx_word' id='word_1_645' title='bbox 2466 3987 2825 4063; x_wconf 85' lang='grc' dir='ltr'>Οἷκτρότατον</span> <span class='ocrx_word' id='word_1_646' title='bbox 2878 3986 2935 4044; x_wconf 74' lang='grc' dir='ltr'><strong>δὲ</strong></span> <span class='ocrx_word' id='word_1_647' title='bbox 2980 3989 3044 4045; x_wconf 88' lang='grc' dir='ltr'>τὸ</span> <span class='ocrx_word' id='word_1_648' title='bbox 3095 3991 3374 4066; x_wconf 73' lang='grc' dir='ltr'>στέρεσθαι</span> <span class='ocrx_word' id='word_1_649' title='bbox 3409 3992 3507 4061; x_wconf 74' lang='grc' dir='ltr'><strong>τῆς</strong></span> <span class='ocrx_word' id='word_1_650' title='bbox 3535 3993 3686 4069; x_wconf 84' lang='grc' dir='ltr'>παρᾶ</span> <span class='ocrx_word' id='word_1_651' title='bbox 3792 3996 3795 3999; x_wconf 81' lang='grc'><em>’</em></span> 
     </span>
    </p>
   </div>
   <div class='ocr_carea' id='block_1_89' title="bbox 2021 4076 3683 4157">
    <p class='ocr_par' dir='ltr' id='par_1_89' title="bbox 2021 4076 3683 4157">
     <span class='ocr_line' id='line_1_90' title="bbox 2021 4076 3683 4157; baseline 0.001 -24"><span class='ocrx_word' id='word_1_652' title='bbox 2021 4081 2119 4133; x_wconf 88' lang='grc' dir='ltr'><strong>τοῦ</strong></span> <span class='ocrx_word' id='word_1_653' title='bbox 2150 4079 2288 4134; x_wconf 84' lang='grc' dir='ltr'>Οεοῦ</span> <span class='ocrx_word' id='word_1_654' title='bbox 2315 4076 2649 4154; x_wconf 82' lang='grc' dir='ltr'>ἐπικουρίας.</span> <span class='ocrx_word' id='word_1_655' title='bbox 2685 4078 2981 4151; x_wconf 78' lang='grc' dir='ltr'>Ὀμμάτων</span> <span class='ocrx_word' id='word_1_656' title='bbox 3036 4079 3129 4152; x_wconf 73' lang='grc' dir='ltr'>μὶν</span> <span class='ocrx_word' id='word_1_657' title='bbox 3184 4078 3278 4134; x_wconf 80' lang='grc' dir='ltr'><strong>οῦν</strong></span> <span class='ocrx_word' id='word_1_658' title='bbox 3327 4083 3362 4150; x_wconf 80' lang='grc' dir='ltr'><strong>ἡ</strong></span> <span class='ocrx_word' id='word_1_659' title='bbox 3408 4083 3683 4157; x_wconf 83' lang='grc' dir='ltr'>πήρωσις,</span> 
     </span>
    </p>
   </div>
   <div class='ocr_carea' id='block_1_90' title="bbox 2021 4167 3690 4247">
    <p class='ocr_par' dir='ltr' id='par_1_90' title="bbox 2021 4167 3690 4247">
     <span class='ocr_line' id='line_1_91' title="bbox 2021 4167 3690 4247; baseline 0.002 -24"><span class='ocrx_word' id='word_1_660' title='bbox 2021 4167 2112 4223; x_wconf 83' lang='grc' dir='ltr'><strong>καὶ</strong></span> <span class='ocrx_word' id='word_1_661' title='bbox 2167 4170 2269 4233; x_wconf 81' lang='grc' dir='ltr'><strong>τῆς</strong></span> <span class='ocrx_word' id='word_1_662' title='bbox 2322 4167 2493 4237; x_wconf 78' lang='grc' dir='ltr'>ἀκοῆς</span> <span class='ocrx_word' id='word_1_663' title='bbox 2550 4170 2586 4237; x_wconf 81' lang='grc' dir='ltr'>ἠ</span> <span class='ocrx_word' id='word_1_664' title='bbox 2646 4169 2931 4247; x_wconf 83' lang='grc' dir='ltr'>κώφωσις,</span> <span class='ocrx_word' id='word_1_665' title='bbox 2990 4167 3348 4244; x_wconf 70' lang='grc' dir='ltr'>ἀλγεινοτὲρα</span> <span class='ocrx_word' id='word_1_666' title='bbox 3403 4172 3551 4246; x_wconf 83' lang='grc' dir='ltr'>παρά</span> <span class='ocrx_word' id='word_1_667' title='bbox 3589 4170 3690 4236; x_wconf 78' lang='grc' dir='ltr'><strong>τὰς</strong></span> 
     </span>
    </p>
   </div>
   <div class='ocr_carea' id='block_1_91' title="bbox 2022 4255 3684 4336">
    <p class='ocr_par' dir='ltr' id='par_1_91' title="bbox 2022 4255 3684 4336">
     <span class='ocr_line' id='line_1_92' title="bbox 2022 4255 3684 4336; baseline 0.002 -24"><span class='ocrx_word' id='word_1_668' title='bbox 2022 4255 2221 4319; x_wconf 82' lang='grc' dir='ltr'>λοιπὰς</span> <span class='ocrx_word' id='word_1_669' title='bbox 2277 4261 2379 4312; x_wconf 88' lang='grc' dir='ltr'><strong>τοῦ</strong></span> <span class='ocrx_word' id='word_1_670' title='bbox 2436 4262 2689 4331; x_wconf 88' lang='grc' dir='ltr'>πονηροῦ</span> <span class='ocrx_word' id='word_1_671' title='bbox 2746 4258 3149 4329; x_wconf 80' lang='grc' dir='ltr'>πλεονεξίας’ἡ</span> <span class='ocrx_word' id='word_1_672' title='bbox 3186 4259 3282 4333; x_wconf 75' lang='grc' dir='ltr'>μὶν</span> <span class='ocrx_word' id='word_1_673' title='bbox 3323 4259 3423 4336; x_wconf 81' lang='grc' dir='ltr'>γὰρ</span> <span class='ocrx_word' id='word_1_674' title='bbox 3481 4260 3684 4329; x_wconf 83' lang='grc' dir='ltr'>αὐτῶν,</span> 
     </span>
    </p>
   </div>
   <div class='ocr_carea' id='block_1_92' title="bbox 2023 4346 3682 4428">
    <p class='ocr_par' dir='ltr' id='par_1_92' title="bbox 2023 4346 3682 4428">
     <span class='ocr_line' id='line_1_93' title="bbox 2023 4346 3682 4428; baseline 0.002 -27"><span class='ocrx_word' id='word_1_675' title='bbox 2023 4346 2297 4428; x_wconf 75' lang='grc' dir='ltr'>ἀφῄραται</span> <span class='ocrx_word' id='word_1_676' title='bbox 2347 4354 2446 4419; x_wconf 82' lang='grc' dir='ltr'><strong>τῆς</strong></span> <span class='ocrx_word' id='word_1_677' title='bbox 2504 4346 2758 4423; x_wconf 82' lang='grc' dir='ltr'>οὐρανίου</span> <span class='ocrx_word' id='word_1_678' title='bbox 2812 4347 3159 4422; x_wconf 82' lang='grc' dir='ltr'>προσόψεως·</span> <span class='ocrx_word' id='word_1_679' title='bbox 3215 4351 3249 4417; x_wconf 75' lang='grc' dir='ltr'>ἡ</span> <span class='ocrx_word' id='word_1_680' title='bbox 3298 4347 3375 4419; x_wconf 69' lang='grc' dir='ltr'><strong>δὶ,</strong></span> <span class='ocrx_word' id='word_1_681' title='bbox 3404 4355 3505 4421; x_wconf 81' lang='grc' dir='ltr'><strong>τῆς</strong></span> <span class='ocrx_word' id='word_1_682' title='bbox 3538 4347 3682 4414; x_wconf 87' lang='grc' dir='ltr'>θείας</span> 
     </span>
    </p>
   </div>
   <div class='ocr_carea' id='block_1_93' title="bbox 2025 4434 3681 4514">
    <p class='ocr_par' dir='ltr' id='par_1_93' title="bbox 2025 4434 3681 4514">
     <span class='ocr_line' id='line_1_94' title="bbox 2025 4434 3681 4514; baseline 0.001 -22"><span class='ocrx_word' id='word_1_683' title='bbox 2025 4438 2315 4509; x_wconf 82' lang='grc' dir='ltr'>μαθήσεως</span> <span class='ocrx_word' id='word_1_684' title='bbox 2346 4436 2652 4514; x_wconf 71' lang='grc' dir='ltr'>ἰστὲρηται.</span> <span class='ocrx_word' id='word_1_685' title='bbox 2713 4438 2898 4511; x_wconf 81' lang='grc' dir='ltr'>Ὑμεῖς</span> <span class='ocrx_word' id='word_1_686' title='bbox 2955 4434 3034 4507; x_wconf 74' lang='grc' dir='ltr'><strong>δὲ,</strong></span> <span class='ocrx_word' id='word_1_687' title='bbox 3092 4439 3233 4514; x_wconf 80' lang='grc' dir='ltr'>πρὸς</span> <span class='ocrx_word' id='word_1_688' title='bbox 3281 4439 3380 4509; x_wconf 77' lang='grc' dir='ltr'>τὴν</span> <span class='ocrx_word' id='word_1_689' title='bbox 3415 4436 3681 4499; x_wconf 53' lang='grc' dir='ltr'>ἆλῆθειαν</span> 
     </span>
    </p>
   </div>
   <div class='ocr_carea' id='block_1_94' title="bbox 2023 4523 3680 4605">
    <p class='ocr_par' dir='ltr' id='par_1_94' title="bbox 2023 4523 3680 4605">
     <span class='ocr_line' id='line_1_95' title="bbox 2023 4523 3680 4605; baseline 0.002 -24"><span class='ocrx_word' id='word_1_690' title='bbox 2023 4525 2314 4602; x_wconf 73' lang='grc' dir='ltr'>ἀνάπηροι,</span> <span class='ocrx_word' id='word_1_691' title='bbox 2368 4526 2458 4582; x_wconf 86' lang='grc' dir='ltr'><strong>καὶ</strong></span> <span class='ocrx_word' id='word_1_692' title='bbox 2514 4523 2716 4604; x_wconf 75' lang='grc' dir='ltr'>τυφλοὶ</span> <span class='ocrx_word' id='word_1_693' title='bbox 2776 4528 2871 4600; x_wconf 75' lang='grc' dir='ltr'><strong>μὶν</strong></span> <span class='ocrx_word' id='word_1_694' title='bbox 2925 4526 3018 4583; x_wconf 82' lang='grc' dir='ltr'>τὸν</span> <span class='ocrx_word' id='word_1_695' title='bbox 3070 4530 3216 4601; x_wconf 79' lang='grc' dir='ltr'>νοῦν,</span> <span class='ocrx_word' id='word_1_696' title='bbox 3276 4528 3453 4605; x_wconf 71' lang='grc' dir='ltr'>κωφοὶ</span> <span class='ocrx_word' id='word_1_697' title='bbox 3493 4526 3553 4585; x_wconf 63' lang='grc' dir='ltr'><strong>δὲ</strong></span> <span class='ocrx_word' id='word_1_698' title='bbox 3579 4530 3680 4599; x_wconf 73' lang='grc' dir='ltr'>τὴν</span> 
     </span>
    </p>
   </div>
   <div class='ocr_carea' id='block_1_95' title="bbox 254 4597 1923 4693">
    <p class='ocr_par' dir='ltr' id='par_1_95' title="bbox 254 4620 1908 4693">
     <span class='ocr_line' id='line_1_96' title="bbox 254 4620 1908 4693; baseline 0.002 -20"><span class='ocrx_word' id='word_1_699' title='bbox 254 4636 377 4675; x_wconf 93' lang='lat' dir='ltr'><strong>non</strong></span> <span class='ocrx_word' id='word_1_700' title='bbox 409 4626 641 4692; x_wconf 89' lang='lat' dir='ltr'><strong>potest:</strong></span> <span class='ocrx_word' id='word_1_701' title='bbox 676 4622 726 4677; x_wconf 92' lang='lat' dir='ltr'><strong>is</strong></span> <span class='ocrx_word' id='word_1_702' title='bbox 758 4626 978 4693; x_wconf 88' lang='lat' dir='ltr'><strong>quanto</strong></span> <span class='ocrx_word' id='word_1_703' title='bbox 1034 4620 1168 4677; x_wconf 90' lang='lat' dir='ltr'><strong>odio</strong></span> <span class='ocrx_word' id='word_1_704' title='bbox 1229 4622 1456 4679; x_wconf 88' lang='lat' dir='ltr'><strong>scelera</strong></span> <span class='ocrx_word' id='word_1_705' title='bbox 1494 4626 1908 4693; x_wconf 87' lang='lat' dir='ltr'><strong>prosequatur,</strong></span> 
     </span>
    </p>
   </div>
   <div class='ocr_carea' id='block_1_96' title="bbox 2033 4597 3682 4693">
    <p class='ocr_par' dir='ltr' id='par_1_96' title="bbox 2033 4611 3682 4693">
     <span class='ocr_line' id='line_1_97' title="bbox 2033 4611 3682 4693; baseline 0.001 -22"><span class='ocrx_word' id='word_1_706' title='bbox 2033 4617 2227 4671; x_wconf 70' lang='grc' dir='ltr'>τΰνεσιν</span> <span class='ocrx_word' id='word_1_707' title='bbox 2288 4611 2462 4684; x_wconf 81' lang='grc' dir='ltr'>ὄντες,</span> <span class='ocrx_word' id='word_1_708' title='bbox 2538 4614 2637 4669; x_wconf 82' lang='grc' dir='ltr'>οὐκ</span> <span class='ocrx_word' id='word_1_709' title='bbox 2708 4614 2949 4690; x_wconf 82' lang='grc' dir='ltr'>ἀλγεῖτε,</span> <span class='ocrx_word' id='word_1_710' title='bbox 3031 4615 3130 4672; x_wconf 73' lang='grc' dir='ltr'>οὐκ</span> <span class='ocrx_word' id='word_1_711' title='bbox 3187 4618 3556 4693; x_wconf 72' lang='grc' dir='ltr'>ἀγανακτεῖτε,</span> <span class='ocrx_word' id='word_1_712' title='bbox 3618 4618 3682 4673; x_wconf 73' lang='grc' dir='ltr'>οὐ</span> 
     </span>
    </p>
   </div>
   <div class='ocr_carea' id='block_1_97' title="bbox 248 4710 1903 4786">
    <p class='ocr_par' dir='ltr' id='par_1_97' title="bbox 248 4710 1903 4786">
     <span class='ocr_line' id='line_1_98' title="bbox 248 4710 1903 4786; baseline 0.001 -22"><span class='ocrx_word' id='word_1_713' title='bbox 248 4716 449 4767; x_wconf 86' lang='lat' dir='ltr'><strong>mente</strong></span> <span class='ocrx_word' id='word_1_714' title='bbox 480 4712 713 4786; x_wconf 90' lang='lat' dir='ltr'><strong>concipi</strong></span> <span class='ocrx_word' id='word_1_715' title='bbox 763 4712 994 4784; x_wconf 81' lang='lat' dir='ltr'><strong>nequit.</strong></span> <span class='ocrx_word' id='word_1_716' title='bbox 1038 4710 1551 4781; x_wconf 82' lang='lat' dir='ltr'><strong>Quemadmodum</strong></span> <span class='ocrx_word' id='word_1_717' title='bbox 1583 4715 1783 4767; x_wconf 88' lang='lat' dir='ltr'><strong>autem</strong></span> <span class='ocrx_word' id='word_1_718' title='bbox 1814 4710 1903 4765; x_wconf 90' lang='lat' dir='ltr'><strong>ira</strong></span> 
     </span>
    </p>
   </div>
   <div class='ocr_carea' id='block_1_98' title="bbox 2007 4701 3678 4783">
    <p class='ocr_par' dir='ltr' id='par_1_98' title="bbox 2007 4701 3678 4783">
     <span class='ocr_line' id='line_1_99' title="bbox 2007 4701 3678 4783; baseline 0.004 -24"><span class='ocrx_word' id='word_1_719' title='bbox 2007 4707 2102 4767; x_wconf 82' lang='grc' dir='ltr'>τὸν</span> <span class='ocrx_word' id='word_1_720' title='bbox 2161 4704 2393 4783; x_wconf 77' lang='grc' dir='ltr'>οὐρανὸν</span> <span class='ocrx_word' id='word_1_721' title='bbox 2455 4701 2613 4777; x_wconf 80' lang='grc' dir='ltr'>ἰδεῖν,</span> <span class='ocrx_word' id='word_1_722' title='bbox 2671 4704 2761 4759; x_wconf 78' lang='grc' dir='ltr'><strong>καὶ</strong></span> <span class='ocrx_word' id='word_1_723' title='bbox 2819 4705 2912 4759; x_wconf 85' lang='grc' dir='ltr'>τὸν</span> <span class='ocrx_word' id='word_1_724' title='bbox 2984 4709 3081 4759; x_wconf 80' lang='grc' dir='ltr'><strong>τοῦ</strong></span> <span class='ocrx_word' id='word_1_725' title='bbox 3138 4707 3374 4783; x_wconf 76' lang='grc' dir='ltr'>οὐρανοῦ</span> <span class='ocrx_word' id='word_1_726' title='bbox 3431 4709 3678 4780; x_wconf 79' lang='grc' dir='ltr'>ποιητὴν</span> 
     </span>
    </p>
   </div>
   <div class='ocr_carea' id='block_1_99' title="bbox 322 4852 1923 4925">
    <p class='ocr_par' dir='ltr' id='par_1_99' title="bbox 322 4855 1921 4925">
     <span class='ocr_line' id='line_1_100' title="bbox 322 4855 1921 4925; baseline 0.001 -17"><span class='ocrx_word' id='word_1_727' title='bbox 322 4856 465 4925; x_wconf 47' lang='grc' dir='ltr'><strong>ᾲΡ.</strong></span> <span class='ocrx_word' id='word_1_728' title='bbox 499 4856 567 4909; x_wconf 80' lang='lat'><strong>82</strong></span> <span class='ocrx_word' id='word_1_729' title='bbox 598 4857 708 4910; x_wconf 83' lang='grc' dir='ltr'>ΕΙ).</span> <span class='ocrx_word' id='word_1_730' title='bbox 744 4858 1038 4920; x_wconf 79' lang='lat' dir='ltr'><strong>POTTER.</strong></span> <span class='ocrx_word' id='word_1_731' title='bbox 1072 4857 1138 4913; x_wconf 79' lang='grc'><strong>65</strong></span> <span class='ocrx_word' id='word_1_732' title='bbox 1168 4856 1282 4917; x_wconf 86' lang='grc' dir='ltr'>ΕΙ).</span> <span class='ocrx_word' id='word_1_733' title='bbox 1318 4855 1549 4913; x_wconf 79' lang='lat' dir='ltr'><strong>PARIS.</strong></span> <span class='ocrx_word' id='word_1_734' title='bbox 1584 4855 1626 4889; x_wconf 82' lang='grc'>¹³</span> <span class='ocrx_word' id='word_1_735' title='bbox 1656 4855 1812 4917; x_wconf 83' lang='lat' dir='ltr'><strong>Psal.</strong></span> <span class='ocrx_word' id='word_1_736' title='bbox 1846 4872 1921 4913; x_wconf 81' lang='lat' dir='ltr'><strong>xx</strong></span> 
     </span>
    </p>
   </div>
   <div class='ocr_carea' id='block_1_100' title="bbox 2033 4852 2521 4925">
    <p class='ocr_par' dir='ltr' id='par_1_100' title="bbox 2048 4852 2521 4921">
     <span class='ocr_line' id='line_1_101' title="bbox 2048 4852 2521 4921; baseline -0.013 -13"><span class='ocrx_word' id='word_1_737' title='bbox 2048 4857 2098 4921; x_wconf 88' lang='grc'>1,</span> <span class='ocrx_word' id='word_1_738' title='bbox 2124 4854 2148 4907; x_wconf 97' lang='grc' dir='ltr'><strong>Ι</strong></span> <span class='ocrx_word' id='word_1_739' title='bbox 2178 4853 2310 4909; x_wconf 88' lang='lat' dir='ltr'><strong>Cor.</strong></span> <span class='ocrx_word' id='word_1_740' title='bbox 2343 4868 2398 4921; x_wconf 68' lang='grc' dir='ltr'><strong>π,</strong></span> <span class='ocrx_word' id='word_1_741' title='bbox 2432 4852 2521 4904; x_wconf 82' lang='lat'><strong>26.</strong></span> 
     </span>
    </p>
   </div>
   <div class='ocr_carea' id='block_1_101' title="bbox 250 4995 1899 5071">
    <p class='ocr_par' dir='ltr' id='par_1_101' title="bbox 250 4995 1899 5071">
     <span class='ocr_line' id='line_1_102' title="bbox 250 4995 1899 5071; baseline 0.002 -21"><span class='ocrx_word' id='word_1_742' title='bbox 250 4996 403 5051; x_wconf 80' lang='lat' dir='ltr'><strong>Dicit</strong></span> <span class='ocrx_word' id='word_1_743' title='bbox 433 5002 640 5057; x_wconf 89' lang='lat' dir='ltr'><strong>auctor</strong></span> <span class='ocrx_word' id='word_1_744' title='bbox 665 4999 971 5071; x_wconf 77' lang='lat' dir='ltr'><strong>daemones</strong></span> <span class='ocrx_word' id='word_1_745' title='bbox 1001 5014 1122 5071; x_wconf 86' lang='lat' dir='ltr'><strong>non</strong></span> <span class='ocrx_word' id='word_1_746' title='bbox 1147 5013 1273 5071; x_wconf 83' lang='lat' dir='ltr'><strong>esse</strong></span> <span class='ocrx_word' id='word_1_747' title='bbox 1296 5013 1430 5052; x_wconf 87' lang='lat' dir='ltr'><strong>vere</strong></span> <span class='ocrx_word' id='word_1_748' title='bbox 1452 4995 1766 5071; x_wconf 81' lang='grc' dir='ltr'>ἀθανάτους,</span> <span class='ocrx_word' id='word_1_749' title='bbox 1790 5016 1899 5059; x_wconf 89' lang='lat' dir='ltr'><strong>nec</strong></span> 
     </span>
    </p>
   </div>
   <div class='ocr_carea' id='block_1_102' title="bbox 252 5066 1616 5138">
    <p class='ocr_par' dir='ltr' id='par_1_102' title="bbox 252 5066 1616 5138">
     <span class='ocr_line' id='line_1_103' title="bbox 252 5066 1616 5138; baseline 0.005 -18"><span class='ocrx_word' id='word_1_750' title='bbox 252 5072 450 5123; x_wconf 84' lang='lat' dir='ltr'><strong>tamen</strong></span> <span class='ocrx_word' id='word_1_751' title='bbox 481 5066 735 5138; x_wconf 78' lang='grc' dir='ltr'>θνητούς,</span> <span class='ocrx_word' id='word_1_752' title='bbox 770 5073 872 5126; x_wconf 83' lang='lat' dir='ltr'><strong>sed</strong></span> <span class='ocrx_word' id='word_1_753' title='bbox 904 5069 1145 5138; x_wconf 88' lang='lat' dir='ltr'><strong>penitus</strong></span> <span class='ocrx_word' id='word_1_754' title='bbox 1174 5067 1291 5123; x_wconf 88' lang='lat' dir='ltr'><strong>vita</strong></span> <span class='ocrx_word' id='word_1_755' title='bbox 1322 5074 1616 5127; x_wconf 85' lang='lat' dir='ltr'><strong>carentes.</strong></span> 
     </span>
    </p>
   </div>
   <div class='ocr_carea' id='block_1_103' title="bbox 314 5090 1260 5212">
    <p class='ocr_par' dir='ltr' id='par_1_103' title="bbox 314 5090 1260 5212">
     <span class='ocr_line' id='line_1_104' title="bbox 316 5090 1260 5138; baseline -0.001 -18"><span class='ocrx_word' id='word_1_756' title='bbox 316 5090 450 5123; x_wconf 80' lang='lat' dir='ltr'><strong>men</strong></span> <span class='ocrx_word' id='word_1_757' title='bbox 481 5090 735 5138; x_wconf 77' lang='grc' dir='ltr'>θνητους,</span> <span class='ocrx_word' id='word_1_758' title='bbox 770 5090 872 5126; x_wconf 82' lang='lat' dir='ltr'><strong>seu</strong></span> <span class='ocrx_word' id='word_1_759' title='bbox 946 5090 1145 5125; x_wconf 76' lang='lat' dir='ltr'><strong>ennus</strong></span> <span class='ocrx_word' id='word_1_760' title='bbox 1177 5090 1260 5120; x_wconf 61' lang='lat' dir='ltr'><strong>vn;</strong></span> 
     </span>
     <span class='ocr_line' id='line_1_105' title="bbox 314 5090 1260 5212; baseline 0.002 -19"><span class='ocrx_word' id='word_1_761' title='bbox 314 5142 430 5210; x_wconf 82' lang='lat'><strong>(82)</strong></span> <span class='ocrx_word' id='word_1_762' title='bbox 464 5140 556 5208; x_wconf 80' lang='grc' dir='ltr'><strong>Μὴ</strong></span> <span class='ocrx_word' id='word_1_763' title='bbox 594 5161 711 5212; x_wconf 85' lang='grc' dir='ltr'>μετ.</span> <span class='ocrx_word' id='word_1_764' title='bbox 746 5141 840 5209; x_wconf 84' lang='grc' dir='ltr'>Μη</span> <span class='ocrx_word' id='word_1_765' title='bbox 877 5090 939 5193; x_wconf 62' lang='lat' dir='ltr'>8E</span> <span class='ocrx_word' id='word_1_766' title='bbox 968 5158 1096 5212; x_wconf 77' lang='grc' dir='ltr'>μετ.</span> <span class='ocrx_word' id='word_1_767' title='bbox 1123 5140 1260 5195; x_wconf 83' lang='grc' dir='ltr'>Νον.</span> 
     </span>
    </p>
   </div>
   <div class='ocr_carea' id='block_1_104' title="bbox 319 5210 1896 5286">
    <p class='ocr_par' dir='ltr' id='par_1_104' title="bbox 319 5210 1896 5286">
     <span class='ocr_line' id='line_1_106' title="bbox 319 5210 1896 5286; baseline 0.004 -23"><span class='ocrx_word' id='word_1_768' title='bbox 319 5212 431 5282; x_wconf 88' lang='lat'><strong>(83)</strong></span> <span class='ocrx_word' id='word_1_769' title='bbox 460 5210 811 5286; x_wconf 44' lang='lat' dir='ltr'><strong>reappears</strong></span> <span class='ocrx_word' id='word_1_770' title='bbox 867 5210 1129 5286; x_wconf 83' lang='lat' dir='ltr'><strong>Respicit</strong></span> <span class='ocrx_word' id='word_1_771' title='bbox 1185 5210 1553 5286; x_wconf 75' lang='lat' dir='ltr'><strong>proverbiale</strong></span> <span class='ocrx_word' id='word_1_772' title='bbox 1596 5214 1896 5283; x_wconf 85' lang='lat' dir='ltr'><strong>quoddam</strong></span> 
     </span>
    </p>
   </div>
   <div class='ocr_carea' id='block_1_105' title="bbox 248 5231 1895 5357">
    <p class='ocr_par' dir='ltr' id='par_1_105' title="bbox 248 5231 1895 5357">
     <span class='ocr_line' id='line_1_107' title="bbox 319 5231 1895 5286; baseline 0.004 -23"><span class='ocrx_word' id='word_1_773' title='bbox 319 5231 431 5282; x_wconf 64' lang='grc' dir='ltr'>(δα)</span> <span class='ocrx_word' id='word_1_774' title='bbox 470 5231 535 5267; x_wconf 81' lang='grc' dir='ltr'><strong>ια</strong></span> <span class='ocrx_word' id='word_1_775' title='bbox 565 5231 660 5286; x_wconf 83' lang='grc' dir='ltr'><strong>τρο</strong></span> <span class='ocrx_word' id='word_1_776' title='bbox 709 5231 811 5269; x_wconf 86' lang='grc' dir='ltr'>εια.</span> <span class='ocrx_word' id='word_1_777' title='bbox 870 5231 1129 5281; x_wconf 75' lang='lat' dir='ltr'><strong>nespicu</strong></span> <span class='ocrx_word' id='word_1_778' title='bbox 1185 5231 1553 5281; x_wconf 79' lang='lat' dir='ltr'><strong>proverbiale</strong></span> <span class='ocrx_word' id='word_1_779' title='bbox 1596 5231 1895 5283; x_wconf 84' lang='lat' dir='ltr'><strong>quoauam</strong></span> 
     </span>
     <span class='ocr_line' id='line_1_108' title="bbox 248 5231 1895 5357; baseline 0.002 -23"><span class='ocrx_word' id='word_1_780' title='bbox 248 5280 515 5357; x_wconf 75' lang='lat' dir='ltr'><strong>dictum,_</strong></span> <span class='ocrx_word' id='word_1_781' title='bbox 547 5231 778 5357; x_wconf 57' lang='lat' dir='ltr'><strong>Suidoas,</strong></span> <span class='ocrx_word' id='word_1_782' title='bbox 831 5281 992 5357; x_wconf 75' lang='grc' dir='ltr'>Κριὸς</span> <span class='ocrx_word' id='word_1_783' title='bbox 1038 5286 1283 5357; x_wconf 40' lang='grc' dir='ltr'>τροφεῖα.</span> <span class='ocrx_word' id='word_1_784' title='bbox 1316 5282 1554 5357; x_wconf 67' lang='grc' dir='ltr'>ἀπέτισε.</span> <span class='ocrx_word' id='word_1_785' title='bbox 1598 5286 1895 5357; x_wconf 64' lang='grc' dir='ltr'><strong>ΔΗαροιμία</strong></span> 
     </span>
    </p>
   </div>
   <div class='ocr_carea' id='block_1_106' title="bbox 241 5349 1891 5433">
    <p class='ocr_par' dir='ltr' id='par_1_106' title="bbox 241 5349 1891 5433">
     <span class='ocr_line' id='line_1_109' title="bbox 241 5349 1891 5433; baseline 0.005 -29"><span class='ocrx_word' id='word_1_786' title='bbox 241 5349 330 5405; x_wconf 82' lang='grc' dir='ltr'>ἐπί</span> <span class='ocrx_word' id='word_1_787' title='bbox 356 5349 827 5433; x_wconf 27' lang='grc' dir='ltr'>τῶνζᾶχαρίστων.</span> <span class='ocrx_word' id='word_1_788' title='bbox 877 5349 983 5433; x_wconf 69' lang='grc' dir='ltr'>’Καὶ</span> <span class='ocrx_word' id='word_1_789' title='bbox 1042 5349 1165 5433; x_wconf 48' lang='grc' dir='ltr'><strong>χ’ὰρς</strong></span> <span class='ocrx_word' id='word_1_790' title='bbox 1206 5351 1332 5433; x_wconf 54' lang='grc' dir='ltr'>τοῦς</span> <span class='ocrx_word' id='word_1_791' title='bbox 1376 5349 1891 5433; x_wconf 33' lang='grc' dir='ltr'>κριοὺςιέκτραξρέν-</span> 
     </span>
    </p>
   </div>
   <div class='ocr_carea' id='block_1_107' title="bbox 236 5416 1891 5502">
    <p class='ocr_par' dir='ltr' id='par_1_107' title="bbox 236 5416 1891 5502">
     <span class='ocr_line' id='line_1_110' title="bbox 236 5416 1891 5502; baseline 0.004 -27"><span class='ocrx_word' id='word_1_792' title='bbox 236 5441 333 5485; x_wconf 88' lang='grc' dir='ltr'><strong>τας</strong></span> <span class='ocrx_word' id='word_1_793' title='bbox 365 5424 503 5502; x_wconf 23' lang='grc' dir='ltr'>φασὶ*</span> <span class='ocrx_word' id='word_1_794' title='bbox 532 5416 840 5502; x_wconf 40' lang='grc' dir='ltr'>κυρίττειν-</span> <span class='ocrx_word' id='word_1_795' title='bbox 863 5422 991 5484; x_wconf 73' lang='grc' dir='ltr'>τοὺς</span> <span class='ocrx_word' id='word_1_796' title='bbox 1045 5416 1434 5502; x_wconf 63' lang='grc' dir='ltr'>θρεψαμένους.</span> <span class='ocrx_word' id='word_1_797' title='bbox 1469 5429 1534 5483; x_wconf 67' lang='grc'><strong>*⁸0</strong></span> <span class='ocrx_word' id='word_1_798' title='bbox 1567 5416 1891 5502; x_wconf 32' lang='grc' dir='ltr'>ἐστιξπλήτ-</span> 
     </span>
    </p>
   </div>
   <div class='ocr_carea' id='block_1_108' title="bbox 234 5496 1888 5570">
    <p class='ocr_par' dir='ltr' id='par_1_108' title="bbox 234 5496 1888 5570">
     <span class='ocr_line' id='line_1_111' title="bbox 234 5496 1888 5570; baseline 0.006 -22"><span class='ocrx_word' id='word_1_799' title='bbox 234 5496 576 5570; x_wconf 63' lang='lat' dir='ltr'><strong>tew.&#39;Aries</strong></span> <span class='ocrx_word' id='word_1_800' title='bbox 606 5496 943 5555; x_wconf 86' lang='lat' dir='ltr'><strong>mercedem</strong></span> <span class='ocrx_word' id='word_1_801' title='bbox 978 5496 1087 5569; x_wconf 85' lang='lat' dir='ltr'><strong>pro</strong></span> <span class='ocrx_word' id='word_1_802' title='bbox 1113 5496 1411 5554; x_wconf 89' lang='lat' dir='ltr'><strong>alimentis</strong></span> <span class='ocrx_word' id='word_1_803' title='bbox 1443 5496 1888 5570; x_wconf 71' lang='lat' dir='ltr'><strong>persolvitl’ro-</strong></span> 
     </span>
    </p>
   </div>
   <div class='ocr_carea' id='block_1_109' title="bbox 235 5568 1890 5645">
    <p class='ocr_par' dir='ltr' id='par_1_109' title="bbox 235 5568 1890 5645">
     <span class='ocr_line' id='line_1_112' title="bbox 235 5568 1890 5645; baseline 0.005 -24"><span class='ocrx_word' id='word_1_804' title='bbox 235 5570 487 5645; x_wconf 65' lang='lat' dir='ltr'><strong>verbiam</strong></span> <span class='ocrx_word' id='word_1_805' title='bbox 520 5568 581 5645; x_wconf 66' lang='lat' dir='ltr'><strong>in</strong></span> <span class='ocrx_word' id='word_1_806' title='bbox 610 5570 880 5645; x_wconf 63' lang='lat' dir='ltr'><strong>ingratos.</strong></span> <span class='ocrx_word' id='word_1_807' title='bbox 934 5568 1104 5624; x_wconf 78' lang='lat' dir='ltr'><strong>Aiunt</strong></span> <span class='ocrx_word' id='word_1_808' title='bbox 1152 5571 1301 5625; x_wconf 80' lang='lat' dir='ltr'><strong>enim</strong></span> <span class='ocrx_word' id='word_1_809' title='bbox 1355 5568 1575 5636; x_wconf 69' lang='lat' dir='ltr'><strong>arietes,</strong></span> <span class='ocrx_word' id='word_1_810' title='bbox 1602 5576 1890 5645; x_wconf 79' lang='lat' dir='ltr'><strong>postquam</strong></span> 
     </span>
    </p>
   </div>
   <div class='ocr_carea' id='block_1_110' title="bbox 233 5639 1889 5718">
    <p class='ocr_par' dir='ltr' id='par_1_110' title="bbox 233 5639 1889 5718">
     <span class='ocr_line' id='line_1_113' title="bbox 233 5639 1889 5718; baseline 0.005 -24"><span class='ocrx_word' id='word_1_811' title='bbox 233 5639 479 5718; x_wconf 72' lang='lat' dir='ltr'><strong>enutriti</strong></span> <span class='ocrx_word' id='word_1_812' title='bbox 494 5639 565 5718; x_wconf 81' lang='lat' dir='ltr'><strong>ad</strong></span> <span class='ocrx_word' id='word_1_813' title='bbox 583 5640 833 5718; x_wconf 79' lang='lat' dir='ltr'><strong>adultam</strong></span> <span class='ocrx_word' id='word_1_814' title='bbox 853 5646 1075 5718; x_wconf 74' lang='lat' dir='ltr'><strong>aetatem</strong></span> <span class='ocrx_word' id='word_1_815' title='bbox 1095 5647 1491 5715; x_wconf 83' lang='lat' dir='ltr'><strong>pervenerunt,</strong></span> <span class='ocrx_word' id='word_1_816' title='bbox 1512 5639 1685 5700; x_wconf 73' lang='lat' dir='ltr'><strong>cornu</strong></span> <span class='ocrx_word' id='word_1_817' title='bbox 1702 5639 1889 5718; x_wconf 72' lang='lat' dir='ltr'><strong>petere</strong></span> 
     </span>
    </p>
   </div>
   <div class='ocr_carea' id='block_1_111' title="bbox 233 5711 952 5781">
    <p class='ocr_par' dir='ltr' id='par_1_111' title="bbox 233 5711 952 5781">
     <span class='ocr_line' id='line_1_114' title="bbox 233 5711 952 5781; baseline 0.001 -16"><span class='ocrx_word' id='word_1_818' title='bbox 233 5726 345 5775; x_wconf 71' lang='lat' dir='ltr'><strong>eos,</strong></span> <span class='ocrx_word' id='word_1_819' title='bbox 380 5711 479 5781; x_wconf 85' lang='lat' dir='ltr'><strong>qui</strong></span> <span class='ocrx_word' id='word_1_820' title='bbox 498 5712 643 5781; x_wconf 64' lang='lat' dir='ltr'><strong>ipso:</strong></span> <span class='ocrx_word' id='word_1_821' title='bbox 672 5713 952 5781; x_wconf 74' lang='lat' dir='ltr'><strong>aluerunt.</strong></span> 
     </span>
    </p>
   </div>
   <div class='ocr_carea' id='block_1_112' title="bbox 308 5780 1881 5858">
    <p class='ocr_par' dir='ltr' id='par_1_112' title="bbox 308 5780 1881 5858">
     <span class='ocr_line' id='line_1_115' title="bbox 308 5780 1881 5858; baseline 0.008 -23"><span class='ocrx_word' id='word_1_822' title='bbox 308 5780 422 5855; x_wconf 79' lang='grc'>(84)</span> <span class='ocrx_word' id='word_1_823' title='bbox 450 5780 574 5838; x_wconf 81' lang='grc' dir='ltr'>Λὼτ</span> <span class='ocrx_word' id='word_1_824' title='bbox 601 5780 829 5843; x_wconf 77' lang='grc' dir='ltr'>ἐκάλουν</span> <span class='ocrx_word' id='word_1_825' title='bbox 877 5782 1061 5857; x_wconf 69' lang='grc' dir='ltr'>αὐτήν.</span> <span class='ocrx_word' id='word_1_826' title='bbox 1124 5786 1234 5841; x_wconf 88' lang='lat' dir='ltr'><strong>Pro</strong></span> <span class='ocrx_word' id='word_1_827' title='bbox 1265 5781 1433 5855; x_wconf 76' lang='grc' dir='ltr'>αὐτήν</span> <span class='ocrx_word' id='word_1_828' title='bbox 1464 5786 1531 5842; x_wconf 88' lang='grc' dir='ltr'>Α.</span> <span class='ocrx_word' id='word_1_829' title='bbox 1565 5785 1881 5858; x_wconf 76' lang='lat' dir='ltr'><strong>legendum</strong></span> 
     </span>
    </p>
   </div>
   <div class='ocr_carea' id='block_1_113' title="bbox 2014 5006 3668 5086">
    <p class='ocr_par' dir='ltr' id='par_1_113' title="bbox 2014 5006 3668 5086">
     <span class='ocr_line' id='line_1_116' title="bbox 2014 5006 3668 5086; baseline 0.002 -17"><span class='ocrx_word' id='word_1_830' title='bbox 2014 5016 2221 5071; x_wconf 87' lang='lat' dir='ltr'><strong>censet</strong></span> <span class='ocrx_word' id='word_1_831' title='bbox 2248 5009 2420 5080; x_wconf 80' lang='grc' dir='ltr'>αὐτῆς</span> <span class='ocrx_word' id='word_1_832' title='bbox 2451 5009 2541 5071; x_wconf 85' lang='grc' dir='ltr'><strong>τὸν</strong></span> <span class='ocrx_word' id='word_1_833' title='bbox 2575 5006 2761 5086; x_wconf 75' lang='grc' dir='ltr'>ἄνδρα,</span> <span class='ocrx_word' id='word_1_834' title='bbox 2796 5029 2868 5086; x_wconf 83' lang='lat' dir='ltr'><strong>ex</strong></span> <span class='ocrx_word' id='word_1_835' title='bbox 2928 5014 3116 5086; x_wconf 88' lang='lat' dir='ltr'><strong>Genes</strong></span> <span class='ocrx_word' id='word_1_836' title='bbox 3169 5029 3298 5085; x_wconf 90' lang='lat' dir='ltr'><strong>cap.</strong></span> <span class='ocrx_word' id='word_1_837' title='bbox 3332 5030 3448 5072; x_wconf 64' lang='grc' dir='ltr'>ιιι.</span> <span class='ocrx_word' id='word_1_838' title='bbox 3483 5014 3668 5073; x_wconf 84' lang='lat' dir='ltr'><strong>Muta-</strong></span> 
     </span>
    </p>
   </div>
   <div class='ocr_carea' id='block_1_114' title="bbox 2012 5083 3666 5157">
    <p class='ocr_par' dir='ltr' id='par_1_114' title="bbox 2012 5083 3666 5157">
     <span class='ocr_line' id='line_1_117' title="bbox 2012 5083 3666 5157; baseline 0.001 -18"><span class='ocrx_word' id='word_1_839' title='bbox 2012 5087 2173 5141; x_wconf 90' lang='lat' dir='ltr'><strong>tione</strong></span> <span class='ocrx_word' id='word_1_840' title='bbox 2208 5100 2507 5157; x_wconf 79' lang='lat' dir='ltr'><strong>opusnon</strong></span> <span class='ocrx_word' id='word_1_841' title='bbox 2539 5090 2646 5151; x_wconf 89' lang='lat' dir='ltr'><strong>est,</strong></span> <span class='ocrx_word' id='word_1_842' title='bbox 2676 5083 2725 5140; x_wconf 68' lang='lat' dir='ltr'><strong>Si</strong></span> <span class='ocrx_word' id='word_1_843' title='bbox 2755 5083 2881 5140; x_wconf 80' lang='grc' dir='ltr'>Λώτ</span> <span class='ocrx_word' id='word_1_844' title='bbox 2907 5085 3165 5157; x_wconf 81' lang='lat' dir='ltr'><strong>genitivo</strong></span> <span class='ocrx_word' id='word_1_845' title='bbox 3197 5083 3301 5140; x_wconf 80' lang='lat' dir='ltr'><strong>seu</strong></span> <span class='ocrx_word' id='word_1_846' title='bbox 3333 5088 3666 5157; x_wconf 87' lang='lat' dir='ltr'><strong>possessivo</strong></span> 
     </span>
    </p>
   </div>
   <div class='ocr_carea' id='block_1_115' title="bbox 2010 5154 3668 5226">
    <p class='ocr_par' dir='ltr' id='par_1_115' title="bbox 2010 5154 3668 5226">
     <span class='ocr_line' id='line_1_118' title="bbox 2010 5154 3668 5226; baseline -0.001 -15"><span class='ocrx_word' id='word_1_847' title='bbox 2010 5173 2151 5213; x_wconf 87' lang='lat' dir='ltr'><strong>casu</strong></span> <span class='ocrx_word' id='word_1_848' title='bbox 2184 5154 2565 5226; x_wconf 87' lang='lat' dir='ltr'><strong>accipiamus,</strong></span> <span class='ocrx_word' id='word_1_849' title='bbox 2599 5162 2665 5212; x_wconf 88' lang='lat' dir='ltr'><strong>ut</strong></span> <span class='ocrx_word' id='word_1_850' title='bbox 2694 5173 2815 5213; x_wconf 88' lang='lat' dir='ltr'><strong>non</strong></span> <span class='ocrx_word' id='word_1_851' title='bbox 2849 5154 3035 5211; x_wconf 77' lang='lat' dir='ltr'><strong>semel</strong></span> <span class='ocrx_word' id='word_1_852' title='bbox 3078 5156 3252 5213; x_wconf 87' lang='lat' dir='ltr'><strong>infra.</strong></span> <span class='ocrx_word' id='word_1_853' title='bbox 3289 5154 3563 5213; x_wconf 54' lang='grc' dir='ltr'><strong>δήπερ.</strong></span> <span class='ocrx_word' id='word_1_854' title='bbox 3596 5191 3668 5201; x_wconf 88' lang='lat'><strong>——-</strong></span> 
     </span>
    </p>
   </div>
   <div class='ocr_carea' id='block_1_116' title="bbox 2009 5226 3662 5316">
    <p class='ocr_par' dir='ltr' id='par_1_116' title="bbox 2009 5226 3662 5316">
     <span class='ocr_line' id='line_1_119' title="bbox 2009 5226 3662 5316; baseline 0.003 -35"><span class='ocrx_word' id='word_1_855' title='bbox 2009 5228 2102 5315; x_wconf 58' lang='lat' dir='ltr'><strong>Sic</strong></span> <span class='ocrx_word' id='word_1_856' title='bbox 2125 5228 2329 5313; x_wconf 48' lang='lat' dir='ltr'><strong>‘Strom.</strong></span> <span class='ocrx_word' id='word_1_857' title='bbox 2360 5244 2499 5316; x_wconf 48' lang='lat' dir='ltr'><strong>Ilz‘p.</strong></span> <span class='ocrx_word' id='word_1_858' title='bbox 2529 5229 2669 5310; x_wconf 43' lang='lat'><strong>387.:</strong></span> <span class='ocrx_word' id='word_1_859' title='bbox 2694 5226 2802 5316; x_wconf 63' lang='grc' dir='ltr'>Τῂν</span> <span class='ocrx_word' id='word_1_860' title='bbox 2826 5226 2952 5281; x_wconf 85' lang='grc' dir='ltr'><strong>Λὼτ</strong></span> <span class='ocrx_word' id='word_1_861' title='bbox 2982 5232 3209 5316; x_wconf 36' lang='lat' dir='ltr'><strong>levatum</strong></span> <span class='ocrx_word' id='word_1_862' title='bbox 3242 5226 3662 5316; x_wconf 55' lang='grc' dir='ltr'>ἐπιστραφεῖσαν</span> 
     </span>
    </p>
   </div>
   <div class='ocr_carea' id='block_1_117' title="bbox 2009 5295 3664 5369">
    <p class='ocr_par' dir='ltr' id='par_1_117' title="bbox 2009 5295 3664 5369">
     <span class='ocr_line' id='line_1_120' title="bbox 2009 5295 3664 5369; baseline 0.002 -17"><span class='ocrx_word' id='word_1_863' title='bbox 2009 5297 2247 5369; x_wconf 87' lang='grc' dir='ltr'>μόνὸν...</span> <span class='ocrx_word' id='word_1_864' title='bbox 2291 5295 2579 5353; x_wconf 71' lang='grc' dir='ltr'>κατὲλιπεν</span> <span class='ocrx_word' id='word_1_865' title='bbox 2631 5298 2957 5367; x_wconf 84' lang='grc' dir='ltr'>ἀναίσθητον</span> <span class='ocrx_word' id='word_1_866' title='bbox 2990 5295 3063 5359; x_wconf 81' lang='grc' dir='ltr'>ὧς</span> <span class='ocrx_word' id='word_1_867' title='bbox 3097 5296 3249 5361; x_wconf 84' lang='grc' dir='ltr'>λίθον</span> <span class='ocrx_word' id='word_1_868' title='bbox 3279 5295 3447 5369; x_wconf 81' lang='grc' dir='ltr'>δείξας</span> <span class='ocrx_word' id='word_1_869' title='bbox 3474 5295 3664 5357; x_wconf 77' lang='grc' dir='ltr'>ἀλα-τί-</span> 
     </span>
    </p>
   </div>
   <div class='ocr_carea' id='block_1_118' title="bbox 2004 5372 3660 5442">
    <p class='ocr_par' dir='ltr' id='par_1_118' title="bbox 2004 5372 3660 5442">
     <span class='ocr_line' id='line_1_121' title="bbox 2004 5372 3660 5442; baseline 0.005 -20"><span class='ocrx_word' id='word_1_870' title='bbox 2004 5390 2127 5437; x_wconf 78' lang='grc' dir='ltr'>νην.</span> <span class='ocrx_word' id='word_1_871' title='bbox 2168 5372 2401 5426; x_wconf 69' lang='lat' dir='ltr'><strong>Umorem</strong></span> <span class='ocrx_word' id='word_1_872' title='bbox 2440 5374 2557 5439; x_wconf 83' lang='lat' dir='ltr'><strong>Lot,</strong></span> <span class='ocrx_word' id='word_1_873' title='bbox 2610 5374 2759 5442; x_wconf 84' lang='lat' dir='ltr'><strong>quod</strong></span> <span class='ocrx_word' id='word_1_874' title='bbox 2808 5377 3020 5426; x_wconf 80' lang='lat' dir='ltr'><strong>tantum</strong></span> <span class='ocrx_word' id='word_1_875' title='bbox 3071 5377 3216 5426; x_wconf 83' lang='lat' dir='ltr'><strong>retro</strong></span> <span class='ocrx_word' id='word_1_876' title='bbox 3263 5389 3317 5428; x_wconf 90' lang='lat' dir='ltr'><strong>se</strong></span> <span class='ocrx_word' id='word_1_877' title='bbox 3365 5377 3660 5431; x_wconf 75' lang='lat' dir='ltr'><strong>convertis-</strong></span> 
     </span>
    </p>
   </div>
   <div class='ocr_carea' id='block_1_119' title="bbox 2002 5442 3657 5512">
    <p class='ocr_par' dir='ltr' id='par_1_119' title="bbox 2002 5442 3657 5512">
     <span class='ocr_line' id='line_1_122' title="bbox 2002 5442 3657 5512; baseline 0.003 -15"><span class='ocrx_word' id='word_1_878' title='bbox 2002 5449 2101 5509; x_wconf 82' lang='lat' dir='ltr'><strong>set,</strong></span> <span class='ocrx_word' id='word_1_879' title='bbox 2136 5442 2363 5512; x_wconf 77' lang='lat' dir='ltr'><strong>reliquit</strong></span> <span class='ocrx_word' id='word_1_880' title='bbox 2381 5446 2497 5498; x_wconf 83' lang='lat' dir='ltr'><strong>sine</strong></span> <span class='ocrx_word' id='word_1_881' title='bbox 2514 5460 2691 5511; x_wconf 82' lang='lat' dir='ltr'><strong>sensu,</strong></span> <span class='ocrx_word' id='word_1_882' title='bbox 2717 5444 2846 5499; x_wconf 75' lang='lat' dir='ltr'><strong>satis</strong></span> <span class='ocrx_word' id='word_1_883' title='bbox 2860 5448 3079 5512; x_wconf 79' lang='lat' dir='ltr'><strong>petram</strong></span> <span class='ocrx_word' id='word_1_884' title='bbox 3108 5446 3338 5510; x_wconf 82' lang='lat' dir='ltr'><strong>factam.</strong></span> <span class='ocrx_word' id='word_1_885' title='bbox 3362 5447 3431 5500; x_wconf 81' lang='lat' dir='ltr'><strong>Et</strong></span> <span class='ocrx_word' id='word_1_886' title='bbox 3455 5445 3657 5502; x_wconf 84' lang='lat' dir='ltr'><strong>Strom.</strong></span> 
     </span>
    </p>
   </div>
   <div class='ocr_carea' id='block_1_120' title="bbox 2001 5511 3658 5603">
    <p class='ocr_par' dir='ltr' id='par_1_120' title="bbox 2001 5511 3658 5603">
     <span class='ocr_line' id='line_1_123' title="bbox 2001 5511 3658 5603; baseline 0.001 -34"><span class='ocrx_word' id='word_1_887' title='bbox 2001 5531 2098 5603; x_wconf 55' lang='grc' dir='ltr'><strong>ΥΠ,</strong></span> <span class='ocrx_word' id='word_1_888' title='bbox 2224 5511 2476 5603; x_wconf 51' lang='grc' dir='ltr'><strong>756.¹Μ“ῇ</strong></span> <span class='ocrx_word' id='word_1_889' title='bbox 2510 5511 2923 5603; x_wconf 68' lang='grc' dir='ltr'>ἰπιστρεφὲσθω</span> <span class='ocrx_word' id='word_1_890' title='bbox 2963 5512 3150 5603; x_wconf 41' lang='grc' dir='ltr'>εἰςιτὰ</span> <span class='ocrx_word' id='word_1_891' title='bbox 3186 5512 3384 5603; x_wconf 71' lang='grc' dir='ltr'>ὀπίσω,</span> <span class='ocrx_word' id='word_1_892' title='bbox 3418 5515 3658 5603; x_wconf 75' lang='grc' dir='ltr'>καθάπερ</span> 
     </span>
    </p>
   </div>
   <div class='ocr_carea' id='block_1_121' title="bbox 2000 5584 3654 5657">
    <p class='ocr_par' dir='ltr' id='par_1_121' title="bbox 2000 5584 3654 5657">
     <span class='ocr_line' id='line_1_124' title="bbox 2000 5584 3654 5657; baseline 0.002 -16"><span class='ocrx_word' id='word_1_893' title='bbox 2000 5586 2034 5653; x_wconf 78' lang='grc' dir='ltr'>ἡ</span> <span class='ocrx_word' id='word_1_894' title='bbox 2071 5584 2198 5641; x_wconf 87' lang='grc' dir='ltr'><strong>Αὼτ</strong></span> <span class='ocrx_word' id='word_1_895' title='bbox 2228 5584 2386 5657; x_wconf 72' lang='grc' dir='ltr'>γυνή.</span> <span class='ocrx_word' id='word_1_896' title='bbox 2419 5590 2494 5643; x_wconf 90' lang='lat' dir='ltr'><strong>Ne</strong></span> <span class='ocrx_word' id='word_1_897' title='bbox 2541 5587 2616 5642; x_wconf 89' lang='lat' dir='ltr'><strong>ad</strong></span> <span class='ocrx_word' id='word_1_898' title='bbox 2665 5584 2752 5654; x_wconf 71' lang='lat' dir='ltr'><strong>ea,</strong></span> <span class='ocrx_word' id='word_1_899' title='bbox 2809 5602 2931 5657; x_wconf 74' lang='lat' dir='ltr'><strong>quae</strong></span> <span class='ocrx_word' id='word_1_900' title='bbox 2982 5592 3129 5642; x_wconf 85' lang='lat' dir='ltr'><strong>retro</strong></span> <span class='ocrx_word' id='word_1_901' title='bbox 3190 5594 3341 5655; x_wconf 85' lang='lat' dir='ltr'><strong>sunt,</strong></span> <span class='ocrx_word' id='word_1_902' title='bbox 3372 5584 3654 5644; x_wconf 71' lang='lat' dir='ltr'><strong>converta-</strong></span> 
     </span>
    </p>
   </div>
   <div class='ocr_carea' id='block_1_122' title="bbox 2001 5661 2570 5726">
    <p class='ocr_par' dir='ltr' id='par_1_122' title="bbox 2001 5661 2570 5726">
     <span class='ocr_line' id='line_1_125' title="bbox 2001 5661 2570 5726; baseline -0.002 -13"><span class='ocrx_word' id='word_1_903' title='bbox 2001 5665 2111 5726; x_wconf 87' lang='lat' dir='ltr'><strong>tur,</strong></span> <span class='ocrx_word' id='word_1_904' title='bbox 2140 5661 2251 5713; x_wconf 84' lang='lat' dir='ltr'><strong>siut</strong></span> <span class='ocrx_word' id='word_1_905' title='bbox 2280 5675 2424 5726; x_wconf 69' lang='lat' dir='ltr'><strong>umor</strong></span> <span class='ocrx_word' id='word_1_906' title='bbox 2453 5661 2570 5714; x_wconf 83' lang='lat' dir='ltr'><strong>Lot.</strong></span> 
     </span>
    </p>
   </div>
   <div class='ocr_carea' id='block_1_123' title="bbox 2069 5725 2877 5803">
    <p class='ocr_par' dir='ltr' id='par_1_123' title="bbox 2069 5725 2877 5803">
     <span class='ocr_line' id='line_1_126' title="bbox 2069 5725 2877 5803; baseline 0.002 -20"><span class='ocrx_word' id='word_1_907' title='bbox 2069 5730 2185 5803; x_wconf 81' lang='lat'><strong>(85)</strong></span> <span class='ocrx_word' id='word_1_908' title='bbox 2216 5725 2469 5803; x_wconf 82' lang='grc' dir='ltr'>Οὖδαμῆ.</span> <span class='ocrx_word' id='word_1_909' title='bbox 2507 5728 2573 5787; x_wconf 74' lang='grc' dir='ltr'><strong>Δὶ</strong></span> <span class='ocrx_word' id='word_1_910' title='bbox 2605 5727 2704 5802; x_wconf 75' lang='grc' dir='ltr'>μὴ.</span> <span class='ocrx_word' id='word_1_911' title='bbox 2738 5729 2877 5785; x_wconf 81' lang='lat' dir='ltr'><strong>Nov.</strong></span> 
     </span>
    </p>
   </div>
  </div>
