4124 6404
401 334 509 390 223

1646 337 2063 395 CLEMENTIS
2095 338 2599 398 ALBXANDRINI

3747 347 3850 403 224

402 466 730 536 serpentes,
768 468 1006 536 reptare
1035 482 1049 519 :
1083 481 1221 521 nam
1271 464 1493 521 inimici
1522 464 1747 520 Domini
1776 463 2054 534 pulverem

2175 482 2260 517 ετε
2313 465 2421 536 (95)
2481 463 2715 520 ἐνώπιον
2770 466 2935 521 αὐτοῦ
2996 465 3169 529 πάσας
3222 468 3319 532 τὰς
3368 464 3611 544 καρδίας
3676 470 3852 542 ὑμῶν,

404 556 640 625 (ingeni,
672 554 755 607 ait
785 554 1085 625 Scriptura
1110 555 1172 607 ¹⁶.
1198 555 1243 608 Α
1275 559 1434 609 terra
1454 553 1526 610 ad
1552 554 1831 609 aetherem
1861 551 2065 606 oculos

405 642 678 699 attollite.
708 643 989 715 suspicite
1018 643 1079 698 in
1111 643 1352 712 caelum,
1385 644 1785 712 admiremini,
1811 645 2065 701 desinite

404 733 674 788 insidiari
706 732 986 788 calcaneo
1009 733 1335 805 justorum,
1356 739 1415 790 et
1435 737 1585 791 viam
1615 734 1868 791 veritatis
1891 737 1931 771 ¹⁷
1955 737 2065 792 im.

402 823 625 894 pedire.
660 822 836 878 Estote
870 822 1167 894 prudentes
1200 828 1259 879 et
1280 824 1511 881 innoxii
1538 842 1551 891 ;
1584 824 1835 881 fortasse
1865 826 2064 882 Domi-

402 929 516 968 nus
569 911 774 982 utique
823 912 986 967 vobis
1020 912 1186 968 dabit
1232 931 1493 986 pennam
1544 915 1944 987 simplicitatis
1990 916 2065 985 (is

402 1001 561 1056 enim
592 999 917 1073 terrigenas
947 1003 1165 1074 pennis
1196 1002 1493 1059 instruere
1524 1004 1874 1076 constituit),
1899 1009 1966 1059 ut
1996 1022 2066 1061 ex

400 1090 492 1145 his
516 1090 783 1145 latibulis
828 1091 1166 1159 evadentes,
1220 1092 1398 1149 caelos
1447 1093 1747 1149 habitetis.
1782 1096 1897 1149 Nos
1928 1099 2065 1151 tan-

399 1179 708 1235 tummodo
733 1184 852 1235 toto
872 1181 1051 1236 corde
1068 1182 1481 1252 pmnitentiam
1499 1199 1766 1256 agamus,
1790 1188 1856 1238 ut
1876 1188 2063 1239 totum

401 1274 675 1324 nostrum
706 1286 808 1324 cor
837 1271 1158 1326 Dominum
1190 1273 1457 1344 recipere
1488 1273 1697 1329 valeat.
1743 1272 1971 1345 Sperate
2001 1276 2061 1330 in

396 1360 599 1430 ipsum,
662 1359 892 1431 inquit,
946 1368 1059 1416 tota
1101 1362 1298 1434 populi
1351 1364 1739 1434 congregatio;
1795 1359 2065 1435 eﬂundite

394 1464 586 1504 coram
614 1449 735 1519 ipso
763 1451 965 1506 omnia
1003 1450 1176 1506 corda
1238 1460 1415 1507 vestra
1466 1452 1530 1521 1°,
1566 1451 1639 1507 ad
1669 1458 1941 1508 recentes
1988 1452 2062 1508 ab

397 1540 701 1611 impietate
732 1539 854 1606 ait;
890 1540 1231 1612 miseretur,
1264 1547 1325 1597 et
1354 1541 1565 1614 implet
1585 1542 1841 1613 justitia.
1878 1542 2063 1598 Crede

396 1628 459 1692 ὦ
480 1629 679 1698 homo,
714 1629 941 1685 homini
974 1636 1033 1684 et
1064 1632 1205 1685 Deo.
1240 1631 1445 1698 Crede,
1472 1633 1671 1700 homo,
1698 1637 1809 1688 Deo
1834 1632 2060 1701 viventi,

398 1719 499 1789 qui
532 1735 746 1789 passus
779 1724 888 1786 est,
923 1724 982 1774 et
1011 1719 1311 1775 adoratur.
1338 1721 1593 1788 Credite,
1620 1722 1770 1777 servi
1802 1729 2058 1779 mortuo.

2173 551 2310 627 πρὸς
2340 551 2468 615 τοὺς
2535 554 2751 618 καινοὺς
2783 564 2882 626 τῆς
2942 557 3211 626 πονηρίας
3273 559 3412 631 (96),
3482 556 3655 632 λέγει,
3691 557 3849 633 ἐλεεῖ,

2172 640 2259 694 καὶ
2321 638 2673 715 δικαιοσύνης
2734 651 2963 721 πληροῖ.
3017 644 3308 702 Πίστευσον
3368 649 3509 720 (97),
3574 646 3845 722 ἀνθρώπῳ

2171 728 2262 784 καὶ
2312 734 2447 803 Θεῷ·
2511 732 2797 789 πίστευσον
2836 776 2850 802 ,
2920 734 3171 808 ἄνθρωπε
3207 779 3220 804 ,
3278 739 3361 808 τῷ
3413 735 3703 806 παθόντι,
3759 737 3845 793 καὶ

2172 821 2633 896 προσκυνουμένῳ
2676 828 2791 896 Θεῷ
2841 828 3024 894 ζῶντι.
3083 823 3414 880 Πιστεύσατε
3445 867 3461 893 ,
3525 825 3581 879 οἱ
3631 821 3844 895 δοῦλοι,

2170 912 2248 981 τῷ
2303 914 2497 987 νεκρῷ·
2557 912 2754 975 πάντες
2812 911 3113 988 ἅνθρωποι,
3166 913 3497 969 πιστεύσατε
3556 912 3713 987 μόνῳ
3768 917 3846 987 τῷ

2172 1000 2387 1054 πάντων
2447 999 2749 1075 ἀνθρώπων
2813 1007 2975 1076 Θεῷ.
3065 1002 3394 1058 Πιστεύσατε
3478 1001 3575 1058 καὶ
3658 1004 3845 1077 μισθὸν

2175 1082 2369 1144 λάϐετε
2418 1090 2713 1164 σωτηρίανο
2791 1091 3126 1162 ἐκζητήσατε
3202 1093 3294 1147 τὸν
3374 1091 3539 1165 Θεὸν,
3600 1092 3692 1148 καὶ
3753 1095 3846 1163 ζή-

2173 1199 2320 1233 σεται
2376 1181 2411 1249 ὴ
2472 1182 2627 1257 ψυχὴ
2682 1183 2857 1254 ὑμων.
2917 1182 2978 1239 Ὀ
3063 1181 3305 1253 ἐκζητῶν
3364 1182 3464 1237 τὸν
3528 1183 3662 1237 Θεὸν
3748 1184 3843 1251 τὴν

2172 1264 2310 1322 ἰδίαν
2370 1268 2825 1347 πολυπραγμονεῖ
2881 1270 3152 1348 σωτηρίαν
3188 1314 3202 1328 .
3263 1273 3439 1348 Εὗρες
3518 1271 3616 1326 τὸν
3674 1269 3843 1342 Θεόν;

2172 1354 2320 1433 ἔχεις
2364 1359 2465 1428 τήν
2524 1362 2692 1431 ζωήν.
2753 1363 3087 1434 Ζητήσωμεν
3120 1361 3211 1416 οὗν
3261 1360 3350 1416 ἳνα
3408 1361 3506 1415 καὶ
3570 1363 3847 1435 ζήσωμεν·

2169 1448 2230 1503 Ὁ
2256 1447 2447 1521 μισθὸς
2503 1456 2601 1519 τῆς
2650 1448 2910 1525 εύρέσεως
2973 1451 3085 1521 ζωὴ
3144 1450 3291 1526 παρὰ
3338 1454 3487 1522 Θεῷ.
3541 1447 3843 1525 ’Λγαλλιά-

2171 1547 2385 1601 σθωσαν
2443 1538 2532 1594 καὶ
2613 1538 3064 1617 εὖφρανθήτωσαν
3153 1537 3239 1595 ἐπὶ
3330 1538 3419 1595 σοὶ
3514 1540 3717 1601 πάντες
3795 1539 3846 1594 οἱ

2174 1626 2456 1696 ζητοῦντές
2537 1645 2613 1682 σε·
2673 1628 2763 1683 καὶ
2850 1625 3154 1703 λεγέτωσαν
3244 1626 3331 1683 διὰ
3389 1628 3604 1691 παντὸς
3679 1630 3842 1703 (98),

2174 1715 2582 1790 Μεγαλυνθήτω
2631 1718 2659 1773 ὁ
2708 1717 2860 1789 Θεός,
2909 1717 3093 1780 Καλὸς
3137 1715 3306 1791 ὕμνος
3354 1719 3477 1791 (99)
3509 1720 3630 1789 ξτοῦ
3689 1721 3843 1776 Θεοῦ.

399 1807 631 1863 Credite
664 1808 740 1876 ei,
761 1808 1021 1864 universi
1048 1809 1345 1877 homines,
1372 1810 1472 1882 qui
1506 1811 1668 1866 solus
1700 1817 1789 1867 est
1816 1814 1970 1868 Deus
1992 1830 2054 1869 ex

2173 1805 2436 1871 ἀθάνατος
2492 1807 2798 1882 ἄνθρωπος,
2861 1805 3175 1881 δικαιοσύνῃ
3232 1804 3741 1882 οἰκοδομούμενος,
3790 1805 3839 1862 ἐν

401 1897 692 1952 universis
714 1897 1080 1954 hominibus.
1101 1898 1355 1968 Credite,
1373 1905 1433 1955 et
1452 1901 1791 1958 mercedem
1813 1902 2063 1973 accipite

402 1988 676 2046 salutem.
731 1988 979 2057 Quaerite
1027 1990 1221 2057 Deum,
1255 1998 1308 2046 et
1356 1990 1501 2047 vivet
1547 1993 1739 2047 anima
1785 1996 1965 2049 vestra
1996 1993 2061 2047 ‘9.

398 2078 508 2142 Qui
541 2078 727 2133 Deum
759 2079 993 2149 quaerit,
1025 2078 1097 2134 de
1137 2080 1340 2151 proria
1372 2080 1562 2136 salute
1614 2081 1908 2137 sollicitus
1952 2086 2062 2137 est.

397 2167 681 2223 Invenisti
712 2168 897 2222 Deum
918 2169 946 2223 ?
966 2168 1150 2224 habes
1184 2168 1385 2225 vitam.
1412 2171 1757 2235 Quaeramus
1777 2172 1976 2244 igitur,
2000 2176 2065 2227 ut

395 2257 680 2311 vivamus.
719 2257 1087 2313 Inventionis
1117 2275 1348 2315 merces
1381 2265 1471 2315 est
1499 2260 1618 2315 vita
1664 2260 1819 2333 apud
1853 2262 2060 2316 Deum.

393 2346 687 2401 Exsultent
731 2349 782 2401 ei
821 2348 1078 2403 tutentur
1111 2349 1169 2402 in
1217 2354 1268 2403 te
1295 2364 1501 2417 omnes,
1546 2352 1645 2421 qui
1670 2356 1725 2407 te
1754 2359 2064 2423 quaerunt;

390 2438 444 2491 et
491 2435 678 2490 dicant
716 2440 999 2508 perpetuo,
1057 2436 1432 2508 Magniﬁcitur
1488 2439 1630 2494 Deus
1663 2439 1731 2495 ⁸ο.
1793 2440 2063 2512 Optimus

394 2524 496 2579 Dei
554 2525 811 2595 hymnus
866 2531 956 2581 est
1008 2526 1367 2583 immortalis
1417 2528 1615 2598 homo,
1678 2528 1779 2600 qui
1821 2528 2065 2602 justitia

390 2613 720 2669 instructus
752 2619 860 2683 est,
890 2621 949 2670 et
984 2615 1046 2671 in
1094 2616 1293 2671 animo
1349 2634 1455 2672 suo
1506 2618 1748 2673 oracula
1795 2619 2061 2675 veritatiS

394 2702 574 2758 habet
594 2704 911 2776 insculpta.
940 2705 1047 2760 Ubi
1076 2706 1256 2772 enim,
1281 2710 1680 2779 praeterquam
1700 2708 1765 2763 in
1789 2709 2059 2780 sapiente

392 2793 613 2863 anima,
648 2792 1031 2849 inscribenda
1061 2800 1153 2850 est
1175 2795 1459 2867 justitia?
1488 2796 1589 2851 ubi
1616 2797 1875 2853 charitas
1897 2798 1925 2853 ?
1957 2785 2059 2853 ubi

396 2881 637 2953 pudor?
673 2881 775 2936 ubi
805 2883 1250 2939 mansuetudo?
1288 2885 1550 2949 Quorum
1591 2891 1791 2941 autem
1840 2886 2057 2942 animm

396 2970 491 3025 his
523 2971 736 3026 divinis
767 2972 1211 3028 characteribus
1256 2973 1502 3045 signatas
1560 2973 1805 3042 fuerint,
1836 2991 1959 3030 eos.
1991 2979 2061 3029 ut

394 3078 504 3134 ego
557 3062 800 3132 quidem
849 3063 1146 3133 existimo,
1193 3070 1428 3135 oportet
1469 3070 1678 3136 putare
1728 3083 1790 3121 se
1849 3071 2055 3122 nactos

394 3168 526 3206 esse
559 3152 814 3224 optimos
865 3154 1173 3225 sapientia;
1218 3170 1508 3223 carceres,
1541 3154 1700 3211 unde
1749 3156 1811 3211 in
1846 3156 2053 3227 quovis

385 3241 516 3296 vita)
561 3258 735 3298 casus
783 3243 1177 3310 emittantur;
1249 3243 1638 3315 eamdemque
1686 3246 2052 3302 tutissimum

388 3330 598 3387 salutis
627 3337 867 3402 portum
889 3332 1264 3400 existimare;
1299 3350 1406 3405 per
1456 3350 1636 3405 quam
1685 3335 1929 3405 quidem
1979 3335 2055 3390 li-

385 3420 545 3475 beris
568 3422 922 3495 contingunt
954 3422 1095 3476 boni
1126 3426 1345 3493 patres,
1379 3423 1480 3493 qui
1512 3423 1588 3479 ad
1619 3425 1856 3479 Patrem
1908 3442 2053 3480 con-

382 3509 709 3581 fugerunt;
755 3509 1024 3582 patribus
1070 3515 1270 3565 autem
1322 3510 1463 3566 boni
1500 3512 1631 3578 filii,
1676 3513 1778 3582 qui
1836 3513 2050 3569 Filium

385 3603 827 3670 cognoverunt;
878 3599 1162 3654 uxoribus
1234 3600 1413 3655 etiam
1461 3599 1602 3655 boni
1662 3602 1903 3671 mariti,
1949 3608 2049 3673 qui

386 3687 598 3760 Sponsi
630 3689 1074 3755 meminerunt;
1107 3688 1288 3743 servis
1320 3688 1601 3759 denique,
1621 3688 1763 3744 boni
1794 3690 2046 3747 domini.

388 3777 488 3849 qui
523 3783 658 3832 sunt
691 3777 764 3833 ab
792 3781 1084 3834 extremat
1123 3778 1404 3834 servitute
1445 3777 1702 3834 liberati.
1737 3781 1780 3835 Ο
1827 3779 2048 3836 bestias

383 3866 750 3937 hominibus,
794 3868 895 3939 qui
938 3868 1050 3922 hoc
1100 3883 1300 3923 errore
1356 3867 1674 3933 ducuntur,
1708 3868 2044 3925 beatiores!

384 3956 487 4011 30
535 3957 673 4020 Quae
724 3956 967 4026 quidem
1008 3955 1255 4027 perinde
1305 3972 1371 4011 ac
1419 3972 1523 4011 vos
1572 3956 1633 4010 in
1662 3957 2045 4029 lignoratione

384 4051 727 4101 versantur:
744 4061 1124 4118 nequaquam
1138 4049 1336 4101 autem
1352 4046 1725 4101 mentiuntur
1736 4048 2046 4104 veritatem

454 4198 518 4264 ,ις
542 4192 732 4264 Ρηει.
761 4192 1204 4264 aurorum,
1236 4195 1303 4246 67
1335 4192 1446 4247 ED.
1509 4193 1738 4249 PARIS.
1772 4194 1816 4230 ιο
1847 4195 2006 4251 Psal.

384 4281 538 4331 LXIX,
571 4263 660 4319 33.
696 4263 742 4298 ²⁰
772 4263 930 4319 Psal.
962 4281 1114 4331 LXIX,
1149 4267 1201 4319 5.

458 4417 575 4493 (9Ξξ)
633 4413 906 4493 Ἐκχέετε.
965 4416 1227 4493 Ἐκχέατε
1280 4418 1439 4474 Bibl.
1493 4420 1673 4476 Grmc.
1739 4422 1887 4488 Mox,
1946 4422 2048 4475 πά-

388 4509 483 4550 σας
513 4490 699 4556 deest,
733 4489 880 4545 ibid.

458 4560 571 4646 (96)
645 4559 786 4646 Πρὸς
850 4558 979 4621 τοὺς
1010 4559 1261 4646 ,καινορς
1328 4566 1453 4646 τῆς¹
1487 4581 1630 4646 πον..
1668 4635 1678 4646 ⁸
1718 4561 1890 4646 Πρὸςη
1919 4562 2048 4646 τοὺς

386 4629 762 4707 καίροὺς--τῆς
816 4629 1135 4707 πονηρίας,
1191 4635 1535 4707 temporibus
1589 4629 1824 4706 iniquis,
1860 4636 2044 4707 Sylb.,

387 4704 569 4771 Flor.,
603 4704 804 4758 Heins.
838 4703 1219 4759 Recentiores
1249 4703 1413 4758 editt.
1444 4703 1704 4761 alteram—
1726 4703 2048 4763 lectionem

390 4776 691 4849 exhibent.
716 4775 947 4849 Herveti
974 4776 1395 4849 conjecturam
1411 4778 1623 4849 secuti,
1645 4795 1823 4849 quam
1849 4779 2049 4835 ﬁrmat

393 4848 531 4902 Nov.
568 4848 775 4919 Posset
796 4846 974 4919 etiam
1006 4846 1095 4902 sic
1116 4846 1401 4919 distingui
1428 4864 1440 4902 :
1474 4847 1617 4918 Πρὸς
1646 4846 1777 4910 τοὺς
1826 4849 2049 4914 καινοὺς

389 4921 489 4982 τῆς
539 4914 840 4991 πονηρίας,
890 4913 1066 4990 λέγει,
1114 4914 1277 4972 ἐλεεῖ.
1308 4913 1415 4973 “Ad
1462 4913 1648 4987 novos,
1708 4922 1819 4976 hoc
1877 4927 1968 4978 est
2013 4913 2049 4979 8.

392 4990 658 5064 peccatis
684 4989 756 5045 ad
788 4989 1069 5060 pietatem
1120 5005 1313 5060 nuper
1357 5006 1693 5058 conversos,
1743 4992 1907 5064 dicit,
1938 4996 2048 5050 im—

389 5062 686 5133 probitatis
731 5065 1048 5133 miseretur.

462 5130 930 5200 (97)[1ίστευσον.
982 5131 1321 5188 Observarit
1356 5131 1441 5187 Cl.
1488 5132 1725 5201 Bullus,
1775 5134 2050 5192 Clemen—

394 5210 508 5258 tem
532 5205 644 5259 hoc
676 5203 806 5259 loco
832 5226 859 5254 «
894 5204 1189 5258 Christum
1221 5220 1342 5257 non
1373 5203 1549 5258 modo
1583 5205 1914 5273 hominem,
1944 5208 2049 5263 sed

392 5282 448 5329 et
482 5278 685 5349 Deum,
720 5277 905 5330 Deum
926 5276 1099 5349 illum
1121 5275 1431 5349 viventem,
1452 5276 1561 5349 qui
1591 5275 2048 5349 adoratur(quae

392 5348 707 5403 manifesta
739 5354 829 5403 est
857 5348 976 5401 veri
1001 5346 1111 5418 Dei,
1130 5346 1539 5418 periphrasis),
1574 5347 1833 5418 denique
1865 5392 1878 5417 ,
1904 5346 2051 5406 uni-

392 5437 524 5475 cum
585 5420 897 5475 hominum
954 5417 1222 5473 omnium
1282 5419 1464 5473 Deum
1534 5417 1921 5490 pronuntiare
1958 5464 1971 5478 .
2018 5444 2048 5473 »

394 5494 610 5561 Dolens.
647 5493 763 5547 Fid.
798 5491 1029 5561 Nicoan
1066 5495 1208 5545 sect.
1241 5492 1297 5561 2,
1331 5506 1460 5559 cap.
1492 5491 1546 5544 6.

462 5558 575 5632 (98)
611 5563 707 5616 Διὰ
736 5560 959 5622 παντός·
996 5558 1295 5620 Διαπαντός
1329 5558 1476 5616 Bibl.
1507 5563 1688 5617 Graec.

464 5632 588 5706 (99)
633 5633 817 5696 Καλὸς
872 5632 1092 5706 ὕμνος.
1156 5632 1346 5706 Simili
1405 5633 1700 5689 allusione
1749 5634 2048 5691 Christum

393 5705 667 5777 superius
696 5705 922 5778 vocavit
946 5705 1130 5778 καινὸν
1162 5705 1329 5778 ᾆσμα,
1357 5723 1414 5777 p.
1453 5709 1510 5778 β.

462 5775 537 5850 (1)
570 5775 793 5854 Σοφίας.
826 5777 1028 5855 Σοφίαν
1062 5775 1200 5834 Nov.
1235 5775 1421 5844 Quam
1452 5776 1772 5837 lectionem
1794 5784 2048 5851 receptae

2079 4638 2123 4701 D
2154 4637 2411 4692 bendam
2440 4655 2454 4703 ;
2489 4636 2647 4707 quod
2678 4652 2711 4690 a

2172 1894 2217 1967 ᾤ
2257 1895 2326 1950 τὰ
2385 1895 2545 1973 λόγια
2600 1903 2703 1967 τῆς
2759 1895 3021 1968 ἀληθείας
3077 1895 3511 1973 ἐγκεχαρακται.
3575 1901 3691 1952 Ποῦ
3740 1899 3839 1973 γὰρ

2170 1982 2448 2060 ἀλλαχόθι
2504 1984 2541 2054 ἢ
2590 1984 2640 2040 ἐν
2703 1985 2941 2065 σώφρονι
3013 1984 3169 2062 ψυχῇ
3229 1984 3590 2057 δικαιοσύνην
3650 1985 3840 2063 ἐγγραο

2171 2073 2333 2130 πτέον
2367 2096 2382 2146 ;
2415 2079 2521 2130 ποῦ
2580 2074 2841 2150 ἀγάπην;
2898 2073 3035 2130 αἰδῶ
3093 2072 3151 2131 δὲ
3204 2080 3358 2132 ποῦς
3426 2075 3722 2153 πραότητα
3786 2073 3841 2131 δὲ

2171 2168 2276 2219 ποῦ
2311 2183 2325 2234 ;
2359 2163 2591 2237 Ταύτας,
2642 2166 2822 2237 οἶμαι,
2874 2164 2971 2229 τὰς
3026 2163 3171 2229 θείας
3227 2166 3441 2244 γραφὰς
3496 2164 3837 2244 ἐναποσφρα-

2168 2254 2493 2329 γισαμὲνους
2547 2255 2661 2329 χρὴ
2687 2258 2755 2329 τῇ
2788 2257 2966 2330 ψυχῇ,
2998 2254 3167 2310 καλὸν
3194 2256 3496 2333 ἀφετήριον
3532 2255 3729 2334 σοφίας
3761 2259 3834 2328 (1)

2168 2345 2419 2420 ἡγεῖσθαι
2447 2348 2565 2408 τοῖς
2594 2343 2673 2421 ἐφ’
2706 2344 2884 2399 ὁτιοῦν
2912 2348 3009 2399 τοῦ
3045 2343 3164 2418 βίου
3211 2349 3467 2422 τραφεῖσι
3502 2346 3582 2419 (2)
3650 2343 3833 2419 μέρος,

2170 2434 2345 2508 ὅρμον
2378 2453 2438 2488 τε
2464 2434 2556 2488 τὸν
2607 2432 2767 2488 αὐτὸν
2826 2430 3069 2506 ἀκύμονα
3125 2432 3403 2505 σωτηρίας
3440 2433 3640 2513 σοφίαν
3673 2434 3831 2507 νομί-

2171 2528 2299 2592 ζειν·
2332 2519 2406 2577 δι’
2432 2521 2498 2591 ἢν
2530 2522 2727 2598 ἀγαθοὶ
2780 2523 2874 2597 μὶν
2917 2524 3144 2596 πατέρες
3187 2523 3389 2578 τέκνων
3446 2524 3500 2577 οἱ
3550 2528 3634 2596 τῷ
3666 2523 3830 2599 Ila-cpi

2166 2608 2739 2689 προσδεδραμηκότες,
2774 2611 2964 2688 ἀγαθοὶ
3007 2609 3065 2666 δὲ
3106 2616 3287 2686 γονεῖς
3333 2613 3508 2668 υἱέσιν
3544 2616 3625 2686 (3)
3657 2614 3712 2667 οἱ
3740 2612 3825 2667 τὸν

2165 2702 2289 2757 Υὶὸν
2319 2702 2656 2773 νενοηκότες·
2688 2702 2884 2777 ἀγαθαὶ
2942 2699 3000 2757 δὲ
3047 2699 3234 2778 ἄνδρες
3288 2707 3566 2778 γυναικῶν
3631 2705 3683 2758 οἱ
3738 2723 3826 2775 με-

2169 2793 2439 2866 μνημένοι
2469 2796 2566 2848 τοῦ
2624 2791 2903 2868 Νυμφίου’
2938 2790 3132 2866 ἀγαθοὶ
3192 2789 3249 2846 δὲ
3308 2790 3542 2848 οἰκετῶν
3577 2789 3824 2847 δεσπόται

2165 2884 2218 2937 οἱ
2244 2887 2346 2952 τῆς
2375 2880 2613 2957 ἐσχάτης
2644 2878 2894 2943 δουλείας
2937 2877 3371 2955 λελυτρωμὲνοι.
3437 2884 3505 2937 Ὦ
3545 2882 3824 2957 μακαριώ-

2160 2992 2289 3045 τιρα
2346 2973 2445 3045 τῆς
2502 2969 2553 3026 ἐν
2615 2970 2923 3042 ἀνθρώποις
2985 2967 3196 3042 πλάνης
3234 2970 3300 3025 τὰ
3332 2971 3504 3048 θηρία
3540 2973 3552 3028 ί
3588 2970 3621 3025 ἃ
3650 2971 3825 3025 ἔπινέ,-

2166 3061 2450 3135 μεταιτήν
2508 3060 2755 3137 ἄγνοιαν,
2813 3060 2888 3122 ὡς
2953 3060 3132 3133 ὑμεῖς,
3184 3059 3299 3134 οὐχ
3358 3062 3716 3137 ὑποκρίνεται
3773 3057 3825 3114 δὲ

2160 3152 2261 3221 τήν
2296 3149 2581 3221 ἀλήθειαν.
2611 3148 2726 3207 Οὐκ
2776 3147 2885 3205 ἔστι
2944 3151 3069 3225 παρ’
3118 3148 3303 3212 αὐτοῖς
3361 3150 3629 3206 κολακων
3663 3152 3825 3224 γήνη.

2166 3240 2232 3294 οὐ
2292 3237 2786 3313 δεισιδαιμονοῦσιν
2843 3238 3053 3315 ίχθύες’
3132 3238 3232 3293 οὐκ
3289 3236 3697 3315 εἷδωλολατρεῖ
3766 3237 3826 3294 τὰ

2162 3325 2319 3405 ὄρνεα
2346 3325 2461 3386 ἕνα.
2496 3328 2673 3384 Μόνον
2706 3328 3084 3384 ἐκπλέτττεται
3113 3328 3206 3384 τὸν
3239 3329 3501 3405 οὐρανὸν,
3536 3329 3651 3385 ἐπεὶ
3703 3328 3824 3384 Θεὸν

2161 3426 2355 3490 νοῆσαι
2390 3420 2467 3492 μὴ
2501 3416 2740 3489 δύναται,
2773 3418 3130 3492 ἀπηξιωμὲνα
3174 3422 3271 3473 τοῦ
3325 3418 3526 3495 λόγου.
3590 3419 3703 3474 Εἶτ’
3732 3416 3824 3471 οὐκ

2160 3508 2519 3584 αἰσχύνεσθε,
2575 3507 2667 3563 καὶ
2717 3511 2824 3562 τῶν
2884 3506 3100 3581 ἀλόγων
3164 3511 3297 3585 σφᾶς
3353 3507 3557 3571 αὐτοὺς
3614 3507 3822 3583 ἀλογω-

2159 3598 2350 3672 τὲρους
2397 3598 2759 3667 πεποιηκότες
2796 3639 2810 3666 ,
2871 3598 2924 3652 οἳ
2995 3594 3093 3651 διὸ
3137 3595 3414 3651 τοσούτων
3476 3596 3714 3668 ἡλικιῶν
3767 3595 3814 3651 ἐν

2161 3689 2413 3758 ἀθεότητι
2468 3688 2903 3762 κατατίτριφθε;
2966 3681 3162 3749 Λαῖδες
3216 3686 3500 3763 γεγόνατε,
3536 3690 3654 3743 εἶτα
3702 3706 3819 3759 μει-

2160 3778 2341 3854 ράκια,
2400 3776 2513 3831 εἶτα
2570 3771 2787 3853 ἔφηϐοι,
2849 3778 2965 3831 εἶτα
3014 3773 3222 3851 ἄνδρες
3276 3776 3518 3852 χρηστοὶ
3571 3774 3627 3831 δὲ
3659 3771 3813 3830 οὐδὲ·

2158 3888 2309 3923 ποτε.
2361 3866 2475 3923 Κᾶν
2523 3865 2587 3921 τὸ
2637 3872 2810 3942 γῆρας
2844 3868 2923 3940 (4)
2953 3863 3256 3939 αἰδέσθητε,
3309 3867 3397 3922 ἐπὶ
3463 3865 3697 3939 δυσμαῖς
3725 3866 3815 3919 τοῦ

2162 3958 2286 4033 βίου
2341 3955 2677 4032 γενόμενοι·
2739 3957 3126 4033 σωφρονήσατε
3208 3958 3303 4010 κᾶν
3383 3954 3475 4011 ἐπὶ
3524 3954 3670 4012 τὲλει
3724 3954 3812 4008 τὸῦ

2163 4045 2306 4122 βίου·
2347 4047 2440 4101 τὸν
2487 4045 2614 4102 Θεὸν
2673 4044 2958 4120 ἐπίγνωτε.
3020 4041 3194 4114 ὡςδή
3229 4042 3485 4109 τὸτέλος
3546 4046 3673 4119 ὑμῖν
3725 4044 3814 4096 τοῦ

2077 4212 2230 4264 LXXI,
2290 4198 2343 4250 9.
2405 4195 2448 4231 ¹⁷
2508 4195 2558 4249 II
2588 4197 2743 4250 Petr.
2777 4211 2840 4262 ιι,
2897 4194 2953 4248 2.
2981 4194 3024 4229 ιθ
3078 4193 3234 4249 Psal.
3283 4211 3396 4261 LXI,
3434 4198 3491 4250 9·
3551 4195 3596 4230 ¹⁰
3655 4188 3804 4247 Psal.

2160 4421 2723 4495 prtetulerim,gquia
2755 4420 3083 4495 respondet
3095 4419 3422 4495 posteriori
3468 4420 3649 4491 hujus
3682 4431 3811 4495 sen-

2159 4490 2362 4549 tentias
2394 4490 2682 4549 membro.
2712 4490 3025 4547 Vult’enim
3048 4492 3342 4561 Clemens,
3360 4490 3563 4548 veram
3586 4490 3808 4561 sapien-

2160 4567 2306 4640 tiam
2339 4582 2467 4621 esse
2498 4565 2828 4640 utriusque,
2864 4560 3173 4640 ἀφητηρίου
3201 4569 3263 4640 et
3291 4560 3501 4640 ἕέρριουι
3551 4560 3679 4616 loco
3706 4560 3811 4640 Aha-

2798 4651 2869 4690 ea
2915 4634 3152 4689 Scilicet
3199 4634 3630 4706 incipiendum,
3666 4636 3722 4687 et
3752 4634 3809 4683 in

2157 4726 2227 4764 ea
2255 4707 2651 4763 desinendum
2683 4707 2778 4761 sit.

2227 4779 2304 4853 (2)
2335 4777 2855 4853 Tpacpe‘im._Scribe
2893 4780 3167 4853 τραπεῖσι,
3202 4795 3238 4834 a
3263 4776 3467 4853 τρέπω.
3515 4771 3802 4853 Quemad-
3893 4811 3896 4814 ~

2156 4845 2400 4906 modum
2449 4845 2724 4921 superius
2780 4845 3322 4922 intrétpzmat‘pro
3381 4849 3803 4922 ἐπιτέθραπτᾳξ.

2158 4924 2307 4997 sunt
2334 4922 2497 4997 enim
2524 4913 2725 4997 'casus.
2762 4913 3077 4977 verborum
3107 4913 3290 4994 τρέτὶω
3349 4928 3407 4977 et
3437 4913 3617 4997 τρέφω
3646 4913 3804 4971 valde

2158 4987 2542 5071 εὐμετάϐολοι.
2576 4992 2743 5071 Conf.
2776 5000 3054 5071 sup.__not
3082 4987 3172 5049 57.
3409 5066 3419 5071 _
3472 4987 3480 4997 ’
3545 4987 3555 4997 ’
3672 5057 3685 5071 ,

2230 5065 2308 5137 (3)
2364 5069 2550 5127 Γονεῖς
2611 5063 2818 5122 υἱέσιν.
2849 5063 2864 5065 “
2903 5066 3121 5120 Harum
3208 5066 3605 5137 sentatiaoum
3662 5063 3804 5112 ἀντι-

2159 5134 2383 5211 στοιχία
2412 5137 2682 5209 requirit,
2741 5141 2807 5193 ut
2847 5137 3177 5193 scribamus
3224 5135 3356 5206 υἱοί,
3389 5138 3481 5193 vel
3529 5134 3683 5197 υἱεῖς,
3712 5147 3799 5203 γο-

2157 5228 2354 5264 νευσιν.

2230 5282 2307 5353 (4)
2337 5276 2453 5361 KQ!
2491 5279 2570 5361 τὸ.
2600 5299 2670 5361 γλ
2701 5281 2834 5335 Haec
2859 5281 3085 5361 .malim
3136 5280 3240 5361 sic_
3268 5281 3644 5361 distinguere”
3672 5285 3798 5361 qum

2160 5348 2300 5425 No'Vj.’
2337 5370 2349 5406 :
2384 5351 2488 5406 Κᾶν
2519 5352 2580 5407 τὸ
2602 5348 2774 5425 γῆρας
2798 5348 3125 5425 (αἰδέσθητε,
3156 5350 3255 5425 ἐπὶ-
3294 5348 3527 5425 δυσμαῖς
3554 5350 3649 5425 τοῦ
3684 5348 3798 5425 βξου

2155 5422 2490 5498 γενόμενοι,
2542 5413 2958 5498 σωφρονήσατε·
3173 5422 3261 5498 Eni
3317 5413 3461 5477 τέλει
3535 5422 3627 5476 τοῦ
3684 5413 3798 5498 βίου

2155 5493 2248 5549 τὸν
2282 5493 2422 5572 Θεὸν-
2464 5493 2742 5572 ὲπίγνώτε,
2781 5494 2879 5572 ᾡς.
2929 5516 2984 5551 κ.
3032 5515 3082 5552 τ.
3117 5493 3191 5572 λ.-
3229 5496 3436 5552 Saltem
3484 5493 3798 5572 senectutem

2158 5570 2525 5642 reueremini:
2560 5569 2694 5641 jam
2740 5569 2811 5624 ad
2839 5584 3090 5642 occasum
3134 5569 3266 5625 vita:
3310 5569 3573 5637 provecti,
3611 5569 3800 5642 resip}:

2157 5643 2327 5708 scite;
2361 5633 2582 5697 saltem'
2605 5643 2666 5696 in
2716 5641 2828 5712 ﬁne
2864 5640 2988 5712 vitae
3014 5642 3204 5712 Deum
3252 5633 3566 5711 agnoscite,
3598 5638 3657 5691 ut
3682 5633 3804 5687 vita?

2156 5712 2287 5784 ﬁnis
2311 5714 2408 5784 ﬁat
2428 5714 2577 5770 vobis
2603 5714 2807 5769 salutis
2836 5711 3207 5784 principium.
