4120 6416
267 322 376 378 799

1514 327 1925 383 CLEMENTIB
1960 320 2485 395 ALEXANDRINI)

3594 325 3704 379 800

274 450 488 519 cimus,
548 450 715 507 nullo
767 450 944 506 modo
992 467 1123 507 esse
1175 467 1453 519 causam;
1505 453 1569 507 in
1616 450 1678 507 id
1732 456 1930 506 autem

2047 445 2201 515 λῦον,
2225 444 2372 501 ἀλλά
2391 447 2700 523 προτρὲπον
2723 448 2857 521 (16),
2893 445 2939 501 εἰ
2968 446 3058 501 καὶ
3093 447 3168 520 μὴ
3193 446 3545 524 προέτρεπεν.
3566 448 3707 506 Οὕτε

277 539 435 611 quod
474 539 768 612 prohibet,
818 554 1055 595 causam
1108 540 1465 612 culpamque
1512 539 1787 595 conferri.
1825 539 1932 604 Qui

277 630 436 684 enim
470 629 678 702 clypeo
704 628 978 700 protegit,
1010 628 1085 696 ei,
1112 629 1210 700 qui
1234 630 1581 701 protegitur,
1615 645 1796 684 causa
1827 632 1935 696 est,

276 736 352 774 ne
388 720 706 787 saucietur,
740 719 1065 790 prohibens
1085 720 1281 791 ipsum
1315 720 1587 777 sauciari.
1622 720 1693 773 Et
1714 719 1938 775 Socrati

278 810 639 865 daemonium
681 826 860 865 causa
891 814 1039 873 erat,
1071 827 1191 866 non
1207 810 1552 882 prohibens,
1585 808 1689 864 sed
1718 808 1937 863 adhor-

280 904 435 964 tans,
471 898 580 953 etsi
612 914 735 953 non
766 898 1201 954 adhortaretur.
1256 898 1368 954 Sed
1394 915 1505 954 nec
1553 897 1783 964 laudes,
1829 912 1939 950 nec

275 987 764 1059 vituperationes,
817 1004 928 1044 nec
976 989 1256 1056 honores,
1306 1005 1418 1045 nec
1461 986 1941 1059 suppliciajusta

283 1082 443 1145 sunt,
478 1078 526 1133 si
557 1079 759 1134 anima
803 1095 923 1133 non
956 1078 1173 1134 habeat
1201 1078 1452 1134 liberam
1484 1081 1837 1149 potestatem
1883 1080 1943 1129 et

278 1168 597 1239 appetendi
626 1173 684 1224 et
713 1167 1075 1237 abstinendi,
1111 1168 1216 1225 sed
1248 1170 1325 1224 sit
1366 1169 1573 1224 vitium
1604 1167 1940 1221 involunta-

284 1257 463 1312 rium.
498 1256 663 1313 Unde
691 1258 792 1329 qui
823 1258 1130 1329 prohibuit
1159 1257 1423 1329 quidem,
1470 1273 1649 1313 causa
1679 1259 1805 1321 est;
1838 1255 1940 1325 qui

282 1350 484 1402 autem
515 1361 639 1401 non
663 1345 972 1418 prohibuit
1001 1353 1178 1418 atque
1214 1346 1506 1418 impediit,
1537 1345 1789 1400 liberam
1817 1342 1941 1399 ani-

278 1452 391 1491 mai
423 1434 776 1491 electionem
799 1436 963 1508 juste
986 1436 1255 1508 judicat:
1307 1442 1374 1490 ut
1402 1434 1492 1490 vel
1521 1433 1780 1490 maxime
1802 1431 1937 1503 qui-

277 1524 434 1592 dem,
468 1524 622 1580 Deus
652 1524 823 1581 nobis
853 1542 977 1580 non
1007 1525 1086 1580 sit
1123 1542 1303 1581 causa
1328 1524 1476 1580 vitii.
1511 1524 1801 1590 Quoniam
1832 1538 1939 1578 au-

278 1619 397 1669 tem
427 1613 618 1670 libera
647 1613 858 1670 electio
891 1620 949 1670 et
979 1614 1263 1686 appetitio
1296 1618 1539 1686 peccata
1558 1615 1818 1685 primum
1845 1613 1938 1668 in-

276 1704 472 1772 choat,
496 1704 646 1759 falsa
668 1710 865 1759 autem
889 1720 1326 1776 nonnunquam
1346 1704 1689 1759 dominatur
1707 1704 1933 1775 opinio,

275 1810 310 1848 a
331 1809 466 1864 qua,
492 1810 628 1848 cum
652 1793 987 1866 ignorantia
1008 1799 1067 1848 et
1087 1794 1387 1865 imperitia
1409 1794 1505 1861 sit,
1530 1792 1809 1848 recedere
1832 1808 1933 1847 ne-
1965 1814 2013 1879 B

273 1882 571 1955 gligimus,
595 1883 734 1954 jure
773 1882 1125 1955 inﬂiguntur
1155 1883 1466 1955 supplicia.
1502 1881 1739 1938 Febrire
1772 1882 1935 1937 enim

278 1981 370 2030 est
392 1974 887 2043 involuntarium,
921 1976 1026 2032 sed
1056 1992 1189 2032 cum
1222 1976 1356 2047 quis
1385 1992 1493 2047 per
1524 1992 1586 2031 se
1618 1981 1676 2030 et
1695 1980 1939 2047 propter

278 2079 450 2120 suam
477 2063 1003 2136 intemperantiam
1032 2064 1321 2132 febrierit,
1364 2081 1499 2119 eum
1548 2063 1938 2135 reprehendi-

274 2170 432 2212 mus.
464 2154 677 2226 Utpote
717 2171 853 2210 cum
901 2153 1369 2210 involuntarium
1392 2154 1521 2226 jam
1567 2154 1645 2209 sit
1668 2153 1934 2208 malum:

275 2260 454 2300 nemo
489 2243 650 2299 enim
687 2243 913 2299 malum
959 2243 1142 2317 eligit,
1194 2248 1490 2315 quatenus
1538 2242 1787 2311 malum,
1833 2240 1936 2297 sed

275 2332 566 2389 abductus
597 2332 669 2390 ab
698 2350 788 2401 ea,
830 2350 961 2405 quas
992 2334 1153 2388 inest
1198 2334 1262 2388 in
1309 2334 1461 2405 ipso,
1505 2331 1827 2405 voluptate,
1876 2330 1937 2385 id

274 2423 499 2479 bonum
530 2428 710 2489 ratus,
740 2423 1187 2496 suscipiendum
1232 2423 1554 2479 existimat.
1613 2423 1753 2488 Quae
1801 2437 1936 2476 cum

276 2513 359 2568 ita
391 2528 452 2567 se
476 2511 754 2580 habeant,
780 2518 839 2568 et
858 2512 1099 2569 liberari
1121 2512 1194 2568 ab
1228 2512 1621 2585 ignoratione,
1647 2516 1706 2566 et
1725 2527 1759 2566 a
1782 2510 1939 2566 mala

277 2607 338 2658 et
369 2600 707 2658 delectabili
739 2602 1051 2669 electione,
1095 2607 1153 2658 et
1181 2608 1316 2658 ante
1349 2602 1554 2657 omnia
1572 2618 1691 2656 non
1720 2616 1934 2656 assen-

275 2691 373 2746 tiri
404 2691 717 2748 fallacibus
743 2691 864 2748 illis
896 2692 1227 2764 phantasiis
1257 2697 1317 2747 et
1343 2692 1508 2760 visis,
1542 2691 1720 2747 situm
1754 2696 1845 2747 est
1873 2690 1936 2745 in

274 2785 481 2837 nostra
508 2786 820 2853 potestate.
857 2802 885 2833 «
918 2783 1089 2839 Latro
1124 2805 1151 2832 »
1198 2788 1397 2838 autem
1428 2787 1487 2837 et
1530 2805 1557 2833 «
1589 2781 1687 2836 fur
1718 2803 1746 2830 »
1778 2781 1934 2835 dici-

275 2874 372 2925 tur
391 2869 684 2940 diabolus,
709 2871 809 2942 qui
834 2871 1141 2943 prophetis
1172 2870 1722 2943 pseudoprophetas
1742 2869 1933 2924 admi-

279 2960 451 3028 scuit,
492 2965 778 3032 tanquam
810 2960 1111 3016 frumento
1142 2959 1380 3016 zizania.
1418 2980 1442 3011 α
1480 2960 1698 3015 Omnes
1721 2982 1749 3009 »
1773 2976 1935 3032 ergo,

276 3071 306 3100 ‹‹
339 3049 441 3120 qui
474 3049 718 3104 fuerunt
746 3053 884 3105 ante
905 3049 1248 3117 Dominum,
1269 3048 1432 3104 fures
1456 3054 1513 3104 et
1532 3048 1932 3119 latrones(a):»

269 3155 391 3194 non
435 3138 705 3195 absolute
752 3144 951 3194 autem
999 3154 1207 3194 omnes
1254 3138 1551 3209 homines,
1585 3137 1689 3193 sed
1720 3154 1931 3194 omnes

269 3228 825 3301 pseudoprophetas,
867 3233 926 3284 et
967 3245 1197 3297 omnes,
1253 3230 1356 3299 qui
1405 3244 1525 3284 non
1572 3229 1808 3300 preprie
1856 3226 1930 3283 ab

264 3318 396 3390 ipso
428 3318 597 3376 missi
618 3324 779 3376 sunt.
803 3319 1150 3376 Habuerunt
1173 3325 1374 3375 autem
1393 3318 1928 3391 pseudoprophetaa

268 3424 505 3480 quoque
533 3408 783 3479 furtum,
816 3409 976 3481 quod
1014 3408 1317 3481 prophetia
1365 3408 1745 3464 dicerentur:
1792 3424 1928 3464 cum

266 3498 571 3570 propheta
599 3499 842 3570 quidem
866 3503 1088 3567 essent,
1113 3497 1217 3554 sed
1235 3499 1386 3570 ejus,
1412 3498 1513 3569 qui
1537 3503 1628 3553 est
1652 3498 1927 3553 mendax.

269 3586 423 3642 Dicit
446 3588 605 3644 enim
640 3588 927 3643 Dominus
950 3603 964 3641 :
1002 3609 1031 3637 κ
1063 3588 1176 3642 Vos
1198 3603 1263 3642 ex
1287 3593 1455 3657 patre
1476 3592 1669 3642 vestro
1691 3586 1929 3641 diabolo

270 3675 433 3742 estis,
464 3677 528 3741 ›ι‹
556 3682 616 3731 et
644 3675 939 3732 desideria
967 3676 1155 3748 patris
1180 3676 1361 3731 vestri
1383 3675 1560 3731 vultis
1588 3675 1801 3731 facere.
1822 3676 1928 3731 Ille

270 3764 574 3820 homicida
603 3771 732 3820 erat
758 3764 832 3821 ab
862 3764 1055 3833 initio,
1088 3768 1148 3820 et
1185 3763 1247 3819 in
1278 3764 1522 3821 veritate
1568 3780 1689 3820 non
1746 3765 1926 3836 stetit,

270 3852 554 3924 quoniam
584 3871 707 3910 non
740 3860 831 3911 est
858 3854 921 3909 in
944 3854 1073 3926 ipso
1092 3854 1328 3910 veritas.
1361 3854 1507 3909 Cum
1538 3853 1773 3911 locutus
1801 3854 1928 3910 fue-

269 3943 347 3997 rit
373 3941 610 4013 falsum,
644 3959 717 3998 ex
745 3944 1001 4016 propriis
1039 3942 1326 4015 loquitur,
1360 3944 1641 4015 quoniam
1673 3945 1930 4000 mendax

270 4037 381 4099 est,
415 4037 475 4088 et
498 4039 671 4106 pater
699 4033 830 4106 ejus
851 4034 951 4106 (b).
986 4055 1014 4084 »
1037 4034 1104 4088 ln
1126 4032 1292 4089 falsis
1314 4039 1515 4089 autem
1536 4050 1672 4090 vera
1691 4051 1930 4106 quoque

269 4121 475 4195 aliqua
504 4122 781 4181 dicebant
809 4123 1364 4197 pseudoprophetas.
1398 4125 1469 4179 Et
1487 4124 1528 4179 ii
1560 4140 1766 4182 revera
1798 4143 1932 4198 pro-

2044 535 2102 593 δὲ
2132 538 2185 591 οἱ
2216 534 2449 608 ἔπαινοι,
2480 537 2601 593 οὕτε
2624 539 2676 592 οἱ
2698 536 2880 614 ψόγοι,
2908 537 3020 593 οὔθ’
3042 539 3096 592 αἱ
3118 539 3300 610 τιμαὶ,
3323 536 3441 593 οὗθ’
3462 539 3518 593 αἱ
3533 538 3705 595 κολά·⁸

2045 647 2153 689 σεις
2184 624 2406 697 δίκαιαι,
2444 630 2519 701 μή
2552 634 2653 697 τῆς
2682 631 2868 703 ψυχῆς
2917 626 3154 703 ἐχούσης
3201 629 3299 698 τὴν
3327 627 3569 699 ἐξουσίαν
3603 636 3701 699 τῆς

2046 717 2226 791 ὁρμῆς
2257 716 2347 772 καὶ
2374 716 2653 794 ἀφορμῆς,
2686 717 2813 772 ἀλλ’
2845 716 3102 771 ἀκουσίου
3139 724 3240 787 τῆς
3268 719 3460 780 κακίας
3512 716 3698 786 οὔσης.

2043 808 2204 869 ’Όθεν
2240 807 2267 861 6
2303 808 2396 880 μὲν
2455 805 2708 870 κωλόσας
2769 806 2962 871 αἶ’τιος·
2999 807 3026 861 6
3058 804 3116 862 δὲ
3177 809 3253 879 μὴ
3314 807 3569 870 κωλύσας
3599 808 3700 877 τήν

2045 892 2246 970 α’ίρεσιν
2273 902 2373 965 τῆς
2422 900 2608 972 ψυχῆς
2650 897 2815 972 κρίνει
2873 894 3117 958 δικαίως·
3164 894 3237 950 ⁹ίν’
3286 895 3368 951 ὅτι
3404 894 3643 970 μάλιστα
3672 899 3700 952 6

2046 985 2175 1046 Θεὸς
2211 986 2304 1058 μὲν
2347 987 2485 1059 ἡμῖν
2536 986 2724 1049 κακίας
2775 985 3034 1048 ἀναίσιος.
3070 984 3224 1043 Ἐπεὶ
3276 983 3332 1040 δὲ
3378 990 3487 1041 τῶν
3520 988 3700 1061 ἀμαρ-

2044 1077 2308 1148 τημάτων
2338 1075 2652 1153 προαίρεσις
2672 1077 2761 1131 καὶ
2783 1076 2930 1153 ὁρμή
2953 1078 3238 1151 κατάρχει,
3272 1074 3698 1150 διημαρτημὲνη

2048 1162 2106 1219 δὲ
2134 1163 2412 1239 ὑπόληψις
2440 1162 2547 1230 ἔσθ’
2572 1164 2661 1220 ὅτε
2680 1170 2887 1242 κρατεῖ,
2904 1166 2972 1235 ἧς
2996 1165 3217 1240 ἀγνοίας
3240 1166 3329 1220 καὶ
3351 1165 3585 1240 ἀμαθίας
3608 1162 3699 1220 οὔ·

2048 1275 2148 1324 σης
2175 1254 2557 1331 ὀλιγωροῦμεν
2587 1254 2913 1328 ἀποστῆναι,
2947 1255 3174 1317 εἰκότως
3205 1256 3261 1310 αἱ
3287 1253 3565 1317 κολάσεις.
3599 1253 3698 1309 Καὶ

2045 1344 2146 1419 γὰρ
2175 1344 2238 1411 τὸ
2282 1342 2560 1420 πυρέττειν
2618 1343 2893 1415 ἀκούσιον,
2925 1342 3053 1400 ἀλλ’
3116 1346 3242 1399 ὅταν
3298 1342 3372 1399 δι’
3400 1344 3586 1399 ἑαυτόν
3616 1363 3698 1405 τις

2045 1433 2132 1487 καὶ
2168 1430 2238 1487 δι’
2270 1432 2529 1507 ἀκρασίαν
2579 1434 2843 1509 πυρέττῃ,
2894 1432 3200 1505 αἰτιώμεθα
3245 1438 3463 1490 τοῦτον.
3524 1433 3613 1497 Ὠς
3643 1431 3701 1486 δὲ

2045 1521 2136 1578 καὶ
2181 1530 2281 1593 τῆς
2334 1524 2526 1586 κακίας
2558 1521 2815 1579 ἀκουσίου
2864 1522 3051 1593 οὔσηςο
3108 1523 3173 1578 οὐ
3201 1523 3302 1599 γὰρ
3334 1521 3567 1597 αἰρεῖταί
3613 1521 3697 1583 τίς

2045 1611 2515 1686 κακὸν,ᾗκακόν’
2573 1617 2641 1688 τῇ
2688 1611 2745 1667 δὲ
2774 1612 2898 1687 περὶ
2953 1612 3099 1684 αὐτῷ
3151 1618 3259 1683 (17)
3313 1610 3485 1681 ἡδονῆ
3535 1632 3697 1665 συνα·

2043 1701 2376 1777 παγόμενος,
2426 1702 2620 1777 ἀγαθὸν
2681 1696 2995 1767 ὑπυλάϐὼν,
3056 1698 3268 1771 ληπτὸν
3329 1703 3564 1777 ἡγεῖται.
3598 1702 3693 1754 Ὧν

2045 1790 2221 1853 οὕτως
2253 1790 2517 1867 ἐχόντων,
2548 1792 2609 1845 τὸ
2642 1788 3079 1846 ἀπαλλάττεσθαι
3111 1797 3212 1859 τῆς
3237 1812 3296 1845 τε
3327 1789 3565 1865 ἀγνοίας,
3594 1791 3693 1857 τῆς

2041 1901 2101 1935 τε
2155 1878 2413 1954 αἱρέσεως
2467 1883 2568 1946 τῆς
2615 1879 2828 1958 φαύλης
2882 1880 2972 1935 καὶ
3029 1880 3390 1956 ἐπιτερποῦς,
3448 1883 3535 1935 καὶ
3586 1878 3696 1953 πρὸ

2037 1968 2246 2024 τούτων
2277 1970 2341 2025 τὸ
2376 1971 2451 2043 μὴ
2509 1970 2981 2047 συγκατατίθεσθαι
3028 1974 3148 2034 ταῖς
3203 1967 3514 2039 ἀπατηλαῖς
3558 1967 3694 2023 ὲκεί-

2040 2082 2157 2124 ναις
2187 2061 2520 2138 φαντασίαις,
2551 2060 2836 2116 ἀπόκειται
2870 2059 2951 2134 ἐφ’
3001 2063 3160 2134 ἡμῖν.
3201 2084 3221 2111 ι
3256 2060 3479 2134 Λῃστής
3519 2055 3576 2112 δὲ
3604 2057 3694 2113 καὶ

2040 2151 2282 2223 κλεπτης
2319 2176 2347 2204 ››
2379 2153 2407 2206 6
2435 2147 2697 2215 διάϐολος
2749 2152 2987 2229 λέγεται,
3027 2150 3482 2227 ψευδοπροφήτας
3532 2148 3693 2225 ἐγκα-

2038 2245 2269 2317 ταμίξας
2314 2249 2433 2306 τοῖς
2478 2246 2808 2321 προφήταις,
2862 2242 3101 2320 καθάπερ
3153 2248 3233 2315 τῷ
3263 2247 3420 2318 πυρῷ
3447 2241 3515 2295 τά
3546 2241 3692 2310 ζιζά-

2040 2351 2148 2387 νιαο
2201 2333 2459 2395 «Πάντες
2518 2331 2609 2386 οὖν
2656 2333 2706 2386 οἰ
2738 2334 2844 2407 πρὸ
2902 2332 3106 2407 Κυρίου
3162 2327 3395 2386 κλέπται
3446 2327 3535 2383 καὶ
3596 2327 3695 2402 λῃ-

2042 2420 2180 2475 σταί·
2216 2444 2245 2473 ››
2304 2422 2413 2497 οὐχ
2457 2422 2650 2485 ἀπλῶς
2702 2424 2900 2486 πάντες
2955 2420 3256 2497 ἄνθρωποι,
3314 2418 3510 2480 πάντες
3552 2415 3610 2472 δὲ
3640 2418 3694 2471 οἳ

2040 2507 2511 2588 ψευδοπροφῆται,
2569 2512 2663 2566 καὶ
2718 2512 2914 2574 πάντες
2966 2512 3017 2566 οἱ
3078 2511 3154 2583 μὴ
3208 2508 3408 2584 κυρίως
3472 2508 3559 2563 ὑπ’
3591 2507 3694 2561 αὐ-

2038 2605 2135 2655 τοῦ
2191 2599 2587 2663 ἀποσταλέντες
2620 2646 2634 2661 .
2695 2600 2866 2676 Εἶχον
2937 2598 2995 2655 δὲ
3042 2599 3131 2655 καὶ
3190 2600 3247 2653 οἱ
3304 2594 3693 2674 ψευδοπροφῆ-

2036 2710 2125 2744 ται
2182 2692 2244 2745 τὸ
2300 2690 2527 2765 κλέμμα
2595 2690 2658 2746 τὸ
2730 2688 2906 2764 ὄνομα
2971 2691 3034 2745 τὸ
3100 2688 3443 2768 προφητικὸν
3481 2732 3494 2757 ,
3555 2707 3694 2762 προ-

2039 2787 2207 2859 φῆται
2292 2776 2489 2852 ὄντες,
2550 2779 2696 2836 ἀλλά
2746 2785 2849 2836 τοῦ
2902 2778 3136 2854 ψεύστου
3172 2823 3185 2835 .
3272 2778 3435 2854 Λὲγει
3500 2776 3603 2852 γὰρ
3663 2776 3691 2830 6

2039 2869 2257 2945 Κύριος·
2293 2893 2317 2925 α
2347 2871 2528 2942 Ὑμεῖς
2563 2869 2622 2925 ἐκ
2649 2874 2745 2925 τοῦ
2768 2870 2972 2946 πατρὸς
3000 2871 3153 2943 ὑμῶν
3178 2872 3283 2940 (18)
3305 2872 3403 2923 τοῦ
3422 2861 3689 2921 διαϐόλου

2037 2958 2175 3031 ἐστὶ,
2235 2959 2326 3014 καὶ
2385 2961 2480 3022 τὰς
2532 2958 2825 3033 ἐπιθυμίας
2881 2963 2978 3014 τοῦ
3035 2959 3240 3034 πατρὸς
3298 2957 3447 3030 ὑμῶν
3508 2954 3691 3010 θέλετε

2038 3053 2235 3105 ποιεῖν.
2292 3050 2530 3112 Ἐκεῖνος
2589 3046 3043 3125 ἀνθρωποκτόνος
3070 3049 3106 3118 ἦ
3138 3049 3229 3104 ἀπ’
3262 3048 3456 3123 ἀρχῆς,
3514 3046 3603 3100 καὶ
3635 3042 3687 3098 ὲν

2043 3142 2112 3213 τῇ
2142 3136 2378 3210 ἀληθείᾳ
2417 3139 2527 3215 οὐχ
2575 3136 2820 3212 ἕστηκεν,
2881 3138 2965 3194 ὅτι
3024 3138 3125 3194 οὐκ
3180 3134 3322 3193 ἔστιν
3375 3133 3607 3205 ἀλήθεια
3638 3131 3689 3187 ὲν

2045 3226 2215 3300 αὐτῷ.
2246 3228 2366 3285 ”Οτ’
2410 3227 2470 3284 ἂν
2517 3227 2663 3303 λάλῇ
2713 3231 2776 3285 τὸ
2824 3226 3045 3303 ψεῦδος,
3096 3228 3156 3284 ἐκ
3184 3231 3289 3281 τῶν
3325 3223 3476 3281 ἰδίων
3510 3222 3692 3279 λαλεῖ’

2041 3315 2123 3372 ὅτι
2154 3316 2392 3391 ψεύστης
2425 3317 2558 3389 ἐστὶ,
2599 3319 2690 3373 καὶ
2739 3320 2767 3374 6
2797 3320 2976 3393 πατὴρ
3033 3318 3219 3374 αὐτοῦ.
3249 3340 3277 3369 ι)
3339 3317 3427 3373 Ἐν
3488 3311 3546 3368 δὲ
3575 3316 3694 3375 τοῖς

2038 3404 2256 3481 ψεύδεσι
2297 3409 2384 3463 καὶ
2419 3408 2600 3479 ἀληθῆ
2637 3410 2750 3483 (19)
2780 3428 2905 3463 τινα
2934 3404 3121 3483 ἔλεγον
3148 3407 3201 3462 οἱ
3218 3402 3692 3482 ψευδοπροφῆται.

2039 3496 2139 3551 Καί
2194 3502 2275 3570 τῷ
2332 3493 2446 3553 ὅντι
2482 3498 2632 3554 οὗτοι
2691 3498 2743 3552 ἐν
2793 3522 2819 3550 ‹‹
2853 3496 3101 3553 ἐκστάσει
3131 3522 3160 3550 ››
3191 3497 3589 3573 προεφήτευον,
3622 3492 3696 3554 ὡς

2028 3584 2100 3655 ,ἂν
2136 3610 2162 3639 α
2195 3587 2500 3642 ἀποστάτου
2533 3611 2563 3640 »
2596 3584 2860 3645 διάκονοι.
2911 3586 3070 3663 Λέγει
3121 3583 3177 3642 δὲ
3205 3586 3294 3640 καὶ
3327 3586 3354 3639 6
3389 3582 3631 3655 Ποιμήν,
3665 3581 3692 3634 ὁ

2038 3673 2270 3752 ἄγγελος
2326 3684 2427 3745 τῆς
2491 3675 2777 3750 μετανοίας
2836 3682 2990 3749 (20),
3048 3680 3129 3749 τῷ
3182 3676 3360 3749 Ἑρμᾷ
3413 3671 3539 3747 περὶ
3597 3673 3692 3725 τοῦ

2038 3763 2497 3843 ψευδοπροφήτου
2532 3785 2545 3797 ·
2626 3791 2655 3818 ‹‹
2708 3766 2840 3822 Τινᾶ
2900 3769 3016 3838 (21)
3074 3765 3174 3842 γὰρ
3236 3763 3456 3839 ῥήματα
3509 3760 3690 3830 ἀληθῆ

2040 3852 2222 3910 λαλεῖ·
2257 3857 2285 3910 6
2314 3857 2414 3929 γὰρ
2447 3851 2709 3921 διάϐολος
2747 3856 2907 3911 αὐτὸν
2938 3854 3154 3931 πληροῖ
3201 3859 3280 3926 τῷ
3312 3854 3502 3908 ἑαυτοῦ
3533 3848 3691 3905 πνεύ-

2042 3965 2194 4019 ματι,
2228 3944 2282 3999 εἷ’
2302 3966 2424 4000 τινα
2447 3943 2733 4016 δυνήσεται
2766 3945 2924 4021 ῥῆξαι
2980 3949 3088 4000 τῶν
3145 3942 3388 4000 δικαίων.
3425 3968 3447 3997 ι
3508 3940 3693 3997 Πάντα

2043 4038 2137 4108 μὲν
2172 4033 2263 4090 οὖν
2298 4035 2672 4109 οἰκονομεῖται
2730 4032 2931 4091 ἀνωθεν
2962 4035 3036 4098 εἰς
3068 4034 3257 4105 καλὸν,
3308 4059 3335 4085 ‹‹
3367 4031 3458 4089 ’ίνα
3486 4052 3689 4109 γνωρι-

2041 4126 2142 4199 σθῇ
2205 4122 2294 4181 ὃιά
2343 4130 2444 4201 τῇς
2490 4125 2821 4198 Ἐκκλησίας
2852 4128 2887 4195 ἡ
2922 4123 3329 4188 πολυποίκιλος
3386 4124 3548 4204 σοφία
3594 4127 3691 4179 τοῦ

336 4301 481 4369 ›Χ‹Ρ.
514 4301 617 4357 369
648 4300 761 4356 ED.
802 4299 1095 4368 ΡΟἸἼῈΗ,
1130 4301 1235 4355 312
1262 4299 1376 4355 ED.
1416 4299 1647 4358 PARIS.
1723 4300 1801 4372 (a)
1831 4300 1930 4357 Joa

2044 4319 2086 4373 ι,
2115 4303 2167 4359 8.
2201 4302 2276 4375 (b)
2311 4303 2478 4359 Joan.
2512 4320 2625 4374 vui,
2661 4305 2749 4359 44.

345 4474 457 4547 (1.6)
489 4469 631 4547 υρχὶ
672 4471 750 4547 μὴ
800 4469 1041 4547 κωλῖξον,
1075 4468 1220 4547 ἀλλὰ
1250 4470 1572 4547 ⁸προτρέπον
1633 4473 1927 4547 Lovvthius

276 4540 657 4619 scribendum
674 4540 1009 4619 admonuit,
1028 4540 1172 4619 6611
1197 4543 1272 4619 μῄ
1297 4540 1628 4619 προτρεπον,
1648 4542 1795 4619 ἀλλά
1816 4565 1927 4599 κω-

277 4613 428 4668 λῦον·
459 4621 523 4688 _et
551 4616 807 4688 delenda
836 4613 1167 4687 sequentia,
1198 4613 1269 4669 ἐἲ
1297 4613 1387 4669 καί
1441 4613 1516 4688 μή
1567 4616 1923 4688 προέτρεπεν.

274 4686 487 4761 Quoad
506 4702 643 4742 vero
676 4687 787 4761 hoc
810 4686 1202 4761 postremum,
1226 4688 1280 4743 ei
1297 4686 1576 4761 assentiri
1606 4686 1763 4745 haud
1787 4706 1925 4761 pos-

278 4749 431 4813 sum.
456 4759 680 4814 Sensus
695 4749 856 4812 enim
877 4763 987 4825 est,
1005 4778 1030 4810 ι
1056 4749 1428 4814 Dmmonium
1443 4761 1665 4816 Socrati
1685 4749 1925 4817 causam
1957 4749 2003 4814 D

274 4827 487 4904 agendi
517 4829 722 4896 fuisse,
755 4846 878 4885 non
902 4846 1037 4904 eum
1059 4829 1373 4896 hortando,
1398 4832 1502 4887 sed
1530 4833 1921 4904 prohibendo,

274 4901 455 4956 etiam
482 4905 627 4969 tum,
650 4917 785 4956 cum
806 4917 929 4957 non
950 4901 1309 4957 hortaretur.
1329 4922 1359 4953 »
1391 4903 1523 4958 Vult
1536 4901 1696 4959 enim
1720 4901 1928 4961 auctor

272 4972 587 5029 ostendere
611 4989 731 5028 non
755 4972 948 5045 solum
973 4989 1131 5041 eum,
1156 4974 1256 5045 qui
1284 4974 1582 5043 hortatur;
1618 4975 1722 5032 sed
1744 4978 1922 5033 etiam

202 5063 212 5072 ο
274 5059 431 5112 eum,
461 5046 564 5117 qui
615 5044 914 5116 prohibet,
972 5044 1207 5101 etiamsi
1259 5063 1381 5101 non
1439 5048 1730 5117 hortetur,
1788 5065 1925 5105 vere

271 5132 520 5190 causam,
535 5133 685 5172 esse.
708 5117 1183 5190 PorroSocrates
1199 5118 1365 5190 apud
1388 5118 1698 5175 Platonem
1720 5120 1922 5187 refert,

271 5188 655 5251 daamonium.
672 5189 826 5261 quod
847 5188 959 5244 sibi
982 5188 1643 5261 assistebat,prohibere
1657 5191 1921 5258 solitum,

271 5274 393 5337 non
423 5279 559 5318 vero
592 5261 837 5337 hortari,
864 5261 1229 5337 T_hea_g.‘pag.
1264 5264 1370 5337 93:
1404 5261 1559 5337 Ἐστι
1585 5263 1690 5337 γάρ
1721 5282 1773 5316 τι
1805 5262 1925 5337 θείᾳ

272 5330 438 5406 μοίρᾳ
483 5328 864 5406 παρεπόμενον
897 5328 1043 5404 ἐμοὶ]
1078 5328 1143 5406 ἐκ
1180 5328 1387 5406 Ἰπαιδὸς
1443 5328 1743 5406 ἀρξαμενον
1783 5328 1923 5406 ,δαιξ

271 5385 1182 5482 ρεισιγ(»θεέ-διερε-,εο-ςέςρςρή,
1214 5385 1250 5473 ι
1284 5385 1412 5482 ὅτάῖ
1438 5385 1679 5482 μετάξει.
1698 5385 1920 5478 ista.

270 5474 527 5553 σημαίνει
578 5476 697 5553 ἐξ-ἂν
721 5475 926 5553 Bima)
982 5474 1261 5553 πράττειν,
1318 5474 1518 5553 766169
1537 5474 1559 5553 _’
1577 5474 1920 5553 ἀποτροπηψ

270 5546 565 5621 προτρέπει
591 5546 649 5604 δὲ
679 5546 958 5607 οὗὸἑποτε·
998 5546 1230 5603 {Adest
1258 5547 1405 5621 mihi
1436 5549 1635 5621 divina
1664 5546 1922 5621 quadam

276 5618 435 5696 scrte
453 5618 815 5680 daamonium
830 5620 1127 5696 quoddam
1140 5662 1153 5686 ,
1176 5636 1212 5674 a
1230 5618 1398 5690 pueri
1408 5620 1487 5676 tia
1498 5618 1885 5696 mesecutum
1904 5640 1917 5677 :

274 5690 385 5765 hoc
416 5696 615 5765 autem
645 5710 753 5751 vox
779 5690 872 5751 est
890 5691 1186 5764 quaedam,
1220 5706 1352 5765 quia
1391 5706 1527 5765 cum
1575 5693 1661 5754 fit.
1687 5709 1923 5765 semper

274 5761 406 5838 ejus
425 5762 533 5838 rei,
559 5780 737 5834 quam
757 5760 1053 5823 fracturus
1072 5778 1227 5838 sum,
1246 5760 1917 5838 dissuasioneminnuit,

272 5832 690 5894 hortaturvero
706 5850 1036 5908 nunquam.
1050 5854 1080 5888 ι»
1096 5835 1236 5900 Qum
1251 5832 1409 5892 infra
1417 5836 1631 5893 recitat
1645 5832 1920 5896 Clemens

2038 4494 2095 4548 p.
2121 4477 2249 4543 334,
2279 4475 2509 4532 Similia
2536 4475 2691 4550 apud
2719 4476 3028 4533 Platonem
3059 4480 3379 4535 occurrlmt
3405 4475 3464 4531 in
3496 4476 3689 4532 Socra-

2040 4550 2114 4604 tis
2145 4550 2369 4620 apolog.
2401 4567 2458 4620 p.
2492 4552 2580 4606 30.

2109 4618 2216 4691 (17)
2250 4618 2580 4693 Π-ερί-αῷτῷ.
2613 4621 2804 4675 Etiam
2854 4621 3185 4679 accusativo
3235 4636 3376 4676 casu
3423 4618 3541 4690 legi
3586 4637 3685 4692 po-

2037 4689 2154 4747 test
2181 4690 2304 4762 περὶ
2327 4689 2487 4747 ἀύτὸ.
2521 4693 2795 4747 SYLBURG.

2106 4764 2215 4833 (18)
2236 4762 2437 4833 Ὑμῶν.
2473 4763 2655 4819 Abest
2684 4781 2717 4819 a
2745 4766 2911 4822 Joan.

2107 4831 2213 4909 (1,9)
2250 4831 2462 4909 ’Λὶηοῆ
2495 4835 2677 4909 Quod
2721 4835 2854 4892 falsi
2912 4838 3216 4909 prophetae
3246 4853 3383 4892 vera
3413 4831 3686 4907 quandam

2033 4905 2201 4981 falsis
2227 4907 2597 4973 miscuerint,
2624 4905 3105 4981 notarunt—etiam
3129 4911 3382 4981 scriptor
3404 4905 3683 4978 Recognit.

2033 4977 2138 5052 lib.
2176 4995 2258 5052 ιν,
2282 4996 2331 5034 c.
2365 4981 2454 5047 21,
2487 4983 2574 5045 22,
2610 4980 2790 5034 etlih.
2824 4998 2943 5043 vm,
2972 4998 3002 5035 c
3056 4983 3144 5048 60,
3178 4977 3687 5052 ρεὲιιάο-Αῐῐώιποτ

2035 5050 2263 5134 sius‘ad
2287 5053 2311 5105 Ι
2338 5052 2624 5134 Th_e_ss.hv,
2653 5055 2743 5134 21,
2774 5057 2835 5134 _e_t
2865 5050 3581 5134 pseudo-Chrysosto‘mus
3613 5051 3688 5134 ad

2034 5122 2236 5194 Matth.
2273 5140 2368 5192 v11,
2399 5124 2489 5180 21.
2544 5123 2710 5180 Conf.
2771 5122 3159 5180 Maimonides
3191 5122 3267 5179 De
3308 5123 3689 5194 fundamentis

2036 5193 2187 5263 legis.
2222 5210 2353 5265 cap.
2391 5198 2485 5265 10.
2511 5212 2570 5250 n.
2606 5198 2657 5251 3.

2105 5269 2216 5331 (20)
2243 5262 2515 5339 νιὶγγελός
2543 5272 2643 5334 τῆς
2691 5287 2808 5338 μετ.
2857 5269 2936 5323 De
2967 5268 3078 5323 hoc
3111 5267 3319 5339 angelo
3346 5266 3519 5339 conf.
3556 5283 3687 5338 quas

2033 5337 2340 5393 adnotavit
2363 5337 2699 5395 Cotelerius’
2728 5341 2801 5395 ad
2834 5341 3063 5395 Hermas
3094 5337 3245 5395 Pas—t.
3293 5338 3396 5393 lib.
3451 5356 3513 5402 ιι,
3547 5337 3597 5393 ο.
3636 5340 3686 5405 1,

2032 5426 2089 5481 p.
2124 5410 2190 5462 85
2225 5411 2364 5467 edit.
2399 5412 2726 5468 Amstelod.

2106 5481 2213 5550 (21)
2244 5480 2399 5555 Tomi.
2436 5484 2567 5539 Haec
2623 5485 2826 5539 Latine
2877 5488 3111 5538 exstant
3167 5483 3324 5555 apud
3384 5484 3686 5550 Hermam,

2032 5554 2247 5627 Pastor.
2279 5554 2379 5609 lib.
2415 5571 2478 5619 ιι,
2508 5556 2691 5610 mand
2747 5559 2830 5611 10.
2865 5573 2924 5627 p.
2966 5559 3073 5609 97:
3109 5578 3136 5604 ‹‹
3171 5554 3447 5620 Qumdam
3487 5562 3687 5610 autem

2031 5624 2208 5679 verba
2236 5642 2373 5681 vera
2400 5627 2685 5698 loquitur.
2723 5624 3005 5682 Diabolus
3060 5627 3269 5698 implet
3306 5643 3443 5698 eum
3473 5626 3687 5698 spiritu

2033 5712 2161 5772 suo,
2185 5702 2252 5752 ut
2273 5697 2515 5772 dejicia’t
2538 5699 2799 5770 aliquem
2824 5698 3108 5772 exju_s_tis.
3136 5697 3160 5750 ί
3189 5699 3294 5772 Ubi
3321 5697 3498 5772 ῥῆξαι,
3525 5697 3685 5772 quod

2032 5768 2278 5825 Herveto
2310 5768 2401 5826 est
2433 5792 2460 5820 «
2488 5768 2783 5843 frangere,
2815 5793 2841 5820 η
2876 5768 3449 5843 meliusexplicatur
3475 5792 3494 5824 ι
3532 5768 3685 5843 deji-

2033 5855 2186 5895 cere.
2218 5861 2248 5893 »
2281 5844 2384 5898 Est
2415 5843 2577 5900 enim
2602 5840 2849 5900 vbrbum
2900 5840 3143 5899 athletis
3192 5840 3259 5899 ac
3290 5840 3682 5899 bellatoribus
