4120 6386
398 430 502 487 801

1754 427 2215 487 ΒΤΒΟΜΔΤΠΜ·
2240 433 2376 490 LIB.
2416 434 2463 489 Ι.

3713 430 3825 487 so:
3848 500 3856 515 ³

402 559 558 623 Θεοῦ,
605 556 743 609 κατά
793 555 1101 630 πρόγνωσιν
1153 555 1265 627 (22)
1319 555 1425 609 τῶν
1477 552 1715 625 αἰώνων,
1746 550 1815 623 ἥν
1857 551 2050 622 ἐποίη-

2178 556 2491 628 phetabant
2519 556 2582 613 in
2617 578 2646 608 «
2679 553 2917 621 exstasi,
2951 574 2980 605 ››
3010 557 3120 611 ut«
3154 558 3461 627 apostata,
3493 575 3523 607 »
3547 553 3699 627 ejus,
3724 555 3825 612 in-

400 666 489 701 σεν
518 644 569 699 ἐν
603 648 845 718 Χριστῷ·
886 668 912 695 ››
960 648 1043 717 τῷ
1090 648 1209 717 Θεῷ
1254 640 1312 698 δὲ
1359 642 1514 699 οὐδὲν
1564 643 1881 709 ἀντίκειται,
1914 639 2060 698 ὀὐδὶ

404 733 740 791 ἐναντιοῦταί
767 754 820 789 τι
864 732 1029 806 αὐτῷ,
1096 733 1286 809 Κυρίῳ
1342 735 1429 789 καὶ
1490 732 1886 808 παντοκράτορι
1920 727 2058 788 ὄντι.

403 822 584 881 Ἀλλά
611 824 702 878 καὶ
733 823 788 878 αἱ
840 826 948 878 τῶν
986 822 1483 894 ἀποστατησάντων
1512 825 1625 897 (23)
1660 821 1857 898 βουλαί
1884 842 1943 876 τε
1969 821 2060 876 καὶ

406 914 696 989 ἐνέργειαι,
758 912 974 987 μερικαὶ
1033 911 1209 981 οὖσαι,
1280 914 1525 987 γίνονται
1587 912 1681 985 μὲν
1737 911 1797 966 ἐκ
1846 906 2060 987 φαύλης

408 1001 719 1072 διαθέσεως,
770 1001 1009 1077 καθάπερ
1059 1003 1148 1056 καὶ
1200 1003 1254 1056 αἱ
1302 1002 1454 1057 νόσοι
1503 1002 1558 1056 αἱ
1607 999 1934 1074 σωματικαί·
1967 1020 2063 1054 κυ-

410 1088 709 1168 ϐερνῶνται
759 1089 816 1146 δὲ
866 1091 969 1146 ὑπὸ
1016 1094 1116 1160 τῆς
1170 1090 1411 1148 καθόλου
1460 1090 1721 1166 προνοίας
1770 1089 1857 1145 ἐπὶ
1901 1086 2062 1151 τέλος

411 1183 667 1257 ὑγιεινὸν,
715 1181 812 1236 κᾶν
872 1181 1163 1244 νοσοποιὸς
1214 1180 1251 1256 ᾖ
1307 1184 1342 1251 ἡ
1404 1180 1571 1237 αἰτία.
1629 1179 1898 1254 Μέγιστον
1931 1176 2062 1254 γοῦν

406 1279 508 1341 τῆς
543 1270 686 1335 θείας
734 1270 1017 1346 προνοίας,
1065 1272 1126 1326 τὸ
1181 1271 1258 1344 μὴ
1312 1270 1462 1326 ἐᾶσαι
1502 1272 1601 1341 την
1633 1268 1685 1341 ἐξ
1716 1269 2065 1330 ἀποστάσεως

412 1361 666 1418 ἑκουσίου
697 1366 916 1440 φυεῖσαν
957 1359 1148 1416 κακίαν
1203 1358 1484 1437 ἄχρηστον
1535 1361 1626 1416 καὶ
1677 1360 1936 1436 ἀνωφελῆ
1972 1357 2064 1432 μέ·-

410 1473 543 1524 νειν,
579 1448 717 1524 μηδὲ
752 1452 858 1522 μὴν
890 1450 1027 1505 κατά
1072 1451 1246 1505 πάντα
1300 1444 1571 1526 βλαϐερὰν
1601 1449 1768 1518 αὐτὴν
1799 1450 2064 1523 γενέσθαι·

411 1549 512 1610 τῆς
571 1542 671 1616 γὰρ
730 1540 874 1601 θείας
935 1539 1144 1616 σοφίας,
1212 1538 1301 1594 καὶ
1360 1541 1580 1613 ἀρετῆς,
1637 1538 1728 1594 καὶ
1786 1535 2068 1610 δυνάμεως

413 1629 568 1706 ἔργον
597 1629 738 1685 ἐστὶν
793 1629 854 1684 οὐ
909 1630 1075 1703 μόνον
1121 1629 1184 1684 τὸ
1234 1630 1584 1705 ἀγαθοποιεῖν
1627 1628 1808 1705 (φύσις
1838 1627 1962 1703 γὰρ,
1994 1627 2069 1691 ὡς

413 1721 607 1789 εἰπεῖν,
642 1720 775 1789 αῦτη
807 1724 904 1775 τοῦ
964 1723 1120 1785 Θεοῦ,
1181 1719 1256 1780 ὡς
1314 1723 1412 1773 τοῦ
1443 1719 1614 1792 πυρὸς
1639 1718 1702 1774 τὸ
1734 1717 2067 1793 θερμαίνειν,

411 1812 500 1866 καὶ
532 1814 630 1865 τοῦ
663 1810 843 1884 φωτὸς
890 1809 952 1863 τὸ
997 1808 1292 1886 φωτίζειν)·
1342 1807 1489 1863 ἀλλά
1534 1810 1754 1863 κάκεῖνο
1811 1807 2069 1881 μάλιστα,

2168 664 2368 717 quam,
2404 648 2506 719 qui
2537 646 2854 715 defecerat,
2889 644 3171 700 ministri.
3206 644 3360 700 Dicit
3386 649 3587 700 autem
3618 649 3826 703 Pastor

2166 751 2426 806 quoque,
2478 735 2727 808 angelus
2778 734 3165 806 poenitentiae,
3217 733 3291 788 ad
3340 734 3698 803 Hermetem,
3751 737 3825 794 de

2166 826 2720 898 pseudopropheta:
2758 847 2785 876 ‹‹
2816 825 3097 891 Quadam
3134 824 3293 879 enim
3332 824 3510 880 verba
3539 841 3675 881 vera
3720 827 3823 882 di-

2168 915 2285 968 cit:
2344 914 2614 969 diabolus
2672 914 2832 969 enim
2883 929 3018 968 eum
3068 912 3281 984 implet
3328 929 3434 968 suo
3484 914 3714 985 spiritu,
3774 917 3823 971 si

2170 1019 2346 1074 quem
2380 1004 2570 1075 possit
2598 1018 2669 1058 ex
2690 1002 2872 1075 justis
2900 1001 3192 1074 frangere.
3231 1023 3251 1051 ο
3288 1002 3503 1057 Omnia
3532 1020 3669 1076 ergo
3696 1020 3823 1060 coa-

2169 1092 2312 1148 litus
2342 1094 2403 1147 in
2433 1093 2659 1148 bonum
2704 1093 3150 1164 dispensantur,
3200 1109 3221 1139 α
3253 1097 3320 1146 ut
3365 1107 3473 1163 per
3496 1092 3824 1150 Ecclesiam

2170 1183 2509 1238 innotescat
2528 1181 2838 1254 multiplex
2861 1198 2928 1237 ac
2951 1182 3115 1236 varia
3136 1181 3237 1236 Dei
3270 1181 3584 1253 sapientia,
3610 1199 3823 1239 secun-

2172 1272 2315 1328 dum
2348 1271 2701 1327 saeculorum
2723 1270 3184 1343 praescientiam,
3209 1286 3386 1341 quam
3412 1270 3553 1327 fecit
3573 1271 3634 1327 in
3655 1272 3825 1327 Chri-

2174 1368 2263 1417 sto
2314 1365 2437 1430 (a)-
2466 1381 2494 1411 »
2546 1362 2665 1416 Deo
2715 1366 2914 1416 autem
2962 1360 3114 1415 nihil
3163 1360 3528 1429 adversatur,
3577 1378 3687 1417 nec
3737 1367 3829 1419 est

2173 1453 2502 1524 quidquam
2534 1452 2585 1507 ei
2617 1452 3003 1520 contrarium,
3048 1456 3113 1507 ut
3161 1451 3263 1523 qui
3304 1452 3380 1508 sit
3429 1453 3717 1509 Dominus
3766 1459 3829 1510 et

2174 1542 2573 1614 omnipotens.
2635 1542 2973 1607 Quinetiam
3025 1557 3254 1609 eorum,
3302 1542 3403 1613 qui
3454 1542 3821 1612 defecerunt,

2174 1632 2429 1687 consilia
2444 1637 2503 1687 et
2515 1631 2914 1703 operationes,
2937 1647 3072 1686 cum
3085 1636 3315 1702 partem
3331 1631 3525 1687 solum
3538 1631 3826 1701 afficiant,

2176 1722 2329 1777 fiunt
2358 1720 2599 1793 quidem
2633 1736 2702 1776 ex
2732 1720 2891 1776 mala
2919 1720 3253 1787 affectione,
3286 1720 3442 1776 sicut
3471 1721 3664 1777 morbi
3695 1739 3828 1777 cor-

2178 1811 2378 1883 poris;
2411 1810 2483 1865 ab
2515 1809 2837 1865 universali
2868 1814 3069 1864 autem
3094 1809 3470 1880 providentia
3492 1809 3831 1883 diriguntur

414 1902 476 1955 τὸ
509 1898 598 1955 διὰ
628 1905 805 1954 κακῶν
858 1904 966 1954 τῶν
1026 1898 1416 1969 έπινοηθέντων
1476 1898 1612 1973 πρός
1653 1920 1838 1966 τινων,
1872 1897 2066 1972 ἀγαθόν

2178 1899 2250 1955 ad
2285 1900 2466 1955 tinem
2499 1899 2821 1962 salubrem,
2863 1898 3097 1953 etiamsi
3148 1914 3326 1953 causa
3371 1899 3449 1953 sit
3476 1899 3669 1955 morbi
3701 1901 3830 1957 efﬁ-

414 2010 465 2044 τι
510 1990 601 2044 καὶ
634 1988 878 2063 χρηστὸν
908 1985 1069 2049 τέλος
1119 1984 1428 2056 ἀποτελεῖν,
1476 1986 1568 2042 καὶ
1618 1984 1916 2060 ὠφελίμως
1954 1993 2070 2049 τοῖς

416 2078 635 2134 δοκοῦσι
695 2076 926 2155 φαύλοις
984 2078 1248 2152 χρῆσθαι,
1307 2078 1547 2152 κατάπερ
1598 2077 1689 2132 καὶ
1736 2082 1816 2148 τῷ
1864 2076 1925 2132 ἐκ
1953 2097 2072 2131 πει-

413 2172 628 2243 ρασμοῦ
664 2167 966 2241 μαρτυρίῳ.
1002 2168 1184 2223 Ἔστιν
1216 2165 1306 2221 οὖν
1368 2167 1464 2221 κάν
1502 2165 1807 2243 φιλοσοφίᾳ
1835 2170 1903 2239 τῇ
1936 2164 2071 2221 κλα-

413 2257 592 2332 πείσῃ,
627 2256 866 2331 καθάπερ
929 2257 1031 2311 ὑπὸ
1086 2254 1450 2331 Προμηθέως,
1490 2260 1598 2330 πῦρ
1631 2253 1816 2330 ὀλίγον
1851 2254 1924 2318 είς
1957 2259 2074 2333 φῶς

414 2345 723 2417 ἐπιτήδειον
776 2345 1073 2420 χρησίμως
1128 2344 1575 2420 ζωπυροόμενον,
1617 2343 1772 2420 ἴχνος
1798 2366 1851 2399 τι
1882 2346 2070 2422 σοφίας

414 2438 506 2491 καὶ
531 2436 745 2506 κίνησις
787 2436 933 2510 παρά
982 2439 1136 2490 Θεοῦ.
1185 2439 1360 2488 Ταῦτα
1409 2438 1523 2507 (24)
1571 2431 1616 2489 δ’
1668 2432 1727 2487 ἃν
1757 2433 1859 2488 εἶεν
1894 2432 2073 2489 «κλέ-

419 2546 547 2579 πται
575 2525 664 2579 καῖ
698 2523 890 2597 λῃσταὶ
924 2548 951 2574 ››
981 2524 1034 2577 οἱ
1059 2525 1185 2596 παρ’
1217 2522 1461 2591 Ἕλλησι
1496 2519 1815 2599 φιλόσοφοι,
1848 2523 1935 2576 καὶ
1965 2523 2071 2596 πρὸ

416 2621 518 2683 τῆς
547 2618 646 2669 τοῦ
677 2614 886 2687 Κυρίου
914 2612 1212 2685 παρουσίας
1245 2612 1393 2685 παρά
1433 2616 1542 2665 τῶν
1594 2605 1900 2684 Ἐϐραῖκῶν
1930 2631 2070 2686 προ-

417 2708 605 2777 φητῶν
642 2701 780 2776 μέρη
813 2708 912 2769 τῆς
944 2699 1206 2771 ἀληθείας
1233 2700 1294 2754 οὗ
1319 2701 1435 2755 κατ’
1458 2698 1749 2775 ἐπίγνωσιν
1784 2694 2068 2768 λαϐόντες,

416 2790 650 2855 ἀλλ’ὡς
702 2788 813 2845 ἴδια
871 2791 1316 2867 σφετερισάμενοι
1376 2787 1642 2865 δόγματα·
1698 2788 1788 2843 καὶ
1845 2790 1912 2844 τά
1974 2790 2067 2863 μὲν

412 2882 918 2957 παραχαράξαντες,
969 2880 1037 2934 τὰ
1086 2877 1142 2934 δὲ
1192 2878 1296 2934 ὐπὸ
1344 2878 1654 2953 περιεργίας
1704 2878 1930 2951 ἀμαθως
1978 2900 2069 2934 σο-

413 2973 720 3051 φισάμενοι,
778 2972 846 3025 τά
930 2967 988 3025 δὲ
1071 2970 1158 3025 καὶ
1221 2969 1547 3045 ἐξευρόντεςο
1629 2967 1759 3031 ἴσως
1814 2970 1919 3045 γάρ
1977 2970 2066 3024 καὶ

415 3065 690 3134 «πνεῦμα
747 3060 1051 3130 αἰσθήσεως
1099 3062 1212 3131 (25)
1252 3083 1279 3110 n
1337 3059 1658 3132 ἐσχήκασιν.
1718 3059 2072 3133 Ὠμολόγησε

415 3147 473 3205 δὲ
537 3151 628 3205 καὶ
698 3145 1087 3224 Ἀριστοτέλης
1140 3152 1207 3221 τῇ
1260 3151 1469 3225 Γραφῇ,
1512 3148 1814 3217 κλεπτικήν
1875 3148 2066 3223 σοφίας

412 3240 511 3307 τὴν
569 3240 887 3317 σοφιστικὴν
948 3238 1137 3305 εἰπὼν,
1213 3239 1287 3300 ὡς
1349 3237 1831 3311 προεμηνύσαμεν.
1891 3238 1953 3294 ’0
2012 3235 2070 3293 δὲ

412 3328 765 3391 Ἀπόστολος·
803 3352 831 3379 ‹‹
872 3330 946 3387 ”Α
988 3327 1077 3381 καὶ
1108 3325 1411 3399 λαλοῦμεν,
1461 3326 1633 3401 λέγει,
1679 3326 1778 3381 οὐκ
1811 3326 1864 3383 ὗν
1916 3325 2067 3382 διδα-

412 3423 564 3480 κτοῖς
615 3417 965 3492 ἀνθρωπίνης
1017 3416 1209 3493 σοφίας
1256 3415 1467 3490 λόγοις,
1511 3414 1640 3471 ἀλλ’
1691 3416 1743 3471 ἐν
1792 3413 2068 3479 διδακτοῖς

413 3507 740 3579 πνεύματος.
775 3530 804 3559 ››
841 3508 966 3563 Ἐπί
1001 3505 1096 3578 μὲν
1131 3505 1233 3579 γάρ
1263 3508 1373 3559 τῶν
1426 3509 1749 3580 προφητῶν·
1786 3529 1811 3560 ε
1846 3508 2066 3575 Πάντες,

414 3599 602 3674 φησὶν,
638 3596 698 3651 ἐκ
725 3600 823 3651 τοῦ
852 3595 1232 3669 πληρώματος
1263 3595 1432 3649 αὐτοῦ
1465 3591 1759 3667 ἐλάϐομεν
1795 3620 1822 3646 ››
1858 3593 2065 3666 δηλον-

411 3688 492 3742 ότι
548 3691 645 3742 τοῦ
702 3688 955 3759 Χριστοῦ.
1014 3686 1172 3739 Ὥστε
1230 3684 1293 3738 οὗ
1350 3684 1580 3738 κλέπται
1650 3686 1703 3739 οἱ
1760 3692 2063 3759 προφῆται.

411 3802 439 3830 ‹‹
469 3775 571 3834 Καῖ
603 3779 637 3846 ἡ
667 3774 872 3851 διδαχή
906 3778 940 3844 ἡ
976 3774 1083 3846 ἐμὴ
1140 3779 1270 3846 (26),
1326 3773 1426 3828 οὐκ
1466 3769 1609 3828 ἔστιν
1642 3773 1771 3847 ἐμὴ,
1805 3776 1833 3829 ὁ
1868 3778 2064 3850 Κύριος

409 3865 583 3942 λέγει,
616 3864 762 3921 ἀλλὰ
810 3869 907 3920 τοῦ
939 3863 1253 3937 πέμψαντός
1304 3883 1370 3935 με
1420 3862 1654 3937 11ατρός’
1690 3887 1718 3914 ››
1750 3861 1836 3918 ἐπὶ
1873 3861 1931 3918 δὲ
1958 3868 2067 3919 τῶν

407 3955 772 4024 κλεπτόντων,
813 3977 834 4004 ιι
868 3956 929 4012 Ὀ
964 3952 1021 4009 δὲ
1050 3953 1146 4027 ἀφ,
1184 3953 1400 4021 ἑαυτοῦ,
1433 3953 1589 4029 φησὶ,
1624 3951 1810 4007 λαλῶν
1841 3955 1940 4023 τήν
1974 3951 2068 4008 δό-

408 4045 497 4116 ξαν
556 4047 655 4113 τήν
713 4041 851 4097 ἰδίαν
914 4046 1088 4112 ζητεῖ.
1138 4064 1167 4094 ››
1229 4043 1487 4097 Τοιοῦτοι
1544 4037 1601 4094 δὲ
1668 4041 1720 4095 οἱ
1771 4039 2065 4110 Ἓλληνες,

411 4158 439 4186 ‹‹
472 4133 730 4212 φίλαυτοι
761 4133 848 4186 καὶ
880 4131 1160 4200 ἀλαζόνες.
1196 4153 1224 4180 ››
1259 4128 1472 4206 Σοφοὺς
1502 4126 1561 4184 δὲ
1600 4129 1795 4192 αὐτοὺς
1836 4129 2069 4205 λέγουσα

411 4226 447 4292 ἡ
482 4224 691 4298 Γραφῆ,
726 4221 787 4275 οὐ
818 4219 946 4283 τοὺς
980 4216 1150 4280 ὅντως
1182 4217 1383 4296 σοφοὺς
1417 4212 1728 4288 διαϐάλλει,
1762 4217 1910 4274 ἀλλά
1936 4220 2068 4282 τοὺς

415 4308 634 4381 δοκήσει
659 4310 886 4384 σοφούς.

2179 1990 2362 2045 ciens.
2406 1992 2509 2044 Est
2556 1990 2757 2059 itaque
2805 1988 3131 2043 maximum
3181 1987 3393 2043 divinas
3442 1988 3829 2061 providentim

2178 2096 2346 2151 opus.
2382 2078 2540 2150 quod
2566 2095 2687 2133 non
2719 2078 2894 2147 sinat,
2923 2082 2989 2132 ut
3016 2077 3244 2145 vitium,
3295 2077 3453 2148 quod
3504 2094 3574 2132 ex
3621 2078 3831 2134 volun-

2178 2169 2328 2225 taria
2357 2168 2688 2224 defectione
2717 2172 2915 2222 ortum
2963 2172 3070 2235 est,
3121 2166 3564 2223 inconducibile
3593 2174 3833 2224 maneat

2179 2264 2236 2314 et
2254 2258 2486 2323 inutile,
2513 2257 2614 2314 sed
2633 2273 2744 2313 nec
2763 2257 2840 2312 sit
2860 2256 3079 2327 ubique
3104 2261 3161 2310 et
3182 2256 3243 2311 in
3262 2256 3539 2313 omnibus
3561 2258 3826 2313 noxium.

2178 2350 2398 2404 Divinaa
2434 2350 2592 2404 enim
2626 2347 2955 2419 sapientiae,
2991 2352 3050 2401 et
3069 2346 3320 2413 virtutis,
3353 2352 3411 2402 et
3435 2348 3717 2419 potentiae
3742 2354 3834 2404 est

2178 2439 2464 2505 ofﬁcium,
2498 2453 2619 2493 non
2652 2438 2846 2492 solum
2876 2435 3225 2491 benefacere
3256 2436 3406 2506 (haec
3428 2442 3518 2490 est
3548 2437 3732 2504 enim,
3764 2444 3831 2493 ut

2175 2528 2260 2581 ita
2289 2527 2505 2593 dicam,
2540 2526 2641 2581 Dei
2666 2531 2898 2592 natura,
2931 2530 2998 2579 ut
3027 2524 3179 2597 ignis
3210 2524 3556 2593 calefacere,
3581 2531 3641 2582 et
3678 2526 3829 2583 lucis

2176 2615 2560 2684 illuminare),
2594 2613 2698 2669 sed
2730 2614 2879 2668 illud
2902 2629 3137 2684 quoque
3160 2614 3437 2679 maxime,
3470 2619 3537 2669 ut
3565 2613 3646 2684 id,
3670 2616 3828 2687 quod

2174 2720 2281 2776 per
2311 2704 2501 2759 malos
2532 2702 2768 2773 aliquos
2801 2702 3195 2775 excogitatum
3228 2708 3336 2770 est,
3359 2702 3433 2759 ad
3464 2703 3689 2760 bonum
3719 2705 3831 2761 ali-

2176 2810 2354 2864 quem
2386 2793 2567 2847 ﬁnem
2599 2798 2659 2847 et
2704 2791 2913 2848 utilem
2962 2791 3235 2859 deducat,
3289 2796 3346 2847 et
3389 2793 3701 2850 commode
3733 2795 3831 2866 iis,

2175 2900 2307 2955 quae
2338 2882 2613 2938 videntur
2642 2881 2820 2948 mala,
2853 2886 3072 2948 utatur,
3108 2881 3263 2937 sicut
3291 2898 3383 2950 eo,
3411 2882 3571 2953 quod
3602 2900 3673 2939 ex
3695 2888 3826 2940 ten-

2176 2972 2396 3029 tatione
2424 2972 2734 3044 processit,
2790 2971 3155 3027 testimonio.
3206 2973 3309 3026 Est
3346 2987 3483 3045 ergo
3534 2973 3715 3029 etiam
3764 2974 3826 3031 in

2174 3062 2571 3134 philosophia,
2600 3078 2733 3132 qum
2764 3061 2921 3116 furto
2971 3066 3265 3133 surrepta,
3298 3060 3478 3117 veluti
3509 3078 3542 3117 a
3572 3064 3825 3121 Prome-

2172 3150 2331 3215 theo,
2366 3155 2652 3220 tanquam
2679 3147 3121 3219 aliquantulum
3154 3148 3330 3221 ignis,
3362 3151 3702 3221 generando
3734 3151 3830 3206 lu-

2178 3239 2349 3306 mini,
2382 3240 2431 3294 si
2463 3237 2773 3294 commode
2806 3238 3114 3305 excitetur,
3171 3243 3397 3310 aptum,
3432 3243 3491 3293 et
3518 3240 3831 3313 vestigium

2179 3328 2422 3399 aliquod
2454 3328 2782 3400 sapientiae,
2822 3332 2881 3382 et
2924 3327 3105 3382 motio
3154 3344 3189 3382 a
3236 3328 3354 3383 Deo
3403 3334 3551 3384 orta.
3601 3330 3670 3385 In
3718 3330 3831 3386 hoc

2179 3424 2379 3474 autem
2423 3440 2451 3468 ‹‹
2500 3417 2765 3472 latrones
2814 3422 2874 3472 et
2921 3416 3084 3472 fures
3135 3439 3155 3466 ιι
3216 3416 3443 3473 fuerint
3494 3421 3832 3476 Graecorum

2180 3507 2540 3580 philosophi,
2574 3506 2733 3577 quod
2781 3523 2916 3561 cum
2959 3511 3097 3561 ante
3144 3506 3380 3561 Domini
3428 3506 3748 3565 adventum
3800 3527 3837 3566 a

2179 3597 2488 3669 prophetis
2519 3596 2670 3651 1815
2708 3596 2970 3651 Hebraeis
3019 3594 3310 3666 quasdam
3341 3602 3540 3668 partes
3568 3598 3831 3654 veritatis

2177 3686 2563 3757 sumpserint,
2596 3685 2656 3740 id
2687 3684 2935 3739 minime
2966 3690 3377 3757 agnoscentes,
3410 3686 3524 3741 sibi
3546 3692 3831 3759 tanquam

2176 3775 2421 3848 propria
2434 3774 2710 3845 dogmata
2729 3773 3149 3842 attribuerunt,
3176 3779 3235 3828 et
3255 3774 3375 3830 alia
3396 3775 3636 3848 quidem
3661 3778 3831 3833 adul-

2177 3869 2468 3925 terarunt,
2484 3863 2602 3918 alia
2615 3868 2836 3931 autem,
2855 3878 3294 3934 supervacanea
3309 3864 3565 3935 quadam
3580 3865 3834 3940 diligen-

2176 3954 2260 4009 tia
2290 3954 2585 4024 imperite,
2619 3968 2686 4008 ac
2736 3952 3140 4023 scphistarum
3172 3969 3336 4008 more
3368 3952 3833 4025 interpolarunt,

2179 4043 2298 4098 alia
2327 4047 2526 4098 autem
2558 4042 2738 4097 etiam
2768 4040 3160 4110 invenerunt;
3208 4058 3318 4097 nec
3350 4042 3513 4098 enim
3560 4060 3696 4099 \ero
3727 4045 3833 4101 ab-

2179 4134 2373 4190 simile
2393 4137 2502 4198 est,
2523 4149 2624 4189 eos
2642 4154 2669 4181 ‹‹
2690 4148 2901 4189 sensus
2915 4132 3189 4204 spiritum
3204 4132 3277 4203 (b)
3294 4154 3320 4181 ‹‹
3336 4132 3635 4190 habuisse.
3650 4134 3832 4198 *As-

2180 4224 2435 4279 sentitur
2464 4228 2664 4278 autem
2696 4222 3014 4293 Scripturaa
3064 4238 3301 4293 quoque
3330 4222 3700 4292 Aristoteles,
3729 4224 3830 4295 qui

2178 4313 2346 4382 dixit,
2379 4312 2768 4384 sophisticam
2791 4328 2921 4367 esse
2949 4311 3143 4366 furem
3166 4311 3495 4382 sapientiae,
3521 4312 3676 4369 sicut
3695 4318 3833 4369 ante

413 4402 803 4457 ostendimus.
858 4399 1175 4471 Apostolus
1231 4403 1472 4454 autem.
1534 4415 1559 4445 σ
1592 4400 1729 4464 Quas
1789 4400 1967 4455 etiam
2023 4401 2348 4475 loquimur,
2405 4402 2619 4473 inquit,
2680 4417 2801 4456 non
2855 4400 2919 4455 in
2973 4399 3162 4455 doctis
3213 4400 3489 4457 humanm
3521 4402 3831 4474 sapientia)

410 4490 624 4558 verbis,
660 4491 763 4545 sed
794 4491 855 4545 in
887 4490 1161 4544 doctrina
1190 4489 1433 4558 spiritus
1465 4487 1558 4560 (c).
1598 4512 1617 4536 ι
1655 4489 1735 4543 De
1766 4490 2072 4561 prophetis
2103 4492 2302 4547 enim:
2357 4512 2385 4541 ς(
2426 4492 2666 4558 Omnes,
2718 4490 2934 4561 inquit,
2983 4488 3056 4544 de
3102 4489 3478 4561 plenitudine
3510 4491 3640 4563 ejus
3667 4508 3835 4549 acce-

410 4582 606 4653 pimus
637 4582 737 4650 (d),
779 4603 804 4629 ››
837 4578 1051 4634 Christi
1084 4578 1330 4633 scilicet.
1364 4579 1553 4642 Quare
1584 4594 1704 4632 non
1737 4584 1879 4633 sunt
1906 4581 2067 4635 fures
2093 4582 2415 4654 prophetas.
2474 4603 2502 4631 ‹‹
2535 4582 2605 4635 Et
2651 4579 2924 4634 doctrina
2964 4594 3118 4644 mea,
3152 4595 3273 4634 non
3304 4585 3396 4635 est
3424 4597 3579 4646 mea,
3614 4581 3832 4653 inquit,

407 4672 714 4735 Dominus,
749 4669 849 4724 sed
883 4669 1032 4740 ejus,
1068 4668 1168 4739 qui
1200 4667 1364 4722 misit
1393 4684 1508 4732 me,
1541 4668 1750 4723 Patris.
1790 4690 1816 4715 ν
1876 4670 1946 4723 Et
2001 4669 2074 4725 de
2126 4670 2357 4725 furibus
2388 4687 2401 4724 :
2468 4692 2488 4718 ι
2523 4670 2631 4734 Qui
2682 4675 2882 4725 autem
2933 4684 3003 4723 ex
3046 4668 3266 4739 seipso,
3295 4669 3510 4741 inquit,
3545 4670 3833 4742 loquitur,

406 4761 652 4835 gloriam
682 4760 982 4832 propriam
1016 4758 1229 4830 quaerit
1260 4758 1348 4829 (ε).
1383 4780 1411 4806 ››
1462 4757 1635 4812 Tales
1686 4762 1886 4813 autem
1933 4765 2073 4813 sunt
2121 4760 2325 4826 Graeci,
2380 4779 2409 4809 «
2443 4758 2670 4830 seipsos
2704 4763 2994 4825 amantes,
3035 4757 3175 4813 elati
3206 4757 3296 4831 (Γ).
3327 4781 3355 4810 ››
3389 4759 3699 4832 Sapientes
3727 4778 3837 4818 au-

406 4857 528 4907 tem
561 4868 660 4905 eos
693 4849 899 4905 dicens
932 4848 1255 4919 Scriptura,
1290 4864 1411 4901 non
1438 4847 1825 4918 reprehendit
1856 4863 1955 4902 eos
1987 4848 2088 4920 qui
2121 4855 2260 4904 sunt
2290 4865 2422 4903 vere
2457 4848 2792 4919 sapientes;
2826 4847 2928 4903 sed
2962 4864 3062 4902 eos
3094 4848 3196 4919 qui
3228 4848 3340 4904 sibi
3372 4848 3666 4907 videntur.

479 5036 545 5111 αξ
572 5038 636 5090 Ρ.
671 5037 774 5090 370
802 5036 930 5111 En,
952 5035 1243 5111 PQTTER.
1278 5036 1523 5111 313,130,
1566 5034 1935 5111 PARl_S.__(a)
1992 5038 2066 5108 Ep

2178 5054 2206 5091 ι.
2264 5038 2361 5106 ΙΙΙ,
2425 5040 2512 5106 10,
2572 5040 2656 5092 11.
2692 5037 2773 5110 (b)
2804 5039 2984 5095 Exod.
3015 5055 3216 5108 xxvm,
3248 5041 3301 5093 3.
3344 5038 3416 5111 (c)
3443 5039 3465 5093 Ι
3492 5039 3622 5095 Cor.
3651 5053 3712 5107 ιι,
3748 5037 3833 5091 13.

409 5110 487 5177 (d)
519 5109 684 5163 Joan.
719 5124 757 5175 1,
793 5110 877 5162 16.
914 5106 983 5178 (e)
1012 5106 1178 5161 Joan.
1210 5122 1306 5172 vn,
1344 5108 1428 5173 16,
1492 5108 1573 5160 id.
1607 5107 1673 5177 (ν’)
1708 5108 1756 5161 ΙΙ
1785 5106 1932 5162 Tim.
1966 5106 2130 5175 111,2-

410 5299 811 5363 notissimum,
845 5297 1000 5369 apud
1048 5313 1198 5369 quos
1256 5294 1412 5369 ῥῆξαι
1472 5302 1562 5369 est
1615 5290 1968 5369 καταϐαλεῖν,
2002 5302 2068 5352 ut

409 5388 538 5443 exp.
597 5365 945 5444 Hesychius.
1016 5365 1159 5423 Inde
1219 5365 1482 5441 epitheta
1536 5365 1835 5446 ῥηξίφρων,
1893 5368 2064 5444 557,516-

407 5462 542 5510 νωρ,
577 5449 686 5497 etc.

503 5519 592 5581 ‘22)
623 5511 951 5587 Πρόγνωσιν.
988 5510 1269 5587 ῌρόθεσιν,
1292 5512 1515 5587 Ephes.

501 5588 588 5657 23)
651 5582 1197 5652 Ἀποστατησάντων.
1272 5582 1544 5657 Αλῐηεε,
1614 5582 2063 5657 ἀποστησόῦιτων.

406 5658 510 5714 sed
544 5655 735 5713 verior
765 5657 917 5731 vulg.
952 5657 1125 5712 lectio
1154 5674 1166 5724 ;
1192 5657 1281 5710 vel
1310 5656 1488 5711 etiam
1512 5656 1770 5725 brevius,
1795 5655 2068 5709 ἀποστάν-

405 5750 535 5784 των.
574 5731 846 5784 SYLBURG.

478 5806 593 5875 (24)
622 5803 826 5857 Ταῦτα.
865 5800 921 5855 Si
953 5817 1088 5856 vera
1146 5805 1236 5856 est
1293 5800 1609 5872 scriptura,
1653 5797 2066 5858 subaudienda

2175 5301 2515 5372 praepositio
2546 5302 2687 5372 κατά
2704 5306 2806 5357 aut
2829 5301 3077 5360 similis:
3101 5299 3192 5372 vel
3214 5298 3531 5372 legendum
3550 5293 3829 5372 radi-9.11;.

2248 5368 2357 5442 (23)
2390 5372 2611 5443 Πνεῦμα
2640 5371 2964 5442 αἰσθήσεως.
3015 5370 3331 5443 Respicere
3378 5368 3829 5443 videtur‘Exod.

2175 5435 2371 5508 xleli,
2406 5448 2470 5519 3._
2502 5435 2637 5519 Πᾷσι
2695 5435 2812 5506 τοῖς
2868 5449 3059 5519 σοφοῖς
3116 5435 3349 5519 διανοίᾳ,
3411 5437 3503 5519 οῦς
3555 5435 3833 5519 ἐνέπλησα

2175 5519 2391 5582 πνεῦμα
2420 5514 2740 5586 αἰσθήσεως.
2775 5510 3107 5588 (Ξοιιί.’ίιιιω
3140 5512 3414 5586 superius
3449 5510 3597 5567 dixit
3625 5517 3835 5567 auctor

2175 5604 2234 5659 p.
2270 5591 2365 5642 281
2407 5588 2563 5659 edit:
2585 5590 2770 5659 Paris.

2250 5655 2591 5731 (26lﬁll818.
2624 5661 2659 5727 ἡ
2694 5657 2823 5726 ἐμή.
2858 5658 3057 5731 ναις.-
3082 5655 3206 5711 Bib.
3255 5654 3424 5731 loan.
3472 5672 3542 5711 vn
3569 5654 3826 5731 brevius,

2174 5730 2210 5798 ἡ
2243 5729 2351 5805 ἐμὴ
2386 5727 2611 5804 διδαχή.
2646 5726 2731 5788 Ab
2762 5726 3176 5788 iisdem‘abest
3204 5726 3384 5783 etiam
3433 5727 3828 5805 appositivum

2176 5799 2380 5877 πατρός
2410 5799 2685 5860 εγιῐυιιο.
