4120 6396
262 434 369 508 sos

1498 436 1910 498 omnum
1943 437 2450 499 ALBIANDBINI

3580 441 3690 501 804

1737 588 1973 648 CAPUT
2007 588 2203 648 XVIII.

894 705 1149 762 Illustrat
1180 703 1325 759 illud
1352 705 1561 762 dictum
1589 702 1847 775 Apostoli
1866 718 1886 756 :
1916 721 1947 751 «
1978 702 2215 758 Perdam
2261 701 2599 775 sapientiam
2636 704 2970 776 sapientum.
3005 722 3031 755 ιι

324 829 405 884 De
420 826 513 882 his
530 829 730 881 autem
754 825 899 881 dicit
922 843 937 880 :
960 849 987 876 κ
1014 826 1266 881 Perdam
1290 822 1649 897 sapientiam
1670 820 1906 893 sapien-

2093 817 2191 873 Καὶ
2220 817 2346 893 περὶ
2375 818 2583 876 τούτων
2618 828 2731 896 (27)
2780 825 2982 902 φησὶν,
3037 847 3067 877 ‹‹
3098 821 3327 883 Ἀπολῶ
3354 823 3454 892 τὴν
3488 824 3682 904 σοφίαν

251 924 402 981 tum,
435 921 495 971 et
521 915 903 987 prudentiam
944 916 1307 988 prudentum
1356 912 1632 970 abolebo.
1663 931 1690 961 η
1729 910 1916 965 lnl‘ert

251 1011 452 1080 itaque
478 1007 795 1079 Apostolus
823 1024 837 1062 :
873 1026 897 1056 ι
932 1008 1039 1063 Ubi
1083 1007 1372 1079 sapiens?
1397 1006 1496 1062 ubi
1530 1002 1765 1060 scriba?
1805 1002 1909 1059 ubi

253 1098 576 1170 inquisitor
629 1097 807 1168 hujus
858 1097 1062 1152 saaculi
1098 1095 1127 1151 ?
1180 1119 1207 1147 ››
1254 1096 1542 1152 nimirum
1596 1111 1631 1150 a
1674 1092 1906 1161 scribis,

252 1190 432 1261 hujus
454 1185 655 1242 saeculi
680 1187 1085 1258 inquisitores,
1109 1186 1496 1258 philosophos
1522 1201 1591 1240 ex
1610 1182 1908 1257 gentibus,

256 1279 644 1350 distinguens.
683 1299 709 1326 «
762 1279 967 1331 Nonne
1019 1276 1262 1331 stultam
1310 1275 1451 1331 fecit
1497 1276 1649 1330 Deus
1698 1271 1909 1328 mundi

255 1369 607 1441 sapientiam
631 1367 705 1439 (a)
726 1367 754 1423 ?
778 1388 804 1416 »
829 1366 987 1439 quod
1019 1367 1269 1440 perinde
1304 1372 1412 1434 est,
1438 1382 1505 1421 ac
1536 1365 1780 1420 stultam
1812 1380 1911 1418 os-

252 1459 465 1523 tendit,
500 1462 708 1513 etnon
752 1472 969 1525 veram,
1019 1462 1086 1512 ut
1128 1456 1216 1511 illi
1262 1473 1392 1512 eam
1437 1471 1567 1511 esse
1602 1453 1906 1526 putabant.

254 1551 324 1605 Et
350 1549 399 1603 si
430 1562 602 1621 roges
632 1562 872 1602 causam
903 1563 1010 1602 cur
1035 1546 1146 1602 sibi
1195 1546 1538 1602 viderentur
1566 1544 1866 1616 sapientes
1893 1559 1906 1598 :

262 1662 289 1690 «
322 1644 567 1712 propter
596 1637 921 1693 caacitatem
942 1636 1137 1692 cordis
1160 1637 1425 1709 ipsorum
1451 1636 1543 1707 (b),
1576 1654 1602 1687 ιι
1637 1634 1905 1706 inquiet:

256 1750 286 1779 «
315 1727 608 1794 Quoniam
639 1726 701 1782 in
734 1726 1028 1799 sapientia
1053 1726 1177 1796 Dei,
1216 1748 1245 1775 »
1277 1742 1346 1782 ea
1367 1742 1606 1797 nempe,
1640 1741 1771 1796 quae
1802 1740 1909 1796 per

255 1818 580 1891 prophetas
609 1821 701 1872 est
729 1817 1099 1883 annuntiata,
1134 1838 1162 1867 «
1195 1833 1315 1872 non
1346 1816 1618 1890 cognovit
1646 1814 1907 1870 mundus

249 1924 359 1981 per
390 1906 770 1979 sapientiam,
798 1925 824 1956 ι
877 1923 1007 1977 qua)
1056 1905 1284 1962 scilicet
1331 1906 1597 1977 loquitur
1635 1920 1741 1977 per
1769 1920 1906 1976 pro-

247 1998 485 2071 phetas,
516 2017 542 2047 σ
575 1996 793 2067 ipsum,
820 2016 848 2045 »
885 1995 1111 2051 scilicet
1142 1997 1350 2064 Deum,
1375 2018 1403 2046 ‹‹
1433 1995 1545 2067 ipsi
1577 1996 1695 2051 Deo
1716 1994 1906 2050 visum

250 2093 342 2143 est
378 2102 487 2159 per
516 2084 1001 2158 prmdicationem
1030 2084 1371 2153 stultitim,»
1399 2101 1530 2157 qua:
1555 2085 1770 2140 Graacis
1791 2083 1908 2139 sci-

2021 912 2130 963 τῶν
2164 914 2369 988 σοφῶν,
2399 910 2488 967 καὶ
2516 913 2616 981 τὴν
2659 913 2867 969 σύνεσιν
2927 919 3035 970 τῶν
3072 919 3304 969 συνετῶν
3346 915 3616 986 ἀθετήσω.
3655 942 3677 968 ι

2024 1000 2301 1079 Ἐπιφὲρει
2345 1007 2473 1079 γοῦν
2534 1005 2563 1059 6
2613 1004 2977 1068 Ἀπόστολοςο
3038 1030 3067 1059 ‹‹
3129 1011 3241 1061 Ποῦ
3299 1006 3508 1086 σοφός;
3569 1014 3678 1063 ποῦ

2019 1091 2410 1167 γραμματεύς;
2468 1097 2573 1147 ποῦ
2634 1096 2945 1166 συζητητὴς
2990 1100 3087 1152 τοῦ
3140 1096 3341 1160 αῗῶνος
3368 1096 3611 1167 τούτους
3647 1122 3676 1150 η

2019 1178 2156 1253 πρὸς
2189 1177 2609 1248 ἀντιδιαστολήν
2667 1186 2778 1236 τῶν
2827 1183 3217 1257 γραμματέων,
3254 1183 3383 1246 τοὺς
3408 1188 3506 1240 τοῦ
3535 1186 3675 1240 αἰῶ·

2018 1289 2113 1331 νος
2142 1268 2341 1324 τοὺτου
2385 1270 2645 1341 ζητητὰς,
2692 1270 2821 1334 τοὺς
2872 1269 2925 1343 ἐξ
2974 1273 3138 1328 ἐθνῶν
3188 1273 3548 1351 φιλοσόφους,
3576 1274 3671 1330 τά·

2019 1358 2132 1430 ξας.
2171 1383 2198 1412 ι(
2230 1359 2375 1435 Οὐχὶ
2435 1359 2712 1436 ἐμώρανεν
2773 1362 2801 1416 6
2860 1363 2990 1425 Θεὸς
3044 1365 3149 1433 τὴν
3199 1362 3389 1442 σοφίαν
3416 1368 3515 1419 τοῦ
3544 1365 3671 1421 κόσ-

2021 1469 2129 1522 μου
2160 1452 2305 1522 (28);
2342 1472 2370 1500 ››
2402 1449 2595 1520 ἐπίσης
2624 1455 2725 1523 τῷ,
2762 1451 2948 1525 μωρὰν
2990 1450 3176 1525 ἔδειξε,
3207 1452 3299 1509 καί
3331 1453 3435 1508 οὐκ
3465 1452 3672 1528 ἀληθῆ,

2017 1539 2092 1602 ὠς
2120 1538 2313 1614 ᾤοντο.
2348 1538 2457 1597 Κᾶν
2487 1541 2629 1616 πύθῃ
2682 1541 2782 1610 τήν
2834 1541 3008 1597 αἰτίαν
3065 1550 3166 1612 τῆς
3219 1541 3539 1623 δοξοσοφίας
3574 1545 3672 1600 αύ-

2013 1635 2145 1699 τῶν,
2184 1654 2213 1683 ‹‹
2243 1628 2332 1687 διὰ
2358 1632 2459 1701 τὴν
2508 1632 2768 1706 πώρωσιν
2812 1639 2913 1703 τῆς
2955 1630 3187 1710 καρδίας
3230 1634 3431 1704 αὐτῶν,
3478 1659 3501 1686 ι
3535 1635 3669 1711 ἐριιῖ⁸

2016 1745 2045 1769 τι
2078 1718 2294 1777 ἐπειδὰν
2327 1720 2379 1775 ἐν
2436 1724 2505 1795 τῇ
2559 1720 2720 1799 σοφίᾳ
2774 1726 2870 1777 τοῦ
2919 1727 3077 1793 Θεοῦ,
3110 1747 3140 1776 ››
3169 1724 3415 1781 τουτίστι
3448 1722 3538 1782 διὰ
3558 1731 3667 1781 τῶν

2013 1815 2313 1888 προφητῶν
2341 1809 2781 1887 κατηγγελμένῃ,
2813 1834 2837 1867 σ
2860 1813 2961 1868 ούκ
2991 1810 3128 1889 ἔγνω
3162 1814 3190 1870 6
3221 1813 3428 1888 κόσμος
3453 1812 3544 1871 διά
3563 1823 3667 1886 τῆς

2014 1899 2265 1977 σοφίας,››
2289 1906 2390 1969 τῆς
2410 1897 2617 1959 διᾶτῶν
2633 1905 2931 1978 προφητῶν
2948 1899 3252 1975 λαλούσης,
3266 1930 3285 1955 ι
3311 1903 3470 1960 αὐτὸν
3492 1907 3666 1979 (29),»

2015 1986 2275 2060 δηλονότι
2306 1990 2398 2045 τὸν
2432 1988 2579 2047 Θεόν.
2615 2014 2643 2044 ι(
2677 1987 2968 2060 εὐδόκησεν
3015 1992 3173 2055 οὗτος
3211 1997 3322 2066 (30)
3354 1995 3383 2049 6
3415 1996 3547 2058 Θεὸς
3579 1993 3669 2051 διὰ

2011 2084 2108 2134 τοῦ
2137 2080 2495 2155 κηρύγματος
2523 2087 2624 2150 τῆς
2657 2082 2893 2157 μωρίας,
2919 2105 2947 2133 ι»
2968 2089 3067 2152 τῆς
3095 2080 3363 2155 δοκούσης
3394 2084 3663 2156 Ἕλλησιν

248 2178 390 2233 licet
421 2176 654 2231 videtur
681 2192 811 2231 esse
843 2175 1114 2243 stultitia,
1148 2197 1176 2227 ι(
1211 2175 1401 2230 salvos
1427 2175 1620 2231 facere
1653 2173 1902 2229 creden-

2018 2170 2145 2225 εἶναι
2182 2170 2411 2244 μωρίας,
2446 2194 2475 2224 ‹‹
2507 2175 2677 2226 σῶσαι
2719 2170 2849 2235 τοὺς
2894 2172 3269 2237 πιστεύονταςσ
3303 2172 3493 2245 ἔπειδή
3527 2177 3665 2233 Ἰου-

250 2271 376 2322 tes:
408 2265 697 2333 Quoniam
726 2264 933 2333 Judaei,
967 2264 1183 2336 inquit,
1227 2264 1396 2337 signa
1424 2268 1637 2336 petunt
1666 2284 1693 2314 »
1728 2262 1803 2318 ad
1835 2262 1901 2316 ﬁ-

248 2354 408 2424 dem,
444 2377 471 2406 «
493 2355 674 2412 Graeci
693 2360 891 2410 autem
911 2360 1190 2426 quaerunt
1212 2353 1568 2425 sapientiam
1594 2369 1607 2408 :
1639 2373 1666 2403 ››
1689 2368 1905 2424 nempe

245 2445 572 2511 orationes,
609 2461 741 2517 qum
773 2449 1062 2499 vocantur
1093 2441 1497 2516 ἀναγκαστικαί,
1531 2443 1641 2498 hoc
1664 2448 1772 2510 est,
1795 2457 1905 2495 ne-

252 2535 513 2592 cessario
568 2533 1015 2600 concludentes,
1064 2539 1124 2589 et
1176 2533 1325 2589 alios
1386 2532 1616 2588 scilicet
1662 2531 1906 2604 syllogi-

255 2643 434 2683 smos.
469 2648 497 2675 ‹‹
532 2627 647 2681 Nos
680 2630 881 2681 autem
929 2624 1325 2698 praedicamus
1367 2624 1567 2679 Iesum
1607 2622 1907 2677 Christum

249 2717 623 2777 cruciﬁxum.
642 2715 862 2772 Iudaeis
884 2714 1126 2786 quidem
1152 2713 1501 2770 scandalum
1522 2730 1535 2781 ;
1556 2712 1749 2785 nquod
1770 2728 1907 2768 cum

246 2806 441 2863 sciant
468 2806 862 2878 prophetiam,
896 2821 1017 2860 non
1044 2804 1293 2860 credant
1322 2803 1559 2859 eventui
1588 2818 1601 2857 :
1641 2822 1667 2854 ι
1691 2801 1909 2857 Graecis

243 2901 443 2952 autem
469 2895 834 2950 stultitiam»
861 2912 875 2960 ;
906 2893 1175 2950 fabulam
1200 2893 1362 2948 enim
1386 2909 1514 2949 esse
1543 2891 1906 2960 existimant,

248 2985 350 3055 qui
382 2984 495 3040 sibi
545 2984 822 3040 videntur
871 2985 1195 3055 sapientes,
1247 2982 1405 3054 quod
1450 2998 1557 3054 per
1603 2981 1908 3036 hominem

250 3074 435 3132 Filius
465 3073 567 3130 Dei
599 3073 895 3146 loquatur,
932 3079 991 3130 et
1015 3075 1170 3130 Deus
1211 3072 1429 3127 habeat
1470 3071 1684 3138 ﬁlium,
1718 3075 1777 3126 et
1808 3069 1908 3126 ille

252 3164 331 3219 sit
385 3179 635 3235 passus:
687 3180 807 3236 quo
854 3162 940 3230 ﬁt,
991 3167 1057 3218 ut
1105 3162 1293 3217 nimia
1342 3160 1432 3216 sui
1470 3159 1909 3216 existimatione

250 3253 672 3326 praeoccupati,
703 3253 949 3309 credere
996 3252 1212 3308 nolint.
1262 3250 1585 3307 Servatoris
1614 3250 1775 3306 enim
1805 3248 1910 3305 ad-

246 3349 479 3411 ventus,
529 3360 653 3399 non
684 3343 898 3399 stultos
937 3341 1099 3410 fecit,
1154 3346 1213 3396 et
1245 3340 1427 3397 duros
1457 3339 1656 3419 corde,
1691 3345 1752 3395 et
1778 3339 1912 3395 inﬁ-

245 3433 448 3501 deles;
479 3433 585 3489 sed
614 3432 965 3506 prudentes,
998 3437 1056 3488 et
1086 3437 1255 3504 aptos
1287 3430 1504 3503 quibus
1544 3430 1911 3502 persuadea-

242 3530 362 3592 tur,
396 3528 454 3580 et
484 3528 775 3595 prmterea
802 3521 1031 3578 ﬁdeles.
1065 3522 1303 3587 Verum,
1334 3521 1434 3593 qui
1460 3534 1670 3592 parere
1693 3517 1908 3573 nolue-

241 3617 406 3677 runt,
439 3612 512 3667 ab
543 3627 771 3677 eorum,
808 3611 908 3683 qui
934 3610 1309 3679 obedierunt,
1340 3608 1677 3664 voluntaria
1706 3607 1907 3662 adhae-

246 3704 415 3761 sione
445 3699 830 3768 discedendo,
864 3699 1089 3756 ostensi
1111 3705 1253 3754 sunt
1282 3698 1717 3772 imprudentes,
1737 3704 1795 3753 et
1815 3699 1910 3752 in-

245 3790 477 3855 ﬁdeles,
508 3793 567 3844 et
591 3788 777 3844 stulti.
818 3809 844 3840 α
884 3789 1036 3861 Ipsis
1086 3793 1286 3844 autem
1328 3788 1571 3857 vocatis,
1601 3787 1819 3843 Judzeis
1852 3792 1911 3843 et

243 3881 481 3950 Grmcis,
497 3880 767 3937 Christus
781 3879 942 3945 estsi
957 3881 1057 3937 Dei
1071 3881 1345 3949 virtus,et
1360 3881 1462 3936 Dei
1478 3880 1865 3952 sapientia(c).
1878 3901 1900 3931 ι

240 3975 393 4030 Num
427 3987 563 4044 ergo
595 3970 775 4042 (quod
807 3975 898 4026 est
939 3971 1118 4026 etiam
1169 3970 1405 4041 melius)
1438 3969 1906 4026 existimandum

240 4067 330 4119 est
361 4078 493 4118 esse
546 4060 887 4133 negativum
945 4059 1118 4130 illud,
1152 4082 1180 4110 ι(
1231 4056 1377 4133 Οὐχὶ
1425 4056 1701 4132 ἐμώρανεν
1753 4060 1907 4114 Deus

246 4153 604 4227 sapientiam
661 4151 893 4221 mundi,
954 4173 983 4201 »
1036 4151 1285 4224 perinde
1343 4167 1411 4207 ac
1461 4148 1559 4204 οὐκ
1604 4148 1904 4222 ἐμώρανενο

242 4265 271 4295 ‹‹
305 4260 427 4300 non
460 4242 703 4299 stultam
734 4241 896 4308 fecit,
943 4264 972 4292 ››
1021 4258 1097 4297 ne
1146 4258 1326 4298 causa
1377 4240 1616 4296 duritiei
1648 4240 1843 4296 cordis
1875 4257 1909 4296 a

242 4336 361 4391 Deo
392 4334 479 4391 eis
516 4333 678 4390 facta
706 4332 976 4388 videatur
1005 4354 1033 4382 «
1069 4332 1169 4404 qui
1231 4331 1476 4387 stultam
1504 4331 1646 4387 fecit
1669 4330 1907 4403 sapien-

238 4423 434 4479 tiam?
462 4444 491 4474 »
525 4422 784 4479 Omnino
818 4422 976 4478 enim
1008 4438 1143 4478 cum
1189 4421 1487 4494 sapientes
1529 4425 1748 4487 essent,
1781 4437 1910 4476 ma-

233 4512 356 4586 jori
389 4512 580 4584 culpa
609 4512 776 4567 fuere
800 4509 1171 4582 obnoxii,qui
1202 4510 1610 4583 praadicationi
1640 4525 1760 4565 non
1787 4526 1910 4564 cre-

242 4603 560 4659 diderunt:
593 4602 931 4658 voluntaria
968 4601 1129 4657 enim
1179 4607 1267 4657 est
1297 4600 1508 4657 electio
1557 4606 1617 4656 et
1645 4601 1911 4657 delectus

238 4692 523 4749 veritatis.
602 4691 940 4757 Quinetiam
999 4691 1183 4747 illud:
1256 4711 1281 4744 α
1356 4691 1607 4747 Perdam
1678 4690 1910 4763 sapien-

241 4782 388 4838 tiam
421 4780 780 4853 sapientum.
816 4801 845 4831 »
890 4780 1042 4852 ejus,
1076 4797 1209 4851 quae
1241 4782 1646 4838 contemnitur
1688 4798 1755 4837 ac
1804 4781 1904 4837 de-

242 4872 514 4945 spicitur,
573 4869 840 4926 barbaras
889 4870 1283 4944 philosophiae
1332 4872 1706 4945 appositione
1763 4870 1910 4928 dicit

2012 2257 2179 2327 δαῖοι,
2195 2260 2352 2338 φησὶ,
2368 2264 2571 2333 σημεῖα
2589 2259 2802 2315 αἰτοῦσι
2827 2284 2854 2313 ››
2877 2261 3015 2338 πρὸς
3036 2263 3237 2317 πίστιν·
3263 2287 3292 2315 «
3314 2262 3586 2334 Ἕλληνες
3607 2263 3666 2320 δὲ

2012 2348 2202 2427 σοφίαν
2256 2352 2499 2420 ζητοῦσι,
2557 2372 2587 2402 ιι
2633 2349 2764 2412 τοὺς
2812 2349 3236 2426 ἀναγκαστικοὺς
3283 2350 3661 2425 καλουμένους

2010 2437 2236 2513 λόγους,
2294 2438 2385 2493 καὶ
2441 2436 2571 2500 τοῦς
2631 2437 2838 2502 ἄλλους
2906 2438 3317 2513 συλλογισμοὺς
3375 2438 3661 2512 δηλονότι.

2016 2552 2039 2580 α
2074 2528 2266 2601 Ἡμεῖς
2309 2525 2368 2583 δὶ
2403 2528 2749 2604 κηρύσσομεν
2801 2530 3012 2599 Ἰησοῦν
3058 2532 3164 2602 (31)
3212 2532 3442 2604 Χριστὸν
3474 2530 3665 2587 ἐσταυ-

2013 2618 2284 2694 ρωμίνονο
2315 2614 2609 2679 Ἰουδαίοις
2644 2619 2739 2693 μὶν
2773 2616 3100 2691 σκάνδαλον,
3138 2643 3159 2671 ο
3216 2617 3307 2675 διὰ
3333 2621 3421 2693 τὸ,
3451 2619 3664 2687 είδοτας

2009 2709 2110 2777 τήν
2142 2708 2503 2784 προφητείαν,
2536 2710 2611 2780 μὴ
2661 2708 2933 2763 πιστεύειν
2981 2711 3051 2783 τῇ
3101 2705 3340 2781 ἐκϐάσει,
3371 2736 3399 2765 ιι
3428 2711 3667 2784 Ἕλλησι

2015 2796 2073 2853 δὲ
2107 2798 2338 2873 μωρίαν·
2376 2819 2401 2851 ι
2440 2795 2686 2871 μυθῶδες
2730 2800 2833 2875 γὰρ
2878 2800 3143 2873 ἡγοῦνται
3176 2800 3230 2856 οἱ
3279 2798 3661 2882 δοκησίσοφοι,

2016 2885 2105 2942 διὰ
2130 2909 2191 2943 τε
2218 2888 2506 2963 ἀνθρώπου
2555 2888 2677 2942 Υἱὸν
2724 2892 2860 2943 Θεοῦ
2919 2887 3132 2962 λαλεῖν,
3165 2890 3281 2945 υἱόν
3314 2911 3373 2946 τε
3404 2889 3549 2966 ἔχειν
3575 2893 3667 2948 τὸν

2015 2978 2167 3050 Θεὸν,
2198 2978 2290 3033 καὶ
2346 2974 2414 3047 δὴ
2472 2977 2564 3032 καὶ
2621 2978 2948 3042 πεπονθέναι
2995 2983 3212 3035 τοῦτονο
3255 2979 3373 3045 ὅθεν
3403 2981 3601 3044 αὐτοὺς
3631 2985 3664 3053 ἡ

2014 3066 2299 3144 πρόληψις
2352 3073 2456 3136 τῆς
2511 3066 2747 3137 οἰήσεως
2806 3067 3081 3133 ἀναπείθει
3140 3069 3401 3126 ἀπιστεῖν.
3456 3070 3518 3128 Ἥ
3565 3073 3666 3147 γὰρ

2013 3155 2285 3234 παρουσία
2313 3160 2412 3212 τοῦ
2439 3162 2702 3229 Σωτῆρος
2747 3156 2809 3212 ού
2863 3156 3083 3233 μωροὺς
3127 3157 3351 3232 ἐποίησε
3375 3160 3468 3215 καὶ
3498 3160 3672 3233 σκλη-

2017 3244 2362 3322 ροκαρδίους,
2417 3247 2509 3303 καὶ
2557 3247 2838 3314 ἀπίστους,
2887 3245 3034 3304 ἀλλὰ
3087 3250 3335 3314 συνετοὺς
3367 3252 3458 3306 καὶ
3489 3251 3670 3307 εὐπει-

2015 3340 2148 3407 θεῖς,
2184 3338 2409 3414 προσέτι
2468 3337 2713 3400 πιστούς.
2772 3334 3133 3414 Έδείχθησαν
3196 3337 3275 3412 δὲ,
3330 3339 3388 3396 ἐκ
3428 3347 3529 3411 τῆς
3558 3346 3667 3397 τῶν

2021 3428 2440 3484 ὑπακουσάντων
2521 3427 2771 3483 ἑκουσίου
2847 3426 3227 3502 προσκλίσεως
3286 3434 3669 3508 χωρισθέντες,

2018 3519 2071 3574 οὶ
2106 3518 2181 3591 μὴ
2244 3515 2600 3589 ἐθελήσαντες
2657 3517 2936 3583 πείθεσθαι
2998 3519 3247 3574 ἀσύνετοί
3293 3541 3373 3592 τε,
3421 3522 3512 3577 καὶ
3545 3518 3669 3577 ὄίπι-

2019 3629 2157 3676 στοι,
2215 3606 2306 3662 καὶ
2368 3606 2568 3682 μωροί.
2629 3631 2658 3658 ‹‹
2690 3606 2884 3671 Αύτοῖς
2944 3605 3002 3663 δὶ
3057 3613 3175 3671 τοῖς
3228 3607 3483 3680 κλητοῖς,
3530 3613 3671 3667 Ἰου-

2018 3694 2193 3760 δαίοις
2250 3717 2311 3751 τε
2358 3697 2451 3751 καὶ
2506 3695 2769 3768 Ἕλλησι,
2826 3698 3060 3773 Χριστὸς
3108 3702 3242 3754 Θεοῦ
3273 3696 3504 3773 δύναμίς
3535 3700 3670 3771 ἐστι,

2017 3787 2107 3841 καί
2139 3790 2273 3841 Θεοῦ
2330 3785 2512 3863 σοφίαο
2545 3807 2571 3839 ιι
2640 3787 2732 3857 Μή
2794 3807 2846 3841 τι
2904 3785 2995 3842 οῦν
3055 3786 3212 3864 (ὅπερ
3263 3790 3351 3844 καὶ
3402 3785 3670 3864 ἄμεινον),

2017 3874 2357 3953 ἀποφατικὸν
2417 3876 2657 3950 ἡγητέον
2708 3876 2792 3947 τὸ,
2851 3900 2878 3928 κ
2916 3877 3058 3951 Οίιχὶ
3115 3874 3395 3954 ἐμώρανεν
3455 3879 3483 3934 6
3541 3881 3670 3943 Θεὸς

2014 3967 2115 4035 τὴν
2173 3963 2361 4041 σοφίαν
2420 3968 2518 4019 τοῦ
2577 3964 2809 4036 κόσμου,
2843 3990 2864 4019 ο
2933 3964 3146 4036 ἐπίσης,
3207 3991 3235 4018 ‹‹
3276 3968 3397 4024 Οὗκ
3456 3966 3674 4045 ἆμώρα-

2014 4075 2125 4124 νεν,
2163 4050 2303 4108 »ἵνα
2338 4054 2412 4125 μὴ
2446 4055 2481 4123 ἡ
2516 4052 2664 4108 αἰτία
2694 4056 2795 4119 τῆς
2823 4052 3268 4131 σκληροκαρδίας
3312 4056 3499 4119 αὐτοῖς
3527 4059 3675 4133 παρὰ

2014 4150 2112 4201 τοῦ
2139 4149 2274 4202 Θεοῦ
2305 4144 2561 4223 φαίνηται
2619 4145 2908 4216 γενομένη,
2968 4169 2995 4197 κ
3021 4148 3120 4200 τοῦ
3192 4145 3543 4221 μωράνοντος
3568 4150 3670 4218 τὴν

2017 4238 2247 4314 σοφίαν;
2284 4259 2312 4287 ››
2346 4235 2433 4291 ’Ev
2475 4239 2605 4289 πᾶσι
2653 4236 2780 4311 γὰρ,
2827 4236 3007 4290 καίτοι
3061 4236 3224 4314 σοφοὶ
3269 4233 3420 4300 ὄντες
3463 4237 3514 4293 ἐν
3552 4239 3671 4313 μεί-

2019 4332 2133 4396 ζονι
2163 4324 2309 4396 αἰτίᾳ
2344 4324 2620 4402 γεγόνασι,
2676 4325 2753 4398 μή
2810 4324 3193 4389 πιστεύσαντες
3222 4331 3304 4400 τῷ
3332 4329 3669 4404 κηρύγματι·

2017 4416 2263 4478 ἑκούσιος
2293 4416 2396 4492 γὰρ
2425 4414 2460 4484 ἥ
2492 4435 2552 4469 τε
2581 4412 2807 4490 α’ίρεσις,
2837 4414 2872 4485 ἥ
2920 4436 2978 4471 τε
3012 4423 3114 4486 τῆς
3147 4415 3409 4489 ἀληθείας
3440 4418 3669 4496 ἐκλογή.

2020 4506 2201 4565 Ἀλλά
2245 4506 2337 4561 καὶ
2391 4507 2478 4575 τὸ,
2544 4526 2571 4559 α
2603 4503 2827 4562 Ἀπολῶ
2883 4508 2982 4576 τὴν
3041 4508 3230 4584 σοφίαν
3262 4513 3368 4564 τῶν
3402 4512 3609 4588 σοφῶν,
3644 4536 3673 4565 ››

2015 4602 2085 4673 τῇ
2169 4604 2270 4668 τῆς
2346 4597 2797 4674 καταφρουμὲνης
2883 4599 3313 4673 ὑπερορωμένης
3366 4604 3478 4677 (32)
3542 4604 3674 4680 βαρ-

2018 4689 2191 4764 οάρου
2240 4685 2566 4765 φιλοσοφίας
2614 4686 3028 4763 ἀντιπαραθέσει
3080 4690 3439 4765 καταλάμψαι
3486 4694 3673 4770 φησίν·

2018 4777 2093 4841 ὡς
2133 4777 2224 4832 καὶ
2254 4777 2283 4831 6
2315 4773 2543 4850 λύχνος,
2605 4774 2708 4830 ὑπὸ
2771 4781 2869 4831 τοῦ
2926 4776 3094 4848 ἡλίου
3146 4777 3676 4857 καταλαμπόμενος,

2017 4866 2373 4925 ἀπολωλέναι
2406 4865 2646 4942 λέγεται,
2695 4870 2775 4940 τῷ
2821 4869 2898 4941 μή
2950 4869 3050 4939 τὴν
3103 4866 3225 4941 ἴσην
3259 4868 3498 4927 ἐκτελεῖν
3527 4872 3681 4948 ἐνέρ-

236 4961 612 5029 illustrasse;
646 4960 801 5017 sicut
831 4960 1013 5017 etiam
1056 4960 1326 5031 lucerna,
1377 4979 1509 5035 qum
1551 4979 1587 5018 a
1615 4962 1738 5017 sole
1768 4963 1904 5018 illu-

2018 4980 2189 5036 γειαν.
2251 4931 2496 5012 Πάντων,
2534 4931 2710 5013 τοίνυν
2747 4931 2757 4940 ¹
2793 4931 3096 5034 ἀνθρώπων
3181 4931 3569 5035 κεκλημένων,
3616 4931 3678 5018 Ιοἰ

241 5055 484 5120 stratur,
516 5049 736 5107 dicitur
764 5050 1034 5122 periisse,
1063 5066 1132 5107 eo
1164 5050 1323 5124 quod
1370 5068 1492 5109 non
1517 5052 1599 5107 sit
1624 5052 1786 5124 paris
1817 5051 1907 5107 ef-

2019 5050 2318 5104 ὖπακοῦσαι
2352 5039 2735 5123 βουληθέντες,
2770 5070 2800 5100 ι(
2827 5047 3027 5119 κλητοὶ
3051 5051 3164 5123 (33)
3188 5070 3214 5102 ι
3248 5047 3674 5125 ὠνομάσθησαν.

303 5194 455 5261 *P.
496 5195 591 5249 371
639 5196 751 5253 ED.
794 5195 1087 5265 POTTER,
1131 5195 1234 5252 314
1264 5196 1378 5252 ED.
1419 5196 1651 5253 PARIS.
1688 5197 1906 5271 ((1)100

2021 5241 2035 5268 ,
2066 5197 2153 5264 19,
2186 5195 2275 5247 20.
2308 5192 2383 5264 (b)
2413 5192 2628 5265 Ephes.
2662 5210 2738 5265 iv,
2770 5196 2856 5249 18.
2891 5195 2964 5268 (ο)
2989 5195 3015 5250 Ι
3043 5196 3174 5251 Cor.
3204 5213 3248 5264 ι,
3278 5196 3474 5254 21-24.

303 5340 412 5410 (27)
444 5336 553 5395 Καὶ
583 5336 706 5412 περὶ
738 5336 971 5412 τούτων.
1005 5341 1176 5412 Forte
1221 5339 1310 5394 καὶ
1364 5336 1452 5394 ἐπὶ
1501 5336 1733 5410 τούτων,
1767 5348 1899 5412 «iet

2076 5334 2627 5417 Οὗτος-..δίψει
2656 5355 2691 5396 8.
2732 5339 2757 5393 Ι
2803 5339 2934 5397 Cor.
2987 5339 3117 5396 Mox
3166 5344 3271 5410 τῆς
3327 5339 3542 5417 μωρίας
3574 5344 3674 5397 τοῦ

233 5408 453 5486 dehis,
486 5433 514 5462 ››
550 5418 616 5486 ut
644 5408 824 5486 paulg
856 5427 1037 5486 supra
1066 5408 1154 5486 Eni
1198 5415 1303 5486 τῶν
1356 5415 1684 5486 προφητῶν,
1719 5408 1778 5468 et
1806 5411 1896 5466 ἐπὶ

2018 5430 2075 5480 ιη
2086 5408 2555 5486 ρύγικατοςε-Ῑὶήἀἶ

230 5485 337 5536 τῶν
367 5480 736 5556 κλεπόντῶν.
763 5481 887 5540 Ἐπὶ
912 5480 1110 5539 autem
1133 5484 1196 5556 in
1217 5485 1330 5556 hoc
1360 5480 1650 5556 loquendi
1678 5500 1894 5556 genere

232 5554 421 5634 magis
448 5556 760 5634 convenire
813 5571 991 5634 quam
1039 5554 1188 5634 περί,
1223 5554 1625 5634 liq_uet_etiam
1657 5554 1727 5611 ex
1760 5555 1893 5611 aliis

233 5625 645 5696 scriptoribus,
676 5625 1011 5696 praesertim
1042 5625 1382 5682 Aristotele.
1417 5626 1691 5682 SvLsunc.

305 5694 415 5776 (2t?)
464 5695 575 5776 Τοῦ
617 5694 865 5776 μκόσιμου.
930 5697 1095 5776 vulg.
1154 5698 1280 5776 B_ib.
1327 5699 1352 5753 Ι
1400 5697 1532 5754 Cor.
1585 5713 1625 5766 ι,
1674 5697 1888 5772 majori

230 5765 520 5835 emphasi,
552 5771 648 5821 τοῦ
678 5765 889 5835 κόσμου
918 5765 1142 5824 τούτου.
1182 5770 1457 5827 SYLBURG.

299 5838 413 5909 (29)
443 5836 636 5896 Αὐτόν.
670 5838 828 5909 Θεόν,
857 5841 883 5895 Ι
911 5841 1042 5896 Cor.

491 5856 636 5896 υτον.
670 5856 828 5909 υεον,
857 5856 883 5895 1
911 5856 1042 5896 uor.

2078 5480 2193 5556 (31)
2225 5480 2461 5548 Ἰησοῦν.
2494 5481 2684 5556 Abest
2705 5499 2739 5539 δ.
2766 5483 2920 5556 vulg.
2954 5483 3083 5541 Bid.

2072 5553 2190 5625 (32)
2252 5552 2779 5630 Καταφρονουμένης
2841 5552 3290 5630 ὑπερορωμένης.
3326 5559 3432 5614 Hic
3487 5575 3675 5630 asyn-

2001 5624 2181 5702 deton
2214 5630 2341 5702 est;
2375 5624 2572 5702 quale~
2604 5624 2794 5702 Supra
2832 5624 3111 5702 notatum
3136 5647 3194 5702 Ρ,
3222 5624 3352 5686 ⁷126.
3387 5624 3674 5702 SirLau'nc.

2069 5695 2447 5771 (3_3)_K)mtoi.
2536 5695 2737 5771 qujfl,
2770 5699 2841 5753 24
2865 5717 2878 5754 :
2930 5695 3227 5762 Αύτοῖξδὶ
3254 5707 3373 5771 τοῖς
3402 5698 3672 5771 κλητοῖς,

2000 5764 2371 5847 Ἰουδαίοιςτε
2400 5764 2495 5823 καῖ
2523 5764 2791 5843 Ἕλλησι,
2823 5771 3054 5847 Χριστὸν
3104 5778 3238 5829 Θεοῦ
3286 5764 3542 5847 δύναμιν,
3575 5764 3674 5830 καί

1998 5844 2139 5897 Θεοῦ
2167 5837 2381 5917 σοφίαν.
