4120 6390
356 408 464 464 809

1718 395 2166 453 ΒΤΒΟΗΔΤΠΜ
2209 393 2345 447 LIB.
2387 393 2429 447 Ι.

3684 398 3790 452 810

351 533 415 588 τὸ
474 530 795 609 φιλοσοφεῖν
854 527 1028 604 λέγειν
1087 524 1214 602 περὶ
1272 525 1370 588 τὰς
1419 522 1618 599 τέχνας
1673 521 2016 609 κυπτάζοντα

2138 517 2438 573 Platonis:
2505 542 2525 567 «ι
2587 521 2701 575 Nec
2760 522 3063 579 existimes
3121 541 3215 579 me
3271 524 3467 580 dicere
3525 524 3791 596 philoso-

358 608 640 696 ζῇν,γούδὲ
666 619 1118 690 πολυμαθοῦντα,
1167 615 1315 670 ἀλλά
1362 611 1504 668 ἄλλο
1557 631 1630 666 τι·
1680 610 1796 666 ἐπεὶ
1850 608 2023 684 ἔγωγε

357 709 516 784 ᾤμην
575 710 666 764 καὶ
722 705 932 769 ὄνειδος
988 708 1146 762 εἶναι.
1202 728 1228 756 ››
1282 702 1434 772 ᾟδει
1486 703 1610 777 γὰρ,
1663 700 1840 773 οἶμαι,
1889 697 2022 759 «ὡς

357 800 459 873 ἄρα
488 804 603 872 (50)
636 795 747 868 ἤδη
799 796 1101 868 πολυμαθῆ
1148 793 1270 848 νόον
1303 790 1440 867 ἔχει.
1477 791 1506 845 ὅ
1546 787 1786 846 διδάσκει
1817 812 1844 842 ι
1904 798 2021 850 καθ’

353 886 737 965 Ἡρακλειτον.
795 888 892 943 Ἐν
958 905 1017 939 τε
1073 887 1152 954 τῷ
1209 883 1244 936 ε’
1302 888 1404 950 τῆς
1455 877 1764 939 Πολιτείας·
1811 901 1838 928 ι(
1872 875 2022 933 Τού-

350 999 479 1040 τους
514 983 632 1049 (51)
689 976 784 1031 οὖν
833 975 1066 1041 πάντας,
1121 971 1279 1048 φησὶ,
1337 969 1428 1024 καὶ
1486 968 1695 1030 ἄλλους
1752 965 2019 1021 τοιούτων

355 1072 518 1124 τινῶν
598 1063 1043 1140 μαθηματικοὺς,
1119 1061 1209 1116 καὶ
1283 1063 1391 1114 τῶν
1472 1055 1808 1134 τεχνυδρίων
1885 1057 2018 1127 (52),

358 1155 700 1232 φιλοσόφους
758 1155 1052 1225 θήσομεν;
1109 1146 1423 1220 Οὐδαμῶς,
1475 1146 1619 1202 εἶπεν
1682 1149 1832 1232 (53),
1891 1140 2020 1232 ἀλλ’

358 1229 592 1318 δμοίους
629 1243 726 1316 μὶν
769 1238 1120 1320 φιλοσόφοις.
1173 1236 1317 1299 Τοὺς
1352 1233 1397 1290 δ’
1427 1233 1743 1305 ἀληθινοὺς,
1775 1231 1902 1310 ἔφη,
1931 1229 2018 1320 τί-

356 1355 450 1396 νας
482 1332 704 1408 λέγειςς
759 1329 904 1392 Τοὺς
950 1333 1050 1394 τῆς
1093 1325 1376 1396 ἀληθείας,
1409 1324 1474 1394 ἦν
1527 1322 1574 1379 δ’
1620 1323 1726 1400 ἐγὼ
1757 1319 2020 1400 φιλοθεά-

361 1443 553 1496 μονας.
591 1445 619 1473 ››
650 1420 727 1478 Οῦ
784 1421 886 1496 γὰρ
949 1417 999 1472 ἐν
1041 1417 1353 1492 γεωμετρίᾳ
1408 1419 1543 1484 (54),
1593 1413 1871 1486 αἰτήματα
1925 1410 2012 1465 καὶ

363 1513 642 1576 ὑποθέσεις
689 1508 922 1584 ἐχούσῃ,
956 1505 1256 1585 φιλοσοφία
1313 1501 1428 1559 οὐδ’
1485 1502 1535 1557 ἐν
1575 1504 1832 1576 μουσικῇ,
1888 1519 2016 1554 στο-

356 1603 596 1676 χαστικῇ
656 1620 717 1674 γε
784 1595 922 1672 οὔσῃ
958 1614 970 1628 ⁸
1034 1593 1148 1651 οὐδ’
1206 1593 1258 1649 έν
1315 1591 1670 1669 ἀστρονομίᾳ,
1730 1593 2012 1669 φυσικῶν,

353 1675 444 1745 καὶ
501 1689 754 1765 ῥεόντων,
803 1687 894 1742 καὶ
945 1685 1170 1740 εῗκότων
1204 1678 1506 1758 βεϐυσμένῃ
1554 1681 1758 1754 λόγων·
1791 1677 1918 1734 ἀλλ’
1949 1675 2015 1732 αῦ

353 1783 451 1834 τοῦ
494 1778 700 1852 ἀγαθοῦ
757 1774 826 1830 δι’
855 1773 1166 1846 ἐπιστήμης
1197 1775 1309 1844 (55)
1340 1770 1429 1824 καὶ
1459 1777 1559 1839 τῆς
1594 1767 1876 1838 ἀληθείας,
1910 1766 2016 1820 ἑτέ-

2131 609 2323 680 phari,
2373 607 2433 661 in
2485 613 2642 664 artes
2692 610 3136 668 incumbentem
3188 615 3398 681 vivere,
3450 631 3560 670 nec
3598 616 3789 671 multa

2130 696 2360 752 discere
2390 705 2768 769 appetentem
2798 718 2812 766 ;
2843 701 3033 756 absit:
3071 719 3208 757 nam
3241 719 3344 776 ego
3386 703 3626 774 quidem
3677 705 3787 761 hoc

2132 789 2413 860 probrum
2430 805 2558 844 esse
2572 790 2881 847 ducebam.
2902 817 2930 843 ››
2951 794 3180 849 Sciebat
3203 796 3383 858 enim,
3403 802 3469 850 ut
3489 796 3784 863 existimo,

2132 902 2158 927 ‹‹
2187 895 2321 932 eum
2345 878 2671 934 multarum
2694 899 2894 936 rerum
2920 885 3348 955 scientemjam
3372 884 3591 941 habere
3614 903 3786 941 men-

2133 972 2272 1034 tem,
2307 967 2465 1038 quod
2490 967 2681 1034 docet,
2719 992 2746 1019 ››
2778 976 2844 1025 ut
2874 976 2964 1026 est
2994 973 3270 1028 Heracliti
3295 975 3612 1030 sententia.
3634 977 3703 1028 Et
3724 975 3790 1030 in

2131 1057 2339 1126 quinto
2355 1057 2728 1127 Derepublica
2750 1076 2768 1112 :
2785 1081 2807 1110 ι
2833 1061 3108 1131 Nunquid
3127 1062 3307 1133 igitur
3325 1063 3490 1130 istos,
3518 1085 3545 1110 ι»
3570 1063 3785 1134 inquit,

2131 1167 2158 1194 «
2189 1161 2419 1209 omnes,
2443 1151 2501 1199 et
2522 1145 2670 1200 alios
2690 1146 2984 1218 ejusmodi
3010 1167 3102 1204 res
3125 1151 3491 1222 percipiendi
3517 1152 3786 1223 cupidos,

2128 1233 2356 1288 artibus
2388 1234 2693 1290 vilissimis
2733 1236 3170 1301 incumbentes,
3222 1239 3609 1311 philosophos
3633 1240 3790 1296 dice-

2128 1339 2261 1378 mus
2274 1322 2300 1378 ?
2315 1324 2721 1394 Nequaquam,
2741 1327 3021 1398 ninquit,«
3034 1328 3135 1382 sed
3151 1329 3377 1384 similes
3393 1329 3784 1401 philosophis.

2133 1413 2309 1466 Veros
2328 1419 2549 1480 autem,
2567 1439 2588 1463 ι
2611 1414 2826 1485 inquit,
2849 1417 3284 1488 «philosophos
3305 1435 3592 1489 quosnam
3610 1419 3789 1474 dicis?

2127 1503 2259 1568 Eos,
2293 1503 2540 1573 inquam
2565 1520 2691 1576 ego,
2717 1505 2816 1575 qui
2841 1507 3102 1561 veritatis
3125 1507 3497 1562 delectantur
3520 1514 3784 1563 contem-

2126 1591 2389 1662 platione
2446 1615 2472 1640 ››
2506 1594 2632 1647 Non
2665 1594 2824 1648 enim
2869 1595 2927 1648 in
2977 1597 3316 1666 geometrias
3365 1597 3680 1668 postulatis
3729 1602 3788 1652 et

2128 1681 2558 1752 hypothesibus
2571 1688 2660 1736 est
2681 1683 3058 1755 philosophia
3080 1706 3093 1751 ;
3112 1703 3305 1756 neque
3321 1686 3380 1739 in
3398 1687 3783 1757 musica,qum

2126 1769 2369 1840 quidem
2401 1776 2491 1825 est
2521 1773 2986 1843 conjecturalis;
3039 1791 3233 1846 neque
3285 1777 3344 1829 in
3393 1776 3782 1840 astronomia,

359 1888 466 1943 ρων
506 1866 600 1940 μὲν
647 1865 820 1920 ὅντων
849 1863 1087 1938 τάγαθοῦ
1130 1857 1270 1916 ὁδῶν
1305 1863 1418 1933 (56)
1453 1859 1655 1959 ωσπερ
1687 1854 1744 1911 δὶ
1774 1855 1862 1911 ἐπὶ
1918 1856 2015 1910 τά-

2138 1877 2257 1930 quze
2285 1861 2678 1928 naturalibus,
2714 1863 3030 1934 ﬂuxisque,
3057 1870 3113 1917 et
3135 1865 3557 1920 verisimilibus
3587 1872 3677 1920 est
3697 1883 3786 1920 re-

357 1955 564 2031 γαθόν.
619 1955 770 2008 ”Ωστ’
829 1949 944 2007 οὐδ’
999 1951 1161 2014 αὐτὸς
1215 1950 1313 2016 τὴν
1371 1972 1399 2000 ι(
1450 1945 1740 2021 ἐγκύκλιον
1802 1968 1830 1997 ››
1887 1965 2012 1998 παι-

360 2044 506 2102 δείαν
539 2050 653 2118 (57)
701 2043 975 2099 συντελεῖν
1029 2041 1166 2116 πρὸς
1198 2037 1428 2115 τάγαθόν
1465 2036 1708 2106 δίδωσιν,
1742 2040 2013 2112 συνεργεῖν

361 2132 419 2190 δὲ
492 2135 629 2208 πρὸς
687 2135 749 2188 τὸ
814 2130 1096 2206 διεγείρειν
1161 2130 1252 2184 ’καὶ
1311 2129 1699 2203 συγγυμνάζειν
1759 2125 1894 2201 πρὸς
1950 2124 2018 2179 τὰ

357 2226 529 2295 νοητὰ
584 2225 684 2292 τήν
739 2223 950 2296 ψυχήν.
1005 2219 1118 2276 Εἶτ’
1149 2218 1240 2272 οὗν
1290 2217 1426 2272 κατᾶ
1470 2214 1805 2288 περίπτωσίν
1857 2234 2016 2291 φασιν

359 2311 794 2390 ἀποφθέγξασθαί
851 2329 970 2364 τινα
1021 2315 1121 2378 τῆς
1188 2305 1431 2378 ἀληθοῦς
1487 2303 1816 2384 φιλοσοφίας
1886 2308 2016 2364 τοὺς

356 2400 680 2473 Ἓλληνας,
761 2399 908 2461 Θείας
988 2396 1309 2470 οἷ’κονομίας
1391 2399 1425 2464 ἡ
1509 2393 1864 2468 περίπτωσις’
1953 2392 2015 2448 οῦ

361 2492 464 2567 γὰρ
520 2489 863 2563 ταύτόματον
919 2486 1180 2550 έκθειάσει
1240 2506 1324 2549 τις
1380 2482 1469 2538 διὰ
1523 2485 1624 2552 τὴν
1682 2483 1820 2557 πρὸς
1867 2484 2015 2555 ἡμᾶς

362 2578 688 2654 φιλοτιμίαν
793 2575 898 2631 sifts
966 2577 1102 2630 κατά
1174 2572 1482 2649 συντυχίαν,
1557 2571 1655 2626 οὐκ
1737 2569 2014 2644 ἀπρονόη-

359 2689 452 2730 τος
501 2670 535 2737 ἡ
595 2666 880 2740 συντυχία·
917 2662 1015 2718 εἴτ’
1079 2662 1144 2717 αὗ
1204 2662 1436 2736 φυσικὴν
1483 2658 1688 2716 ἔννοιαν
1722 2659 2014 2734 ἐσχηκέναι

357 2756 486 2820 τοὺς
519 2753 804 2827 Ἕλληνας
836 2752 1013 2830 λέγοι,
1039 2752 1131 2808 τὸν
1162 2759 1265 2822 τῆς
1312 2750 1524 2828 φύσεως
1557 2747 1904 2824 δημιουργὸν
1928 2744 2020 2803 ἕνα

359 2847 726 2921 γινώσκομεν’
760 2844 895 2907 καθὸ
923 2842 1014 2897 καὶ
1052 2841 1151 2910 τήν
1186 2838 1533 2908 δικαιοσύνην
1584 2839 1815 2916 φυσικήν
1867 2837 2019 2911 εἰρή-

358 2955 551 3010 καμεν·
586 2933 694 2990 εἶ’τε
727 2935 834 3008 μὴν
868 2932 1047 2988 κοινὸν
1097 2929 1389 3006 ἐσχηκέναι
1437 2932 1586 2998 νοῦν,
1629 2926 1712 2990 τίς
1763 2927 1791 2982 ὁ
1821 2926 2020 2981 τούτου

357 3026 560 3100 πατῆρ,
618 3024 709 3079 καὶ
766 3022 848 3086 τίς
908 3020 1044 3076 κατά
1089 3020 1190 3088 τήν
1220 3023 1317 3073 τοῦ
1345 3022 1442 3073 νοῦ
1499 3014 1762 3088 διανομὴν
1811 3013 2018 3071 δικαιο-

359 3115 932 3185 σόνη,σκοπήσωμεν.
989 3112 1088 3165 "Av
1139 3110 1244 3185 γὰρ
1305 3133 1331 3161 α
1383 3106 1844 3182 προαναφώνησίν
1878 3129 1905 3156 ››
1934 3125 2017 3167 τις

360 3201 510 3278 εἷ’πῃ.
571 3203 660 3258 καὶ
715 3225 739 3256 α
775 3200 1174 3277 συνεκφώνησιν
1214 3222 1241 3249 ››
1291 3197 1626 3266 αἰτιάσηται,
1681 3194 2018 3269 προφητείας

362 3289 480 3361 εἷ’δη
543 3291 716 3366 Λέγει.
775 3289 879 3348 Ναὶ
938 3291 1044 3361 μὴν
1099 3288 1218 3340 κατ’
1273 3284 1505 3363 ἔμφασιν
1556 3283 1816 3354 ἀληθείας
1848 3281 2019 3340 ἄλλοι

361 3381 613 3436 θέλουσιν
649 3378 899 3454 εἰρῆσθαί
926 3397 1051 3432 τινα
1089 3381 1204 3437 τοῖς
1263 3373 1605 3452 φιλοσόφοις.
1650 3373 1714 3430 Ὀ
1775 3374 1869 3446 μὶν
1926 3373 2017 3428 οὗν

359 3469 638 3530 θεσπέσιος
688 3462 1025 3527 Ἀπόστολος
1055 3465 1136 3543 ἐφ’
1182 3467 1345 3536 ἡμῶν
1389 3477 1606 3540 γραφει·
1668 3487 1697 3514 ‹‹
1733 3461 2017 3535 Βλέπομεν

359 3559 464 3635 γὰρ
524 3562 616 3613 νῦν
677 3558 752 3618 ὡς
785 3554 854 3611 δι’
885 3555 1154 3630 ἐσόπτρου
1188 3556 1321 3626 (58),
1384 3577 1412 3604 ι)
1461 3553 1578 3606 κατ’
1609 3551 1903 3606 ἀνάκλασιν
1937 3551 2021 3606 ἐπ’

358 3645 526 3702 αὐτοῦ
575 3645 799 3707 ἑαυτοὺς
839 3644 1225 3720 γινώσκοντες,
1273 3640 1376 3696 κάκ
1429 3645 1530 3694 τοῦ
1579 3639 1632 3695 ἐν
1676 3643 1813 3713 ἡμῖν
1874 3640 2019 3704 θείου

353 3739 416 3793 τὸ
474 3736 766 3808 ποιητικὸι
824 3731 999 3788 α’ίτιον
1032 3775 1047 3801 ,
1107 3733 1184 3793 ὡς
1242 3730 1357 3785 οἷόν
1415 3751 1512 3796 τε,
1565 3731 2014 3805 συνθεωροῦντες.

424 3865 488 3930 ἰα
516 3859 579 3912 P.
615 3855 717 3909 374
759 3854 871 3908 ED.
906 3850 1202 3916 POTTER,
1235 3849 1336 3903 316
1366 3848 1478 3902 ΕΙ).
1513 3847 1742 3902 PARIS.

429 3970 541 4043 (5U)
571 3969 661 4029 Ὠς
720 3965 842 4041 ἄρα.
907 3968 977 4043 H_
1029 3983 1175 4043 ms.,_
1215 3963 1444 4043 tbcjipa
1499 3960 1844 4043 πολυμαθεια
1894 3961 2016 4043 νόον

358 4035 500 4112 ἔχει.
526 4035 913 4112 'SvLBURc._—
946 4035 1672 4112 Secundum_Menagium,
1710 4035 1839 4112 loco
1891 4037 2020 4112 jam

359 4103 537 4178 dicto,
573 4110 956 4167 scribendum
984 4127 996 4163 :
1049 4108 1124 4171 ὡς
1154 4106 1258 4180 ἄρα
1285 4109 1320 4174 ἡ
1353 4103 1700 4181 «cicadam
1730 4107 1854 4160 νόον
1889 4103 2019 4181 ὁύχὶ

361 4181 603 4237 διδάσκει
637 4206 664 4232 ‹‹
699 4183 858 4252 quod
892 4181 1213 4252 multarum
1247 4180 1722 4252 rerum‘scientia
1754 4180 2020 4235 mentem

361 4273 482 4310 non
513 4255 684 4310 docet
720 4245 758 4301 ἰ»
785 4253 980 4307 Malim
1004 4267 1161 4316 vero,
1191 4251 1264 4310 ὼς
1291 4249 1392 4320 ἄρα
1429 4245 1532 4317 ἤδη
1565 4249 1862 4320 πολυμαθῆ
1893 4253 2018 4304 νόον

361 4323 534 4400 ἔχειν,
568 4325 631 4379 οὐ
659 4321 918 4377 διδάσκει·
955 4348 981 4373 ι(
1008 4322 1172 4400 Quod
1196 4323 1517 4400 multarum
1540 4339 1735 4400 rerum
1770 4323 2020 4400 peritam

362 4394 580 4453 habere
622 4404 900 4452 mentem.
938 4412 1056 4450 non
1087 4394 1278 4449 docet.
1315 4417 1342 4442 »
1374 4395 1518 4448 Nam
1549 4394 1660 4449 hoc
1685 4395 1925 4466 propius
1947 4394 2020 4450 ad

363 4469 540 4525 verba
596 4468 920 4524 Clementis
975 4466 1241 4522 accedit:
1294 4472 1352 4520 et
1398 4481 1467 4520 eo
1518 4466 1694 4520 modo
1741 4467 2020 4522 Heracliti

361 4542 586 4612 dictum
622 4539 870 4612 protulit
899 4539 1221 4594 Athenasus
1251 4537 1360 4612 sub
1394 4538 1585 4612 finem.
1611 4537 1746 4592 libri
1779 4554 1911 4612 xm;

362 4605 988 4684 Πουλυμοίθημοσῦνης,
1076 4615 1198 4684 τῆς
1231 4607 1328 4684 ὀὗ
1375 4677 1387 4684 _
1424 4607 1755 4684 Δκενεώτερον
1822 4605 2022 4684 οὐδὲν,

358 4677 568 4740 Ἵππων
791 4684 818 4736 ὁ
868 4677 1044 4760 ἄθεος·
1095 4678 1254 4760 ⁸,ἀλλά
1301 4677 1783 4760 καὶζΗ“;.ἀκλειτο-ς

361 4748 872 4835 φησι.μ1εολσδ’μαθῆ
929 4753 1054 4808 νόον
1093 4749 1266 4827 ἔχειν,
1314 4751 1375 4807 οῦ
1411 4748 1704 4808 διδάσκειν.
1742 4751 1846 4808 Καὶ
1882 4753 1909 4807 ὁ
1940 4752 2024 4807 Τί-

365 4824 480 4903 μων
514 4827 571 4884 δὶ
599 4824 724 4906 ἔφη·

947 4898 1036 4952 Ἐν
1067 4891 1124 4949 δὲ
1163 4893 1486 4966 πλατυσμὸς

362 4969 974 5042 Πουλυμαθημοσῦνης,
1005 4969 1104 5034 τῆς
1136 4967 1200 5021 οὐ
1229 4962 1558 5040 κενεώτερον
1592 4962 1754 5022 ἄλλο.

365 5086 390 5112 ‹‹
428 5063 608 5118 Multa
636 5062 903 5130 variaque
931 5060 1204 5118 doctrina.
1236 5074 1347 5128 qua
1374 5058 1458 5112 nil
1488 5065 1564 5113 est
1591 5060 1807 5126 vanius,

369 5151 519 5206 dixit
565 5151 818 5221 Hippon,
871 5148 1082 5221 atheus
1107 5163 1136 5221 :_
1172 5145 1408 5221 divinus
1440 5153 1636 5221 autem
1671 5147 2023 5221 Heraclitus,

367 5222 521 5278 nihil
569 5217 802 5287 docere,
853 5220 956 5280 ait,
1015 5218 1332 5290 multiplici
1367 5217 1640 5275 doctrina
1669 5219 2026 5276 instructam

368 5301 650 5350 mentem.
677 5293 832 5359 Quin
866 5299 924 5347 et
953 5293 1160 5346 Timon
1192 5290 1378 5345 dixit:

832 5384 977 5437 Inest
1006 5388 1188 5435 autem
1215 5379 1576 5450 ampliﬁcatio

683 5455 869 5510 Multa
901 5454 1189 5508 doctrinae.
1223 5469 1333 5522 qua
1362 5452 1447 5506 nil
1475 5454 1672 5507 vanius
1703 5458 1798 5509 est.
1830 5473 1858 5505 ι

364 5544 640 5614 Plerique
662 5542 773 5598 hoc
796 5541 983 5614 (modo
1009 5539 1284 5614 Heracliti
1321 5540 1681 5614 sententiam
1715 5541 2027 5612 proferunt

363 5609 690 5683 Πολυμαθίη
743 5613 872 5667 νόον
920 5612 982 5666 οὐ
1034 5609 1296 5665 διδάσκει·
1332 5617 1400 5666 ut
1431 5609 2024 5684 Laertius'principio

360 5688 665 5752 Heracliti;
699 5686 971 5741 Julianus
994 5685 1332 5756 imp.orat.76
1353 5703 1365 5747 ;
1389 5683 1882 5740 Gelliuslib.'ult.c
1913 5685 2021 5738 ult.

431 5762 542 5828 (51)
575 5756 838 5817 Τοῦτους.
893 5759 1024 5812 Hanc
1057 5755 1209 5827 apud
1246 5755 1557 5828 Platonem
1591 5762 1826 5828 exstant
1859 5757 1957 5811 lib.
1993 5773 2026 5809 v

363 5825 654 5904 De‘repub.
691 5848 748 5904 p.
806 5832 931 5896 667,
977 5825 1238 5901 itemque
1287 5826 1446 5900 apud
1485 5825 1921 5886 Theodoretum
1953 5829 2026 5884 De

642 5951 918 6012 ΡΑι-ιιοι.
967 5948 1080 6010 ϐε.
1126 5944 1288 6010 Vlll.

2051 3261 2094 3328 C

2055 4511 2098 4574 Β

2120 1948 2272 2005 ferta
2313 1950 2646 2005 rationibus
2674 1968 2688 2016 ;
2721 1951 2825 2006 sed
2857 1969 3006 2022 opus
3038 1959 3129 2007 est
3159 1954 3346 2025 ipsius
3373 1954 3510 2008 boni
3536 1955 3786 2009 scientia

2124 2045 2182 2092 et
2206 2040 2451 2094 veritate
2477 2059 2490 2106 ;
2527 2057 2661 2095 cum
2693 2040 2825 2095 aliaa
2849 2041 3091 2112 quidem
3116 2043 3238 2097 sint
3259 2043 3400 2097 boni
3424 2044 3553 2109 viae,
3574 2059 3786 2114 quem-

2123 2127 2444 2183 admodum
2497 2129 2571 2184 ad
2624 2129 2872 2184 bonum.
2923 2132 3115 2196 Quare
3165 2148 3274 2186 nec
3323 2133 3448 2203 ipse
3497 2133 3781 2188 doctrinm

2123 2217 2351 2278 orbem.
2371 2235 2550 2288 quem
2568 2225 2781 2274 vocant
2806 2242 2832 2267 ››
2860 2220 3385 2292 encyclopaediam,
3411 2246 3432 2273 ι
3463 2222 3535 2277 ad
3555 2222 3782 2277 bonum

2122 2306 2245 2361 vult
2277 2306 2574 2374 sufﬁcere,
2611 2307 2714 2362 sed
2736 2306 3023 2363 duntaxat
3045 2326 3218 2380 opem
3245 2309 3398 2365 ferre
3421 2310 3494 2365 ad
3517 2312 3783 2367 excitan-

2123 2395 2257 2450 dam
2292 2401 2352 2450 et
2381 2396 2774 2452 exercendam
2807 2398 3068 2453 animam
3101 2398 3174 2454 ad
3195 2415 3264 2454 ea
3285 2417 3416 2470 quaa
3440 2401 3786 2471 percipiun-

2124 2490 2220 2539 tur
2245 2484 2664 2556 intelligentia.
2694 2485 2825 2540 Sive
2859 2503 2995 2558 ergo
3029 2487 3235 2542 dicunt
3285 2489 3515 2542 Gramos
3568 2488 3784 2544 divinas

2122 2573 2516 2645 philosophia:
2550 2591 2680 2629 esse
2712 2592 2852 2630 casu
2883 2575 3113 2646 aliquid
3154 2577 3418 2632 elocutos
3446 2595 3459 2645 ;
3494 2595 3666 2634 casus
3699 2584 3790 2634 est

2123 2662 2196 2717 ad
2231 2662 2491 2717 divinam
2524 2663 3033 2735 dispensationem
3059 2665 3447 2721 referendus:
3479 2685 3601 2722 non
3629 2669 3790 2723 enim

2121 2757 2366 2824 propter
2396 2767 2548 2817 eam,
2582 2769 2715 2822 quaa
2749 2753 3061 2809 nobiscum
3095 2755 3430 2823 intercedit,
3464 2757 3792 2812 contentio-

2124 2857 2286 2907 nem,
2318 2857 2522 2896 casum
2556 2841 2691 2912 quis
2722 2841 2783 2897 in
2811 2842 2954 2898 deos
2985 2844 3221 2899 referet.
3265 2845 3392 2900 Sive
3425 2863 3493 2901 ex
3527 2847 3784 2918 fortuna,

2125 2945 2194 2985 ea
2218 2929 2458 2985 fortuna
2485 2946 2606 2984 non
2640 2937 2728 2985 est
2760 2947 2969 3002 expers
2996 2933 3400 3003 prov1dentiaa.
3426 2936 3556 2990 Sive.
3579 2953 3785 2991 rursus

2125 3019 2286 3074 dicat
2315 3020 2530 3075 Graecis
2563 3020 2858 3092 ingenitas
2886 3038 3015 3077 esse
3039 3023 3345 3079 naturales
3367 3025 3655 3095 quasdam
3679 3042 3785 3081 no-

2125 3110 2340 3175 tiones,
2393 3125 2579 3164 unum
2611 3116 2839 3165 natura:
2871 3113 3288 3184 cognoscimus
3321 3115 3595 3186 opificem
3623 3133 3635 3170 :
3670 3133 3788 3187 qua

2129 3203 2361 3254 ratione
2394 3215 2525 3253 esse
2555 3215 2792 3269 quoque
2824 3200 3158 3256 naturalem
3190 3201 3788 3275 diximusjustitiam.

2132 3287 2261 3341 Sive
2277 3292 2538 3342 mentem
2555 3287 2674 3342 illis
2695 3288 2892 3343 inesse
2908 3289 2970 3352 ›ι‹
2987 3306 3365 3346 communem
3393 3309 3405 3346 :
3425 3294 3700 3363 quisnam
3717 3295 3795 3349 sit

2131 3377 2260 3448 ejus
2291 3383 2479 3447 pater,
2512 3381 2570 3431 et
2599 3393 2732 3446 qum
2761 3378 2839 3431 sit
2870 3378 2931 3432 in
2964 3380 3092 3449 ejus
3124 3381 3344 3434 mentis
3370 3381 3790 3438 distributione

2122 3464 2359 3536 justitia
2388 3464 2858 3520 consideremus.
2884 3467 2940 3520 Si
2975 3468 3109 3537 quis
3135 3469 3295 3524 enim
3321 3470 3537 3525 dixerit
3555 3491 3788 3542 προανα-

2129 3553 2399 3626 φώνησιν,
2434 3553 2546 3608 hoc
2596 3559 2682 3608 est
2729 3576 2757 3603 «
2809 3555 3280 3626 przedictionem,
3333 3581 3359 3607 »
3411 3565 3468 3613 et
3514 3559 3789 3635 συνεκφώ·

2127 3663 2310 3712 νησιν,
2344 3643 2404 3698 id
2457 3650 2546 3699 est
2595 3667 2623 3693 «
2675 3645 3057 3715 conjunctam
3109 3650 3500 3718 vocationem,
3552 3673 3579 3700 »
3630 3651 3792 3706 velut

2130 3749 2372 3788 causam
2397 3733 2680 3806 assignet,
2713 3733 2860 3788 dicit
2881 3735 3112 3806 species
3137 3739 3482 3811 prOphetiae.
3508 3743 3698 3812 Atque
3723 3757 3793 3796 ex

2129 3965 2361 4041 eamad.
2397 3965 2582 4035 Gra’g.
2602 3967 3046 4041 a/f'ect.,_serm.
3088 3973 3182 4041 l,p
3210 3972 3331 4026 470.
3357 3973 3538 4027 Porro
3563 3972 3792 4036 τούτους

2131 4037 2225 4090 οὗν
2261 4037 2498 4098 ἅπαντας
2527 4037 2616 4090 καὶ
2647 4035 2776 4097 τοὺς
2800 4035 3008 4098 ἄλλους
3039 4059 3089 4094 τ.
3127 4035 3304 4096 habet
3333 4045 3679 4100 Theodoret.

2202 4112 2324 4196 (52).
2363 4107 2466 4196 Κοιιί
2496 4112 2603 4161 τῶν
2629 4179 2641 4196 ἢ
2661 4128 2782 4196 τεχ.
2845 4111 3236 4196 Scribendum
3297 4116 3791 4196 exAPlatoneJet

2131 4181 2520 4256 Theodoreto,
2554 4179 2643 4256 καὶ
2675 4179 2802 4240 τοῦς
2832 4185 2939 4234 τῶν
2979 4181 3332 4256 τεχνυδρίων.
3368 4187 3550 4251 Quam
3587 4188 3791 4243 lectio-

2132 4269 2269 4306 nem
2303 4253 2527 4336 habere
2557 4254 2618 4307 Η.
2652 4269 2761 4308 ms.
2797 4253 3370 4336 testatnr'Sylburh.
3414 4289 3454 4298 --
3497 4261 3646 4328 Mox,
3681 4260 3788 4336 φή-

2131 4343 2298 4394 σομεν
2326 4341 2430 4396 ριό
2463 4324 2702 4394 θήσομεν
2735 4323 2892 4394 apud
2924 4326 3071 4380 Plat.

2202 4395 2341 4464 (53f
2377 4395 2557 4450 Εῖπεν.
2620 4396 3007 4451 Scribendum
3071 4414 3140 4452 ex
3195 4399 3441 4455 Platone
3485 4407 3543 4455 et
3571 4403 3790 4459 Theod.

2132 4465 2307 4592 ἓξττέονι
2338 4468 2514 4539 prim.
2552 4484 2708 4539 pers.
2763 4484 2880 4538 qua
2931 4476 3136 4540 postea
3194 4469 3408 4526 iter-tm
3439 4474 3676 4529 utitur:
3723 4473 3791 4543 ἦν

2237 4560 2337 4592 γω.

2274 4560 2337 4591 (ι).

2208 4561 2428 4680 ΞΣ)θού
2451 4607 2554 4682 γὰρ
2576 4607 2828 4688 ᾔνιγεωμ.
2856 4611 3151 4688 Hactenus
3174 4612 3354 4688 Plato,
3381 4617 3519 4680 Quae
3539 4634 3795 4688 sequun-

2135 4687 2233 4736 tur
2280 4679 2474 4752 usque
2519 4680 2594 4736 ad
2641 4679 2836 4753 ἑτέρων
2889 4683 3010 4752 μέν,
3043 4684 3366 4741 Clementis
3398 4679 3582 4743 nostri
3619 4679 3796 4747 verba

2135 4761 2313 4808 sunt:
2354 4771 2424 4808 ea
2445 4761 2666 4820 tamen,
2700 4759 2984 4824 tanquam
3017 4755 3304 4824 Platonis,
3339 4760 3626 4824 recitavit,
3663 4763 3792 4818 loco

2128 4827 2254 4898 jam
2284 4825 2462 4888 dicto,
2518 4824 2959 4906 Theodoretus:
3007 4843 3076 4882 ea
3124 4845 3340 4901 nempe
3395 4849 3425 4887 e
3465 4833 3795 4906 Clemente,

2136 4914 2242 4968 pro
2273 4904 2962 4968 more‘suotmutuatus.

2208 4971 2329 5048 (ὃὸ),
2377 4962 2918 5048 Ἀλ,λ’ςξ’³,3τοῦ,ἀγ;
2978 4965 3172 5048 διζέτῖ-
3236 4973 3626 5048 ββτίξεηάυπη
3683 4989 3844 5048 οΡθ’

2135 5035 2512 5118 Theodoreti,
2571 5035 2698 5118 ἀλλ’
2727 5035 2918 5118 αὐτοῦ
2964 5041 3060 5094 τοῦ
3121 5041 3326 5118 ἀγαθοῦ
3375 5042 3458 5098 δεῖ
3486 5035 3798 5118 ὲπιστήμιης

2135 5111 2220 5164 καὶ
2254 5112 2354 5186 τῆς
2378 5109 2544 5179 ἀληθ.
2579 5112 2743 5186 Quod
2776 5113 2980 5186 Latine
3016 5109 3436 5186 expressimus.

2379 5187 2590 5236 ’Ὄντων
2636 5183 2870 5254 τάγαθοῦ
2924 5181 3346 5242 ὁδῶνί⁹Όντων
3403 5195 3462 5244 et
3491 5185 3633 5241 ὁδῶν
3691 5190 3794 5244 ha-

2135 5254 2283 5310 bent
2311 5255 2673 5310 anomaliam
2706 5257 2960 5316 generis.
3004 5258 3272 5314 SvLacnc.
3310 5290 3374 5300 —
3408 5259 3594 5314 Scribi
3643 5261 3793 5316 forte

2136 5327 2353 5402 melius
2407 5327 2596 5402 possit
2620 5345 2643 5402 :_
2693 5326 3078 5402 :Etépvakv
3135 5326 3305 5382 ὄντων
3338 5330 3638 5402 τάγαθῶν,
3687 5329 3794 5385 ἐτέ-

2137 5417 2243 5474 ρων
2306 5393 2587 5474 δὲ-ῖὸδῷν-
2627 5396 2713 5451 ἐπὶ
2761 5393 3012 5474 τάγαθόν·
3051 5424 3082 5474 _«
3110 5419 3261 5474 cum
3296 5393 3456 5456 aliud
3489 5393 3634 5457 sint,
3666 5403 3796 5474 ipsa

2135 5471 2317 5545 bona,
2346 5469 2508 5525 aliud
2539 5471 2645 5525 via:
2677 5487 2743 5526 ac
2771 5469 2966 5526 media
2996 5472 3067 5525 ad
3110 5472 3351 5545 bonum.
3392 5499 3414 5520 ιι
3448 5469 3794 5545 Cujusmodi

2136 5542 2423 5612 quiddam
2474 5559 2608 5617 cum
2658 5559 2750 5609 ea,
2792 5560 2922 5617 quae
2956 5544 3318 5617 praecedunt,
3353 5549 3477 5598 tum
3529 5542 3669 5617 'quze
3702 5563 3798 5602 se-

2136 5621 2403 5685 quuntur
2436 5614 2640 5685 etiam,
2670 5615 2972 5684 postulare
3003 5614 3276 5669 videntur

2207 5687 2338 5762 (_57)_
2376 5682 2701 5762 Law-spias
2732 5704 2790 5738 π.
2854 5686 3019 5741 Conf.
3081 5703 3211 5756 quas
3243 5687 3399 5741 dicta
3448 5697 3588 5744 sunt
3635 5691 3708 5746 ad
3738 5708 3796 5762 p.

2135 5759 2240 5812 284
2271 5757 2344 5812 ed
2375 5755 2566 5811 Parisl

2211 5830 2322 5901 (58)
2383 5831 2494 5882 Νῦν
2532 5824 2608 5887 ὡς
2643 5821 2714 5879 δι’
2745 5824 2823 5882 ἐσ.
2884 5826 3039 5902 Ἀρτι
3075 5822 3147 5880 δι’
3179 5825 3255 5885 ἐσ.
3292 5830 3312 5886 l
3373 5832 3505 5892 Cor.
3550 5852 3670 5903 xm,
3707 5837 3792 5889 l2.

3434 5952 3515 6010 26
