4120 6388
311 408 419 490 ὲιε

1669 418 2124 488 Momm
2161 431 2298 487 ua.
2339 429 2387 485 ι.

3637 431 3748 489 814

304 560 407 634 ’φία
437 554 573 632 (69),
603 559 721 619 τοῖς
752 552 895 634 ἀμφὶ
923 555 1022 620 τὰς
1058 532 1302 627 ἀἱρέσεις
1355 552 1640 626 δηλονότι·
1675 580 1703 608 ‹‹
1758 556 1973 632 Ἅρτων

2101 560 2354 612 sectatur
2379 556 2659 611 haereses.
2692 552 2880 611 Infert
2925 557 3168 628 itaque:
3204 577 3233 606 «
3275 557 3541 629 Reliquit
3587 559 3749 614 enim

310 648 554 727 κρυφίων
585 644 765 717 ἡδέως
818 641 1045 719 ἅψασθε,
1103 643 1197 700 καὶ
1256 640 1453 709 ὕδατος
1510 642 1729 710 κλοπῆς
1782 642 1983 721 γλυκε-

316 744 418 818 ροῦ
446 743 581 812 Πομ·
618 761 646 790 ››
679 762 707 789 α
743 734 902 811 ἄρτον
937 759 965 787 η
997 733 1089 789 καὶ
1123 758 1151 787 ‹‹
1185 731 1330 806 ὕδωρ
1364 739 1474 808 (7i)
1502 760 1530 787 υ
1564 734 1667 791 οὐκ
1689 734 1772 790 ἐπ’
1795 731 1982 790 ἃλλων

314 834 500 896 τινῶν,
562 824 691 883 ἀλλ’
749 824 786 895 ἢ
844 823 932 880 ἐπὶ
988 829 1096 879 τῶν
1146 826 1294 900 ἄρτῳ
1348 826 1439 880 καὶ
1498 822 1652 881 ὕδατι
1701 825 1841 881 κατὰ
1883 824 1982 892 τὴν

314 917 663 996 προσφορὰν,
728 915 805 990 μὴ
882 913 1020 970 κατὰ
1074 915 1169 969 τὸν
1225 916 1427 971 κανόνα
1469 922 1573 984 τῆς
1634 912 1985 984 Ἐκκλησίας,

315 1006 623 1085 χρωμένων
674 1004 961 1081 αἱρέσεων,
1016 1001 1274 1080 ἐμφανῶς
1328 1005 1635 1074 ταττούσης
1688 1009 1791 1074 τῆς
1849 1009 1986 1078 Γρα-

317 1105 448 1177 φῆς.
480 1095 603 1154 Εἰσῖ
632 1096 738 1171 γὰρ
773 1094 825 1149 οἳ
856 1093 946 1149 καὶ
979 1090 1127 1169 ὕδωρ
1170 1093 1333 1168 ψιλὸν
1386 1091 1802 1171 εὐχαριστοῦσιν
1834 1094 1977 1167 (72).

316 1211 345 1240 ‹‹
409 1183 591 1242 Ἀλλᾶ
655 1180 1038 1254 ἀποπήδησον,
1099 1183 1176 1255 μὴ
1252 1181 1519 1258 χρονίσῃς
1579 1182 1631 1238 ἐν
1705 1185 1785 1254 τῷ
1831 1181 1987 1255 τόπῳ

318 1276 508 1346 αὐτῆς
566 1273 734 1331 τόπον
802 1297 829 1325 ››
878 1275 977 1342 τὴν
1038 1275 1388 1348 Συναγωγήν,
1448 1272 1577 1350 οὐχὶ
1637 1269 1695 1328 δὲ
1749 1272 1985 1343 Ἐκκλη-

318 1368 462 1436 σίαν,
514 1364 830 1439 ὁμωνύμως
880 1368 1198 1440 προσεῖπεν.
1258 1362 1393 1420 Εἶτα
1447 1364 1729 1443 ἒπιφωνεῖ·
1765 1360 1987 1421 «Οὕτω

316 1457 422 1533 γὰρ
479 1450 717 1529 διαϐήσῃ
793 1450 942 1527 ὕδωρ
1000 1450 1322 1528 ἀλλότριον·
1374 1477 1404 1505 ››
1462 1453 1527 1508 τὸ
1586 1453 1868 1530 βάπτισμα
1922 1452 1986 1508 τὸ

316 1545 611 1621 αἱρετικὸν,
644 1542 745 1598 οὐκ
777 1540 979 1597 οἰκεῖον
1010 1542 1104 1597 καὶ
1155 1543 1379 1617 γνήσιον
1431 1537 1579 1618 ὕδωρ
1617 1540 1980 1617 λογιζομὲνη.

308 1626 349 1686 ἀ
384 1632 488 1690 Καὶ
521 1626 806 1708 ὑπερϐήσῃ
829 1631 1077 1705 ποταμὸν
1109 1629 1564 1707 ἀλλότριον,ι›τὸν
1606 1629 1988 1708 παραφέροντα

2089 647 2213 703 vias
2245 663 2367 703 suae
2396 645 2604 714 vineas,
2634 645 2694 701 in
2725 634 2955 701 semitis
2976 652 3176 702 autem
3207 648 3462 719 propriae
3494 649 3748 723 agricul-

2089 741 2237 791 tura:
2268 737 2580 792 aberravit.
2615 758 2644 786 »
2680 737 2775 791 Em
2806 741 3007 791 autem
3039 744 3197 805 sunt,
3232 754 3362 807 quas
3407 738 3749 809 primaevam

2088 825 2414 882 Ecclesium
2444 825 2811 897 relinquunt.
2846 826 2970 881 Jam
3004 842 3139 880 vero
3171 826 3273 898 qui
3295 827 3510 881 cecidit
3540 827 3602 882 in
3624 828 3749 882 has-

2088 915 2293 983 resim,
2327 937 2355 965 u
2390 915 2603 970 transit
2632 932 2738 987 per
2773 914 3159 970 solitudinem
3208 915 3337 970 sine
3386 933 3561 988 aqua,
3598 940 3624 966 ››
3657 934 3751 985 eo,

2092 1005 2192 1076 qui
2222 1021 2357 1061 vere
2387 1005 2543 1060 Deus
2574 1010 2683 1071 est,
2716 1004 2945 1070 relicto,
2981 1020 3016 1060 a
3047 1005 3162 1059 Deo
3207 1004 3498 1074 desertus,
3532 1021 3753 1077 aquam

2094 1110 2370 1166 quaerens
2402 1094 2530 1150 sine
2562 1110 2737 1166 aqua.
2771 1116 2799 1143 «
2833 1110 2956 1149 non
2987 1093 3376 1150 habitabilem
3409 1102 3469 1150 et
3498 1096 3755 1153 sitibun-

2093 1183 2227 1239 dam
2248 1190 2469 1239 terram
2491 1183 2840 1257 pervadens,
2871 1184 3157 1257 colligens
3175 1184 3453 1263 manibus
3475 1185 3757 1243 sterilita-

2093 1280 2213 1329 tem
2244 1274 2564 1330 l'ructuum.
2589 1274 2659 1329 Et
2675 1274 2768 1341 iis,
2794 1273 2895 1344 qui
2918 1279 3126 1329 carent
3146 1273 3483 1345 prudentia,
3497 1274 3704 1344 jubeo,
3728 1301 3748 1325 ι

2092 1362 2291 1435 inquit
2321 1362 2640 1435 Sapientia,
2671 1362 2919 1429 scilicet,
2953 1363 3054 1433 qui
3078 1370 3394 1418 versantur
3419 1363 3481 1418 in
3510 1364 3756 1419 haeresi-

2089 1451 2223 1520 bus,
2259 1474 2285 1503 α
2319 1469 2502 1525 panes
2527 1452 2850 1508 absconsos
2880 1452 3158 1507 lubenter
3182 1454 3424 1526 tangite,
3452 1458 3510 1508 et
3534 1470 3753 1526 aquam

2089 1541 2233 1596 furti
2260 1538 2496 1597 dulcem
2520 1559 2535 1608 ;
2566 1567 2587 1595 ι
2624 1541 2724 1598 ubi
2748 1558 2854 1614 per
2873 1563 2902 1592 ι(
2925 1557 3175 1613 panem»
3203 1548 3263 1596 et
3285 1565 3311 1591 α
3338 1558 3576 1614 aquam,
3600 1564 3625 1594 η
3655 1560 3756 1599 eas

2092 1630 2351 1687 haereses
2392 1631 2551 1686 clare
2598 1636 2769 1687 notat
2810 1631 3132 1702 Scriptura,
3185 1648 3317 1702 qum
3344 1632 3406 1686 in
3450 1632 3758 1687 oblatione

319 1721 413 1777 καὶ
443 1722 818 1797 κατασῦροντα
905 1720 983 1784 είς
1039 1719 1335 1791 θάλασσαν,
1396 1721 1471 1784 είς
1519 1720 1584 1791 ἤν
1617 1717 1897 1776 ἐκδίδοται
1957 1720 1986 1776 ὃ

2101 1736 2244 1792 pane
2275 1726 2335 1776 et
2359 1722 2517 1791 aqua
2545 1718 2721 1776 aliter
2747 1724 3020 1785 utuntur,
3052 1734 3233 1791 quam
3274 1719 3554 1775 Ecclesiae
3577 1737 3760 1776 cano-

315 1812 721 1888 παρεκτραπεῖς
805 1808 866 1866 ἐκ
918 1817 1019 1881 τῆς
1095 1812 1213 1865 κατ’
1269 1808 1533 1880 ἀλήθειαν
1608 1806 1984 1882 ἐδραιότητος,

2101 1810 2270 1866 nibus
2296 1810 2657 1881 pracipitur.
2692 1810 2843 1865 Sunt
2872 1808 3056 1875 enim,
3088 1809 3190 1879 qui
3241 1809 3369 1864 sola
3397 1826 3552 1881 aqua
3577 1815 3758 1865 utun-

318 1900 629 1974 ωνεκρυεῖς
663 1898 818 1962 αὗθις
865 1898 943 1961 είς
997 1899 1065 1953 τὰ
1119 1897 1299 1963 ἐθνικᾶ
1343 1899 1436 1953 καὶ
1468 1900 1669 1955 ἄτακτα
1709 1902 1806 1955 τοῦ
1861 1896 1984 1975 βίου

2101 1904 2192 1956 tur
2220 1900 2281 1954 in
2307 1899 2687 1956 eucharistia.
2735 1922 2755 1948 ι
2792 1898 2904 1954 Sed
2954 1898 3208 1965 resilias,
3260 1915 3336 1954 ne
3368 1900 3471 1954 diu
3504 1900 3754 1955 moreris

317 1989 384 2044 κύ
394 2010 557 2062 ματα.
1256 2054 1259 2057 ν

2101 1989 2154 2044 in
2182 1989 2311 2045 loco
2344 1989 2474 2060 ejus
2500 2006 2513 2043 :
2545 1988 2745 2043 locum
2774 2010 2802 2037 ››
2831 1989 3218 2060 Synagogam,
3248 2005 3369 2043 non
3401 1994 3601 2044 autem
3630 1990 3748 2044 Ec-

314 2080 585 2144 clesiam,
619 2078 920 2151 aaquivoce
953 2079 1293 2151 appellavit.
1319 2078 1543 2135 Deinde
1575 2071 1899 2135 acclamat:
1933 2102 1962 2130 ‹‹
1994 2080 2082 2134 Ita
2108 2079 2269 2133 enim
2291 2077 2557 2151 trajicies
2606 2093 2826 2149 aquam
2856 2077 3150 2132 alienam:
3176 2098 3205 2127 ››
3232 2077 3531 2148 baptisma
3560 2078 3750 2133 hatre-

316 2170 524 2229 ticum.
558 2185 681 2224 non
706 2174 1164 2225 convenientem
1198 2173 1257 2224 et
1284 2182 1627 2241 germanam
1661 2184 1878 2239 aquam
1915 2173 2223 2240 reputans.
2255 2189 2285 2218 α
2318 2169 2390 2222 Et
2435 2164 2831 2223 transmeabis
2888 2165 3133 2222 ﬂuvium
3166 2166 3433 2222 alienum
3460 2172 3555 2234 (a),
3591 2188 3620 2216 »
3652 2166 3762 2238 qui

317 2258 382 2315 in
414 2275 578 2315 mare
612 2257 804 2314 defert
834 2263 894 2313 et
925 2255 1209 2326 detrahit,
1242 2256 1305 2312 in
1338 2257 1498 2329 quod
1528 2255 1820 2329 illabitur,
1854 2257 1957 2330 qui
1988 2257 2227 2313 divertit
2258 2274 2294 2314 a
2339 2256 2664 2313 stabilitate
2722 2256 3007 2325 veritatis,
3061 2273 3268 2312 rursus
3321 2256 3634 2312 continens
3685 2253 3762 2311 ad

311 2347 569 2423 gentiles
602 2352 661 2402 et
688 2344 1066 2403 inordinatos
1097 2346 1231 2402 vitm
1262 2340 1500 2403 ﬂuctus.

1829 2445 2063 2502 CAPUT
2090 2444 2209 2501 XX.

852 2545 1115 2610 Quanam
1145 2545 1363 2599 ratione
1385 2541 1745 2614 philosoPhia
1773 2545 2026 2613 conferat
2046 2544 2120 2600 ad
2146 2543 2352 2599 divinae
2381 2544 2635 2598 veritatis
2664 2542 3215 2612 comprehensionem.

384 2663 473 2722 Ὡς
498 2654 557 2713 δὶ
614 2658 671 2712 οἱ
729 2653 939 2712 πολλοὶ
996 2656 1303 2729 ἄνθρωποι,
1362 2655 1417 2709 οἱ
1472 2653 1828 2717 καθέλκοντες
1882 2656 1985 2725 τὴν

315 2749 467 2815 ναῖον,
494 2744 557 2801 οὐ
588 2743 778 2801 πολλὰ
806 2743 953 2799 αἴτια
984 2741 1224 2818 λέγοιντ’
1256 2743 1341 2811 ἅν,
1373 2740 1501 2799 ἀλλ’
1532 2741 1594 2799 ἐκ
1640 2740 1869 2800 πολλῶν
1902 2741 1985 2798 ατί-

316 2854 435 2889 τιον
463 2828 545 2889 ’ἐν’
579 2833 683 2889 οὐκ
739 2831 854 2889 ἔστι
902 2833 1007 2907 γὰρ
1061 2832 1242 2896 αἳτιος
1290 2827 1515 2894 ἕκαστος
1571 2836 1671 2887 τοῦ
1724 2830 1985 2896 καθέλκε-

320 2925 442 2979 σΘαι
494 2924 595 2994 τήν
652 2926 805 2994 ναῦν,
864 2919 1011 2979 ἀλλὰ
1064 2920 1158 2976 σὺν
1215 2926 1337 2984 τοῖς
1416 2918 1637 2984 ἅλλοις
1700 2921 1844 2977 οὕτω
1895 2920 1988 2978 καὶ

322 3014 358 3084 ἡ
408 3011 733 3091 φιλοσοφία,
765 3012 903 3088 πρὸς
930 3012 1243 3086 κατάληψιν
1299 3016 1402 3080 τῆς
1456 3008 1741 3081 ἀληθείας,
1817 3013 1987 3083 ζήτηο

328 3122 413 3165 σις
458 3101 594 3157 οὖσα
652 3101 940 3173 ἀληθείας,
1001 3094 1470 3173 συλλαμϐάνεται·
1521 3100 1624 3155 οὐκ
1676 3100 1825 3156 αἰτία
1858 3098 1991 3156 οὖσα

2166 2644 2680 2723 Quemadmodum
2711 2661 2911 2712 autem
2939 2657 3111 2712 multi
3159 2656 3455 2723 homines,
3495 2659 3597 2731 qui
3646 2675 3753 2715 na-

2095 2762 2226 2802 vem
2258 2746 2522 2810 trahunt,
2556 2761 2678 2801 non
2708 2744 2826 2800 dici
2858 2752 3111 2818 possunt
3135 2746 3339 2801 multm
3386 2764 3601 2812 causa),
3654 2748 3757 2803 sed

2097 2853 2217 2915 una
2246 2853 2426 2892 causa
2458 2852 2525 2891 ex
2552 2834 2756 2891 multis
2783 2840 3065 2890 constans
3092 2852 3104 2890 :
3130 2852 3249 2891 non
3276 2841 3367 2891 est
3396 2835 3555 2891 enim
3576 2853 3764 2891 unus-

2100 2927 2353 2997 quisque
2384 2940 2580 2989 causa,
2616 2928 2683 2979 ut
2725 2924 2891 2979 navis
2924 2924 3213 2992 trahatur,
3247 2925 3351 2981 sed
3401 2942 3536 2981 cum
3587 2926 3759 2994 aliis;

2098 3014 2181 3071 ita
2199 3015 2376 3070 etiam
2401 3013 2778 3086 phi1050phia
2794 3014 3026 3069 confert
3043 3014 3115 3069 ad
3135 3014 3762 3086 comprehendendam

2099 3104 2430 3167 veritatem,
2463 3119 2599 3159 cum
2630 3102 2708 3158 sit
2754 3102 3063 3174 inquisitio
3095 3100 3384 3169 veritatis,
3438 3120 3557 3159 non
3602 3104 3763 3176 quod

317 3189 704 3266 καταλήψεως,
733 3190 826 3246 σὺν
876 3189 934 3246 δὶ
970 3195 1090 3253 τοῖς
1142 3187 1340 3252 ἃλλοις
1372 3189 1541 3259 αἶ’τία,
1573 3192 1662 3245 καὶ
1703 3190 1983 3265 συνεργός·

2102 3193 2180 3249 sit
2209 3210 2388 3249 causa
2417 3193 2992 3265 comprehensionis,
3028 3193 3131 3249 sed
3166 3210 3345 3249 causa
3366 3211 3499 3249 cum
3524 3194 3679 3260 aliis,
3704 3199 3764 3249 et

325 3280 475 3355 τάχα
504 3277 562 3335 δί
612 3280 705 3335 καὶ
742 3279 806 3334 τὸ
859 3279 1132 3335 συναίτιον
1192 3276 1389 3335 αἳτιον.
1421 3279 1511 3341 Ὠς
1543 3276 1601 3334 δὲ
1661 3279 1781 3342 ἑνὸς
1833 3276 1991 3345 ὄντος

323 3373 423 3425 τοῦ
456 3366 833 3441 εὐδαιμονεῖν,
865 3368 1036 3424 αἰτίαι
1066 3368 1434 3444 τυγχάνουσιν
1495 3371 1552 3424 αἱ
1600 3369 1784 3444 ἀρεταὶ
1835 3368 1991 3425 πλεί-

321 3477 440 3519 ονες
471 3457 841 3533 ὑπάρχουσαι·
874 3458 967 3513 καὶ
1004 3457 1081 3521 ὡς
1109 3461 1208 3513 τοῦ
1240 3446 1625 3531 θερμαίνεσθαι
1658 3458 1688 3513 ὃ
1716 3477 1774 3514 τε
1803 3458 1992 3530 ἣλιος,

322 3547 387 3603 τό
416 3567 476 3602 τε
501 3550 632 3621 πῦρ,
669 3545 961 3623 βαλανεῖόν
991 3566 1074 3614 τε,
1116 3546 1209 3602 καὶ
1267 3545 1446 3617 ἐσθής·
1508 3544 1654 3603 οὕτω
1714 3550 1841 3621 μιᾶς
1896 3544 1992 3602 οὕ-

325 3657 424 3709 σης
455 3638 556 3705 τῆς
589 3634 876 3706 ἀληθείας,
937 3632 1124 3692 πολλᾶ
1175 3636 1246 3691 τὰ
1300 3632 1803 3709 συλλαμϐανόμενα
1858 3636 1994 3713 πρὸς

329 3727 558 3798 ζήτησιν
590 3728 704 3799 (73)
754 3724 948 3795 αὐτῆςο
1009 3727 1045 3794 ἡ
1098 3721 1156 3780 δὲ
1212 3724 1442 3800 εὕρεσις,
1500 3727 1535 3795 ἡ
1596 3722 1666 3779 δι’
1719 3725 1865 3781 Υἱοῦ,
1926 3724 1994 3782 El

319 3818 448 3891 γοῦν
506 3819 834 3888 σκοποῖμεν,
891 3813 993 3889 μία
1048 3812 1186 3871 κατᾶ
1242 3810 1472 3886 δύναμίν
1528 3812 1670 3870 ἔστιν
1720 3816 1756 3884 ἡ
1802 3814 1990 3889 ἀρετή*

318 3903 523 3975 ταύτην
573 3900 632 3959 δὲ
689 3897 1029 3977 συμϐέϐηκε,
1077 3902 1297 3968 τούτοις
1357 3902 1453 3976 μὲν
1504 3907 1621 3965 τοῖς
1676 3903 1990 3980 πράγμασιν

2101 3283 2492 3355 euoperatrix.
2550 3287 2609 3337 et
2675 3282 2825 3337 forte
2898 3282 3076 3338 etiam
3135 3300 3314 3339 causa
3371 3300 3761 3339 concausans.

2101 3370 2614 3439 Quemadmodum
2641 3377 2841 3427 autem
2889 3388 3025 3427 cum
3073 3372 3377 3427 beatitudo
3429 3390 3613 3428 unum
3664 3373 3759 3441 sit,

2103 3462 2233 3535 ejus
2249 3477 2442 3517 causa:
2465 3465 2606 3516 sunt
2624 3460 2826 3532 plures
2853 3460 3100 3516 virtutes
3127 3478 3141 3526 ;
3169 3467 3227 3516 et
3247 3462 3757 3532 quemadmodum

2100 3554 2169 3606 ut
2198 3551 2330 3622 quis
2346 3550 2601 3612 caleﬂat,
2621 3549 2968 3604 efﬁciuntet
2983 3550 3073 3605 sol
3098 3555 3157 3605 et
3178 3551 3353 3623 ignis,
3378 3557 3438 3605 et
3457 3550 3760 3621 balneum,

2102 3644 2162 3695 et
2189 3639 2368 3694 vestis
2394 3655 2408 3704 ;
2440 3638 2522 3693 ita
2551 3654 2687 3693 cum
2719 3638 2795 3693 sit
2822 3654 2944 3693 una
2966 3638 3202 3705 veritas,
3230 3640 3421 3695 multa
3443 3645 3601 3703 sunt,
3628 3656 3760 3710 qua)

2102 3728 2420 3785 conferunt
2446 3726 2521 3782 ad
2571 3728 2700 3798 ejus
2748 3727 3226 3798 inquisitionem,
3276 3728 3529 3784 inveniri
3558 3735 3760 3785 autem

2102 3818 2232 3873 sine
2259 3817 2324 3881 νΧ(
2351 3816 2484 3872 Filii
2514 3815 2737 3871 auxilio
2763 3832 2883 3871 non
2914 3822 3128 3888 potest.
3162 3819 3234 3872 Et
3260 3818 3310 3873 si
3334 3817 3575 3889 quidem
3598 3823 3759 3874 recte

2102 3906 2568 3974 consideremus,
2620 3909 2914 3976 potestate
2962 3921 3084 3961 una
3130 3911 3222 3962 est
3276 3906 3480 3976 virtus,
3541 3906 3760 3963 accidit

389 4025 454 4090 ιιι
512 4022 575 4079 Ρ.
610 4025 716 4078 376
740 4023 855 4077 ED.
891 4023 1186 4090 POTTER,
1218 4023 1323 4077 3l8
1352 4023 1464 4078 ΕΙ).
1506 4023 1735 4079 PARIS.
1767 4023 1843 4095 (a)
1876 4024 1987 4079 Pro

2101 4042 2144 4091 ι,
2172 4026 2258 4094 l6,
2293 4027 2380 4092 17,
2412 4023 2501 4079 48.

396 4139 510 4214 (_6_9)
537 4133 733 4214 Σοφία.
758 4136 838 4193 De
862 4137 1179 4214 Sapientiae
1207 4138 1449 4214 nomine
1466 4137 1993 4214 Salomonislibris

327 4211 522 4265 indito
552 4209 710 4265 conf.
744 4226 877 4280 quae
899 4209 1206 4265 adnotavit
1225 4209 1555 4265 Cotelerius
1569 4210 1644 4265 ad
1661 4211 1845 4266 finem
1871 4212 1995 4266 Cleo

326 4281 547 4337 mentis
578 4281 830 4337 Romani
853 4283 1035 4351 Epist.
1070 4283 1094 4334 Ι
1125 4282 1199 4336 ad
1225 4281 1573 4337 Corinthios-

397 4352 543 4425 (70)_
587 4352 884 4425 ΓΑυκέροῦ.
967 4354 1241 4425 Γλυκεροῦ
1287 4351 1466 4425 πίετε,
1527 4353 1993 4425 Proverb.,_ubi

326 4418 500 4499 {1165;
526 4419 579 4475 ἐν
630 4427 719 4499 Δτῷ
764 4418 975 4499 idqui,“
1003 4418 1222 4480 omisso
1283 4418 1476 4493 αὐτῆς.
1538 4425 1708 4491 Dein,
1750 4418 1989 4499 διαϐήσῃ

325 4494 402 4558 ὡς
431 4491 600 4567 ὕδωρ.
628 4496 825 4567 inquit
851 4491 1130 4569 Sylburg.

400 4570 509 4635 (Ἡ)
540 4564 743 4641 ’Ἄρτον
774 4566 865 4641 καὶ
899 4564 1101 4641 ὕδωρξ
1120 4567 1407 4641 Hervetus
1454 4584 1766 4640 perperam
1816 4568 1992 4641 vertit

331 4662 353 4688 ι
399 4639 626 4711 ροηθηϊ
650 4647 709 4695 et
737 4640 960 4695 vinum.
998 4639 1023 4691 ί
1057 4639 1261 4694 Scribe
1292 4656 1323 4694 e
1381 4640 1581 4695 Graeco
1641 4640 1986 4702 Clementis.

324 4734 351 4761 «
383 4718 693 4796 panemnet
722 4728 940 4796 aquam
975 4730 989 4778 ;
1026 4717 1177 4796 »__est
1206 4713 1367 4796 enim
1399 4728 1567 4796 error
1613 4712 1988 4796 typographi,

324 4782 423 4856 qui
460 4800 528 4839 ex
557 4784 676 4840 alia
708 4782 967 4840 editione
997 4782 1268 4856 adhaesit.
1303 4783 1617 4856 Sunthaac
1644 4782 1728 4856 ex
1758 4782 1812 4838 ix
1845 4786 1992 4856 Pro-

323 4854 484 4931 verbt
518 4863 575 4910 et
604 4856 915 4931 familiare
933 4861 1025 4911 est
1054 4855 1279 4931 sanctis
1299 4854 1575 4931 Batribus
1625 4855 1725 4919 τῆς
1783 4854 1989 4931 ξοφίας

323 4925 568 4987 nomine
599 4934 871 4983 auctores
900 4927 1285 4996 innuere,qui
1312 4927 1754 4987 Ecclesiastam.
1788 4925 1988 4983 Eccle-

328 4997 635 5057 siasticum
669 5004 729 5052 et
755 4997 1083 5069 Proverbia.
1128 4997 1525 5069 scripserunt,
1581 5005 1647 5053 ut
1690 5004 1992 5068 ποιητικῆς

331 5069 576 5140 nomine
631 5074 856 5137 poetas.
908 5068 1074 5133 Quod
1104 5084 1249 5140 vero
1291 5069 1562 5140 sequitur
1594 5085 1607 5123 :
1644 5090 1671 5118 α
1703 5070 1816 5126 Sed
1842 5071 1990 5127 resi-

329 5139 465 5207 lias,
489 5156 563 5195 ne
594 5140 695 5213 diu
727 5140 978 5213 moreris
1008 5140 1069 5195 in
1102 5139 1230 5213 loco
1251 5139 1401 5213 eius,
1441 5163 1467 5190 ι»
1488 5140 1881 5213 desumptum
1904 5148 1995 5199 est

331 5227 401 5269 ex
433 5212 763 5284 appendice
806 5210 1076 5280 ejusdem
1108 5211 1318 5283 capitis
1342 5211 1403 5284 in
1435 5210 1995 5271 editione'Romana

330 5283 527 5358 nuper
552 5284 708 5341 aucti
734 5302 748 5350 ;
774 5289 841 5338 ut
871 5290 929 5339 et
948 5284 1087 5358 illa;
1112 5305 1132 5358 ς
1155 5285 1256 5358 lta_
1271 5283 1432 5358 enim
1470 5284 1753 5358 transibis
1775 5302 1993 5358 aquam

330 5354 605 5424 alienam.
662 5363 721 5412 et
767 5354 1165 5412 transmeahis
1222 5354 1466 5411 ﬂuvium
1520 5354 1992 5424 alienumfnmi

334 5421 618 5501 ὑπεοϐἤσῃ
669 5424 815 5498 ὕδωρ
868 5424 1454 5501 ἀλλότριον.οχ,ιιηο
1487 5427 1638 5483 libro
1669 5421 1992 5499 adduntur,

331 5500 502 5568 cujus
523 5498 843 5556 auctoritas
875 5498 1218 5574 confirmari
1242 5499 1354 5574 hoc
1385 5498 1710 5574 Clementis
1732 5502 1864 5574 loco
1890 5520 1997 5574 po-

333 5576 468 5645 test.
503 5576 561 5625 et
614 5572 1046 5645 commentario
1070 5571 1310 5645 _Didymi
1343 5572 1612 5645 nondum
1638 5573 1827 5645 edito,
1890 5571 1993 5645 qui

330 5642 577 5714 ﬂuvium
609 5643 1042 5714 interpretatur
1064 5639 1418 5714 διδασκαλίαν
1447 5641 1741 5714 ἀπατηλήν
1766 5645 1853 5699 καῖ
1890 5639 1992 5700 πα·-

334 5713 693 5790 ρασόρουσαν,
750 5712 818 5768 οὗ
878 5712 1016 5790 πρὸς
1090 5712 1469 5790 καρποφορίαν
1520 5712 1789 5790 ἄγουσαν.
1848 5717 1994 5773 Vide

333 5786 469 5859 qum
500 5787 784 5860 adnotata
802 5792 954 5860 sunt
982 5786 1051 5860 in_
1073 5786 1469 5860 Pwdagogum'.
1503 5788 1773 5845 COLLEC‘I‘.

400 5862 516 5934 (72)
545 5856 729 5935 Ὕδωρ
785 5855 950 5932 ψιλὸν
1003 5855 1125 5934 εὐχ.
1175 5855 1421 5933 Aquarii
1452 5876 1668 5934 nempe
1701 5879 1718 5931 ;
1750 5862 1824 5918 de
1857 5860 1995 5934 qui-

2101 4140 2212 4213 bus
2236 4138 2599 4213 Augustinus
2630 4135 2733 4191 lib.
2794 4137 2890 4213 οε.
2915 4137 3111 4213 haeres.
3164 4154 3290 4213 cap.
3360 4140 3465 4213 64._
3499 4138 3659 4213 Sus.
3694 4168 3761 4181 —-

2103 4206 2365 4267 Ebionaa'i
2400 4211 2589 4265 solam
2622 4224 2838 4279 aquam
2876 4206 2936 4262 in
2968 4206 3329 4263 eucharis’tia
3375 4208 3760 4265 adhibebant.

2103 4285 2229 4349 Quo
2259 4282 2465 4339 allusit
2520 4283 2780 4334 lrenaaus
2840 4280 2942 4334 lib.
3003 4297 3054 4346 v,
3086 4296 3215 4350 cap.
3269 4284 3317 4343 1,
3352 4298 3408 4351 p.
3466 4281 3569 4335 394
3617 4281 3759 4337 edit.

2103 4356 2288 4412 Oxon.
2323 4371 2337 4410 :
2371 4377 2398 4405 ι(
2433 4351 2773 4424 Reprobant
2797 4352 2997 4423 itaque
3040 4354 3095 4424 hi
3129 4351 3610 4424 commistionem
3642 4353 3763 4408 vini

2102 4428 2381 4492 cmlestis,
2411 4431 2469 4479 et
2495 4422 2623 4479 sola
2676 4439 2833 4495 aqua
2890 4422 3194 4495 saecularis
3223 4423 3429 4478 volunt
3456 4440 3607 4485 esse.
3639 4441 3763 4480 non

2101 4499 2459 4571 recipientes
2490 4496 2672 4571 Deum
2706 4494 3287 4571 adcommistionem
3321 4511 3506 4571 suam.
3536 4518 3564 4545 η
3593 4496 3757 4550 Conf.

2100 4567 2469 4641 Epiphanius
2499 4569 2710 4641 haeres.
2739 4569 2977 4621 30.sect.
3007 4570 3163 4621 16.ln
3197 4567 3473 4641 eumdem
3495 4584 3761 4623 errorem

2102 4637 2314 4696 inci-dit
2342 4641 2524 4695 etiam
2553 4637 2855 4711 'l‘atianus.
2890 4644 3065 4693 sectas
3098 4639 3542 4711 Encratitarum
3554 4645 3761 4711 pater,

2101 4714 2373 4769 tradente
2405 4710 2737 4782 Epiphanio
2771 4712 2977 4782 haeres.
3013 4712 3115 4764 46:
3152 4710 3487 4782 Μυστηρίοιι
3522 4707 3765 4782 sicut.

2097 4804 2206 4857 τως
2264 4779 2536 4857 κέχρηται
2585 4781 2721 4857 κατᾶ
2783 4779 3017 4857 μίμησιν
3072 4786 3173 4848 τῆς
3221 4779 3764 4857 ᾁγίαςἙκχλησίας,

2102 4853 2255 4910 ὕδατι
2288 4851 2532 4923 δέ’μὸνῳ
2564 4851 2856 4925 χρώμενος
2911 4851 2964 4904 ἐν
3022 4857 3141 4908 τοῖς
3198 4851 3383 4916 αὐτοῖς
3416 4854 3762 4925 μυστηείοις’

2102 4954 2128 4979 ι(
2158 4926 2447 5001 Mysteriis
2477 4925 2656 5001 etiam
2689 4925 2934 5001 perinde
2988 4941 3131 5001 usus
3164 4932 3283 5001 est_
3309 4926 3383 4982 ad
3422 4927 3762 5001 exemplum

2102 4996 2324 5056 sancta)
2366 4996 2668 5061 Ecclesia),
2728 4996 2830 5052 sed
2890 4997 2952 5052 in
3009 4997 3082 5052 iis
3123 4997 3513 5054 celebrandis
3573 4996 3763 5053 solam

2100 5088 2326 5155 aquam
2345 5068 2605 5125 adhibet.
2627 5090 2666 5155 In
2703 5067 2867 5123 Unde
2901 5070 3029 5155 ejus
3061 5067 3338 5155 discipuli
3377 5069 3765 5155 app‘ellaban:

2103 5137 2200 5231 tu}
2238 5139 2763 5231 Ὑδροπαραστάται,
2825 5162 2853 5190 ιι
2906 5137 3167 5231 ιξᾳιιᾶνίὶ,
3215 5137 3258 5191 “››
3308 5139 3382 5202 ὡς
3415 5137 3587 5223 ’.ὕδωρ
3625 5137 3762 5231 ἐντὶ

2104 5211 2254 5269 θ’ίνου
2283 5211 2710 5289 προσφέροντες,
2735 5234 2771 5289 _«
2796 5212 2957 5283 quod
2987 5229 3204 5289 agnam
3237 5230 3357 5289 pr_‘0_
3390 5213 3525 5289 vino
3562 5211 3764 5266 Voll‘er-

2103 5292 2260 5353 rent,
2295 5282 2421 5342 n'ut
2444 5282 2533 5341 ait
2552 5282 2960 5340 Theodoretus
2988 5282 3255 5339 Herreticf
3274 5285 3391 5351 fab.
3421 5282 3524 5337 lib.
3558 5300 3598 5347 ι,
3630 5298 3762 5353 cap.

2102 5363 2171 5415 20
2225 5352 2558 5432 Cyprianus
2592 5374 2652 5432 p.
2713 5358 2823 5432 276_
2847 5356 3029 5432 edit.__
3053 5353 3425 5432 Amstelod._:
3462 5378 3488 5404 ‹‹
3511 5352 3764 5432 Quidam

2103 5425 2339 5487 novella
2371 5425 2750 5485 institutione
2809 5427 2869 5481 in
2921 5426 3107 5481 calice
3159 5426 3462 5481 Dominico
3495 5425 3765 5480 sanctifi-

2103 5504 2293 5559 cando
2326 5510 2384 5557 et
2414 5500 2573 5573 plebi
2606 5497 3003 5573 ministrando
3030 5514 3152 5552 non
3184 5499 3309 5573 hoc
3336 5497 3576 5573 faciunt.
3606 5497 3765 5573 quod

2103 5576 2392 5633 Christus.
2418 5568 2611 5642 'bujus
2643 5569 2928 5642 sacrificii
2953 5576 3162 5623 auctor
3192 5574 3249 5622 et
3278 5570 3504 5627 doctor.
3537 5568 3679 5623 fecit
3708 5574 3769 5624 et

2104 5647 2351 5712 docuit;
2389 5667 2416 5695 ι»
2451 5640 2572 5699 tum
2609 5642 2800 5714 pergit
2846 5640 3036 5696 solam
3092 5656 3311 5710 aquam
3343 5647 3767 5698 consecrantes

2103 5720 2340 5791 copiose
2370 5716 2667 5791 refellere.

2174 5782 2293 5861 (73)
2339 5788 2482 5859 Πρὸς
2531 5785 2622 5854 ἤτ.
2656 5784 2854 5841 Malim
2884 5799 3019 5839 cum
3064 5783 3338 5856 articulo,
3370 5782 3509 5855 πρὸς
3539 5783 3637 5852 τὴν
3673 5784 3770 5853 ζή-

2101 5882 2285 5933 τησιν.
2317 5862 2595 5918 Summe.
