4120 6436
369 414 482 468 815

1611 410 2021 468 CLEMENTIS
2059 414 2562 470 ALEXANDle

3693 410 3802 468 8M

374 545 595 604 autem,
630 543 695 592 ut
726 553 795 591 ea
825 551 958 590 cum
991 534 1084 588 his
1114 533 1355 603 quidem
1385 533 1532 588 insit
1561 533 1758 601 rebus,
1795 534 2013 590 dicatui

2141 534 2531 611 ἐγγενομένην,
2566 535 2813 611 λέγεσθαι
2853 535 3141 608 φρόνησιν,
3174 533 3228 589 ἐν
3253 532 3471 598 τούτοις
3499 531 3557 590 δὲ
3587 555 3811 610 σωφρο-

376 631 714 702 prudentia,
749 629 810 682 in
837 627 957 682 illis
988 631 1186 681 autem
1217 625 1630 696 temperantia,
1661 625 1721 680 in
1741 625 1875 681 aliis
1899 643 2032 682 vero

378 719 561 774 animi
588 716 929 789 magnitudo
949 714 1306 786 veljustitia.
1336 715 1556 769 Eadem
1578 720 1778 769 autem
1801 716 2035 771 ratione

375 824 508 862 cum
541 807 615 861 sit
645 823 764 860 una
794 821 1028 876 quoque
1061 805 1296 866 veritas.
1326 803 1388 858 in
1430 805 1756 876 geometria
1795 821 2036 877 geome-

373 898 499 950 triae
531 895 744 949 veritas
775 914 788 960 ;
832 895 897 948 in
929 893 1156 948 musica
1176 900 1375 949 autem
1400 893 1677 958 musicae;
1712 901 1770 948 et
1791 894 1852 948 in
1877 899 2038 948 recta

371 985 748 1057 philosophia
777 985 956 1038 fuerit
1001 985 1200 1038 GI‘iBCEl
1232 983 1464 1038 veritas.
1512 983 1646 1038 Sola
1677 989 1874 1038 autem
1910 983 2037 1037 hinc

370 1082 457 1129 est
488 1075 836 1129 authentica
865 1074 1102 1138 veritas,
1161 1089 1412 1144 quaeque
1443 1090 1478 1128 a
1535 1075 1776 1127 nemine
1825 1073 2036 1145 attingi

373 1169 586 1235 potest.
617 1181 796 1234 quam
827 1163 1112 1218 docemur
1140 1179 1174 1217 a
1217 1164 1319 1216 Dei
1371 1162 1535 1216 Filio.
1586 1161 1806 1217 Eodem
1856 1161 2034 1216 modo

371 1271 494 1308 una
528 1254 858 1324 eademque
879 1253 1183 1312 drachma.
1216 1252 1263 1307 si
1287 1251 1426 1307 data
1447 1252 1624 1308 fuerit
1646 1258 1862 1317 nautaa,
1887 1267 2036 1306 nau-

375 1345 538 1411 lum;
574 1346 622 1400 si
657 1345 998 1416 publicano,
1035 1343 1326 1415 vectigal;
1363 1343 1411 1398 si
1445 1343 1496 1397 ei
1533 1343 1634 1414 qui
1666 1342 1912 1397 domum
1951 1341 2036 1397 lo-

369 1441 482 1497 cat,
508 1451 734 1490 merces
759 1434 1067 1490 conductae
1086 1434 1328 1499 domus;
1359 1433 1408 1487 si
1438 1431 1810 1504 praeceptori.
1843 1448 2038 1503 operaa

368 1550 639 1599 merces;
676 1533 724 1587 si
759 1532 810 1587 ei
861 1532 961 1603 qui
995 1530 1214 1597 vendit,
1271 1530 1448 1585 arrha
1496 1529 1733 1586 dicitur.
1783 1528 2037 1602 Singula)

367 1629 594 1686 autem,
629 1639 732 1677 seu
762 1623 1032 1684 virtutes,
1069 1637 1171 1675 seu
1214 1620 1512 1687 veritates,
1567 1619 1871 1675 communi
1905 1617 2036 1689 qui-

372 1712 511 1765 dem
539 1712 781 1766 nomine
823 1711 1202 1776 conveniunt,
1238 1709 1342 1764 sed
1389 1709 1700 1781 proprium
1750 1708 2036 1779 aliquem,

372 1826 632 1880 eumque
664 1810 927 1873 unicum,
963 1810 1242 1864 effectum
1287 1808 1549 1873 habent;
1602 1823 1858 1878 quorum
1909 1822 2038 1861 om-

2145 625 2334 696 σύνην,
2367 626 2418 681 ἐν
2450 625 2672 688 τούτοις
2705 624 2762 680 δὲ
2793 623 3041 700 ἀνδρείαν
3068 623 3102 694 ἢ
3137 622 3477 694 δικαιοσύνη.
3527 625 3656 682 Ἀνὰ
3709 625 3805 681 τὸν

2141 714 2299 770 αὐτὸν
2333 713 2424 770 οῦν
2457 715 2625 791 λόγον
2658 715 2748 770 καὶ
2784 721 2910 788 μιᾶς
2935 711 3108 785 οῦσης
3136 713 3476 783 ἀληθείας,ἐν
3497 714 3812 789 γεωμετρίᾳ

2145 805 2241 878 μὶν
2272 804 2612 881 γεωμετρίας
2643 803 2898 874 ἀλήθεια,
2931 802 2984 858 ἐν
3023 807 3260 876 μουσικῇ
3293 800 3350 858 δὲ
3381 810 3676 876 μουσικῆς
3710 805 3808 858 κάν

2143 891 2448 970 φιλοσοφίᾳ
2480 897 2546 968 τῇ
2580 892 2720 969 ὀρθῇ
2752 891 3060 963 Ἐλληνικὴ
3096 891 3180 963 εἴη
3205 890 3264 946 ἄν
3299 891 3718 964 ἀλήθεια.Μόνη
3753 891 3813 949 δὶ

2142 984 2176 1050 ἡ
2211 982 2369 1057 κυρία
2399 984 2534 1052 αὕτη
2569 983 2824 1053 ἀλήθεια,
2847 983 3417 1059 ἀπαρεγχείρητος,ἢν
3446 984 3810 1058 παρατῷΥἱῷ

2140 1074 2238 1124 τοῦ
2273 1075 2408 1126 Θεοῦ
2440 1071 2813 1145 παιδευόμεθα
2861 1073 3065 1128 Τοῦτόν
3095 1093 3269 1149 φαμεν
3301 1077 3411 1143 (74)
3467 1072 3560 1128 τὸν
3601 1074 3807 1150 τρόπον

2147 1165 2276 1232 μιᾶς
2304 1161 2394 1216 καὶ
2423 1168 2523 1230 τῆς
2555 1159 2720 1228 αὐτῆς
2749 1157 3034 1237 δραχμῆς,
3081 1166 3160 1233 τῷ
3219 1161 3317 1234 μὲν
3376 1161 3675 1238 ναυκλήρῳ
3707 1160 3807 1218 δο-

2145 1250 2356 1320 θείσης,
2392 1248 2644 1324 λέγεσθαι
2686 1256 2908 1320 ναῦλον,
2967 1256 3048 1324 τῷ
3103 1247 3160 1305 δὲ
3213 1248 3430 1326 τελώνῃ
3479 1251 3664 1312 τέλος·
3721 1251 3813 1306 καὶ

2145 1336 2379 1393 ἐνοίκιον
2415 1338 2510 1412 μέν
2542 1344 2622 1412 τῷ
2662 1339 3023 1415 σταθμο·5χῳ’
3090 1341 3282 1414 μισθὸν
3339 1339 3398 1395 δὲ
3441 1345 3523 1414 τῷ
3554 1338 3808 1396 διδασκά-

2144 1425 2247 1499 λῳ·
2282 1427 2373 1483 καὶ
2404 1433 2482 1500 τῷ
2530 1429 2897 1502 πιπράσκοντι
2952 1425 3262 1506 ἀρῥαϐὦνα.
3325 1432 3559 1501 Ἐκάστη
3621 1427 3678 1486 δὲ
3707 1428 3812 1487 ε’ίτι

2144 1517 2332 1592 ἀρετὴ,
2395 1516 2504 1574 ε’ίτι
2572 1518 2662 1574 καὶ
2737 1518 2992 1590 ἀλήθεια,
3056 1518 3388 1592 συνωνύμως
3473 1520 3812 1595 καλουμένῃ,

2146 1607 2312 1678 μόνου
2368 1612 2466 1663 τοῦ
2518 1609 2636 1663 καθ’
2695 1609 2890 1678 ἐαυτὴν
2950 1608 3396 1682 ἆποτελέσματός
3449 1607 3592 1665 ἐστιν
3643 1609 3809 1665 αἰτίαο

2142 1697 2279 1752 κατὰ
2336 1696 2648 1772 σύγχρησιν
2698 1695 2757 1753 δὲ
2802 1698 3013 1754 τούτων
3063 1699 3269 1772 γίνεται
3345 1698 3410 1754 τὸ
3467 1695 3812 1774 εὐδαιμόνως

2147 1789 2265 1859 ζῇν·
2303 1788 2380 1859 μή
2413 1789 2514 1862 γὰρ
2548 1784 2615 1856 δὴ
2651 1784 3066 1860 εὐδαιμονῶμεν
3099 1789 3235 1863 πρὸς
3291 1788 3358 1842 τὰ
3407 1788 3673 1861 ὀνόματα,
3733 1789 3814 1845 ὅτ’

369 1899 539 1953 nium
561 1916 630 1953 ex
649 1898 1070 1970 conjunctione
1091 1898 1354 1952 nascitur
1371 1897 1490 1950 vita
1512 1896 1704 1951 beata.
1723 1897 1852 1950 Non
1875 1896 2013 1951 enin

2144 1871 2204 1929 ἂν
2232 1877 2322 1931 τὸν
2354 1875 2515 1952 ὀρθὸν
2554 1877 2672 1952 βίον
2705 1874 3054 1951 εὐδαιμονίαν
3087 1876 3362 1954 λέγωμεν,
3393 1878 3484 1932 καὶ
3515 1875 3815 1952 εὐδαίμονα

368 1988 512 2042 solis
548 1988 892 2043 nominibus
914 1987 1069 2041 beati
1094 1986 1419 2053 reddimur,
1443 2002 1578 2040 cum
1610 1991 1833 2040 rectam
1853 1985 2033 2040 vitam

369 2086 638 2141 dicamus
679 2086 1150 2152 beatitudinem;
1185 2091 1244 2140 et
1281 2085 1452 2138 illum
1497 2084 1758 2146 beatum.
1793 2084 1887 2138 cui
1919 2083 2032 2138 vir-

363 2183 492 2232 tute
530 2183 813 2232 exornata
830 2182 920 2231 est
936 2177 1152 2231 anima.
1181 2173 1346 2240 Quod
1378 2174 1425 2229 si
1453 2175 1629 2230 etiam
1653 2173 2033 2246 philosophia

373 2285 402 2322 e
435 2267 757 2339 longinquo
791 2284 964 2340 opem
997 2267 1112 2321 fert
1154 2265 1482 2320 inventioni
1527 2264 1810 2323 veritatis.
1851 2265 2030 2319 variis

379 2357 723 2411 notiombus
739 2358 990 2413 tendens
1008 2357 1081 2410 ad
1095 2362 1356 2411 nostram
1379 2355 1713 2411 scientiam.
1737 2371 1868 2425 qum
1890 2370 2030 2425 pro-

375 2446 530 2501 xime
565 2447 797 2518 attingit
827 2447 1131 2501 veritatem
1161 2463 1174 2510 ;
1209 2446 1292 2500 sic
1323 2452 1522 2500 tamen
1564 2445 1616 2499 ei
1667 2461 1838 2515 opem
1890 2443 2025 2512 fert,

373 2544 473 2614 qui
507 2545 639 2616 Logi
673 2544 892 2599 auxilio
933 2550 1184 2598 conatur
1231 2542 1681 2615 apprehendere
1727 2541 2023 2614 cognitio-

371 2649 530 2688 nem.
565 2634 820 2688 Proinde
866 2635 1064 2688 Greeca
1091 2634 1330 2701 veritas,
1364 2632 1595 2687 etiamsi
1629 2632 1706 2686 sit
1735 2631 1892 2686 idem
1923 2647 2026 2686 no-

368 2739 506 2778 men
539 2724 765 2790 sortita,
800 2729 1000 2778 tamen
1031 2741 1065 2778 a
1094 2729 1299 2778 nostra
1331 2728 1457 2778 tum
1488 2719 1900 2794 magnitudine
1923 2738 2025 2776 co-

365 2813 668 2884 gnitionis,
700 2819 822 2869 tum
865 2812 1443 2868 demonstrationum
1493 2811 1808 2877 evidentia,
1841 2815 1899 2864 et
1930 2809 2021 2864 di-

362 2901 498 2956 vina
526 2903 762 2966 virtute,
797 2908 854 2958 et
879 2902 1012 2958 aliis
1057 2901 1374 2968 similibus,
1426 2901 1568 2956 satis
1614 2899 2017 2973 distinguitur.

364 3005 409 3055 Α
438 3002 554 3054 Deo
587 3001 746 3055 enim
774 3001 930 3056 docti
963 3018 1190 3062 sumus.
1225 3001 1325 3072 qui
1359 2999 1587 3054 litteras
1612 3015 1746 3054 vere
1771 3014 2022 3054 sacrasa

362 3091 511 3145 Filio
545 3092 645 3146 Dei
675 3091 1026 3159 didicimus;
1061 3091 1219 3146 unde
1262 3108 1381 3146 non
1416 3089 1662 3162 perinde
1692 3107 1760 3144 ac
1793 3106 1901 3144 nos
1931 3087 2019 3142 illi

364 3187 601 3235 movent
631 3180 882 3249 animas,
917 3181 1018 3236 sed
1051 3181 1282 3236 diversa
1305 3179 1480 3252 plane
1506 3177 1785 3234 methodo
1805 3196 1872 3234 ac
1897 3177 2020 3233 dis-

360 3271 600 3342 ciplina.
635 3272 800 3338 Quod
832 3273 880 3326 si
913 3277 1154 3343 prepter
1185 3289 1307 3338 eos,
1340 3271 1440 3342 qui
1473 3287 1581 3325 nos
1605 3267 2011 3325 calumniandi
2042 3266 2086 3334 C

358 3387 532 3424 ansas
566 3376 861 3442 quierunt,
887 3369 1308 3442 Oportebitnos
1339 3369 1725 3441 distinguere,
1756 3367 2015 3440 philoso-

355 3459 578 3530 phiam,
605 3467 670 3514 ut
686 3478 817 3530 quae
840 3461 900 3514 in
923 3461 1166 3515 veritate
1188 3458 1525 3531 indaganda
1545 3464 1834 3524 versetur,
1857 3473 2013 3512 com-

353 3549 794 3618 prehendendae
809 3549 1073 3604 veritatis
1091 3565 1446 3604 concausam
1470 3553 1528 3602 et
1543 3546 2010 3618 cooperatricem

351 3646 745 3714 appellantes,
780 3645 1100 3701 fatebimur
1129 3662 1260 3700 eam
1284 3662 1415 3700 esse
1440 3645 1721 3716 przeviam
1746 3643 2009 3699 hominis

350 3736 602 3809 gnostici
636 3735 1037 3806 disciplinam,
1063 3751 1182 3789 non
1208 3740 1407 3789 tamen
1426 3750 1555 3789 esse
1585 3749 1849 3800 causam,
1877 3749 2008 3804 quas

352 3827 544 3881 solum
577 3831 667 3880 est
705 3841 1035 3892 concausa;
1089 3840 1282 3895 neque
1328 3824 1663 3890 continens,
1717 3821 1796 3890 id,
1849 3822 2008 3893 quod

351 3925 590 3996 adjuvat
619 3930 679 3979 at
703 3929 1074 3996 cooperatur,
1096 3940 1207 3978 nec
1229 3921 1475 3993 perinde
1498 3939 1566 3977 ac
1588 3921 1637 3976 si
1659 3937 1780 3975 non
1805 3920 1882 3975 sit
1901 3937 2006 3975 ve-

350 4017 494 4070 ritas
527 4014 750 4085 absque
782 4013 1180 4085 philosophia.
1207 4014 1351 4067 Nam
1385 4028 1592 4067 omnes
1626 4011 1746 4067 fere
1778 4010 2003 4082 absque

350 4105 804 4176 disciplinarum
819 4099 1716 4174 orbe,quam«ency010paadiam
1736 4104 2001 4166 nvocant,

351 4210 407 4260 et
437 4207 635 4260 Graeca
667 4202 1064 4276 philosophia,
1093 4201 1192 4257 alii
1222 4205 1418 4256 autem
1451 4200 1629 4256 etiam
1658 4199 1881 4270 absque
1906 4199 2005 4253 lit-

348 4296 509 4361 teris,
535 4294 732 4348 divina
763 4298 820 4346 et
838 4291 1093 4347 barbara
1115 4290 1259 4345 moti
1285 4290 1684 4362 philosophia,
1708 4293 2000 4360 potestate

346 4411 504 4458 eum,
538 4393 638 4464 qui
669 4392 741 4446 de
774 4393 890 4446 Deo
925 4396 1033 4457 est,
1067 4406 1173 4461 per
1204 4388 1383 4444 ﬁdem
1406 4389 1743 4459 accepimus
1774 4403 2001 4442 sermo—

308 4546 312 4551 .
344 4499 503 4547 nem,
520 4480 735 4535 eruditi
751 4479 1201 4550 sapientiaquaa
1217 4494 1322 4549 per
1334 4494 1394 4532 se
1409 4483 1702 4548 operatur.
1715 4474 1879 4542 Quod
1893 4490 2000 4530 au-

345 4576 462 4625 tem
491 4569 554 4632 >X<
569 4585 703 4622 cum
735 4569 850 4622 alio
863 4568 1001 4640 agit,
1021 4583 1155 4622 cum
1175 4566 1808 4637 perimperl‘ectionem
1826 4580 1996 4620 suam

411 4686 474 4750 ἰα
504 4687 564 4741 Ρ.
600 4686 700 4739 377
723 4685 834 4738 ΕΙ).
869 4686 1163 4740 POTTER.
1198 4686 1300 4740 319
1331 4685 1444 4739 ΕΙ).
1487 4683 1717 4739 PARIS.

432 4804 516 4870 74)
546 4801 749 4856 Τοῦτόν
783 4821 975 4877 φαμεν.
1008 4802 1072 4855 Η.
1108 4818 1218 4856 ms.
1275 4804 1468 4854 τοῦτον
1528 4802 1622 4874 μὶν
1668 4798 1758 4855 οῦν
1792 4820 1990 4878 φαμεν,

342 4875 616 4929 SYLBUBG.

411 4948 519 5016 (75)
552 4942 885 5016 Εὐναο-έτως.
912 4943 1107 4998 Malim
1133 4940 1417 5012 ἐναρέτως.

409 5013 521 5088 (76⁷)
553 5013 923 5088 Θεοδίδακτοι.
983 5016 1242 5088 Respicit
1291 5017 1314 5069 Ι
1357 5018 1558 5072 Thess.
1584 5033 1659 5085 ιν,
1714 5019 1746 5070 9
1777 5033 1789 5070 :
1820 5013 1987 5070 Αὐτοὶ

336 5083 440 5164 γάρ
473 5083 628 5159 ὑμεῖς
657 5083 999 5164 θεοδίδακτοί
1019 5083 1163 5164 ἐστε.

407 5156 681 5232 (77)Ἱεοὰ
709 5156 881 5220 ὅντως
927 5158 1244 5232 γράμματα.
1287 5180 1311 5212 α
1372 5161 1519 5215 Vere
1579 5177 1831 5216 sacras»
1883 5176 1984 5232 ap-

332 5235 518 5304 pellat
547 5235 1017 5290 Christianorum
1049 5254 1076 5281 ‹‹
1103 5233 1349 5292 litteras,
1384 5254 1411 5282 »
1446 5239 1511 5288 ut
1539 5250 1639 5288 eas
1657 5232 1984 5304 distingue-

329 5314 419 5360 ret
477 5307 549 5361 ab
607 5305 1030 5377 :Egyptiorum,
1090 5304 1544 5377 Chaldaeorum,
1621 5304 1981 5377 Ethiopum,

327 5378 652 5433 aliorumve
697 5375 944 5448 litteris,
990 5393 1120 5446 qum
1182 5376 1532 5432 dicebantur
1562 5375 1825 5448 quidem,
1877 5375 1982 5431 sed

325 5466 458 5502 vere
488 5468 608 5505 non
642 5457 812 5505 erant
839 5447 959 5518 ἱερὰ
984 5449 1299 5519 γράμματα.

394 5525 814 5597 (ἹδηΣυναίτιον
848 5515 967 5597 φιλ.
997 5515 1200 5576 Malim
1233 5537 1369 5576 cum
1419 5518 1671 5574 articulo
1703 5515 1974 5571 συναίτιον

321 5590 418 5654 τ’ἧν
454 5590 801 5665 φιλοσοφίαν.

391 5654 499 5729 (79v
559 5657 684 5718 068‘
744 5667 817 5725 ὡς
890 5661 990 5734 οὐκ
1033 5656 1199 5734 οὔσης
1260 5657 1390 5734 ἄνευ
1458 5659 1558 5724 τήν
1621 5654 1972 5734 φιλοσοφίαν,

318 5737 359 5783 Λ
414 5742 470 5788 et
505 5735 603 5814 H.._
626 5739 748 5789 ἀνευ
774 5744 873 5803 τῆς
907 5732 1254 5814 φιλρσοφίᾳς·
1290 5732 1673 5814 “fimum?
1713 5732 1972 5814 queque.

320 5821 462 5860 «nec
484 5809 729 5874 perinde
750 5827 816 5864 ac
832 5799 956 5862 non
980 5799 1520 5874 sitvéritasabsque
1537 5799 1932 5874 philosophia.
1946 5799 1971 5854 »ᾧ

316 5875 430 5948 Ego
453 5871 769 5948 legendum
796 5885 960 5951 puto,
993 5873 1106 5930 οὐδ’
1140 5875 1214 5936 ὡς
1247 5873 1309 5930 οὗ
1342 5871 1446 5928 οὐκ
1475 5871 1618 5948 ἃνὶυ,
1657 5871 1792 5943 τῆν’
1816 5871 1974 5951 φιλο-ι

2140 1967 2232 2022 τὸν
2266 1969 2687 2041 κεκοσμημένον
2740 1971 2840 2037 τὴν
2901 1971 3090 2045 ψυχήν
3149 1969 3580 2044 εὐαρέτως(75).
3635 1969 3699 2026 Εἴ
3753 1968 3812 2027 δὶ

2139 2056 2228 2111 καὶ
2256 2057 2538 2133 πόρῥωθεν
2571 2053 3015 2132 συλλαμϐάνεται
3047 2058 3352 2136 φιλοσοφία
3397 2063 3466 2132 τῇ
3514 2059 3654 2136 πρὸς
3710 2062 3810 2130 τήν

2138 2145 2401 2216 ἀληθειαν
2463 2147 2689 2217 εὐρέσει,
2748 2148 2885 2203 κατὰ
2933 2145 3229 2225 διαφόρους
3284 2143 3548 2211 ἐπιϐολὰς
3603 2147 3810 2206 διατεί-

2135 2256 2304 2290 νουσα
2357 2234 2446 2290 ἐπὶ
2479 2238 2576 2304 τήν
2635 2241 2926 2311 ποοσεχῶς
2984 2236 3305 2311 ἁπτομένην
3357 2245 3458 2307 τῆς
3519 2236 3806 2310 ἀληθείας,

2134 2327 2237 2393 τήν
2268 2327 2389 2390 καθ’
2420 2328 2568 2398 ἡμᾶς
2617 2324 2848 2396 εἶ’δησιψ
2911 2325 3060 2381 ἀλλὰ
3104 2321 3550 2400 συλλαμϐάνεταί
3605 2349 3666 2404 γε
3723 2333 3804 2402 τῷ

2135 2411 2376 2488 λογικῶς
2431 2414 2730 2490 ἐπιχειρεῖν
2793 2413 3151 2470 ἐσπουδακότι
3226 2417 3579 2472 ἀνθάπτεσθαι
3647 2419 3788 2492 γνώ-

2133 2524 2288 2566 σεως.
2337 2504 2640 2579 Χωρίζεταί
2668 2526 2727 2560 τε
2765 2508 2800 2574 ἡ
2857 2505 3165 2576 Ἑλληνικὴ
3227 2503 3459 2577 ἀλήθεια
3513 2514 3613 2576 τῆς
3669 2509 3790 2562 καθ’

2131 2595 2304 2665 ἡμᾶς,
2363 2593 2409 2647 εἰ
2467 2594 2556 2648 καὶ
2608 2598 2704 2649 τοῦ
2758 2594 2922 2649 αὐτοῦ
2984 2593 3310 2673 μετείληφεν
3337 2596 3629 2668 ὀνόματος,
3693 2597 3783 2652 καὶ

2135 2682 2647 2758 μεγέθειγνώσεως,
2704 2684 2796 2738 καὶ
2849 2680 3120 2754 ἀποδείξει
3178 2686 3502 2761 κυριωτέρα,
3561 2687 3650 2741 καὶ
3678 2685 3791 2758 θείᾳ

2132 2767 2380 2844 δυνάμει,
2411 2770 2502 2827 καὶ
2532 2777 2650 2834 τοῖς
2682 2771 2920 2845 ὁμοίοις.
2954 2770 3305 2828 Θεοδίδακτοι
3329 2775 3439 2848 (76)
3469 2776 3572 2851 γὰρ
3601 2777 3791 2847 ἡμεῖς,

2129 2859 2249 2932 ἱερά
2279 2856 2452 2922 ὅντως
2484 2863 2785 2936 γράμματα
2828 2864 2942 2935 (77)
3000 2863 3148 2938 παρὰ
3204 2867 3283 2934 τῷ
3341 2865 3453 2936 Υἱῷ
3502 2869 3600 2919 τοῦ
3657 2869 3793 2921 Θεοῦ

2127 2945 2535 3022 παιδευόμενοι·
2572 2948 2718 3014 ἔνθεν
2780 2946 2896 3005 οὐδ’
2956 2951 3216 3014 ὡσαύτως
3265 2957 3477 3008 κινοῦσι
3533 2953 3629 3017 τὰς
3684 2958 3793 3029 ψυ-

2126 3038 2257 3113 χὰς,
2290 3035 2436 3094 ἀλλὰ
2467 3035 2713 3113 διαφόρῳ
2757 3035 3103 3112 διδασκαλίᾳ.
3138 3040 3204 3098 Ei
3263 3039 3321 3098 δὲ
3378 3039 3789 3109 διαστέλλεσθαι

2124 3129 2273 3199 ἡμᾶς
2304 3124 2392 3182 διὰ
2419 3126 2546 3190 τοὺς
2580 3127 3035 3206 φιλεγκλήμονας
3075 3127 3279 3201 δεήσει,
3315 3132 3590 3188 συναίτιον
3625 3131 3791 3213 φιλο-

2126 3217 2318 3274 σοφίαν
2348 3219 2462 3288 (78)
2491 3215 2581 3272 καὶ
2613 3218 2865 3294 συνεργὸν
2920 3217 3172 3293 λέγοντες
3217 3223 3319 3286 τῆς
3356 3220 3598 3291 ἀληθοῦς
3628 3244 3789 3278 κατα-

2125 3303 2371 3379 λήψεως,
2402 3308 2626 3377 ζήτησιν
2661 3304 2821 3362 οὖσαν
2872 3306 3153 3379 ἀληθείας,
3213 3308 3572 3386 προπαιδείαν
3618 3311 3787 3382 αὐτὴν

2123 3393 2558 3470 ὁμολογήσομεν
2653 3401 2749 3451 τοῦ
2834 3402 3155 3472 γνωστικοῦ,
3241 3396 3342 3454 οὐκ
3393 3400 3565 3456 αἳτιον
3633 3404 3782 3467 τιθέ-

2124 3506 2276 3557 μενοι
2307 3485 2370 3540 τὸ
2402 3485 2696 3540 συναίτιον·
2725 3483 2854 3542 οὐδὲ
2888 3489 2996 3560 μὴν
3043 3488 3107 3542 τὸ
3160 3490 3413 3564 συνεργὸν
3447 3493 3778 3547 συνεκτικόν·

2120 3571 2238 3628 οὐδ’
2269 3575 2344 3639 ὡς
2375 3574 2476 3630 οὐκ
2507 3574 2674 3647 οὔσης
2703 3575 2828 3631 ἄνευ
2884 3577 2985 3645 τήν
3044 3575 3374 3657 φιλοσοφίαν
3435 3583 3566 3652 (79).
3627 3583 3779 3639 Ἐπεὶ

2119 3661 2318 3739 σχεδὸν
2352 3665 2403 3719 oi
2431 3665 2629 3727 πάντες
2657 3664 2780 3720 ἄνευ
2811 3673 2912 3736 τῆς
2941 3692 2967 3718 ‹‹
3001 3665 3298 3742 ἐγκυκλίου
3329 3666 3592 3738 παιδείας,
3630 3696 3656 3722 ι)
3683 3674 3775 3726 καὶ

2118 3751 2447 3830 φιλοσοφίας
2505 3762 2605 3824 τῆς
2655 3753 3018 3825 Ἑλληνικῆς,
3076 3758 3128 3812 οἱ
3182 3753 3236 3811 δὲ
3295 3757 3383 3811 καὶ
3415 3754 3539 3812 ἄνευ
3591 3779 3776 3833 γραμ-

2121 3843 2417 3917 μάτων,τῇ
2469 3843 2587 3915 θείᾳ
2641 3845 2731 3900 καὶ
2785 3841 3044 3922 βαρϐάρῳ
3095 3841 3403 3916 κινηθέντες
3453 3846 3774 3925 φιλοσοφία,

2116 3929 2340 4006 δυνάμει
2373 3935 2606 4007 τὸν
2638 3934 2763 4010 περὶ
2823 3937 2957 3989 Θεοῦ
3007 3931 3094 3988 διὰ
3152 3933 3383 3997 πίστεως
3425 3933 3774 4014 παρειληφαο

2117 4043 2211 4094 μεν
2239 4022 2430 4095 Λόγον,
2460 4021 2746 4098 αὐτουργῷ
2776 4023 2941 4101 σοφίᾳ
2969 4020 3422 4098 πεπαιδευμένοι.
3453 4027 3522 4083 ’Ὁ
3566 4022 3624 4080 δέ
3657 4028 3775 4099 μεθ’

2114 4110 2300 4182 ἑτέρου
2330 4117 2501 4182 ποιεῖ,
2549 4110 2740 4176 ἀτελὲς
2800 4108 2858 4168 ὅν
2918 4113 3038 4178 καθ’
3095 4112 3227 4169 αὐτὸ
3278 4113 3528 4190 ἐνεργεῖν,
3586 4135 3776 4193 συνερ-

2111 4206 2208 4277 γόν
2241 4223 2415 4279 φαμεν
2474 4202 2563 4257 καὶ
2623 4203 2914 4270 συναίτιον,
2963 4203 3072 4260 ἀπὸ
3145 4208 3242 4260 τοῦ
3294 4205 3567 4262 συναιτίου
3597 4217 3771 4262 αἴτιον

2116 4292 2381 4368 ὑπάρχειν
2417 4295 2553 4364 (81),
2585 4292 2692 4348 ἀπὸ
2751 4298 2848 4348 τοῦ
2907 4295 3077 4368 ἑτέρῳ
3129 4296 3430 4365 συνελθείν,
3463 4294 3635 4352 α’ίτιον
3683 4299 3771 4374 γί-

2107 4393 2325 4458 γνεσθαι
2357 4381 2773 4455 ὠνομασμένονο
2806 4385 2926 4447 καθ’
2976 4383 3134 4438 ἑαυτὸ
3193 4381 3249 4439 δὲ
3282 4385 3358 4457 μή
3407 4382 3658 4441 δύνασθαι
3708 4387 3770 4442 τὸ

2112 4470 2460 4544 ἀποτέλεσμα
2518 4471 2581 4526 τὸ
2635 4473 2754 4528 κατ’
2799 4472 3059 4542 ἀλήθειαν
3093 4473 3379 4550 παρέχειν.
3438 4475 3620 4532 Καίτοι
3677 4477 3770 4532 καὶ

2104 4563 2223 4616 καθ’
2252 4561 2446 4630 ἑαυτὴν
2479 4557 2726 4616 ἐδικαίου
2749 4565 2859 4634 (82)
2888 4583 3021 4618 ποτε
3051 4571 3142 4618 καί
3200 4565 3235 4633 ἡ
3290 4562 3586 4643 φιλοσοφία
3643 4564 3769 4630 τοὺς

2105 4796 2317 4874 σοφίαν·
2350 4798 2411 4853 id
2442 4804 2581 4874 este
2613 4815 2811 4874 neque
2863 4804 2931 4855 ut
2988 4816 3230 4856 causam
3269 4801 3418 4874 sine
3441 4819 3560 4874 qua
3617 4820 3763 4872 non,

2103 4871 2431 4947 statuentes
2445 4871 3014 4947 philosophiammut
3029 4871 3532 4942 quemadmodum
3551 4875 3610 4930 in
3627 4871 3772 4947 prasi-

2102 4942 2451 4998 cedentibus
2483 4942 2769 5018 membris
2791 4943 3115 5018 nominata
3144 4951 3234 5018 est
3251 4961 3432 5001 causa
3449 4942 3764 5018 adjuvans,

2101 5021 2160 5069 et
2190 5031 2370 5070 causa
2399 5016 2714 5070 continens
2739 5033 2753 5082 ;
2788 5015 2870 5071 ita
2900 5016 2996 5071 hic
3031 5016 3399 5087 exprimatur
3428 5015 3610 5074 causa
3633 5015 3767 5076 sine

2099 5103 2418 5212 (Sipamijiocp;
2472 5087 2628 5143 sicut
2687 5088 2842 5144 infra
2899 5104 3137 5160 quoque
3197 5106 3255 5160 p.
3321 5092 3442 5159 180,
3476 5093 3601 5160 332,
3635 5092 3765 5149 333.

2177 5176 2206 5212 L
2283 5177 2313 5212 ιι
2361 5199 2373 5212 .

2142 5175 2373 5214 YLBURG.

2169 5231 2282 5303 (80)
2342 5229 2599 5303 Δυένάμει.
2661 5231 2976 5303 Respicere
3035 5232 3268 5303 videtur
3329 5235 3498 5289 Rom.
3562 5250 3602 5300 ι,
3674 5236 3762 5290 4ε

2095 5303 2205 5377 Τοῦ
2233 5300 2704 5377 ὁρισθέντοςλϊῖοῦ
2738 5300 2871 5357 Θεοῦ
2931 5301 3003 5377 ἐν-
3043 5301 3293 5377 δυνάμει..
3351 5304 3486 5358 κατὰ
3537 5307 3762 5377 Πνεῦμα

2093 5371 2712 5450 ᾁγιωσύνηςχΙιΤὺθδερ.
2747 5393 2784 5443 ι,
2815 5378 2890 5450 5_:_
2916 5375 3017 5450 ΔΤὸ
3048 5371 3394 5450 Εὐαγγέλιον
3431 5379 3594 5447 ἡμῶν
3625 5371 3768 5450 οὐκ

2092 5442 2324 5521 ἐγενηθη
2350 5443 2402 5500 ἐν
2437 5442 2587 5521 λόγῳ
2621 5447 2811 5518 μόνον,
2841 5445 2986 5502 ἀλλᾶ
3011 5448 3099 5502 καὶ
3159 5442 3222 5502 ἐν’
3269 5442 3520 5521 δυνάμει,
3554 5448 3640 5503 καὶ
3703 5447 3759 5504 ἐν

2089 5515 2368 5644 {ha-ipa:
2426 5515 2587 5592 ἁγίῳ·
2622 5515 2743 5576 ’νει
2824 5521 3009 5577 alium
3068 5522 3268 5577 locum
3329 5515 3423 5578 his
3476 5515 3765 5578 consimi-

2114 5607 2228 5644 em.

2114 5607 2228 5645 em.

2158 5664 2272 5729 (8t)
2302 5659 2616 5740 ’Υπάςῡςειψ
2651 5663 2708 5718 Si
2751 5664 2883 5733 quis
2916 5663 3088 5721 malit
3143 5665 3526 5736 participium
3583 5662 3760 5740 ὑπάρ-

2087 5751 2342 5808 χοννρθίιη
2372 5733 2669 5808 melicet:
2766 5805 2780 5808 Α
3145 5733 3162 5736 -
3361 5733 3380 5736 -
3695 5733 3704 5740 ,
3776 5776 3782 5780 ἡ

2155 5803 2268 5876 (8‘2)
2303 5803 2598 5881 Ἑδικαίου.
2632 5805 2797 5881 conf.
2833 5823 2965 5878 quae
3021 5809 3299 5881 superius
3331 5809 3481 5865 dixit
3524 5815 3756 5880 auctor,

2084 5894 2215 5950 pag.
2240 5881 2345 5934 262
2377 5878 2518 5936 edit.
2551 5877 2742 5936 Paris.
