4120 6412
398 383 504 439 81³7
1758 375 2205 435 ΘΤΒΟΜΔἸὋΜ
2245 375 2378 430 LIB.
2421 375 2465 430 Ι.
3723 384 3828 439 818

396 507 700 580 Ἕλληνας,
734 507 833 563 οὐκ
862 505 940 572 είς
993 507 1091 576 τήν
1151 503 1394 569 καθόλου
1455 503 1513 561 δὲ
1573 502 1940 574 δικαιοσύνην,
1975 501 2036 556 εἷς

2169 517 2275 574 per
2291 517 2353 556 se
2373 501 2607 572 cperari
2628 505 2904 572 nequeat,
2923 517 3166 557 causam
3184 509 3606 576 cooperantem
3621 513 3827 566 etcon-

397 597 463 669 ἣν
517 597 822 672 εὑρίσκεται
881 597 1163 672 συνεργὸς,
1223 595 1470 670 καθάπερ
1526 596 1616 650 καὶ
1648 595 1916 669 ὁπρὼτος
1969 613 2036 647 κα

2161 608 2406 647 causam
2447 591 2722 652 dicimus.
2758 598 2821 646 ut
2852 592 3012 664 quod
3045 609 3114 646 ex
3133 595 3554 665 conjunctione
3586 616 3652 655 ac
3685 619 3822 657 con-

399 690 428 746 6
460 685 710 764 δεύτερος
749 688 962 763 βαθμὸς
1015 690 1096 758 τῷ
1147 683 1221 748 είς
1281 685 1344 740 τὸ
1406 686 1652 760 ὑπερῷον
1707 679 1935 750 ἀνιόντι,
1967 702 2036 736 κα

2165 682 2489 737 sociatione
2533 699 2727 737 causa:
2761 682 3005 737 alterius
3039 699 3258 738 nomen
3290 702 3483 741 causa;
3519 694 3820 763 meruerit,

397 779 427 836 6
485 777 912 854 γραμματιστὴς
966 781 1047 848 τῷ
1105 775 1565 851 φιλοσοφησοντυ
1631 773 1739 848 οὐχ
1792 773 1866 834 ὡς
1922 792 2036 826 κατε

2162 788 2269 844 per
2288 789 2348 826 se
2367 779 2565 826 autem
2585 789 2707 826 non
2733 773 2925 844 possit
2945 789 3146 827 verum
3171 775 3444 830 effectum
3473 779 3819 847 producere.

395 869 494 937 τὴν
529 866 805 945 ἀφαίρεσιν
834 865 1002 932 αὐτῆς
1032 862 1157 934 ἤτοι
1206 863 1482 920 ἐλλείπειν
1533 868 1612 936 τῷ
1663 861 1905 917 καθόλου
1952 859 2059 915 Λό-

399 979 507 1034 γῳ,
538 957 573 1026 ἢ
599 957 936 1031 ἀναιρεῖσθαι
967 956 1065 1024 την
1099 954 1382 1024 ἀλήθειαν·
1419 953 1533 1009 ἐπεὶ
1566 953 1653 1008 καὶ
1687 956 1722 1022 ἡ
1756 949 1881 1026 ὄψις
1917 972 2056 1023 συμ-

396 1042 684 1112 ϐάλλεται,
714 1046 804 1101 καὶ
848 1047 883 1115 ἡ
947 1044 1111 1113 ἀκοή,
1171 1043 1261 1098 καὶ
1293 1046 1328 1114 ἡ
1361 1045 1515 1122 φωνή
1582 1043 1714 1117 πρὸς
1771 1041 2053 1112 ἀλήθειαν·

394 1139 520 1197 νοῦς
575 1133 631 1191 δὶ
689 1137 718 1192 6
774 1134 1057 1211 γνωρίζων
1113 1133 1280 1203 αὐτὴν
1340 1137 1657 1211 προσφυῶς.
1713 1130 1894 1188 Ἀλλὰ
1943 1134 2055 1186 τῶν

395 1229 670 1302 συνεργῶν
724 1225 792 1282 τὰ
853 1226 949 1298 μὲν
1008 1222 1260 1294 πλείονα,
1315 1224 1384 1278 τὰ
1422 1219 1468 1279 δ’
1501 1222 1766 1278 ἐλάσσονα
1813 1221 2052 1298 προσφέ-

393 1334 542 1390 ρεται
575 1311 830 1388 δύναμιν.
882 1315 946 1370 Ἣ
975 1318 1103 1389 γοῦν
1159 1314 1427 1391 σαφήνεια
1479 1316 1727 1387 συνεργεῖ
1773 1310 1911 1386 πρὸς
1952 1310 2052 1378 τὴν

388 1401 689 1478 παράδοσιν
747 1407 846 1470 τῆς
904 1402 1188 1474 ἀληθείας·
1247 1403 1339 1458 καὶ
1370 1404 1407 1472 ἡ
1440 1399 1759 1470 διαλεκτική
1811 1399 1949 1474 πρὸς
1988 1399 2052 1453 τὸ

392 1493 469 1566 μὴ
534 1493 859 1549 ὑποπίπτειν
918 1498 1040 1555 ταῖς
1090 1491 1556 1568 κατατρεχούσαις
1615 1488 1902 1566 αἱρέσεσιν.
1934 1489 2048 1546 Αὖ-

385 1581 621 1652 τοτελὴς
654 1583 746 1656 μὶν
777 1584 873 1638 οὗν
905 1582 995 1639 καὶ
1053 1579 1364 1656 ἀπροσδεής
1419 1584 1454 1652 ἡ
1513 1581 1649 1636 κατᾶ
1689 1581 1781 1636 τὸν
1817 1586 2050 1650 Σωτῆρα

391 1668 737 1740 διδασκαλία,
772 1697 801 1724 ‹‹
835 1669 1065 1745 δύναμις
1095 1670 1229 1726 οῦσα
1262 1675 1370 1743 (83)
1391 1671 1480 1726 καὶ
1513 1670 1676 1745 σοφία
1699 1674 1795 1725 τοῦ
1825 1673 1985 1734 Θεοῦ,
2017 1689 2044 1722 ι

387 1765 693 1834 προσιοῦσα
737 1758 795 1816 δὲ
842 1760 1138 1839 φιλοσοφία
1182 1763 1217 1830 ἡ
1247 1758 1569 1830 Ἑλληνικὴ,
1624 1759 1691 1814 οὗ
1743 1756 2042 1814 δυνατωτέ-

2162 863 2510 932 Quanquam
2547 878 2651 932 per
2681 877 2744 916 se
2776 878 3011 933 quoque
3043 862 3367 933 aliquando
3392 867 3821 939 Graacosjusti-

2163 950 2378 1005 ﬁcabat
2407 951 2807 1022 philosophia,
2844 951 2947 1006 sed
2979 967 3099 1006 non
3141 952 3415 1009 universa
3447 971 3513 1010 ac
3561 958 3822 1028 perfecta

2151 1039 2408 1112 justitia,
2443 1039 2516 1095 ad
2550 1057 2730 1111 quam
2761 1041 3242 1112 consequendam
3265 1052 3638 1115 cooperatur,
3666 1050 3824 1104 velut

2159 1129 2392 1201 primus
2425 1135 2483 1184 et
2514 1130 2812 1185 secundus
2843 1130 3061 1203 gradus
3092 1131 3170 1199 ei,
3199 1133 3299 1203 qui
3331 1136 3680 1191 ascenditin
3703 1157 3817 1193 coe-

2157 1219 2442 1274 naculum
2469 1239 2482 1286 ;
2518 1223 2577 1274 et
2607 1221 3030 1292 grammaticus
3061 1221 3135 1288 ei,
3171 1222 3272 1292 qui
3313 1228 3402 1277 est
3429 1224 3816 1298 philosopha-

2157 1311 2345 1363 turus.
2377 1309 2502 1363 Non
2526 1309 2706 1381 quod,
2732 1309 2842 1364 hac
2866 1309 3120 1375 sublata,
3144 1311 3464 1367 universali
3487 1314 3637 1386 Logo
3661 1318 3813 1372 I38

2156 1397 2312 1454 desit
2341 1397 2590 1469 ali-quid,
2628 1397 2715 1453 vel
2750 1398 3080 1470 perimatur
3107 1400 3323 1455 veritas
3350 1417 3362 1454 :
3396 1418 3530 1456 cum
3555 1410 3612 1458 et
3634 1406 3811 1474 visus,

2158 1493 2216 1542 et
2244 1486 2504 1555 auditus,
2539 1493 2597 1542 et
2627 1503 2735 1541 vox
2765 1487 3033 1543 conferat
3062 1489 3137 1543 ad
3167 1490 3495 1558 veritatem,
3517 1509 3684 1548 mens
3707 1512 3808 1550 au-

2154 1579 2274 1630 tem
2310 1575 2404 1641 sit,
2433 1593 2564 1646 quas
2609 1591 2739 1630 eam
2773 1577 3126 1632 naturaliter
3147 1586 3482 1650 cognoscat.
3516 1582 3627 1636 Sed
3651 1585 3810 1638 exiis

2155 1663 2419 1736 quidem,
2455 1682 2586 1736 quae
2613 1671 3027 1737 cooperantur,
3076 1667 3194 1722 alia
3223 1669 3462 1738 quidem
3495 1671 3806 1743 majorem,

2151 1753 2270 1809 alia
2300 1769 2435 1808 vero
2466 1753 2759 1808 minorem
2783 1754 2904 1807 vim
2931 1755 3237 1811 adhibent.
3268 1758 3667 1829 Perspicuitas
3700 1763 3804 1816 ita-

391 1869 484 1926 ραν
517 1853 668 1904 ποιεῖ
719 1850 820 1917 τήν
881 1848 1164 1919 ἀλήθειαν,
1221 1847 1350 1904 ἀλλ’
1407 1846 1667 1903 ἀδύνατον
1723 1849 2036 1924 παρέχουσα

2156 1859 2271 1915 que
2301 1851 2657 1914 cooperatur
2683 1843 2745 1896 in
2794 1843 3114 1898 traditione
3139 1845 3401 1900 veritatis
3427 1864 3439 1911 ;
3473 1847 3804 1916 dialectica,

385 1940 486 2009 τήν
543 1940 662 1994 κατ’
714 1937 884 2005 αὐτῆς
941 1939 1262 2018 σοφιστικήν
1320 1937 1664 2015 ἐπιχείρησιν
1697 1983 1711 2008 ,
1787 1936 1875 1991 καὶ
1922 1933 2038 1990 δια-

384 2028 694 2101 κρουομένη
725 2027 822 2090 τὰς
864 2025 1095 2104 δολεράς
1148 2027 1286 2082 κατὰ
1337 2033 1438 2096 τῆς
1496 2025 1756 2096 ἀληθείας
1812 2019 2038 2079 ἐπιϐου-

385 2115 508 2185 λὰς,
543 2141 572 2170 ‹‹
604 2118 853 2196 φραγμὸς
883 2120 996 2190 (84)
1027 2141 1055 2169 ››
1090 2116 1292 2178 οἰκεῖος
1323 2119 1437 2188 (85)
1486 2113 1696 2190 εἵρηται
1749 2114 1838 2170 καὶ
1886 2125 2036 2188 θριγ-

380 2206 478 2268 κὸς
521 2207 656 2260 εἴναι
706 2230 734 2257 ‹‹
765 2209 862 2260 τοῦ
915 2203 1268 2278 ἀμπελῶνος.
1306 2227 1332 2253 ιι
1388 2203 1485 2258 Καὶ
1520 2205 1556 2273 ἡ
1594 2204 1712 2275 μὶν,
1745 2202 1821 2264 ὡς
1853 2199 2035 2275 ἄρτος,

377 2295 636 2371 ἀναγκαία
667 2294 804 2368 πρὸς
835 2295 896 2349 τὸ
957 2297 1079 2367 ζῇν,
1109 2295 1144 2363 ἡ
1178 2292 1317 2349 κατὰ
1371 2294 1470 2362 τὴν
1534 2291 1718 2348 πίστιν
1780 2291 2032 2362 ἀλήθεια·

377 2389 414 2456 ἠ
440 2382 772 2461 προπαιδεία
802 2382 860 2440 δὶ
891 2385 1142 2457 προσοψή
1157 2404 1283 2456 ματι
1330 2379 1501 2438 ἔοικεν
1557 2382 1646 2438 καὶ
1701 2384 2034 2458 τραγηματι.

381 2498 410 2528 ι(
444 2476 672 2530 Δείπνου
703 2475 813 2541 (86)
847 2471 905 2528 δὶ
935 2472 1223 2547 λήγοντος,
1263 2470 1438 2548 γλυκὺ
1495 2471 1804 2547 τρωγάλιον
1842 2475 1971 2542 187),
2007 2496 2030 2524 ι

378 2566 516 2620 κατά
535 2566 628 2620 τὸν
660 2558 900 2633 Θηϐαῖον
951 2561 1255 2637 Πίνδαρον.·
1301 2563 1594 2636 ’Άντικρυς
1653 2559 1710 2616 δὲ
1766 2560 1971 2632 ἐξεῖπεν
1999 2563 2034 2630 ἡ

383 2655 609 2730 Γραφή·
675 2674 704 2704 ι(
764 2651 1204 2726 Πανουργότερος
1264 2653 1378 2724 (88)
1430 2647 1578 2704 ἔσται
1634 2646 1858 2719 ἄκακος,
1914 2671 2038 2704 συν-

387 2744 505 2798 ιών·
541 2743 570 2797 6
603 2739 661 2796 δὲ
691 2761 857 2817 σοφος
916 2738 1116 2813 δέξεται
1173 2744 1388 2813 γνῶσιν.
1423 2763 1451 2792 ι»
1513 2738 1615 2796 Καὶ
1648 2761 1677 2791 ‹‹
1732 2740 1761 2794 6
1795 2740 1888 2812 μὲν
1946 2740 2034 2818 ἀφ’

382 2833 574 2888 ἑαυτοῦ
607 2825 792 2886 λαϐὼν
825 2832 960 2904 (89),
990 2831 1090 2899 τήν
1126 2826 1280 2902 δόξαν
1321 2829 1419 2898 τὴν
1481 2825 1619 2883 ἰδίαν
1659 2833 1832 2899 ζητεῖ,
1866 2851 1895 2881 ››
1927 2849 2032 2905 φη-

380 2923 462 2978 σίν
496 2924 525 2978 6
558 2921 773 2996 Κύριος·
837 2944 865 2974 ‹‹
899 2920 928 2974 6
959 2916 1019 2975 δὶ
1051 2923 1228 2990 ζητῶν
1286 2919 1386 2987 τήν
1447 2915 1604 2990 δόξαν
1657 2923 1755 2973 τοῦ
1793 2920 2036 2992 πὶμψαν-

374 3033 472 3076 τος
504 3010 666 3067 αὐτὸν
697 3009 912 3080 ἀληθής
964 3010 1099 3077 ἔστι,
1142 3007 1234 3064 καὶ
1288 3005 1474 3064 ἀδικία
1523 3009 1626 3064 οὐκ
1682 3002 1824 3063 ἔστιν
1853 3008 1904 3064 ἐν
1937 3009 2032 3064 αὐ-

371 3107 474 3174 τῷ.
508 3125 536 3154 ››
568 3099 850 3172 Ἒμπαλιν
899 3097 990 3154 οῦν
1042 3096 1220 3154 ἀδικεῖ
1251 3099 1280 3153 6
1320 3099 1773 3176 σφετερισάμενος
1804 3099 1874 3153 τὰ
1906 3099 2034 3174 βαρ·

374 3185 578 3266 ϐάρων,
607 3189 697 3244 καὶ
743 3190 816 3250 ὡς
872 3185 1014 3243 ῗδίαν
1051 3189 1158 3261 (90)
1191 3186 1402 3262 αὐχῶν,
1459 3187 1558 3254 τήν
1619 3187 1812 3241 ἑαυτοῦ
1871 3184 2026 3260 δόξαν

373 3277 571 3352 αὔξων,
603 3279 692 3333 καὶ
740 3274 1079 3351 ψευδόμενος
1118 3277 1218 3344 τήν
1253 3274 1546 3345 ἀλήθειαν·
1604 3276 1760 3338 οὗτος
1785 3273 2028 3346 κλέπτης

379 3369 483 3424 ὑπὸ
557 3375 660 3438 τῆς
735 3373 957 3441 Γραφῆς
1030 3363 1270 3441 ε’ίρηται.
1347 3365 1495 3435 Φησὶ
1568 3369 1721 3438 γοῦν·
1800 3390 1829 3417 ‹‹
1890 3366 2029 3434 Υἱὲ,

381 3459 458 3531 μή
487 3457 643 3532 γίνου
685 3454 943 3530 ψεύστης·
1007 3452 1202 3529 ὁδηγεῖ
1253 3454 1354 3526 γὰρ
1404 3455 1467 3509 τό
1499 3457 1715 3527 ψεῦσμα
1763 3455 1899 3530 πρὸς
1931 3457 2030 3523 την

377 3538 621 3608 κλοπήν.
657 3561 685 3589 ››
717 3534 861 3604 Ἤδη
897 3535 955 3590 δὲ
985 3536 1012 3589 6
1042 3534 1310 3604 κλεπτης,
1358 3533 1492 3608 ὅπερ
1552 3534 1881 3612 ὑφελόμενος
1916 3534 2032 3612 ἔχει

381 3626 602 3698 ἀληθῶς
635 3625 776 3701 ἔχει,
807 3624 902 3680 κᾶν
937 3625 1170 3700 χρυσίον
1203 3625 1262 3696 ᾖ,
1293 3623 1388 3678 κᾶν
1422 3621 1677 3700 ἄργυρος,
1708 3623 1804 3679 κᾶν
1841 3624 2034 3699 λόγος,

380 3713 476 3771 κᾶν
512 3713 709 3791 δόγμα.
770 3717 868 3771 Ἐκ
921 3713 1120 3787 μέρους
1177 3713 1357 3767 τοίνυν
1390 3711 1423 3766 ἃ
1452 3711 1805 3789 κεκλόφασιν,
1854 3713 2036 3784 ἀληθῆ

386 3805 505 3879 μὶν,
538 3808 914 3880 στοχαπικῶς
967 3799 1025 3857 δὲ
1079 3801 1167 3856 καὶ
1228 3806 1346 3862 ταῖς
1405 3805 1512 3855 τῶν
1569 3800 1752 3878 λόγων
1781 3801 2040 3879 ἀνάγκαις

379 3891 529 3950 ἔσασι
563 3937 578 3964 ,
639 3891 1071 3966 μαθητευθέντες
1122 3888 1253 3963 οὖν,
1311 3888 1743 3961 καταληπτικῶς
1799 3890 2039 3968 ἐπιγνώ-

379 4004 564 4039 σονται
575 4026 588 4041 .

2153 1949 2229 1988 ne
2260 1938 2712 2004 prosternamur
2735 1930 2808 1986 ab
2831 1932 3178 2000 haeresibus,
3199 1950 3329 2004 quas
3360 1935 3586 1992 faciunt
3607 1939 3806 1994 incur-

2146 2022 2367 2086 siones,
2399 2021 2658 2093 adjuvat.
2692 2021 2793 2075 Est
2821 2027 3022 2076 autem
3047 2037 3152 2092 per
3183 2038 3244 2076 se
3275 2024 3556 2095 perfecta,
3592 2033 3650 2080 et
3670 2028 3802 2082 nul-

2143 2110 2261 2166 lius
2292 2110 2494 2182 indiga
2523 2109 2846 2164 Servatoris
2887 2109 3178 2178 doctrina,
3211 2127 3346 2166 cum
3379 2112 3456 2167 sit
3487 2137 3512 2162 ‹‹
3564 2116 3664 2170 Dei
3695 2117 3808 2170 vir.

2143 2204 2240 2255 tus
2271 2205 2330 2254 et
2359 2199 2653 2271 sapientia
2676 2216 2689 2266 ;
2726 2220 2754 2248 »
2785 2198 3075 2254 accedens
3097 2205 3297 2255 autem
3324 2202 3526 2258 Grasca
3546 2205 3808 2274 phi1050'

2143 2289 2304 2362 phia,
2337 2289 2646 2344 veritatem
2678 2303 2799 2344 non
2838 2287 2980 2343 facit
3028 2289 3464 2360 potentiorem;
3519 2294 3623 2347 sed
3673 2312 3808 2351 cum

2144 2379 2373 2434 debiles
2405 2378 2626 2434 efﬁciat
2657 2378 3061 2448 sophistarum
3110 2379 3396 2435 adversus
3449 2397 3580 2436 eam
3633 2400 3808 2456 argu-

2143 2468 2564 2534 mentationes,
2599 2473 2658 2522 et
2686 2467 2998 2538 propulset
3026 2467 3263 2524 dolosas
3285 2470 3569 2526 adversus
3593 2474 3808 2529 verita—

2142 2562 2264 2612 tem
2295 2555 2570 2619 insidias,
2603 2555 2762 2610 dicta
2799 2560 2890 2610 est
2920 2578 2947 2604 «
2980 2556 3165 2611 vineae
3198 2579 3226 2605 »
3255 2563 3392 2629 apta
3427 2577 3451 2606 ι
3485 2576 3654 2632 sepes
3686 2584 3713 2612 »
3749 2568 3806 2616 et

2141 2644 2351 2700 vallus.
2385 2646 2456 2698 Et
2484 2660 2554 2699 ea
2578 2643 2822 2715 quidem
2853 2644 3088 2714 veritas,
3140 2662 3271 2716 quas
3305 2646 3421 2702 fide
3453 2649 3800 2720 percipitur,

2142 2739 2428 2806 tanquam
2459 2734 2632 2805 panis
2663 2734 3004 2790 necessaria
3033 2740 3124 2790 est
3160 2735 3234 2790 ad
3282 2736 3635 2805 vivendum;
3668 2757 3799 2810 quae

2141 2830 2342 2881 autem
2373 2822 2658 2895 praecedit
2695 2823 3033 2894 disciplina,
3083 2828 3173 2878 est
3219 2825 3465 2880 obsonio
3498 2829 3711 2883 similis
3743 2835 3802 2884 et

2141 2911 2410 2968 bellariis
2437 2928 2450 2964 :
2486 2933 2514 2962 «
2548 2911 2868 2967 Desinente
2895 2928 3029 2967 vero
3061 2928 3248 2979 coena,
3273 2931 3467 2970 suavxs
3490 2916 3798 2986 placentu-

2142 3002 2220 3068 la,
2258 3023 2285 3050 »
2311 3006 2377 3056 ut
2403 3001 2488 3056 ait
2511 3001 2803 3056 Pindarus
2824 3001 3161 3058 Thebanus.
3186 3005 3403 3074 Aperte
3430 3010 3630 3060 autem
3658 3006 3802 3061 dicit

2142 3092 2482 3164 Scriptura:
2535 3112 2565 3140 «
2619 3091 2883 3146 Astutior
2934 3092 3046 3146 erit
3094 3092 3369 3163 simplex,
3415 3094 3798 3167 intelligens:

2145 3182 2384 3252 sapiens
2401 3185 2599 3236 autem
2619 3180 2904 3250 suscipiet
2921 3181 3323 3252 cognitionem
3342 3182 3439 3252 (a).
3468 3205 3495 3231 »
3519 3185 3615 3238 Et:
3643 3205 3666 3234 ι
3694 3185 3801 3249 Qui

2142 3288 2178 3326 a
2208 3287 2270 3326 se
2303 3271 2431 3341 ipso
2463 3268 2707 3339 quidem
2740 3269 2988 3341 accepit,
3023 3269 3272 3342 gloriam
3299 3273 3600 3343 propriam
3641 3291 3802 3344 qua:-

2142 3361 2241 3421 rit,
2273 3381 2302 3411 »
2332 3359 2529 3430 inquit
2560 3358 2846 3413 Dominus
2872 3376 2885 3412 :
2913 3380 2940 3408 «
2974 3361 3070 3430 qui
3097 3366 3293 3414 autem
3325 3362 3801 3434 quaaritgloriam

2145 3449 2296 3520 ejus,
2330 3447 2430 3518 qui
2464 3446 2628 3501 misit
2656 3446 2874 3517 ipsum,
2905 3463 3078 3502 verus
3111 3453 3219 3513 est,
3254 3455 3311 3502 et
3355 3449 3649 3520 injustitia
3677 3468 3799 3506 non

2147 3542 2236 3592 est
2260 3537 2322 3591 in
2344 3537 2473 3608 ipso
2494 3537 2594 3605 (b).
2644 3557 2672 3584 η
2699 3536 2917 3590 Contra
2946 3535 3123 3608 igitur
3149 3553 3210 3591 se
3241 3537 3462 3606 injuste
3494 3539 3662 3610 gerit,
3699 3542 3799 3610 qui

2147 3624 2585 3698 sibiZusurpavit
2602 3641 2689 3690 ea,
2715 3641 2845 3696 quae
2862 3624 3422 3689 suntbarbarorum,
3443 3632 3502 3680 et
3515 3633 3798 3698 tanquam

2149 3715 2450 3788 propriam
2474 3715 2733 3785 jactans,
2768 3730 2936 3769 suam
2969 3730 3190 3786 augens
3220 3714 3490 3787 gloriam,
3516 3722 3575 3771 et
3595 3734 3796 3772 emen-

2149 3806 2308 3861 tiens
2336 3805 2644 3860 veritatem
2672 3821 2683 3858 :
2718 3803 2768 3857 is
2797 3802 2893 3858 fur
2929 3803 3122 3858 dictus
3153 3809 3245 3859 est
3291 3821 3324 3860 a
3355 3805 3674 3876 Scriptura.
3713 3808 3802 3862 Di-

2150 3899 2230 3955 cit
2259 3898 2497 3968 itaque:
2531 3919 2558 3946 ‹‹
2593 3895 2722 3952 Fili.
2754 3912 2831 3950 ne
2878 3895 2961 3950 sis
3011 3895 3305 3962 mendax;
3355 3897 3595 3952 deducit
3644 3901 3802 3954 enim

2149 3988 2529 4045 mendacium
2563 3986 2636 4042 ad
2668 3986 2912 4041 furtum.
2946 4007 2974 4036 »
3008 3987 3135 4041 Jam
3167 3992 3364 4042 autem
3395 3989 3492 4041 fur
3535 3988 3615 4053 id,
3647 3989 3805 4059 quod

379 4075 560 4132 habet
589 4079 953 4147 surreptam,
983 4089 1121 4129 vere
1148 4072 1345 4129 habet.
1379 4073 1615 4130 etiamsi
1646 4074 1724 4130 sit
1747 4091 1982 4148 aurum,
2017 4079 2252 4138 etiamsi
2281 4078 2346 4142 ›ι‹
2373 4083 2706 4150 argentum,
2757 4075 2993 4132 etiamsi
3043 4075 3254 4143 oratio,
3289 4077 3521 4132 etiamsi
3572 4078 3806 4149 dogma.

447 4217 512 4281 ›χ‹
540 4219 604 4274 P.
631 4217 735 4272 378
766 4217 879 4272 El).
911 4216 1206 4283 POTTER,
1237 4217 1342 4270 320
1379 4216 1492 4271 ΕΒ.
1525 4217 1757 4274 PARIS.
1788 4221 1867 4293 (a)
1895 4223 2036 4278 Prov

2152 4240 2224 4291 xi,
2260 4225 2346 4278 11.
2370 4221 2449 4294 (b)
2476 4221 2644 4276 Joan.
2677 4235 2773 4287 vn,
2804 4219 2889 4275 18.

449 4373 564 4440 (83)
598 4367 836 4440 Δῦναμις
869 4363 1021 4422 οὖσα.
1066 4365 1344 4440 Respicit
1394 4368 1419 4422 Ι
1475 4369 1606 4426 Cor.
1670 4387 1707 4440 ι,
1766 4374 1874 4426 24-:
1936 4371 2040 4428 Αὖ-

377 4447 494 4520 τοξς
526 4439 583 4496 δὲ
607 4445 725 4520 τοῖς
745 4436 982 4520 ξκλητοῖς
1017 4481 1031 4503 ,
1055 4436 1351 4520 ,Ἰουδαίοις
1380 4457 1440 4520 τε
1468 4440 1560 4493 καὶ
1589 4439 1830 4509 Ἕλλησι
1859 4486 1872 4512 ,
1909 4445 2040 4520 Χρι-

380 4515 505 4569 στὸν
533 4516 667 4569 Θεοῦ
697 4509 946 4585 δὸναμιν.
981 4509 1082 4585 καὶ.
1103 4512 1238 4563 Θεοῦ
1270 4509 1482 4585 σοφίαν.

451 4589 563 4658 (84)
591 4582 878 4660 Φραγμός.
911 4583 1234 4660 Respicere
1258 4582 1490 4660 videtur
1521 4585 1724 4660 Matth.
1767 4602 1888 4654 xxx,
1929 4589 1994 4660 33
2024 4605 2037 4642 :

377 4651 702 4733 Ἀνθρωπος
727 4651 800 4733 ἦν
831 4675 914 4717 τις
946 4651 1365 4733 οἰκοδεσπότης,
1399 4653 1546 4733 ὅστις
1571 4651 1882 4733 ’ἐφύτευσεν
1931 4658 2038 4731 ἀμ·

375 4725 620 4798 πελῶνα,
679 4730 770 4784 καὶ
826 4727 1076 4804 φραγμὸν
1128 4725 1264 4800 αὐτῇ
1323 4725 1648 4802 περιέθηκεί
1695 4729 1787 4785 vel
1835 4725 2037 4798 Isafv,

418 4848 562 4946 R85)
593 4871 824 4933 Οἷκεῖος.
850 4944 858 4946 _
887 4871 1181 4946 Lovvthius
1227 4869 1312 4946 ait
1345 4887 1356 4924 :
1429 4893 1452 4946 ‹)
1476 4872 1660 4946 _Forte
1715 4872 2034 4946 legendum

376 4941 596 5005 οἰκείως
665 4968 691 4993 »ι
725 4944 864 5001 Mihi
896 4943 983 4998 nil
1016 4941 1369 4998 mutandum
1400 4942 1651 4997 videtur.

450 5019 558 5080 (86.-
593 5013 843 5087 Δείπνου.
897 5013 1358 5087 Rel‘erturinter
1386 5013 1718 5087 fragmenta
1747 5015 1990 5070 Pindari
2018 5033 2031 5071 :

378 5086 610 5142 Δείπνου
633 5083 690 5140 δὲ
716 5087 1008 5160 λήγοντος.
1032 5082 1208 5160 γλυκῇ
1228 5082 1564 5160 τρωγάΛιξ-ν.
1582 5087 1650 5139 Et
1669 5087 1825 5160 apud
1853 5087 2000 5160 Athe
2018 5118 2032 5160 A-

377 5177 573 5230 naaum
603 5160 684 5230 lib
739 5155 851 5218 xiv.
887 5175 945 5230 p7
976 5159 1081 5211 274
1139 5156 1368 5230 aldina:
1428 5157 1566 5213 edit.
1606 5172 1637 5230 :_
1680 5155 1944 5230 Πίνδαρος
1976 5155 2033 5212 δὲ

374 5229 517 5287 ἐστιν
560 5231 588 5285 6
637 5229 826 5286 εἰπών·
861 5225 1094 5302 Ᾰείπνου
1148 5225 1206 5281 δὲ
1239 5226 1528 5302 λῄγνγτος.
1587 5226 1760 5300 γλυγὺ
1817 5225 2032 5302 τρωγά-

376 5303 520 5366 λιοθ,
552 5303 641 5377 καὶ
676 5304 798 5377 περὶ
827 5297 972 5377 nali?
1005 5300 1239 5377 ἀφθονον
1277 5297 1462 5372 βοράν.
1489 5297 1810 5377 ‘Int'erpres
1844 5297 2028 5377 _Dale-

375 5376 685 5448 champius
719 5372 793 5448 τᾷ
847 5374 933 5431 Ad
964 5372 1186 5429 exitum
1247 5372 1689 5448 ccenagtinquit'
1712 5375 2026 5448 Pindarus,

376 5443 903 5523 ᾲιιίοο’τρωγάλιον.
931 5451 990 5502 et
1020 5461 1341 5523 puerorum
1372 5443 1718 5523 _affluen_tem
1749 5446 1966 5523 cibum.
1994 5467 2021 5523 ιε

377 5516 663 5576 Subaudit
709 5516 1036 5591 ’περιέθεσαν
1065 5559 1096 5591 ._
1137 5516 1460 5591 Hesychius
1491 5533 1504 5571 :
1539 5516 1867 5591 _pryilia
1961 5516 2029 5591 τὰ

373 5593 699 5668 τραγήματα
747 5586 1019 5668 Α’ἀκωνες.
1069 5587 1298 5668 Pollu_x,
1349 5586 1661 5668 Τρωγάλια
1707 5586 1838 5668 esse
1885 5589 2030 5668 dicit

375 5659 582 5736 nuces,
615 5670 674 5719 et
706 5665 977 5736 mespila.
1031 5668 1090 5717 et
1132 5659 1584 5736 r_nala__punica_,_
1614 5667 1672 5716 et
1701 5661 1820 5736 alia
1869 5663 2026 5733 ejus-

375 5735 565 5806 modi.
594 5737 764 5806 Apud
796 5729 1036 5806 Silidam
1071 5729 1477 5806 :_pr1ci7uov,
1525 5731 1678 5806 οὕτω,
1714 5733 1781 5786 τά
1825 5729 2032 5806 τραγή-

379 5751 559 5793 moui.
594 5751 639 5791 Λ
684 5751 764 5794 ua
796 5751 1083 5794 sumam:
1132 5751 1260 5804 'l‘pw
1298 5751 1477 5793 αΛιον,
1525 5751 1668 5786 ουτω
1714 5752 1781 5786 τα
1825 5751 2025 5806 τοαγη-

379 5827 522 5881 ματα
550 5753 780 5865 ἐκάλουν
801 5807 854 5863 οἱ
879 5802 1125 5862 παλαιοί.
1151 5751 1335 5861 Paulo
1364 5808 1500 5877 post
1527 5805 1685 5879 apud
1707 5805 1983 5864 eumdem
2011 5822 2025 5873 ;

2149 4367 2402 4452 Τρωκτά,
2433 4369 2500 4452 τᾷ
2547 4366 2809 4452 κατακτᾶ,
2860 4371 3089 4452 corrige
3150 4388 3220 4428 ex
3251 4374 3659 4452 m‘anuscripto
3698 4390 3711 4428 τ
3742 4376 3810 4429 τὰ

2149 4439 2494 4519 κὰταρἀκτὰ
2529 4445 2664 4519 ⁸τῶν
2702 4439 2958 4519 ὀπωρῶν.
2993 4439 3085 4519 Sic
3127 4460 3258 4516 pag.
3293 4446 3395 4498 685
3431 4462 3445 4519 ζ
3481 4467 3508 4494 ‹‹
3543 4439 3804 4519 ίῙΓξὲοᾶῐΠ

2151 4513 2388 4588 quoque
2437 4513 2676 4588 attingit
2724 4513 3184 4586 philosophiam,
3211 4513 3302 4570 'ut
3349 4516 3449 4587 qui
3509 4518 3586 4572 sit
3612 4517 3802 4575 bella-

2151 4585 2329 4648 rium,
2365 4610 2392 4637 ››
2428 4591 2539 4641 etc.
2573 4585 2838 4641 COLLECT.

2223 4662 2334 4728 t87)
2376 4653 2557 4734 Γλυκρ
2596 4653 3056 4734 τριυγαλιονηΗ.⁸
3101 4674 3211 4712 ms.
3254 4655 3462 4734 γλυκέα
3496 4659 3798 4734 τρωγάλια.

2071 4708 2117 4772 D
2152 4708 2398 4786 stia'u'n'cf
2421 4708 2684 4784 ;_“*co..'r.
2717 4708 3791 4799 Xr'chaeblciétaamﬁosiiré"tsi-£35,473

2147 4820 2217 4868 iv,
2252 4820 2382 4868 cap.
2414 4802 2505 4855 20.

2215 4820 2840 4947 lggplligbupyéupog.
2907 4870 3149 4947 Yidetur
3206 4889 3276 4928 ea
3329 4881 3617 4946 spectare,
3669 4895 3799 4947 qua:

2146 4951 2286 5019 §unt
2314 4939 2329 4999 ἰ
2361 4961 2486 5019 cap.
2514 4939 2686 4999 Ρέὶόν.
2761 4945 2877 5019 ’ίνα
2907 4939 2986 5014 δῷ
3016 4944 3239 5004 ἀνάκοις
3268 4939 3618 5019 πανουργίανξ
3646 4939 3799 5002 παιδὶ

2144 5011 2202 5068 δε
2231 5014 2334 5091 νέῳ
2364 5011 2617 5082 α”σθησιν
2649 5015 2736 5068 καὶ
2793 5011 2998 5070 ἔννοιαν
3035 5033 3048 5070 ζ
3111 5037 3134 5067 (ι
3174 5021 3248 5072 Ut
3293 5019 3394 5073 det
3424 5011 3800 5091 simplicibus

2143 5089 2466 5164 astutiam;
2492 5105 2676 5160 puero
2707 5096 2905 5164 autem
2942 5105 3114 5164 n_ovo_,
3135 5105 3379 5144 sensum
3406 5098 3463 5145 et
3493 5089 3801 5164 cogitatio-

2141 5177 2302 5215 nem.
2338 5182 2366 5211 »
2412 5162 2628 5215 Versus
2679 5168 2769 5216 est
2798 5165 2830 5216 4
2863 5162 2922 5215 in
2977 5161 3200 5217 Latina.
3237 5168 3296 5214 et
3347 5186 3373 5211 ‹‹
3407 5161 3658 5217 audiens
3710 5181 3804 5219 sa—

2143 5232 2338 5303 piens,
2373 5233 2699 5303 sapientior
2748 5234 2876 5287 erit.
2919 5256 2937 5278 -
2991 5232 3080 5286 Ad
3129 5233 3372 5287 verbum
3435 5249 3502 5287 ex
3561 5234 3804 5290 Hebra'o

2141 5325 2167 5352 «
2204 5303 2385 5358 addet
2414 5303 2772 5364 doctrinam,
2810 5328 2834 5352 υ
2886 5304 2945 5358 id
2978 5309 3068 5358 est
3098 5304 3201 5358 fiet
3231 5304 3480 5366 doctior,
3515 5307 3802 5374 cognitio-

2140 5391 2280 5430 nem
2314 5376 2687 5445 promovebit
2717 5377 3080 5445 COLLEeT._-+
3114 5375 3376 5444 Respicit
3405 5383 3612 5429 auctor
3634 5379 3799 5433 Prov.

2138 5464 2255 5510 XXI,
2293 5443 2351 5522 1ξ1
2378 5463 2406 5522 ’ς
2443 5447 2828 5522 Ζημιουμένου
2860 5443 3684 5522 Δςὶῑιιολοὶ-στους’ττανουργγὸτερος
3715 5449 3796 5522 γί-

2137 5537 2281 5572 νεται
2311 5517 2338 5571 ὁ
2372 5514 2596 5591 ἄκακος,
2626 5514 2822 5591 συνιὼν
2857 5514 2914 5571 δὲ
2945 5516 3109 5591 σοφὸς
3140 5514 3340 5591 δέξεται
3371 5514 3593 5591 γνῶσιν.

2209 5592 2321 5662 (89)
2375 5585 2593 5648 Aa6cbv.
2647 5589 2865 5658 Ααλῶν,
2897 5585 3084 5656 Joari.,
3120 5589 3222 5644 ubi
3265 5585 3422 5656 mox,
3457 5590 3617 5651 οὗτος
3648 5590 3788 5662 ἀλη-

2261 5659 2424 5718 ἐστιν.

2205 5735 2320 5805 (90)
2350 5731 2532 5788 Ὶδίαν.
2562 5735 2733 5790 Forte
2765 5730 2898 5802 ίδιᾳ,
2925 5755 2951 5781 ι(
2985 5730 3258 5805 privatim
3295 5746 3309 5786 :
3345 5754 3366 5782 ι
3429 5734 3542 5801 vel,
3603 5733 3784 5803 ἰδίοις,

2135 5826 2164 5854 κ
2194 5803 2438 5880 proprio
2472 5830 2500 5856 ››
2527 5822 2742 5879 nempe
2771 5807 3034 5863 invento.
3067 5803 3342 5859 SYLBURG.
