4120 6396
348 334 457 393 867

1591 329 2005 389 CLEMENTIB
2038 329 2540 387 ALEXANDle

3665 332 3776 389 868

349 467 492 531 tius,
526 466 679 523 alter
708 480 841 520 vero
874 464 1077 529 Arcas,
1109 460 1210 532 qui
1242 460 1431 516 multa
1457 458 1662 515 multis
1699 456 1990 530 prmdixe-

2118 453 2146 508 6
2171 453 2266 525 μὲν
2290 453 2581 523 Βοιώτιος,
2604 453 2631 507 6
2655 448 2945 525 δὲἈρκάς,
2969 451 3157 510 πολλὰ
3177 459 3415 518 πολλοῖς
3434 455 3775 532 προαγορεύο

347 554 899 613 runt.Atheniensis
913 557 1113 607 autem
1130 549 1452 621 Amphileti
1467 547 1716 603 consilio
1732 547 1998 602 Pisistra-

350 652 449 701 tus
480 660 716 715 quoque
746 641 1118 697 confirmavit
1147 638 1548 710 tyrannidem,
1581 653 1720 693 cum
1746 636 1799 692 ei
1826 637 1998 690 inva-

350 734 526 790 dendi
560 739 792 802 tempus
822 730 1233 798 signiﬁcasset.
1257 731 1542 784 Taceatur
1573 728 1732 783 enim
1760 727 1999 781 Cometa

350 822 670 889 Cretensis,
685 820 930 889 Cinyras
943 819 1214 892 Cyprius,
1228 818 1515 873 Admetus
1527 814 2001 872 Thessalus.Ari-

351 910 951 984 staauspprremeus,
977 908 1373 979 Amphiaraus
1392 906 1794 972 Atheniensis,
1813 904 2002 958 Timo-

343 1018 489 1057 xeus
525 1001 889 1071 Corcyraeus,
924 999 1306 1053 Demaenetus
1333 996 1678 1061 Phocensis,
1714 994 2001 1066 Epigenes

347 1088 751 1160 Thespiensis,
797 1087 994 1143 Nicias
1043 1087 1366 1157 Carystius,
1417 1087 1615 1141 Aristo
1660 1083 2001 1150 Thessalus,

344 1179 666 1250 Dionysius
723 1176 1227 1249 Carthaginensis,
1278 1176 1586 1247 Cleophon
1635 1172 1998 1240 Corinthius,

343 1268 534 1340 Hippo
569 1267 694 1322 tilia
723 1266 1023 1330 Chironis,
1057 1271 1117 1321 et
1142 1266 1297 1333 Bceo,
1331 1270 1389 1319 et
1420 1266 1633 1329 Manto,
1661 1269 1719 1317 et
1745 1260 1997 1334 Sibylla-

341 1374 475 1413 rum
510 1356 705 1419 turba,
732 1354 948 1422 Samia,
971 1354 1363 1426 Colophonia,
1392 1354 1649 1419 Cumaea,
1674 1352 1998 1423 Erythraea,

342 1447 551 1517 Phyto,
583 1444 980 1502 Taraxandra.
1016 1443 1275 1507 Macetis,
1297 1442 1598 1507 Thessala,
1621 1439 1997 1511 Thesprotis;

344 1543 402 1589 et
430 1552 639 1590 rursus
669 1534 917 1590 Calchas
949 1538 1008 1588 et
1037 1534 1292 1603 Mopsus,
1339 1532 1441 1602 qui
1472 1532 1715 1585 fuerunt
1732 1528 2001 1599 Trojanis

342 1624 745 1695 temporibus:
781 1622 1088 1693 antiquior
1118 1628 1318 1677 autem
1349 1627 1477 1676 erat
1507 1622 1760 1691 Mopsus,
1802 1623 1869 1673 ut
1897 1618 2000 1688 qui

336 1713 651 1785 navigaret
666 1729 787 1769 una
801 1728 938 1768 cum
955 1714 1332 1784 Argonautis.
1349 1710 1533 1764 Aiunt
1551 1714 1751 1765 autem
1768 1708 1998 1762 Battum

2106 564 2312 605 σαντες.
2337 547 2416 616 Τῇ
2441 539 2498 597 δὲ
2522 546 2619 596 τοῦ
2645 541 2941 611 Ἀθηναίου
2965 543 3319 617 Ἀμφιλήτου
3344 547 3451 616 (97)
3475 540 3769 621 συμϐουλῇ

2106 633 2194 685 καὶ
2230 631 2620 704 Πεισίστρατος
2650 632 2905 706 ἐκράτυνε
2941 633 3039 700 τήν
3092 630 3404 707 τυραννίδα,
3434 635 3525 689 τὸν
3576 637 3765 711 καιρὸν

2107 728 2209 790 τῆς
2239 720 2528 783 ἐπιθέσεως
2573 718 2952 787 δηλώσαντος.
2989 721 3241 796 Σιγάσθω
3291 723 3396 798 γάρ
3450 727 3705 797 Κορήτης
3735 727 3765 781 6

2111 812 2286 881 Κρὴς,
2318 810 2551 885 Κινύρας
2581 812 2608 865 6
2641 810 2904 885 Κύπριος,
2938 808 3225 883 ’Λδμητος
3250 814 3278 866 6
3300 812 3590 885 Θετταλὸς,
3620 815 3771 885 Ἀρι-

2110 905 2294 962 σταῖος
2326 905 2441 973 (98)
2473 902 2501 956 6
2536 906 2871 972 Κυρηναῖος,
2915 901 3257 978 Ἀμφιάραος
3289 903 3317 957 6
3350 902 3633 971 Ἀθηναῖος
3662 908 3774 976 (99)

2109 989 2369 1061 Τιμόξεος
2425 991 2504 1061 (1)
2553 990 2582 1044 6
2628 995 2989 1065 Κερκυραῖος,
3045 990 3369 1062 Δεμαίνετος
3412 993 3441 1046 6
3488 990 3775 1061 Φωκαεὺς,

2111 1079 2404 1153 Ἐπιγένης
2439 1080 2466 1133 6
2508 1079 2792 1146 Θεσπιεὺς,
2842 1079 3035 1142 Νικίας
3068 1081 3096 1134 6
3130 1081 3453 1156 Καρύστιος,
3514 1082 3778 1154 Ἀρίστων

2111 1168 2140 1223 6
2188 1165 2479 1235 Θετταλὸς,
2536 1168 2816 1231 Διονύσιος
2864 1170 2892 1223 6
2940 1167 3327 1245 Καρχηδόνιος
3359 1214 3372 1240 ,
3440 1168 3702 1245 Κλεοφῶν
3743 1171 3773 1226 6

2108 1258 2422 1330 Κορίνθιος,
2482 1258 2656 1314 Ἱππώ
2711 1279 2770 1314 τε
2826 1260 2862 1327 ἡ
2924 1259 3204 1330 Χείρωνος
3240 1301 3255 1327 ,
3307 1258 3399 1314 καὶ
3456 1260 3622 1330 Βοιὼ,
3678 1260 3770 1316 καὶ

2111 1347 2334 1414 Μαντὼ,
2366 1346 2457 1401 καὶ
2484 1351 2590 1401 τῶν
2627 1342 2920 1403 Σιϐυλλὼν
2952 1348 3014 1402 τὸ
3045 1347 3283 1418 πλῆθος,
3314 1350 3349 1417 ἡ
3380 1349 3565 1422 Σαμία
3606 1352 3704 1423 (2),
3734 1352 3772 1421 ἡ

2112 1436 2464 1514 Κολοφωνία,
2506 1440 2541 1507 ἡ
2577 1436 2820 1509 Κυμαία,
2870 1440 2905 1506 ἡ
2960 1437 3271 1513 Ἐρυθραία,
3323 1440 3358 1508 ἢ
3409 1438 3556 1494 Ψυτδ
3605 1442 3702 1512 (3).
3734 1441 3770 1509 ἦ

2107 1522 2470 1601 Ταραξάνδρα,
2520 1528 2556 1596 ἠ
2616 1526 2877 1596 Μακέτις,
2926 1528 2961 1596 ἡ
3019 1526 3285 1595 Θετταλή,
3345 1529 3380 1596 ἡ
3436 1528 3771 1603 Θεσπρωτίς’

2110 1613 2336 1690 Κάλχας
2361 1635 2421 1670 τε
2453 1613 2540 1687 αὖ,
2569 1614 2659 1669 καὶ
2718 1615 2928 1689 Μόψος,
2964 1615 3017 1670 οἳ
3044 1617 3184 1671 κατὰ
3232 1617 3299 1670 τὰ
3329 1618 3553 1691 Τρωϊκὰ
3598 1617 3770 1694 γεγό-

2107 1723 2250 1759 νασι·
2279 1699 2646 1780 πρεσϐύτερος
2695 1701 2752 1760 δὲ
2784 1705 2811 1759 6
2844 1705 3039 1778 Μόψος
3082 1709 3182 1779 (4),
3213 1706 3289 1767 ὡς
3321 1705 3385 1761 ἂν
3417 1705 3772 1779 συμπλεύσας

340 1804 690 1874 ϐγνεηεοιισι
722 1799 1130 1872 composuisse
1162 1816 1319 1867 eam,
1363 1816 1495 1870 qua)
1545 1798 1727 1869 Moysi
1759 1796 1990 1864 dicitur,

2107 1798 2226 1855 τοῖς
2277 1793 2686 1869 Ἀργοναύταις.
2730 1795 2871 1849 Φασὶ
2919 1792 2977 1850 δὲ
3022 1794 3122 1864 τήν
3180 1796 3376 1869 Μόψου
3422 1795 3768 1869 καλουμένην

339 1890 775 1945 Divinationem.
809 1889 880 1941 Et
912 1887 1243 1941 Dorotheus
1274 1887 1332 1940 in
1358 1886 1547 1957 primo
1570 1886 1869 1951 Pandecta,
1904 1899 1995 1937 re—

333 1977 453 2032 fert
479 1979 747 2049 Mopsum
778 1976 1037 2032 audiisse
1069 1976 1393 2047 Alcyonem
1420 1981 1477 2028 et
1500 1976 1811 2029 Coronem.
1840 1974 1995 2028 Prw-

2106 1884 2386 1952 Μαντικὴν
2450 1884 2699 1955 συντάξαι
2754 1884 2869 1948 ,τὸν
2950 1885 3256 1958 Κυρηναῖον
3336 1885 3537 1941 Βάττον
3573 1905 3584 1916 ·
3650 1894 3765 1941 Δω-

2105 1972 2295 2049 ρόθεός
2340 1994 2400 2028 τε
2457 1972 2509 2028 ὲν
2568 1979 2649 2046 τῷ
2704 1974 2911 2050 πρώτῳ
2976 1973 3248 2049 Πανδέκτῃ
3312 1970 3616 2039 Ἀλκυόνος
3677 1975 3769 2031 καὶ

341 2067 608 2123 scientias
626 2072 827 2121 autem
852 2066 1213 2138 Pythagoras
1236 2081 1473 2136 quoque
1494 2079 1742 2136 magnus
1764 2079 1990 2134 semper

2107 2062 2369 2137 Κορώνης
2401 2061 2701 2118 ἐπακοῦσαι
2730 2063 2821 2119 τὸν
2870 2063 3302 2139 Μόψονίστορεῖ.
3348 2064 3659 2140 Προγνώσει
3693 2068 3769 2138 (5)

338 2162 605 2214 mentem
636 2156 934 2224 adhibuit,
968 2161 1027 2210 et
1054 2155 1268 2209 Abaris
1300 2154 1737 2227 Hyperboreas,
1764 2159 1822 2207 et
1865 2152 1997 2207 Ari-

337 2252 513 2301 staeas
539 2246 997 2311 Proconnesius,
1048 2250 1107 2299 et
1136 2243 1519 2315 Epimenides
1565 2242 1865 2298 Cretensis
1896 2241 1997 2313 qui

334 2336 500 2390 venit
530 2337 820 2408 Spartam,
856 2342 914 2389 et
933 2336 1241 2390 Zoroaster
1262 2335 1485 2402 Medus,
1510 2339 1569 2389 et
1588 2332 1996 2405 Empedocles,

333 2426 779 2499 Agrigentinus,
798 2431 855 2480 et
874 2424 1151 2480 Phormio
1178 2425 1389 2480 Lacon.
1414 2424 1566 2490 Quin
1585 2423 1763 2479 etiam
1787 2422 1999 2493 Polya-

339 2522 504 2571 ratus
544 2514 816 2581 Thasius,
867 2519 925 2569 et
974 2514 1423 2585 Empedotimus
1472 2514 1898 2585 Syracusanus,
1938 2516 1999 2567 et

333 2610 471 2676 post
500 2605 609 2659 hos
633 2603 891 2658 maxime
913 2604 1185 2658 Socrates
1210 2602 1595 2658 Atheniensis
1622 2619 1635 2656 :
1661 2625 1688 2651 η
1712 2603 1813 2657 Est
1835 2601 1996 2656 enim

334 2695 507 2759 mihi,
540 2717 567 2744 ››
601 2694 801 2765 inquit
831 2694 894 2748 in
930 2695 1166 2764 Theage,
1204 2716 1231 2742 ‹‹
1264 2694 1424 2765 quod
1449 2694 1521 2749 ab
1554 2694 1799 2748 ineunte
1823 2698 1995 2748 mtate

334 2784 532 2840 divina
552 2789 711 2840 sorte
737 2783 974 2851 accidit,
1002 2784 1238 2856 signum
1257 2782 1570 2839 daemonis.
1596 2782 1660 2837 Id
1682 2788 1882 2838 autem
1906 2787 1996 2837 est

330 2891 461 2941 vox,
495 2891 627 2945 qum
657 2873 757 2928 ubi
800 2873 982 2927 fuerit
1019 2872 1200 2939 edita,
1231 2873 1450 2927 retinet
1478 2889 1553 2928 ne
1588 2872 1803 2928 faciam
1836 2870 1993 2943 quod

334 2981 467 3020 sum
490 2963 778 3029 facturus,
811 2964 1084 3017 hortatur
1108 2969 1306 3017 autem
1338 2978 1670 3033 nunquam.
1698 2984 1727 3011 »
1753 2964 1824 3015 Et
1844 2963 1991 3016 Exe-

335 3060 534 3108 cestus
568 3052 968 3107 Phocensium
1008 3058 1318 3122 tyrannus,
1350 3052 1501 3107 duos
1520 3058 1760 3125 gestans
1784 3052 1991 3105 incan-

337 3147 491 3197 tatos
526 3141 803 3208 annulos,
828 3157 935 3212 per
956 3141 1239 3208 sonitum,
1273 3157 1448 3211 quem
1475 3140 1633 3194 inter
1652 3156 1715 3195 se
1734 3139 1988 3194 invicem

338 3231 613 3295 edebant,
647 3230 871 3285 sciebat
900 3236 1137 3301 tempus
1167 3245 1370 3284 rerum
1418 3228 1814 3301 gerendarum
1841 3245 1854 3282 :
1900 3235 1990 3284 est

338 3327 535 3376 tamen
563 3319 700 3375 dolo
733 3318 1101 3387 interfectus,
1126 3318 1364 3373 etiamsi
1397 3319 1456 3373 id
1490 3319 1541 3373 ei
1566 3319 1729 3389 prius
1762 3318 1985 3390 signiﬁ-

335 3415 529 3464 casset
578 3409 830 3473 sonitus,
882 3413 948 3461 ut
995 3406 1137 3462 dicit
1187 3407 1536 3462 Aristoteles
1580 3408 1643 3461 in
1692 3407 1990 3478 Republica

332 3499 712 3554 Phocensium.
746 3497 899 3562 Quin
931 3496 1109 3553 etiam
1152 3512 1221 3551 ex
1254 3496 1327 3553 iis
1372 3496 1471 3568 qui
1506 3494 1828 3567 aliquando
1858 3497 1988 3551 fue-

332 3604 396 3643 re
428 3588 705 3643 homines
736 3585 796 3640 in
823 3587 1091 3657 Aﬂgypto,
1123 3584 1408 3657 opinione
1446 3591 1645 3641 autem
1676 3585 1988 3641 hominum

398 3740 464 3805 ἄ(
495 3742 557 3795 Ρ.
591 3741 693 3794 399
716 3740 827 3793 ED.
860 3740 1154 3795 POTTER.
1179 3741 1284 3794 334
1313 3739 1426 3794 ED.
1459 3740 1691 3794 PARIS.

404 3909 980 3989 (97)Toii_"A01,vaiou
1021 3907 1392 3989 Ἀμφιλῄτου.
1433 3911 1782 3989 Ἀμφιλύτου
1838 3912 1987 3989 scri-

329 3986 613 4041 bendum.
649 3986 787 4039 Erat
812 3990 1010 4038 autem
1052 3983 1430 4056 Amphilytus
1459 3983 1619 4041 vates
1656 3985 1991 4040 Acarnania

330 4058 634 4112 oriundus.
670 4057 812 4127 Ejus
848 4055 1157 4127 historiam
1206 4055 1335 4110 fuse
1394 4064 1597 4112 narrat
1656 4057 1987 4112 Herodotus

329 4130 431 4184 lib.
469 4146 502 4196 I,
538 4146 569 4183 c
622 4126 729 4181 62:
765 4126 1024 4203 Ἐνθαὺτα
1054 4126 1170 4203 θείῃ
1200 4130 1419 4203 πομπῇλ
1445 4128 1766 4203 χρεώμενος
1826 4127 1985 4201 παρί-

330 4182 515 4283 στιαταιι
539 4196 932 4283 .Πεισιστράτιρ
972 4200 1034 4252 Ἀ
1049 4182 1317 4283 {ag-iitum},
1336 4182 1697 4283 ‘66-'Ailupv‘civ,
1729 4182 1987 4283 iactib-

330 4269 493 4346 λόγος
529 4272 688 4346 ἀνήρ,
715 4267 847 4325 κξτ.
882 4267 915 4323 λ
950 4315 963 4337 ,
998 4293 1021 4322 ιι
1050 4267 1282 4346 ibidem
1318 4273 1515 4346 divino
1546 4267 1989 4346 impet'u'fretus

329 4344 706 4417 Amphilytus
724 4353 1013 4417 Acarnam
1030 4345 1272 4403 ariolus.
1290 4344 1597 4417 Pisistrato
1616 4344 1860 4417 adfuit.»
1876 4349 1987 4417 etc.

326 4415 599 4471 Clemens
623 4432 757 4470 eum
778 4416 1201 4473 Atheniensem
1226 4416 1507 4487 appellat,
1537 4416 1696 4487 quod
1740 4415 1988 4470 Athenis

329 4493 730 4543 commoratus
762 4487 881 4541 sit:
925 4487 1083 4543 unde
1126 4485 1641 4557 θὶὶθὰίὴμεδαπόν,
1694 4511 1719 4535 ι(
1755 4494 1990 4542 nostra-

327 4566 469 4628 tem,
505 4583 524 4605 ι
560 4558 836 4614 eumdem
867 4565 1031 4614 vocat
1059 4560 1336 4630 Socrates
1367 4560 1426 4613 in
1452 4558 1716 4630 Platonis
1752 4559 1986 4630 Theage,

330 4626 464 4705 pag.
494 4634 563 4686 90
589 4647 601 4685 :
640 4630 799 4705 ἑξάκις
827 4649 907 4689 τε.
937 4630 1025 4705 καῖ
1055 4626 1329 4705 Σίϐυλλα,
1362 4629 1462 4705 καὶ-
1484 4627 1827 4705 ό-ήμεδαπὸς
1857 4626 1990 4703 Ἀ’μέ

326 4700 574 4780 φίλὐτος.
602 4725 628 4751 ‹‹
656 4702 842 4780 Bacis,
870 4703 1193 4780 etSibylla,
1219 4708 1276 4757 et
1295 4702 1673 4780 Amphilytus
1691 4700 1982 4780 nostras.»

398 4720 574 4764 Αυτος.
602 4725 628 4751 ((
657 4720 842 4768 [58018,
870 4720 929 4757 Θῐ
950 4720 1193 4774 διογιιξι,
1219 4720 1276 4757 Θῑ
1295 4720 1403 4757 ΛΠ]
1452 4720 1533 4756 [ill
1582 4720 1673 4758 ωδ
1691 4720 1982 4759 nostras.»

398 4777 511 4841 (98)
552 4774 884 4847 Ἀρισταῖος.
944 4774 1223 4846 Ἀριστέας
1276 4720 1665 4847 scrigemi'um
1717 4790 1844 4829 esse
1878 4774 1985 4830 d0-

325 4848 447 4902 cuit
477 4848 540 4901 D.
570 4845 1029 4918 llmscheliusin
1060 4851 1185 4902 not.
1220 4845 1294 4918 ad
1316 4845 1549 4918 Origen.
1571 4847 1705 4903 Adv.
1744 4847 1980 4916 Celcum,

327 4937 387 4991 p.
426 4922 546 4973 113.
579 4919 741 4991 Conf.
779 4917 1109 4991 Herodotus
1139 4917 1837 4991 MelpomJPlutarchus
1872 4921 1984 4991 Bo-

322 4988 511 5054 inulo;
541 4989 749 5045 Strabo
781 4988 865 5043 lib
918 5005 1046 5055 xw;
1083 4989 1403 5045 Athenaeus
1436 4989 1535 5046 lib.
1569 5008 1701 5059 xm;
1750 4989 1981 5058 Suidas,

325 5062 550 5116 Gellius
582 5060 682 5115 lib.
721 5077 799 5126 IX,
836 5076 964 5130 cap.
996 5062 1051 5113 4.

392 5135 504 5205 (99)
535 5131 894 5207 Ἀμφιᾴραος,
939 5131 967 5183 ὁ
989 5130 1337 5207 ηἈθηναῖοςᾲ.
1400 5135 1486 5188 An
1538 5135 1754 5206 potius,
1789 5131 1817 5185 6
1849 5132 1981 5207 ξΑρ-

368 5202 496 5264 εἷος.
527 5225 559 5279 ις
590 5202 841 5279 Argivus
870 5202 898 5257 ‘?
927 5226 952 5251 η
989 5204 1201 5258 Notum
1230 5205 1389 5260 enim
1422 5202 1733 5279 estCArgis
1780 5202 1982 5279 oriun-

367 5295 487 5343 um,
521 5274 724 5345 ibique
758 5274 1111 5346 plerumque
1144 5284 1436 5332 versatum
1468 5274 1673 5333 fuisse’
1700 5276 1984 5347 Amphia-

324 5363 517 5413 raum,
551 5347 699 5403 Oicli
734 5347 947 5416 filium,
981 5353 1172 5404 vatem
1202 5349 1483 5405 Thebano
1531 5349 1690 5404 bello
1720 5348 1985 5404 clarissi-

322 5437 508 5476 mum.

393 5496 466 5589 (li
499 5488 788 5589 T193550}.
826 5492 886 5545 A.
916 5490 1212 5563 Τιμόθεος*
1269 5491 1370 5547 sed
1425 5492 1649 5547 rectius
1694 5490 1845 5547 forte
1886 5491 1982 5547 Tt-

326 5561 578 5633 μόξενος.
615 5561 779 5616 SYLB.

393 5630 468 5703 t2)
523 5638 579 5688 ‘II
647 5630 1117 5705 ΣαμίαηΑιιοῑοι·
1163 5637 1436 5705 Epitomes
1496 5641 1819 5704 temporum,
1873 5633 1981 5688 sub

322 5705 490 5770 Osea,
526 5712 826 5777 postremo
859 5704 1098 5777 Israelis
1143 5704 1447 5777 regehhoc
1495 5706 1673 5777 modo
1731 5705 1983 5777 Sibyllas

323 5768 635 5850 enumerat
667 5793 679 5829 :
709 5771 901 5850 Τούτῳ
933 5781 1011 5850 τῷ
1061 5773 1166 5850 ἔτει
1210 5768 1476 5850 ⁷Σίϐυλλα
1579 5768 1869 5850 Ἐρυθραίᾷ
1928 5774 1980 5850 έν

319 5841 578 5918 Αἰγύπτῳ
608 5841 951 5920 ἐγνωρίζετο.
983 5841 1275 5925 Τεγόνασι
1333 5843 1390 5902 δὶ
1448 5841 1541 5902 καῖ
1578 5841 1751 5905 ἄλλαι
1786 5847 1852 5903 ια’
1884 5848 1981 5904 Σί-

2105 2150 2164 2208 δὶ
2191 2153 2281 2207 καὶ
2333 2153 2649 2228 Πυθαγόρας
2681 2153 2710 2209 6
2744 2153 2915 2228 μέγας
2960 2159 3322 2229 προσανεῖχεν
3356 2153 3484 2223 αἰεὶ,
3539 2148 3769 2229 Ἀϐαρίς

2101 2262 2160 2296 τε
2215 2242 2243 2296 6
2298 2237 2673 2317 Ὑπερϐόρεος,
2733 2241 2822 2296 καὶ
2886 2242 3199 2315 Ἀρισταίας
3241 2247 3316 2317 (6)
3366 2244 3395 2298 6
3449 2245 3769 2318 Προκοννή-

2102 2351 2240 2404 σιος,
2274 2328 2627 2403 Ἐπιμενίδης
2665 2351 2722 2385 τε
2757 2332 2784 2385 6
2818 2332 2984 2401 Κρής,
3018 2330 3165 2394 ὅστις
3200 2331 3277 2395 εἷς
3326 2334 3583 2406 Σπάρτην
3632 2330 3761 2410 ἀφί-

2098 2421 2245 2489 κετό,
2295 2420 2385 2475 καὶ
2435 2421 2798 2495 Ζωροάστρης
2849 2422 2878 2475 6
2931 2418 3146 2489 Μῆδος,
3203 2418 3590 2494 Ἐμπεδοκλῆς
3642 2443 3701 2477 τε
3733 2423 3763 2478 6

2101 2510 2537 2585 Ἀκραγαντῖνος,
2582 2508 2673 2565 καὶ
2726 2509 2994 2583 Φορμίων
3025 2511 3054 2565 6
3087 2511 3303 2565 Λάκωνο
3353 2511 3441 2565 ναὶ
3492 2512 3603 2583 μὴν
3653 2516 3764 2567 Πο-

2102 2596 2373 2673 λυάρατος
2402 2599 2431 2653 6
2462 2600 2682 2668 Θάσιος,
2727 2596 3136 2673 Ἐμπεδότιμός
3181 2621 3240 2654 τε
3287 2601 3315 2655 6
3370 2599 3764 2676 Συρακούσιος·

2102 2686 2190 2743 ἐπί
2262 2708 2321 2742 τε
2388 2687 2608 2752 τούτοις
2681 2687 2983 2763 Σωκράτης
3040 2690 3068 2743 6
3126 2689 3422 2759 Ἀθηναῖος
3504 2688 3767 2763 μάλισταο

2100 2798 2132 2833 ιι
2163 2783 2311 2833 Ἐστι
2346 2781 2421 2851 (7)
2449 2779 2550 2852 γάρ
2587 2799 2705 2851 μοι,
2736 2800 2763 2831 η
2802 2777 2966 2857 φησὶν
2998 2775 3049 2832 ἐν
3096 2784 3177 2851 τῷ
3233 2779 3444 2855 Θεάγει,
3486 2801 3515 2831 ιι
3550 2777 3611 2834 ἐκ
3636 2801 3769 2834 παι-

2101 2865 2192 2930 δὸς
2235 2866 2532 2943 ἀρξάμενον
2582 2866 2701 2939 θείᾳ
2754 2869 2924 2943 μοίρᾳ
2980 2868 3416 2945 παραγινόμενον
3479 2865 3764 2942 δαιμόνιον

2100 2962 2353 3029 σημεῖον.
2401 2960 2571 3011 Τοῦτο
2620 2954 2679 3011 δέ
2727 2954 2837 3012 ἐστι
2890 2958 3069 3026 φωνὴ,
3104 2958 3139 3028 ἢ
3172 2956 3300 3012 ὅταν
3348 2958 3598 3033 γένηται,
3644 2957 3757 3013 έπίη

2101 3066 2223 3121 σχιι
2252 3049 2439 3116 τοῦτο,
2463 3046 2492 3100 ὃ
2524 3043 2717 3118 μέλλω
2738 3046 3014 3120 πράττειν,
3036 3047 3331 3120 προτρέπει
3350 3044 3408 3102 δὲ
3426 3044 3708 3106 οὐδέποτε.
3736 3072 3764 3100 ››

2102 3134 2419 3206 Ἐξῆκεστός
2475 3156 2555 3205 τε,
2590 3135 2617 3189 6
2650 3137 2892 3190 Φωκέων
2943 3157 3222 3211 τυραννος,
3279 3135 3375 3192 δύο
3435 3133 3763 3200 δακτυλίους

2101 3230 2284 3303 φορῶν
2316 3225 2798 3301 γεγοητευμένους,
2847 3229 2927 3297 τῷ
2956 3226 3117 3303 ψόφῳ
3162 3231 3240 3297 τῷ
3287 3226 3426 3303 πρὸς
3469 3224 3758 3297 ἀλλήλους

2098 3313 2411 3390 διῃσθάνετο
2466 3315 2594 3378 τοὺς
2642 3316 2868 3390 καιροὺς
2915 3321 3024 3371 τῶν
3072 3318 3318 3392 πράξεων
3347 3338 3359 3351 ο
3411 3317 3643 3372 ἀπέθανε
3703 3315 3763 3374 δὲ

2097 3404 2250 3479 ὅμως
2279 3403 2702 3484 δολοφονηθεὶς,
2734 3405 2912 3460 καίτοι
2938 3409 3394 3481 προσημήναντος
3425 3411 3522 3462 τοῦ
3552 3408 3757 3487 ψόφου,

2099 3495 2175 3558 ὥς
2233 3516 2395 3574 φησιν
2454 3492 2846 3570 Ἀριστοτέλης
2905 3493 2955 3549 ἐν
3025 3498 3094 3570 τῇ
3156 3496 3397 3552 Φωκέων
3457 3495 3760 3569 πολιτείᾳ,

2099 3582 2393 3641 Ἀλλᾶκαί
2421 3588 2530 3640 τῶν
2576 3584 2703 3659 παρ’
2754 3582 3077 3661 Αἰγυπτίοις
3131 3584 3434 3661 ἀνθρώπων
3485 3587 3639 3657 ποτὶ,
3668 3608 3759 3663 γε·

2099 3906 2395 3990 β-υλλαικὴ
2431 3907 2682 3990 ἐϐραία,
2712 3913 2746 3981 ἠ
2804 3911 3083 3990 ῌερσὶςηὴ
3136 3912 3354 3990 ᾼελφὶς,
3381 3914 3444 3990 ,ἡ
3489 3909 3685 3990 ξΛδάῃ,
3715 3914 3752 3984 ἡ

2100 3980 2404 4062 Κιμμερία,
2530 3980 2774 4062 ’Σαμίαί
2795 3987 2830 4053 ἡ
2883 3980 3093 4062 ξΡοφία,
3127 3988 3161 4055 ἡ
3195 3980 3449 4062 -ξὶυμαία,
3479 3986 3513 4052 ὴ
3535 3980 3750 4062 Αιϐύῃ,

2098 4061 2132 4125 ἡ
2176 4052 2394 4131 Τρῳάς,
2422 4052 3096 4131 ζὴίῷρυγίαξὴῗτιϐυρτίω
3134 4052 3161 4111 α’
3193 4052 3311 4114 Hoc
3341 4052 3754 4131 anthibylla

2098 4130 2401 4202 Erythraea
2417 4130 2478 4202 in
2501 4132 2741 4202 Egypto
2764 4129 2995 4186 claruit.
3022 4133 3202 4186 Erant
3223 4138 3421 4187 autem
3452 4129 3581 4185 alim
3598 4145 3749 4200 prai-

2100 4148 2401 4202 nrytnraea
2417 4148 2478 4184 in
2501 4148 2636 4201 mgy
2685 4148 2741 4185 ιο
2764 4148 2995 4186 etaruit.
3022 4148 3202 4186 Erant
3223 4148 3421 4187 autem
3452 4148 3581 4185 alia:
3598 4148 3749 4200 prai-

2100 4209 2262 4284 terea
2284 4201 2524 4284 Sibylla:
2547 4148 2845 4284 ungecim.
2879 4203 3141 4284 Περι-ως,
3165 4204 3421 4284 Penrsica.
3449 4202 3749 4284 Delphica,

2100 4275 2260 4337 Adae,
2294 4274 2633 4339 Cimmeria,
2668 4275 2884 4341 Samia,
2912 4274 3204 4345 Rhophia,
3229 4277 3484 4330 Cumaea.
3512 4274 3751 4343 Libyca,

2098 4347 2323 4412 Troica,
2358 4345 2631 4418 Phrygia,
2652 4346 2977 4418 Tiburtina.
3004 4368 3025 4394 ιι
3064 4346 3401 4402 Lactantius
3432 4346 3534 4401 lib.
3560 4363 3595 4407 ι,
3621 4362 3754 4418 cap.

2097 4422 2150 4483 6,
2186 4436 2216 4473 e
2246 4417 2516 4473 Varonne
2551 4418 2756 4472 decem
2789 4417 3044 4488 Sibyllas
3074 4420 3411 4474 numeravit
3444 4434 3457 4472 :
3529 4460 3542 4483 ,
3567 4417 3758 4472 Persi-

2098 4507 2227 4545 cam
2255 4507 2267 4557 ;
2302 4494 2355 4559 2,
2390 4490 2694 4561 Libyssam
2723 4506 2735 4555 ;
2772 4490 2823 4556 3,
2849 4489 3194 4561 Delphicam
3219 4508 3231 4555 ;
3264 4493 3319 4555 4,
3343 4491 3641 4545 Cumaeam
3662 4506 3675 4561 ;
3700 4490 3755 4556 ὅ,

2097 4563 2484 4634 Erythream;
2518 4564 2571 4634 ti.
2624 4560 2923 4634 Samiam;
2962 4560 3040 4634 Ἴ,
3062 4561 3448 4634 __Cumanam,
3508 4560 3757 4634 nomine

2097 4631 2495 4695 Amaltheam,
2520 4631 2931 4702 Demophilen.
2957 4631 3046 4685 vel
3061 4631 3452 4702 Herophilen;
3480 4634 3534 4700 8,
3560 4632 3753 4688 Helle-

2099 4706 2428 4785 sponticam
2464 4704 2521 4756 in
2555 4717 2693 4774 agro
2725 4702 2977 4785 :l‘rojano
3021 4708 3222 4757 natam
3249 4720 3265 4785 ξ
3406 4704 3741 4785 Pprygiam;

2016 4760 2064 4822 θ
2096 4760 2182 4843 (ὃ,
2216 4777 2540 4835 Tiburtem,
2575 4760 3204 4828 ﬁominevAlbuneam.
3238 4760 3355 4829 Alii
3385 4760 3505 4830 alia
3525 4760 3620 4831 his
3650 4760 3758 4831 no,-

2094 4850 2258 4903 mina
2280 4853 2338 4901 et
2359 4844 2571 4917 patria,
2596 4844 2895 4917 diversum
2920 4845 3098 4917 etiam
3120 4862 3436 4901 numerum
3462 4846 3755 4902 tribuunt.

2168 4922 2240 4991 (3)
2273 4915 2460 4991 Φυτώ.
2494 4916 2704 4991 verius
2733 4917 2885 4991 forte
2911 4915 3098 4991 noon,
3130 4919 3496 4991 transposita
3524 4919 3759 4990 aspira-

2095 4987 2255 5046 tione
2283 5005 2295 5043 :
2329 4995 2395 5045 ut
2424 4987 3127 5061 intelligaturDelphica.
3165 4987 3440 5046 SYLB—URG.

2167 5056 2740 5135 (“11950661590266
2798 5060 2826 5113 6
2883 5056 3098 5132 Μόψος.
3161 5063 3285 5118 Duo
3334 5064 3499 5117 fuere
3546 5060 3755 5135 Mopsi,

2095 5132 2347 5217 quorum
2381 5132 3433 5217 prior_'cumnArgonautis‘navigavjt.
3466 5133 3762 5217 posterior

2094 5204 2669 5278 Calchantem__vicit.
2703 5204 2869 5260 Con'f.
2905 5204 3310 5278 Lyc0phronis
3338 5204 3669 5272 Cassandra,
3701 5222 3754 5260 ν.

2093 5280 2197 5332 426
2230 5284 2290 5333 et
2318 5279 2442 5343 980,
2478 5275 2678 5347 ibique
2709 5279 2919 5332 Tzetzaa
2951 5275 3200 5334 scholia.

2167 5351 2241 5423 «5)
2275 5349 2612 5423 Προγνώσεέ,
2646 5350 2730 5423 De
2756 5350 3103 5423 Pythagora;
3137 5356 3197 5405 et
3242 5348 3520 5423 Abaridis
3548 5347 3757 5403 vatici-

2093 5422 2336 5476 natione
2369 5420 2525 5475 c0nf.
2558 5420 2925 5492 Porphyrius
2956 5420 3032 5477 De
3066 5424 3183 5476 vita
3216 5422 3558 5491 Pythagorae
3587 5436 3754 5476 uum.

2094 5495 2164 5547 24
2196 5499 2254 5547 et
2284 5509 2434 5563 seq..
2463 5508 2713 5564 quaeque
2746 5492 2824 5546 ibi
2875 5492 3176 5548 adnotavit
3222 5494 3283 5547 C.
3328 5492 3758 5548 Ritterhusius.

2166 5567 2241 5637 (ϐυ
2274 5563 2934 5638 Ἀρισταῖαςζᾊριστξας
2988 5563 3391 5638 scribendum.
3444 5570 3508 5638 ut
3553 5580 3758 5638 supra.

2170 5635 2242 5701 ΓΙ)
2268 5635 2441 5691 Ἔστι.
2480 5640 2613 5691 Umc
2653 5636 2797 5690 dicit
2840 5636 3112 5706 Socrates
3144 5637 3201 5689 in
3234 5636 3503 5690 Platonis
3547 5635 3764 5706 Tltenge

2140 5712 2252 5764 .93
2281 5714 2495 5782 :__”Ec_'tr
2521 5707 2630 5782 γάρ
2676 5724 2728 5761 τι
2780 5704 2896 5782 ῥείᾳ
2939 5706 3559 5782 ,μοίρᾳ“παρεπόμενον
3608 5703 3760 5782 ἐμοὶ,

2091 5724 2150 5834 ξ.
2184 5724 2293 5764 93:
2330 5724 2483 5763 ’Ἐστι
2526 5724 2630 5782 γαρ
2676 5724 2728 5761 τι
2780 5724 2896 5776 Beia
2953 5725 3121 5781 μοιρᾳ
3176 5724 3559 5782 παρεπόμενον
3608 5724 3758 5778 εμοι,

2103 5777 2379 5868 *κυπαιδὸς
2406 5777 2727 5868 άρξάμεγον,
2785 5774 3096 5868 δαιμόνιογο
3128 5774 3343 5868 ἔσξιῄδὲ
3387 5781 3549 5868 τριξτο
3579 5778 3758 5868 φωνὴ,

2163 5851 2288 5909 ὅταν
2321 5846 2574 5930 γένηταί,
2608 5849 2687 5905 ἀεί
2716 5846 2836 5923 μοι
2883 5846 3164 5927 σημαίνει,
3196 5850 3227 5907 ’ὁ
3257 5846 3318 5907 ἂν
3353 5847 3547 5925 μέλλω
3585 5846 3763 5928 πράτὲ
