4120 6404
297 340 403 400 877

1639 343 2090 400 ΒΤΒΟΜΔἹἮΜ
2127 346 2260 401 LIB.
2301 348 2346 403 Ι.

3618 347 3724 406 878

294 490 454 526 κοντα
483 467 630 546 τρία,
666 466 832 542 μῆνις
864 468 1023 527 ἑπτά.
1063 467 1159 523 Καὶ
1199 468 1334 542 μετᾶ
1360 467 1489 531 τοὺς
1537 467 1749 543 κριτὰς,
1799 469 1945 545 βασι-

2067 473 2210 527 anni
2243 473 2408 530 mille
2443 474 2682 530 ducenti
2715 474 3168 548 quinquaginta.
3203 473 3290 530 Ab
3329 472 3493 530 Isaac
3525 481 3726 531 autem

295 560 459 617 λειῶν
493 559 587 632 ἔτη
620 560 949 614 πεντακόσια
979 554 1488 632 ἑϐδομηκονταδύο,
1525 561 1691 632 μῆνες
1718 555 1794 628 ἓξ,
1822 559 1956 630 ἡμέο

296 671 384 726 ραι
413 647 560 706 δέκα.
601 650 734 706 Μεθ’
786 647 884 710 οὓς
916 648 1174 724 χρόνους,
1233 651 1502 722 Περσικῆς
1551 645 1832 724 βασιλείας
1860 643 1954 719 ἔτη

297 739 548 797 διακόσια
602 739 1057 815 τριακονταπέντε
1091 759 1102 770 ·
1174 733 1359 793 ἔπειτα
1415 745 1516 806 τῆς
1579 735 1955 808 Μακεδονικῆς

291 828 394 893 ἕως
453 827 759 886 ’Λντωνίου
817 828 1143 904 ἀναιρέσεως
1203 826 1296 895 ἔτη
1351 827 1639 901 τριακόσια
1697 825 1954 898 δώδεκα,

293 918 498 994 ἡμέραι
534 916 833 973 δεκαοκτώ.
871 918 1004 981 Μεθ’
1030 917 1088 971 ὃν
1145 915 1346 991 χρλνον
1401 918 1436 985 ἡ
1472 915 1756 989 Ῥωμαίων
1791 917 1954 990 βασι-

293 1007 413 1064 λεία
444 1005 552 1069 ἓως
582 1014 682 1075 τῆς
713 1003 967 1078 Κομόδου
995 1003 1277 1076 τελευτῆς,
1325 1001 1418 1074 ἔτη
1473 1002 1721 1060 διακόσια
1752 1004 1954 1060 εἰκοσι-

292 1092 409 1150 δύο.
447 1091 622 1150 Πάλιν
648 1113 708 1146 τε
738 1091 804 1146 αὗ
833 1092 939 1145 ἀπὸ
958 1097 1058 1160 τῆς
1075 1085 1614 1164 ἑϐδομηκονταετοῦς
1645 1087 1952 1166 αἶχμαλω-

292 1183 428 1249 σίας,
461 1184 554 1238 καί
583 1188 684 1251 τῆς
709 1185 808 1236 τοῦ
841 1178 978 1235 λαοῦ
1011 1179 1086 1242 είς
1120 1180 1377 1255 πατρῴαν
1425 1185 1528 1254 γῆν
1575 1179 1955 1234 ἀποκαταστα-

291 1293 425 1334 σεως
456 1272 534 1334 εἰς
591 1272 691 1339 τήν
725 1268 1113 1345 αἶ’χμαλωσίαν
1143 1270 1244 1338 τήν
1277 1269 1365 1323 ἐπὶ
1397 1269 1800 1326 Οὐεσπεσιανοῦ
1857 1264 1948 1339 ἔτη

290 1361 579 1436 συνάγεται
631 1359 957 1434 τετρακόσια
1013 1355 1160 1413 δέκα·
1221 1356 1509 1414 τελευταῖα
1556 1355 1614 1412 δὲ
1669 1357 1774 1412 ἀπὸ
1818 1356 1954 1414 Οὐε-

294 1453 584 1506 σπεσιανοῦ
628 1446 735 1512 ἕως
763 1455 866 1517 τῆς
903 1445 1154 1521 Κομόδου
1193 1445 1452 1512 τελευτῆς
1502 1446 1806 1522 εὑρίσκεται
1854 1444 1949 1514 ἔτη

293 1540 478 1595 ἑκατὸν
531 1537 705 1594 εἷ’κοσι
759 1535 840 1607 ἓν,
901 1540 1070 1610 μῆνες
1124 1533 1202 1607 ἓξ,
1251 1535 1454 1609 ἡμέραι
1498 1535 1951 1609 εἰκοσιτέσσαρες.

293 1633 613 1705 Δημήτριος
669 1627 727 1683 δέ
783 1647 948 1703 φησιν
981 1625 1034 1681 ἐν
1065 1630 1144 1698 τῷ
1194 1626 1321 1701 ΙΙερὶ
1350 1631 1460 1680 τῶν
1515 1625 1566 1681 ἐν
1616 1629 1685 1699 τῇ
1715 1622 1954 1697 Ἰουδαίᾳ

297 1720 591 1795 βασεΛέων,
621 1719 724 1788 τῆν
785 1714 966 1774 Ἰούδα
997 1715 1198 1790 φυλὴν,
1231 1715 1321 1771 καὶ
1355 1716 1656 1790 Βενιαμεὶν,
1695 1717 1786 1771 καὶ
1817 1716 1952 1772 Λευῗ

2068 563 2222 617 146
2256 581 2443 634 usque
2467 563 2540 619 ad
2565 570 2736 618 terra)
2760 564 3283 630 divisionem,anni
3310 565 3572 619 sexcenti
3593 582 3724 620 sex-

2067 651 2281 707 decim.
2317 654 2538 709 Deinde
2570 671 2605 709 a
2642 655 2947 709 Judicibus
2997 672 3187 725 usque
3237 655 3308 709 ad
3363 656 3723 723 Samuelem,

2066 742 2210 796 anni
2245 743 2668 816 quadringenti
2703 744 3007 816 sexaginta
3037 750 3178 810 tres,
3212 760 3450 799 menses
3469 751 3722 815 septem.

2066 831 2137 883 Et
2164 836 2298 901 post
2326 831 2581 900 Judices,
2615 833 2757 886 anni
2789 835 3124 905 Regnorum
3157 833 3462 906 quingenti
3485 840 3727 905 septua-

2064 919 2230 991 ginta
2258 919 2396 986 duo,
2430 937 2670 975 menses
2693 938 2815 987 sex,
2839 920 2965 975 dies
2997 921 3220 976 decem.
3257 924 3398 976 Post
3418 939 3550 992 qum
3574 929 3727 978 tem-

2065 1025 2230 1079 pora,
2264 1009 2483 1064 Persici
2524 1011 2688 1082 regni
2720 1011 2860 1065 anni
2892 1011 3132 1065 ducenti
3163 1011 3402 1081 triginta
3433 1013 3722 1083 quinque.

2065 1097 2286 1152 Deinde
2310 1099 2669 1154 Macedonici
2703 1116 2892 1170 usque
2924 1099 2997 1154 ad
3025 1106 3276 1154 mortem
3310 1101 3726 1169 Antonii,anni

2067 1188 2316 1242 trecenti
2349 1187 2689 1254 duodecim,
2724 1189 2850 1244 dies
2879 1188 3084 1244 decem
3118 1194 3176 1244 et
3206 1195 3358 1244 octo.
3394 1192 3533 1245 Post
3563 1191 3725 1261 quod

2065 1283 2319 1348 tempus,
2374 1294 2624 1349 regnum
2673 1281 3074 1334 Romanorum
3125 1295 3315 1349 usque
3361 1279 3432 1334 ad
3465 1287 3722 1335 mortem

2063 1366 2390 1433 Commodi,
2441 1368 2583 1422 anni
2639 1367 2877 1423 ducenti
2926 1367 3130 1440 viginti
3163 1367 3300 1422 duo.
3334 1370 3403 1422 Et
3435 1385 3642 1424 rursus
3688 1386 3724 1425 a

2063 1456 2398 1527 captivitate
2430 1457 2904 1529 septuagenaria,
2932 1457 3213 1528 et‘populi
3237 1458 3298 1511 in
3321 1458 3573 1528 patriam
3604 1465 3724 1514 ter-

2062 1561 2190 1599 ram
2221 1545 2622 1608 restitutione,
2655 1546 2728 1601 ad
2752 1546 3152 1616 captivitatem
3177 1564 3309 1616 quae
3326 1546 3437 1600 fuit
3455 1553 3722 1618 tempore

2063 1634 2430 1705 Vespasiani,
2464 1635 2826 1708 colliguntur
2867 1636 3009 1690 anni
3041 1635 3461 1708 quadringenti
3491 1636 3720 1693 decem.

2059 1725 2365 1779 Postremo
2380 1730 2579 1779 autem
2593 1725 2991 1796 aVespasiano
3007 1741 3192 1795 usque
3207 1725 3280 1779 ad
3295 1730 3546 1780 mortem
3559 1727 3725 1782 Com-

297 1812 370 1883 μὴ
404 1806 930 1885 αἲχμαλωτισθῆναι
962 1807 1066 1861 ὑπὸ
1095 1810 1192 1860 τοῦ
1225 1807 1600 1881 Σεναχηρεὶμ,
1635 1805 1761 1862 ἀλλ’
1810 1806 1945 1861 εἶναι

303 1901 316 1911 .
372 1901 384 1911 .
473 1905 501 1911 _
614 1897 628 1911 .
763 1894 784 1911 κ
893 1895 905 1911 .
1097 1895 1111 1911 ,
1309 1895 1328 1911 ι
1451 1897 1463 1911 .
1569 1894 1583 1911 τ
1685 1895 1695 1911 .
1887 1897 1908 1911 ..

2058 1812 2219 1868 modi
2243 1813 2628 1868 inveniuntur
2649 1813 2793 1868 anni
2817 1818 3056 1868 centum
3081 1813 3285 1884 viginti
3303 1829 3725 1880 unus,menses

294 1901 395 1954 ἀπὸ
431 1905 534 1968 τῆς
578 1894 971 1972 αἰχμαλωσίας
1015 1895 1222 1964 ταύτης
1279 1895 1358 1958 εἷς
1406 1897 1504 1964 τὴν
1565 1894 1826 1970 ἐσχάτην,
1881 1897 1942 1965 ἣν

298 1986 590 2057 ἐποιήσατο
623 1980 1116 2059 Ναϐουχοδονόσορ
1144 1981 1195 2056 ἐξ
1229 1981 1648 2056 Ἰεροσολύμων.
1693 1981 1787 2052 ἓτη
1823 1984 1946 2039 tu.

303 2075 390 2130 τὸν
417 2074 754 2141 εἰκοσιοκτὼ,
791 2079 967 2144 μῆνας
1103 2071 1193 2146 ἀφ’
1241 2070 1304 2126 οὗ
1362 2069 1420 2126 δὲ
1448 2072 1502 2125 αἱ
1535 2070 1703 2146 φυλαὶ
1735 2073 1790 2126 αἱ
1820 2069 1947 2128 δέκα

305 2163 363 2219 έκ
393 2160 691 2239 Σαμαρείας
739 2160 1094 2237 αἰχμάλωτοι
1123 2160 1406 2234 γεγόνασιν
1437 2157 1542 2222 ἕως
1595 2160 1945 2234 Πτολεμαίου

299 2252 576 2326 τετάρτου,
623 2249 719 2322 ἲτη
773 2251 1102 2307 πεντακόσια
1160 2245 1708 2325 δϐδομηκοντατρία,
1769 2257 1946 2323 μῆνας

294 2341 457 2397 ἐννέα·
490 2343 582 2420 ἀφ’
613 2343 675 2398 οὗ
707 2341 766 2397 δὲ
794 2340 847 2412 ἐξ
898 2339 1319 2415 Ἰεροσολύμων,
1349 2337 1444 2409 ἓτη
1475 2339 1762 2413 τριακόσια
1790 2360 1946 2413 τρια-

289 2431 617 2502 κονταοκτὼ,
653 2439 832 2503 μῆνας
860 2435 1028 2504 τρεῖς,
1063 2429 1251 2484 Φίλων
1282 2426 1341 2484 δὲ
1368 2427 1457 2483 καὶ
1487 2429 1650 2489 αὐτὸς
1680 2429 1944 2505 ἀνέγραψε

283 2521 408 2584 τοὺς
445 2521 690 2596 βασιλεῖς
716 2519 846 2582 τοὺς
878 2517 1154 2578 Ἰουδαίων
1189 2515 1472 2594 διαφώνως
1503 2522 1582 2589 τῷ
1613 2518 1939 2591 Δημητρίῳ.

282 2613 397 2667 Ἔτι
457 2608 518 2665 δὲ
569 2611 660 2666 καὶ
714 2607 1043 2682 Εὐπόλεμος
1086 2609 1138 2663 έν
1171 2611 1238 2681 τῇ
1273 2606 1441 2680 ὁμοίᾳ
1469 2606 1820 2682 πραγματείᾳ
1875 2609 1952 2682 τὰ,

277 2700 448 2755 πάντα
474 2700 571 2769 ’ἐτη
605 2699 768 2777 φησὶν
800 2698 909 2753 ἀπὸ
955 2694 1140 2770 Ἀδὰμ
1169 2693 1300 2772 ἄχρι
1330 2700 1427 2751 τοῦ
1482 2702 1736 2769 πέμπτου
1783 2694 1939 2758 ἔτους

277 2790 584 2864 Δημητρίω
637 2785 1007 2860 Πτολεμαίου,
1066 2787 1129 2840 τὸ
1185 2783 1492 2840 δωδέκατον
1551 2783 1940 2860 βασιλεύοντος

277 2879 588 2954 Αἰγύπτου,
621 2877 938 2953 συνάγεσθαι
977 2874 1072 2945 ’ἐτη
1105 2896 1144 2950 ,ε
1175 2896 1204 2949 ρ
1239 2897 1279 2948 μ
1308 2876 1370 2931 θ’.
1406 2876 1526 2949 Ἀφ’
1553 2873 1614 2930 οὗ
1647 2873 1705 2931 δὲ
1733 2875 1939 2952 χρόνου

277 2969 514 3044 ἆξτςγαγε
544 2973 782 3037 Μωυσῆς
809 2965 938 3030 τοὺς
966 2962 1266 3026 Ἰουδαίους
1307 2964 1358 3038 ἐξ
1392 2962 1672 3041 Αἰγύπτου
1701 2964 1788 3019 ἐπὶ
1837 2967 1939 3034 τὴν

273 3061 689 3136 προειρημένην
761 3055 1100 3133 προθεσμίαν
1168 3054 1486 3130 συνάγεσθαι
1542 3051 1639 3126 ἔτη
1691 3053 1941 3132 δισχίλια

271 3149 604 3204 πεντακόσια
651 3144 1010 3222 ὀγδοήκοννα.
1061 3145 1198 3202 Ἀπὸ
1240 3142 1298 3199 δὲ
1350 3149 1448 3199 τοῦ
1507 3146 1714 3220 χρόνου
1742 3144 1939 3200 τούτου

2055 1901 2312 1964 sex,dies
2325 1902 2526 1975 viginti
2541 1909 2814 1974 quatuor.
2827 1903 3160 1957 Demetrius
3175 1907 3372 1957 autem
3385 1902 3603 1957 dicitin
3619 1903 3722 1957 lib.

2052 1991 2126 2046 De
2178 1993 2399 2061 regibus
2451 1993 2629 2059 Judz,
2691 1991 2911 2046 tribum
2961 1990 3128 2057 Juda,
3176 1997 3234 2045 et
3279 1992 3611 2062 Benjamin,
3665 1997 3725 2046 et

2054 2080 2206 2145 Levi,
2239 2097 2359 2135 non
2407 2080 2592 2135 fuisse
2623 2080 2940 2136 abductam
2979 2080 3040 2134 in
3073 2080 3474 2151 captivitatem
3507 2096 3540 2134 a
3571 2081 3722 2135 Sen-

2053 2169 2361 2234 nacherib,
2396 2169 2500 2224 sed
2531 2185 2660 2224 esse
2695 2169 2765 2224 ab
2789 2169 2898 2224 hac
2919 2169 3261 2239 captivitate
3294 2185 3482 2239 usque
3516 2169 3590 2224 ad
3623 2170 3714 2224 ul-

2052 2258 2280 2324 timam,
2333 2275 2512 2329 quam
2562 2257 3109 2313 Nabuchodonosor
3149 2257 3288 2312 fecit
3314 2275 3381 2312 ex
3415 2259 3715 2330 Hiersoly-

2050 2347 2186 2414 mis,
2219 2364 2409 2402 annos
2441 2353 2683 2403 centum
2714 2347 2915 2419 viginti
2947 2352 3102 2411 octo,
3145 2364 3384 2402 menses
3435 2365 3536 2402 sex
3570 2365 3583 2413 ;
3640 2366 3712 2403 ex

2052 2453 2170 2507 quo
2200 2443 2400 2492 autem
2432 2437 2638 2492 decem
2672 2437 2860 2492 tribus
2891 2437 3160 2492 abductae
3191 2436 3434 2490 fuerunt
3463 2439 3707 2508 captivas

2050 2543 2121 2580 ex
2151 2526 2434 2591 Samaria,
2467 2542 2655 2596 usque
2686 2525 2760 2580 ad
2791 2525 3177 2580 Ptolemamm
3210 2531 3708 2595 quartum,annos

2050 2613 2406 2685 quingentos
2437 2613 2810 2686 septuaginta
2829 2620 3190 2677 tres,novem
3224 2630 3464 2669 menses
3490 2632 3504 2681 ;
3532 2632 3566 2670 a
3591 2632 3708 2685 quo

2048 2709 2248 2758 autem
2279 2720 2350 2758 ex
2381 2703 2806 2773 Hierosolymis
2835 2708 2898 2773 ›ι‹
2927 2719 3118 2758 annos
3148 2707 3445 2757 trecentos
3468 2704 3714 2776 triginta

2049 2797 2203 2859 octo,
2222 2808 2461 2846 menses
2484 2797 2623 2847 tres.
2650 2792 2818 2846 Philo
2838 2797 3034 2847 autem
3068 2791 3386 2862 descripsit
3415 2794 3544 2864 ipse
3569 2811 3715 2864 quo-

2049 2898 2163 2953 que
2180 2898 2348 2954 reges
2364 2881 2704 2936 Iudaeorum
2736 2881 2912 2936 aliter
2935 2898 3116 2952 quam
3157 2882 3512 2936 Demetrius.
3555 2884 3714 2937 Prse-

2048 2976 2421 3026 tereaautem
2447 2970 2808 3042 Eupolemus
2821 2987 3057 3042 quoque
3084 2972 3144 3025 in
3168 2970 3349 3024 simili
3379 2987 3557 3042 opere
3573 2970 3720 3026 dicit

2048 3077 2258 3116 omnes
2291 3076 2481 3115 annos
2531 3059 2602 3114 ab
2636 3060 2822 3115 Adam
2857 3077 3048 3131 usque
3080 3059 3153 3115 ad
3184 3060 3458 3130 quintum
3490 3077 3716 3116 annum

2051 3148 2332 3204 Demetrii
2384 3147 2711 3214 Ptolemaei,
2764 3148 2864 3218 qui
2923 3147 3311 3202 duodecimus
3360 3148 3422 3202 in
3471 3150 3715 3221 zligypto

274 3238 402 3314 ἄχρι
460 3243 570 3293 τῶν
630 3236 683 3291 ἐν
737 3237 928 3309 Ῥώμῄ
981 3236 1198 3290 ὑπάτων
1242 3233 1404 3288 Γαῒου
1439 3239 1797 3306 Δομετιανοῦ,
1833 3237 1938 3291 Κα-

2056 3236 2334 3310 regnavit,
2357 3235 2554 3308 colligi
2574 3253 2765 3292 annos
2778 3236 3096 3307 quinquies
3116 3236 3282 3290 mille
3305 3219 3718 3308 centuquua-

271 3331 465 3383 σιανοῦ
495 3330 605 3400 (35)
638 3325 1044 3400 συναθρνίζεται
1089 3321 1183 3395 ἔτη
1236 3323 1423 3378 ἑκατὸν
1483 3321 1708 3379 εἷ’κοσιν.
1761 3319 1939 3399 Εὔφο-

274 3436 366 3490 ρος
393 3421 516 3489 (36)
547 3413 604 3470 δὲ
634 3413 723 3470 καῖ
754 3412 920 3470 ἄλλοι
953 3413 1158 3469 πολλοὶ
1184 3417 1290 3468 τῶν
1317 3413 1628 3488 ἱστορικῶν,
1663 3411 1751 3467 καὶ
1784 3409 1937 3483 ἔθνη,

266 3508 354 3561 καὶ
402 3505 667 3583 γλώσσας
717 3503 873 3559 πέντε
917 3505 1004 3558 καὶ
1059 3498 1442 3575 ἕδδομήκοντα
1493 3501 1748 3576 λέγουσιν
1781 3503 1936 3556 εἶναι·

268 3593 677 3655 ἐπακούσαντες
772 3600 875 3663 τῆς
976 3595 1162 3668 φωνῆς
1262 3591 1542 3652 Μωΰσέως
1643 3588 1935 3666 λεγούσης·

267 3711 294 3738 «
327 3687 510 3743 Ἦσαν
541 3687 652 3758 (37)
711 3681 768 3738 δὲ
814 3689 980 3737 πᾶσαι
1038 3682 1093 3736 αἱ
1142 3681 1316 3757 ψυχαὶ
1349 3680 1401 3752 ἐξ
1435 3675 1631 3738 Ἰακὼϐ
1663 3681 1818 3735 πέντε
1844 3681 1938 3736 καὶ

265 3770 679 3847 ἑϐδομήκοντα,
712 3771 766 3826 αἱ
798 3770 875 3832 εἰς
909 3767 1187 3839 Αἴγυπτον
1217 3767 1597 3833 κατελθοῦσαι.
1630 3791 1656 3821 »
1703 3769 1938 3825 Φαίνον-

260 3884 346 3918 ται
382 3860 443 3918 δὶ
485 3861 616 3916 εἶναι
647 3860 740 3915 καὶ
769 3861 906 3915 κατᾶ
935 3861 1027 3914 τὸν
1059 3858 1240 3929 ἀληθῆ
1294 3857 1462 3933 λόγον
1495 3860 1550 3913 αἱ
1581 3859 1788 3932 γενικαί
1820 3856 1938 3914 διάο

264 3951 450 4008 λεκτοι
487 3948 584 4004 δύο
614 3949 704 4004 καὶ
732 3944 1114 4022 ἑϐδομήκοντα
1146 3952 1280 4022 (38),
1313 3949 1387 4012 ὡς
1432 3948 1486 4003 αἱ
1531 3949 1796 4024 ἡμέτεραι
1840 3969 1940 4004 πα-

340 4079 404 4144 ›ι‹
434 4081 509 4135 Ρ.
544 4079 650 4132 404-
680 4077 793 4132 ΕΙ).
825 4077 1120 4143 POTTER,
1153 4077 1256 4130 338
1287 4076 1400 4130 ΕΙ).
1435 4076 1664 4131 PARIS.

337 4227 452 4295 (35)
518 4221 684 4295 Γαέιαυ
742 4223 1103 4293 Δομετιανοῦ,
1165 4221 1683 4295 Κασιανοῦλῇιῗοηθ
1721 4220 1940 4295 _legen-

263 4285 447 4363 dum;
504 4293 771 4366 Καίσαρος
819 4285 1176 4366 Δομετιανοῦ,
1224 4291 1317 4366 καὶ
1351 4285 1674 4366 Σαϐίνουεα
1708 4285 1939 4366 Cingam

262 4362 617 4427 Domitiano
649 4362 709 4423 et
737 4362 992 4433 Sabino;
1029 4387 1056 4413 η
1100 4365 1140 4420 ii
1173 4365 1334 4420 enim
1391 4364 1582 4435 primo
1617 4362 1938 4418 Domitiani

263 4458 424 4497 anno
459 4444 643 4495 erant
667 4438 965 4494 consules.
1000 4443 1064 4491 ut
1088 4436 1307 4492 docent
1333 4435 1490 4491 fasti.
1526 4435 1664 4490 SYLB

336 4515 456 4582 (36)
525 4507 1224 4584 Eiigooaoc._Scribendum
1271 4507 1534 4579 Ἔφορος,
1567 4511 1632 4560 ut
1662 4505 1937 4584 superius

261 4603 317 4656 p.
347 4576 464 4639 306
492 4576 647 4656 redit.
682 4581 866 4656 Paris.
903 4583 1017 4656 Nec
1048 4576 1363 4656 insolitum
1391 4576 1483 4656 est
1513 4594 1756 4656 {apros
1785 4576 1937 4656 posi-

263 4646 418 4711 tum.
472 4655 644 4709 Unde
686 4654 746 4708 in
793 4653 1154 4724 numismate
1185 4651 1470 4706 Antonini
1513 4646 1620 4704 Pii.
1657 4646 1939 4724 Εὐφυσίων

267 4724 352 4787 δὶς
382 4725 710 4800 νεωκὸρων,
745 4740 852 4796 pro
884 4722 1165 4800 Ἐφεσίων..

343 4784 464 4869 (37)
499 4784 709 4853 Ἦσαν.’
747 4784 1160 4869 Ἰιᾷσαιίψυχαὶ
1217 4789 1376 4869 θ’ἱκου
1433 4784 1653 4869 Ἰοικῲίέζ
1683 4791 1738 4844 αἱ
1764 4790 1944 4869 εἰσεΛ-

268 4858 464 4924 θοῧσαὶ
513 4869 646 4939 μετά
679 4861 875 4923 Ἰακὼϐ
902 4864 978 4928 είς
998 4858 1321 4940 Ἀ’ἶγυπτον,
1354 4865 1525 4938 ψυχαὶ
1562 4858 1946 4934 ἑϐδομήκοντα

268 4942 453 4997 πέντε.
492 4942 636 4996 Gen.
671 4957 820 5000 XLVI.
853 4943 941 4993 27.

346 5017 468 5084 (38)
517 5011 622 5066 Δύο
670 5011 759 5064 καὶ
815 5005 1215 5084 ἑϐδομήκοντα.
1281 5008 1529 5084 Antiqui
1589 5009 1794 5064 Patres
1853 5023 1949 5062 se-

271 5081 614 5159 ptuaginta,
648 5085 739 5140 vel
761 5081 1136 5159 septuaginta
1162 5081 1310 5159 duas
1338 5081 1590 5159 linguas,
1622 5084 1948 5151 gentesque

273 5150 535 5212 totidem
568 5150 860 5228 p’rmterea
888 5150 1952 5228 angelos‘illisApras’fectos;numera-

269 5228 440 5302 bant.
477 5222 665 5302 Quem
686 5222 1011 5302 numerum
1043 5242 1074 5280 e
1097 5223 1346 5302 diversis
1378 5227 1598 5302 sanctae
1617 5222 1949 5302 _Scriptur§e

269 5299 427 5356 locis
462 5292 847 5368 colligebant.
886 5298 1350 5353 Clementinornm
1380 5300 1588 5368 auctor
1617 5292 1824 5368 homil.
1863 5295 1948 5368 18,

272 5388 327 5427 c.
355 5373 410 5428 4.
448 5387 590 5426 cum
607 5363 914 5426 Clemente
932 5375 1136 5425 nostro
1153 5385 1188 5423 a
1212 5381 1461 5423 numero
1492 5364 1751 5419 ﬁliorum
1773 5363 1949 5420 Jacob

269 5443 583 5498 rationem
608 5443 748 5498 init:
771 5445 953 5502 Ὅστις
976 5439 1112 5494 κατὰ
1133 5435 1365 5506 ἀριθμδν
1396 5440 1508 5506 τᾶξν
1541 5435 1672 5488 υἱῶν
1705 5434 1948 5506 Ἰσραὴλ,

273 5509 330 5569 οἳ
363 5511 636 5584 εἰσῆλθον
696 5513 772 5574 εἰς
829 5509 1125 5584 Α’ίγυπτον,
1172 5502 1230 5565 ὀἳ
1259 5502 1390 5584 εἰσιν
1425 5502 1952 5584 έϐδρμήκοιθτα.ηκαὶ

272 5585 424 5658 πρὸς
481 5571 554 5638 τὰ
598 5583 723 5658 ὅρια
758 5571 888 5658 ῖτῶν
911 5571 1084 5639 ’ένθῶν
1116 5571 1455 5658 περιγράψας
1479 5571 1762 5658 γλώσσαις
1791 5571 1951 5658 δίϐδοτ

277 5649 562 5731 μῆκοντα·
600 5649 642 5708 ‹‹’
660 5657 768 5731 Qui
793 5658 968 5726 juxta
990 5649 1310 5712 numerum
1345 5649 1605 5731 filiorum
1639 5649 1954 5731 Isr_ae_l.qui

275 5727 548 5802 ingressi
577 5737 718 5785 sunt
749 5728 808 5802 in
842 5731 1152 5802 :Egyptum
1181 5742 1432 5802 numero
1466 5727 1862 5802 septuaginta,
1882 5727 1956 5802 et

278 5794 585 5858 terminos
601 5801 869 5876 gentium
884 5794 1119 5856 deli-nivi
1131 5807 1152 5855 t
1163 5794 1828 5874 septuaginta—linguis,»
1841 5799 1956 5852 etc.

2050 3326 2322 3398 draginta
2342 3341 2552 3380 novem
2580 3341 2641 3392 ;a
2661 3341 2775 3396 quo
2800 3332 3000 3380 autem
3017 3341 3051 3380 a
3081 3331 3345 3396 tempore
3370 3327 3596 3397 Moyses
3617 3327 3716 3381 Ju-

2051 3415 2212 3470 daaos
2243 3413 2446 3468 eduxit
2471 3430 2542 3468 ex
2573 3416 2815 3486 Egypto
2848 3431 3036 3486 usque
3069 3414 3142 3469 ad
3175 3414 3524 3485 prmdictum
3560 3420 3717 3469 tem-

2051 3521 2183 3576 pus,
2217 3501 2416 3574 colligi
2449 3519 2639 3557 annos
2671 3502 2762 3558 bis
2801 3503 2967 3558 mille
3000 3503 3361 3575 quingentos
3393 3504 3714 3576 octoginta.

2051 3593 2137 3648 Ab
2170 3593 2283 3647 hoc
2312 3598 2510 3647 autem
2545 3597 2813 3663 tempore
2845 3609 3034 3662 usque
3066 3593 3139 3647 ad
3185 3591 3462 3647 consules
3516 3595 3716 3648 Romae

2051 3683 2256 3739 Caium
2287 3681 2690 3736 Domitianum
2718 3687 2777 3736 et
2805 3682 3146 3749 Casianum,
3171 3681 3536 3754 colliguntur
3576 3682 3718 3737 anni

2050 3779 2292 3828 centum
2317 3770 2544 3843 viginti.
2569 3771 2881 3842 Euphorus
2904 3777 3103 3826 autem
3127 3775 3184 3826 et
3205 3770 3306 3826 alii
3331 3770 3506 3825 multi
3528 3771 3717 3826 histo-

2051 3862 2180 3928 rici,
2213 3866 2273 3916 et
2301 3865 2528 3932 gentes,
2561 3865 2620 3916 et
2650 3859 2885 3932 linguas
2916 3859 3125 3915 dicunt
3159 3877 3288 3915 esse
3340 3859 3717 3932 septuaginta

2052 3951 2338 4022 quinque,
2372 3965 2508 4004 cum
2536 3948 2869 4003 audiissent
2912 3965 3112 4003 vocem
3158 3948 3374 4019 Moysis
3423 3948 3718 4026 dicentis,

2049 4218 2216 4286 Quod
2230 4218 2472 4286 quidem
2494 4217 2913 4274 inferebantex
2932 4220 3102 4275 Deut.
3132 4236 3309 4286 χχχιι,
3329 4219 3363 4272 8
3389 4236 3447 4273 :«
3470 4220 3714 4283 Quando

2050 4289 2702 4362 dividebatAltissimus
2723 4296 2948 4362 gentes,
2970 4290 3206 4362 quando
3231 4289 3544 4361 separabat
3559 4291 3714 4347 filios

2049 4363 2236 4418 Adam
2265 4361 2909 4417 :constituitterminos
2935 4361 3291 4433 pdpulorum
3305 4363 3480 4431 juxta
3502 4378 3713 4417 nume-

2049 4452 2182 4490 rum
2242 4434 2502 4489 ﬁliorum
2544 4433 2749 4504 lsrael.
2785 4435 2926 4488 Pars
2959 4440 3158 4488 autem
3192 4433 3425 4487 Domini
3458 4433 3715 4504 pOpulus

2049 4507 2201 4577 ejus.
2244 4527 2270 4553 ι»
2302 4507 2488 4569 Quem
2541 4503 2741 4577 locum
2770 4522 2890 4575 prae
2923 4505 3111 4577 oculis
3139 4505 3348 4560 habuit
3376 4503 3583 4559 auctor
3612 4507 3713 4560 R3-

2049 4575 2423 4647 cbgnitionum
2455 4575 3006 4647 sanctiClementis
3057 4577 3157 4631 lib.
3188 4592 3247 4640 ιι,
3282 4592 3408 4646 cap.
3445 4578 3533 4638 42,
3592 4577 3718 4632 haec

2055 4646 2360 4721 scribens:
2395 4671 2422 4696 «
2457 4649 2558 4701 Est
2579 4646 2738 4721 enim
2762 4648 3236 4721 uniuscujusque
3254 4648 3447 4721 gentis
3471 4648 3719 4721 angelus

1973 4707 2021 4772 Ι)
2053 4722 2145 4776 cui
2178 4719 2402 4775 credita
2435 4724 2524 4772 est
2552 4718 2746 4791 gentis
2792 4719 2978 4789 ipsius
3009 4707 3378 4791 dispensatio
3412 4736 3445 4774 a
3473 4707 3613 4774 Deo.
3651 4761 3664 4775 .
3703 4761 3715 4774 .

2057 4795 2211 4849 Deus
2243 4792 2402 4847 enim
2427 4791 2714 4863 excelsus,
2743 4791 2842 4860 qui
2876 4792 3036 4863 solus
3063 4797 3419 4863 potestatem
3448 4791 3718 4863 omnium

2055 4869 2241 4930 tenet,
2275 4864 2336 4917 in
2371 4861 2749 4935 septuaginta
2777 4868 2836 4916 et
2884 4862 3032 4917 duas
3064 4861 3260 4935 partes
3293 4862 3488 4935 divisit
3540 4864 3720 4935 totius

2058 4943 2228 4992 terrm
2261 4934 2551 5006 nationes.
2578 4935 2826 5004 ejusque
2870 4934 3170 5006 principes
3200 4934 3444 5003 angelos
3474 4934 3720 4999 statuit;

2055 5009 2160 5064 uni
2193 5024 2353 5069 vero,
2386 5005 2487 5077 qui
2534 5005 2594 5058 in
2647 5006 3022 5077 archangelis
3055 5005 3182 5062 erat
3209 5007 3527 5077 maximus,
3563 5012 3721 5077 sorte

2057 5081 2196 5136 data
2221 5084 2312 5134 est
2341 5075 2706 5150 dispensatio
2740 5075 2944 5133 eorum
2976 5079 3077 5149 qui
3109 5096 3229 5150 praa
3261 5075 3490 5132 caeteris
3524 5076 3720 5130 omni~

2059 5152 2169 5225 bus
2187 5149 2402 5225 ex_c_elsi
2420 5149 2520 5203 Dei
2534 5147 2761 5202 cultum
2785 5155 2962 5225 atque
2977 5147 3287 5206 scientiam
3303 5153 3678 5217 receperunt.
3692 5167 3718 5225 »ξ

2060 5223 2174 5279 Alii
2203 5221 2396 5277 eidem
2427 5235 2676 5274 numero
2719 5221 3003 5291 aptabant
3033 5238 3238 5276 eorum
3273 5221 3719 5291 numerum‘qui

2061 5294 2272 5350 turrim
2292 5291 2712 5360 Babylonicam
2735 5288 3153 5346 exstruxerunt
3189 5288 3554 5360 Epiphanius
3577 5289 3722 5360 Con-

2063 5373 2152 5421 tra
2182 5354 2586 5435 haereseslib._i.
2617 5368 2657 5416 t.
2685 5364 2725 5424 Ι,
2749 5369 2891 5435 sect.
2910 5366 3137 5435 _6,»pag.
3174 5366 3204 5417 6
3231 5354 3586 5435 {Aieq'ééaaﬁ
3616 5357 3719 5430 γὰρ

2061 5435 2236 5490 αὐτῶν
2289 5434 2384 5494 τὰς
2434 5432 2712 5505 γλώσσας.
2757 5433 2848 5505 καὶ
2897 5425 3025 5505 duo:
3063 5425 3189 5505 μιᾶς
3229 5431 3304 5491 είς
3339 5425 3724 5505 ἐϐδομήκοντα

2063 5505 2160 5563 δύο
2193 5500 2458 5576 διένειμε(
2482 5504 2617 5558 κατᾶ
2645 5507 2752 5558 τῶν
2779 5503 2900 5558 τότε
2927 5500 3134 5575 ἀνδρῶν
3167 5503 3396 5576 ἀριθμὸν
3423 5500 3720 5576 εὑρεθέντα.

2069 5601 2090 5630 ι
2129 5573 2877 5651 Dispers'itDeusipsorum
2909 5573 3167 5651 linguas.
3203 5573 3260 5631 et
3289 5573 3360 5630 ab
3392 5590 3514 5628 una
3531 5573 3601 5651 _in
3631 5592 3722 5651 se-

2061 5645 2370 5725 ptuaginta
2401 5650 2550 5725 duas
2581 5645 2804 5725 divisit,
2833 5645 3173 5725 secundum.
3193 5662 3510 5725 numerum
3531 5645 3724 5725 homi-

2062 5717 2238 5790 num,
2265 5723 2365 5794 qui
2397 5720 2476 5778 ibi
2512 5721 2786 5794 inventus
2817 5727 2907 5775 est
2958 5743 2983 5768 α
3023 5720 3186 5794 Conf_
3223 5719 3380 5794 idem
3416 5717 3629 5794 haeres.
3659 5720 3725 5772 39

2066 5788 2507 5859 Sethianorum,
2541 5791 2862 5864 Procopius
2908 5793 3143 5848 Gazaaus
3175 5791 3235 5848 in
3295 5791 3466 5845 Deut.
3528 5788 3725 5845 locum
