4120 6402
391 323 499 379 907

1623 325 2040 382 CLMNTIS
2073 324 2584 381 ALIXANDBINI

395 450 768 524 Argivorum,
808 449 1142 507 Alexander
1168 466 1304 505 vero
1335 467 1440 505 rex
1468 450 1582 505 fuit
1629 450 2039 506 Macedonum.

2155 469 2235 521 τῳ
2267 447 2329 503 ού
2378 466 2687 522 προσεστιψ
2743 447 2788 520 ᾦ
2831 445 3027 522 Πέρσαι
3081 445 3171 502 ἐπὶ
3217 446 3317 517 τὴν
3359 443 3605 505 Ἐλλάδα
3654 468 3821 524 στρα-

396 541 592 597 Tertia
615 546 722 608 est,
753 558 881 612 quae
910 557 1095 595 unum
1120 539 1314 595 solum
1338 539 1729 610 concupiscit,
1750 556 1968 611 nempe
1988 547 2055 596 ut

393 631 590 685 vincat
619 636 676 685 et
707 636 966 697 evertat;
1004 629 1064 684 in
1097 630 1321 684 malum
1349 635 1548 683 autem
1583 629 1673 684 vel
1714 629 1937 685 bonum
1993 631 2054 685 ﬁ-

395 736 531 774 nem
563 719 805 773 victoria
833 719 940 783 uti,
975 720 1026 772 ei
1052 719 1298 773 minime
1332 719 1488 773 inest
1513 735 1525 772 :
1552 735 1669 790 qua
1691 719 1934 790 quidem
1960 720 2054 776 usi

394 813 533 864 sunt
562 810 779 873 Persae,
818 825 951 863 cum
983 808 1208 864 bellum
1241 814 1514 881 gererent
1559 809 1840 865 adversus
1894 811 2056 864 Gree-

392 898 566 952 ciam.
603 899 745 953 Nam
780 898 1102 953 irascibilis
1126 900 1422 969 appetitus
1446 899 1594 954 alias
1617 899 1860 970 quidem
1882 916 2056 970 pror-

396 1005 496 1042 sus
531 992 621 1040 est
649 987 1080 1055 contentiosus,
1115 988 1213 1058 qui
1258 988 1578 1059 imperium
1624 989 1840 1058 quaerit
1870 988 2054 1043 solius

395 1077 824 1132 dominationis
847 1079 1054 1149 gratia,
1080 1078 1227 1132 alias
1251 1094 1385 1132 vero
1412 1078 1552 1133 boni
1579 1078 1902 1143 studiosus,
1935 1095 2054 1149 quo

399 1169 602 1224 anima
632 1169 704 1224 ad
737 1169 817 1233 id,
843 1169 1002 1239 quod
1034 1169 1261 1224 bonum
1284 1175 1374 1225 est
1402 1175 1461 1223 et
1485 1171 1820 1236 honestum,
1847 1170 2054 1224 utitur.

397 1257 614 1322 Quarta
645 1262 844 1311 autem
875 1257 1164 1329 regnandi
1199 1257 1428 1328 species
1458 1257 1834 1312 estomnium
1866 1256 2054 1327 pessi-

397 1363 514 1414 ma,
550 1363 681 1417 quae
713 1351 892 1416 prout
917 1346 1033 1401 fert
1056 1347 1241 1401 libido
1267 1345 1580 1402 ordinatur
1604 1363 1616 1400 :
1642 1345 1817 1417 quale
1837 1346 1951 1400 fuit
1970 1361 2058 1400 re-

397 1452 577 1508 gnum
609 1435 995 1508 Sardanapali
1028 1443 1087 1491 et
1124 1452 1350 1503 eorum,
1386 1436 1487 1507 qui
1533 1437 1694 1491 hunc
1727 1437 1909 1490 finem
1943 1433 2056 1490 sibi

396 1532 759 1596 proponunt,
792 1533 856 1581 ut
887 1527 1396 1598 quamplurimum
1433 1527 1778 1598 indulgeant
1800 1527 1923 1582 suis
1955 1543 2056 1581 cu-

397 1615 770 1687 piditatibus.
808 1616 1110 1686 Regnandi
1159 1622 1360 1670 autem
1424 1616 1709 1680 scientia),
1745 1621 1864 1670 tam
1925 1632 2056 1686 quae

399 1703 462 1766 ›ι‹
493 1705 704 1759 virtute
735 1705 931 1769 vincit,
967 1722 1144 1776 quam
1208 1722 1338 1776 quae
1362 1705 1437 1768 vi,
1471 1705 1937 1760 instrumentum
1971 1709 2060 1759 est

2158 537 2440 600 τεύσαντες
2471 539 2900 613 συνεχρήσαντο.
2936 541 3050 595 Τοῦ
3079 537 3182 612 γὰρ
3214 539 3388 608 θυμοῦ
3443 537 3506 592 τὸ
3569 537 3663 610 μὲν
3716 560 3819 616 φι-

2163 625 2412 682 λόνεικον
2441 633 2555 702 (36)
2593 627 2759 701 μόνον
2815 627 2980 696 ἐστὶν,
3012 627 3178 683 αὐτοῦ
3232 630 3328 681 τοῦ
3385 632 3601 697 κρατεῖν
3663 626 3822 682 ἐνεκα

2157 719 2257 787 τήν
2291 717 2601 772 δυναστείαν
2660 718 3056 788 πεποιημένονο
3114 716 3177 770 τὸ
3235 713 3293 770 δὲ
3349 715 3676 792 φιλόκαλον,
3740 717 3822 780 εἰς

2158 805 2333 875 καλὴν
2366 807 2804 882 καταχρωμένης
2839 814 2940 874 τῆς
2968 807 3153 881 ψύχῆς
3207 809 3286 878 τῷ
3335 811 3516 878 θυμῷ.
3568 808 3816 879 Τετάρτη

2163 892 2239 966 δὶ,
2271 898 2306 965 ἡ
2331 902 2516 951 πασὼν
2559 896 2809 965 κακίστη,
2843 897 2877 966 ἢ
2909 896 3046 951 κατά
3086 897 3182 958 τὰς
3232 895 3522 968 ἐπιθυμίας
3565 897 3823 951 τάττεται

2165 985 2435 1060 βασιλεία·
2497 987 2572 1048 ὡς
2622 988 2656 1054 ἡ
2716 983 3169 1058 Σαρδαναπάλου,
3227 986 3318 1039 καὶ
3376 989 3482 1039 τῶν
3542 984 3605 1039 τὸ
3656 983 3822 1047 τέλος

2160 1075 2530 1148 ποιουμένων,
2569 1082 2688 1137 ταῖς
2737 1075 3052 1148 ἐπιθυμίαις
3085 1074 3159 1137 ὡς
3193 1072 3424 1130 πλεῖστα
3474 1075 3818 1150 χαρίζεσθαι.

2163 1167 2278 1221 Τοῦ
2332 1162 2390 1219 δὲ
2445 1165 2734 1240 βασιλικοῦ
2769 1207 2783 1232 ,
2835 1169 2931 1220 τοῦ
3004 1186 3064 1219 τε
3117 1165 3235 1219 κατ’
3293 1163 3488 1238 ἀρετὴν
3547 1168 3818 1226 νικῶντος

2159 1275 2250 1309 και
2278 1259 2376 1309 τοῦ
2414 1257 2551 1310 κατά
2606 1254 2747 1330 βίαν,
2808 1250 3036 1330 ὄργανον
3093 1255 3156 1308 τὸ
3209 1253 3484 1310 τακτικόν.
3543 1251 3729 1310 ’Άλλο
3761 1251 3822 1308 δὲ

2159 1345 2274 1399 κατ’
2308 1342 2485 1413 ἄλλην
2514 1343 2670 1421 φῦσιν
2711 1365 2769 1398 τε
2797 1343 2886 1398 καῖ
2921 1343 3082 1414 ὕλην·
3115 1342 3167 1398 ἐν
3205 1343 3302 1416 μέν
3348 1364 3410 1418 γε
3456 1342 3678 1410 ὅπλοις,
3727 1341 3824 1399 καὶ

2159 1437 2281 1494 τοῖς
2316 1433 2585 1508 μαχίμοις
2619 1434 2807 1505 ζώοις,
2871 1430 2939 1488 δι’
3001 1431 3268 1508 ἐμψύχων
3302 1453 3361 1487 τε
3416 1432 3506 1488 καὶ
3564 1431 3822 1511 ἀψύχων,

2161 1524 2315 1597 ψυχὴ
2341 1523 2402 1576 τὸ
2432 1523 2623 1576 τάττον
2672 1522 2783 1576 ἐστὶ
2833 1522 2920 1576 καὶ
2964 1526 3111 1583 νοῦς’
3161 1521 3212 1576 ἐν
3267 1519 3326 1576 δὶ
3353 1526 3470 1585 τοῖς
3498 1528 3599 1590 τῆς
3633 1524 3826 1596 ψυχῆς

2160 1613 2406 1678 πάθεσιν,
2454 1613 2526 1666 ὢν
2579 1610 2980 1686 ἐπικρατῶμεν
3025 1616 3095 1685 τῇ
3142 1612 3328 1686 ἀρετῇ,
3381 1611 3652 1686 λογισμός
3709 1611 3825 1666 ἐστι

2161 1701 2225 1756 τὸ
2271 1703 2560 1770 τακτικὸν,
2613 1702 3136 1778 ἐπισφραγιζόμενος
3201 1701 3509 1777 ἐγκράτειαν
3569 1701 3658 1756 καὶ
3713 1724 3824 1757 σω-

401 1792 717 1848 ordinandi
742 1794 1009 1848 scientia.
1047 1796 1128 1848 Ea
1157 1811 1294 1849 vero
1321 1812 1426 1866 pro
1459 1794 1675 1867 objecti
1698 1795 1786 1849 sui
1818 1793 2044 1848 diversi-

2166 1792 2439 1870 φροσύνην
2504 1794 2618 1865 μεθ’
2679 1793 2992 1862 ὁσιότητος,
3040 1793 3131 1847 καὶ
3177 1796 3381 1866 γνῶσιν
3437 1791 3642 1867 ἀγαθὴν
3700 1793 3823 1865 μετ’

403 1885 518 1936 tate
549 1883 709 1936 varia
731 1889 838 1937 est.
874 1885 1019 1938 Nam
1049 1900 1214 1938 arma
1247 1885 1488 1955 quidem
1521 1891 1579 1940 et
1608 1885 1900 1957 pugnacia
1929 1883 2055 1938 ani-

401 1971 600 2038 malia,
635 1989 744 2043 ope
777 1989 910 2026 cum
943 1974 1367 2041 animatorum,
1394 1979 1519 2030 tum
1553 1976 1726 2030 etiam
1761 1975 2060 2030 inanima-

395 2065 613 2128 torum,
638 2062 841 2116 anima
865 2067 925 2118 et
945 2079 1116 2120 mens
1149 2063 1391 2119 ordinat
1415 2081 1428 2130 ;
1452 2065 1666 2120 animas
1698 2071 1897 2119 autem
1916 2064 2058 2118 affe-

393 2153 547 2217 ctus,
585 2151 648 2204 in
680 2168 828 2221 quos
890 2169 998 2223 ope
1057 2154 1291 2208 virtutis
1335 2154 1652 2225 imperium
1694 2153 2053 2218 obtinemus,

395 2238 632 2294 ordinat
646 2241 893 2304 ratio,‘ut
921 2259 1052 2312 quae
1068 2243 1499 2298 continentiam
1519 2249 1578 2298 et
1597 2243 2056 2314 temperantiam

395 2343 530 2381 cum
563 2329 965 2395 sanctitate,et
982 2329 1202 2387 bonam
1227 2331 1627 2402 cognitionem
1652 2348 1786 2386 cum
1812 2331 2054 2386 veritate

395 2415 898 2488 obsignet,omnia
919 2419 1159 2474 demum
1180 2420 1254 2475 ad
1270 2421 1551 2492 pietatem
1571 2421 1793 2491 Deique
1827 2421 2055 2476 cultum

398 2505 687 2572 referens;
711 2507 795 2561 sic
827 2508 988 2562 enim
1020 2509 1234 2564 virtute
1267 2509 1572 2565 utentibus
1604 2510 1924 2581 prudentia
1941 2516 2052 2578 est,

394 2612 525 2666 qua)
548 2613 644 2651 res
677 2596 947 2666 ordinat;
974 2615 1042 2654 ac
1066 2599 1296 2656 divinas
1321 2600 1587 2670 quidem,
1605 2602 1916 2673 sapientia;
1944 2601 2058 2656 hu-

392 2702 604 2741 manas
660 2704 818 2754 vero,
853 2688 1098 2759 politica
1132 2707 1144 2756 ;
1178 2691 1484 2746 universas
1537 2699 1760 2759 autem,
1803 2692 2056 2750 scientia

391 2776 702 2848 regnandi.
740 2779 856 2833 Rex
892 2779 1159 2849 itaqueis
1183 2785 1292 2847 est,
1325 2782 1426 2852 qui
1445 2781 1700 2853 imperat
1722 2781 2052 2838 secundum

391 2864 572 2938 leges,
590 2867 945 2938 etpraaditus
961 2874 1050 2922 est
1071 2870 1320 2926 scientia
1339 2871 1673 2943 imperandi
1694 2872 2050 2928 volentibus:

393 2955 730 3026 cujusmodi
764 2961 854 3012 est
885 2958 1195 3026 Dominus,
1233 2960 1334 3030 qui
1368 2976 1490 3026 eos,
1525 2962 1625 3032 qui
1672 2963 1735 3016 in
1766 2962 1961 3032 ipsum
1998 2966 2055 3016 et

393 3062 501 3118 per
525 3045 723 3117 ipsum
755 3048 1024 3115 credunt,
1065 3050 1346 3106 admittit.
1379 3052 1590 3108 Omnia
1617 3053 1775 3107 enim
1808 3051 2056 3108 tradidit

394 3136 567 3200 Deus,
603 3143 661 3192 et
690 3139 893 3194 omnia
931 3140 1161 3196 Christo
1215 3140 1471 3211 subjecit
1499 3143 1621 3214 regi
1653 3147 1878 3209 nostro,
1912 3164 1940 3191 ‹‹
1983 3147 2050 3197 ut

392 3222 454 3277 in
489 3226 731 3280 nomine
760 3227 896 3282 Jesu
928 3244 1104 3283 omne
1148 3245 1304 3300 genu
1349 3229 1643 3296 flectatur,
1691 3229 2044 3298 ccelestium,

390 3315 785 3381 terrestrium,
819 3322 879 3371 et
907 3316 1277 3372 infernorum
1303 3336 1316 3383 ;
1349 3324 1407 3374 et
1424 3319 1841 3391 omnislingua
1872 3319 2051 3374 confi-

391 3406 604 3468 teatur,
666 3403 826 3475 quod
898 3407 1183 3462 Dominus
1258 3409 1427 3464 Jesus
1487 3409 1756 3464 Christus
1807 3410 1865 3464 in
1923 3409 2052 3482 glo-

391 3491 542 3546 riam
577 3493 677 3547 Dei
722 3495 914 3549 Patris
953 3497 1048 3566 (a).
1089 3519 1116 3546 »
1153 3497 1262 3551 Ars
1302 3514 1478 3568 porro
1514 3498 1899 3569 imperatoria
1945 3499 2048 3554 tri-

391 3581 502 3635 bus
520 3582 864 3638 continetur
885 3586 1195 3656 speciebus
1215 3603 1227 3639 :
1248 3587 1543 3650 cautione,
1562 3588 1828 3655 audacia,
1851 3593 1908 3643 et
1929 3594 2049 3643 ter-

393 3669 492 3737 tia,
524 3687 654 3740 quin
687 3688 757 3726 ex
786 3673 1056 3743 utrisque
1086 3674 1262 3731 mista
1291 3682 1400 3730 est.
1435 3677 1816 3748 Unaqumque
1847 3683 2046 3732 autem

395 3775 598 3813 earum
632 3761 1012 3832 componitur
1032 3781 1100 3817 ex
1126 3763 1336 3832 tribus,
1371 3770 1430 3819 et
1457 3766 1545 3821 vel
1565 3767 2043 3838 perorationem,

390 3848 480 3902 vel
514 3865 618 3919 per
651 3849 822 3918 facta,
842 3851 932 3907 vel
955 3868 1062 3923 per
1081 3859 1333 3926 utraque
1357 3855 1534 3910 simul
1559 3862 1886 3912 exercetur.
1909 3857 2043 3911 Ηωο

388 3942 587 3992 autem
618 3941 821 3996 omnia
853 3940 1057 3996 licebit
1087 3942 1344 4010 efficere,
1377 3945 1467 3999 vel
1489 3945 1926 4016 persuadendo,
1953 3945 2043 4000 vel

387 4027 672 4099 cogendo,
705 4030 794 4084 vel
827 4031 1049 4101 injuria
1079 4032 1417 4101 alliciendo,
1451 4052 1600 4106 quos
1621 4035 1828 4090 ulcisci
1863 4051 2042 4104 expe-

387 4115 509 4184 dit;
545 4124 603 4172 et
633 4118 778 4184 Ιιωο,
812 4120 900 4174 vel
932 4119 1202 4178 faciendo
1234 4123 1291 4178 id
1321 4123 1477 4195 quod
1499 4125 1734 4196 justum
1780 4129 1906 4190 est;
1951 4123 2040 4178 vel

384 4207 748 4274 mentiendo,
783 4209 870 4264 vel
902 4227 1037 4266 vera
1067 4211 1350 4280 dicendo;
1378 4214 1467 4267 vel
1499 4215 1676 4268 etiam
1709 4213 1918 4268 harum
1942 4230 2040 4268 ar-

382 4295 527 4351 tium
561 4297 832 4368 pluribus
865 4301 1073 4356 eodem
1107 4307 1372 4374 tempore
1391 4303 1634 4357 utendo.
1662 4305 1794 4358 Haec
1812 4308 2034 4371 autem,

381 4387 600 4452 omnia,
618 4390 983 4459 etquomodo
999 4397 1310 4462 opporteat
1329 4393 1414 4446 uti
1430 4409 1792 4464 unoquoque
1808 4411 2035 4463 eorum,

378 4491 513 4530 cum
552 4477 734 4532 Graeci
767 4480 1189 4550 accepissenta
1213 4482 1429 4552 Moyse,
1456 4498 1578 4537 non
1602 4499 1840 4552 parvam
1864 4499 2034 4538 acce-

2167 1881 2466 1952 ἀληθείας,
2525 1883 2586 1936 τὸ
2638 1880 2797 1944 τέλος
2850 1883 2925 1942 εἷς
2987 1876 3254 1937 εὐσέϐειαν
3318 1879 3595 1959 ἀναφέρων
3658 1885 3818 1937 Θεοῦ⁶

2165 1970 2306 2025 οὕτω
2335 1971 2437 2047 γάρ
2483 1975 2552 2045 τῇ
2583 1972 2747 2044 ἀρετῇ
2813 1973 3126 2046 χρωμένοις
3179 1971 3444 2046 φρόνησις
3477 1973 3512 2040 ἡ
3544 1971 3820 2026 τάττουσά

2163 2059 2294 2115 ἐστι·
2347 2061 2412 2114 τά
2455 2057 2513 2115 δὲ
2562 2065 2679 2124 θεῖα
2709 2064 2743 2130 ἠ
2778 2060 2960 2134 σοφία·
3010 2065 3078 2114 τὰ
3125 2061 3438 2134 ἀνθρώπεια
3490 2057 3548 2115 δέ
3578 2063 3612 2129 ἡ
3647 2060 3821 2115 πολι-

2159 2152 2308 2221 τική”
2334 2149 2618 2223 σύμπαντα
2648 2147 2704 2206 δὶ
2733 2153 2767 2220 ἡ
2806 2148 3089 2225 βασιλική.
3143 2147 3408 2212 Βασιλεὺς
3462 2151 3640 2204 τοίνυν
3675 2149 3821 2206 ἐστὶν

2162 2241 2189 2294 ὁ
2221 2241 2408 2314 ἄρχων
2443 2241 2579 2294 κατα
2607 2240 2830 2310 νόμους,
2868 2241 2897 2295 ὁ
2919 2242 3020 2309 τήν
3052 2243 3148 2294 τοῦ
3179 2238 3367 2315 ἄρχειν
3421 2240 3652 2294 ἑκόντων
3687 2239 3819 2295 ἐπι-

2162 2330 2377 2401 στήμην
2409 2327 2576 2403 ἔχων·
2614 2325 2729 2393 οἷός
2761 2327 2902 2384 ἐστιν
2937 2331 2965 2383 ὁ
3000 2329 3197 2402 Κύριος
3221 2371 3235 2396 ,
3266 2328 3393 2390 τοὺς
3423 2327 3498 2390 εἷς
3532 2327 3692 2384 αύτὸν
3726 2329 3818 2384 καὶ

2161 2416 2230 2474 δι’
2286 2415 2448 2473 ἇύτοῦ
2505 2439 2857 2480 πιστευοντας
2916 2419 3244 2492 προῖέμενος
3303 2421 3436 2491 (37).
3473 2421 3654 2473 Πάντα
3702 2422 3816 2491 (38)

2157 2509 2259 2582 γάρ
2317 2505 2625 2582 παρέδωκεν
2656 2510 2684 2563 ὁ
2716 2507 2865 2578 Θεὸς,
2923 2508 3014 2562 καὶ
3071 2509 3246 2562 πάντα
3300 2507 3523 2578 ὑπέταξε
3566 2510 3817 2581 Χριστῷ,

2156 2600 2234 2666 τῷ
2267 2595 2484 2670 βασιλεῖ
2530 2599 2713 2668 ἡμῶν·
2765 2596 2915 2650 «ἳνα
2961 2595 3012 2651 ἐν
3062 2601 3142 2668 τῷ
3186 2597 3414 2669 ὀνόμάτι
3475 2597 3655 2666 Ἰησοῦ
3704 2603 3812 2651 πᾶν

2156 2683 2286 2759 γόνυ
2312 2687 2528 2759 κάμψῃ,
2563 2684 2922 2759 ἐπουρανίων,
2953 2685 3044 2740 καὶ
3077 2684 3350 2762 ἐπιγείων,
3399 2685 3488 2740 καὶ
3536 2697 3814 2759 καταχθο·

2157 2775 2307 2828 νίωνο
2340 2778 2427 2830 καὶ
2477 2781 2622 2830 πᾶσα
2658 2773 2885 2850 γλῶσσα
2940 2772 3438 2849 ἐξομολογήσηται,
3484 2773 3568 2829 δτι
3613 2776 3816 2846 Κύριος

2161 2865 2370 2934 Ἰησοῦς
2402 2865 2635 2939 Χριστὸς
2668 2864 2745 2927 εἷς
2776 2862 2930 2937 δόξαν
2986 2868 3119 2920 Θεοῦ
3164 2865 3398 2939 Πατρός.
3432 2888 3461 2916 ››
3519 2861 3709 2926 ἰδέαις
3756 2861 3816 2920 δὲ

2161 2952 2402 3029 ἐνέχεται
2433 2955 2496 3009 τὸ
2528 2956 2894 3030 στρατήγημα
2939 2953 3137 3030 τρισὶν,
3193 2951 3446 3032 ἀσφαλεῖ,
3480 2950 3814 3029 παραϐόλῳ,

2160 3044 2250 3097 καὶ
2280 3048 2361 3115 τῷ
2391 3042 2451 3098 ἐκ
2502 3042 2712 3098 τούτων
2774 3043 2972 3114 μικτῴ·
3009 3043 3304 3106 συντίθεται
3360 3041 3417 3098 δὲ
3444 3042 3651 3098 τούτων
3682 3040 3814 3099 ’ἐκα-

2161 3153 2284 3187 στον
2330 3132 2388 3186 ἐκ
2431 3138 2622 3206 τριῶν,
2655 3133 2688 3198 ἢ
2724 3130 2814 3188 διὰ
2861 3130 3051 3210 λόγου,
3093 3131 3128 3200 ἢ
3179 3129 3249 3186 δι’
3298 3129 3492 3210 ἔργων,
3534 3131 3691 3202 ἢκαὶ
3742 3131 3814 3189 δι’

2161 3221 2484 3299 ἀμφοτέρων
2545 3222 2658 3294 ἅμα
2711 3225 2950 3279 τούτων.
3009 3226 3185 3276 Ταῦτα
3245 3218 3301 3276 δέ
3357 3220 3578 3296 ὑπάρξει
3638 3223 3813 3278 πάντα

2157 3309 2451 3382 ἐπιτελεῖν,
2484 3313 2518 3382 ἢ
2560 3310 2868 3379 πείθοντας,
2911 3310 2946 3380 ἢ
2983 3311 3364 3386 βιαζομένους,
3397 3309 3431 3380 ἢ
3466 3309 3810 3379 ἀδικοῦντας,

2156 3400 2208 3456 ἐν
2263 3405 2344 3473 τῷ
2401 3399 2728 3472 ἀμύνασθαι,
2786 3403 2873 3462 οἷς
2924 3399 3311 3476 ἐμπεριέχεται
3346 3420 3359 3434 °
3419 3403 3454 3469 ἢ
3512 3402 3582 3456 τά
3629 3399 3812 3458 δίκαια

2154 3488 2524 3560 ποιοῦντας,ἣ
2557 3487 2949 3563 ψευδομένους,
3046 3487 3440 3560 ἀληθεύοντας,
3472 3490 3508 3559 ἢ
3541 3491 3632 3546 καὶ
3681 3492 3808 3546 τού-

2151 3599 2258 3632 των
2314 3581 2427 3652 ἅμα
2479 3577 2590 3633 τισὶ
2649 3579 2972 3654 χρωμένους
3023 3579 3161 3634 κατὰ
3215 3579 3306 3634 τὸν
3367 3578 3524 3634 αὐτὸν
3581 3580 3808 3654 καιρόν.

2150 3671 2324 3722 Ταῦτα
2365 3664 2421 3722 δέ
2453 3665 2760 3740 σύμπαντα,
2790 3668 2881 3722 καὶ
2913 3668 2974 3722 τὸ
3007 3671 3124 3728 πῶς
3175 3664 3258 3722 δεῖ
3307 3673 3548 3742 χρῆσθαι
3594 3667 3805 3724 τούτων

2151 3757 2381 3830 ἑκάστῳ,
2414 3757 2560 3830 παρὰ
2608 3757 2881 3818 Μωυσέως
2928 3751 3187 3818 λαϐόντες
3219 3755 3518 3827 Ἕλληνες,
3550 3755 3808 3833 ὠφέλην·

2148 3867 2256 3903 ται.
2290 3847 2476 3902 Τύπου
2504 3845 2561 3902 δὶ
2592 3842 2790 3915 ἑνεγεν,
2823 3846 2940 3908 ένὸς
2972 3845 3007 3916 ἢ
3039 3845 3129 3901 καὶ
3161 3843 3413 3921 δευτέρου
3461 3846 3808 3920 ἐπιμνησθη-

2149 3957 2318 4008 σομαι
2348 3933 2784 4012 παραδείγματος
2818 3940 3202 4011 στρατηγικοῦ.
3240 3937 3485 4007 Μοϋσῆς,
3520 3939 3612 3992 τὸν
3668 3937 3801 3994 λαὸν

2147 4026 2447 4102 ἐξαγαγὼν,
2492 4026 2830 4088 ὑποπτεύσας
2887 4023 3193 4096 ἐπιδιώξειν
3248 4025 3378 4088 τοὺς
3436 4026 3803 4102 Αἰγυπτίους,

2144 4119 2243 4188 την
2301 4115 2495 4192 ὀλίγην
2538 4117 2626 4172 καὶ
2679 4117 2943 4190 σύντομον
2992 4116 3285 4171 ἀπολιπὼν
3345 4115 3504 4182 ὁδὸν,
3558 4114 3644 4170 ἐπὶ
3695 4118 3800 4186 τήν

2144 4204 2352 4282 ἔρημον
2412 4205 2686 4281 ἐτρέπετο·
2746 4206 2837 4260 καὶ
2890 4205 3099 4281 νύκτωρ
3157 4206 3224 4260 τά
3273 4203 3459 4260 πολλᾶ
3506 4209 3573 4280 τῇ
3605 4206 3802 4281 πορείᾳ

2143 4297 2434 4372 ἐκέχρητο.
2495 4295 2684 4369 Ἑτέρα
2739 4296 2838 4370 γάρ
2892 4297 2958 4364 ἦν
3016 4294 3326 4368 οἰκονομία,
3369 4296 3489 4359 καθ’
3540 4296 3607 4364 ἦν
3641 4294 3802 4351 ἐπαι-

2145 4384 2363 4442 δεόοντο
2420 4382 2697 4460 Ἑϐραῖοι,
2759 4383 2828 4439 δι’
2884 4383 3117 4459 ἐρημίας
3162 4382 3383 4454 πολλῆς
3441 4385 3530 4440 καὶ
3590 4385 3800 4461 χρόνου

2153 4479 2382 4549 μακροῦ,
2417 4475 2491 4538 εἰς
2534 4474 2696 4547 μόνον
2754 4473 2816 4527 τὸ
2873 4473 3140 4528 πιστεύειν
3189 4474 3281 4528 τὸν
3343 4474 3474 4528 Θεὸν
3536 4475 3693 4542 εἶναι,
3729 4472 3802 4530 δι’

375 4581 514 4635 pere
545 4565 884 4623 utilitatem.
915 4568 1085 4623 Verbi
1106 4574 1306 4624 autem
1327 4571 1534 4642 gratia,
1556 4573 1736 4628 unius
1757 4578 1858 4627 aut
1877 4572 2028 4627 alte-

2153 4566 2425 4638 5πομονῆς
2458 4562 2762 4636 ἐθιζόμενοι
2796 4563 3096 4636 σώφρονος.
3129 4563 3199 4618 Τὸ
3243 4567 3369 4637 γοῦν
3431 4566 3801 4639 στρατήγημα

372 4654 496 4707 rius
528 4653 891 4726 imperatorii
925 4657 1182 4728 exempli
1215 4659 1562 4714 meminero.
1603 4662 1849 4733 Moyses,
1889 4677 2023 4715 cum

371 4744 657 4814 populum
676 4746 995 4812 eduxisset,
1018 4747 1352 4817 suspicatus
1373 4749 1498 4804 fore
1513 4755 1577 4804 ut
1592 4767 2026 4822 persequeren—

370 4836 466 4886 tur
494 4834 763 4906 Egyptii,
798 4835 956 4889 brevi
993 4837 1485 4905 etcompendiosa
1508 4839 1601 4895 via
1620 4839 1848 4907 relicta,
1883 4856 2025 4895 con-

367 4937 571 4977 versus
604 4927 694 4977 est
720 4922 784 4976 in
819 4921 1225 4993 solitudinem,
1259 4931 1318 4980 et
1338 4929 1600 4984 maxima
1629 4946 1701 4984 ex
1721 4934 1886 5000 parte
1910 4928 2024 4983 iter

367 5018 549 5068 noctu
574 5012 846 5069 faciebat.
880 5015 1025 5069 Nam
1059 5015 1216 5085 quod
1252 5017 1478 5074 Hebraei
1504 5019 1784 5075 diuturno
1809 5037 1916 5091 per
1935 5021 2022 5073 in-

365 5107 602 5174 gentem
635 5101 1019 5158 solitudinem
1051 5107 1304 5162 transitu
1336 5108 1409 5162 ad
1442 5126 1629 5164 unum
1655 5111 1839 5164 Deum
1881 5124 2016 5163 cre-

363 5190 626 5247 dendum
649 5191 1046 5261 erudirentur,
1076 5199 1133 5250 et
1156 5196 1229 5251 ad
1251 5197 1609 5268 prudentem
1638 5197 2017 5253 tolerantiam

2133 4661 2231 4712 τοῦ
2265 4654 2542 4717 Μωϋσέως
2565 4650 2802 4708 διδάσκει
2832 4652 2937 4725 πρὸ
2966 4657 3072 4707 τῶν
3107 4651 3374 4709 κινδύνων
3409 4651 3517 4709 δεῖν
3545 4656 3613 4711 τὰ
3643 4659 3794 4731 χρή-

2138 4766 2275 4818 σιμα
2305 4741 2561 4812 συνιδεῖν,
2593 4742 2681 4796 καὶ
2723 4741 2896 4803 οὕτως
2938 4737 3244 4800 ἐπιϐαλεῖν.
3296 4743 3524 4816 Ἀμέλει
3565 4746 3792 4820 γέγονεν

2134 4834 2266 4908 ὅπερ
2293 4831 2382 4887 καὶ
2443 4831 2812 4886 ὑπώπτευσεν·
2875 4829 3166 4905 ἐπεδίωξαν
3221 4833 3323 4909 γάρ
3379 4835 3430 4888 oi
3493 4834 3795 4909 Αἰγύπτιοι

2133 4922 2214 4998 ἐφ’
2241 4924 2428 4977 ἳππων
2460 4920 2550 4976 καὶ
2582 4921 2908 4996 ὀχημάτων·
2944 4919 3072 4976 ἀλλ’
3101 4921 3394 4978 ἀπώλοντο
3444 4925 3660 4994 θάττον,
3693 4924 3795 5000 ῥα-

2131 5013 2322 5089 γείσης
2353 5015 2453 5076 τῆς
2511 5009 2809 5082 θαλάσσης,
2863 5011 2954 5066 καὶ
3015 5009 3106 5065 σὺν
3159 5011 3355 5075 ἳπποις
3407 5015 3496 5068 καὶ
3558 5015 3795 5091 ἅρμασιν

2130 5101 2326 5161 αὐτοὺς
2354 5099 2794 5170 κατακλυσάσης,
2829 5101 2902 5162 ὡς
2940 5097 3080 5174 μηδὲ
3111 5099 3370 5176 λείψανον
3421 5101 3596 5158 αὐτῶν
3644 5106 3790 5160 ἀπο-

2129 5191 2440 5270 λειφθῆναι.
2486 5190 2637 5247 Μετὰ
2697 5187 2754 5245 δέ
2807 5194 2976 5246 ταῦτα
3031 5187 3231 5253 στύλος
3287 5192 3461 5266 πυρὸς
3521 5193 3794 5267 ἑπόμενος

466 5331 524 5380 Ρ.
553 5329 657 5382 4-17
689 5328 801 5382 ΕΙ).
835 5328 1128 5397 ΡΟΤΤΕΒ,
1163 5331 1265 5385 347
1299 5333 1412 5386 ED.
1447 5331 1675 5387 PARlS.
1710 5333 1783 5401 (α)
1819 5331 2036 5403 Philip.

2159 5332 2247 5396 ιο,
2283 5331 2368 5383 ιι.

427 5480 540 5555 (3ῤ)
569 5479 645 5555 Τὸ
671 5479 763 5552 μὲν
790 5501 846 5554 φ.
881 5481 1044 5555 Hanc
1075 5483 1434 5555 sententiam
1465 5483 1695 5555 priores
1719 5483 2012 5555 editiones

355 5549 445 5629 sig
467 5549 834 5629 distingunt—7:
866 5553 938 5629 ’ζὸ
973 5554 1066 5624 μὲν
1131 5551 1444 5629 φιλόνεικον
1465 5549 1484 5555 “
1509 5549 1672 5627 μόνον
1735 5553 1876 5610 ἐστὶν
1908 5555 2006 5610 αύ-

351 5623 469 5696 τοῦ,
503 5627 602 5676 τοῦ
632 5621 847 5696 κρατεῖν
878 5621 956 5678 έν.

423 5692 535 5763 (37)
567 5692 922 5768 Προὶέμενος.
972 5696 1434 5754 Convenientius
1490 5698 1873 5774 προσιέμενος,
1907 5701 1996 5756 ad.

2121 5479 2673 5553 mittens,ginquiunt
2705 5479 2999 5553 Sylburg.,
3033 5480 3256 5537 Lowth.

2189 5555 2314 5628 (38_)_
2361 5551 2547 5628 Πάντα
2579 5593 2592 5607 .
2655 5551 2944 5628 Respicit:
2973 5552 3112 5607 Luc.
3165 5571 3220 5621 x,
3281 5555 3396 5628 22_:
3442 5554 3627 5607 Πάντα
3685 5573 3780 5625 μοι

2111 5621 2390 5700 παρεδόθη
2602 5626 2700 5700 τοῦ
2750 5621 2969 5700 ΔΠατρός
3031 5642 3160 5700 μουο
3197 5629 3309 5700 et_l
3339 5625 3471 5700 Cpr.
3528 5642 3625 5697 xv,
3658 5621 3773 5695 27;

2112 5692 2293 5754 Πάντα
2319 5692 2422 5770 γάρ
2457 5693 2710 5764 ὑπέταξεν
2744 5693 2847 5748 ὑπὸ
2871 5692 3000 5755 τοὺς
3027 5692 3202 5758 πόδας
3235 5693 3424 5751 αὐτοῦ.
