  <div class='ocr_page' id='page_1' title='image "/cluster/home/n/w/nwhite01/storage/ocr_20150623/8/coo.31924054872878/460.png"; bbox 0 0 4120 6396; ppageno 0'>
   <div class='ocr_carea' id='block_1_1' title="bbox 333 343 443 402">
    <p class='ocr_par' dir='ltr' id='par_1_1' title="bbox 333 343 443 402">
     <span class='ocr_line' id='line_1_1' title="bbox 333 343 443 402; baseline 0 -2"><span class='ocrx_word' id='word_1_1' title='bbox 333 343 443 402; x_wconf 73' lang='grc'>909</span> 
     </span>
    </p>
   </div>
   <div class='ocr_carea' id='block_1_2' title="bbox 1692 345 2402 406">
    <p class='ocr_par' dir='ltr' id='par_1_2' title="bbox 1692 345 2402 406">
     <span class='ocr_line' id='line_1_2' title="bbox 1692 345 2402 406; baseline -0.003 -3"><span class='ocrx_word' id='word_1_2' title='bbox 1692 345 2145 406; x_wconf 66' lang='grc' dir='ltr'>8ΤΒΟΠΑἸἭἋ</span> <span class='ocrx_word' id='word_1_3' title='bbox 2179 347 2316 403; x_wconf 83' lang='lat' dir='ltr'><strong>LIB.</strong></span> <span class='ocrx_word' id='word_1_4' title='bbox 2358 347 2402 402; x_wconf 83' lang='grc' dir='ltr'>ἰ.</span> 
     </span>
    </p>
   </div>
   <div class='ocr_carea' id='block_1_3' title="bbox 3658 349 3770 405">
    <p class='ocr_par' dir='ltr' id='par_1_3' title="bbox 3658 349 3770 405">
     <span class='ocr_line' id='line_1_3' title="bbox 3658 349 3770 405; baseline 0 -1"><span class='ocrx_word' id='word_1_5' title='bbox 3658 349 3770 405; x_wconf 83' lang='grc'>910</span> 
     </span>
    </p>
   </div>
   <div class='ocr_carea' id='block_1_4' title="bbox 337 463 2008 544">
    <p class='ocr_par' dir='ltr' id='par_1_4' title="bbox 337 463 1996 544">
     <span class='ocr_line' id='line_1_4' title="bbox 337 463 1996 544; baseline 0.001 -23"><span class='ocrx_word' id='word_1_6' title='bbox 337 463 565 541; x_wconf 82' lang='grc' dir='ltr'>(ὡδήγει</span> <span class='ocrx_word' id='word_1_7' title='bbox 621 464 723 541; x_wconf 69' lang='grc' dir='ltr'>γὰρ</span> <span class='ocrx_word' id='word_1_8' title='bbox 809 463 1114 544; x_wconf 80' lang='grc' dir='ltr'>ἔμπροσθεν</span> <span class='ocrx_word' id='word_1_9' title='bbox 1181 467 1382 542; x_wconf 80' lang='grc' dir='ltr'>αὐτῶν)</span> <span class='ocrx_word' id='word_1_10' title='bbox 1440 468 1546 544; x_wconf 82' lang='grc' dir='ltr'>ἦγε</span> <span class='ocrx_word' id='word_1_11' title='bbox 1600 467 1811 544; x_wconf 91' lang='grc' dir='ltr'>νύκτωρ</span> <span class='ocrx_word' id='word_1_12' title='bbox 1869 467 1996 531; x_wconf 81' lang='grc' dir='ltr'>τοὺς</span> 
     </span>
    </p>
   </div>
   <div class='ocr_carea' id='block_1_5' title="bbox 2119 463 3773 544">
    <p class='ocr_par' dir='ltr' id='par_1_5' title="bbox 2119 468 3773 542">
     <span class='ocr_line' id='line_1_5' title="bbox 2119 468 3773 542; baseline 0.002 -17"><span class='ocrx_word' id='word_1_13' title='bbox 2119 471 2530 536; x_wconf 87' lang='lat' dir='ltr'>assueﬁerent,</span> <span class='ocrx_word' id='word_1_14' title='bbox 2561 469 2619 524; x_wconf 93' lang='lat' dir='ltr'>id</span> <span class='ocrx_word' id='word_1_15' title='bbox 2653 469 2900 526; x_wconf 78' lang='lat' dir='ltr'>alterius</span> <span class='ocrx_word' id='word_1_16' title='bbox 2932 468 3396 541; x_wconf 82' lang='lat' dir='ltr'>dispensationis</span> <span class='ocrx_word' id='word_1_17' title='bbox 3421 469 3773 542; x_wconf 84' lang='lat' dir='ltr'>fuit.Moysis</span> 
     </span>
    </p>
   </div>
   <div class='ocr_carea' id='block_1_6' title="bbox 339 549 2001 634">
    <p class='ocr_par' dir='ltr' id='par_1_6' title="bbox 339 549 2001 634">
     <span class='ocr_line' id='line_1_6' title="bbox 339 549 2001 634; baseline 0.001 -22"><span class='ocrx_word' id='word_1_18' title='bbox 339 549 632 630; x_wconf 86' lang='grc' dir='ltr'>Ἐϐραίους</span> <span class='ocrx_word' id='word_1_19' title='bbox 665 553 734 611; x_wconf 85' lang='grc' dir='ltr'>δι’</span> <span class='ocrx_word' id='word_1_20' title='bbox 765 551 993 630; x_wconf 84' lang='grc' dir='ltr'>ἀϐάτου,</span> <span class='ocrx_word' id='word_1_21' title='bbox 1024 555 1076 612; x_wconf 83' lang='grc' dir='ltr'>ἐν</span> <span class='ocrx_word' id='word_1_22' title='bbox 1111 558 1301 621; x_wconf 82' lang='grc' dir='ltr'>πόνοις</span> <span class='ocrx_word' id='word_1_23' title='bbox 1335 558 1425 614; x_wconf 84' lang='grc' dir='ltr'>καὶ</span> <span class='ocrx_word' id='word_1_24' title='bbox 1456 556 1800 634; x_wconf 74' lang='grc' dir='ltr'>ὁδοιπορίαις</span> <span class='ocrx_word' id='word_1_25' title='bbox 1834 558 1910 620; x_wconf 56' lang='grc' dir='ltr'>εῗς</span> <span class='ocrx_word' id='word_1_26' title='bbox 1941 580 2001 614; x_wconf 89' lang='grc' dir='ltr'>τε</span> 
     </span>
    </p>
   </div>
   <div class='ocr_carea' id='block_1_7' title="bbox 337 641 2001 724">
    <p class='ocr_par' dir='ltr' id='par_1_7' title="bbox 337 641 2001 724">
     <span class='ocr_line' id='line_1_7' title="bbox 337 641 2001 724; baseline 0.002 -26"><span class='ocrx_word' id='word_1_27' title='bbox 337 641 588 720; x_wconf 74' lang='grc' dir='ltr'>ἀνδρείαν</span> <span class='ocrx_word' id='word_1_28' title='bbox 617 644 696 707; x_wconf 65' lang='grc' dir='ltr'>εἵς</span> <span class='ocrx_word' id='word_1_29' title='bbox 749 667 808 701; x_wconf 89' lang='grc' dir='ltr'>τε</span> <span class='ocrx_word' id='word_1_30' title='bbox 859 646 1143 722; x_wconf 76' lang='grc' dir='ltr'>καρτερίαν</span> <span class='ocrx_word' id='word_1_31' title='bbox 1177 646 1466 724; x_wconf 74' lang='grc' dir='ltr'>γυμνάζων</span> <span class='ocrx_word' id='word_1_32' title='bbox 1496 649 1584 704; x_wconf 80' lang='grc' dir='ltr'>καὶ</span> <span class='ocrx_word' id='word_1_33' title='bbox 1644 642 2001 721; x_wconf 83' lang='grc' dir='ltr'>συμϐιϐάζων</span> 
     </span>
    </p>
   </div>
   <div class='ocr_carea' id='block_1_8' title="bbox 338 731 2000 814">
    <p class='ocr_par' dir='ltr' id='par_1_8' title="bbox 338 731 2000 814">
     <span class='ocr_line' id='line_1_8' title="bbox 338 731 2000 814; baseline 0.002 -25"><span class='ocrx_word' id='word_1_34' title='bbox 338 733 556 797; x_wconf 79' lang='grc' dir='ltr'>αὐτούς·</span> <span class='ocrx_word' id='word_1_35' title='bbox 583 731 676 790; x_wconf 71' lang='grc' dir='ltr'>’ίνα</span> <span class='ocrx_word' id='word_1_36' title='bbox 705 735 796 790; x_wconf 80' lang='grc' dir='ltr'>καὶ</span> <span class='ocrx_word' id='word_1_37' title='bbox 830 736 1132 812; x_wconf 82' lang='grc' dir='ltr'>χρηστάτά</span> <span class='ocrx_word' id='word_1_38' title='bbox 1160 745 1260 804; x_wconf 82' lang='grc' dir='ltr'>τῆς</span> <span class='ocrx_word' id='word_1_39' title='bbox 1293 739 1484 814; x_wconf 86' lang='grc' dir='ltr'>χώρας</span> <span class='ocrx_word' id='word_1_40' title='bbox 1519 739 1655 812; x_wconf 85' lang='grc' dir='ltr'>μετά</span> <span class='ocrx_word' id='word_1_41' title='bbox 1683 739 1781 808; x_wconf 82' lang='grc' dir='ltr'>τὴν</span> <span class='ocrx_word' id='word_1_42' title='bbox 1806 743 2000 813; x_wconf 84' lang='grc' dir='ltr'>πεῖραν</span> 
     </span>
    </p>
   </div>
   <div class='ocr_carea' id='block_1_9' title="bbox 334 820 2000 904">
    <p class='ocr_par' dir='ltr' id='par_1_9' title="bbox 334 820 2000 904">
     <span class='ocr_line' id='line_1_9' title="bbox 334 820 2000 904; baseline 0.001 -24"><span class='ocrx_word' id='word_1_43' title='bbox 334 827 446 880; x_wconf 81' lang='grc' dir='ltr'>τῶν</span> <span class='ocrx_word' id='word_1_44' title='bbox 483 820 796 880; x_wconf 88' lang='grc' dir='ltr'>δοκούντων</span> <span class='ocrx_word' id='word_1_45' title='bbox 824 822 1015 880; x_wconf 82' lang='grc' dir='ltr'>δεινῶν</span> <span class='ocrx_word' id='word_1_46' title='bbox 1047 831 1212 904; x_wconf 80' lang='grc' dir='ltr'>φανῇ,</span> <span class='ocrx_word' id='word_1_47' title='bbox 1245 826 1322 889; x_wconf 84' lang='grc' dir='ltr'>εἷς</span> <span class='ocrx_word' id='word_1_48' title='bbox 1377 824 1446 896; x_wconf 81' lang='grc' dir='ltr'>ἤν</span> <span class='ocrx_word' id='word_1_49' title='bbox 1475 827 1526 901; x_wconf 75' lang='grc' dir='ltr'>ἐξ</span> <span class='ocrx_word' id='word_1_50' title='bbox 1585 824 1808 891; x_wconf 80' lang='grc' dir='ltr'>ἀνοδίας</span> <span class='ocrx_word' id='word_1_51' title='bbox 1835 826 2000 902; x_wconf 72' lang='grc' dir='ltr'>παρὲ-</span> 
     </span>
    </p>
   </div>
   <div class='ocr_carea' id='block_1_10' title="bbox 335 913 2003 990">
    <p class='ocr_par' dir='ltr' id='par_1_10' title="bbox 335 913 2003 990">
     <span class='ocr_line' id='line_1_10' title="bbox 335 913 2003 990; baseline 0 -20"><span class='ocrx_word' id='word_1_52' title='bbox 335 934 550 987; x_wconf 86' lang='grc' dir='ltr'>πεμπεν</span> <span class='ocrx_word' id='word_1_53' title='bbox 583 913 802 976; x_wconf 80' lang='grc' dir='ltr'>αύτούς.</span> <span class='ocrx_word' id='word_1_54' title='bbox 831 915 936 972; x_wconf 75' lang='grc' dir='ltr'>Ναὶ</span> <span class='ocrx_word' id='word_1_55' title='bbox 972 917 1081 989; x_wconf 77' lang='grc' dir='ltr'>μὴν</span> <span class='ocrx_word' id='word_1_56' title='bbox 1113 917 1201 972; x_wconf 86' lang='grc' dir='ltr'>καὶ</span> <span class='ocrx_word' id='word_1_57' title='bbox 1234 915 1361 980; x_wconf 74' lang='grc' dir='ltr'>τοὺς</span> <span class='ocrx_word' id='word_1_58' title='bbox 1395 914 1721 990; x_wconf 89' lang='grc' dir='ltr'>πολεμίους,</span> <span class='ocrx_word' id='word_1_59' title='bbox 1744 915 1870 978; x_wconf 77' lang='grc' dir='ltr'>τοὺς</span> <span class='ocrx_word' id='word_1_60' title='bbox 1901 923 2003 986; x_wconf 77' lang='grc' dir='ltr'>τῆς</span> 
     </span>
    </p>
   </div>
   <div class='ocr_carea' id='block_1_11' title="bbox 337 1002 2002 1081">
    <p class='ocr_par' dir='ltr' id='par_1_11' title="bbox 337 1002 2002 1081">
     <span class='ocr_line' id='line_1_11' title="bbox 337 1002 2002 1081; baseline -0.001 -21"><span class='ocrx_word' id='word_1_61' title='bbox 337 1002 530 1079; x_wconf 75' lang='grc' dir='ltr'>χώρας</span> <span class='ocrx_word' id='word_1_62' title='bbox 588 1003 1116 1079; x_wconf 79' lang='grc' dir='ltr'>προκαθεζσμένους,</span> <span class='ocrx_word' id='word_1_63' title='bbox 1173 1008 1628 1081; x_wconf 79' lang='grc' dir='ltr'>τροπωσάμενος,</span> <span class='ocrx_word' id='word_1_64' title='bbox 1670 1007 2002 1073; x_wconf 67' lang='grc' dir='ltr'>ἀπέκτεινεν,</span> 
     </span>
    </p>
   </div>
   <div class='ocr_carea' id='block_1_12' title="bbox 338 1091 2004 1173">
    <p class='ocr_par' dir='ltr' id='par_1_12' title="bbox 338 1091 2004 1173">
     <span class='ocr_line' id='line_1_12' title="bbox 338 1091 2004 1173; baseline 0.001 -25"><span class='ocrx_word' id='word_1_65' title='bbox 338 1091 391 1165; x_wconf 78' lang='grc' dir='ltr'>ἐξ</span> <span class='ocrx_word' id='word_1_66' title='bbox 413 1093 630 1169; x_wconf 75' lang='grc' dir='ltr'>ἐρήμου</span> <span class='ocrx_word' id='word_1_67' title='bbox 661 1093 750 1148; x_wconf 79' lang='grc' dir='ltr'>καὶ</span> <span class='ocrx_word' id='word_1_68' title='bbox 776 1095 1038 1169; x_wconf 79' lang='grc' dir='ltr'>τραγείας</span> <span class='ocrx_word' id='word_1_69' title='bbox 1067 1092 1196 1150; x_wconf 77' lang='grc' dir='ltr'>ὁδοῦ</span> <span class='ocrx_word' id='word_1_70' title='bbox 1219 1095 1463 1170; x_wconf 51' lang='grc' dir='ltr'>κτοιαύτη</span> <span class='ocrx_word' id='word_1_71' title='bbox 1496 1097 1596 1173; x_wconf 86' lang='grc' dir='ltr'>γάρ</span> <span class='ocrx_word' id='word_1_72' title='bbox 1629 1098 1666 1166; x_wconf 80' lang='grc' dir='ltr'>ἡ</span> <span class='ocrx_word' id='word_1_73' title='bbox 1700 1097 1862 1167; x_wconf 85' lang='grc' dir='ltr'>ἀρετή</span> <span class='ocrx_word' id='word_1_74' title='bbox 1906 1099 2004 1150; x_wconf 90' lang='grc' dir='ltr'>τοῦ</span> 
     </span>
    </p>
   </div>
   <div class='ocr_carea' id='block_1_13' title="bbox 338 1183 2003 1262">
    <p class='ocr_par' dir='ltr' id='par_1_13' title="bbox 338 1183 2003 1262">
     <span class='ocr_line' id='line_1_13' title="bbox 338 1183 2003 1262; baseline 0.001 -24"><span class='ocrx_word' id='word_1_75' title='bbox 338 1186 732 1260; x_wconf 73' lang='grc' dir='ltr'>στρατηγικοῦ)</span> <span class='ocrx_word' id='word_1_76' title='bbox 783 1183 1100 1258; x_wconf 67' lang='grc' dir='ltr'>ἐπιθέμενος</span> <span class='ocrx_word' id='word_1_77' title='bbox 1144 1186 1352 1249; x_wconf 83' lang='grc' dir='ltr'>αὐτοῖς.</span> <span class='ocrx_word' id='word_1_78' title='bbox 1409 1186 1728 1262; x_wconf 82' lang='grc' dir='ltr'>Ἑμπειρίας</span> <span class='ocrx_word' id='word_1_79' title='bbox 1776 1187 1880 1261; x_wconf 79' lang='grc' dir='ltr'>γάρ</span> <span class='ocrx_word' id='word_1_80' title='bbox 1912 1185 2003 1240; x_wconf 84' lang='grc' dir='ltr'>καὶ</span> 
     </span>
    </p>
   </div>
   <div class='ocr_carea' id='block_1_14' title="bbox 338 1269 2004 1350">
    <p class='ocr_par' dir='ltr' id='par_1_14' title="bbox 338 1269 2004 1350">
     <span class='ocr_line' id='line_1_14' title="bbox 338 1269 2004 1350; baseline 0.001 -24"><span class='ocrx_word' id='word_1_81' title='bbox 338 1273 676 1348; x_wconf 80' lang='grc' dir='ltr'>στρατηγίας</span> <span class='ocrx_word' id='word_1_82' title='bbox 706 1269 865 1350; x_wconf 83' lang='grc' dir='ltr'>ἔργον</span> <span class='ocrx_word' id='word_1_83' title='bbox 895 1274 962 1343; x_wconf 74' lang='grc' dir='ltr'>ἦν</span> <span class='ocrx_word' id='word_1_84' title='bbox 990 1275 1052 1329; x_wconf 89' lang='grc' dir='ltr'>τὸ</span> <span class='ocrx_word' id='word_1_85' title='bbox 1081 1275 1182 1344; x_wconf 76' lang='grc' dir='ltr'>τὴν</span> <span class='ocrx_word' id='word_1_86' title='bbox 1224 1274 1412 1348; x_wconf 67' lang='grc' dir='ltr'>χώραν</span> <span class='ocrx_word' id='word_1_87' title='bbox 1445 1279 1552 1330; x_wconf 82' lang='grc' dir='ltr'>τῶν</span> <span class='ocrx_word' id='word_1_88' title='bbox 1585 1273 1868 1348; x_wconf 82' lang='grc' dir='ltr'>πολεμίων</span> <span class='ocrx_word' id='word_1_89' title='bbox 1899 1273 2004 1328; x_wconf 84' lang='grc' dir='ltr'>λα-</span> 
     </span>
    </p>
   </div>
   <div class='ocr_carea' id='block_1_15' title="bbox 335 1355 2004 1442">
    <p class='ocr_par' dir='ltr' id='par_1_15' title="bbox 335 1355 2004 1442">
     <span class='ocr_line' id='line_1_15' title="bbox 335 1355 2004 1442; baseline 0.004 -26"><span class='ocrx_word' id='word_1_90' title='bbox 335 1355 480 1420; x_wconf 87' lang='grc' dir='ltr'>ϐεῖν.</span> <span class='ocrx_word' id='word_1_91' title='bbox 504 1364 685 1420; x_wconf 84' lang='grc' dir='ltr'>Τοῦτο</span> <span class='ocrx_word' id='word_1_92' title='bbox 719 1361 950 1418; x_wconf 85' lang='grc' dir='ltr'>συνιδὼν</span> <span class='ocrx_word' id='word_1_93' title='bbox 985 1363 1320 1436; x_wconf 74' lang='grc' dir='ltr'>Μιλτιάδης,</span> <span class='ocrx_word' id='word_1_94' title='bbox 1353 1367 1500 1420; x_wconf 87' lang='grc' dir='ltr'>ὁτῶν</span> <span class='ocrx_word' id='word_1_95' title='bbox 1527 1365 2004 1442; x_wconf 84' lang='grc' dir='ltr'>Ἀθηναίωνστρα-</span> 
     </span>
    </p>
   </div>
   <div class='ocr_carea' id='block_1_16' title="bbox 331 1451 2002 1530">
    <p class='ocr_par' dir='ltr' id='par_1_16' title="bbox 331 1451 2002 1530">
     <span class='ocr_line' id='line_1_16' title="bbox 331 1451 2002 1530; baseline 0.004 -25"><span class='ocrx_word' id='word_1_96' title='bbox 331 1451 529 1526; x_wconf 87' lang='grc' dir='ltr'>τηγὸς,</span> <span class='ocrx_word' id='word_1_97' title='bbox 563 1451 591 1505; x_wconf 85' lang='lat'>6</span> <span class='ocrx_word' id='word_1_98' title='bbox 619 1454 690 1526; x_wconf 76' lang='grc' dir='ltr'>τῇ</span> <span class='ocrx_word' id='word_1_99' title='bbox 723 1451 775 1506; x_wconf 78' lang='grc' dir='ltr'>ἐν</span> <span class='ocrx_word' id='word_1_100' title='bbox 809 1455 1103 1526; x_wconf 75' lang='grc' dir='ltr'>Μαραθῶνι</span> <span class='ocrx_word' id='word_1_101' title='bbox 1139 1455 1296 1530; x_wconf 78' lang='grc' dir='ltr'>μάχῃ</span> <span class='ocrx_word' id='word_1_102' title='bbox 1343 1456 1569 1524; x_wconf 80' lang='grc' dir='ltr'>νικήσας</span> <span class='ocrx_word' id='word_1_103' title='bbox 1598 1454 1727 1517; x_wconf 75' lang='grc' dir='ltr'>τοὺς</span> <span class='ocrx_word' id='word_1_104' title='bbox 1775 1457 2002 1529; x_wconf 71' lang='grc' dir='ltr'>Πέρσας,</span> 
     </span>
    </p>
   </div>
   <div class='ocr_carea' id='block_1_17' title="bbox 338 1538 2002 1620">
    <p class='ocr_par' dir='ltr' id='par_1_17' title="bbox 338 1538 2002 1620">
     <span class='ocr_line' id='line_1_17' title="bbox 338 1538 2002 1620; baseline 0.006 -27"><span class='ocrx_word' id='word_1_105' title='bbox 338 1538 664 1614; x_wconf 68' lang='grc' dir='ltr'>ἆμιμήσατο</span> <span class='ocrx_word' id='word_1_106' title='bbox 731 1538 887 1597; x_wconf 80' lang='grc' dir='ltr'>τόνδε</span> <span class='ocrx_word' id='word_1_107' title='bbox 953 1541 1047 1597; x_wconf 87' lang='grc' dir='ltr'>τὸν</span> <span class='ocrx_word' id='word_1_108' title='bbox 1119 1543 1347 1618; x_wconf 84' lang='grc' dir='ltr'>τρόπον·</span> <span class='ocrx_word' id='word_1_109' title='bbox 1406 1543 1584 1620; x_wconf 78' lang='grc' dir='ltr'>ἤγαγε</span> <span class='ocrx_word' id='word_1_110' title='bbox 1635 1543 1763 1606; x_wconf 80' lang='grc' dir='ltr'>τοὺς</span> <span class='ocrx_word' id='word_1_111' title='bbox 1839 1547 2002 1617; x_wconf 81' lang='grc' dir='ltr'>Ἀθη-</span> 
     </span>
    </p>
   </div>
   <div class='ocr_carea' id='block_1_18' title="bbox 335 1629 2002 1705">
    <p class='ocr_par' dir='ltr' id='par_1_18' title="bbox 335 1629 2002 1705">
     <span class='ocr_line' id='line_1_18' title="bbox 335 1629 2002 1705; baseline 0.004 -22"><span class='ocrx_word' id='word_1_112' title='bbox 335 1629 528 1692; x_wconf 87' lang='grc' dir='ltr'>ναίους</span> <span class='ocrx_word' id='word_1_113' title='bbox 575 1631 812 1704; x_wconf 89' lang='grc' dir='ltr'>νύκτωρ,</span> <span class='ocrx_word' id='word_1_114' title='bbox 868 1630 938 1686; x_wconf 85' lang='grc' dir='ltr'>δι’</span> <span class='ocrx_word' id='word_1_115' title='bbox 997 1629 1218 1694; x_wconf 76' lang='grc' dir='ltr'>ἀνοδίας</span> <span class='ocrx_word' id='word_1_116' title='bbox 1274 1631 1518 1703; x_wconf 83' lang='grc' dir='ltr'>Βαδίσας,</span> <span class='ocrx_word' id='word_1_117' title='bbox 1574 1635 1664 1688; x_wconf 84' lang='grc' dir='ltr'>καὶ</span> <span class='ocrx_word' id='word_1_118' title='bbox 1717 1633 2002 1705; x_wconf 85' lang='grc' dir='ltr'>πλανήσας</span> 
     </span>
    </p>
   </div>
   <div class='ocr_carea' id='block_1_19' title="bbox 336 1717 2003 1798">
    <p class='ocr_par' dir='ltr' id='par_1_19' title="bbox 336 1717 2003 1798">
     <span class='ocr_line' id='line_1_19' title="bbox 336 1717 2003 1798; baseline 0.004 -26"><span class='ocrx_word' id='word_1_119' title='bbox 336 1718 466 1781; x_wconf 79' lang='grc' dir='ltr'>τοὺς</span> <span class='ocrx_word' id='word_1_120' title='bbox 497 1723 796 1792; x_wconf 75' lang='grc' dir='ltr'>τηροῦντας</span> <span class='ocrx_word' id='word_1_121' title='bbox 828 1719 989 1775; x_wconf 79' lang='grc' dir='ltr'>αὐτὸν</span> <span class='ocrx_word' id='word_1_122' title='bbox 1019 1725 1126 1776; x_wconf 82' lang='grc' dir='ltr'>τῶν</span> <span class='ocrx_word' id='word_1_123' title='bbox 1162 1717 1468 1798; x_wconf 85' lang='grc' dir='ltr'>βαρϐάρων·</span> <span class='ocrx_word' id='word_1_124' title='bbox 1521 1724 1549 1778; x_wconf 88' lang='lat'>6</span> <span class='ocrx_word' id='word_1_125' title='bbox 1606 1723 1707 1798; x_wconf 87' lang='grc' dir='ltr'>γάρ</span> <span class='ocrx_word' id='word_1_126' title='bbox 1769 1723 2003 1795; x_wconf 82' lang='grc' dir='ltr'>Ἱππίας,</span> 
     </span>
    </p>
   </div>
   <div class='ocr_carea' id='block_1_20' title="bbox 2114 558 3771 633">
    <p class='ocr_par' dir='ltr' id='par_1_20' title="bbox 2114 558 3771 633">
     <span class='ocr_line' id='line_1_20' title="bbox 2114 558 3771 633; baseline 0.001 -18"><span class='ocrx_word' id='word_1_127' title='bbox 2114 577 2250 633; x_wconf 89' lang='lat' dir='ltr'>ergo</span> <span class='ocrx_word' id='word_1_128' title='bbox 2283 560 2456 614; x_wconf 91' lang='lat' dir='ltr'>docet</span> <span class='ocrx_word' id='word_1_129' title='bbox 2487 564 2864 632; x_wconf 88' lang='lat' dir='ltr'>stratagema,</span> <span class='ocrx_word' id='word_1_130' title='bbox 2927 564 3052 613; x_wconf 91' lang='lat' dir='ltr'>tum</span> <span class='ocrx_word' id='word_1_131' title='bbox 3102 558 3343 614; x_wconf 88' lang='lat' dir='ltr'>demum</span> <span class='ocrx_word' id='word_1_132' title='bbox 3374 560 3771 632; x_wconf 77' lang='lat' dir='ltr'>aggredienda</span> 
     </span>
    </p>
   </div>
   <div class='ocr_carea' id='block_1_21' title="bbox 2115 648 3768 722">
    <p class='ocr_par' dir='ltr' id='par_1_21' title="bbox 2115 648 3768 722">
     <span class='ocr_line' id='line_1_21' title="bbox 2115 648 3768 722; baseline 0 -18"><span class='ocrx_word' id='word_1_133' title='bbox 2115 666 2242 705; x_wconf 89' lang='lat' dir='ltr'>esse</span> <span class='ocrx_word' id='word_1_134' title='bbox 2274 648 2558 722; x_wconf 89' lang='lat' dir='ltr'>pericula,</span> <span class='ocrx_word' id='word_1_135' title='bbox 2589 666 2723 704; x_wconf 91' lang='lat' dir='ltr'>cum</span> <span class='ocrx_word' id='word_1_136' title='bbox 2756 665 2981 719; x_wconf 66' lang='lat' dir='ltr'>ea,quae</span> <span class='ocrx_word' id='word_1_137' title='bbox 3014 648 3242 703; x_wconf 89' lang='lat' dir='ltr'>suntiis</span> <span class='ocrx_word' id='word_1_138' title='bbox 3275 649 3638 720; x_wconf 82' lang='lat' dir='ltr'>repellendis</span> <span class='ocrx_word' id='word_1_139' title='bbox 3655 651 3768 704; x_wconf 86' lang='lat' dir='ltr'>uti-</span> 
     </span>
    </p>
   </div>
   <div class='ocr_carea' id='block_1_22' title="bbox 2112 738 3769 812">
    <p class='ocr_par' dir='ltr' id='par_1_22' title="bbox 2112 738 3769 812">
     <span class='ocr_line' id='line_1_22' title="bbox 2112 738 3769 812; baseline -0.001 -17"><span class='ocrx_word' id='word_1_140' title='bbox 2112 740 2212 807; x_wconf 91' lang='lat' dir='ltr'>lia,</span> <span class='ocrx_word' id='word_1_141' title='bbox 2247 740 2482 812; x_wconf 90' lang='lat' dir='ltr'>provisa</span> <span class='ocrx_word' id='word_1_142' title='bbox 2510 739 2752 794; x_wconf 81' lang='lat' dir='ltr'>fuerint.</span> <span class='ocrx_word' id='word_1_143' title='bbox 2788 740 2857 792; x_wconf 90' lang='lat' dir='ltr'>Et</span> <span class='ocrx_word' id='word_1_144' title='bbox 2888 744 3046 793; x_wconf 88' lang='lat' dir='ltr'>certe</span> <span class='ocrx_word' id='word_1_145' title='bbox 3069 739 3263 792; x_wconf 81' lang='lat' dir='ltr'>evenit</span> <span class='ocrx_word' id='word_1_146' title='bbox 3294 738 3548 809; x_wconf 87' lang='lat' dir='ltr'>id,quod</span> <span class='ocrx_word' id='word_1_147' title='bbox 3574 739 3769 810; x_wconf 85' lang='lat' dir='ltr'>suspi-</span> 
     </span>
    </p>
   </div>
   <div class='ocr_carea' id='block_1_23' title="bbox 2110 828 3773 900">
    <p class='ocr_par' dir='ltr' id='par_1_23' title="bbox 2110 828 3773 900">
     <span class='ocr_line' id='line_1_23' title="bbox 2110 828 3773 900; baseline -0.001 -15"><span class='ocrx_word' id='word_1_148' title='bbox 2110 835 2276 886; x_wconf 85' lang='lat' dir='ltr'>catus</span> <span class='ocrx_word' id='word_1_149' title='bbox 2305 835 2409 884; x_wconf 91' lang='lat' dir='ltr'>est.</span> <span class='ocrx_word' id='word_1_150' title='bbox 2445 831 2511 884; x_wconf 88' lang='lat' dir='ltr'>In</span> <span class='ocrx_word' id='word_1_151' title='bbox 2543 829 2710 900; x_wconf 88' lang='lat' dir='ltr'>equis</span> <span class='ocrx_word' id='word_1_152' title='bbox 2734 828 2892 883; x_wconf 91' lang='lat' dir='ltr'>enim</span> <span class='ocrx_word' id='word_1_153' title='bbox 2925 833 2984 883; x_wconf 91' lang='lat' dir='ltr'>et</span> <span class='ocrx_word' id='word_1_154' title='bbox 3013 828 3284 883; x_wconf 92' lang='lat' dir='ltr'>curribus</span> <span class='ocrx_word' id='word_1_155' title='bbox 3316 829 3610 899; x_wconf 84' lang='lat' dir='ltr'>persecuti</span> <span class='ocrx_word' id='word_1_156' title='bbox 3632 835 3773 884; x_wconf 93' lang='lat' dir='ltr'>sunt</span> 
     </span>
    </p>
   </div>
   <div class='ocr_carea' id='block_1_24' title="bbox 2110 916 3765 992">
    <p class='ocr_par' dir='ltr' id='par_1_24' title="bbox 2110 916 3765 992">
     <span class='ocr_line' id='line_1_24' title="bbox 2110 916 3765 992; baseline -0.001 -18"><span class='ocrx_word' id='word_1_157' title='bbox 2110 919 2359 992; x_wconf 64' lang='lat' dir='ltr'>:Egyptii</span> <span class='ocrx_word' id='word_1_158' title='bbox 2395 936 2407 985; x_wconf 91' lang='lat'>;</span> <span class='ocrx_word' id='word_1_159' title='bbox 2443 917 2544 973; x_wconf 86' lang='lat' dir='ltr'>sed</span> <span class='ocrx_word' id='word_1_160' title='bbox 2577 918 2692 974; x_wconf 87' lang='lat' dir='ltr'>cito</span> <span class='ocrx_word' id='word_1_161' title='bbox 2713 917 3040 990; x_wconf 90' lang='lat' dir='ltr'>perierunt,</span> <span class='ocrx_word' id='word_1_162' title='bbox 3074 933 3206 971; x_wconf 92' lang='lat' dir='ltr'>cum</span> <span class='ocrx_word' id='word_1_163' title='bbox 3241 933 3402 972; x_wconf 89' lang='lat' dir='ltr'>mare</span> <span class='ocrx_word' id='word_1_164' title='bbox 3428 916 3765 989; x_wconf 88' lang='lat' dir='ltr'>disruptum</span> 
     </span>
    </p>
   </div>
   <div class='ocr_carea' id='block_1_25' title="bbox 2112 1006 3769 1080">
    <p class='ocr_par' dir='ltr' id='par_1_25' title="bbox 2112 1006 3769 1080">
     <span class='ocr_line' id='line_1_25' title="bbox 2112 1006 3769 1080; baseline -0.002 -16"><span class='ocrx_word' id='word_1_165' title='bbox 2112 1015 2286 1075; x_wconf 84' lang='lat' dir='ltr'>esset,</span> <span class='ocrx_word' id='word_1_166' title='bbox 2323 1014 2381 1064; x_wconf 92' lang='lat' dir='ltr'>et</span> <span class='ocrx_word' id='word_1_167' title='bbox 2411 1009 2570 1080; x_wconf 89' lang='lat' dir='ltr'>ipsos</span> <span class='ocrx_word' id='word_1_168' title='bbox 2602 1025 2737 1062; x_wconf 91' lang='lat' dir='ltr'>cum</span> <span class='ocrx_word' id='word_1_169' title='bbox 2794 1006 2963 1078; x_wconf 89' lang='lat' dir='ltr'>equis</span> <span class='ocrx_word' id='word_1_170' title='bbox 3016 1013 3073 1061; x_wconf 91' lang='lat' dir='ltr'>et</span> <span class='ocrx_word' id='word_1_171' title='bbox 3130 1007 3402 1061; x_wconf 86' lang='lat' dir='ltr'>curribus</span> <span class='ocrx_word' id='word_1_172' title='bbox 3452 1007 3769 1077; x_wconf 85' lang='lat' dir='ltr'>obruisset,</span> 
     </span>
    </p>
   </div>
   <div class='ocr_carea' id='block_1_26' title="bbox 2110 1095 3775 1166">
    <p class='ocr_par' dir='ltr' id='par_1_26' title="bbox 2110 1095 3775 1166">
     <span class='ocr_line' id='line_1_26' title="bbox 2110 1095 3775 1166; baseline -0.001 -14"><span class='ocrx_word' id='word_1_173' title='bbox 2110 1097 2256 1152; x_wconf 87' lang='lat' dir='ltr'>adeo</span> <span class='ocrx_word' id='word_1_174' title='bbox 2289 1103 2354 1152; x_wconf 90' lang='lat' dir='ltr'>ut</span> <span class='ocrx_word' id='word_1_175' title='bbox 2380 1113 2585 1152; x_wconf 87' lang='lat' dir='ltr'>eorum</span> <span class='ocrx_word' id='word_1_176' title='bbox 2641 1096 2819 1150; x_wconf 79' lang='lat' dir='ltr'>nullae</span> <span class='ocrx_word' id='word_1_177' title='bbox 2865 1096 3265 1150; x_wconf 83' lang='lat' dir='ltr'>remanserint</span> <span class='ocrx_word' id='word_1_178' title='bbox 3295 1095 3582 1166; x_wconf 60' lang='lat' dir='ltr'>reliquiae.</span> <span class='ocrx_word' id='word_1_179' title='bbox 3633 1099 3775 1151; x_wconf 89' lang='lat' dir='ltr'>Post</span> 
     </span>
    </p>
   </div>
   <div class='ocr_carea' id='block_1_27' title="bbox 2111 1185 3772 1258">
    <p class='ocr_par' dir='ltr' id='par_1_27' title="bbox 2111 1185 3772 1258">
     <span class='ocr_line' id='line_1_27' title="bbox 2111 1185 3772 1258; baseline -0.001 -16"><span class='ocrx_word' id='word_1_180' title='bbox 2111 1186 2238 1242; x_wconf 74' lang='lat' dir='ltr'>hzec</span> <span class='ocrx_word' id='word_1_181' title='bbox 2269 1194 2469 1242; x_wconf 92' lang='lat' dir='ltr'>autem</span> <span class='ocrx_word' id='word_1_182' title='bbox 2501 1203 2757 1258; x_wconf 85' lang='lat' dir='ltr'>sequens</span> <span class='ocrx_word' id='word_1_183' title='bbox 2780 1190 2837 1240; x_wconf 90' lang='lat' dir='ltr'>et</span> <span class='ocrx_word' id='word_1_184' title='bbox 2867 1186 3160 1240; x_wconf 89' lang='lat' dir='ltr'>comitans</span> <span class='ocrx_word' id='word_1_185' title='bbox 3181 1185 3462 1240; x_wconf 89' lang='lat' dir='ltr'>columna</span> <span class='ocrx_word' id='word_1_186' title='bbox 3492 1185 3772 1257; x_wconf 87' lang='lat' dir='ltr'>ignis(eos</span> 
     </span>
    </p>
   </div>
   <div class='ocr_carea' id='block_1_28' title="bbox 2111 1275 3773 1348">
    <p class='ocr_par' dir='ltr' id='par_1_28' title="bbox 2111 1275 3773 1348">
     <span class='ocr_line' id='line_1_28' title="bbox 2111 1275 3773 1348; baseline -0.001 -17"><span class='ocrx_word' id='word_1_187' title='bbox 2111 1275 2907 1348; x_wconf 49' lang='lat' dir='ltr'>enim-Xspraecedebatmuxit</span> <span class='ocrx_word' id='word_1_188' title='bbox 2936 1280 3115 1330; x_wconf 90' lang='lat' dir='ltr'>noctu</span> <span class='ocrx_word' id='word_1_189' title='bbox 3148 1277 3422 1330; x_wconf 76' lang='lat' dir='ltr'>Hebraeos</span> <span class='ocrx_word' id='word_1_190' title='bbox 3455 1291 3560 1346; x_wconf 88' lang='lat' dir='ltr'>per</span> <span class='ocrx_word' id='word_1_191' title='bbox 3581 1275 3773 1347; x_wconf 83' lang='lat' dir='ltr'>regio-</span> 
     </span>
    </p>
   </div>
   <div class='ocr_carea' id='block_1_29' title="bbox 2110 1364 3774 1436">
    <p class='ocr_par' dir='ltr' id='par_1_29' title="bbox 2110 1364 3774 1436">
     <span class='ocr_line' id='line_1_29' title="bbox 2110 1364 3774 1436; baseline -0.001 -15"><span class='ocrx_word' id='word_1_192' title='bbox 2110 1382 2248 1421; x_wconf 89' lang='lat' dir='ltr'>nem</span> <span class='ocrx_word' id='word_1_193' title='bbox 2276 1364 2974 1436; x_wconf 84' lang='lat' dir='ltr'>inaccessam,laboribus</span> <span class='ocrx_word' id='word_1_194' title='bbox 3005 1369 3063 1419; x_wconf 92' lang='lat' dir='ltr'>et</span> <span class='ocrx_word' id='word_1_195' title='bbox 3084 1364 3399 1420; x_wconf 90' lang='lat' dir='ltr'>itineribus</span> <span class='ocrx_word' id='word_1_196' title='bbox 3429 1364 3698 1420; x_wconf 86' lang='lat' dir='ltr'>adrobur</span> <span class='ocrx_word' id='word_1_197' title='bbox 3715 1370 3774 1420; x_wconf 87' lang='lat' dir='ltr'>et</span> 
     </span>
    </p>
   </div>
   <div class='ocr_carea' id='block_1_30' title="bbox 2109 1454 3766 1525">
    <p class='ocr_par' dir='ltr' id='par_1_30' title="bbox 2109 1454 3766 1525">
     <span class='ocr_line' id='line_1_30' title="bbox 2109 1454 3766 1525; baseline -0.001 -15"><span class='ocrx_word' id='word_1_198' title='bbox 2109 1454 2521 1511; x_wconf 84' lang='lat' dir='ltr'>fortitudinem</span> <span class='ocrx_word' id='word_1_199' title='bbox 2555 1471 2654 1510; x_wconf 89' lang='lat' dir='ltr'>eos</span> <span class='ocrx_word' id='word_1_200' title='bbox 2715 1470 2998 1510; x_wconf 82' lang='lat' dir='ltr'>exercens</span> <span class='ocrx_word' id='word_1_201' title='bbox 3027 1470 3096 1509; x_wconf 88' lang='lat' dir='ltr'>ac</span> <span class='ocrx_word' id='word_1_202' title='bbox 3144 1454 3474 1509; x_wconf 90' lang='lat' dir='ltr'>inducens:</span> <span class='ocrx_word' id='word_1_203' title='bbox 3509 1459 3575 1509; x_wconf 92' lang='lat' dir='ltr'>ut</span> <span class='ocrx_word' id='word_1_204' title='bbox 3595 1459 3766 1525; x_wconf 90' lang='lat' dir='ltr'>post-</span> 
     </span>
    </p>
   </div>
   <div class='ocr_carea' id='block_1_31' title="bbox 2111 1542 3771 1616">
    <p class='ocr_par' dir='ltr' id='par_1_31' title="bbox 2111 1542 3771 1616">
     <span class='ocr_line' id='line_1_31' title="bbox 2111 1542 3771 1616; baseline -0.001 -16"><span class='ocrx_word' id='word_1_205' title='bbox 2111 1562 2292 1616; x_wconf 85' lang='lat' dir='ltr'>quam</span> <span class='ocrx_word' id='word_1_206' title='bbox 2323 1562 2552 1611; x_wconf 90' lang='lat' dir='ltr'>eorum,</span> <span class='ocrx_word' id='word_1_207' title='bbox 2589 1561 2718 1616; x_wconf 66' lang='lat' dir='ltr'>quas</span> <span class='ocrx_word' id='word_1_208' title='bbox 2742 1543 3094 1600; x_wconf 85' lang='lat' dir='ltr'>videbantur</span> <span class='ocrx_word' id='word_1_209' title='bbox 3113 1543 3669 1616; x_wconf 85' lang='lat' dir='ltr'>gravia,periculum</span> <span class='ocrx_word' id='word_1_210' title='bbox 3683 1542 3771 1598; x_wconf 91' lang='lat' dir='ltr'>fe-</span> 
     </span>
    </p>
   </div>
   <div class='ocr_carea' id='block_1_32' title="bbox 2111 1632 3770 1705">
    <p class='ocr_par' dir='ltr' id='par_1_32' title="bbox 2111 1632 3770 1705">
     <span class='ocr_line' id='line_1_32' title="bbox 2111 1632 3770 1705; baseline -0.001 -15"><span class='ocrx_word' id='word_1_211' title='bbox 2111 1635 2550 1705; x_wconf 88' lang='lat' dir='ltr'>cissent,quam</span> <span class='ocrx_word' id='word_1_212' title='bbox 2582 1633 2740 1689; x_wconf 90' lang='lat' dir='ltr'>bona</span> <span class='ocrx_word' id='word_1_213' title='bbox 2771 1638 2929 1688; x_wconf 90' lang='lat' dir='ltr'>esset</span> <span class='ocrx_word' id='word_1_214' title='bbox 2958 1638 3274 1704; x_wconf 91' lang='lat' dir='ltr'>appareret</span> <span class='ocrx_word' id='word_1_215' title='bbox 3302 1632 3566 1704; x_wconf 85' lang='lat' dir='ltr'>regio,ad</span> <span class='ocrx_word' id='word_1_216' title='bbox 3589 1649 3770 1703; x_wconf 90' lang='lat' dir='ltr'>quam</span> 
     </span>
    </p>
   </div>
   <div class='ocr_carea' id='block_1_33' title="bbox 2112 1721 3771 1788">
    <p class='ocr_par' dir='ltr' id='par_1_33' title="bbox 2112 1721 3771 1788">
     <span class='ocr_line' id='line_1_33' title="bbox 2112 1721 3771 1788; baseline -0.002 -9"><span class='ocrx_word' id='word_1_217' title='bbox 2112 1741 2212 1779; x_wconf 89' lang='lat' dir='ltr'>eos</span> <span class='ocrx_word' id='word_1_218' title='bbox 2244 1741 2313 1779; x_wconf 83' lang='lat' dir='ltr'>ex</span> <span class='ocrx_word' id='word_1_219' title='bbox 2369 1723 2460 1778; x_wconf 85' lang='lat' dir='ltr'>via</span> <span class='ocrx_word' id='word_1_220' title='bbox 2492 1723 2649 1778; x_wconf 90' lang='lat' dir='ltr'>invia</span> <span class='ocrx_word' id='word_1_221' title='bbox 2679 1721 3140 1778; x_wconf 88' lang='lat' dir='ltr'>transmittebat.</span> <span class='ocrx_word' id='word_1_222' title='bbox 3177 1722 3516 1786; x_wconf 86' lang='lat' dir='ltr'>Quinetiam</span> <span class='ocrx_word' id='word_1_223' title='bbox 3547 1722 3771 1788; x_wconf 87' lang='lat' dir='ltr'>hostes,</span> 
     </span>
    </p>
   </div>
   <div class='ocr_carea' id='block_1_34' title="bbox 345 1808 2008 1904">
    <p class='ocr_par' dir='ltr' id='par_1_34' title="bbox 345 1808 2002 1890">
     <span class='ocr_line' id='line_1_34' title="bbox 345 1808 2002 1890; baseline 0.004 -28"><span class='ocrx_word' id='word_1_224' title='bbox 345 1810 373 1862; x_wconf 88' lang='grc' dir='ltr'><strong>ὁ</strong></span> <span class='ocrx_word' id='word_1_225' title='bbox 403 1812 516 1863; x_wconf 82' lang='grc' dir='ltr'>τῶν</span> <span class='ocrx_word' id='word_1_226' title='bbox 575 1808 880 1878; x_wconf 84' lang='grc' dir='ltr'>Ἀθηναίων</span> <span class='ocrx_word' id='word_1_227' title='bbox 925 1811 1184 1878; x_wconf 75' lang='grc' dir='ltr'>ἀποστάς,</span> <span class='ocrx_word' id='word_1_228' title='bbox 1225 1811 1461 1888; x_wconf 77' lang='grc' dir='ltr'>ἐπήγαγε</span> <span class='ocrx_word' id='word_1_229' title='bbox 1515 1813 1647 1874; x_wconf 84' lang='grc' dir='ltr'>τοὺς</span> <span class='ocrx_word' id='word_1_230' title='bbox 1695 1809 2002 1890; x_wconf 85' lang='grc' dir='ltr'>βαρϐάρους</span> 
     </span>
    </p>
   </div>
   <div class='ocr_carea' id='block_1_35' title="bbox 2119 1808 3772 1904">
    <p class='ocr_par' dir='ltr' id='par_1_35' title="bbox 2119 1811 3772 1886">
     <span class='ocr_line' id='line_1_35' title="bbox 2119 1811 3772 1886; baseline -0.002 -18"><span class='ocrx_word' id='word_1_231' title='bbox 2119 1813 2212 1886; x_wconf 86' lang='lat' dir='ltr'>qui</span> <span class='ocrx_word' id='word_1_232' title='bbox 2241 1814 2405 1886; x_wconf 90' lang='lat' dir='ltr'>prius</span> <span class='ocrx_word' id='word_1_233' title='bbox 2424 1830 2555 1868; x_wconf 89' lang='lat' dir='ltr'>eam</span> <span class='ocrx_word' id='word_1_234' title='bbox 2588 1811 3338 1885; x_wconf 82' lang='lat' dir='ltr'>regioneminsidebant,in</span> <span class='ocrx_word' id='word_1_235' title='bbox 3363 1811 3559 1882; x_wconf 80' lang='lat' dir='ltr'>fugam</span> <span class='ocrx_word' id='word_1_236' title='bbox 3574 1828 3772 1866; x_wconf 88' lang='lat' dir='ltr'>versos</span> 
     </span>
    </p>
   </div>
   <div class='ocr_carea' id='block_1_36' title="bbox 339 1898 2002 1978">
    <p class='ocr_par' dir='ltr' id='par_1_36' title="bbox 339 1898 2002 1978">
     <span class='ocr_line' id='line_1_36' title="bbox 339 1898 2002 1978; baseline 0.004 -24"><span class='ocrx_word' id='word_1_237' title='bbox 339 1898 420 1961; x_wconf 77' lang='grc' dir='ltr'>εἷς</span> <span class='ocrx_word' id='word_1_238' title='bbox 465 1899 567 1967; x_wconf 73' lang='grc' dir='ltr'>τήν</span> <span class='ocrx_word' id='word_1_239' title='bbox 619 1900 900 1972; x_wconf 72' lang='grc' dir='ltr'>Ἀττικὴν,</span> <span class='ocrx_word' id='word_1_240' title='bbox 956 1901 1044 1955; x_wconf 77' lang='grc' dir='ltr'>καὶ</span> <span class='ocrx_word' id='word_1_241' title='bbox 1100 1903 1227 1964; x_wconf 80' lang='grc' dir='ltr'>τοὺς</span> <span class='ocrx_word' id='word_1_242' title='bbox 1292 1902 1603 1978; x_wconf 84' lang='grc' dir='ltr'>ἐπικαίρους</span> <span class='ocrx_word' id='word_1_243' title='bbox 1649 1909 1757 1960; x_wconf 80' lang='grc' dir='ltr'>τῶν</span> <span class='ocrx_word' id='word_1_244' title='bbox 1816 1904 2002 1960; x_wconf 88' lang='grc' dir='ltr'>τόπων</span> 
     </span>
    </p>
   </div>
   <div class='ocr_carea' id='block_1_37' title="bbox 341 1982 2004 2070">
    <p class='ocr_par' dir='ltr' id='par_1_37' title="bbox 341 1982 2004 2070">
     <span class='ocr_line' id='line_1_37' title="bbox 341 1982 2004 2070; baseline 0.004 -28"><span class='ocrx_word' id='word_1_245' title='bbox 341 1982 900 2063; x_wconf 89' lang='grc' dir='ltr'>προκαταλαϐόμενος</span> <span class='ocrx_word' id='word_1_246' title='bbox 933 1988 1216 2068; x_wconf 72' lang='grc' dir='ltr'>ἐφύλαττε,</span> <span class='ocrx_word' id='word_1_247' title='bbox 1252 1987 1341 2046; x_wconf 83' lang='grc' dir='ltr'>διὰ</span> <span class='ocrx_word' id='word_1_248' title='bbox 1368 1993 1428 2046; x_wconf 84' lang='grc' dir='ltr'>τὸ</span> <span class='ocrx_word' id='word_1_249' title='bbox 1482 1999 1582 2062; x_wconf 81' lang='grc' dir='ltr'>τῆς</span> <span class='ocrx_word' id='word_1_250' title='bbox 1633 1995 1825 2070; x_wconf 86' lang='grc' dir='ltr'>χώρας</span> <span class='ocrx_word' id='word_1_251' title='bbox 1856 1991 2004 2069; x_wconf 76' lang='grc' dir='ltr'>ἔχειν</span> 
     </span>
    </p>
   </div>
   <div class='ocr_carea' id='block_1_38' title="bbox 344 2075 2000 2156">
    <p class='ocr_par' dir='ltr' id='par_1_38' title="bbox 344 2075 2000 2156">
     <span class='ocr_line' id='line_1_38' title="bbox 344 2075 2000 2156; baseline 0.004 -25"><span class='ocrx_word' id='word_1_252' title='bbox 344 2077 446 2146; x_wconf 80' lang='grc' dir='ltr'>τὴν</span> <span class='ocrx_word' id='word_1_253' title='bbox 477 2075 786 2150; x_wconf 76' lang='grc' dir='ltr'>ἐμπειρίαν.</span> <span class='ocrx_word' id='word_1_254' title='bbox 819 2080 1017 2156; x_wconf 88' lang='grc' dir='ltr'>Ἐργον</span> <span class='ocrx_word' id='word_1_255' title='bbox 1057 2080 1150 2153; x_wconf 77' lang='grc' dir='ltr'>μὶν</span> <span class='ocrx_word' id='word_1_256' title='bbox 1184 2079 1275 2136; x_wconf 78' lang='grc' dir='ltr'>οὖν</span> <span class='ocrx_word' id='word_1_257' title='bbox 1307 2081 1376 2150; x_wconf 79' lang='grc' dir='ltr'>ἦν</span> <span class='ocrx_word' id='word_1_258' title='bbox 1405 2083 1498 2137; x_wconf 87' lang='grc' dir='ltr'>τὸν</span> <span class='ocrx_word' id='word_1_259' title='bbox 1548 2084 1761 2140; x_wconf 86' lang='grc' dir='ltr'>Ἱππίαν</span> <span class='ocrx_word' id='word_1_260' title='bbox 1796 2083 2000 2148; x_wconf 82' lang='grc' dir='ltr'>λαθεῖν·</span> 
     </span>
    </p>
   </div>
   <div class='ocr_carea' id='block_1_39' title="bbox 351 2165 2002 2246">
    <p class='ocr_par' dir='ltr' id='par_1_39' title="bbox 351 2165 2002 2246">
     <span class='ocr_line' id='line_1_39' title="bbox 351 2165 2002 2246; baseline 0.004 -24"><span class='ocrx_word' id='word_1_261' title='bbox 351 2166 471 2231; x_wconf 76' lang='grc' dir='ltr'>ὅθεν</span> <span class='ocrx_word' id='word_1_262' title='bbox 493 2165 719 2232; x_wconf 77' lang='grc' dir='ltr'>εἰκότως</span> <span class='ocrx_word' id='word_1_263' title='bbox 743 2169 772 2223; x_wconf 90' lang='lat'>6</span> <span class='ocrx_word' id='word_1_264' title='bbox 805 2166 1118 2240; x_wconf 76' lang='grc' dir='ltr'>Μιλτιάδης</span> <span class='ocrx_word' id='word_1_265' title='bbox 1179 2169 1640 2246; x_wconf 87' lang='grc' dir='ltr'>συγχρησάμενος</span> <span class='ocrx_word' id='word_1_266' title='bbox 1681 2169 1870 2244; x_wconf 81' lang='grc' dir='ltr'>ἀνοδίᾳ</span> <span class='ocrx_word' id='word_1_267' title='bbox 1923 2193 2002 2242; x_wconf 84' lang='grc' dir='ltr'>τε,</span> 
     </span>
    </p>
   </div>
   <div class='ocr_carea' id='block_1_40' title="bbox 345 2255 2002 2336">
    <p class='ocr_par' dir='ltr' id='par_1_40' title="bbox 345 2255 2002 2336">
     <span class='ocr_line' id='line_1_40' title="bbox 345 2255 2002 2336; baseline 0.004 -26"><span class='ocrx_word' id='word_1_268' title='bbox 345 2255 432 2310; x_wconf 81' lang='grc' dir='ltr'>καί</span> <span class='ocrx_word' id='word_1_269' title='bbox 459 2257 611 2312; x_wconf 84' lang='grc' dir='ltr'>νυκτὶ</span> <span class='ocrx_word' id='word_1_270' title='bbox 643 2255 963 2331; x_wconf 72' lang='grc' dir='ltr'>ἐπιθέμενος</span> <span class='ocrx_word' id='word_1_271' title='bbox 993 2263 1111 2320; x_wconf 87' lang='grc' dir='ltr'>τοῖς</span> <span class='ocrx_word' id='word_1_272' title='bbox 1162 2259 1413 2332; x_wconf 84' lang='grc' dir='ltr'>ΙΙέρσαις,</span> <span class='ocrx_word' id='word_1_273' title='bbox 1447 2259 1519 2315; x_wconf 84' lang='grc' dir='ltr'>ὧν</span> <span class='ocrx_word' id='word_1_274' title='bbox 1581 2262 1738 2324; x_wconf 88' lang='grc' dir='ltr'>Δάτις</span> <span class='ocrx_word' id='word_1_275' title='bbox 1791 2264 2002 2336; x_wconf 78' lang='grc' dir='ltr'>ἡγεῖτο,</span> 
     </span>
    </p>
   </div>
   <div class='ocr_carea' id='block_1_41' title="bbox 337 2344 2002 2426">
    <p class='ocr_par' dir='ltr' id='par_1_41' title="bbox 337 2344 2002 2426">
     <span class='ocr_line' id='line_1_41' title="bbox 337 2344 2002 2426; baseline 0.004 -26"><span class='ocrx_word' id='word_1_276' title='bbox 337 2344 406 2400; x_wconf 87' lang='grc' dir='ltr'>τά</span> <span class='ocrx_word' id='word_1_277' title='bbox 433 2345 574 2400; x_wconf 83' lang='grc' dir='ltr'>κατά</span> <span class='ocrx_word' id='word_1_278' title='bbox 603 2345 695 2400; x_wconf 84' lang='grc' dir='ltr'>τὸν</span> <span class='ocrx_word' id='word_1_279' title='bbox 730 2347 938 2422; x_wconf 79' lang='grc' dir='ltr'>ἀγῶνα,</span> <span class='ocrx_word' id='word_1_280' title='bbox 995 2349 1112 2420; x_wconf 84' lang='grc' dir='ltr'>μετ’</span> <span class='ocrx_word' id='word_1_281' title='bbox 1161 2347 1379 2403; x_wconf 81' lang='grc' dir='ltr'>ἐκείνων</span> <span class='ocrx_word' id='word_1_282' title='bbox 1441 2350 1514 2404; x_wconf 84' lang='grc' dir='ltr'>ὧν</span> <span class='ocrx_word' id='word_1_283' title='bbox 1570 2350 1735 2414; x_wconf 77' lang='grc' dir='ltr'>αὐτὸς</span> <span class='ocrx_word' id='word_1_284' title='bbox 1788 2353 2002 2426; x_wconf 77' lang='grc' dir='ltr'>ἡγεῖτο,</span> 
     </span>
    </p>
   </div>
   <div class='ocr_carea' id='block_1_42' title="bbox 337 2433 1999 2513">
    <p class='ocr_par' dir='ltr' id='par_1_42' title="bbox 337 2433 1999 2513">
     <span class='ocr_line' id='line_1_42' title="bbox 337 2433 1999 2513; baseline 0.004 -25"><span class='ocrx_word' id='word_1_285' title='bbox 337 2434 721 2508; x_wconf 85' lang='grc' dir='ltr'>κατώρθωσεν.</span> <span class='ocrx_word' id='word_1_286' title='bbox 784 2434 961 2493; x_wconf 86' lang='grc' dir='ltr'>’Λλλά</span> <span class='ocrx_word' id='word_1_287' title='bbox 1009 2437 1097 2491; x_wconf 84' lang='grc' dir='ltr'>καὶ</span> <span class='ocrx_word' id='word_1_288' title='bbox 1157 2433 1531 2513; x_wconf 87' lang='grc' dir='ltr'>Θρασυϐούλῳ</span> <span class='ocrx_word' id='word_1_289' title='bbox 1561 2437 1688 2501; x_wconf 82' lang='grc' dir='ltr'>τοὺς</span> <span class='ocrx_word' id='word_1_290' title='bbox 1747 2439 1999 2495; x_wconf 80' lang='grc' dir='ltr'>ἐκπεσόν-</span> 
     </span>
    </p>
   </div>
   <div class='ocr_carea' id='block_1_43' title="bbox 334 2522 2003 2603">
    <p class='ocr_par' dir='ltr' id='par_1_43' title="bbox 334 2522 2003 2603">
     <span class='ocr_line' id='line_1_43' title="bbox 334 2522 2003 2603; baseline 0.004 -25"><span class='ocrx_word' id='word_1_291' title='bbox 334 2543 435 2588; x_wconf 89' lang='grc' dir='ltr'>τας</span> <span class='ocrx_word' id='word_1_292' title='bbox 461 2522 570 2578; x_wconf 81' lang='grc' dir='ltr'>ἀπὸ</span> <span class='ocrx_word' id='word_1_293' title='bbox 594 2522 786 2594; x_wconf 79' lang='grc' dir='ltr'>Φυλῆς</span> <span class='ocrx_word' id='word_1_294' title='bbox 817 2527 930 2600; x_wconf 81' lang='lat'>(39)</span> <span class='ocrx_word' id='word_1_295' title='bbox 961 2527 1317 2603; x_wconf 83' lang='grc' dir='ltr'>καταγαγόντι</span> <span class='ocrx_word' id='word_1_296' title='bbox 1375 2527 1466 2583; x_wconf 73' lang='grc' dir='ltr'>καὶ</span> <span class='ocrx_word' id='word_1_297' title='bbox 1529 2528 1857 2603; x_wconf 74' lang='grc' dir='ltr'>βουλομένῳ</span> <span class='ocrx_word' id='word_1_298' title='bbox 1905 2528 2003 2585; x_wconf 86' lang='grc' dir='ltr'>λα-</span> 
     </span>
    </p>
   </div>
   <div class='ocr_carea' id='block_1_44' title="bbox 341 2610 2000 2693">
    <p class='ocr_par' dir='ltr' id='par_1_44' title="bbox 341 2610 2000 2693">
     <span class='ocr_line' id='line_1_44' title="bbox 341 2610 2000 2693; baseline 0.004 -26"><span class='ocrx_word' id='word_1_299' title='bbox 341 2613 456 2667; x_wconf 78' lang='grc' dir='ltr'>Θεῖν</span> <span class='ocrx_word' id='word_1_300' title='bbox 489 2610 690 2676; x_wconf 89' lang='grc' dir='ltr'>στύλος</span> <span class='ocrx_word' id='word_1_301' title='bbox 737 2611 940 2689; x_wconf 83' lang='grc' dir='ltr'>ὁδηγὸς</span> <span class='ocrx_word' id='word_1_302' title='bbox 988 2616 1194 2691; x_wconf 88' lang='grc' dir='ltr'>γίνεται</span> <span class='ocrx_word' id='word_1_303' title='bbox 1249 2613 1338 2671; x_wconf 69' lang='grc' dir='ltr'>διὰ</span> <span class='ocrx_word' id='word_1_304' title='bbox 1391 2621 1500 2672; x_wconf 85' lang='grc' dir='ltr'>τῶν</span> <span class='ocrx_word' id='word_1_305' title='bbox 1550 2614 1789 2693; x_wconf 85' lang='grc' dir='ltr'>ἀτριϐῶν</span> <span class='ocrx_word' id='word_1_306' title='bbox 1842 2617 2000 2674; x_wconf 72' lang='grc' dir='ltr'>ίόντιο</span> 
     </span>
    </p>
   </div>
   <div class='ocr_carea' id='block_1_45' title="bbox 341 2698 2004 2783">
    <p class='ocr_par' dir='ltr' id='par_1_45' title="bbox 341 2698 2004 2783">
     <span class='ocr_line' id='line_1_45' title="bbox 341 2698 2004 2783; baseline 0.004 -26"><span class='ocrx_word' id='word_1_307' title='bbox 341 2707 425 2776; x_wconf 85' lang='grc' dir='ltr'>τῷ</span> <span class='ocrx_word' id='word_1_308' title='bbox 447 2698 822 2778; x_wconf 84' lang='grc' dir='ltr'>Θρασυϐούλῳ</span> <span class='ocrx_word' id='word_1_309' title='bbox 875 2703 1114 2778; x_wconf 82' lang='grc' dir='ltr'>νύκτωρ,</span> <span class='ocrx_word' id='word_1_310' title='bbox 1165 2705 1438 2777; x_wconf 75' lang='grc' dir='ltr'>ἀσελήνου</span> <span class='ocrx_word' id='word_1_311' title='bbox 1467 2706 1557 2762; x_wconf 82' lang='grc' dir='ltr'>καὶ</span> <span class='ocrx_word' id='word_1_312' title='bbox 1613 2704 2004 2783; x_wconf 83' lang='grc' dir='ltr'>δυσχειμερίου</span> 
     </span>
    </p>
   </div>
   <div class='ocr_carea' id='block_1_46' title="bbox 339 2795 2002 2874">
    <p class='ocr_par' dir='ltr' id='par_1_46' title="bbox 339 2795 2002 2874">
     <span class='ocr_line' id='line_1_46' title="bbox 339 2795 2002 2874; baseline 0.004 -28"><span class='ocrx_word' id='word_1_313' title='bbox 339 2796 442 2846; x_wconf 85' lang='grc' dir='ltr'>τοῦ</span> <span class='ocrx_word' id='word_1_314' title='bbox 487 2795 875 2866; x_wconf 82' lang='grc' dir='ltr'>κατασήματος</span> <span class='ocrx_word' id='word_1_315' title='bbox 923 2795 1239 2871; x_wconf 87' lang='grc' dir='ltr'>γεγονότος,</span> <span class='ocrx_word' id='word_1_316' title='bbox 1295 2801 1403 2869; x_wconf 86' lang='grc' dir='ltr'>πῦρ</span> <span class='ocrx_word' id='word_1_317' title='bbox 1459 2797 1670 2872; x_wconf 63' lang='grc' dir='ltr'>ἑωρᾶτο</span> <span class='ocrx_word' id='word_1_318' title='bbox 1721 2797 2002 2874; x_wconf 84' lang='grc' dir='ltr'>προηγού-</span> 
     </span>
    </p>
   </div>
   <div class='ocr_carea' id='block_1_47' title="bbox 345 2882 2006 2962">
    <p class='ocr_par' dir='ltr' id='par_1_47' title="bbox 345 2882 2006 2962">
     <span class='ocr_line' id='line_1_47' title="bbox 345 2882 2006 2962; baseline 0.004 -26"><span class='ocrx_word' id='word_1_319' title='bbox 345 2903 533 2956; x_wconf 83' lang='grc' dir='ltr'>μενον,</span> <span class='ocrx_word' id='word_1_320' title='bbox 592 2882 725 2960; x_wconf 83' lang='grc' dir='ltr'>ὅπερ</span> <span class='ocrx_word' id='word_1_321' title='bbox 783 2883 980 2946; x_wconf 78' lang='grc' dir='ltr'>αὐτοὺς</span> <span class='ocrx_word' id='word_1_322' title='bbox 1040 2884 1350 2950; x_wconf 86' lang='grc' dir='ltr'>ἀπταίστως</span> <span class='ocrx_word' id='word_1_323' title='bbox 1431 2885 1762 2962; x_wconf 73' lang='grc' dir='ltr'>προπέμψαν</span> <span class='ocrx_word' id='word_1_324' title='bbox 1796 2931 1811 2958; x_wconf 95' lang='grc'>,</span> <span class='ocrx_word' id='word_1_325' title='bbox 1868 2888 2006 2942; x_wconf 81' lang='grc' dir='ltr'>κατὰ</span> 
     </span>
    </p>
   </div>
   <div class='ocr_carea' id='block_1_48' title="bbox 336 2972 2006 3055">
    <p class='ocr_par' dir='ltr' id='par_1_48' title="bbox 336 2972 2006 3055">
     <span class='ocr_line' id='line_1_48' title="bbox 336 2972 2006 3055; baseline 0.003 -29"><span class='ocrx_word' id='word_1_326' title='bbox 336 2973 442 3042; x_wconf 75' lang='grc' dir='ltr'>τὴν</span> <span class='ocrx_word' id='word_1_327' title='bbox 485 2972 800 3030; x_wconf 72' lang='grc' dir='ltr'>Μουνυχίαν</span> <span class='ocrx_word' id='word_1_328' title='bbox 834 2972 1099 3045; x_wconf 70' lang='grc' dir='ltr'>ἐξέλιπενο</span> <span class='ocrx_word' id='word_1_329' title='bbox 1155 2974 1280 3040; x_wconf 77' lang='grc' dir='ltr'>ἔνθα</span> <span class='ocrx_word' id='word_1_330' title='bbox 1327 2974 1418 3030; x_wconf 88' lang='grc' dir='ltr'>νῦν</span> <span class='ocrx_word' id='word_1_331' title='bbox 1452 2977 1480 3032; x_wconf 82' lang='grc' dir='ltr'><strong>ὁ</strong></span> <span class='ocrx_word' id='word_1_332' title='bbox 1536 2983 1637 3046; x_wconf 80' lang='grc' dir='ltr'>τῆς</span> <span class='ocrx_word' id='word_1_333' title='bbox 1697 2977 2006 3055; x_wconf 77' lang='grc' dir='ltr'>Φωσφόρου</span> 
     </span>
    </p>
   </div>
   <div class='ocr_carea' id='block_1_49' title="bbox 343 3060 2002 3143">
    <p class='ocr_par' dir='ltr' id='par_1_49' title="bbox 343 3060 2002 3143">
     <span class='ocr_line' id='line_1_49' title="bbox 343 3060 2002 3143; baseline 0.002 -27"><span class='ocrx_word' id='word_1_334' title='bbox 343 3060 539 3137; x_wconf 85' lang='grc' dir='ltr'>βωμός</span> <span class='ocrx_word' id='word_1_335' title='bbox 603 3061 735 3120; x_wconf 80' lang='grc' dir='ltr'>ἐστι.</span> <span class='ocrx_word' id='word_1_336' title='bbox 793 3066 964 3119; x_wconf 71' lang='lat' dir='ltr'>“ma</span> <span class='ocrx_word' id='word_1_337' title='bbox 1020 3062 1200 3120; x_wconf 88' lang='grc' dir='ltr'>τοίνυν</span> <span class='ocrx_word' id='word_1_338' title='bbox 1245 3065 1311 3121; x_wconf 81' lang='grc' dir='ltr'>τὰ</span> <span class='ocrx_word' id='word_1_339' title='bbox 1340 3066 1583 3143; x_wconf 68' lang='grc' dir='ltr'>ἡμέτερα</span> <span class='ocrx_word' id='word_1_340' title='bbox 1635 3065 1733 3122; x_wconf 81' lang='grc' dir='ltr'>κᾶν</span> <span class='ocrx_word' id='word_1_341' title='bbox 1766 3066 2002 3122; x_wconf 78' lang='grc' dir='ltr'>ἐντεῦθεν</span> 
     </span>
    </p>
   </div>
   <div class='ocr_carea' id='block_1_50' title="bbox 333 3150 1997 3231">
    <p class='ocr_par' dir='ltr' id='par_1_50' title="bbox 333 3150 1997 3231">
     <span class='ocr_line' id='line_1_50' title="bbox 333 3150 1997 3231; baseline 0.004 -27"><span class='ocrx_word' id='word_1_342' title='bbox 333 3150 575 3228; x_wconf 68' lang='grc' dir='ltr'>γενέσθω</span> <span class='ocrx_word' id='word_1_343' title='bbox 604 3156 725 3214; x_wconf 82' lang='grc' dir='ltr'>τοῖς</span> <span class='ocrx_word' id='word_1_344' title='bbox 758 3151 1049 3225; x_wconf 89' lang='grc' dir='ltr'>Ἕλλησιν·</span> <span class='ocrx_word' id='word_1_345' title='bbox 1084 3153 1168 3209; x_wconf 77' lang='grc' dir='ltr'>ὅτι</span> <span class='ocrx_word' id='word_1_346' title='bbox 1229 3152 1330 3231; x_wconf 78' lang='grc' dir='ltr'>ἄρα</span> <span class='ocrx_word' id='word_1_347' title='bbox 1389 3153 1613 3212; x_wconf 82' lang='grc' dir='ltr'>δυνατὸν</span> <span class='ocrx_word' id='word_1_348' title='bbox 1655 3161 1735 3230; x_wconf 86' lang='grc' dir='ltr'>τῷ</span> <span class='ocrx_word' id='word_1_349' title='bbox 1793 3177 1997 3212; x_wconf 89' lang='grc' dir='ltr'>παντο-</span> 
     </span>
    </p>
   </div>
   <div class='ocr_carea' id='block_1_51' title="bbox 2111 1900 3772 1972">
    <p class='ocr_par' dir='ltr' id='par_1_51' title="bbox 2111 1900 3772 1972">
     <span class='ocr_line' id='line_1_51' title="bbox 2111 1900 3772 1972; baseline -0.003 -13"><span class='ocrx_word' id='word_1_350' title='bbox 2111 1903 2346 1970; x_wconf 87' lang='lat' dir='ltr'>occidit,</span> <span class='ocrx_word' id='word_1_351' title='bbox 2383 1919 2483 1957; x_wconf 91' lang='lat' dir='ltr'>eos</span> <span class='ocrx_word' id='word_1_352' title='bbox 2510 1919 2580 1957; x_wconf 83' lang='lat' dir='ltr'>ex</span> <span class='ocrx_word' id='word_1_353' title='bbox 2607 1901 2930 1956; x_wconf 86' lang='lat' dir='ltr'>solitudine</span> <span class='ocrx_word' id='word_1_354' title='bbox 2963 1906 3022 1955; x_wconf 92' lang='lat' dir='ltr'>et</span> <span class='ocrx_word' id='word_1_355' title='bbox 3074 1901 3166 1955; x_wconf 82' lang='lat' dir='ltr'>via</span> <span class='ocrx_word' id='word_1_356' title='bbox 3224 1917 3435 1971; x_wconf 87' lang='lat' dir='ltr'>aspera</span> <span class='ocrx_word' id='word_1_357' title='bbox 3489 1902 3578 1972; x_wconf 86' lang='lat' dir='ltr'>(ea</span> <span class='ocrx_word' id='word_1_358' title='bbox 3609 1900 3772 1954; x_wconf 92' lang='lat' dir='ltr'>enim</span> 
     </span>
    </p>
   </div>
   <div class='ocr_carea' id='block_1_52' title="bbox 2109 1989 3773 2063">
    <p class='ocr_par' dir='ltr' id='par_1_52' title="bbox 2109 1989 3773 2063">
     <span class='ocr_line' id='line_1_52' title="bbox 2109 1989 3773 2063; baseline -0.002 -16"><span class='ocrx_word' id='word_1_359' title='bbox 2109 2009 2204 2048; x_wconf 86' lang='lat' dir='ltr'>ars</span> <span class='ocrx_word' id='word_1_360' title='bbox 2234 1992 2347 2047; x_wconf 89' lang='lat' dir='ltr'>fuit</span> <span class='ocrx_word' id='word_1_361' title='bbox 2373 1991 2777 2063; x_wconf 87' lang='lat' dir='ltr'>imperatoria)</span> <span class='ocrx_word' id='word_1_362' title='bbox 2802 2006 3134 2062; x_wconf 78' lang='lat' dir='ltr'>aggressus.</span> <span class='ocrx_word' id='word_1_363' title='bbox 3171 1989 3287 2043; x_wconf 88' lang='lat' dir='ltr'>Hoc</span> <span class='ocrx_word' id='word_1_364' title='bbox 3321 1989 3480 2044; x_wconf 91' lang='lat' dir='ltr'>enim</span> <span class='ocrx_word' id='word_1_365' title='bbox 3513 1994 3638 2044; x_wconf 90' lang='lat' dir='ltr'>erat</span> <span class='ocrx_word' id='word_1_366' title='bbox 3668 2005 3773 2060; x_wconf 89' lang='lat' dir='ltr'>pe-</span> 
     </span>
    </p>
   </div>
   <div class='ocr_carea' id='block_1_53' title="bbox 2107 2079 3769 2153">
    <p class='ocr_par' dir='ltr' id='par_1_53' title="bbox 2107 2079 3769 2153">
     <span class='ocr_line' id='line_1_53' title="bbox 2107 2079 3769 2153; baseline -0.001 -18"><span class='ocrx_word' id='word_1_367' title='bbox 2107 2082 2260 2137; x_wconf 63' lang='lat' dir='ltr'>ritia:</span> <span class='ocrx_word' id='word_1_368' title='bbox 2294 2086 2351 2136; x_wconf 92' lang='lat' dir='ltr'>et</span> <span class='ocrx_word' id='word_1_369' title='bbox 2371 2081 2770 2153; x_wconf 64' lang='lat' dir='ltr'>imperatoriae</span> <span class='ocrx_word' id='word_1_370' title='bbox 2802 2079 3067 2135; x_wconf 66' lang='lat' dir='ltr'>scientias</span> <span class='ocrx_word' id='word_1_371' title='bbox 3099 2096 3269 2149; x_wconf 85' lang='lat' dir='ltr'>opus,</span> <span class='ocrx_word' id='word_1_372' title='bbox 3303 2079 3562 2133; x_wconf 89' lang='lat' dir='ltr'>hostium</span> <span class='ocrx_word' id='word_1_373' title='bbox 3584 2079 3769 2150; x_wconf 90' lang='lat' dir='ltr'>regio-</span> 
     </span>
    </p>
   </div>
   <div class='ocr_carea' id='block_1_54' title="bbox 2108 2167 3768 2241">
    <p class='ocr_par' dir='ltr' id='par_1_54' title="bbox 2108 2167 3768 2241">
     <span class='ocr_line' id='line_1_54' title="bbox 2108 2167 3768 2241; baseline -0.001 -17"><span class='ocrx_word' id='word_1_374' title='bbox 2108 2186 2246 2224; x_wconf 88' lang='lat' dir='ltr'>nem</span> <span class='ocrx_word' id='word_1_375' title='bbox 2277 2186 2623 2241; x_wconf 86' lang='lat' dir='ltr'>occupasse.</span> <span class='ocrx_word' id='word_1_376' title='bbox 2659 2169 2823 2235; x_wconf 89' lang='lat' dir='ltr'>Quod</span> <span class='ocrx_word' id='word_1_377' title='bbox 2855 2185 2990 2224; x_wconf 90' lang='lat' dir='ltr'>cum</span> <span class='ocrx_word' id='word_1_378' title='bbox 3012 2167 3532 2223; x_wconf 84' lang='lat' dir='ltr'>animadvertisset</span> <span class='ocrx_word' id='word_1_379' title='bbox 3559 2168 3768 2224; x_wconf 87' lang='lat' dir='ltr'>Miltia-</span> 
     </span>
    </p>
   </div>
   <div class='ocr_carea' id='block_1_55' title="bbox 2111 2257 3772 2330">
    <p class='ocr_par' dir='ltr' id='par_1_55' title="bbox 2111 2257 3772 2330">
     <span class='ocr_line' id='line_1_55' title="bbox 2111 2257 3772 2330; baseline -0.001 -16"><span class='ocrx_word' id='word_1_380' title='bbox 2111 2260 2576 2330; x_wconf 87' lang='lat' dir='ltr'>des,imperator</span> <span class='ocrx_word' id='word_1_381' title='bbox 2604 2258 3009 2326; x_wconf 85' lang='lat' dir='ltr'>Atheniensis,</span> <span class='ocrx_word' id='word_1_382' title='bbox 3043 2258 3144 2329; x_wconf 92' lang='lat' dir='ltr'>qui</span> <span class='ocrx_word' id='word_1_383' title='bbox 3177 2257 3544 2313; x_wconf 82' lang='lat' dir='ltr'>Marathonia</span> <span class='ocrx_word' id='word_1_384' title='bbox 3572 2274 3772 2330; x_wconf 87' lang='lat' dir='ltr'>pugna</span> 
     </span>
    </p>
   </div>
   <div class='ocr_carea' id='block_1_56' title="bbox 2110 2347 3772 2416">
    <p class='ocr_par' dir='ltr' id='par_1_56' title="bbox 2110 2347 3772 2416">
     <span class='ocr_line' id='line_1_56' title="bbox 2110 2347 3772 2416; baseline 0 -15"><span class='ocrx_word' id='word_1_385' title='bbox 2110 2350 2248 2404; x_wconf 82' lang='lat' dir='ltr'>vicit</span> <span class='ocrx_word' id='word_1_386' title='bbox 2275 2350 2507 2416; x_wconf 86' lang='lat' dir='ltr'>Persas,</span> <span class='ocrx_word' id='word_1_387' title='bbox 2542 2348 2652 2403; x_wconf 89' lang='lat' dir='ltr'>hoc</span> <span class='ocrx_word' id='word_1_388' title='bbox 2697 2347 2876 2403; x_wconf 93' lang='lat' dir='ltr'>modo</span> <span class='ocrx_word' id='word_1_389' title='bbox 2907 2352 3000 2402; x_wconf 90' lang='lat' dir='ltr'>est</span> <span class='ocrx_word' id='word_1_390' title='bbox 3054 2347 3320 2403; x_wconf 88' lang='lat' dir='ltr'>imitatus</span> <span class='ocrx_word' id='word_1_391' title='bbox 3351 2365 3364 2401; x_wconf 90' lang='lat'><strong>:</strong></span> <span class='ocrx_word' id='word_1_392' title='bbox 3398 2354 3574 2403; x_wconf 90' lang='lat' dir='ltr'>noctu</span> <span class='ocrx_word' id='word_1_393' title='bbox 3602 2347 3772 2403; x_wconf 84' lang='lat' dir='ltr'>duxit</span> 
     </span>
    </p>
   </div>
   <div class='ocr_carea' id='block_1_57' title="bbox 2110 2435 3771 2508">
    <p class='ocr_par' dir='ltr' id='par_1_57' title="bbox 2110 2435 3771 2508">
     <span class='ocr_line' id='line_1_57' title="bbox 2110 2435 3771 2508; baseline -0.002 -15"><span class='ocrx_word' id='word_1_394' title='bbox 2110 2438 2507 2493; x_wconf 83' lang='lat' dir='ltr'>Athenienses</span> <span class='ocrx_word' id='word_1_395' title='bbox 2536 2453 2643 2508; x_wconf 90' lang='lat' dir='ltr'>per</span> <span class='ocrx_word' id='word_1_396' title='bbox 2673 2435 2804 2492; x_wconf 84' lang='lat' dir='ltr'>loca</span> <span class='ocrx_word' id='word_1_397' title='bbox 2835 2435 2989 2490; x_wconf 87' lang='lat' dir='ltr'>invia</span> <span class='ocrx_word' id='word_1_398' title='bbox 3021 2436 3135 2490; x_wconf 87' lang='lat' dir='ltr'>iter</span> <span class='ocrx_word' id='word_1_399' title='bbox 3175 2435 3424 2503; x_wconf 83' lang='lat' dir='ltr'>faciens,</span> <span class='ocrx_word' id='word_1_400' title='bbox 3449 2442 3507 2491; x_wconf 93' lang='lat' dir='ltr'>et</span> <span class='ocrx_word' id='word_1_401' title='bbox 3536 2452 3636 2490; x_wconf 91' lang='lat' dir='ltr'>eos</span> <span class='ocrx_word' id='word_1_402' title='bbox 3668 2435 3771 2506; x_wconf 89' lang='lat' dir='ltr'>qui</span> 
     </span>
    </p>
   </div>
   <div class='ocr_carea' id='block_1_58' title="bbox 2109 2524 3776 2599">
    <p class='ocr_par' dir='ltr' id='par_1_58' title="bbox 2109 2524 3776 2599">
     <span class='ocr_line' id='line_1_58' title="bbox 2109 2524 3776 2599; baseline -0.001 -17"><span class='ocrx_word' id='word_1_403' title='bbox 2109 2528 2307 2599; x_wconf 90' lang='lat' dir='ltr'>ipsum</span> <span class='ocrx_word' id='word_1_404' title='bbox 2353 2525 2765 2592; x_wconf 82' lang='lat' dir='ltr'>observabant,</span> <span class='ocrx_word' id='word_1_405' title='bbox 2827 2524 3109 2580; x_wconf 90' lang='lat' dir='ltr'>barbaros</span> <span class='ocrx_word' id='word_1_406' title='bbox 3149 2524 3474 2596; x_wconf 89' lang='lat' dir='ltr'>decipiens.</span> <span class='ocrx_word' id='word_1_407' title='bbox 3532 2525 3776 2596; x_wconf 86' lang='lat' dir='ltr'>Hippias</span> 
     </span>
    </p>
   </div>
   <div class='ocr_carea' id='block_1_59' title="bbox 2113 2613 3776 2686">
    <p class='ocr_par' dir='ltr' id='par_1_59' title="bbox 2113 2613 3776 2686">
     <span class='ocr_line' id='line_1_59' title="bbox 2113 2613 3776 2686; baseline -0.002 -15"><span class='ocrx_word' id='word_1_408' title='bbox 2113 2617 2297 2678; x_wconf 86' lang='lat' dir='ltr'>enim.</span> <span class='ocrx_word' id='word_1_409' title='bbox 2323 2616 2424 2686; x_wconf 90' lang='lat' dir='ltr'>qui</span> <span class='ocrx_word' id='word_1_410' title='bbox 2443 2614 2744 2670; x_wconf 87' lang='lat' dir='ltr'>defecerat</span> <span class='ocrx_word' id='word_1_411' title='bbox 2772 2614 2845 2669; x_wconf 91' lang='lat' dir='ltr'>ab</span> <span class='ocrx_word' id='word_1_412' title='bbox 2878 2613 3361 2680; x_wconf 82' lang='lat' dir='ltr'>Atheniensibus,</span> <span class='ocrx_word' id='word_1_413' title='bbox 3392 2613 3681 2669; x_wconf 89' lang='lat' dir='ltr'>barbaros</span> <span class='ocrx_word' id='word_1_414' title='bbox 3714 2614 3776 2668; x_wconf 93' lang='lat' dir='ltr'>in</span> 
     </span>
    </p>
   </div>
   <div class='ocr_carea' id='block_1_60' title="bbox 2112 2703 3780 2774">
    <p class='ocr_par' dir='ltr' id='par_1_60' title="bbox 2112 2703 3780 2774">
     <span class='ocr_line' id='line_1_60' title="bbox 2112 2703 3780 2774; baseline -0.002 -12"><span class='ocrx_word' id='word_1_415' title='bbox 2112 2707 2358 2762; x_wconf 81' lang='lat' dir='ltr'>Atticam</span> <span class='ocrx_word' id='word_1_416' title='bbox 2391 2704 2725 2766; x_wconf 81' lang='lat' dir='ltr'>induxerat,</span> <span class='ocrx_word' id='word_1_417' title='bbox 2747 2709 2806 2758; x_wconf 92' lang='lat' dir='ltr'>et</span> <span class='ocrx_word' id='word_1_418' title='bbox 2830 2704 3257 2774; x_wconf 89' lang='lat' dir='ltr'>opportuniora</span> <span class='ocrx_word' id='word_1_419' title='bbox 3283 2703 3578 2772; x_wconf 90' lang='lat' dir='ltr'>loca,cum</span> <span class='ocrx_word' id='word_1_420' title='bbox 3601 2703 3780 2758; x_wconf 90' lang='lat' dir='ltr'>istius</span> 
     </span>
    </p>
   </div>
   <div class='ocr_carea' id='block_1_61' title="bbox 2109 2792 3780 2868">
    <p class='ocr_par' dir='ltr' id='par_1_61' title="bbox 2109 2792 3780 2868">
     <span class='ocr_line' id='line_1_61' title="bbox 2109 2792 3780 2868; baseline -0.001 -18"><span class='ocrx_word' id='word_1_421' title='bbox 2109 2795 2370 2868; x_wconf 82' lang='lat' dir='ltr'>regionis</span> <span class='ocrx_word' id='word_1_422' title='bbox 2401 2799 2559 2850; x_wconf 89' lang='lat' dir='ltr'>esset</span> <span class='ocrx_word' id='word_1_423' title='bbox 2589 2794 2838 2865; x_wconf 89' lang='lat' dir='ltr'>peritus,</span> <span class='ocrx_word' id='word_1_424' title='bbox 2872 2795 3508 2864; x_wconf 83' lang='lat' dir='ltr'>praeoccupaverat.Ac</span> <span class='ocrx_word' id='word_1_425' title='bbox 3530 2792 3780 2848; x_wconf 88' lang='lat' dir='ltr'>difﬁcile</span> 
     </span>
    </p>
   </div>
   <div class='ocr_carea' id='block_1_62' title="bbox 2111 2881 3781 2957">
    <p class='ocr_par' dir='ltr' id='par_1_62' title="bbox 2111 2881 3781 2957">
     <span class='ocr_line' id='line_1_62' title="bbox 2111 2881 3781 2957; baseline -0.002 -17"><span class='ocrx_word' id='word_1_426' title='bbox 2111 2885 2354 2957; x_wconf 89' lang='lat' dir='ltr'>quidem</span> <span class='ocrx_word' id='word_1_427' title='bbox 2386 2883 2709 2939; x_wconf 89' lang='lat' dir='ltr'>eratlatere</span> <span class='ocrx_word' id='word_1_428' title='bbox 2738 2882 3012 2954; x_wconf 83' lang='lat' dir='ltr'>Hippiam</span> <span class='ocrx_word' id='word_1_429' title='bbox 3039 2898 3052 2936; x_wconf 90' lang='lat'><strong><em>:</em></strong></span> <span class='ocrx_word' id='word_1_430' title='bbox 3078 2882 3236 2937; x_wconf 92' lang='lat' dir='ltr'>unde</span> <span class='ocrx_word' id='word_1_431' title='bbox 3251 2884 3465 2937; x_wconf 90' lang='lat' dir='ltr'>merito</span> <span class='ocrx_word' id='word_1_432' title='bbox 3485 2881 3781 2937; x_wconf 80' lang='lat' dir='ltr'>Miltiades</span> 
     </span>
    </p>
   </div>
   <div class='ocr_carea' id='block_1_63' title="bbox 2111 2973 3780 3045">
    <p class='ocr_par' dir='ltr' id='par_1_63' title="bbox 2111 2973 3780 3045">
     <span class='ocr_line' id='line_1_63' title="bbox 2111 2973 3780 3045; baseline -0.002 -15"><span class='ocrx_word' id='word_1_433' title='bbox 2111 2981 2170 3030; x_wconf 92' lang='lat' dir='ltr'>et</span> <span class='ocrx_word' id='word_1_434' title='bbox 2197 2975 2345 3030; x_wconf 88' lang='lat' dir='ltr'>locis</span> <span class='ocrx_word' id='word_1_435' title='bbox 2380 2974 2554 3029; x_wconf 86' lang='lat' dir='ltr'>inviis</span> <span class='ocrx_word' id='word_1_436' title='bbox 2585 2990 2750 3041; x_wconf 90' lang='lat' dir='ltr'>usus,</span> <span class='ocrx_word' id='word_1_437' title='bbox 2771 2980 2831 3027; x_wconf 91' lang='lat' dir='ltr'>et</span> <span class='ocrx_word' id='word_1_438' title='bbox 2859 2978 3034 3028; x_wconf 91' lang='lat' dir='ltr'>nocte</span> <span class='ocrx_word' id='word_1_439' title='bbox 3064 2989 3377 3045; x_wconf 78' lang='lat' dir='ltr'>aggressus</span> <span class='ocrx_word' id='word_1_440' title='bbox 3409 2973 3780 3043; x_wconf 86' lang='lat' dir='ltr'>Persas,qui-</span> 
     </span>
    </p>
   </div>
   <div class='ocr_carea' id='block_1_64' title="bbox 2109 3061 3784 3136">
    <p class='ocr_par' dir='ltr' id='par_1_64' title="bbox 2109 3061 3784 3136">
     <span class='ocr_line' id='line_1_64' title="bbox 2109 3061 3784 3136; baseline -0.003 -16"><span class='ocrx_word' id='word_1_441' title='bbox 2109 3065 2220 3120; x_wconf 92' lang='lat' dir='ltr'>bus</span> <span class='ocrx_word' id='word_1_442' title='bbox 2252 3070 2505 3136; x_wconf 71' lang='lat' dir='ltr'>prmerat</span> <span class='ocrx_word' id='word_1_443' title='bbox 2533 3063 2716 3131; x_wconf 89' lang='lat' dir='ltr'>Datis,</span> <span class='ocrx_word' id='word_1_444' title='bbox 2777 3078 2912 3118; x_wconf 91' lang='lat' dir='ltr'>cum</span> <span class='ocrx_word' id='word_1_445' title='bbox 2969 3062 3094 3118; x_wconf 89' lang='lat' dir='ltr'>suis</span> <span class='ocrx_word' id='word_1_446' title='bbox 3153 3061 3447 3117; x_wconf 87' lang='lat' dir='ltr'>militibus</span> <span class='ocrx_word' id='word_1_447' title='bbox 3508 3062 3784 3134; x_wconf 88' lang='lat' dir='ltr'>superior</span> 
     </span>
    </p>
   </div>
   <div class='ocr_carea' id='block_1_65' title="bbox 2114 3152 3784 3224">
    <p class='ocr_par' dir='ltr' id='par_1_65' title="bbox 2114 3152 3784 3224">
     <span class='ocr_line' id='line_1_65' title="bbox 2114 3152 3784 3224; baseline -0.002 -14"><span class='ocrx_word' id='word_1_448' title='bbox 2114 3155 2315 3210; x_wconf 91' lang='lat' dir='ltr'>evasit.</span> <span class='ocrx_word' id='word_1_449' title='bbox 2368 3153 2706 3219; x_wconf 86' lang='lat' dir='ltr'>Quinetiam</span> <span class='ocrx_word' id='word_1_450' title='bbox 2763 3152 3151 3224; x_wconf 88' lang='lat' dir='ltr'>Thrasybulo,</span> <span class='ocrx_word' id='word_1_451' title='bbox 3217 3170 3352 3208; x_wconf 89' lang='lat' dir='ltr'>cum</span> <span class='ocrx_word' id='word_1_452' title='bbox 3407 3153 3643 3207; x_wconf 85' lang='lat' dir='ltr'>exsules</span> <span class='ocrx_word' id='word_1_453' title='bbox 3713 3168 3784 3206; x_wconf 84' lang='lat' dir='ltr'>ex</span> 
     </span>
    </p>
   </div>
   <div class='ocr_carea' id='block_1_66' title="bbox 336 3221 2008 3322">
    <p class='ocr_par' dir='ltr' id='par_1_66' title="bbox 336 3221 1997 3322">
     <span class='ocr_line' id='line_1_66' title="bbox 336 3221 1997 3322; baseline 0.004 -28"><span class='ocrx_word' id='word_1_454' title='bbox 336 3243 568 3317; x_wconf 79' lang='grc' dir='ltr'>κράτορι</span> <span class='ocrx_word' id='word_1_455' title='bbox 621 3246 759 3314; x_wconf 90' lang='grc' dir='ltr'>Θεῷ,</span> <span class='ocrx_word' id='word_1_456' title='bbox 818 3245 1178 3320; x_wconf 83' lang='grc' dir='ltr'>προηγεῖσθαι</span> <span class='ocrx_word' id='word_1_457' title='bbox 1232 3221 1460 3316; x_wconf 78' lang='grc' dir='ltr'>ποιῆσαι</span> <span class='ocrx_word' id='word_1_458' title='bbox 1527 3251 1644 3309; x_wconf 84' lang='grc' dir='ltr'>τοῖς</span> <span class='ocrx_word' id='word_1_459' title='bbox 1708 3221 1997 3322; x_wconf 69' lang='grc' dir='ltr'>”Εϐραίοις</span> 
     </span>
    </p>
   </div>
   <div class='ocr_carea' id='block_1_67' title="bbox 2119 3221 3780 3322">
    <p class='ocr_par' dir='ltr' id='par_1_67' title="bbox 2119 3221 3780 3314">
     <span class='ocr_line' id='line_1_67' title="bbox 2119 3221 3780 3314; baseline -0.002 -16"><span class='ocrx_word' id='word_1_460' title='bbox 2119 3243 2302 3314; x_wconf 87' lang='lat' dir='ltr'>Phyla</span> <span class='ocrx_word' id='word_1_461' title='bbox 2330 3242 2645 3309; x_wconf 89' lang='lat' dir='ltr'>reducens,</span> <span class='ocrx_word' id='word_1_462' title='bbox 2671 3241 2855 3297; x_wconf 90' lang='lat' dir='ltr'>latere</span> <span class='ocrx_word' id='word_1_463' title='bbox 2888 3221 3310 3312; x_wconf 80' lang='lat' dir='ltr'>cupiebat,dux</span> <span class='ocrx_word' id='word_1_464' title='bbox 3338 3241 3452 3296; x_wconf 90' lang='lat' dir='ltr'>fuit</span> <span class='ocrx_word' id='word_1_465' title='bbox 3478 3241 3780 3307; x_wconf 90' lang='lat' dir='ltr'>columna,</span> 
     </span>
    </p>
   </div>
   <div class='ocr_carea' id='block_1_68' title="bbox 333 3329 2004 3410">
    <p class='ocr_par' dir='ltr' id='par_1_68' title="bbox 333 3329 2004 3410">
     <span class='ocr_line' id='line_1_68' title="bbox 333 3329 2004 3410; baseline 0.004 -25"><span class='ocrx_word' id='word_1_466' title='bbox 333 3329 555 3406; x_wconf 77' lang='grc' dir='ltr'>νύκτωρ</span> <span class='ocrx_word' id='word_1_467' title='bbox 586 3331 785 3387; x_wconf 88' lang='grc' dir='ltr'>στυλον</span> <span class='ocrx_word' id='word_1_468' title='bbox 816 3332 1008 3408; x_wconf 82' lang='grc' dir='ltr'>πυρὸς,</span> <span class='ocrx_word' id='word_1_469' title='bbox 1037 3333 1129 3388; x_wconf 83' lang='grc' dir='ltr'>τὸν</span> <span class='ocrx_word' id='word_1_470' title='bbox 1182 3335 1269 3389; x_wconf 86' lang='grc' dir='ltr'>καὶ</span> <span class='ocrx_word' id='word_1_471' title='bbox 1328 3337 1785 3410; x_wconf 84' lang='grc' dir='ltr'>καθηγησάμενον</span> <span class='ocrx_word' id='word_1_472' title='bbox 1819 3334 2004 3400; x_wconf 76' lang='grc' dir='ltr'>αὐτοῖς</span> 
     </span>
    </p>
   </div>
   <div class='ocr_carea' id='block_1_69' title="bbox 333 3417 1572 3499">
    <p class='ocr_par' dir='ltr' id='par_1_69' title="bbox 333 3417 1572 3499">
     <span class='ocr_line' id='line_1_69' title="bbox 333 3417 1572 3499; baseline 0.003 -25"><span class='ocrx_word' id='word_1_473' title='bbox 333 3422 442 3485; x_wconf 79' lang='grc' dir='ltr'>τῆς</span> <span class='ocrx_word' id='word_1_474' title='bbox 471 3417 623 3476; x_wconf 82' lang='grc' dir='ltr'>ὁδοῦ.</span> <span class='ocrx_word' id='word_1_475' title='bbox 659 3421 879 3498; x_wconf 75' lang='grc' dir='ltr'>Λέγεται</span> <span class='ocrx_word' id='word_1_476' title='bbox 903 3419 959 3477; x_wconf 73' lang='grc' dir='ltr'>δὲ</span> <span class='ocrx_word' id='word_1_477' title='bbox 978 3421 1067 3478; x_wconf 88' lang='grc' dir='ltr'>καὶ</span> <span class='ocrx_word' id='word_1_478' title='bbox 1091 3422 1141 3476; x_wconf 79' lang='grc' dir='ltr'>ἰν</span> <span class='ocrx_word' id='word_1_479' title='bbox 1171 3428 1416 3499; x_wconf 81' lang='grc' dir='ltr'>χρησμῷ</span> <span class='ocrx_word' id='word_1_480' title='bbox 1445 3444 1572 3479; x_wconf 88' lang='grc' dir='ltr'>τινι·</span> 
     </span>
    </p>
   </div>
   <div class='ocr_carea' id='block_1_70' title="bbox 2114 3330 3789 3406">
    <p class='ocr_par' dir='ltr' id='par_1_70' title="bbox 2114 3330 3789 3406">
     <span class='ocr_line' id='line_1_70' title="bbox 2114 3330 3789 3406; baseline -0.002 -18"><span class='ocrx_word' id='word_1_481' title='bbox 2114 3350 2222 3406; x_wconf 87' lang='lat' dir='ltr'>per</span> <span class='ocrx_word' id='word_1_482' title='bbox 2251 3333 2380 3387; x_wconf 91' lang='lat' dir='ltr'>loca</span> <span class='ocrx_word' id='word_1_483' title='bbox 2406 3348 2528 3386; x_wconf 91' lang='lat' dir='ltr'>non</span> <span class='ocrx_word' id='word_1_484' title='bbox 2550 3330 2687 3385; x_wconf 90' lang='lat' dir='ltr'>trita</span> <span class='ocrx_word' id='word_1_485' title='bbox 2709 3331 3066 3403; x_wconf 79' lang='lat' dir='ltr'>ingredienti</span> <span class='ocrx_word' id='word_1_486' title='bbox 3090 3335 3179 3397; x_wconf 89' lang='lat' dir='ltr'>;et</span> <span class='ocrx_word' id='word_1_487' title='bbox 3209 3337 3388 3385; x_wconf 92' lang='lat' dir='ltr'>noctu</span> <span class='ocrx_word' id='word_1_488' title='bbox 3413 3345 3538 3386; x_wconf 91' lang='lat' dir='ltr'>cum</span> <span class='ocrx_word' id='word_1_489' title='bbox 3559 3347 3668 3386; x_wconf 92' lang='lat' dir='ltr'>nec</span> <span class='ocrx_word' id='word_1_490' title='bbox 3693 3330 3789 3385; x_wconf 91' lang='lat' dir='ltr'>lu-</span> 
     </span>
    </p>
   </div>
   <div class='ocr_carea' id='block_1_71' title="bbox 2117 3419 3789 3491">
    <p class='ocr_par' dir='ltr' id='par_1_71' title="bbox 2117 3419 3789 3491">
     <span class='ocr_line' id='line_1_71' title="bbox 2117 3419 3789 3491; baseline -0.004 -13"><span class='ocrx_word' id='word_1_491' title='bbox 2117 3427 2277 3478; x_wconf 89' lang='lat' dir='ltr'>ceret</span> <span class='ocrx_word' id='word_1_492' title='bbox 2305 3421 2470 3487; x_wconf 89' lang='lat' dir='ltr'>luna,</span> <span class='ocrx_word' id='word_1_493' title='bbox 2503 3419 2944 3490; x_wconf 88' lang='lat' dir='ltr'>hibernumque</span> <span class='ocrx_word' id='word_1_494' title='bbox 2975 3419 3190 3474; x_wconf 75' lang='lat' dir='ltr'>cmlum</span> <span class='ocrx_word' id='word_1_495' title='bbox 3223 3425 3379 3474; x_wconf 86' lang='lat' dir='ltr'>esset</span> <span class='ocrx_word' id='word_1_496' title='bbox 3409 3425 3468 3474; x_wconf 91' lang='lat' dir='ltr'>et</span> <span class='ocrx_word' id='word_1_497' title='bbox 3501 3419 3789 3491; x_wconf 89' lang='lat' dir='ltr'>caligino-</span> 
     </span>
    </p>
   </div>
   <div class='ocr_carea' id='block_1_72' title="bbox 332 3507 3795 3586">
    <p class='ocr_par' dir='ltr' id='par_1_72' title="bbox 332 3507 3795 3586">
     <span class='ocr_line' id='line_1_72' title="bbox 332 3507 3795 3586; baseline -0.001 -20"><span class='ocrx_word' id='word_1_498' title='bbox 332 3527 495 3577; x_wconf 84' lang='lat' dir='ltr'>sum,</span> <span class='ocrx_word' id='word_1_499' title='bbox 527 3511 852 3584; x_wconf 86' lang='lat' dir='ltr'>apparebat</span> <span class='ocrx_word' id='word_1_500' title='bbox 879 3513 1034 3586; x_wconf 83' lang='lat' dir='ltr'>ignis</span> <span class='ocrx_word' id='word_1_501' title='bbox 1050 3514 1414 3586; x_wconf 70' lang='lat' dir='ltr'>prtecedens,</span> <span class='ocrx_word' id='word_1_502' title='bbox 1445 3515 1545 3586; x_wconf 92' lang='lat' dir='ltr'>qui</span> <span class='ocrx_word' id='word_1_503' title='bbox 1574 3531 1708 3570; x_wconf 92' lang='lat' dir='ltr'>cum</span> <span class='ocrx_word' id='word_1_504' title='bbox 1742 3532 1844 3571; x_wconf 89' lang='lat' dir='ltr'>eos</span> <span class='ocrx_word' id='word_1_505' title='bbox 1878 3519 2035 3571; x_wconf 91' lang='lat' dir='ltr'>tutos</span> <span class='ocrx_word' id='word_1_506' title='bbox 2067 3511 2433 3578; x_wconf 83' lang='lat' dir='ltr'>deduxisset,</span> <span class='ocrx_word' id='word_1_507' title='bbox 2465 3525 2650 3581; x_wconf 91' lang='lat' dir='ltr'>prope</span> <span class='ocrx_word' id='word_1_508' title='bbox 2682 3508 3058 3580; x_wconf 83' lang='lat' dir='ltr'>Munychiam</span> <span class='ocrx_word' id='word_1_509' title='bbox 3093 3507 3331 3577; x_wconf 89' lang='lat' dir='ltr'>defecit,</span> <span class='ocrx_word' id='word_1_510' title='bbox 3354 3509 3461 3563; x_wconf 92' lang='lat' dir='ltr'>ubi</span> <span class='ocrx_word' id='word_1_511' title='bbox 3510 3525 3672 3563; x_wconf 89' lang='lat' dir='ltr'>nunc</span> <span class='ocrx_word' id='word_1_512' title='bbox 3704 3512 3795 3562; x_wconf 89' lang='lat' dir='ltr'>est</span> 
     </span>
    </p>
   </div>
   <div class='ocr_carea' id='block_1_73' title="bbox 333 3597 3794 3677">
    <p class='ocr_par' dir='ltr' id='par_1_73' title="bbox 333 3597 3794 3677">
     <span class='ocr_line' id='line_1_73' title="bbox 333 3597 3794 3677; baseline -0.001 -23"><span class='ocrx_word' id='word_1_513' title='bbox 333 3616 445 3656; x_wconf 82' lang='lat' dir='ltr'>ara</span> <span class='ocrx_word' id='word_1_514' title='bbox 477 3600 778 3656; x_wconf 62' lang='lat' dir='ltr'>Luciferae.</span> <span class='ocrx_word' id='word_1_515' title='bbox 813 3602 916 3657; x_wconf 87' lang='lat' dir='ltr'>Vel</span> <span class='ocrx_word' id='word_1_516' title='bbox 948 3619 1018 3657; x_wconf 81' lang='lat' dir='ltr'>ex</span> <span class='ocrx_word' id='word_1_517' title='bbox 1048 3603 1161 3659; x_wconf 90' lang='lat' dir='ltr'>hoc</span> <span class='ocrx_word' id='word_1_518' title='bbox 1183 3620 1319 3677; x_wconf 85' lang='lat' dir='ltr'>ergo</span> <span class='ocrx_word' id='word_1_519' title='bbox 1348 3603 1498 3659; x_wconf 91' lang='lat' dir='ltr'>ﬁant</span> <span class='ocrx_word' id='word_1_520' title='bbox 1528 3610 1733 3660; x_wconf 88' lang='lat' dir='ltr'>nostra</span> <span class='ocrx_word' id='word_1_521' title='bbox 1767 3605 1988 3661; x_wconf 58' lang='lat' dir='ltr'>Graecis</span> <span class='ocrx_word' id='word_1_522' title='bbox 2018 3601 2349 3668; x_wconf 88' lang='lat' dir='ltr'>credibilia,</span> <span class='ocrx_word' id='word_1_523' title='bbox 2383 3614 2598 3669; x_wconf 90' lang='lat' dir='ltr'>nempe</span> <span class='ocrx_word' id='word_1_524' title='bbox 2631 3597 2792 3668; x_wconf 91' lang='lat' dir='ltr'>quod</span> <span class='ocrx_word' id='word_1_525' title='bbox 2823 3597 3018 3652; x_wconf 87' lang='lat' dir='ltr'>facere</span> <span class='ocrx_word' id='word_1_526' title='bbox 3051 3603 3246 3669; x_wconf 81' lang='lat' dir='ltr'>potest</span> <span class='ocrx_word' id='word_1_527' title='bbox 3307 3598 3462 3653; x_wconf 92' lang='lat' dir='ltr'>Deus</span> <span class='ocrx_word' id='word_1_528' title='bbox 3510 3598 3794 3668; x_wconf 91' lang='lat' dir='ltr'>omnipo-</span> 
     </span>
    </p>
   </div>
   <div class='ocr_carea' id='block_1_74' title="bbox 331 3686 3799 3767">
    <p class='ocr_par' dir='ltr' id='par_1_74' title="bbox 331 3686 3799 3767">
     <span class='ocr_line' id='line_1_74' title="bbox 331 3686 3799 3767; baseline -0.001 -24"><span class='ocrx_word' id='word_1_529' title='bbox 331 3696 494 3757; x_wconf 82' lang='lat' dir='ltr'>tens,</span> <span class='ocrx_word' id='word_1_530' title='bbox 523 3697 590 3744; x_wconf 90' lang='lat' dir='ltr'>ut</span> <span class='ocrx_word' id='word_1_531' title='bbox 620 3690 901 3748; x_wconf 88' lang='lat' dir='ltr'>columna</span> <span class='ocrx_word' id='word_1_532' title='bbox 931 3692 1083 3765; x_wconf 87' lang='lat' dir='ltr'>ignis</span> <span class='ocrx_word' id='word_1_533' title='bbox 1111 3693 1387 3750; x_wconf 60' lang='lat' dir='ltr'>Hebraeos</span> <span class='ocrx_word' id='word_1_534' title='bbox 1417 3699 1596 3751; x_wconf 89' lang='lat' dir='ltr'>noctu</span> <span class='ocrx_word' id='word_1_535' title='bbox 1627 3694 1946 3766; x_wconf 65' lang='lat' dir='ltr'>praecedat,</span> <span class='ocrx_word' id='word_1_536' title='bbox 1976 3710 2109 3767; x_wconf 73' lang='lat' dir='ltr'>quae</span> <span class='ocrx_word' id='word_1_537' title='bbox 2141 3692 2321 3748; x_wconf 90' lang='lat' dir='ltr'>etiam</span> <span class='ocrx_word' id='word_1_538' title='bbox 2348 3688 2468 3746; x_wconf 83' lang='lat' dir='ltr'>dux</span> <span class='ocrx_word' id='word_1_539' title='bbox 2497 3688 2574 3743; x_wconf 89' lang='lat' dir='ltr'>sit</span> <span class='ocrx_word' id='word_1_540' title='bbox 2603 3703 2810 3743; x_wconf 89' lang='lat' dir='ltr'>eorum</span> <span class='ocrx_word' id='word_1_541' title='bbox 2839 3687 3091 3743; x_wconf 90' lang='lat' dir='ltr'>itineris.</span> <span class='ocrx_word' id='word_1_542' title='bbox 3127 3689 3311 3742; x_wconf 87' lang='lat' dir='ltr'>Porro</span> <span class='ocrx_word' id='word_1_543' title='bbox 3343 3693 3549 3743; x_wconf 89' lang='lat' dir='ltr'>autem</span> <span class='ocrx_word' id='word_1_544' title='bbox 3581 3686 3799 3742; x_wconf 89' lang='lat' dir='ltr'>dicitur</span> 
     </span>
    </p>
   </div>
   <div class='ocr_carea' id='block_1_75' title="bbox 343 3778 1289 3854">
    <p class='ocr_par' dir='ltr' id='par_1_75' title="bbox 343 3778 1289 3854">
     <span class='ocr_line' id='line_1_75' title="bbox 343 3778 1289 3854; baseline 0.006 -21"><span class='ocrx_word' id='word_1_545' title='bbox 343 3778 534 3834; x_wconf 86' lang='lat' dir='ltr'>etiam</span> <span class='ocrx_word' id='word_1_546' title='bbox 566 3779 628 3835; x_wconf 93' lang='lat' dir='ltr'>in</span> <span class='ocrx_word' id='word_1_547' title='bbox 661 3781 923 3852; x_wconf 90' lang='lat' dir='ltr'>quodam</span> <span class='ocrx_word' id='word_1_548' title='bbox 952 3798 1240 3854; x_wconf 87' lang='lat' dir='ltr'>responso</span> <span class='ocrx_word' id='word_1_549' title='bbox 1276 3801 1289 3839; x_wconf 86' lang='lat'><strong>:</strong></span> 
     </span>
    </p>
   </div>
   <div class='ocr_carea' id='block_1_76' title="bbox 499 3881 1764 3966">
    <p class='ocr_par' dir='ltr' id='par_1_76' title="bbox 499 3881 1764 3966">
     <span class='ocr_line' id='line_1_76' title="bbox 499 3881 1764 3966; baseline 0.011 -27"><span class='ocrx_word' id='word_1_550' title='bbox 499 3885 716 3949; x_wconf 90' lang='grc' dir='ltr'>Στύλος</span> <span class='ocrx_word' id='word_1_551' title='bbox 749 3881 1038 3956; x_wconf 77' lang='grc' dir='ltr'>Θηϐαίοισι</span> <span class='ocrx_word' id='word_1_552' title='bbox 1078 3887 1386 3954; x_wconf 85' lang='grc' dir='ltr'>Διώνυσσος</span> <span class='ocrx_word' id='word_1_553' title='bbox 1409 3889 1764 3966; x_wconf 77' lang='grc' dir='ltr'>πολυγηθῆς,</span> 
     </span>
    </p>
   </div>
   <div class='ocr_carea' id='block_1_77' title="bbox 349 3989 2018 4075">
    <p class='ocr_par' dir='ltr' id='par_1_77' title="bbox 349 3989 2018 4075">
     <span class='ocr_line' id='line_1_77' title="bbox 349 3989 2018 4075; baseline 0.002 -27"><span class='ocrx_word' id='word_1_554' title='bbox 349 3991 414 4048; x_wconf 68' lang='grc' dir='ltr'>ἑκ</span> <span class='ocrx_word' id='word_1_555' title='bbox 439 3997 544 4059; x_wconf 79' lang='grc' dir='ltr'>τῆς</span> <span class='ocrx_word' id='word_1_556' title='bbox 574 3997 699 4068; x_wconf 87' lang='grc' dir='ltr'>παρ’</span> <span class='ocrx_word' id='word_1_557' title='bbox 725 3989 1004 4072; x_wconf 85' lang='grc' dir='ltr'>Ἑϐραίοις</span> <span class='ocrx_word' id='word_1_558' title='bbox 1033 3997 1296 4073; x_wconf 80' lang='grc' dir='ltr'>ἱστορίας.</span> <span class='ocrx_word' id='word_1_559' title='bbox 1357 3997 1537 4055; x_wconf 84' lang='grc' dir='ltr'>Ἀλλά</span> <span class='ocrx_word' id='word_1_560' title='bbox 1563 3998 1653 4054; x_wconf 81' lang='grc' dir='ltr'>καὶ</span> <span class='ocrx_word' id='word_1_561' title='bbox 1714 3995 2018 4075; x_wconf 78' lang='grc' dir='ltr'>Εὐριπίδης</span> 
     </span>
    </p>
   </div>
   <div class='ocr_carea' id='block_1_78' title="bbox 353 4083 914 4163">
    <p class='ocr_par' dir='ltr' id='par_1_78' title="bbox 353 4083 914 4163">
     <span class='ocr_line' id='line_1_78' title="bbox 353 4083 914 4163; baseline 0.002 -24"><span class='ocrx_word' id='word_1_562' title='bbox 353 4083 410 4139; x_wconf 77' lang='grc' dir='ltr'>ἐν</span> <span class='ocrx_word' id='word_1_563' title='bbox 436 4083 698 4160; x_wconf 76' lang='grc' dir='ltr'>Ἀντιόπῃ</span> <span class='ocrx_word' id='word_1_564' title='bbox 726 4086 914 4163; x_wconf 88' lang='grc' dir='ltr'>φησίν·</span> 
     </span>
    </p>
   </div>
   <div class='ocr_carea' id='block_1_79' title="bbox 468 4188 1455 4269">
    <p class='ocr_par' dir='ltr' id='par_1_79' title="bbox 468 4188 1455 4269">
     <span class='ocr_line' id='line_1_79' title="bbox 468 4188 1455 4269; baseline 0.002 -21"><span class='ocrx_word' id='word_1_565' title='bbox 468 4188 760 4269; x_wconf 76' lang='lat' dir='ltr'>..._&#39;_’Ev6_ov</span> <span class='ocrx_word' id='word_1_566' title='bbox 782 4189 842 4248; x_wconf 68' lang='grc' dir='ltr'>δὲ</span> <span class='ocrx_word' id='word_1_567' title='bbox 871 4191 1455 4269; x_wconf 32' lang='grc' dir='ltr'>θαλάμοις-βουκόλον</span> 
     </span>
    </p>
   </div>
   <div class='ocr_carea' id='block_1_80' title="bbox 538 4263 1660 4338">
    <p class='ocr_par' dir='ltr' id='par_1_80' title="bbox 538 4263 1660 4338">
     <span class='ocr_line' id='line_1_80' title="bbox 538 4263 1660 4338; baseline 0.004 -18"><span class='ocrx_word' id='word_1_568' title='bbox 538 4263 813 4337; x_wconf 83' lang='grc' dir='ltr'>Κομῶντα</span> <span class='ocrx_word' id='word_1_569' title='bbox 842 4263 1037 4338; x_wconf 75' lang='grc' dir='ltr'>κισσῷ,</span> <span class='ocrx_word' id='word_1_570' title='bbox 1068 4263 1265 4322; x_wconf 81' lang='grc' dir='ltr'>στύλον</span> <span class='ocrx_word' id='word_1_571' title='bbox 1316 4266 1482 4323; x_wconf 70' lang='grc' dir='ltr'>Εὐῒου</span> <span class='ocrx_word' id='word_1_572' title='bbox 1515 4267 1660 4324; x_wconf 84' lang='grc' dir='ltr'>θεοῦ.</span> 
     </span>
    </p>
   </div>
   <div class='ocr_carea' id='block_1_81' title="bbox 360 4370 2020 4445">
    <p class='ocr_par' dir='ltr' id='par_1_81' title="bbox 360 4370 2020 4445">
     <span class='ocr_line' id='line_1_81' title="bbox 360 4370 2020 4445; baseline -0.001 -18"><span class='ocrx_word' id='word_1_573' title='bbox 360 4370 721 4445; x_wconf 79' lang='grc' dir='ltr'>Σημαίνειδὲ</span> <span class='ocrx_word' id='word_1_574' title='bbox 776 4374 804 4429; x_wconf 86' lang='lat'>6</span> <span class='ocrx_word' id='word_1_575' title='bbox 864 4374 1064 4438; x_wconf 89' lang='grc' dir='ltr'>στύλος</span> <span class='ocrx_word' id='word_1_576' title='bbox 1119 4375 1180 4430; x_wconf 88' lang='grc' dir='ltr'>τὸ</span> <span class='ocrx_word' id='word_1_577' title='bbox 1207 4371 1571 4430; x_wconf 80' lang='grc' dir='ltr'>ἀνεικὸνιστον</span> <span class='ocrx_word' id='word_1_578' title='bbox 1601 4379 1698 4429; x_wconf 89' lang='grc' dir='ltr'>τοῦ</span> <span class='ocrx_word' id='word_1_579' title='bbox 1747 4377 1902 4430; x_wconf 86' lang='grc' dir='ltr'>Θεοῦ.</span> <span class='ocrx_word' id='word_1_580' title='bbox 1963 4374 2020 4426; x_wconf 89' lang='lat'><strong>&#39;0</strong></span> 
     </span>
    </p>
   </div>
   <div class='ocr_carea' id='block_1_82' title="bbox 362 4458 2022 4540">
    <p class='ocr_par' dir='ltr' id='par_1_82' title="bbox 362 4458 2022 4540">
     <span class='ocr_line' id='line_1_82' title="bbox 362 4458 2022 4540; baseline 0 -24"><span class='ocrx_word' id='word_1_581' title='bbox 362 4458 426 4516; x_wconf 71' lang='grc' dir='ltr'>δὲ</span> <span class='ocrx_word' id='word_1_582' title='bbox 457 4462 875 4536; x_wconf 73' lang='grc' dir='ltr'>πεφωτισμένος</span> <span class='ocrx_word' id='word_1_583' title='bbox 905 4462 1127 4535; x_wconf 87' lang='grc' dir='ltr'>στύλος,</span> <span class='ocrx_word' id='word_1_584' title='bbox 1160 4465 1299 4540; x_wconf 85' lang='grc' dir='ltr'>πρὸς</span> <span class='ocrx_word' id='word_1_585' title='bbox 1331 4469 1413 4538; x_wconf 86' lang='grc' dir='ltr'>τῷ</span> <span class='ocrx_word' id='word_1_586' title='bbox 1439 4465 1503 4520; x_wconf 89' lang='grc' dir='ltr'>τὸ</span> <span class='ocrx_word' id='word_1_587' title='bbox 1527 4463 1892 4520; x_wconf 85' lang='grc' dir='ltr'>ἀνεικόνιστον</span> <span class='ocrx_word' id='word_1_588' title='bbox 1923 4484 2022 4532; x_wconf 82' lang='grc' dir='ltr'>ση-</span> 
     </span>
    </p>
   </div>
   <div class='ocr_carea' id='block_1_83' title="bbox 365 4549 2020 4628">
    <p class='ocr_par' dir='ltr' id='par_1_83' title="bbox 365 4549 2020 4628">
     <span class='ocr_line' id='line_1_83' title="bbox 365 4549 2020 4628; baseline 0.001 -23"><span class='ocrx_word' id='word_1_589' title='bbox 365 4549 608 4623; x_wconf 86' lang='grc' dir='ltr'>μαίνειν,</span> <span class='ocrx_word' id='word_1_590' title='bbox 644 4549 809 4620; x_wconf 84' lang='grc' dir='ltr'>δῆλοι</span> <span class='ocrx_word' id='word_1_591' title='bbox 837 4553 900 4608; x_wconf 88' lang='grc' dir='ltr'>τὸ</span> <span class='ocrx_word' id='word_1_592' title='bbox 933 4554 1102 4618; x_wconf 70' lang='grc' dir='ltr'>δστὼς</span> <span class='ocrx_word' id='word_1_593' title='bbox 1131 4555 1222 4609; x_wconf 86' lang='grc' dir='ltr'>καὶ</span> <span class='ocrx_word' id='word_1_594' title='bbox 1257 4553 1491 4628; x_wconf 87' lang='grc' dir='ltr'>μόνιμον</span> <span class='ocrx_word' id='word_1_595' title='bbox 1519 4557 1618 4609; x_wconf 88' lang='grc' dir='ltr'>τοῦ</span> <span class='ocrx_word' id='word_1_596' title='bbox 1649 4556 1806 4623; x_wconf 84' lang='grc' dir='ltr'>Θεοῦ,</span> <span class='ocrx_word' id='word_1_597' title='bbox 1837 4553 1924 4607; x_wconf 84' lang='grc' dir='ltr'>καὶ</span> <span class='ocrx_word' id='word_1_598' title='bbox 1957 4551 2020 4608; x_wconf 84' lang='grc' dir='ltr'>τὸ</span> 
     </span>
    </p>
   </div>
   <div class='ocr_carea' id='block_1_84' title="bbox 365 4637 2019 4719">
    <p class='ocr_par' dir='ltr' id='par_1_84' title="bbox 365 4637 2019 4719">
     <span class='ocr_line' id='line_1_84' title="bbox 365 4637 2019 4719; baseline -0.001 -23"><span class='ocrx_word' id='word_1_599' title='bbox 365 4637 636 4712; x_wconf 78' lang='grc' dir='ltr'>ἄτρεπτον</span> <span class='ocrx_word' id='word_1_600' title='bbox 670 4642 837 4697; x_wconf 85' lang='grc' dir='ltr'>αὐτοῦ</span> <span class='ocrx_word' id='word_1_601' title='bbox 883 4647 1020 4719; x_wconf 82' lang='grc' dir='ltr'>φῶς,</span> <span class='ocrx_word' id='word_1_602' title='bbox 1074 4644 1164 4698; x_wconf 80' lang='grc' dir='ltr'>καὶ</span> <span class='ocrx_word' id='word_1_603' title='bbox 1209 4643 1645 4718; x_wconf 75' lang='grc' dir='ltr'>ἀσχημάτιστον.</span> <span class='ocrx_word' id='word_1_604' title='bbox 1702 4643 1835 4718; x_wconf 73' lang='grc' dir='ltr'>Πρὶν</span> <span class='ocrx_word' id='word_1_605' title='bbox 1892 4645 2019 4716; x_wconf 90' lang='grc' dir='ltr'>γοῦν</span> 
     </span>
    </p>
   </div>
   <div class='ocr_carea' id='block_1_85' title="bbox 359 4724 2024 4810">
    <p class='ocr_par' dir='ltr' id='par_1_85' title="bbox 359 4724 2024 4810">
     <span class='ocr_line' id='line_1_85' title="bbox 359 4724 2024 4810; baseline 0.002 -25"><span class='ocrx_word' id='word_1_606' title='bbox 359 4724 742 4805; x_wconf 83' lang='grc' dir='ltr'>ἀκριϐωθῆναι</span> <span class='ocrx_word' id='word_1_607' title='bbox 771 4731 867 4794; x_wconf 87' lang='grc' dir='ltr'>τάς</span> <span class='ocrx_word' id='word_1_608' title='bbox 889 4737 999 4788; x_wconf 83' lang='grc' dir='ltr'>τῶν</span> <span class='ocrx_word' id='word_1_609' title='bbox 1030 4731 1362 4810; x_wconf 80' lang='grc' dir='ltr'>ἀγαλμάτων</span> <span class='ocrx_word' id='word_1_610' title='bbox 1397 4732 1631 4810; x_wconf 73' lang='grc' dir='ltr'>σχέσεις,</span> <span class='ocrx_word' id='word_1_611' title='bbox 1681 4731 1869 4796; x_wconf 87' lang='grc' dir='ltr'>κίονας</span> <span class='ocrx_word' id='word_1_612' title='bbox 1910 4734 2024 4804; x_wconf 82' lang='grc'>(40)</span> 
     </span>
    </p>
   </div>
   <div class='ocr_carea' id='block_1_86' title="bbox 358 4813 2023 4900">
    <p class='ocr_par' dir='ltr' id='par_1_86' title="bbox 358 4813 2023 4900">
     <span class='ocr_line' id='line_1_86' title="bbox 358 4813 2023 4900; baseline 0.001 -27"><span class='ocrx_word' id='word_1_613' title='bbox 358 4818 609 4881; x_wconf 71' lang='grc' dir='ltr'>ἱστάντες</span> <span class='ocrx_word' id='word_1_614' title='bbox 644 4820 696 4874; x_wconf 74' lang='grc' dir='ltr'>οἳ</span> <span class='ocrx_word' id='word_1_615' title='bbox 726 4819 980 4892; x_wconf 81' lang='grc' dir='ltr'>παλαιοὶ,</span> <span class='ocrx_word' id='word_1_616' title='bbox 1016 4813 1200 4878; x_wconf 78' lang='grc' dir='ltr'>ἔσεϐον</span> <span class='ocrx_word' id='word_1_617' title='bbox 1259 4821 1487 4886; x_wconf 89' lang='grc' dir='ltr'>τούτους</span> <span class='ocrx_word' id='word_1_618' title='bbox 1540 4823 1614 4886; x_wconf 82' lang='grc' dir='ltr'>ὡς</span> <span class='ocrx_word' id='word_1_619' title='bbox 1671 4819 2023 4900; x_wconf 76' lang='grc' dir='ltr'>ἀφιδρύματα</span> 
     </span>
    </p>
   </div>
   <div class='ocr_carea' id='block_1_87' title="bbox 357 4909 1804 4988">
    <p class='ocr_par' dir='ltr' id='par_1_87' title="bbox 357 4909 1804 4988">
     <span class='ocr_line' id='line_1_87' title="bbox 357 4909 1804 4988; baseline 0.003 -26"><span class='ocrx_word' id='word_1_620' title='bbox 357 4909 459 4964; x_wconf 78' lang='grc' dir='ltr'>τοῦ</span> <span class='ocrx_word' id='word_1_621' title='bbox 491 4912 626 4973; x_wconf 85' lang='grc' dir='ltr'>Θεοῦ</span> <span class='ocrx_word' id='word_1_622' title='bbox 659 4911 856 4988; x_wconf 81' lang='grc' dir='ltr'>Γράφει</span> <span class='ocrx_word' id='word_1_623' title='bbox 882 4915 1010 4986; x_wconf 89' lang='grc' dir='ltr'>γοῦν</span> <span class='ocrx_word' id='word_1_624' title='bbox 1035 4912 1065 4966; x_wconf 90' lang='lat'>6</span> <span class='ocrx_word' id='word_1_625' title='bbox 1091 4913 1192 4980; x_wconf 75' lang='grc' dir='ltr'>τήν</span> <span class='ocrx_word' id='word_1_626' title='bbox 1226 4910 1517 4987; x_wconf 79' lang='grc' dir='ltr'>Φορωνίδα</span> <span class='ocrx_word' id='word_1_627' title='bbox 1546 4914 1804 4983; x_wconf 77' lang='grc' dir='ltr'>ποιήσας·</span> 
     </span>
    </p>
   </div>
   <div class='ocr_carea' id='block_1_88' title="bbox 2233 3884 3616 3952">
    <p class='ocr_par' dir='ltr' id='par_1_88' title="bbox 2233 3884 3616 3952">
     <span class='ocr_line' id='line_1_88' title="bbox 2233 3884 3616 3952; baseline -0.002 -10"><span class='ocrx_word' id='word_1_628' title='bbox 2233 3886 2574 3942; x_wconf 69' lang='lat' dir='ltr'>Exhilarans</span> <span class='ocrx_word' id='word_1_629' title='bbox 2605 3884 2853 3940; x_wconf 84' lang='lat' dir='ltr'>Bacchus</span> <span class='ocrx_word' id='word_1_630' title='bbox 2906 3885 3177 3939; x_wconf 83' lang='lat' dir='ltr'>Thebanis</span> <span class='ocrx_word' id='word_1_631' title='bbox 3203 3901 3312 3940; x_wconf 85' lang='lat' dir='ltr'>esse</span> <span class='ocrx_word' id='word_1_632' title='bbox 3339 3884 3616 3952; x_wconf 86' lang='lat' dir='ltr'>columna,</span> 
     </span>
    </p>
   </div>
   <div class='ocr_carea' id='block_1_89' title="bbox 2128 3990 3796 4062">
    <p class='ocr_par' dir='ltr' id='par_1_89' title="bbox 2128 3990 3796 4062">
     <span class='ocr_line' id='line_1_89' title="bbox 2128 3990 3796 4062; baseline -0.003 -11"><span class='ocrx_word' id='word_1_633' title='bbox 2128 3997 2277 4053; x_wconf 71' lang='lat'>15]</span> <span class='ocrx_word' id='word_1_634' title='bbox 2319 4011 2390 4049; x_wconf 82' lang='lat' dir='ltr'>ex</span> <span class='ocrx_word' id='word_1_635' title='bbox 2421 3994 2804 4048; x_wconf 71' lang='lat' dir='ltr'>Hebraeorum</span> <span class='ocrx_word' id='word_1_636' title='bbox 2836 3992 3109 4047; x_wconf 82' lang='lat' dir='ltr'>historia.</span> <span class='ocrx_word' id='word_1_637' title='bbox 3129 3993 3467 4057; x_wconf 88' lang='lat' dir='ltr'>Quinetiam</span> <span class='ocrx_word' id='word_1_638' title='bbox 3485 3990 3796 4062; x_wconf 90' lang='lat' dir='ltr'>Euripides</span> 
     </span>
    </p>
   </div>
   <div class='ocr_carea' id='block_1_90' title="bbox 2129 4084 2690 4151">
    <p class='ocr_par' dir='ltr' id='par_1_90' title="bbox 2129 4084 2690 4151">
     <span class='ocr_line' id='line_1_90' title="bbox 2129 4084 2690 4151; baseline -0.009 -12"><span class='ocrx_word' id='word_1_639' title='bbox 2129 4084 2274 4139; x_wconf 91' lang='lat' dir='ltr'>dicit</span> <span class='ocrx_word' id='word_1_640' title='bbox 2304 4085 2365 4137; x_wconf 91' lang='lat' dir='ltr'>in</span> <span class='ocrx_word' id='word_1_641' title='bbox 2399 4084 2642 4151; x_wconf 77' lang='lat' dir='ltr'>Antiopa</span> <span class='ocrx_word' id='word_1_642' title='bbox 2671 4097 2690 4134; x_wconf 88' lang='lat'><em>:</em></span> 
     </span>
    </p>
   </div>
   <div class='ocr_carea' id='block_1_91' title="bbox 2242 4186 3182 4244">
    <p class='ocr_par' dir='ltr' id='par_1_91' title="bbox 2242 4186 3182 4244">
     <span class='ocr_line' id='line_1_91' title="bbox 2242 4186 3182 4244; baseline 0.002 -5"><span class='ocrx_word' id='word_1_643' title='bbox 2358 4188 2660 4243; x_wconf 83' lang='lat' dir='ltr'>Bubulcum</span> <span class='ocrx_word' id='word_1_644' title='bbox 2692 4187 2781 4241; x_wconf 83' lang='lat' dir='ltr'>hic</span> <span class='ocrx_word' id='word_1_645' title='bbox 2822 4189 2880 4240; x_wconf 79' lang='lat' dir='ltr'>in</span> <span class='ocrx_word' id='word_1_646' title='bbox 2913 4186 3182 4241; x_wconf 83' lang='lat' dir='ltr'>cubilibus</span> 
     </span>
    </p>
   </div>
   <div class='ocr_carea' id='block_1_92' title="bbox 2237 4257 3466 4326">
    <p class='ocr_par' dir='ltr' id='par_1_92' title="bbox 2237 4257 3466 4326">
     <span class='ocr_line' id='line_1_92' title="bbox 2237 4257 3466 4326; baseline -0.004 -10"><span class='ocrx_word' id='word_1_647' title='bbox 2237 4261 2452 4315; x_wconf 77' lang='lat' dir='ltr'>Hedera</span> <span class='ocrx_word' id='word_1_648' title='bbox 2481 4265 2809 4326; x_wconf 82' lang='lat' dir='ltr'>comantem,</span> <span class='ocrx_word' id='word_1_649' title='bbox 2850 4257 3165 4312; x_wconf 84' lang='lat' dir='ltr'>columnam</span> <span class='ocrx_word' id='word_1_650' title='bbox 3195 4258 3322 4311; x_wconf 79' lang='lat' dir='ltr'>Evii</span> <span class='ocrx_word' id='word_1_651' title='bbox 3357 4258 3466 4311; x_wconf 77' lang='lat' dir='ltr'>dei.</span> 
     </span>
    </p>
   </div>
   <div class='ocr_carea' id='block_1_93' title="bbox 2132 4361 3794 4440">
    <p class='ocr_par' dir='ltr' id='par_1_93' title="bbox 2132 4361 3794 4440">
     <span class='ocr_line' id='line_1_93' title="bbox 2132 4361 3794 4440; baseline -0.004 -19"><span class='ocrx_word' id='word_1_652' title='bbox 2132 4366 2435 4440; x_wconf 87' lang='lat' dir='ltr'>Signiﬁcat</span> <span class='ocrx_word' id='word_1_653' title='bbox 2466 4369 2664 4419; x_wconf 87' lang='lat' dir='ltr'>autem</span> <span class='ocrx_word' id='word_1_654' title='bbox 2697 4362 2996 4430; x_wconf 90' lang='lat' dir='ltr'>columna,</span> <span class='ocrx_word' id='word_1_655' title='bbox 3049 4379 3168 4416; x_wconf 93' lang='lat' dir='ltr'>non</span> <span class='ocrx_word' id='word_1_656' title='bbox 3201 4379 3374 4433; x_wconf 90' lang='lat' dir='ltr'>posse</span> <span class='ocrx_word' id='word_1_657' title='bbox 3432 4362 3631 4435; x_wconf 91' lang='lat' dir='ltr'>efﬁngi</span> <span class='ocrx_word' id='word_1_658' title='bbox 3691 4361 3794 4418; x_wconf 92' lang='lat' dir='ltr'>Dei</span> 
     </span>
    </p>
   </div>
   <div class='ocr_carea' id='block_1_94' title="bbox 2132 4451 3795 4528">
    <p class='ocr_par' dir='ltr' id='par_1_94' title="bbox 2132 4451 3795 4528">
     <span class='ocr_line' id='line_1_94' title="bbox 2132 4451 3795 4528; baseline -0.003 -17"><span class='ocrx_word' id='word_1_659' title='bbox 2132 4456 2473 4528; x_wconf 79' lang='lat' dir='ltr'>imaginem.</span> <span class='ocrx_word' id='word_1_660' title='bbox 2508 4453 2850 4508; x_wconf 87' lang='lat' dir='ltr'>Illuminata</span> <span class='ocrx_word' id='word_1_661' title='bbox 2881 4457 3080 4508; x_wconf 89' lang='lat' dir='ltr'>autem</span> <span class='ocrx_word' id='word_1_662' title='bbox 3114 4452 3411 4518; x_wconf 85' lang='lat' dir='ltr'>columna,</span> <span class='ocrx_word' id='word_1_663' title='bbox 3434 4457 3650 4523; x_wconf 73' lang='lat' dir='ltr'>prmter</span> <span class='ocrx_word' id='word_1_664' title='bbox 3681 4451 3795 4506; x_wconf 84' lang='lat' dir='ltr'>hoc</span> 
     </span>
    </p>
   </div>
   <div class='ocr_carea' id='block_1_95' title="bbox 2132 4541 3800 4619">
    <p class='ocr_par' dir='ltr' id='par_1_95' title="bbox 2132 4541 3800 4619">
     <span class='ocr_line' id='line_1_95' title="bbox 2132 4541 3800 4619; baseline -0.005 -16"><span class='ocrx_word' id='word_1_665' title='bbox 2132 4546 2292 4619; x_wconf 89' lang='lat' dir='ltr'>quod</span> <span class='ocrx_word' id='word_1_666' title='bbox 2315 4545 2758 4618; x_wconf 89' lang='lat' dir='ltr'>signiﬁcat,non</span> <span class='ocrx_word' id='word_1_667' title='bbox 2775 4559 2948 4614; x_wconf 91' lang='lat' dir='ltr'>posse</span> <span class='ocrx_word' id='word_1_668' title='bbox 2966 4541 3165 4614; x_wconf 90' lang='lat' dir='ltr'>efﬁngi</span> <span class='ocrx_word' id='word_1_669' title='bbox 3185 4541 3636 4614; x_wconf 88' lang='lat' dir='ltr'>imaginem,Dei</span> <span class='ocrx_word' id='word_1_670' title='bbox 3658 4558 3800 4612; x_wconf 86' lang='lat' dir='ltr'>quo-</span> 
     </span>
    </p>
   </div>
   <div class='ocr_carea' id='block_1_96' title="bbox 2133 4631 3794 4708">
    <p class='ocr_par' dir='ltr' id='par_1_96' title="bbox 2133 4631 3794 4708">
     <span class='ocr_line' id='line_1_96' title="bbox 2133 4631 3794 4708; baseline -0.005 -16"><span class='ocrx_word' id='word_1_671' title='bbox 2133 4653 2247 4708; x_wconf 91' lang='lat' dir='ltr'>que</span> <span class='ocrx_word' id='word_1_672' title='bbox 2266 4634 2652 4690; x_wconf 89' lang='lat' dir='ltr'>stabilitatem</span> <span class='ocrx_word' id='word_1_673' title='bbox 2679 4632 2978 4704; x_wconf 88' lang='lat' dir='ltr'>signiﬁcat</span> <span class='ocrx_word' id='word_1_674' title='bbox 3008 4649 3074 4687; x_wconf 89' lang='lat' dir='ltr'>ac</span> <span class='ocrx_word' id='word_1_675' title='bbox 3106 4631 3479 4700; x_wconf 89' lang='lat' dir='ltr'>ﬁrmitatem,</span> <span class='ocrx_word' id='word_1_676' title='bbox 3505 4632 3794 4687; x_wconf 85' lang='lat' dir='ltr'>etimmu-</span> 
     </span>
    </p>
   </div>
   <div class='ocr_carea' id='block_1_97' title="bbox 2130 4720 3794 4794">
    <p class='ocr_par' dir='ltr' id='par_1_97' title="bbox 2130 4720 3794 4794">
     <span class='ocr_line' id='line_1_97' title="bbox 2130 4720 3794 4794; baseline -0.005 -13"><span class='ocrx_word' id='word_1_677' title='bbox 2130 4725 2378 4782; x_wconf 89' lang='lat' dir='ltr'>tabilem</span> <span class='ocrx_word' id='word_1_678' title='bbox 2409 4723 2538 4794; x_wconf 88' lang='lat' dir='ltr'>ejus</span> <span class='ocrx_word' id='word_1_679' title='bbox 2571 4721 2788 4788; x_wconf 90' lang='lat' dir='ltr'>lucem,</span> <span class='ocrx_word' id='word_1_680' title='bbox 2821 4738 3072 4792; x_wconf 69' lang='lat' dir='ltr'>qumque</span> <span class='ocrx_word' id='word_1_681' title='bbox 3124 4739 3245 4776; x_wconf 91' lang='lat' dir='ltr'>non</span> <span class='ocrx_word' id='word_1_682' title='bbox 3296 4725 3495 4793; x_wconf 90' lang='lat' dir='ltr'>potest</span> <span class='ocrx_word' id='word_1_683' title='bbox 3534 4720 3794 4793; x_wconf 89' lang='lat' dir='ltr'>ﬁgurari.</span> 
     </span>
    </p>
   </div>
   <div class='ocr_carea' id='block_1_98' title="bbox 2133 4809 3798 4885">
    <p class='ocr_par' dir='ltr' id='par_1_98' title="bbox 2133 4809 3798 4885">
     <span class='ocr_line' id='line_1_98' title="bbox 2133 4809 3798 4885; baseline -0.005 -13"><span class='ocrx_word' id='word_1_684' title='bbox 2133 4817 2304 4872; x_wconf 90' lang='lat' dir='ltr'>Prius</span> <span class='ocrx_word' id='word_1_685' title='bbox 2332 4815 2531 4885; x_wconf 89' lang='lat' dir='ltr'>itaque</span> <span class='ocrx_word' id='word_1_686' title='bbox 2565 4828 2747 4882; x_wconf 90' lang='lat' dir='ltr'>quam</span> <span class='ocrx_word' id='word_1_687' title='bbox 2793 4817 3028 4883; x_wconf 86' lang='lat' dir='ltr'>reperta</span> <span class='ocrx_word' id='word_1_688' title='bbox 3084 4818 3176 4867; x_wconf 89' lang='lat' dir='ltr'>est</span> <span class='ocrx_word' id='word_1_689' title='bbox 3205 4829 3300 4867; x_wconf 90' lang='lat' dir='ltr'>ars</span> <span class='ocrx_word' id='word_1_690' title='bbox 3328 4811 3518 4866; x_wconf 80' lang='lat' dir='ltr'>varias</span> <span class='ocrx_word' id='word_1_691' title='bbox 3550 4809 3798 4865; x_wconf 88' lang='lat' dir='ltr'>simula-</span> 
     </span>
    </p>
   </div>
   <div class='ocr_carea' id='block_1_99' title="bbox 2133 4897 3796 4973">
    <p class='ocr_par' dir='ltr' id='par_1_99' title="bbox 2133 4897 3796 4973">
     <span class='ocr_line' id='line_1_99' title="bbox 2133 4897 3796 4973; baseline -0.007 -11"><span class='ocrx_word' id='word_1_692' title='bbox 2133 4920 2371 4962; x_wconf 90' lang='lat' dir='ltr'>crorum</span> <span class='ocrx_word' id='word_1_693' title='bbox 2402 4903 2624 4956; x_wconf 90' lang='lat' dir='ltr'>formas</span> <span class='ocrx_word' id='word_1_694' title='bbox 2672 4899 3020 4973; x_wconf 88' lang='lat' dir='ltr'>efﬁngendi,</span> <span class='ocrx_word' id='word_1_695' title='bbox 3048 4908 3278 4956; x_wconf 88' lang='lat' dir='ltr'>veteres</span> <span class='ocrx_word' id='word_1_696' title='bbox 3309 4901 3622 4956; x_wconf 85' lang='lat' dir='ltr'>columnas</span> <span class='ocrx_word' id='word_1_697' title='bbox 3681 4897 3796 4952; x_wconf 89' lang='lat' dir='ltr'>eri-</span> 
     </span>
    </p>
   </div>
   <div class='ocr_carea' id='block_1_100' title="bbox 363 4990 3228 5073">
    <p class='ocr_par' dir='ltr' id='par_1_100' title="bbox 363 4990 3228 5073">
     <span class='ocr_line' id='line_1_100' title="bbox 363 4990 3228 5073; baseline -0.002 -20"><span class='ocrx_word' id='word_1_698' title='bbox 363 5005 598 5072; x_wconf 86' lang='lat' dir='ltr'>gentes,</span> <span class='ocrx_word' id='word_1_699' title='bbox 619 5015 720 5056; x_wconf 87' lang='lat' dir='ltr'>eas</span> <span class='ocrx_word' id='word_1_700' title='bbox 750 5002 1030 5057; x_wconf 89' lang='lat' dir='ltr'>colebant</span> <span class='ocrx_word' id='word_1_701' title='bbox 1059 5007 1344 5073; x_wconf 89' lang='lat' dir='ltr'>tanquam</span> <span class='ocrx_word' id='word_1_702' title='bbox 1375 5004 1475 5059; x_wconf 92' lang='lat' dir='ltr'>Dei</span> <span class='ocrx_word' id='word_1_703' title='bbox 1506 5008 1752 5059; x_wconf 89' lang='lat' dir='ltr'>statuas.</span> <span class='ocrx_word' id='word_1_704' title='bbox 1791 5007 1979 5072; x_wconf 84' lang='lat' dir='ltr'>Atque</span> <span class='ocrx_word' id='word_1_705' title='bbox 2022 4997 2243 5054; x_wconf 90' lang='lat' dir='ltr'>idcirco</span> <span class='ocrx_word' id='word_1_706' title='bbox 2275 4994 2360 5048; x_wconf 92' lang='lat' dir='ltr'>sic</span> <span class='ocrx_word' id='word_1_707' title='bbox 2389 4990 2600 5047; x_wconf 79' lang='lat' dir='ltr'>vcribit</span> <span class='ocrx_word' id='word_1_708' title='bbox 2618 4990 2954 5045; x_wconf 79' lang='lat' dir='ltr'>Phoronidis</span> <span class='ocrx_word' id='word_1_709' title='bbox 2985 4996 3228 5045; x_wconf 89' lang='lat' dir='ltr'>auctor:</span> 
     </span>
    </p>
   </div>
   <div class='ocr_carea' id='block_1_101' title="bbox 363 5101 1736 5203">
    <p class='ocr_par' dir='ltr' id='par_1_101' title="bbox 363 5101 1736 5203">
     <span class='ocr_line' id='line_1_101' title="bbox 363 5101 1736 5203; baseline 0.003 -46"><span class='ocrx_word' id='word_1_710' title='bbox 363 5101 653 5203; x_wconf 44' lang='grc' dir='ltr'>ἓξλλιθρζη</span> <span class='ocrx_word' id='word_1_711' title='bbox 681 5103 1014 5203; x_wconf 61' lang='grc' dir='ltr'>κλειδοῦχος</span> <span class='ocrx_word' id='word_1_712' title='bbox 1040 5105 1413 5203; x_wconf 64' lang='grc' dir='ltr'>’ρλυμπιάδος</span> <span class='ocrx_word' id='word_1_713' title='bbox 1438 5106 1736 5203; x_wconf 64' lang='grc' dir='ltr'>βασιλείης</span> 
     </span>
    </p>
   </div>
   <div class='ocr_carea' id='block_1_102' title="bbox 391 5177 1716 5254">
    <p class='ocr_par' dir='ltr' id='par_1_102' title="bbox 391 5177 1716 5254">
     <span class='ocr_line' id='line_1_102' title="bbox 391 5177 1716 5254; baseline 0.002 -22"><span class='ocrx_word' id='word_1_714' title='bbox 391 5181 549 5246; x_wconf 65' lang='lat' dir='ltr'>non;</span> <span class='ocrx_word' id='word_1_715' title='bbox 581 5177 858 5253; x_wconf 84' lang='grc' dir='ltr'>’Δργείης,</span> <span class='ocrx_word' id='word_1_716' title='bbox 891 5177 953 5251; x_wconf 54' lang='lat' dir='ltr'>ﬁ&#39;</span> <span class='ocrx_word' id='word_1_717' title='bbox 985 5177 1257 5254; x_wconf 71' lang='grc' dir='ltr'>στέμμασι</span> <span class='ocrx_word' id='word_1_718' title='bbox 1289 5181 1380 5236; x_wconf 84' lang='grc' dir='ltr'>καὶ</span> <span class='ocrx_word' id='word_1_719' title='bbox 1438 5177 1716 5234; x_wconf 82' lang='grc' dir='ltr'>θυσάνοισι</span> 
     </span>
    </p>
   </div>
   <div class='ocr_carea' id='block_1_103' title="bbox 441 5293 1722 5382">
    <p class='ocr_par' dir='ltr' id='par_1_103' title="bbox 441 5293 1722 5382">
     <span class='ocr_line' id='line_1_103' title="bbox 441 5293 1722 5382; baseline 0.005 -35"><span class='ocrx_word' id='word_1_720' title='bbox 441 5293 506 5382; x_wconf 47' lang='grc' dir='ltr'>’με</span> <span class='ocrx_word' id='word_1_721' title='bbox 535 5295 598 5348; x_wconf 90' lang='grc' dir='ltr'>Ρ.</span> <span class='ocrx_word' id='word_1_722' title='bbox 623 5297 725 5350; x_wconf 75' lang='grc'>448</span> <span class='ocrx_word' id='word_1_723' title='bbox 755 5297 868 5354; x_wconf 90' lang='lat' dir='ltr'>ED.</span> <span class='ocrx_word' id='word_1_724' title='bbox 900 5298 1194 5370; x_wconf 79' lang='lat' dir='ltr'>POTTER,</span> <span class='ocrx_word' id='word_1_725' title='bbox 1227 5299 1329 5354; x_wconf 85' lang='grc'>348</span> <span class='ocrx_word' id='word_1_726' title='bbox 1349 5299 1461 5352; x_wconf 90' lang='lat' dir='ltr'>ED.</span> <span class='ocrx_word' id='word_1_727' title='bbox 1492 5297 1722 5353; x_wconf 81' lang='lat' dir='ltr'>PARIS.</span> 
     </span>
    </p>
   </div>
   <div class='ocr_carea' id='block_1_104' title="bbox 445 5399 2026 5482">
    <p class='ocr_par' dir='ltr' id='par_1_104' title="bbox 445 5399 2026 5482">
     <span class='ocr_line' id='line_1_104' title="bbox 445 5399 2026 5482; baseline 0.002 -27"><span class='ocrx_word' id='word_1_728' title='bbox 582 5399 719 5482; x_wconf 70' lang='grc' dir='ltr'>’ᾼπὸ</span> <span class='ocrx_word' id='word_1_729' title='bbox 751 5402 967 5482; x_wconf 66' lang='grc' dir='ltr'>(ξυλῆς.</span> <span class='ocrx_word' id='word_1_730' title='bbox 991 5409 1082 5482; x_wconf 81' lang='lat' dir='ltr'>II_.,</span> <span class='ocrx_word' id='word_1_731' title='bbox 1113 5403 1220 5482; x_wconf 82' lang='grc' dir='ltr'>ἀπὸ</span> <span class='ocrx_word' id='word_1_732' title='bbox 1253 5403 1540 5482; x_wconf 67' lang='grc' dir='ltr'>φυλακῆς,</span> <span class='ocrx_word' id='word_1_733' title='bbox 1568 5427 1594 5458; x_wconf 76' lang='grc' dir='ltr'>ιι</span> <span class='ocrx_word' id='word_1_734' title='bbox 1615 5421 1648 5460; x_wconf 83' lang='lat' dir='ltr'>a</span> <span class='ocrx_word' id='word_1_735' title='bbox 1666 5401 2026 5482; x_wconf 21' lang='lat' dir='ltr'>custodian»</span> 
     </span>
    </p>
   </div>
   <div class='ocr_carea' id='block_1_105' title="bbox 373 5469 2034 5550">
    <p class='ocr_par' dir='ltr' id='par_1_105' title="bbox 373 5469 2034 5550">
     <span class='ocr_line' id='line_1_105' title="bbox 373 5469 2034 5550; baseline -0.002 -19"><span class='ocrx_word' id='word_1_736' title='bbox 373 5469 488 5528; x_wconf 81' lang='lat' dir='ltr'>Sed</span> <span class='ocrx_word' id='word_1_737' title='bbox 509 5469 726 5550; x_wconf 62' lang='grc' dir='ltr'>(ξυλήν,</span> <span class='ocrx_word' id='word_1_738' title='bbox 759 5469 996 5550; x_wconf 65' lang='lat' dir='ltr'>daanion</span> <span class='ocrx_word' id='word_1_739' title='bbox 1020 5469 1574 5550; x_wconf 77' lang='lat' dir='ltr'>Attiouni,agnoscit</span> <span class='ocrx_word' id='word_1_740' title='bbox 1603 5476 1781 5550; x_wconf 80' lang='lat' dir='ltr'>etiam</span> <span class='ocrx_word' id='word_1_741' title='bbox 1807 5473 2034 5550; x_wconf 57' lang='lat' dir='ltr'>{Eschi-</span> 
     </span>
    </p>
   </div>
   <div class='ocr_carea' id='block_1_106' title="bbox 372 5543 2030 5619">
    <p class='ocr_par' dir='ltr' id='par_1_106' title="bbox 372 5543 2030 5619">
     <span class='ocr_line' id='line_1_106' title="bbox 372 5543 2030 5619; baseline 0.005 -22"><span class='ocrx_word' id='word_1_742' title='bbox 372 5558 498 5619; x_wconf 68' lang='lat' dir='ltr'>nes</span> <span class='ocrx_word' id='word_1_743' title='bbox 511 5544 589 5599; x_wconf 87' lang='lat' dir='ltr'>De</span> <span class='ocrx_word' id='word_1_744' title='bbox 614 5543 762 5616; x_wconf 81' lang='lat' dir='ltr'>falsa</span> <span class='ocrx_word' id='word_1_745' title='bbox 793 5549 896 5619; x_wconf 80' lang='lat' dir='ltr'>leg.</span> <span class='ocrx_word' id='word_1_746' title='bbox 920 5565 1055 5605; x_wconf 89' lang='lat' dir='ltr'>cum</span> <span class='ocrx_word' id='word_1_747' title='bbox 1085 5549 1169 5605; x_wconf 89' lang='lat' dir='ltr'>ait</span> <span class='ocrx_word' id='word_1_748' title='bbox 1193 5567 1205 5603; x_wconf 88' lang='lat'><strong><em>:</em></strong></span> <span class='ocrx_word' id='word_1_749' title='bbox 1226 5616 1238 5619; x_wconf 28' lang='grc' dir='ltr'><strong>Α</strong></span> <span class='ocrx_word' id='word_1_750' title='bbox 1261 5543 1421 5605; x_wconf 70' lang='grc' dir='ltr'>’ὐεῖοι</span> <span class='ocrx_word' id='word_1_751' title='bbox 1482 5546 1658 5603; x_wconf 79' lang='grc' dir='ltr'>αὐτῶν</span> <span class='ocrx_word' id='word_1_752' title='bbox 1691 5543 1780 5619; x_wconf 67' lang='grc' dir='ltr'>ἐπὶ</span> <span class='ocrx_word' id='word_1_753' title='bbox 1836 5543 2030 5619; x_wconf 75' lang='grc' dir='ltr'>Φυλῆς</span> 
     </span>
    </p>
   </div>
   <div class='ocr_carea' id='block_1_107' title="bbox 374 5610 2034 5694">
    <p class='ocr_par' dir='ltr' id='par_1_107' title="bbox 374 5610 2034 5694">
     <span class='ocr_line' id='line_1_107' title="bbox 374 5610 2034 5694; baseline -0.002 -20"><span class='ocrx_word' id='word_1_754' title='bbox 374 5610 883 5694; x_wconf 60' lang='grc' dir='ltr'>ἰπολξερξιήθησαν,</span> <span class='ocrx_word' id='word_1_755' title='bbox 925 5620 1016 5675; x_wconf 76' lang='grc' dir='ltr'>ὅτε</span> <span class='ocrx_word' id='word_1_756' title='bbox 1072 5616 1715 5694; x_wconf 19' lang='grc' dir='ltr'>ΛακεδαιμόνιοικιιιὶάοίΖ</span> <span class='ocrx_word' id='word_1_757' title='bbox 1739 5610 2034 5694; x_wconf 66' lang='grc' dir='ltr'>τριάκοντα</span> 
     </span>
    </p>
   </div>
   <div class='ocr_carea' id='block_1_108' title="bbox 367 5679 2034 5764">
    <p class='ocr_par' dir='ltr' id='par_1_108' title="bbox 367 5679 2034 5764">
     <span class='ocr_line' id='line_1_108' title="bbox 367 5679 2034 5764; baseline 0.003 -25"><span class='ocrx_word' id='word_1_758' title='bbox 367 5679 716 5762; x_wconf 68' lang='grc' dir='ltr'>προσέϐαλον</span> <span class='ocrx_word' id='word_1_759' title='bbox 745 5679 891 5754; x_wconf 72' lang='grc' dir='ltr'>’τοῖς</span> <span class='ocrx_word' id='word_1_760' title='bbox 926 5679 1327 5748; x_wconf 68' lang='grc' dir='ltr'>καταΑαϐοῦσι’</span> <span class='ocrx_word' id='word_1_761' title='bbox 1359 5692 1577 5764; x_wconf 76' lang='grc' dir='ltr'>Φυλήν.</span> <span class='ocrx_word' id='word_1_762' title='bbox 1612 5689 1755 5747; x_wconf 83' lang='lat' dir='ltr'>Vide</span> <span class='ocrx_word' id='word_1_763' title='bbox 1776 5679 1867 5746; x_wconf 75' lang='grc' dir='ltr'>ὀι</span> <span class='ocrx_word' id='word_1_764' title='bbox 1904 5689 2034 5748; x_wconf 83' lang='lat' dir='ltr'>Ste-</span> 
     </span>
    </p>
   </div>
   <div class='ocr_carea' id='block_1_109' title="bbox 2059 5109 2106 5173">
    <p class='ocr_par' dir='ltr' id='par_1_109' title="bbox 2059 5109 2106 5173">
     <span class='ocr_line' id='line_1_109' title="bbox 2059 5109 2106 5173; baseline 0 0"><span class='ocrx_word' id='word_1_765' title='bbox 2059 5109 2106 5173; x_wconf 94' lang='lat' dir='ltr'>D</span> 
     </span>
    </p>
   </div>
   <div class='ocr_carea' id='block_1_110' title="bbox 2354 5097 3577 5221">
    <p class='ocr_par' dir='ltr' id='par_1_110' title="bbox 2354 5097 3577 5221">
     <span class='ocr_line' id='line_1_110' title="bbox 2354 5097 3577 5221; baseline -0.007 -66"><span class='ocrx_word' id='word_1_766' title='bbox 2354 5098 2628 5155; x_wconf 85' lang='lat' dir='ltr'>Callithoe</span> <span class='ocrx_word' id='word_1_767' title='bbox 2661 5097 2865 5152; x_wconf 79' lang='lat' dir='ltr'>clavem</span> <span class='ocrx_word' id='word_1_768' title='bbox 2897 5100 3102 5166; x_wconf 73' lang='lat' dir='ltr'>reginae</span> <span class='ocrx_word' id='word_1_769' title='bbox 3131 5103 3307 5168; x_wconf 81' lang='lat' dir='ltr'>gestat</span> <span class='ocrx_word' id='word_1_770' title='bbox 3337 5097 3577 5221; x_wconf 40' lang='lat' dir='ltr'>Olympi,</span> 
     </span>
     <span class='ocr_line' id='line_1_111' title="bbox 2354 5167 3571 5221; baseline 0 0"><span class='ocrx_word' id='word_1_771' title='bbox 2354 5174 2399 5221; x_wconf 84' lang='grc' dir='ltr'><em>Α</em></span> <span class='ocrx_word' id='word_1_772' title='bbox 2419 5186 2532 5221; x_wconf 83' lang='lat' dir='ltr'>aua</span> <span class='ocrx_word' id='word_1_773' title='bbox 2551 5171 2787 5221; x_wconf 73' lang='lat' dir='ltr'>lunonis</span> <span class='ocrx_word' id='word_1_774' title='bbox 2817 5175 2959 5221; x_wconf 83' lang='lat' dir='ltr'>serto</span> <span class='ocrx_word' id='word_1_775' title='bbox 2990 5169 3335 5221; x_wconf 80' lang='lat' dir='ltr'>nulchraaue</span> <span class='ocrx_word' id='word_1_776' title='bbox 3364 5183 3488 5221; x_wconf 89' lang='lat' dir='ltr'>coro</span> <span class='ocrx_word' id='word_1_777' title='bbox 3517 5167 3571 5221; x_wconf 85' lang='lat' dir='ltr'>la</span> 
     </span>
    </p>
   </div>
   <div class='ocr_carea' id='block_1_111' title="bbox 2353 5167 3571 5241">
    <p class='ocr_par' dir='ltr' id='par_1_111' title="bbox 2353 5167 3571 5241">
     <span class='ocr_line' id='line_1_112' title="bbox 2353 5167 3571 5241; baseline -0.005 -15"><span class='ocrx_word' id='word_1_778' title='bbox 2353 5174 2400 5226; x_wconf 85' lang='lat' dir='ltr'><strong><em>A</em></strong></span> <span class='ocrx_word' id='word_1_779' title='bbox 2419 5186 2532 5241; x_wconf 89' lang='lat' dir='ltr'>qua</span> <span class='ocrx_word' id='word_1_780' title='bbox 2551 5171 2787 5225; x_wconf 72' lang='lat' dir='ltr'>lunonis</span> <span class='ocrx_word' id='word_1_781' title='bbox 2817 5175 2959 5224; x_wconf 80' lang='lat' dir='ltr'>serto</span> <span class='ocrx_word' id='word_1_782' title='bbox 2982 5169 3335 5241; x_wconf 79' lang='lat' dir='ltr'>pulchraque</span> <span class='ocrx_word' id='word_1_783' title='bbox 3364 5167 3571 5222; x_wconf 85' lang='lat' dir='ltr'>corolla</span> 
     </span>
    </p>
   </div>
   <div class='ocr_carea' id='block_1_112' title="bbox 2140 5393 2945 5471">
    <p class='ocr_par' dir='ltr' id='par_1_112' title="bbox 2140 5393 2945 5471">
     <span class='ocr_line' id='line_1_113' title="bbox 2140 5393 2945 5471; baseline -0.01 -17"><span class='ocrx_word' id='word_1_784' title='bbox 2140 5395 2324 5471; x_wconf 90' lang='lat' dir='ltr'>phani</span> <span class='ocrx_word' id='word_1_785' title='bbox 2351 5393 2637 5471; x_wconf 66' lang='lat' dir='ltr'>_E_thnica_.</span> <span class='ocrx_word' id='word_1_786' title='bbox 2672 5393 2945 5471; x_wconf 80' lang='lat' dir='ltr'>SY_La_uac.</span> 
     </span>
    </p>
   </div>
   <div class='ocr_carea' id='block_1_113' title="bbox 2212 5460 3807 5595">
    <p class='ocr_par' dir='ltr' id='par_1_113' title="bbox 2212 5460 3807 5595">
     <span class='ocr_line' id='line_1_114' title="bbox 2212 5460 3807 5595; baseline -0.008 -71"><span class='ocrx_word' id='word_1_787' title='bbox 2212 5471 2322 5595; x_wconf 57' lang='grc' dir='ltr'>μθ)</span> <span class='ocrx_word' id='word_1_788' title='bbox 2351 5464 2574 5526; x_wconf 80' lang='grc' dir='ltr'>Κίονας.</span> <span class='ocrx_word' id='word_1_789' title='bbox 2600 5465 2767 5519; x_wconf 90' lang='lat' dir='ltr'>Conf.</span> <span class='ocrx_word' id='word_1_790' title='bbox 2801 5463 3090 5519; x_wconf 88' lang='lat' dir='ltr'>Eusebius</span> <span class='ocrx_word' id='word_1_791' title='bbox 3142 5460 3574 5531; x_wconf 65' lang='lat' dir='ltr'>Prwparalionis</span> <span class='ocrx_word' id='word_1_792' title='bbox 3639 5474 3807 5514; x_wconf 48' lang='lat' dir='ltr'>evan.-</span> 
     </span>
     <span class='ocr_line' id='line_1_115' title="bbox 2235 5531 3806 5595; baseline -0.005 0"><span class='ocrx_word' id='word_1_793' title='bbox 2235 5543 2332 5595; x_wconf 74' lang='lat' dir='ltr'>icaz</span> <span class='ocrx_word' id='word_1_794' title='bbox 2363 5538 2467 5594; x_wconf 89' lang='lat' dir='ltr'>lib.</span> <span class='ocrx_word' id='word_1_795' title='bbox 2505 5555 2543 5595; x_wconf 81' lang='grc' dir='ltr'>ι.</span> <span class='ocrx_word' id='word_1_796' title='bbox 2566 5553 2697 5595; x_wconf 83' lang='lat' dir='ltr'>can.</span> <span class='ocrx_word' id='word_1_797' title='bbox 2731 5539 2786 5595; x_wconf 82' lang='lat'>9.</span> <span class='ocrx_word' id='word_1_798' title='bbox 2815 5541 2874 5591; x_wconf 88' lang='lat' dir='ltr'>et</span> <span class='ocrx_word' id='word_1_799' title='bbox 2915 5533 3306 5595; x_wconf 67' lang='lat' dir='ltr'>Archa&#39;oloaia:</span> <span class='ocrx_word' id='word_1_800' title='bbox 3353 5535 3574 5586; x_wconf 62' lang='lat' dir='ltr'>nostrae</span> <span class='ocrx_word' id='word_1_801' title='bbox 3599 5531 3806 5588; x_wconf 61' lang='lat' dir='ltr'>Greca:</span> 
     </span>
    </p>
   </div>
   <div class='ocr_carea' id='block_1_114' title="bbox 2181 5531 3806 5609">
    <p class='ocr_par' dir='ltr' id='par_1_114' title="bbox 2181 5531 3806 5609">
     <span class='ocr_line' id='line_1_116' title="bbox 2181 5531 3806 5609; baseline -0.006 -13"><span class='ocrx_word' id='word_1_802' title='bbox 2181 5531 2332 5596; x_wconf 68' lang='lat' dir='ltr'>elicae</span> <span class='ocrx_word' id='word_1_803' title='bbox 2363 5538 2467 5594; x_wconf 90' lang='lat' dir='ltr'>lib.</span> <span class='ocrx_word' id='word_1_804' title='bbox 2505 5555 2543 5606; x_wconf 81' lang='grc' dir='ltr'>ι,</span> <span class='ocrx_word' id='word_1_805' title='bbox 2566 5553 2697 5609; x_wconf 89' lang='lat' dir='ltr'>cap.</span> <span class='ocrx_word' id='word_1_806' title='bbox 2731 5539 2786 5604; x_wconf 82' lang='lat'>9,</span> <span class='ocrx_word' id='word_1_807' title='bbox 2815 5541 2874 5591; x_wconf 88' lang='lat' dir='ltr'>et</span> <span class='ocrx_word' id='word_1_808' title='bbox 2915 5533 3306 5602; x_wconf 67' lang='lat' dir='ltr'>Archa&#39;ologia:</span> <span class='ocrx_word' id='word_1_809' title='bbox 3353 5535 3574 5586; x_wconf 62' lang='lat' dir='ltr'>nostrae</span> <span class='ocrx_word' id='word_1_810' title='bbox 3599 5531 3806 5588; x_wconf 61' lang='lat' dir='ltr'>Greca:</span> 
     </span>
    </p>
   </div>
   <div class='ocr_carea' id='block_1_115' title="bbox 2142 5559 2586 5684">
    <p class='ocr_par' dir='ltr' id='par_1_115' title="bbox 2142 5559 2586 5684">
     <span class='ocr_line' id='line_1_117' title="bbox 2181 5559 2586 5606; baseline -0.012 -10"><span class='ocrx_word' id='word_1_811' title='bbox 2181 5559 2332 5596; x_wconf 70' lang='lat' dir='ltr'>cuca:</span> <span class='ocrx_word' id='word_1_812' title='bbox 2363 5559 2467 5594; x_wconf 81' lang='lat' dir='ltr'>un.</span> <span class='ocrx_word' id='word_1_813' title='bbox 2505 5559 2543 5606; x_wconf 76' lang='lat'>1,</span> <span class='ocrx_word' id='word_1_814' title='bbox 2566 5559 2586 5592; x_wconf 85' lang='lat' dir='ltr'>c</span> 
     </span>
     <span class='ocr_line' id='line_1_118' title="bbox 2142 5559 2586 5684; baseline -0.016 -13"><span class='ocrx_word' id='word_1_815' title='bbox 2142 5559 2246 5670; x_wconf 58' lang='lat' dir='ltr'>fib.</span> <span class='ocrx_word' id='word_1_816' title='bbox 2272 5629 2334 5680; x_wconf 84' lang='grc' dir='ltr'>ιι,</span> <span class='ocrx_word' id='word_1_817' title='bbox 2369 5627 2497 5684; x_wconf 87' lang='lat' dir='ltr'>cap.</span> <span class='ocrx_word' id='word_1_818' title='bbox 2531 5611 2586 5665; x_wconf 78' lang='lat'>2.</span> 
     </span>
    </p>
   </div>
  </div>
