4120 6386
335 355 440 412 917

1685 357 2140 417 ΒΤΕΟΜΔΤΠΠ
2176 357 2309 412 LIB.
2354 357 2396 411 Ι.

3653 360 3766 414 918

344 482 570 556 ἀγαθὸς,
609 488 736 555 μιᾶς
763 485 864 552 τῆς
889 481 1114 559 ἀγέλης,
1149 507 1178 536 «
1207 488 1314 539 τῶν
1347 482 1515 540 αὐτοῦ
1543 483 1842 540 ἐπαϊόντων
1867 501 1992 559 προ·

2113 481 2375 556 gislator:
2409 489 2468 539 et
2487 483 2756 556 ejusdem
2789 485 3002 558 gregis,
3044 501 3262 557 nempe
3295 508 3322 535 ‹‹
3357 502 3582 554 earum,
3635 503 3765 558 quae

344 568 551 644 ϐάτων,
580 595 606 624 ιι
643 575 676 628 ἁ
707 575 782 636 εἷς
820 572 1103 647 κηδεμὼν,
1148 597 1179 630 ιε
1211 576 1240 630 6
1269 575 1331 630 τό
1378 573 1677 639 ἀπολωλὸς
1725 574 1998 646 ἐπιζητῶν

340 683 399 718 τε
448 687 476 715 ‹‹
507 662 597 718 καὶ
629 662 917 738 εύρίσκων,
969 664 1124 738 νόμῳ
1176 666 1262 719 καὶ
1316 662 1492 740 λόγῳ·
1535 663 1588 720 εἴ
1635 686 1698 740 γε
1758 666 1785 720 ὀ
1828 665 2001 738 νόμος

339 754 732 825 πνευματικὸς,
789 754 878 808 καὶ
939 752 1027 809 ἐπὶ
1083 754 1182 822 τήν
1217 751 1563 827 εὐδαιμονίαν
1598 755 1762 831 ἅγὼν·
1816 755 1844 808 6
1899 754 1999 829 γὰρ

343 840 616 916 Πνεύματι
649 841 786 916 ἁγίῳ
817 843 1132 918 γενόμενος,
1156 845 1540 917 πνευματικός.
1576 842 1747 907 Οὗτος
1781 841 1837 898 δέ
1868 843 1895 897 ὀ
1921 847 2002 916 τῷ

339 929 456 989 ὄντι
486 931 816 1004 νομοθέτης,
867 934 924 994 ὅς
973 931 1035 987 ού
1071 932 1234 1007 μόνον
1267 931 1662 1008 ἐπαγγέλλεται
1719 934 1787 988 τὰ
1831 933 2002 1008 ἀγαθά

336 1042 396 1077 τε
424 1022 514 1076 καὶ
548 1021 712 1091 καλὰ,
746 1021 894 1077 ἀλλά
933 1023 1024 1078 καὶ
1057 1022 1359 1079 ἐπίσταται.
1392 1023 1602 1080 Τούτου
1632 1023 1722 1077 καὶ
1753 1024 1782 1077 6
1805 1019 1995 1095 νόμος.

333 1112 435 1168 τοῦ
465 1114 566 1181 τήν
600 1111 792 1181 ἐπιστῆ
806 1134 914 1184 μην
946 1109 1193 1189 ἔχοντος,
1245 1114 1308 1168 τὸ
1339 1116 1616 1190 σωτήριον
1647 1114 1995 1190 πρόσταγμα·

2113 574 2306 646 ipsum
2325 574 2595 644 audiunt,
2615 575 2807 630 ovium
2828 577 2926 646 (a),
2951 597 2976 622 »
2993 592 3147 630 unus
3159 581 3249 630 est
3279 581 3535 645 curator,
3552 593 3766 648 nempe

2112 663 2182 728 is,
2205 664 2304 733 qui
2339 664 2679 735 «perditam
2705 670 2761 718 et
2801 665 3017 734 quaerit
3046 666 3156 735 (b)»
3189 670 3249 719 et
3277 665 3525 732 invenit,
3549 666 3678 738 lege
3711 673 3770 720 et

2110 753 2376 808 ratione:
2425 754 2720 825 siquidem
2775 753 2868 808 lex
2912 759 3001 808 est
3049 755 3356 826 spiritalis.
3411 761 3470 809 et
3511 773 3642 826 qua}
3693 755 3764 811 ab

2110 843 2301 914 ipsam
2321 842 2485 898 ducit
2501 843 2950 898 beatitudinem.
2978 846 3114 908 Quae
3139 845 3298 899 enim
3318 845 3541 915 Spiritu
3557 850 3762 900 sancto

2109 933 2264 988 facta
2293 939 2401 998 est,
2437 940 2527 988 est
2555 932 2857 1004 spiritalis.
2895 935 2948 988 Is
2970 939 3165 989 autem
3190 940 3280 988 est
3298 950 3502 990 revera
3523 934 3760 1006 legisla-

2111 1028 2224 1089 tor,
2258 1022 2358 1094 qui
2391 1039 2510 1077 non
2543 1023 2734 1077 solum
2767 1022 2923 1077 bona
2941 1028 2997 1077 et
3026 1023 3278 1078 honesta
3300 1024 3632 1095 proﬁtetur,
3657 1023 3762 1078 sed

2111 1113 2222 1168 scit
2251 1112 2449 1168 etiam.
2484 1114 2554 1166 Et
2590 1113 2684 1167 lex
2719 1117 2810 1167 est
2852 1114 3000 1184 ejus,
3048 1113 3149 1183 qui
3199 1113 3510 1168 scientiam
3560 1113 3758 1179 habet,

338 1201 558 1277 μᾶλλον
594 1199 653 1258 δὲ
683 1203 996 1276 ἰπιστήμης
1025 1204 1348 1280 πρόσταγμα
1369 1206 1397 1260 6
1418 1207 1609 1278 νόμος·
1647 1230 1674 1257 «
1708 1205 1945 1278 Δύναμις
1968 1228 1992 1256 ›ι

2106 1204 2338 1275 jussum
2371 1202 2667 1269 salutare;
2696 1201 2786 1256 vel
2817 1203 3034 1273 potius,
3068 1203 3162 1256 lex
3193 1209 3281 1257 est
3303 1203 3539 1274 jussum
3567 1203 3760 1257 scien-

331 1293 439 1368 γὰρ
473 1316 502 1344 ‹‹
535 1293 626 1347 καὶ
656 1292 820 1366 σοφία
857 1315 878 1343 ι
913 1299 942 1346 6
975 1292 1150 1369 Λόγος
1179 1318 1207 1345 ‹‹
1237 1297 1335 1348 τοῦ
1360 1297 1513 1350 Θεοῦ.
1551 1317 1578 1346 ››
1609 1293 1814 1366 Νόμων
1842 1315 1902 1349 τε
1932 1297 1998 1348 αὖ

329 1380 606 1458 ἐξηγητὴς
661 1382 820 1443 όῦτος
871 1381 1053 1450 αὐτὸς,
1104 1380 1174 1437 δι’
1205 1381 1267 1436 οὗ
1303 1384 1331 1438 6
1360 1385 1526 1456 νόμος
1567 1381 1751 1454 ἐδόθη·
1786 1385 1815 1438 6
1843 1387 1996 1458 πρῶ-

328 1491 428 1535 τος
456 1469 727 1545 ἐξηγητὴς
754 1475 862 1525 τῶν
897 1471 1058 1526 θείων
1099 1473 1562 1548 προσταγμάτων.
1596 1473 1624 1527 6
1660 1473 1753 1527 τὸν
1785 1471 1993 1527 κόλπον

333 1564 436 1615 τοῦ
468 1561 680 1635 Πατρὸς
717 1559 1102 1635 ἐξηγούμενος,
1136 1562 1262 1624 Υἱὸς
1312 1564 1636 1637 μονογενής.
1668 1563 1896 1618 Ἔπειτα
1943 1563 1995 1615 οἱ

330 1652 430 1724 μὶν
459 1649 780 1723 πειθόμενοι
810 1654 890 1722 τῷ
921 1649 1098 1722 νόμῳ,
1125 1655 1207 1724 τῷ
1236 1671 1295 1705 τε
1321 1655 1520 1725 γνῶσιν
1571 1647 1717 1727 ἔχειν
1744 1653 1866 1706 τινὰ
1894 1650 1992 1706 αὗ-

327 1744 452 1810 τοῦ,
485 1736 600 1795 οὔτ’
629 1739 898 1808 ἀπιστεῖν,
928 1736 1040 1794 οὔτ’
1068 1739 1282 1814 ἀγνοεῖν
1306 1737 1554 1796 δύνανται
1578 1743 1677 1810 τήν
1705 1739 1990 1812 ἀλήθειαν·

2108 1293 2224 1347 tias.
2259 1313 2284 1345 ιι
2302 1292 2573 1346 Potentia
2592 1313 2619 1340 ››
2647 1292 2805 1347 enim
2833 1312 2860 1341 ι(
2884 1292 3245 1362 etsapientia
3265 1314 3291 1339 »
3315 1298 3405 1347 est
3427 1291 3552 1363 ipse
3577 1292 3759 1364 Logos

2109 1405 2136 1433 ‹‹
2154 1381 2254 1437 Dei
2269 1384 2364 1453 (c).
2383 1400 2409 1432 ιι
2432 1381 2608 1436 Ethic
2623 1382 2748 1454 ipse
2767 1399 2976 1436 rursus
2995 1387 3085 1437 est
3101 1381 3296 1454 legum
3315 1382 3632 1453 interpres,
3654 1398 3760 1452 per

2103 1478 2370 1542 aequem
2399 1471 2493 1526 lex
2541 1471 2676 1526 data
2721 1477 2846 1537 est;
2898 1471 2998 1544 qui
3049 1477 3138 1526 est
3189 1472 3416 1542 primus
3455 1471 3758 1542 expositor

2105 1561 2441 1617 divinorum
2472 1566 2928 1634 praaceptorum.
2962 1561 3063 1632 qui
3095 1561 3294 1615 sinum
3325 1561 3515 1615 Patris
3566 1560 3759 1630 aperit

2104 1667 2171 1706 ac
2203 1651 2464 1722 exponit,
2497 1650 2678 1705 Filius
2701 1649 3061 1721 unigenitus.
3089 1649 3312 1704 Deinde
3345 1649 3444 1720 qui
3476 1648 3590 1721 legi
3621 1649 3754 1720 qui-

2103 1741 2238 1795 dem
2270 1745 2503 1812 parent,
2535 1739 2692 1810 quod
2725 1739 2984 1794 habeant
3013 1738 3274 1810 aliquam
3306 1739 3436 1810 ejus
3468 1738 3757 1810 cognitio-

330 1831 384 1914 οἱ
419 1826 478 1884 δὶ
523 1827 902 1897 ἀπιστοῦντες,
957 1825 1156 1896 ἤκιστά
1183 1849 1242 1883 τε
1271 1827 1326 1884 ἐν
1354 1835 1473 1891 τοῖς
1519 1826 1699 1905 ἔργοις
1731 1830 1862 1885 εἶναι
1901 1831 1992 1906 βε-

2106 1847 2263 1897 nem,
2292 1846 2486 1902 neque
2516 1835 2768 1900 possunt
2797 1846 2916 1884 non
2938 1828 3200 1896 credere,
3225 1845 3335 1883 nec
3361 1829 3635 1898 ignorare
3659 1844 3757 1881 ve-

336 1913 704 1991 ϐουλημὲνοι,
739 1915 889 1992 εἷ’περ
918 1917 1062 1979 τινὶς
1095 1917 1283 1989 ἄλλοι,
1313 1920 1400 1973 καὶ
1438 1916 1587 1973 οὗτοι
1620 1918 1830 1994 ἀγνοεῖν
1859 1921 1996 1993 ὁμο-

338 2005 631 2082 λογοῦνται
686 2008 786 2075 τὴν
845 2005 1124 2077 ἀλήθειαν.
1175 2009 1274 2070 Τίς
1317 2007 1497 2063 τοίνυν
1541 2012 1576 2078 ἡ
1609 2008 1831 2063 ἀπιστία
1886 2014 1992 2064 τῶν

337 2096 621 2167 Ἑλλήνων
655 2117 670 2164 ;
704 2098 796 2166 Μή
831 2119 907 2167 πη
967 2096 1231 2174 βούλεσθε
1265 2103 1375 2170 460)
1424 2099 1700 2162 πείθεσθαι
1751 2103 1820 2172 τῇ
1852 2097 1993 2168 ἀλη-

340 2185 476 2258 θείᾳ,
531 2185 818 2261 φασκούσῃ
879 2187 1061 2250 θεόθεν
1120 2184 1210 2242 διὰ
1265 2188 1544 2252 Μωϋσέως
1599 2185 1850 2253 δεδόσθαι
1904 2189 1994 2243 τὸν

330 2277 527 2350 νόμον,
561 2277 729 2331 ὁπότε
764 2297 826 2351 γε
852 2275 945 2331 καὶ
977 2275 1130 2332 αὐτοὶ
1176 2275 1236 2331 ἐκ
1264 2281 1374 2332 τῶν
1423 2277 1569 2348 παρᾶ
1599 2277 1745 2354 σφίσι
1791 2282 1994 2350 τιμῶσι

331 2367 515 2434 Mum“;
548 2369 660 2440 (61)
687 2385 701 2432 ;
730 2364 825 2420 τόν
855 2385 912 2420 τε
946 2365 1097 2422 Μίνω
1122 2366 1268 2440 παρά
1299 2366 1424 2428 Διὸς
1475 2363 1545 2421 δι’
1575 2365 1796 2421 ἐννάτου
1845 2365 1997 2430 ἔτους

327 2450 636 2528 λαμϐάνειν
667 2454 796 2517 τοὺς
828 2455 1036 2528 νόμους
1067 2455 1371 2530 ἱστοροῦσι,
1404 2461 1675 2533 φοιτῶντα
1706 2458 1784 2518 εἷς
1813 2457 1995 2512 τὸτοῦ

324 2546 457 2607 Διὸς
489 2543 703 2620 ἄντρον·
733 2544 830 2599 τόν
859 2565 917 2600 τε
946 2543 1012 2599 αὖ
1045 2549 1355 2621 Λυκοῦργον
1399 2546 1467 2600 τὰ
1519 2547 1866 2619 νομοθετικὰ,
1919 2546 1996 2609 εἷς

325 2633 586 2711 Δελφοὺς
615 2634 754 2710 πρὸς
779 2637 872 2689 τὸν
925 2633 1264 2692 Ἀπόλλωνα
1294 2635 1518 2712 συνεχὶς
1563 2634 1814 2700 ἀπιόντα,
1865 2652 1992 2690 παι-

325 2722 584 2787 δεύεσθαι
634 2723 909 2798 γράφουσι
941 2721 1172 2779 Πλάτων
1198 2745 1276 2793 τε,
1330 2727 1420 2779 καί
1462 2722 1871 2800 ’Δριστοτὲλης,
1903 2725 1993 2780 καὶ

320 2815 593 2885 Ἔφορος·
629 2815 960 2886 Χαμαιλέων
1019 2834 1077 2869 τε
1134 2814 1161 2867 6
1211 2816 1601 2887 Ἡρακλεώτης
1643 2815 1694 2870 ἐν
1721 2819 1801 2887 τῷ
1865 2816 1992 2890 Περὶ

323 2905 530 2978 μέθης,
588 2903 679 2958 καὶ
741 2903 1137 2978 Ἀριστοτέλης
1193 2904 1245 2958 ἐν
1301 2908 1370 2978 τῇ
1432 2909 1656 2978 Λοκρῶν
1716 2904 1989 2978 πολιτείᾳ,

321 2992 604 3049 Ζάλευκον
657 2995 764 3065 (62)
791 2993 885 3047 τὸν
920 2993 1130 3066 Λοκρὸν
1162 2993 1308 3069 παρὰ
1336 3001 1435 3064 τῆς
1467 2996 1699 3063 Ἀθηνᾶς
1728 2995 1855 3057 τοὺς
1904 2996 1990 3049 νό-

322 3104 471 3158 μους
498 3077 798 3156 λαμϐάνειν
840 3083 1409 3156 ἀπομνημονεύουσιν.
1443 3085 1510 3140 Οἳ
1542 3082 1620 3152 δὲ,
1670 3085 1733 3139 τὸ
1782 3085 1993 3158 ἀξιόπι-

2103 1921 2362 1976 ritatem.
2395 1919 2503 1985 Qui
2536 1925 2734 1974 autem
2759 1935 2882 1973 non
2912 1918 3182 1984 credunt,
3207 1923 3266 1972 et
3290 1917 3437 1989 legis
3483 1916 3760 1989 operibus

2100 2010 2348 2066 minime
2376 2014 2605 2077 vacant,
2639 2008 2680 2062 ii
2712 2024 2972 2079 quoque.
2996 2007 3044 2062 si
3071 2007 3179 2062 ulli
3209 2007 3332 2074 alii,
3358 2023 3420 2062 se
3453 2006 3758 2061 veritatem

2101 2101 2372 2173 ignorare
2396 2098 2677 2154 fatentur.
2709 2099 2990 2163 Quaenam
3016 2102 3104 2152 est
3129 2113 3266 2169 ergo
3300 2099 3635 2152 Graacorum
3661 2096 3722 2151 in
3740 2128 3752 2137 -

2102 2190 2423 2246 credulitas
2449 2187 2476 2242 ?
2508 2191 2596 2243 An
2625 2187 2782 2258 quod
2815 2187 3011 2242 nolint
3041 2186 3280 2242 credere
3313 2186 3566 2254 veritati,
3621 2203 3752 2257 quas

2103 2278 2457 2352 dicitlegem
2490 2294 2596 2350 per
2615 2277 2874 2349 Moysem
2907 2277 3105 2332 datam
3139 2293 3266 2331 esse
3292 2276 3594 2344 divinitus,
3619 2293 3754 2330 cum

2101 2369 2214 2440 ipsi
2245 2384 2489 2423 suorum
2520 2366 2872 2422 auctoritate
2893 2366 3119 2421 inducti
3142 2367 3400 2436 Moysem
3420 2365 3759 2420 honorent?

2100 2460 2170 2512 Et
2201 2458 2454 2513 Minoem
2475 2456 2548 2512 ad
2577 2455 2731 2512 Jovis
2753 2460 2990 2510 antrum
3013 2455 3368 2522 venientem,
3406 2471 3615 2509 novem
3645 2471 3754 2508 an-

2098 2563 2314 2602 norum
2347 2545 2536 2618 spatio
2567 2546 2728 2618 leges
2761 2561 2793 2599 a
2821 2546 2956 2599 Jove
2979 2545 3277 2616 accepisse
3304 2562 3317 2610 ;
3345 2550 3402 2598 et
3427 2545 3753 2614 Lycurgum

2098 2637 2336 2691 assidue
2367 2635 2624 2706 Delphos
2655 2640 2894 2689 euntem
2919 2634 2992 2689 ad
3021 2634 3382 2705 Apollinem,
3407 2634 3567 2705 leges
3587 2633 3658 2688 ab
3683 2650 3752 2688 eo

2099 2724 2398 2787 didicisse,
2433 2723 2704 2778 scribunt
2732 2723 2920 2790 Plato,
2955 2723 3324 2790 Aristoteles,
3361 2728 3418 2778 et
3445 2723 3748 2794 Ephorus;

2098 2821 2157 2870 et
2185 2813 2517 2869 Chammleo
2549 2813 2928 2868 Heracleotes
2959 2813 3019 2868 in
3051 2830 3228 2884 opere
3260 2814 3336 2867 De
3378 2813 3661 2876 ebrietate,
3695 2818 3754 2867 et

2095 2904 2446 2960 Aristoteles
2477 2903 2540 2957 in
2575 2903 2874 2974 Republica
2916 2906 3232 2969 Locrorum,
3281 2902 3592 2958 Zaleucum
3643 2903 3747 2956 Lo-

2097 3011 2265 3050 crum
2303 2994 2463 3065 leges
2490 3010 2524 3048 a
2553 2993 2811 3048 Minerva
2827 2993 3146 3063 accepisse,
3181 2991 3515 3047 litterarum
3540 3009 3748 3046 monu-

2096 3084 2316 3141 mentis
2347 3082 2725 3138 mandarunt.
2778 3082 2884 3147 Qui
2937 3087 3134 3136 autem
3186 3083 3521 3137 Grzccorum
3569 3081 3749 3154 leges,

320 3194 459 3230 στον
487 3179 588 3241 τῆς
616 3174 744 3247 παρ’
771 3171 1016 3243 ’Ἕλλησι
1061 3174 1404 3246 νομοθεσίας,
1441 3174 1516 3238 ὡς
1545 3174 1660 3229 οἶόν
1687 3195 1746 3229 τε
1777 3174 1986 3236 αὐτοῖς.

2106 3180 2168 3229 ut
2188 3173 2400 3244 majori
2420 3172 2536 3227 ﬁde
2559 3172 2750 3244 dignae
2773 3171 3106 3239 videantur,
3132 3189 3237 3243 pro
3264 3170 3483 3225 viribus
3507 3172 3754 3226 efferen-

321 3263 648 3338 ὶπαίροντες
698 3262 775 3324 είς
829 3263 892 3318 τὸ
949 3269 1128 3330 Θεῖον,
1181 3265 1297 3318 κατ’
1343 3263 1526 3318 εἰκόνα
1570 3267 1671 3333 τῆς
1716 3266 1852 3319 κατά
1895 3266 1988 3319 τὸν

322 3356 417 3412 Μ]
440 3353 569 3408 ὓσὲα
598 3353 956 3430 προφητείας,
992 3353 1332 3426 ἀγνώμονες,
1368 3352 1466 3408 οὐκ
1501 3355 1724 3417 αὐτόθεν
1778 3353 1989 3426 ὁμολο-

312 3447 549 3522 γοῦντες
578 3444 678 3511 τήν
709 3462 768 3496 τε
798 3441 1058 3512 ἀλήθειαν
1107 3442 1198 3497 καὶ
1228 3444 1290 3497 τὸ
1322 3443 1630 3518 ἀρχέτυπον
1684 3449 1792 3498 τῶν
1842 3446 1989 3519 παρὰ

310 3532 505 3612 σφίσιν
536 3531 966 3607 ἱστορουμένων.

2103 3270 2211 3328 tes,
2246 3263 2318 3318 ad
2344 3261 2484 3317 deos
2506 3261 2793 3320 referunt.
2818 3262 3089 3333 exemplo
3115 3262 3380 3316 Μοδειὶοω
3403 3261 3750 3332 prophetia),

2101 3353 2232 3407 ideo
2267 3358 2405 3406 sunt
2435 3351 2668 3423 ingrati.
2707 3350 2862 3422 quod
2895 3368 3013 3405 non
3038 3351 3335 3405 fateantur
3365 3351 3671 3406 veritatem
3697 3356 3754 3404 et

2100 3443 2404 3514 exemplar
2432 3441 2819 3512 archetypum
2843 3457 3072 3508 eorum,
3097 3458 3227 3511 quae
3251 3457 3285 3495 a
3317 3457 3376 3494 se
3411 3440 3746 3495 traduntur.

1799 3654 2030 3710 CAPUT
2065 3651 2288 3710 XXVII.

1009 3750 1203 3818 Legem
1233 3751 1512 3806 commoda
1543 3751 1826 3808 hominum
1871 3761 2141 3824 spectare,
2175 3750 2342 3806 etiam
2373 3749 2504 3803 dum
2539 3747 2770 3816 corrigit
2801 3753 2852 3800 et
2887 3748 3076 3816 punit.

404 3864 498 3933 Μὴ
525 3861 706 3918 τοίνυν
735 3864 1120 3938 κατατρεχέτω
1149 3885 1232 3924 τις
1261 3869 1361 3920 τοῦ
1390 3863 1561 3938 νόμου
1595 3864 1685 3922 διὰ
1707 3875 1808 3942 τῆς
1827 3889 2000 3940 τιμω-

323 3953 474 4030 ρίας,
536 3953 612 4014 ὡς
663 3951 725 4006 ού
768 3950 943 4007 καλοῦ
991 3952 1254 4027 κάγαθοῦ·
1306 3954 1369 4010 οὐ
1413 3956 1512 4028 γὰρ
1539 3957 1568 4010 ὁ
1604 3959 1699 4028 μὲν
1743 3958 1844 4026 τὴν
1903 3963 2000 4013 σοῦ

326 4045 593 4116 σώματος
641 4042 800 4097 νόσον
860 4041 1084 4118 ἀπάγων
1135 4043 1422 4117 εὐεργέτης
1474 4043 1637 4116 δόξει·
1698 4050 1888 4121 ψυχῆς
1943 4045 2001 4102 δὶ

320 4129 548 4194 ἀδικίας
582 4133 696 4205 (63)
743 4132 771 4186 6
803 4135 1148 4204 πειρώμενος
1187 4131 1558 4190 ἀπαλλάττειν
1590 4135 1652 4190 ού
1687 4134 1902 4209 μᾶλλον
1936 4134 1996 4191 ἂν

321 4218 418 4290 εἴη
470 4217 754 4291 κηδεμὼν,
807 4216 1024 4294 ὅσῳπερ
1074 4222 1229 4295 ψυχή
1291 4225 1546 4294 σώματος
1601 4222 1944 4296 ἐντιμότερον
1981 4245 1994 4257 ·

323 4306 464 4364 ἀλλ’
489 4306 594 4383 ἄρα
622 4315 721 4377 τῆς
765 4308 861 4380 μὲν
891 4312 988 4363 τοῦ
1017 4313 1272 4382 σώματος
1313 4311 1517 4384 ὑγιείας
1549 4308 1722 4382 ἕνεκα,
1768 4313 1858 4366 καὶ
1905 4334 1998 4367 το-

328 4398 464 4474 μὰς,
519 4398 608 4453 καὶ
669 4397 911 4462 καύσεις,
968 4399 1056 4452 καὶ
1116 4401 1577 4472 φαρμακοποσίας
1627 4400 1994 4479 ὑφιστάμεθα·

2184 3869 2364 3923 Nemo
2397 3869 2596 3919 autem
2618 3868 2862 3934 propter
2883 3863 3176 3933 supplicia
3200 3863 3526 3917 insectetur
3546 3863 3760 3935 legem,

2110 3962 2177 4013 ut
2207 3972 2326 4010 non
2353 3955 2572 4010 bonam
2609 3959 2665 4006 et
2697 3952 3026 4007 honestam.
3074 3954 3199 4006 Non
3229 3952 3386 4006 enim
3421 3952 3521 4021 qui
3572 3952 3765 4008 aufert

2108 4045 2386 4102 morbum
2418 4041 2704 4112 corporis,
2737 4040 3029 4096 beneﬁcio
3061 4041 3300 4096 afﬁcere
3322 4041 3634 4100 videbitur.
3661 4042 3760 4112 qui

2109 4140 2306 4190 autem
2339 4133 2411 4188 ab
2445 4131 2738 4203 injustitia
2768 4132 3030 4187 animam
3063 4140 3314 4188 conatur
3343 4133 3616 4198 liberare,
3642 4148 3761 4186 non

2110 4228 2274 4279 tanto
2306 4222 2494 4294 magis
2523 4220 2818 4276 videbitur
2839 4237 3041 4276 curam
3073 4222 3258 4276 nostri
3285 4238 3510 4293 gerere,
3537 4227 3758 4292 quanto

2109 4318 2200 4367 est
2230 4311 2432 4367 anima
2461 4327 2707 4380 corpore
2756 4311 3166 4382 prmstantior;
3219 4310 3322 4365 sed
3370 4328 3474 4381 pro
3508 4311 3760 4365 sanitate

2109 4401 2352 4473 quidem
2375 4399 2662 4472 corporis,
2695 4406 2754 4455 et
2783 4400 2991 4465 secari,
3018 4406 3075 4454 et
3096 4401 3206 4460 uri.
3240 4406 3300 4455 et
3329 4401 3765 4456 medicamenta

321 4487 420 4545 καὶ
457 4487 486 4540 6
516 4491 684 4542 ταῦτα
713 4485 1006 4561 προσάγων
1041 4489 1225 4561 σωτήρ
1255 4509 1313 4542 τε
1354 4490 1444 4544 καὶ
1493 4489 1676 4564 ἰατρὸς
1723 4489 1992 4547 καλεῖται·

2106 4496 2310 4563 potare
2340 4491 2727 4554 sustinemus,
2763 4495 2821 4544 et
2849 4489 2951 4560 qui
2981 4490 3106 4545 haec
3136 4489 3400 4556 adhibet,
3425 4497 3484 4545 et
3504 4496 3767 4545 servator

323 4577 397 4634 οὐ
431 4575 616 4652 φθόνῳ
643 4575 770 4645 τινὶ,
802 4573 927 4631 οὐδὲ
958 4573 1246 4648 δυσμενείᾳ
1272 4581 1341 4650 τῇ
1373 4579 1512 4652 πρὸς
1541 4580 1634 4634 τὸν
1690 4579 1993 4656 πάσχοντα,

325 4667 410 4730 ὡς
443 4663 490 4720 δ’
522 4664 582 4721 ἂν
617 4666 644 4720 6
674 4671 773 4735 τῆς
824 4661 1025 4741 τέχνης
1079 4667 1408 4742 ὑπαγορεύοι
1459 4665 1652 4744 λόγος,
1702 4668 1793 4723 καὶ
1854 4665 1991 4743 μὲρη

403 4787 468 4852 »ιι
499 4785 561 4840 Ρ.
594 4785 700 4838 422
731 4784 843 4838 ΕΙ).
877 4785 1170 4850 POTTER,
1203 4785 1308 4840 352
1343 4786 1452 4840 ΕΙ).
1485 4787 1714 4842 PARIS.
1793 4791 1870 4858 (α)
1901 4789 1992 4843 Joa

2106 4804 2152 4853 x,
2183 4788 2267 4842 16.

323 4911 584 4992 πρόϐατα
618 4913 768 4992 λέχω,
800 4915 832 4971 ἂ
863 4915 963 4972 οὑκ
1010 4911 1150 4992 ἔστιν
1187 4916 1246 4973 ἐκ
1274 4925 1375 4986 τῆς
1401 4917 1575 4990 αὐλῆς
1623 4922 1845 4990 ταύτης·
1895 4920 1994 4975 κᾶ-

321 4985 484 5065 κεῖνά
517 5009 586 5065 με
615 4985 698 5042 δεῖ
728 4989 967 5065 ἀγαγεῖν,
1000 4991 1090 5065 καὶ
1127 4997 1228 5059 τῆς
1280 4985 1466 5065 φωνῆς
1521 4985 1626 5065 μου
1677 4985 1991 5048 ἀκούσουσι·

323 5011 484 5047 una
517 5011 584 5062 με
615 5011 697 5042 ou
728 5011 967 5065 αγανειν,
1000 5011 1090 5044 και
1127 5011 1228 5059 της
1324 5012 1466 5058 ωνης
1521 5013 1626 5065 μου
1677 5011 1991 5048 ακούσουσι·

323 5062 420 5118 καὶ
455 5061 743 5136 γενήσεται
797 5039 893 5136 μία
941 5062 1174 5136 ποίμνη,
1221 5011 1316 5117 καῖ
1369 5063 1442 5124 εἷς
1501 5066 1732 5136 ποιμήν.
1792 5068 1992 5136 Matth.

323 5133 618 5212 XVIII,‘12:
811 5133 1164 5212 «(ivngit-tv:
1188 5135 1470 5212 _&v_09_dm_qi
1501 5133 1690 5212 ἑκατὸν
1724 5133 1993 5212 πρόϐατα,

322 5206 435 5293 καὶ,
457 5201 710 5293 πλμνῃθῇ
740 5201 795 5293 by
825 5201 879 5276 ἒξ
912 5201 1276 5293 αὐτῶν,“ούχί
1298 5201 1462 5293 ’ἀφεὶς
1500 5209 1567 5293 τα
1615 5201 1996 5293 ὲννενηκονταᾴ

329 5278 500 5344 εννέα,
533 5272 716 5354 ἐπὶν-τὶ
747 5272 1194 5354 ἰξρήπυρψθέὶς,
1220 5272 1470 5354 ’ζητεῖ-τὸ
1501 5272 1887 5354 πλαΛώμενον.

551 5348 850 5427 Βούλεσθε.
872 5352 1262 5427 Scribendum
1283 5348 1612 5427 βούλεσθαι.

403 5425 744 5496 mntionis.
807 5425 874 5480 Η.
924 5442 1033 5480 ms.
1096 5425 1361 5494 Μωϋσῆν,
1414 5426 1711 5496 usitatius,
1773 5431 1831 5482 et
1859 5443 1996 5482 mox

332 5497 576 5568 συνεχῶς
610 5493 860 5568 ἀπιόντα.
893 5496 1054 5568 SYLI}.

401 5564 517 5637 (ϐξ)
571 5564 866 5622 Ζάλευκον.
932 5567 1198 5624 Valerius
1253 5569 1582 5624 Maximus:
1639 5591 1666 5617 ‹‹
1711 5569 1994 5625 Zaleucus

337 5638 447 5695 sub
470 5639 715 5696 nomine
737 5639 1017 5712 Minervas
1031 5640 1530 5712 prudentissimus
1552 5641 1790 5696 habitus
1821 5648 1930 5696 est.
1967 5665 1994 5690 »

406 5712 518 5782 (63)
549 5715 753 5784 Ψυχῆς
786 5709 844 5765 δὶ
875 5706 1110 5773 ἀδικίας.
1173 5712 1628 5786 Congruentius,
1660 5712 1751 5768 vel
1806 5712 1994 5788 ψυχὴν

2105 4587 2346 4637 vocatur
2372 4587 2432 4636 et
2461 4581 2729 4637 medicus
2761 4605 2775 4646 ;
2810 4581 3038 4636 etidem
3064 4598 3174 4638 nec
3195 4600 3264 4636 ex
3295 4581 3539 4647 invidia,
3563 4600 3673 4638 nec
3697 4599 3766 4636 ex

2106 4670 2242 4727 odio
2271 4671 2332 4727 in
2362 4676 2670 4744 aegrotum,
2704 4671 2807 4726 sed
2829 4671 2975 4727 artis
2997 4671 3260 4728 dictante
3291 4673 3544 4741 ratione,
3568 4679 3766 4745 partes

2347 4788 2420 4858 (b)
2445 4787 2645 4842 Matth.
2679 4804 2835 4855 xvm,
2873 4790 2958 4842 12.
3036 4788 3109 4858 (c)
3139 4789 3162 4842 Ι
3193 4788 3321 4844 Cor.
3356 4807 3391 4856 ι,
3425 4791 3515 4844 24.

2109 4917 2166 4974 δὲ
2195 4916 2404 4982 ἀδικίας
2437 4922 2528 4977 vel
2575 4923 2762 4996 ψυχῆς
2791 4918 2848 4976 δὶ
2877 4919 3112 4996 ἀδικίαν,
3145 4924 3432 4979 alterutro
3465 4925 3526 4979 in
3557 4940 3764 4979 accus-

2108 5009 2546 5078 casum‘verson:
2714 5001 2871 5050 certe
2895 4991 3107 5078 ἀεξικίας
3141 4996 3640 5078 Ριυτειιὶηηᾳιηθνο
3671 5012 3765 5051 ac-

2107 5065 2470 5192 piptiendum.
2498 5066 2656 5122 Belle
2681 5067 2796 5123 huc
2814 5065 3332 5139 quadrant,inquit
3353 5069 3418 5122 Η.
3445 5068 3558 5122 ista
3577 5073 3765 5138 poetas

2150 5153 2184 5191 a
2213 5154 2295 5192 1m
2324 5153 2336 5191 :

2219 5245 2284 5300 Ut
2316 5244 2496 5318 valeat
2517 5263 2736 5317 corpus.
2766 5249 2978 5316 ferrum
3005 5250 3237 5318 patieris
3269 5253 3318 5301 et
3349 5249 3523 5316 ignes,

2283 5317 2463 5390 Arida
2495 5335 2591 5373 nec
2621 5318 2812 5375 sitiens
2843 5336 2942 5373 ora
2972 5317 3179 5390 rigabis
3207 5335 3353 5388 aqua
3378 5335 3396 5370 :

2233 5387 2300 5442 Ut
2330 5389 2511 5445 valeas
2536 5392 2741 5454 animo,
2769 5387 3073 5461 quidquam
3105 5387 3341 5445 tolerare
3372 5402 3579 5461 recuses
3599 5390 3628 5442 ?

2284 5463 2360 5515 At
2381 5478 2516 5532 pars
2547 5463 2660 5518 hac
2688 5459 2935 5532 pretium
2965 5478 3193 5531 corpore
3223 5462 3408 5531 majus
3439 5459 3600 5514 habet

2109 5573 2274 5628 εγω.
2325 5570 2606 5626 Eamdem
2657 5568 3108 5624 similitudinem
3169 5567 3231 5622 in
3280 5567 3589 5636 Paedagogo
3638 5567 3771 5622 Cle-

2110 5659 2306 5704 mens.
2354 5644 2512 5699 etin
2563 5641 2856 5713 principio
2897 5647 3189 5711 Θεραπευτ.
3243 5640 3308 5705 α’,
3359 5638 3766 5696 Theodoretus

2113 5717 2292 5772 latius
2321 5719 2782 5788 persequuntur.
