4120 6394
341 356 450 413 019

1572 345 1983 403 ΟΒΕΠΕΝΤῙΒ
2017 343 2519 402 ΔΙΑΠΔΝΒΒΙΝῙ

3653 336 3762 392 920

341 484 574 554 aliquas
593 477 899 544 rescindit,
931 491 1006 530 ne
1050 489 1209 530 sana:
1241 478 1440 544 partes
1461 489 1580 527 una
1610 488 1744 526 cum
1777 471 1862 525 eis
1894 470 1988 524 in-

2140 467 2219 521 ινά
2246 467 2592 541 ἀποτέμνων,
2638 467 2714 530 ὡς
2765 468 2842 540 μή
2885 467 2953 522 τὰ
3001 463 3311 541 ὑγιαίνοντα
3357 459 3763 540 συνδιαφθείρε-

342 578 578 629 tcreant
603 589 614 637 ;
641 587 748 624 nec
773 574 969 622 tamen
1002 565 1136 635 quis
1161 562 1371 617 medici
1396 567 1584 617 artem
1607 561 1877 616 criminis
1899 577 1997 615 ar-

343 665 536 736 guerit
562 680 572 714 :
595 661 807 715 animae
829 662 1024 711 autem
1047 655 1255 726 gratia,
1279 669 1399 708 non
1425 652 1701 706 similiter
1723 650 2000 706 tolerabi-

344 769 478 808 mus
511 756 612 805 aut
645 746 874 808 exsilia,
897 750 998 798 aut
1030 744 1306 808 mulctas,
1337 747 1440 796 aut
1469 741 1724 809 vincula,
1747 741 1794 795 si
1820 740 1997 794 modo

345 841 478 912 quis
507 857 575 895 ex
600 835 894 908 injustitia
917 835 993 888 sit
1018 831 1426 887 restituendus
1448 832 1509 886 in
1529 831 1819 900 justitiam
1842 829 1869 884 ?
1886 831 2000 885 Lex

349 927 511 982 enim
537 939 764 990 eorum,
789 922 889 993 qui
911 921 962 976 ei
985 929 1217 992 parent,
1241 937 1444 975 curam
1467 936 1699 992 gerens,
1724 918 1798 974 ad
1820 918 2000 990 pieta-

345 1022 466 1072 tem
490 1015 551 1068 in
577 1015 761 1068 Deum
785 1011 1064 1069 instituit.
1081 1016 1139 1064 et
1160 1010 1344 1064 dictat
1361 1026 1448 1074 ea,
1471 1025 1602 1080 quae
1621 1016 1762 1064 sunt
1777 1007 2003 1063 facien-

345 1107 439 1176 da,
487 1109 544 1158 et
583 1102 894 1174 propulsat
923 1099 1394 1170 unumquodque
1424 1105 1755 1169 peccatum,
1797 1113 2002 1169 poenas

347 1197 666 1266 imponens
699 1191 875 1246 etiam
927 1190 998 1243 iis
1052 1206 1183 1259 quas
1216 1194 1356 1244 sunt
1403 1188 1656 1244 minora.
1709 1189 1853 1242 Cum
1899 1204 2005 1242 au-

349 1291 470 1339 tem
503 1281 714 1336 viderit
741 1280 1003 1350 aliquem
1038 1280 1118 1332 ita
1148 1294 1209 1332 se
1244 1277 1482 1342 habere,
1509 1284 1573 1332 ut
1593 1277 1862 1332 videatur
1892 1278 2006 1332 im-

348 1371 746 1435 medicabilis,
801 1375 1005 1440 utpote
1050 1368 1151 1438 qui
1201 1368 1275 1422 ad
1321 1375 1646 1422 extremam
1695 1373 2006 1439 provectus

350 1465 426 1519 sit
455 1461 851 1532 injustitiam:
907 1466 1046 1513 tunc
1090 1457 1345 1512 aliorum
1377 1458 1502 1528 jam
1536 1474 1738 1513 curam
1770 1475 2006 1530 gerens,

350 1568 426 1608 ne
477 1550 548 1605 ab
599 1550 726 1620 ipso
777 1552 1258 1617 corrumpantur,
1310 1552 1597 1617 tanquam
1641 1546 1705 1608 ›ι‹
1741 1545 2005 1616 aliquam

351 1644 583 1710 partem
615 1654 649 1691 a
689 1643 810 1690 toto
856 1651 1103 1704 corpore
1137 1650 1437 1697 resecans,
1480 1635 1564 1689 sic
1597 1649 1752 1700 eum,
1782 1633 1883 1704 qui
1921 1638 2010 1688 est

356 1727 725 1798 hujusmodi,
764 1725 988 1780 salubri
1015 1723 1265 1779 consilio
1297 1723 1472 1778 morti
1499 1723 1822 1794 adjudicat.
1855 1746 1875 1771 ι
1910 1723 2011 1777 Ju-

359 1816 540 1872 dicati
567 1822 766 1870 autem
799 1830 831 1868 a
862 1813 1136 1880 Domino,
1169 1834 1196 1862 »
1232 1811 1428 1882 inquit
1469 1812 1807 1882 Apostolus,
1853 1834 1880 1861 «
1915 1827 2010 1866 ca-

2130 1805 2204 1862 ίνα
2238 1809 2315 1881 μή
2349 1808 2440 1862 σὺν
2470 1811 2551 1879 τῷ
2587 1807 2782 1880 κόσμῳ
2827 1808 3263 1879 κατακριθῶμεν.
3300 1831 3327 1857 ››

2103 558 2223 610 σθαι
2256 557 2428 628 αὐτῷ·
2480 559 2568 613 καὶ
2603 557 2703 613 σύκ
2732 555 2791 611 ἄν
2843 578 2929 618 τις
2985 554 3250 629 πονηρίας
3297 551 3605 608 αῗτιάσαιτο
3661 555 3762 606 τοῦ

2104 643 2291 720 ίατροῦ
2336 647 2436 715 τήν
2468 647 2693 722 τέχνην·
2726 653 2826 715 τῆς
2869 643 2928 701 δὲ
2957 649 3142 720 ψυχῆς
3187 641 3343 699 ἕνεκα
3395 642 3506 716 οὐχ
3550 640 3764 714 ὁμοίως

2105 733 2550 808 ὑποστησόμεθα,
2598 735 2686 790 έάν
2720 755 2779 790 τε
2809 735 3023 810 φεύγειν
3057 734 3144 789 ἐάν
3176 753 3234 790 τε
3262 732 3486 789 ἐκτίνειν
3539 731 3766 803 ζημίας,

2105 821 2190 877 ἐάν
2223 845 2283 878 τε
2327 823 2521 898 δεσμὰ,
2567 824 2617 879 εἷ’
2669 824 2872 897 μέλλοι
2918 845 3002 886 τις
3051 823 3218 897 μόνον
3267 822 3319 892 EE
3359 819 3574 883 ἀδικίας
3633 819 3771 875 ποτὶ

2105 909 2456 982 δικαιοσύνην
2485 916 2750 980 κτᾶσθαι;
2801 914 2863 971 Ὀ
2893 914 2994 988 γὰρ
3043 914 3238 984 νόμος,
3287 909 3597 984 κηδόμενος
3652 912 3768 964 τῶν

2109 1002 2368 1072 ὑπηκόων
2404 1045 2418 1071 ,
2478 1004 2615 1078 πρὸς
2675 1003 2770 1075 μὲν
2824 1003 2925 1072 τὴν
2981 997 3288 1066 θεοσέϐειαν
3346 997 3617 1066 παιδεύει,
3675 997 3771 1053 καὶ

2113 1092 2434 1167 ὑπαγορεύει
2481 1092 2549 1146 τά
2594 1093 2843 1162 ποιητέα,
2901 1089 3068 1166 εἵργει
3100 1111 3158 1145 τε
3194 1087 3418 1145 ἕκαστον
3447 1093 3554 1143 τῶν
3587 1089 3770 1159 ἀμαρ-

2109 1181 2395 1253 τημάτων,
2447 1178 2601 1243 δίκας
2653 1179 2914 1244 ἐπιτιθεὶς
2959 1185 3074 1242 τοῖς
3128 1179 3376 1254 μετρίοις
3407 1176 3604 1232 αὐτῶν·
3641 1171 3769 1231 ὅταν

2112 1269 2171 1327 δέ
2216 1293 2336 1326 τινα
2390 1270 2564 1332 οὕτως
2604 1266 2802 1345 ἔχοντα
2850 1267 3043 1343 κατίδῃ
3092 1269 3166 1330 ὡς
3197 1267 3410 1323 ἀνίατον
3444 1264 3648 1336 δοκεῖν,
3690 1264 3770 1326 εἲς

2111 1359 2342 1437 ἔσχατον
2374 1357 2588 1422 ἀδικίας
2619 1357 2942 1430 ἐλαύνοντα,
2975 1359 3100 1414 τότε
3125 1355 3234 1429 ἤδη
3283 1362 3391 1413 τῶν
3424 1354 3612 1412 ἄλλων
3666 1376 3770 1426 κη-

2115 1448 2366 1524 δόμενος,
2399 1448 2551 1512 ὅπως
2577 1448 2636 1504 ἂν
2666 1450 2742 1521 μὴ
2769 1446 3189 1524 διαφθείρωνται
3217 1449 3353 1524 πρὸς
3376 1447 3564 1514 αὐτοῦ,
3587 1445 3774 1520 ὥσπερ

2118 1541 2283 1614 μέρος
2313 1561 2366 1594 τι
2391 1543 2488 1594 τοῦ
2537 1539 2737 1601 παντὸς
2786 1539 3042 1611 σώματος
3101 1537 3416 1609 ἀποτεμὼν,
3465 1535 3775 1625 οὕτω.που

2114 1630 2364 1684 τοιοῦτον
2408 1629 2694 1704 ὑγιέστατα
2737 1627 3108 1685 ἀποκτίννυσι.
3155 1652 3182 1678 ‹‹
3217 1626 3547 1702 Κρινόμενοι
3580 1621 3643 1679 δὲ
3668 1623 3774 1679 ὑπὸ

2114 1723 2212 1774 τοῦ
2273 1719 2500 1788 Κυρίου,
2533 1741 2560 1769 ι)
2608 1718 2772 1795 φησὶν
2820 1718 2848 1771 ὁ
2896 1715 3260 1785 ’Δπόστολος,
3315 1740 3344 1769 ι(
3376 1713 3776 1787 παιδευόμεθα,

3384 1810 3621 1879 Προεῖπε
3671 1803 3777 1878 γὰρ

361 1907 671 1977 stigamur,
728 1920 803 1958 ne
849 1919 985 1958 cum
1038 1902 1260 1957 mundo
1311 1902 1783 1957 condemnemur
1829 1902 1931 1970 (α).
1984 1921 2011 1948 ››

2130 1898 2154 1952 6
2212 1899 2524 1974 προφήτης·
2586 1921 2613 1948 «
2674 1893 2954 1952 Παιδεύων
3005 1893 3289 1951 ἐπαίδευσε
3346 1915 3412 1966 με
3461 1895 3489 1949 6
3549 1891 3780 1967 Κύριος,

371 1995 654 2054 Prmdixit
696 1995 856 2049 enim
907 1993 1233 2064 propheta:
1291 2017 1312 2041 ι
1361 1993 1666 2065 Castigans
1714 1991 2019 2064 castigavit

371 2103 467 2142 me
499 2084 812 2151 Dominus,
842 2083 1019 2137 morti
1048 2087 1246 2136 autem
1279 2099 1399 2136 non
1432 2081 1676 2136 tradidit
1705 2098 1801 2138 me
1822 2083 1918 2153 (ὸ).
1947 2079 2020 2134 Ut

370 2174 532 2230 enim
565 2180 620 2227 te
659 2188 826 2227 suam
873 2171 1113 2225 doceret
1154 2170 1472 2240 justitiam,
1525 2171 1829 2242 castigavit
1877 2177 1953 2237 te,
1989 2196 2011 2221 ι

368 2263 586 2334 inquit,
619 2283 647 2310 «
683 2266 742 2315 et
769 2260 1032 2325 tentavit,
1057 2264 1114 2314 et
1134 2259 1288 2314 fame
1316 2265 1374 2314 et
1400 2260 1495 2314 siti
1519 2264 1574 2314 te
1597 2260 1810 2314 afllixit
1831 2261 1891 2315 in
1915 2261 2018 2316 de-

368 2362 546 2410 serto.
564 2354 1147 2424 Utcognoscerentur
1159 2367 1365 2405 omnes
1371 2351 1835 2422 justiﬁcationes
1853 2359 1913 2407 et
1916 2353 2017 2423 ju-

366 2441 520 2499 dicia
535 2443 662 2514 ejus
676 2443 737 2495 in
763 2441 938 2495 corde
961 2446 1082 2508 tuo,
1103 2456 1474 2510 quaecunque
1493 2457 1597 2512 ego
1614 2440 1716 2494 tibi
1737 2441 2016 2512 praecipio

363 2533 563 2600 hodie,
595 2538 654 2587 et
682 2531 837 2586 scias
869 2531 931 2584 in
964 2529 1140 2584 corde
1162 2535 1281 2595 tuo,
1315 2530 1473 2600 quod
1502 2537 1566 2584 ut
1595 2530 1643 2584 si
1676 2531 1810 2601 quis
1841 2532 2016 2586 homo

363 2621 673 2694 castigabit
704 2620 893 2674 {ilium
927 2635 1121 2682 suum,
1157 2619 1239 2673 ita
1267 2618 1577 2690 castigabit
1628 2625 1683 2674 te
1732 2620 2018 2675 Dominus

364 2715 519 2768 Deus
550 2716 756 2766 noster
777 2711 865 2780 (ο).
904 2730 932 2758 ››
968 2708 1132 2773 Quod
1163 2714 1362 2764 autem
1393 2708 1647 2764 aliorum
1675 2725 1784 2764 nos
1815 2726 2018 2765 exem-

363 2803 530 2873 plum
575 2800 848 2872 corrigat,
883 2799 1082 2854 statim
1114 2797 1294 2852 dicit:
1329 2820 1356 2847 «
1393 2799 1638 2853 Astutus
1670 2799 1874 2854 videns
1899 2817 2019 2855 ma-

363 2891 489 2946 lum
504 2889 725 2961 puniri.
743 2889 868 2960 ipse
888 2888 1274 2943 vehementer
1291 2888 1644 2960 castigatur:
1673 2910 1699 2936 ››
1714 2905 1853 2943 nam
1868 2912 1893 2938 «
1919 2906 2021 2961 ge-

365 2979 594 3035 neratio
618 2977 924 3048 sapientiae
952 2981 1041 3030 est
1063 2977 1240 3029 timor
1260 2976 1491 3030 Domini
1519 2977 1618 3046 td).
1645 2999 1672 3026 »
1697 2980 1799 3032 Est
1818 2984 2019 3035 autem

367 3067 694 3122 maximum
745 3068 804 3118 et
849 3062 1348 3133 perfectissimum
1398 3063 1643 3130 bonum,
1703 3065 1942 3134 quando
1987 3082 2022 3120 a

365 3151 795 3210 malefaciendo
828 3150 899 3205 ad
931 3151 1206 3205 virtutem
1236 3151 1573 3221 bonamque
1605 3151 1783 3206 vitam
1834 3154 2020 3223 possit

2124 1991 2206 2059 τῷ
2259 1984 2317 2042 δὶ
2343 1987 2554 2058 θανάτῳ
2586 1988 2699 2059 (64)
2731 1985 2793 2040 ού
2841 1981 3125 2060 παρέδωκέ
3156 2006 3244 2058 με.
3289 1985 3485 2039 Ἕνεκα
3513 1986 3626 2056 (65)
3673 1982 3779 2057 γάρ

2125 2079 2223 2131 τοῦ
2270 2072 2480 2144 διδάξαι
2535 2095 2594 2129 σε
2658 2074 2756 2141 τήν
2817 2071 3165 2142 δικαιοσύνην
3223 2073 3393 2128 αὐτοῦ
3426 2117 3440 2142 ,
3499 2068 3787 2126 ἐπαίδευσε

2127 2185 2205 2235 σε,
2240 2188 2269 2216 ››
2300 2165 2454 2241 φησὶ,
2506 2189 2534 2215 ‹‹
2565 2164 2656 2218 καὶ
2682 2162 2932 2238 ἐπείρασέ
2977 2183 3056 2232 σε,
3090 2163 3180 2218 καὶ
3233 2161 3644 2238 έλιμαγχόνησέ
3702 2179 3782 2232 σε,

2127 2254 2219 2309 καὶ
2275 2251 2502 2327 ἐδίψησέ
2556 2273 2614 2309 σε
2665 2251 2716 2308 έν
2779 2256 2851 2327 γῇ
2911 2251 3144 2328 ἐρήμῳ·
3185 2249 3279 2307 ’ἶνα
3333 2253 3554 2327 γνωσθῇ
3607 2250 3786 2306 πάντα

2127 2343 2194 2398 νά
2241 2341 2585 2416 δικαιώματα
2630 2343 2720 2397 καί
2776 2343 2846 2398 τὰ
2887 2343 3130 2415 κρίματα
3161 2341 3329 2397 αὐτοῦ
3371 2342 3422 2397 έν
3470 2344 3540 2415 τῇ
3588 2336 3788 2413 καρδίᾳ

2129 2454 2248 2502 σου,
2307 2433 2407 2488 ὅσα
2455 2432 2566 2508 ἐγὼ
2596 2431 2928 2507 ἐντέλλομαί
2960 2454 3045 2488 σοι
3076 2435 3341 2509 σήμερον·
3387 2433 3476 2488 καὶ
3523 2431 3706 2507 γνώσῃ
3737 2429 3791 2486 έν

2127 2526 2197 2596 τῇ
2228 2521 2427 2599 καρδίᾳ
2455 2543 2574 2579 σου.
2607 2523 2691 2578 ὅτι
2743 2523 2819 2584 ὡς
2856 2519 2902 2578 εἳ
2931 2544 3014 2586 τις
3045 2520 3320 2578 παιδεύσει
3357 2520 3638 2598 ἄνθρωπος
3695 2523 3788 2576 τὸν

2129 2615 2246 2669 υἱὸν
2276 2613 2464 2683 αὐτοῦ,
2516 2611 2659 2667 οὕτω
2691 2609 2972 2667 παιδεύσει
3007 2633 3063 2668 σε
3099 2611 3293 2686 Κύριος
3317 2614 3346 2668 6
3377 2612 3508 2674 Θεὸς
3538 2614 3725 2685 ἡμῶν.
3758 2633 3786 2665 ο

2126 2705 2251 2761 Ὅτι
2323 2699 2380 2757 δὲ
2448 2703 2512 2757 τὸ
2591 2699 2895 2776 ὑπόδειγμα
2966 2704 3316 2778 σωφρονίζει,
3384 2700 3578 2758 αὐτίκα
3632 2702 3787 2780 φησί·

2131 2816 2158 2845 ι(
2194 2795 2505 2867 Πανοῦργος
2569 2786 2697 2845 ἰδών
2726 2789 3146 2866 τιμωρούμενον
3203 2792 3467 2865 πονηρὸν,
3515 2794 3791 2865 κραταιῶς

2128 2880 2288 2944 αὐτὸς
2345 2877 2677 2935 παιδεύεται·
2713 2905 2739 2932 ››
2791 2878 2907 2934 ἐπεὶ
2962 2903 2986 2932 α
3018 2880 3174 2955 γενεά
3201 2880 3395 2959 σοφίας
3449 2875 3617 2959 φόϐος
3676 2886 3792 2937 Κυ-

2130 2970 2269 3047 ρίου.
2333 2995 2354 3022 ι
2420 2967 2688 3043 Μέγιστον
2748 2965 2806 3023 δὲ
2860 2967 2951 3022 καὶ
3001 2966 3338 3024 τελεώτατον
3385 2969 3609 3045 ἀγαθὸν,
3658 2969 3785 3025 ὅταν

2127 3059 2249 3116 τινὰ
2295 3057 2355 3114 έκ
2403 3062 2503 3112 τοῦ
2548 3061 2732 3120 κακῶς
2780 3059 3034 3132 πράττειν
3081 3057 3157 3120 εἷς
3205 3059 3402 3135 ἀρετήν
3459 3079 3517 3115 τε
3562 3060 3650 3114 καὶ
3702 3059 3789 3114 εύ-

2129 3146 2357 3225 πραγίαν
2414 3148 2668 3222 μετάγειν
2725 3145 2952 3217 δύνηται
2988 3168 3095 3212 τις·
3145 3150 3278 3224 ὅπερ
3339 3150 3571 3222 ὁνόμος
3629 3149 3792 3226 έργά-

365 3243 498 3314 quis
529 3241 791 3312 aliquem
833 3239 1183 3295 traducere:
1231 3240 1388 3310 quod
1438 3201 1681 3311 qiiidem
1729 3201 2013 3299 lexrfacit.

2137 3201 2347 3225 "rhlr'ﬂ
2414 3201 2577 3222 ο⁷ίν⁷1
2629 3201 2632 3202 ⁷
2736 3201 2778 3203 7V
2835 3201 2948 3217 7","
3003 3201 3069 3212 ‘7‘
3155 3201 3272 3224 ’Πνῖ
3347 3201 3362 3204 v
3409 3201 3570 3222 V'I‘i"
3633 3201 3760 3226 'rI"

2132 3245 2300 3310 ζεται·
2352 3238 2491 3293 ὥστε
2538 3238 2627 3292 καὶ
2680 3236 2805 3292 ὅταν
2852 3237 3134 3311 ἀνηκέστῳ
3162 3237 3270 3294 τινὶ
3317 3242 3470 3309 κακῷ
3525 3241 3790 3313 περιπέσῃ

363 3333 554 3397 Quare
577 3331 625 3385 si
650 3331 781 3401 quis
807 3330 868 3383 in
892 3328 1330 3384 immedicabile
1352 3329 1596 3400 aliquod
1618 3331 1843 3386 malum
1865 3333 2017 3387 ceci-

365 3420 539 3487 derit,
574 3419 884 3490 injustitize
918 3424 975 3474 et
1005 3418 1264 3472 avaritiae
1296 3418 1693 3490 mancipatus,
1724 3420 2017 3476 beneﬁcio

365 3509 681 3575 afficietur,
707 3508 755 3562 si
787 3507 1200 3562 interficiatur.
1237 3507 1347 3561 Lex
1398 3513 1488 3561 est
1519 3508 1676 3561 enim
1726 3509 2021 3578 beneﬁca,

367 3615 498 3669 qum
540 3598 689 3652 alios
718 3596 1176 3666 quidemjustos
1208 3613 1276 3649 ex
1312 3596 1553 3666 injustis
1583 3598 1744 3664 facit,
1772 3599 1819 3651 si
1845 3599 2018 3654 modo

369 3687 559 3741 velint
589 3686 794 3740 audire
821 3702 833 3751 ;
868 3684 1016 3739 alios
1048 3700 1181 3738 vero
1214 3684 1485 3740 liberata
1513 3686 1689 3740 malis
1719 3691 2022 3758 praesenti-

372 3776 503 3829 bus.
531 3777 642 3828 Eos
665 3774 845 3838 enim,
873 3773 972 3844 qui
998 3779 1322 3843 temperate
1345 3779 1404 3826 et
1424 3771 1586 3844 jdste
1609 3776 1797 3830 vivere
1831 3777 2022 3850 elege-

370 3865 513 3933 rint,
540 3862 908 3917 immortales
935 3864 1142 3933 satagit
1175 3861 1440 3917 reddere.
1488 3865 1668 3918 Nosse
1719 3872 1916 3921 autem
1946 3867 2028 3923 le-

373 3969 502 4027 gem
531 3958 620 4007 est
641 3953 813 4007 bona;
835 3952 1071 4007 mentis.
1103 3953 1172 4005 Et
1196 3968 1404 4006 rursus
1429 3969 1440 4006 :
1476 3975 1503 4003 «
1532 3954 1648 4007 Viri
1673 3955 1815 4010 mali
1834 3956 2021 4027 legem

371 4059 493 4098 non
527 4042 870 4113 intelligunt
894 4058 908 4096 :
932 4041 1033 4111 qui
1055 4047 1251 4096 autem
1277 4049 1552 4111 quaerunt
1582 4043 2021 4120 Dominum,in-

371 4133 647 4205 telligent
668 4131 728 4186 in
751 4132 912 4185 omni
929 4131 1084 4185 bono
1103 4132 1190 4200 (θ).
1213 4153 1239 4178 ι)
1255 4132 1496 4201 Oportet
1515 4138 1713 4187 autem
1728 4151 1878 4205 eam,
1896 4153 2027 4206 quas

373 4221 772 4284 administrat,
818 4219 1279 4281 Providentiam,
1332 4237 1462 4274 esse
1505 4226 1565 4276 et
1613 4221 1936 4290 dominam,
1973 4231 2032 4279 et

375 4312 614 4366 bonam.
651 4309 804 4366 I53
841 4311 1096 4380 Utraque
1130 4309 1288 4362 enim
1321 4310 1406 4362 vis
1436 4317 1716 4380 procurat
1736 4313 1988 4370 salutem
2016 4332 2028 4369 :

376 4401 480 4455 illa
506 4399 770 4470 quidem,
801 4398 1092 4470 supplicio
1134 4399 1450 4469 castigans,
1481 4405 1546 4454 ut
1592 4401 1872 4457 domina:
1907 4404 2031 4458 hinc

375 4505 532 4555 vero,
567 4505 674 4559 per
702 4487 1161 4542 beneﬁcentiam
1205 4487 1615 4556 commodans,
1649 4496 1714 4544 ut
1741 4491 2029 4547 beneﬁca.

378 4578 443 4634 Id
473 4594 608 4632 vero
641 4576 896 4647 expedit,
930 4582 997 4630 ut
1043 4575 1386 4631 desinentes
1435 4577 1542 4632 filii
1593 4579 2030 4636 incredulitatis
2062 4567 2105 4631 Ι)

382 4683 532 4735 esse,
569 4673 940 4722 transeamus
967 4681 1002 4719 a
1033 4665 1293 4720 tenebris
1316 4666 1390 4721 ad
1424 4667 1622 4734 vitam,
1654 4674 1712 4723 et
1740 4687 1914 4726 aures
1937 4688 2025 4726 sa-

2123 3350 2206 3390 τις
2277 3326 2381 3382 ύπό
2438 3347 2497 3380 τε
2574 3323 2788 3390 ἀδικίας
2841 3326 2930 3381 καὶ
3007 3325 3318 3398 πλεονεξίας
3389 3324 3787 3404 καταληφθείς,

2127 3417 2451 3492 εὐεργετοῖτ⁹
2523 3415 2582 3470 ἃν
2655 3417 2684 3471 6
2743 3414 3244 3490 ἀποκτιννύμενος·
3324 3416 3611 3492 εὖεργέτης
3680 3417 3785 3493 γὰρ

2126 3507 2156 3562 6
2210 3503 2403 3580 νόμος.
2455 3505 2582 3570 τοὺς
2643 3505 2737 3578 μὶν
2793 3501 3040 3570 δικαίους
3067 3505 3119 3578 ἐξ
3151 3504 3352 3562 ἀδίκων
3384 3510 3560 3560 ποιεῖν
3621 3502 3786 3560 δυνά-

2133 3617 2312 3670 μενος,
2374 3598 2435 3665 ἢν
2499 3595 2662 3669 μόνον
2713 3593 2917 3650 ἐπαΐειν
2951 3593 3281 3667 ἐθελήσωσιν
3336 3594 3519 3650 αὐτοῦ·
3571 3594 3698 3657 τοὺς
3727 3592 3787 3650 δὶ

2128 3685 2487 3742 ἐπαλλάττων
2536 3689 2644 3740 τῶν
2697 3685 2983 3760 παρόντων
3039 3690 3219 3741 κακῶν
3253 3704 3266 3718 ·
3335 3684 3462 3748 τοὺς
3518 3685 3618 3760 γάρ
3679 3706 3788 3740 σω-

2129 3776 2346 3853 φρόνως
2419 3774 2509 3830 καὶ
2562 3771 2788 3838 δικαίως
2865 3774 3018 3849 βιοῦν
3089 3773 3386 3847 ἑλομένους
3450 3773 3790 3844 ἀθανατίζειν

2131 3864 2385 3941 ἰπάγεται
2437 3865 2591 3937 (66).
2643 3864 2714 3918 Τὸ
2767 3860 2824 3918 δὲ
2865 3869 3065 3940 γνῶναι
3124 3864 3294 3936 νόμον
3351 3861 3590 3926 διανοίας
3644 3863 3792 3919 ἐστὶν

2133 3955 2359 4028 ἀγαθῆς.
2423 3953 2518 4007 Καὶ
2572 3949 2760 4006 πάλιν·
2797 3977 2823 4003 ιι
2859 3949 3084 4026 ’Ἄνδρες
3123 3956 3230 4026 {67)
3286 3953 3445 4008 κακοί
3475 3952 3542 4007 ού
3598 3956 3794 4008 νοοῦσι

2131 4043 2325 4116 νόμον·
2381 4043 2431 4097 οἱ
2491 4039 2548 4097 δὲ
2607 4046 2892 4112 ζητοῦντες
2946 4043 3036 4097 τὸν
3092 4041 3292 4117 Κύριον
3354 4045 3675 4114 συνήσουσιν
3737 4042 3792 4097 ἐν

2132 4135 2289 4188 παντί
2319 4131 2527 4208 ἀγαοῷ.
2573 4156 2598 4183 »ι
2647 4129 2834 4202 Δεῖδή
2869 4136 2980 4206 (68)
3036 4135 3135 4202 τήν
3164 4130 3474 4189 διοικοῦσαν
3521 4132 3792 4208 Πρόνοιαν

2132 4223 2320 4300 κυρίαν
2348 4244 2407 4277 τε
2451 4223 2581 4277 εἶναι
2628 4221 2718 4277 καὶ
2772 4222 3005 4296 ἀγαθήν·
3064 4221 3267 4300 ἀμφοῖν
3315 4224 3418 4299 γὰρ
3474 4225 3510 4293 ἡ
3565 4220 3795 4296 δύναμις

2137 4313 2419 4385 οῗκονομεῖ
2477 4311 2773 4386 σωτηρίαν·
2821 4314 2855 4382 ἡ
2911 4312 3024 4384 μὲν,
3075 4309 3302 4367 κολάσει
3361 4312 3796 4388 σωφρονίζουσα,

2137 4401 2212 4463 ὡς
2265 4401 2446 4471 κυρία·
2503 4403 2536 4469 ἡ
2597 4397 2654 4455 δὲ
2687 4445 2702 4471 ,
2759 4397 2829 4453 δι’
2887 4399 3134 4462 εὐποιίας
3185 4403 3606 4476 χρηστευομένη
3644 4447 3658 4473 ,
3719 4403 3795 4467 ὡς

2138 4491 2426 4566 εὐεργέτις.
2486 4487 2786 4559 Ἔξεστιδὶ
2822 4491 2896 4559 μή
2931 4490 3061 4544 εἶναι
3119 4489 3395 4554 ἀπειθείας
3453 4491 3593 4558 υἱὸν,
3649 4490 3800 4548 ἀλλὰ

2140 4574 2483 4653 μεταϐαίνειν
2517 4577 2578 4634 ἐκ
2604 4583 2702 4634 τοῦ
2734 4579 2960 4640 σκότους
3001 4579 3080 4641 είς
3133 4580 3301 4652 ζωὴν,
3349 4581 3438 4635 καὶ
3488 4583 3799 4657 παραθέντα

2138 4674 2207 4745 τῇ
2238 4669 2400 4745 σοφίᾳ
2429 4669 2526 4736 τήν
2562 4667 2752 4739 ἀκοὴν,
2787 4668 3024 4741 νόμιμον
3076 4669 3211 4724 εἶναι
3255 4674 3390 4724 Θεοῦ
3440 4669 3638 4727 δοῦλον
3699 4673 3798 4746 μὶν

458 4782 522 4846 ›χ‹
551 4784 623 4861 ι),
648 4783 750 4861 4_23
782 4782 893 4836 ΕΙ).
923 4782 1214 4861 nomen,
1248 4783 1493 4861 353-Εο.
1523 4786 1746 4841 PARlS.
1776 4859 1802 4861 __
1829 4787 1903 4859 (a)
1934 4789 1956 4841 ι
1984 4788 2019 4843 c

2145 4805 2223 4856 xu,
2255 4791 2344 4844 32.
2419 4787 2504 4858 (b)
2536 4786 2688 4843 Psal.
2741 4802 2912 4854 oxvn,
2948 4788 3035 4841 l8.
3114 4788 3182 4858 (ο)
3215 4788 3386 4846 Deut.
3411 4807 3533 4860 vm,
3565 4794 3618 4858 2,
3654 4791 3709 4861 3,
3742 4795 3799 4861 5,

385 4855 470 4909 11.
547 4855 628 4922 (d)
663 4855 826 4907 Prov.
863 4870 1000 4916 χιιι,
1032 4855 1084 4919 4,
1120 4856 1168 4907 4.
1251 4857 1317 4925 (e)
1349 4857 1515 4910 Prov.
1548 4874 1743 4924 xxvm,
1772 4859 1828 4913 5.

452 4969 568 5041 (64)
717 4965 773 5020 δὲ
804 4965 1032 5043 θανάτῳ.
1067 4967 1168 5024 Καὶ
1200 4970 1278 5038 τῷ
1313 4970 1545 5043 θανάτῳ,
1578 4973 1732 5029 Psal.

455 5045 563 5106 (65)
595 5042 811 5114 Ἕνεκαἶ
847 5042 979 5096 Haec
1011 5048 1217 5114 auctor
1248 5042 1683 5114 composuitex
1716 5046 2031 5114 Deuteron.

379 5117 582 5190 Vlll_.__2,
617 5117 646 5166 3
674 5131 685 5167 :
716 5110 815 5190 _K1?
852 5113 1138 5190 μνησθήσῃ
1184 5119 1357 5190 πᾶσαν
1387 5110 1729 5190 τὴν-’ὁδὸνη
1751 5116 1810 5184 ἣν
1863 5113 2038 5190 ἤγαγέ

380 5204 438 5238 σε
469 5183 674 5258 Κύριος
708 5186 734 5237 ὁ
768 5183 895 5258 Θεός
928 5205 1027 5236 σου
1059 5183 1227 5258 ἐνντῇ-
1263 5184 1475 5257 ἐρήμῳ,
1505 5187 1672 5258 ὅπως-
1707 5183 1781 5239 ἂν
1817 5183 2037 5258 κάκἰἔξση

380 5275 458 5323 σε,
518 5253 607 5330 καὶ
651 5257 882 5330 πειράσῃ
940 5276 1018 5330 σε,
1069 5253 1519 5330 καὶςδιαγ-νωσθῇ
1554 5258 1626 5330 .τά
1657 5255 1708 5330 έν
1741 5260 1808 5328 τῇ
1841 5253 2038 5330 καρδία

380 5279 458 5323 σε,
518 5279 607 5309 και
651 5279 882 5329 πειρατῃ
940 5279 1017 5318 σε,
1069 5279 1158 5310 και
1207 5279 1519 5329 οιαγνωσυῃ
1559 5279 1626 5312 τα
1657 5279 1708 5310 εν
1741 5279 1808 5328 τῃ
1841 5280 1908 5313 κα
1949 5279 2034 5330 Οιᾳ

380 5326 572 5403 σουηεί
599 5325 943 5403 φυλάξῃ-τὰς
1003 5326 1233 5403 ἐντολὰς.
1283 5327 1473 5395 αὐτοῦ,
1629 5325 1714 5403 cii.
1775 5330 1880 5384 Καὶ
1912 5279 2034 5403 £di-

378 5397 524 5454 κωσέ
579 5396 655 5460 σε,
702 5396 795 5454 καί
828 5396 1240 5492 έλιμαγχόνησὲ
1299 5419 1377 5458 σε,
1432 5399 1520 5452 καὶ
1583 5399 1830 5526 ἐιέώμισέ
1879 5423 1936 5459 σε
1975 5401 2037 5456 τὸ

388 5471 580 5526 μάννα.
609 5474 670 5526 ν.
792 5472 892 5526 Καὶ
925 5492 1103 5526 γνωση
1131 5475 1198 5526 τῆ
1231 5467 1429 5526 καρδία
1461 5491 1578 5526 σου.
1640 5474 1701 5526 ’τι
1729 5472 1802 5526 ὡς
1862 5471 1912 5526 εἷ’
1956 5494 2037 5526 τις

387 5471 580 5561 μάννα,
609 5474 670 5527 ν.
792 5467 1103 5561 ῐὲαἲργνώση
1131 5475 1198 5545 τῇ
1226 5467 1429 5561 καρδία
1461 5491 1578 5557 σου,
1618 5467 1802 5561 ξτίὼς
1836 5471 1912 5561 ἐἶ’
1956 5494 2038 5534 τις

385 5540 667 5618 ἄνθρωπος
715 5540 982 5618 παιδεύσῃ
1039 5540 1131 5596 τὸν
1153 5540 1312 5618 Α’γυὶὸν
1361 5540 1571 5618 αὐτοῦ.
1605 5543 1748 5598 οὕτω
1783 5543 1976 5618 Κύριος
2010 5547 2038 5600 6

386 5612 641 5689 9063;006
681 5612 966 5689 παιδεύσει
1012 5634 1090 5669 σε.
1153 5616 1212 5667 ν.
1252 5619 1335 5669 11.
1393 5613 1636 5689 Πρόσεχε
1677 5612 1905 5689 σεαυτῷ,
1961 5618 2036 5688 μή

387 5632 516 5674 mo:
546 5633 641 5667 σου
681 5632 958 5668 παιοευσει
1012 5634 1090 5669 σε.
1160 5632 1212 5667 v.
1252 5632 1335 5669 ιι.
1393 5632 1563 5686 υροσε
1612 5635 1636 5670 ε
1677 5636 1905 5689 σεαυτῳ,
1961 5632 2036 5688 μη

387 5681 622 5754 έπιλάθη
656 5685 853 5758 Κυρίου
899 5690 997 5741 τοῦ
1040 5689 1174 5740 Θεοῦ
1205 5705 1322 5756 σου,
1363 5690 1460 5740 τοῦ
1519 5632 1609 5758 μέ
1657 5686 1887 5765 φυλάξαι
1941 5689 2036 5752 τὰς

2146 4970 2604 5051 έν-τολάςμαύτοῖέ,
2637 4970 2768 5051 ’καίι
2794 4972 2866 5051 ίτά
2911 4971 3173 5051 κρίματα,
3222 4974 3311 5029 καὶ
3359 4976 3426 5030 τά
3456 4974 3806 5051 δικαιώματα

2144 5045 2333 5108 αὐτοῦ.
2367 5044 2466 5121 ὅσα
2496 5043 2602 5118 ἐγὼ
2634 5042 2966 5121 έντέλλομαί
2997 5042 3085 5098 σοι
3119 5048 3183 5116 σή
3198 5066 3384 5121 μερᾷον.

2218 5117 2769 5192 (66)--Ἄθειναιτίζειν
2847 5117 3400 5192 ἐπάγεται.--Μείιίῐιὶ
3469 5119 3804 5192 ἀθανατίζειν

2145 5186 2560 5264 ἐπαγγέλλεται,
2595 5213 2622 5239 ‹‹
2657 5186 3025 5264 immortales
3054 5189 3304 5264 reddere
3336 5194 3647 5264 promittit.
3683 5186 3712 5245 ἡ

2220 5257 2333 5330 (67)
2372 5258 2627 5339 :Av3peg.
2662 5257 2883 5339 Ἀνδρες
2916 5259 3072 5339 κακοὶ
3105 5260 3168 5314 ού
3199 5257 3498 5339 συνήσουσι
3522 5270 3718 5339 κρῖμα·
3751 5267 3806 5321 οἱ

2148 5328 2206 5386 δὲ
2227 5328 2528 5401 ζητοῦντες
2551 5333 2642 5387 τὸν
2677 5328 2876 5408 Κύριον
2908 5334 3224 5404 συνήσουσιν
3257 5328 3802 5406 ἐν’παντί,Ι⁵ι·ὁνεΓ1).

2146 5422 2339 5472 xxvm,
2369 5408 2419 5460 5.

2219 5479 2329 5546 (68)
2390 5472 2599 5552 Δεῖ-δή·
2637 5477 2934 5552 _Clemens
2990 5477 3147 5552 infra
3203 5481 3405 5535 Stram.
3440 5497 3520 5552 ir:
3582 5480 3680 5535 Καὶ
3738 5478 3808 5552 δή

2146 5548 2402 5628 πάρεστιν
2464 5547 2543 5628 ἀεὶ
2596 5549 2694 5628 τῇ-
2723 5567 2781 5628 τε
2835 5547 3116 5628 ἰποπτικῇΔ
3137 5594 3151 5615 ,
3189 5553 3280 5628 μτῇ
3311 5571 3396 5628 *τε
3423 5551 3767 5628 ,εὐεργετνκῇ

2145 5617 2323 5696 τε
2373 5617 2697 5691 παιδευτικῇ
2751 5619 3033 5694 ἁπτομένῃ
3082 5617 3264 5694 ’ἡμῶν
3307 5618 3532 5696 δυνάμει

3613 5623 3810 5700 ὗναμις

2145 5694 2242 5745 τοῦ
2273 5696 2428 5747 Θεοῦ.
