4120 6388
1653 339 2100 398 ΒΤΒΟΜΔἹὌΜ
2144 341 2279 394 LIB.
2320 341 2392 395 II.

3629 345 3740 403 934

307 464 496 525 ταῖσδε
523 467 575 522 οἳ
609 466 977 538 Πανέλληνες,
1009 466 1086 528 ὡς
1141 464 1420 542 μεγίσταις
1466 463 1817 535 ἐπιστήμαις.
1864 461 1964 521 "Oc

2086 465 2463 534 Consequens
2481 470 2682 521 autem
2705 472 2814 534 est,
2848 471 2912 522 ut
2939 467 3418 539 disciplinarum.
3444 471 3545 541 qui
3565 488 3738 526 voca-

305 555 352 613 δ⁹
410 556 634 632 ἐλέγχει
696 559 832 629 μετά
888 555 1239 632 παρῥησίας,
1299 549 1657 628 εἷρηνοπόιεῖ.
1716 552 1960 628 Ἒφαμεν

305 645 365 703 δὲ
420 647 694 708 πολλάκις
746 645 856 716 ἤδη
921 648 1059 718 μήτε
1120 643 1589 718 μεμελετηκέναι.
1654 643 1792 714 μήτε
1853 640 1960 712 μὴν

304 734 644 807 ἔπιτηδεύειν
706 735 1036 806 ἑλληνιζειν·
1098 735 1280 789 ἱκανὸν
1329 733 1430 809 γάρ
1491 730 1557 802 δὴ
1611 736 1773 786 τοῦτο
1823 729 1965 783 ἀπο-

307 825 665 902 δημαγωγεῖν
713 833 815 894 τῆς
867 824 1125 894 ἀληθείας
1172 823 1300 885 τοὺς
1355 821 1637 883 πολλοὺς·
1689 819 1752 873 τὸ
1802 815 1858 872 δι
1887 820 1967 888 τῷ

309 913 428 972 ὄντι
461 914 848 992 φιλοσόφημα,
883 913 978 970 οὐκ
1010 913 1085 976 εἰς
1135 916 1234 982 τὴν
1274 917 1550 987 γλῶσσαν,
1583 907 1708 965 ἀλλ’
1743 908 1816 970 εἲς
1864 908 1966 974 τὴν

306 1006 538 1082 γνώμην
590 1004 775 1074 ὀνήσει
821 1004 953 1066 τοὺς
1005 1002 1318 1065 ἐπαΐοντας.
1383 1007 1473 1057 Δεῖ
1521 999 1591 1067 δ’,
1642 1000 1820 1074 οἶμαι,
1872 997 1964 1052 τὸν

303 1094 568 1166 ἀληθείας
601 1091 910 1166 κηδόμενον
944 1093 1045 1148 οὐκ
1088 1093 1140 1162 ἐξ
1191 1087 1492 1160 ἐπιϐουλῆς
1544 1091 1632 1146 καὶ
1679 1085 1970 1166 φροντίδος

304 1186 410 1254 τὴν
438 1185 633 1261 φράσιν
695 1186 981 1239 συνθεῖναι’
1043 1188 1328 1256 πειρᾶσθαι
1365 1180 1422 1237 δὲ
1453 1180 1740 1254 ὀνομάζειν
1805 1181 1965 1252 μόνον

306 1275 388 1338 ὡς
420 1271 666 1341 δύναται,
699 1273 729 1328 ὃ
765 1270 1038 1347 βούλεταί·
1093 1272 1220 1334 τοὺς
1279 1275 1380 1347 γάρ
1435 1275 1546 1326 τῶν
1608 1269 1805 1340 λέξεων
1835 1268 1970 1345 ἐχο-

310 1377 516 1439 μένους
544 1364 792 1436 καὶπερὶ
839 1365 1038 1428 ταύτας
1084 1361 1541 1439 ἀσχολουμένους
1599 1359 1968 1435 διαδιδράσκει

304 1457 376 1512 τὰ
405 1458 725 1532 πράγματα.
763 1460 1015 1529 Γεωργοῢ
1051 1456 1145 1528 μὲν
1176 1453 1268 1510 οὖν
1321 1453 1459 1510 ἴδιον
1490 1456 1553 1509 τὸ
1609 1454 1661 1509 ἐν
1714 1455 1968 1517 ἀκάνθαις

308 1545 586 1623 φυόμενον
633 1541 793 1620 ῥόδον
838 1539 1101 1606 ἀϐλαϐῶς
1154 1538 1363 1598 λαϐεῖν·
1424 1545 1515 1598 καὶ
1572 1541 1850 1617 τεχνίτου,
1880 1544 1971 1596 τὸν

307 1636 364 1692 ἐν
401 1635 633 1710 ὀστρείῳ
683 1634 839 1708 σαρκὶ
895 1639 1010 1707 (15)
1065 1634 1558 1709 κατορωρυγμένον
1625 1631 1969 1708 μαργαρίτην

308 1725 567 1800 ἐξευρεῖν.
603 1725 744 1780 Φασὶ
775 1723 833 1779 δὲ
880 1723 971 1778 καὶ
1013 1726 1109 1786 τας
1141 1720 1357 1798 ὄρνιθας
1388 1721 1619 1793 ἡδίστην
1669 1719 1818 1797 ἔχειν
1867 1723 1966 1791 την

307 1816 510 1890 σαρκὸς
551 1813 842 1885 ποιότητα,
895 1815 1003 1882 ὅτε,
1056 1814 1154 1868 οὐκ
1201 1814 1435 1890 ἀφθόνου
1483 1816 1692 1888 τροφῆς
1738 1832 1969 1883 παρατεο

308 1905 494 1976 θείσης
551 1905 765 1974 αὐταῖς,
819 1900 937 1958 α’ίδε
995 1903 1353 1959 σκαλεῦουσαι
1411 1907 1528 1964 τοῖς
1585 1901 1767 1968 ποσὶν,
1819 1898 1971 1956 ἐκλέ-

309 2015 500 2070 γονται
536 1995 670 2066 μετά
699 1994 872 2048 πόνου
900 1993 995 2055 τὰς
1023 1995 1250 2070 τροφάς.
1289 1992 1357 2050 Εἴ
1379 2015 1464 2056 τις
1493 1991 1582 2046 οὗν
1621 1997 1718 2046 τοῦ
1768 1991 1968 2064 ὁμοίου

315 2086 644 2159 θεωρητικὸς
684 2082 734 2137 ἐν
782 2082 1021 2144 πολλοῖς
1072 2089 1189 2144 τοῖς
1231 2085 1476 2146 πιθανοῖς
1503 2103 1561 2137 τε
1590 2082 1679 2136 καὶ
1711 2082 1970 2152 Ἐλληνι-

314 2178 430 2236 κοῖς
460 2174 522 2229 τὸ
553 2173 756 2243 ἀληθὲς
787 2169 1172 2242 διαλεληθέναι
1225 2177 1336 2243 (l6)
1366 2174 1544 2238 ποθεῖ,
1575 2171 1815 2244 καθάπερ
1866 2171 1968 2226 ὑπὸ

311 2268 434 2325 τοῖς
470 2259 868 2336 μορμολκείοις
908 2263 972 2316 τὸ
1018 2261 1313 2333 πρόσωπον
1363 2262 1426 2316 τὸ
1474 2260 1760 2330 ἀληθινὸν,
1792 2261 1968 2316 πολυο

302 2354 724 2426 πραγμονήσας,
758 2352 1075 2426 θηράσεται.
1106 2351 1246 2417 Φησὶ
1275 2351 1376 2427 γάρ
1413 2350 1463 2406 έν
1498 2356 1580 2422 κῷ
1611 2352 1848 2424 ὁράματι
1889 2354 1968 2421 τῷ

299 2441 485 2516 ⁴Ερμᾷ
539 2444 574 2510 ἡ
617 2439 855 2513 Δύναμις
886 2442 921 2510 ἡ
955 2445 1199 2516 φανεῖσα·
1254 2443 1319 2494 ’Ὀ
1378 2439 1466 2495 ἐὰν
1515 2437 1794 2515 ἐνδέχεται
1850 2442 1967 2514 (Π)

301 2553 390 2586 σοι
423 2533 912 2609 ἀποκαλυφθῆναι,
942 2530 1460 2608 ἀποκαλυφθήσεται
1472 2574 1484 2588 .

2082 559 2175 608 tur
2232 555 2392 609 orbis
2452 556 2839 612 ostendamus
2897 574 3074 628 quam
3107 559 3184 613 sit
3235 559 3508 614 inutilis:
3554 567 3613 615 et
3664 561 3736 615 de

2079 643 2415 716 astrologia.
2439 645 2882 714 mathematica,
2912 653 2969 702 et
2999 649 3248 720 magica,
3291 655 3348 704 et
3396 650 3737 723 praastigiis,

2079 733 2300 787 cursim
2332 739 2422 788 est
2445 751 2480 789 a
2510 735 2681 789 nobis
2726 737 3118 792 tractandum.
3155 739 3232 792 De
3267 737 3339 792 iis
3369 738 3551 806 enim,
3608 746 3740 794 tan-

2081 840 2260 894 quam
2295 824 2566 880 maximis
2615 826 2903 890 scientiis,
2938 843 3146 882 omnes
3178 827 3360 883 Graeci
3396 845 3458 883 se
3482 828 3735 900 jactant.

2082 913 2190 978 Qui
2227 921 2407 969 autem
2438 915 2602 971 libere
2622 917 2993 986 reprehendit,
3028 924 3106 972 est
3129 921 3396 987 paciﬁcus
3426 918 3519 989 (at.
3572 919 3737 991 Saepe

2081 1009 2281 1058 autem
2339 1005 2616 1070 diximus,
2677 1022 2870 1076 neque
2927 1023 3036 1061 nos
3074 1014 3140 1062 ut
3169 1009 3364 1062 Graece
3420 1007 3740 1079 loquamur

2083 1099 2319 1148 nosmet
2367 1095 2722 1161 exercuisse,
2775 1113 2969 1166 neque
3011 1097 3072 1150 in
3099 1113 3167 1151 eo
3195 1097 3458 1152 studium
3491 1114 3735 1169 ponere.

2083 1185 2203 1238 Hoc
2234 1184 2395 1239 enim
2425 1183 2548 1239 illis
2577 1184 2944 1256 prodest,qui
2978 1185 3188 1258 vulgus
3219 1204 3254 1242 a
3279 1189 3521 1242 veritate
3551 1187 3740 1243 abdu-

2082 1277 2245 1328 cunt.
2305 1275 2456 1328 Vera
2501 1279 2700 1328 autem
2749 1274 3148 1346 philosophia,
3181 1293 3302 1332 non
3358 1282 3476 1332 tam
3507 1277 3741 1350 linguas

2083 1363 2475 1432 audientium,
2500 1381 2680 1434 quam
2703 1369 2934 1420 mentes
2948 1365 3133 1436 juvat.
3165 1368 3407 1438 Oportet
3427 1372 3648 1433 autem,
3677 1373 3744 1422 ut

2085 1453 2317 1524 Opinor,
2345 1469 2502 1520 eum,
2528 1454 2631 1524 qui
2664 1471 2868 1509 curam
2889 1455 3040 1527 gerit
3061 1456 3323 1512 veritatis
3343 1463 3428 1528 ›ι‹,
3453 1474 3572 1512 non
3596 1457 3739 1513 arti-

2086 1543 2287 1598 ficiose
2347 1549 2405 1598 et
2460 1544 2634 1617 longo
2685 1545 2881 1600 studio
2930 1547 3258 1618 composita
3289 1547 3557 1602 oratione
3611 1547 3738 1614 uti;

2087 1633 2192 1687 sed
2217 1633 2416 1688 conari
2447 1638 2676 1688 tantum
2710 1634 2790 1701 id,
2825 1636 2984 1705 quod
3017 1635 3156 1704 vult,
3192 1636 3597 1708 qualicunque
3629 1654 3738 1708 po-

2088 1729 2203 1778 test
2234 1723 2408 1778 modo
2441 1740 2755 1795 exponere.
2791 1726 2900 1779 Eos
2932 1725 3114 1794 enim,
3147 1729 3248 1798 qui
3282 1728 3511 1782 harent
3539 1728 3744 1783 dictio-

2086 1813 2282 1880 nibus,
2317 1819 2377 1868 et
2405 1813 2467 1868 in
2500 1813 2587 1869 eis
2618 1819 2757 1869 sunt
2786 1816 3076 1886 occupati.
3109 1833 3205 1871 res
3258 1817 3400 1888 ipsa)
3428 1818 3740 1890 effugiunt.

2084 1905 2274 1974 Atque
2306 1904 2581 1976 agricolae
2613 1903 2856 1974 quidem
2889 1910 2978 1960 est
3007 1906 3335 1977 proprium,
3363 1924 3582 1974 rosam,
3607 1924 3741 1979 quas

2085 1995 2146 2048 in
2206 1994 2396 2065 spinis
2453 1994 2740 2062 nascitur,
2800 1995 2948 2050 citra
2995 2012 3211 2050 noxam
3257 2013 3539 2067 carpere;
3575 1996 3738 2052 simi-

2083 2083 2219 2138 liter
2250 2090 2308 2138 et
2337 2084 2606 2151 artificis,
2650 2101 2804 2151 eam,
2837 2101 2969 2155 quae
2996 2085 3059 2140 in
3091 2085 3272 2141 ostrei
3305 2103 3483 2142 carne
3515 2085 3741 2142 infossa

2085 2178 2193 2241 est,
2220 2173 2598 2246 margaritam
2625 2173 2909 2228 invenire.
2941 2175 3278 2239 Quinetiam
3306 2175 3740 2248 aiuntgallinas

2085 2279 2321 2333 quoque
2371 2279 2611 2318 carnem
2642 2263 2862 2318 habere
2914 2265 3351 2330 suavissimam,
3386 2265 3624 2336 quando
3656 2265 3742 2320 eis

2083 2369 2203 2407 non
2233 2352 2509 2423 copiosus
2540 2353 2845 2424 appositus
2897 2353 3076 2408 fuerit
3104 2354 3291 2420 cibus,
3329 2354 3431 2409 sed
3463 2355 3606 2426 ipsas
3638 2371 3739 2426 pe-

2083 2441 2257 2497 dibus
2283 2443 2599 2504 fodientes.
2633 2460 2769 2498 cum
2801 2443 3001 2498 labore
3033 2443 3389 2500 alimentum
3431 2445 3740 2516 colligunt.

2084 2532 2141 2585 Si
2175 2532 2308 2601 quis
2340 2548 2477 2604 ergo
2508 2532 2925 2588 verisimilium
2958 2534 3451 2605 contemplationi
3485 2533 3745 2608 deditus.

301 2625 471 2695 cupit
496 2624 560 2679 in
592 2623 799 2679 multis
829 2621 1259 2694 probabilibus,
1288 2622 1480 2693 iisque
1513 2622 1750 2687 Graecis,
1783 2621 1866 2682 id,
1898 2619 2057 2691 quod
2105 2637 2309 2675 verum
2355 2627 2464 2687 est,
2498 2622 2798 2692 persequi,
2831 2622 2989 2677 haud
3023 2622 3336 2678 dissimilis
3388 2623 3503 2678 erit
3533 2623 3608 2689 ei,
3643 2622 3746 2693 qui

298 2729 514 2770 verum
543 2713 771 2770 vultum
801 2712 979 2776 larvis
1005 2712 1310 2769 obtectum
1340 2713 1679 2769 discernere
1707 2712 1939 2784 satagit.
1971 2711 2125 2766 Dicit
2155 2711 2339 2779 enim,
2365 2727 2496 2782 quae
2528 2712 2761 2767 Hermae
2795 2711 2856 2766 in
2883 2712 3106 2768 visione
3125 2712 3402 2785 apparuit
3433 2714 3700 2768 Potestas
3731 2727 3743 2766 :

302 2805 471 2869 Quod
502 2805 608 2859 tibi
636 2806 916 2874 contingit
945 2803 1200 2871 revelari,
1236 2805 1590 2860 revelabitur.

1869 2931 2098 2986 CAPUT
2137 2931 2209 2984 II.

1221 3043 1324 3097 Per
1350 3041 1513 3112 ﬁdem
1542 3040 1713 3096 solam
1734 3039 1808 3095 ad
1835 3040 1936 3094 Dei
1969 3039 2340 3108 cognitionem
2358 3038 2644 3107 perveniri
2667 3053 2848 3108 posse.

378 3165 503 3219 Ἐπὶ
555 3161 614 3219 δὶ
698 3167 767 3239 σῇ
844 3163 1007 3243 σοφίᾳ
1077 3165 1152 3237 μή
1233 3165 1483 3235 έπαίρου,
1544 3166 1600 3217 αἱ
1666 3162 1968 3234 Παροιμίαι

299 3251 556 3328 λέγουσιν
593 3272 607 3287 ·
668 3252 722 3308 έν
769 3255 967 3315 πάσαις
1014 3251 1072 3308 δὲ
1117 3251 1267 3316 ὁδοῖς
1317 3254 1552 3330 γνώριζε
1607 3255 1716 3325 (18)
1774 3250 1965 3322 αότήν,

292 3340 395 3397 ’ίνα
452 3343 738 3417 ὁρθοτομῇ
789 3344 885 3405 τάς
943 3341 1102 3405 ὁδούς
1160 3365 1295 3412 σου,
1360 3345 1387 3397 ὁ
1444 3340 1502 3398 δὲ
1557 3346 1694 3406 ποῦς
1751 3361 1846 3395 σου
1904 3338 1965 3394 οὗ

304 3448 387 3506 μη
417 3433 757 3507 προσκόπτῃ.
815 3431 1073 3488 Βούλεται
1117 3433 1213 3505 μὲν
1252 3433 1352 3507 γαρ
1385 3430 1475 3487 διά
1502 3430 1710 3486 τούτων
1775 3427 1966 3498 δεῖξαι,

300 3520 586 3577 ἀκόλουθα
637 3519 748 3576 δεῖν
805 3522 1049 3597 γενέσθαι
1091 3525 1173 3593 τῷ
1212 3520 1368 3595 λόγῳ
1418 3520 1485 3574 τὰ
1528 3517 1682 3595 ἔργα·
1736 3516 1846 3588 ¹ἤδη
1910 3514 1968 3572 8t

2149 3165 2381 3232 Propter
2439 3167 2588 3216 tuam
2617 3169 2804 3217 autem
2847 3179 2916 3217 ne
2945 3163 3197 3232 eﬂ'eram's
3233 3163 3587 3232 sapientiam,
3646 3162 3740 3218 di-

2079 3256 2223 3307 cunt
2279 3250 2640 3306 Proverbia:
2702 3255 2762 3305 in
2820 3253 3071 3307 omnibus
3120 3257 3302 3307 autem
3359 3254 3461 3307 viis
3508 3269 3742 3322 agnosce

2077 3341 2256 3410 ipsam
2284 3346 2346 3394 ut
2393 3346 2542 3395 recto
2589 3342 2808 3396 tramite
2856 3340 3066 3411 dirigat
3093 3341 3212 3397 vias
3261 3347 3402 3408 tuas,
3429 3357 3527 3412 pes
3557 3348 3743 3396 autem

2078 3436 2202 3486 tuus
2257 3447 2326 3485 ne
2382 3431 2652 3500 oﬂ'endat.
2717 3429 2852 3485 Vult
2885 3432 3044 3486 enim
3077 3449 3183 3502 per
3242 3432 3370 3486 hazc
3401 3431 3742 3498 ostendere,

2077 3525 2352 3591 oportere
2375 3535 2558 3590 Opera
2603 3535 2732 3575 esse
2764 3521 2981 3576 rationi
3012 3521 3466 3588 convenientia;
3501 3527 3561 3576 et
3587 3538 3744 3592 pras-

296 3609 578 3688 ἐμφαίνει,
636 3617 842 3686 χρῆναι
894 3611 957 3665 τὸ
1015 3610 1065 3684 ἐξ
1117 3609 1330 3680 ἀπάσης
1379 3607 1628 3672 παιδείας
1681 3610 1966 3684 χρήσιμον

2086 3615 2245 3664 terea.
2287 3625 2396 3663 nos
2455 3616 2728 3680 oportere
2782 3627 2854 3665 ex
2905 3611 3067 3665 omni
3116 3610 3388 3666 doctrina
3436 3611 3654 3684 eligere
3687 3609 3746 3664 id

305 3697 704 3776 ἐκλεγομένους
737 3701 888 3772 ἡμᾶς
919 3693 1088 3774 ἔχειν’
1124 3700 1178 3754 αἱ
1211 3697 1278 3768 δή
1309 3697 1428 3754 ὁδοὶ
1480 3697 1668 3776 σοφίας
1700 3696 1974 3768 ποικίλαι,

313 3787 646 3864 ὀρθοτομεῖν
700 3787 790 3849 ἐπὶ
844 3789 943 3858 τὴν
995 3787 1120 3844 ὁδὸν
1165 3796 1266 3859 τῆς
1327 3789 1610 3860 ἀληθείας·
1662 3787 1787 3850 ὁδὸς
1829 3785 1886 3842 δὲ
1939 3789 1973 3857 ἡ

307 3880 497 3943 πίστις
532 3922 546 3935 .
607 3879 670 3935 ἰ)
727 3878 785 3934 δὶ
841 3883 978 3940 ποῦς
1035 3900 1132 3934 σου
1194 3881 1270 3952 μὴ
1329 3877 1768 3952 προσκοπτέτω,
1828 3875 1977 3951 λέγει

308 3967 629 4044 περί-τινων
683 3967 1055 4032 ἐναντιοῦσθαι
1115 3965 1420 4024 δοκούντων
1481 3971 1550 4042 τῇ
1587 3972 1684 4042 μιᾷ
1720 3967 1812 4022 καὶ
1862 3966 1978 4038 θείᾳ

306 4062 382 4132 τῇ
439 4057 784 4135 προνοητικῇ
841 4055 1132 4130 διοικήσει.
1193 4059 1352 4122 ’Όθεν
1413 4057 1604 4132 ἐπάγει
1641 4076 1654 4089 ’
1719 4059 1805 4127 Μὴ
1870 4054 1975 4109 ἴσθι

310 4149 582 4226 φρόνιμος
653 4149 800 4223 παρά
875 4152 1104 4220 σεαυτῷ,
1183 4149 1318 4202 κατά
1383 4147 1514 4211 τοὺς
1567 4145 1758 4210 ἀθέους
1817 4147 1976 4219 λογι-

312 4235 491 4309 σμοὺς
519 4236 652 4298 τοὺς
693 4235 1134 4300 ἀντιστασιώδεις
1190 4236 1259 4312 τῇ
1316 4235 1608 4308 οῗκονομίᾳ
1661 4239 1760 4289 τοῦ
1817 4238 1972 4290 Θεοῦο

312 4321 507 4381 Φοϐοὖ
557 4324 615 4382 δὲ
667 4328 758 4381 τὸν
814 4326 980 4400 μόνον
1012 4324 1236 4381 δυνατὸν
1287 4325 1434 4382 Θεόν·
1468 4326 1513 4398 ᾧ
1564 4323 1772 4389 ἕπεται,
1809 4320 1978 4397 μηδὲν

311 4415 650 4471 ἀντικεῖσθαι
687 4421 769 4492 τῷ
800 4421 935 4488 Θεῷ.
996 4415 1220 4478 ’ΛλΛως
1251 4437 1309 4470 τε
1337 4415 1427 4470 καὶ
1459 4417 1493 4484 ἡ
1527 4414 1783 4490 ἐπαγωγῆ
1824 4410 1975 4468 διδά-

311 4524 432 4559 σκει
494 4508 702 4581 σαφῶς,
751 4505 835 4559 ὅτι
867 4505 896 4559 ὁ
948 4505 1093 4566 θεῖος
1145 4498 1314 4577 φόϐος
1347 4500 1590 4564 ἕκκλισίς
1622 4504 1735 4557 ἐστι
1781 4507 1973 4558 κακοῦ.

312 4594 464 4664 Φησὶ
513 4592 639 4668 γάρ·
692 4595 795 4650 Καὶ
850 4590 1103 4648 ἕκκλινον
1155 4593 1262 4648 ἀπὸ
1320 4593 1519 4655 παντὸς
1565 4596 1764 4648 κακοῦ.
1824 4591 1972 4662 Αὕτη

309 4679 536 4738 παιδεία
589 4686 782 4760 σοφίας
817 4728 831 4742 .
881 4685 978 4740 Ὃν
1029 4683 1134 4759 γὰρ
1193 4683 1378 4758 ἀγαπᾷ
1427 4682 1645 4758 Κύριος,
1706 4679 1974 4737 παιδεύει·

307 4770 502 4847 ἀλγεῖν
555 4773 649 4844 μὲν
723 4777 896 4828 ποιῶν
958 4772 1034 4834 είς
1089 4772 1298 4829 σύνεσιν
1352 4773 1720 4836 ἀποκαθιοτάς
1784 4769 1842 4827 δὲ
1900 4771 1976 4833 εἰς

307 4859 538 4936 εἰρήνην
589 4861 678 4916 καὶ
713 4862 1035 4939 ἀφθαρσίαν.
1095 4862 1156 4917 Ἡ
1213 4863 1310 4934 μὲν
1366 4863 1458 4916 οὗν
1513 4857 1787 4937 βάρϐαρος
1815 4860 1980 4939 φιλο-

2088 3698 2248 3771 quod
2298 3704 2387 3753 est
2415 3699 2582 3754 utile.
2635 3701 2783 3755 Sunt
2811 3706 3013 3756 autem
3061 3700 3164 3755 viae
3209 3701 3519 3774 sapientiai
3549 3701 3750 3769 varias,

2085 3795 2155 3845 ut
2177 3794 2340 3845 recto
2374 3790 2611 3846 tramite
2642 3790 2990 3846 incedamus
3021 3791 3096 3847 ad
3127 3792 3280 3847 viam
3312 3791 3595 3847 veritatis.
3645 3791 3750 3845 Via

2087 3887 2285 3936 autem
2341 3888 2432 3936 est
2478 3879 2645 3936 ﬁdes.
2699 3883 2799 3935 Pes
2846 3888 3031 3936 autem
3077 3887 3200 3936 tuus
3228 3897 3339 3936 non
3369 3881 3634 3950 offendat,
3667 3880 3751 3934 ait

2087 3970 2160 4026 de
2191 3971 2516 4041 aliquibus,
2550 3971 2651 4040 qui
2682 3969 3036 4026 videbantur
3066 3970 3362 4025 adversari
3399 3971 3576 4024 unius
3607 3969 3750 4024 divi-

2086 4075 2178 4114 nae
2213 4059 2598 4131 providentia
2641 4059 3166 4115 administrationi.
3203 4059 3367 4114 Unde
3399 4059 3743 4131 subjungit:

2084 4155 2163 4208 Ne
2213 4155 2285 4208 sis
2339 4155 2558 4223 sapiens
2615 4153 2768 4222 apud
2820 4156 3073 4222 teipsum,
3124 4169 3231 4222 per
3273 4153 3488 4223 impias
3520 4151 3750 4206 scilicet

2085 4241 2368 4302 rationes.
2405 4259 2538 4312 quas
2570 4241 2850 4296 adversus
2900 4243 3002 4296 Dei
3033 4241 3467 4312 providentiam
3500 4247 3746 4295 conten-

2085 4331 2254 4386 dunt.
2320 4332 2468 4385 Time
2493 4337 2672 4386 autem
2710 4331 2895 4398 Deum,
2960 4330 3057 4401 qui
3120 4329 3282 4384 solus
3345 4337 3434 4384 est
3491 4335 3746 4401 potens:

2087 4418 2182 4472 cui
2241 4426 2331 4474 est
2385 4436 2760 4490 consequens
2795 4461 2809 4486 ,
2869 4420 2986 4474 Deo
3047 4435 3350 4490 nunquam
3409 4418 3747 4474 adversari.

2086 4508 2422 4572 Quinetiam
2473 4508 2632 4581 quod
2689 4509 2980 4580 sequitur,
3011 4513 3212 4580 aperte
3264 4525 3502 4579 quoque
3553 4508 3746 4575 docet,

2087 4598 2246 4669 quod
2304 4601 2403 4653 Dei
2457 4601 2642 4664 timor,
2695 4604 2773 4652 est
2804 4597 2939 4653 mali
2968 4598 3286 4653 declinatio.
3348 4597 3500 4652 Dicit
3545 4598 3747 4653 enim:

2085 4689 2153 4741 Et
2206 4687 2423 4742 declina
2470 4689 2538 4742 ab
2585 4685 2736 4741 omni
2779 4687 2945 4742 malo.
2982 4689 3115 4742 Haac
3164 4694 3254 4742 est
3285 4686 3606 4759 disciplina
3663 4703 3754 4742 sa-

2085 4777 2347 4848 pientius.
2409 4779 2578 4842 Quem
2625 4777 2770 4830 enim
2818 4776 3010 4845 diligit
3040 4778 3327 4843 Dominus,
3355 4776 3595 4847 castigat
3622 4776 3698 4846 (b)
3730 4794 3750 4840 ;

2087 4866 2356 4920 afﬁciens
2415 4865 2660 4935 quidem
2720 4865 2923 4920 dolore
2956 4871 3019 4921 ut
3049 4866 3368 4939 intelligat,
3429 4866 3752 4921 restituens

305 4949 494 5025 σοφία,
575 4953 637 5021 ἣν
713 4953 1021 5024 μεθέπομεν
1071 4953 1260 5023 ἡμεῖς,
1317 4949 1503 5006 τελεία
1575 4955 1656 5023 τῷ
1712 4946 1827 5006 ὄντι
1887 4950 1977 5006 καὶ

2090 4961 2289 5010 autem
2316 4953 2390 5009 ad
2423 4969 2630 5024 pacem
2675 4960 2733 5008 et
2781 4955 3316 5026 incorruptionem.
3351 4955 3608 5010 Barbara
3638 4954 3752 5008 ita-

308 5037 547 5110 ἀληθής.
607 5040 754 5110 Φησὶ
805 5044 934 5116 γοῦν
996 5039 1048 5094 ἐν
1106 5043 1175 5112 τῇ
1239 5039 1434 5118 Σοφίᾳ·
1498 5041 1672 5102 Αὐτὸς
1724 5042 1827 5116 γάρ
1885 5060 1979 5114 μοι

2091 5061 2226 5115 que,
2262 5061 2441 5114 quam
2474 5061 2582 5098 nos
2637 5051 2955 5113 sectamur,
2989 5045 3389 5117 philosophia,
3450 5059 3586 5098 vera
3643 5047 3751 5110 est,

383 5192 448 5258 .x.
477 5187 539 5242 P.
569 5187 675 5241 340
704 5187 816 5242 ED.
854 5187 1139 5256 POTTER,
1174 5189 1277 5242 360
1310 5188 1421 5244 ΕΙ).
1456 5187 1686 5242 PARIS.
1762 5187 1839 5259 (a)
1873 5189 1984 5244 Pro

2086 5187 2150 5242 'b.
2184 5205 2240 5256 x,
2278 5187 2343 5240 10
2375 5203 2491 5242 sec.
2528 5186 2690 5243 LXX.
2772 5186 2847 5259 (b)
2881 5189 3048 5242 Prov.
3084 5204 3169 5256 III,
3203 5190 3254 5254 5,
3288 5188 3342 5250 6,
3374 5189 3427 5252 7,
3466 5186 3552 5251 l2,
3583 5183 3674 5238 23.

387 5330 505 5403 (15)
539 5331 626 5385 Ἐν
661 5328 892 5403 ὀστρείῳ
923 5349 972 5386 σ.
1028 5331 1160 5403 Legi
1190 5332 1369 5403 etiam
1410 5337 1608 5403 potest
1639 5327 1688 5384 ἰν
1727 5328 1972 5403 ὀστρείου

315 5399 498 5472 σαρκί·
532 5409 590 5458 et
620 5399 974 5472 mox-diVise
1003 5402 1058 5455 ai
1091 5399 1149 5456 δῖε
1180 5401 1335 5456 σκαλ.
1377 5399 1652 5459 ΞΫιΒυῐιϐ.

386 5475 528 5548 (16)-
558 5471 953 5544 Διαλεληθέναι
984 5517 997 5530 .
1054 5476 1263 5548 Aptius
1319 5476 1472 5530 forte
1535 5471 1919 5544 διεληλυθέναι
1957 5515 1970 5541 ,

310 5546 638 5620 pervadere.
672 5547 750 5602 In.
1108 5546 1122 5548 ί

379 5618 498 5691 ,(17)
524 5617 594 5673 ’Ὁ
625 5617 712 5672 ἐὰν
773 5613 1076 5691 ἐνδέχεται.
1130 5618 1413 5674 Usitatius
1467 5614 1497 5670 ὅ
1528 5615 1615 5670 ἐὰν
1659 5612 1972 5691 ἐνδέχηται,

315 5689 691 5762 subjunctivo
721 5689 937 5746 modo.
970 5695 1247 5747 SYLBURG.
1279 5722 1346 5732 --
1375 5691 1510 5746 Haec
1532 5706 1706 5762 porro
1739 5689 1975 5746 exstant

2083 5331 2242 5404 apud
2295 5332 2598 5404 Hermam,
2631 5333 2850 5404 Pastor.
2886 5331 2990 5384 lib.
3025 5348 3062 5396 ι,
3096 5329 3201 5383 vis.
3237 5331 3289 5390 3,
3341 5343 3471 5404 pag.
3503 5325 3746 5404 '79__edit.

2083 5399 2411 5458 A'mstelod.
2440 5405 2537 5457 Ait
2569 5403 2706 5456 mihi
2733 5419 2744 5455 :
2780 5404 3153 5470 Quodcunque
3183 5402 3492 5469 oportuerit
3528 5399 3631 5452 tibi
3658 5415 3750 5452 re-

2081 5476 2278 5542 velari,
2310 5473 2668 5529 revelabitur.

2152 5536 2275 5619 (18)’
2328 5546 2436 5619 Ἑν,
2473 5543 2673 5604 πάσαις
2734 5541 2790 5597 δὲ
2851 5540 3000 5604 ὁδοῖς
3034 5541 3335 5619 γ.-ῌάσαις
3369 5536 3520 5619 ὁδοῖς
3571 5561 3666 5595 σου
3696 5563 3749 5615 γ.

2081 5614 2257 5674 Prov!
2284 5620 2351 5673 In
2401 5618 2474 5672 iis
2528 5634 2660 5688 quas
2696 5614 3057 5687 sequuntur,
3086 5614 3316 5688 diversa
3348 5614 3620 5682 ejusdem
3652 5614 3751 5670 ca-

2080 5691 2221 5765 pitis
2251 5687 2710 5746 Proverbiorum
2742 5695 3040 5746 commata
3061 5687 3461 5742 commiscuit.
