4120 6388
324 358 431 418 9‘37

1675 363 2123 421 BTRONATUM
2161 366 2295 423 LIB.
2334 366 2408 423 Π.

3638 384 3746 439 938

322 487 358 555 ἡ
393 485 553 559 φωνή
584 488 685 541 τοῦ
710 488 868 552 Θεοῦ,
929 482 1195 550 εἰσελθεῖν
1248 485 1512 561 βιάζεται,
1567 487 1871 559 τουτέστιν,
1905 485 1966 541 sil

2101 495 2250 547 state
2282 508 2520 565 semper
2548 493 2721 550 nobis
2750 495 2941 563 adest,
2974 503 3034 554 et
3061 500 3241 572 plane
3274 504 3461 576 tangit
3500 522 3610 562 nos
3642 508 3746 563 Dei

320 576 419 638 τάς
449 572 683 639 ἀδύτους
720 574 812 630 καὶ
841 573 1041 631 ἀειδεῖς
1098 576 1223 651 περί
1278 579 1376 630 τοῦ
1436 572 1588 638 ὄντος
1644 576 1873 640 ἐννοίας.
1905 577 1986 634 Ού

317 664 426 739 γὰρ
458 663 511 720 ἒν
541 665 732 744 γνόφῳ
772 665 810 735 ἢ
839 663 997 737 τόπῳ
1021 665 1049 719 ὁ
1078 664 1235 732 Θεὸς,
1278 663 1406 721 ἀλλ’
1435 664 1685 733 ὑπεράνω
1741 665 1833 720 καὶ
1889 665 1985 720 τό·

313 772 450 821 που,
481 752 573 809 καὶ
604 754 835 830 χρόνου,
890 755 980 809 καὶ
1038 759 1142 823 τῆς
1198 758 1308 809 τῶν
1339 753 1651 831 γεγονότων
1684 752 1979 824 ἰδιότητος·

316 838 410 897 διὸ
436 838 557 898 οὐδ’
588 841 641 897 ἰν
685 843 835 919 μέρει
894 840 1239 917 καταγίνεταί
1292 862 1449 913 ποτε,
1507 839 1631 898 οὔτε
1686 842 1982 918 περιέχων,

317 927 446 987 οὔτε
473 933 902 1006 περιεχόμενος,
934 932 970 1003 ἢ
992 932 1132 987 κατά
1160 931 1389 1006 ὁρισμόν
1418 952 1560 1001 τινα,
1591 931 1627 1001 ἢ
1671 932 1809 987 κατά
1845 931 1985 987 ἀπο-

312 1021 516 1092 τομήν.
580 1021 751 1077 Ποῖον
799 1022 906 1097 γὰρ
962 1019 1111 1075 οἶκον
1163 1018 1564 1093 οἰκοδομήσετὲ
1624 1039 1769 1093 μοις
1831 1020 1979 1096 λέγει

317 1107 540 1183 Κύριος·
575 1107 705 1166 ἀλλ’
733 1106 864 1165 ούδὶ
892 1110 1069 1183 ἑαυτῷ
1092 1107 1476 1184 ᾠκοδόμησεν,
1519 1110 1812 1185 ἀχώρητος
1869 1105 1972 1164 ὤν’

316 1193 417 1253 κέν
449 1198 478 1252 ὁ
510 1197 739 1274 οὐρανὸς
769 1198 963 1274 θρόνος
1007 1198 1173 1253 αὐτοῦ
1216 1196 1470 1273 λέγηται,
1530 1196 1644 1253 οὐδ’
1692 1196 1836 1253 οὕτω
1883 1218 1981 1253 πε-

324 1285 596 1362 ριέχεται,
627 1286 1024 1343 ὲπαναπαύεται
1055 1284 1111 1343 δὲ
1138 1287 1475 1362 τερπόμενος
1500 1290 1570 1361 τῇ
1618 1283 1975 1363 δημιουργίᾳ.

316 1373 502 1445 Δῆλον
533 1377 627 1431 οὖν
654 1379 793 1449 ἡμῖν
825 1376 936 1433 ἐστι
984 1378 1279 1455 κεκρύφθαι
1332 1378 1433 1447 τήν
1481 1374 1764 1447 ἀλήθειαν·
1812 1376 1978 1432 εἶκαὶ

314 1462 366 1537 ἐξ
399 1465 521 1528 ἑνὸς
549 1464 997 1542 παραδείγματος
1027 1463 1137 1537 ἢδη
1169 1463 1459 1538 δέδεικται,
1497 1467 1691 1540 μικρὸν
1742 1463 1787 1520 δ’
1820 1464 1978 1522 ὅστε·

309 1574 407 1630 ρον
468 1555 559 1610 καὶ
621 1554 710 1611 διὰ
766 1554 1042 1612 πλειόνων
1102 1559 1543 1633 παραστήσομεν.
1597 1560 1719 1620 Πῶς
1754 1553 1812 1611 δὶ
1846 1556 1975 1632 ούχὶ

308 1641 604 1720 ἀποδοχῆς
636 1644 777 1715 ἀξιοι
806 1644 861 1701 ο¹ί
892 1666 950 1701 τε
983 1651 1171 1719 μαθεῖν
1221 1644 1519 1715 ἑθέλοντες,
1575 1643 1628 1701 οἳ
1655 1666 1715 1701 τε
1746 1643 1975 1719 δυνάμε-

306 1734 588 1802 νοι,κατά
613 1734 709 1789 τὸν
760 1734 1124 1807 Σολομῶντα,
1182 1739 1385 1811 γνῶναι
1444 1734 1638 1812 σοφίαν
1695 1735 1787 1789 καὶ
1844 1755 1973 1789 παι-

2096 586 2380 651 potestas.
2418 582 2583 638 Unde
2622 585 2870 657 Moyses,
2915 604 3050 643 cum
3102 606 3454 661 persuasum
3503 593 3751 651 haberet

2096 669 2279 725 Deum
2312 687 2622 742 nunquam
2653 673 2919 732 humana
2949 679 3252 750 cognitum
3298 681 3368 736 iri
3431 684 3745 755 sapientia,

2093 758 2325 814 Ostende
2346 766 2396 814 te
2412 761 2553 814 mihi
2576 762 2678 829 (α),
2711 763 2904 834 inquit
2927 781 2940 817 :
2960 766 3100 821 etin
3133 767 3468 841 caliginem,
3492 770 3597 826 ubi
3620 777 3749 829 erat

2092 846 2194 901 Dei
2223 863 2353 917 vox,
2386 848 2618 921 ingredi
2647 852 2977 917 contendit,
3025 854 3136 910 hoc
3159 860 3270 924 est,
3302 857 3376 913 ad
3407 873 3655 916 arcanas
3686 866 3745 915 et
3816 855 3827 873 ⁸

2090 934 2376 991 informes
2402 936 2474 992 de
2506 954 2576 992 eo
2599 938 2756 1009 quod
2780 946 2870 995 est
2888 941 3185 998 notiones.
3219 946 3348 1000 Non
3375 953 3466 1001 est
3492 948 3653 1003 enim
3677 948 3739 1004 in

2088 1022 2338 1097 caligine
2360 1026 2534 1088 Deus,
2560 1033 2663 1083 aut
2682 1028 2742 1083 in
2763 1028 2915 1099 loco,
2942 1031 3046 1087 sed
3068 1050 3248 1104 supra
3263 1034 3483 1104 locum,
3507 1042 3567 1092 et
3585 1041 3736 1093 tem-

2086 1129 2218 1184 pus,
2252 1119 2313 1168 et
2338 1115 2765 1186 proprietatem
2792 1134 2998 1175 eorum
3027 1138 3157 1192 qua:
3178 1122 3334 1179 facta
3356 1130 3525 1180 sunt:
3550 1143 3735 1197 quare

2088 1217 2417 1274 numquam
2475 1209 2567 1260 est
2612 1205 2674 1261 in
2705 1213 2893 1278 parte,
2927 1225 3038 1265 nec
3066 1215 3134 1265 ut
3161 1213 3498 1282 continens,
3529 1232 3641 1271 nec
3669 1221 3737 1271 ut

2085 1296 2424 1360 contentus,
2453 1299 2556 1349 aut
2582 1311 2690 1367 per
2719 1295 3355 1371 circumscriptionem,
3388 1307 3491 1358 aut
3510 1321 3617 1375 per
3637 1321 3732 1360 se-

2083 1380 2366 1437 ctionem.
2400 1384 2573 1447 Quam
2603 1387 2748 1439 enim
2778 1386 3002 1441 domum
3041 1388 3384 1457 aadiﬁcabitis
3412 1392 3549 1446 mihi
3572 1396 3600 1447 ?
3646 1395 3734 1449 in-

2084 1474 2206 1542 quit
2226 1473 2487 1529 Dominus
2513 1475 2614 1545 (b).
2649 1476 2762 1531 Sed
2792 1492 2903 1532 nec
2934 1477 3047 1533 sibi
3078 1480 3410 1550 mditicavit,
3442 1500 3578 1539 cum
3605 1486 3735 1557 capi

2084 1577 2204 1616 non
2235 1563 2440 1633 possit.
2474 1564 2543 1618 Et
2570 1565 2842 1635 quamvis
2872 1568 3064 1623 calum
3102 1568 3336 1627 dicatur
3385 1571 3517 1643 ejus
3562 1575 3733 1642 sedes,

2081 1666 2159 1705 ne
2184 1651 2269 1706 sic
2296 1652 2537 1723 quidem
2556 1655 2917 1723 continetur,
2940 1657 3045 1713 sed
3064 1659 3387 1729 requiescit
3405 1660 3735 1718 delectatus

2081 1738 2341 1809 opificio.
2374 1740 2613 1797 Clarum
2653 1748 2743 1798 est
2772 1760 2931 1815 ergo,
2976 1746 3331 1803 occultatam
3379 1749 3553 1805 nobis
3602 1766 3733 1806 esse

304 1818 480 1890 δείαν,
533 1825 729 1889 νοῆσαι
777 1843 838 1878 τε
917 1822 1114 1899 λόγους
1191 1826 1532 1902 φρονήσεως,
1614 1820 1857 1894 δέξασθαι
1912 1843 1966 1879 τε

2079 1827 2387 1883 veritatem
2410 1844 2425 1883 :
2458 1835 2518 1884 et
2547 1830 2597 1885 si
2619 1830 2680 1885 id
2698 1832 2827 1903 jam
2849 1849 2971 1888 uno
2994 1836 3265 1907 exemplo
3288 1843 3596 1894 ostensum
3619 1844 3730 1905 est,

305 1911 545 1990 στροφὰς
605 1910 786 1988 λόγων
839 1913 974 1985 (24),
1026 1912 1221 1981 νοῆσαί
1274 1934 1333 1968 τε
1417 1909 1766 1980 δικαιοσύνην
1824 1911 1963 1984 ἀλη-

307 2007 379 2070 θῆ
414 2002 533 2070 ζὼς
556 1999 725 2072 οὔσης
750 2002 838 2057 καὶ
874 2002 1057 2072 ἑτέρας
1097 2003 1197 2070 τῆς
1248 2004 1324 2074 μὴ
1382 2002 1521 2057 κατά
1569 2003 1674 2071 τήν
1705 2001 1965 2072 ἀλήθειαν

309 2085 703 2163 διδασκομένης
734 2090 872 2166 πρὸς
901 2094 1011 2145 τῶν
1066 2090 1253 2164 νόμων
1280 2094 1389 2145 τῶν
1444 2088 1815 2160 Ἑλληνικῶν,
1871 2090 1963 2145 καὶ

302 2181 417 2233 τῶν
477 2175 665 2234 ἄλλων
728 2183 839 2234 τῶν
894 2177 1235 2257 φιλοσόφων.
1297 2179 1396 2234 Καὶ
1453 2177 1715 2253 κρίματα,
1775 2180 1963 2250 φησὶν,

301 2266 543 2340 εύθῦναι,
576 2266 638 2323 ού
666 2269 735 2324 τὰ
790 2266 1093 2340 δικαπικά,
1152 2267 1302 2325 ἀλλὰ
1354 2268 1416 2323 τὸ
1473 2271 1757 2345 κριτήριον
1816 2269 1879 2324 τὸ
1908 2268 1963 2324 ἐν

296 2358 461 2429 ἡμῖν,
492 2356 641 2432 ὑγιὲς
668 2358 758 2412 καὶ
790 2355 1028 2419 ἀπλανδς
1062 2354 1209 2433 ἔχειν
1264 2354 1376 2413 δεῖν
1429 2357 1647 2430 μηνύει·
1706 2361 1824 2414 Ἵνα
1884 2354 1963 2430 δῷ

302 2447 532 2509 ἀκάκοις
578 2448 933 2524 πανουργίαν,
978 2445 1133 2505 παιδὶ
1192 2445 1251 2504 δὶ
1304 2450 1414 2522 νέῳ
1454 2448 1710 2519 αἴσθησίν
1757 2469 1816 2504 τε
1869 2446 1959 2504 καὶ

298 2531 516 2591 εὔνοιαν
572 2538 703 2608 (25).
762 2534 953 2594 Τῶνδε
1007 2536 1110 2612 γὰρ
1165 2536 1402 2598 ἀκούσας
1487 2537 1653 2615 σοφὸς
1712 2537 1741 2592 ὁ
1818 2537 1958 2592 ὑπα-

291 2621 480 2679 κούειν
535 2631 656 2689 ταῖς
712 2625 963 2687 ἐντολαῖς
1021 2624 1406 2695 πεπεισμῶιος,
1465 2626 1779 2701 σοφώτερος
1810 2623 1956 2681 ἔσται

292 2712 436 2768 κατὰ
470 2713 572 2783 τὴν
626 2718 851 2788 γνῶσιν·
913 2716 943 2770 ὁ
1002 2711 1059 2770 δὲ
1117 2715 1343 2789 νοήμων
1396 2709 1721 2789 κυϐερνησιν
1760 2716 1959 2786 κτήσε-

296 2819 415 2857 raw
476 2804 665 2873 νοήσει
712 2824 772 2859 τε
833 2800 1158 2877 παραϐολὴν
1239 2803 1331 2859 καὶ
1410 2804 1680 2860 σκοτεινὸν
1770 2804 1956 2878 λόγον,

299 2892 491 2967 ῥήσεις
544 2911 604 2947 τε
660 2896 842 2970 σοφῶν
899 2893 988 2948 καὶ
1051 2891 1378 2968 αἰνίγματα.
1434 2893 1513 2950 Ού
1596 2892 1702 2969 γὰρ
1757 2887 1957 2964 κιϐδή-

296 2977 434 3041 λους
466 2979 519 3035 οἱ
576 2977 792 3036 ἔπιπνοι
840 2978 901 3036 ἐκ
957 2984 1092 3036 Θεοῦ
1150 2979 1349 3057 λόγους
1398 2978 1787 3058 προφέρουσιν,
1836 2978 1957 3036 οὐδ’

296 3069 353 3123 οἱ
411 3071 559 3144 παρά
606 3069 817 3125 τούτων
876 3070 1343 3146 ἐμπορευόμενοι·
1411 3068 1539 3125 οὐδὲ
1594 3071 1702 3144 μὴν
1759 3072 1954 3147 πάγας,

294 3160 385 3221 αῖς
416 3159 470 3214 οἱ
498 3157 707 3214 πολλοὶ
743 3162 853 3215 τῶν
913 3160 1184 3237 σοφιστῶν
1212 3158 1340 3223 τοὺς
1383 3158 1537 3224 νέους
1592 3158 1951 3233 ἐμπλέκουσι,

296 3248 441 3322 πρὸς
472 3246 628 3304 οὐδὲν
661 3245 862 3320 ἀληθὲς
892 3247 1285 3325 σχολάζοντες·
1320 3247 1449 3304 ἀλλ’
1481 3248 1534 3303 οἱ
1586 3250 1680 3321 μὶν
1712 3251 1777 3304 τὸ
1806 3250 1956 3325 ἅγιον

294 3337 519 3411 Πνεῦμα
572 3340 688 3413 (26)
745 3337 1099 3409 κεκτημένοι,
1174 3336 1430 3413 ἆρευνῶσι
1508 3339 1576 3393 τὰ
1664 3338 1803 3414 βάθη
1861 3335 1958 3394 τοῦ

294 3430 454 3496 Θεοῦ,
511 3426 789 3498 τουτέστι,
841 3434 941 3497 τῆς
996 3428 1122 3501 περί
1185 3428 1278 3489 τάς
1336 3428 1677 3503 προφητείας
1734 3427 1954 3502 ἐπικρύ-

295 3517 443 3587 ψεως
473 3511 743 3585 ἐπήϐολοι
773 3515 1077 3592 γινόμενοι.
1110 3517 1232 3573 Τῶν
1265 3513 1324 3571 δὲ
1378 3515 1549 3591 ἁγίων
1606 3512 1954 3589 μεταδιδόναι

297 3608 421 3667 τοῖς
446 3604 596 3659 κυσὶν
630 3604 1049 3681 ἀπαγορεύεται,
1083 3600 1192 3661 ἔστ’
1222 3605 1282 3660 ἄν
1342 3606 1477 3680 μένῃ
1508 3604 1693 3680 θηρία·
1728 3606 1793 3660 ού
1851 3606 1955 3681 γάρ

299 3713 437 3749 ποτε
491 3691 799 3770 ἐγκιρνάναι
848 3703 1115 3772 προσήκει
1147 3700 1432 3773 φθονεροῖς
1486 3694 1578 3749 καὶ
1619 3694 1957 3771 τεταραγμέ-

299 3802 441 3853 νοις,
472 3782 721 3847 ἀπίστοις
744 3804 804 3839 τε
833 3779 911 3839 ἔτι
933 3783 1141 3857 ἤθεσιν,
1174 3784 1249 3847 εῗς
1272 3784 1482 3855 ὑλακὴν
1507 3785 1787 3856 ζητήσεως
1807 3784 1957 3839 ἀναι-

299 3869 441 3940 δὲσι,
474 3876 572 3927 τοῦ
596 3872 746 3927 θείου
775 3877 887 3946 (27)
916 3872 1007 3929 καὶ
1057 3877 1298 3950 καθαροῦ
1353 3874 1595 3948 νάματος
1621 3871 1721 3929 τοῦ
1754 3877 1958 3943 ζῶντος

2077 1915 2137 1971 id
2160 1933 2394 1988 quoque
2416 1918 2593 1990 paulo
2620 1926 2755 1991 post
2774 1923 3205 1978 monstrabitur
3223 1925 3515 1996 pluribus.
3540 1928 3731 1992 Quare

2076 2012 2273 2060 autem
2307 2024 2428 2062 non
2451 2014 2593 2063 sunt
2608 2009 2821 2064 merito
2840 2009 2905 2073 is
2921 2011 3270 2083 recipiendi,
3300 2014 3401 2085 qui
3422 2019 3478 2070 et
3500 2015 3729 2071 discere

2074 2094 2299 2163 volunt,
2342 2102 2402 2150 et
2431 2112 2500 2151 ex
2523 2098 2821 2153 sententia
2841 2098 3178 2155 Salomonis
3197 2108 3451 2172 possunt
3467 2120 3620 2159 nosse
3637 2120 3727 2159 sa-

2070 2184 2345 2253 pientiam
2374 2192 2424 2240 et
2453 2184 2832 2256 disciplinam,
2866 2194 2918 2242 et
2948 2186 3258 2260 intelligere
3298 2194 3541 2249 rationes
3570 2193 3726 2251 150

2068 2274 2408 2343 prudentiae,
2441 2281 2495 2328 et
2536 2278 2810 2345 suscipere
2854 2278 3113 2348 strophas
3161 2283 3496 2348 orationum,
3545 2287 3598 2337 et
3642 2299 3730 2337 ve-

2073 2378 2195 2416 ram
2225 2362 2535 2432 intelligere
2565 2365 2897 2434 justitiam?
2924 2382 3059 2425 cum
3103 2372 3163 2422 et
3211 2368 3331 2425 alia
3370 2371 3577 2441 utique
3628 2373 3726 2434 sit.

2075 2467 2209 2521 qum
2240 2467 2359 2507 non
2392 2467 2462 2506 ex
2492 2452 2739 2508 veritate
2768 2452 3053 2510 doceatur
3081 2471 3116 2511 a
3140 2456 3356 2513 Graecis
3385 2458 3635 2530 legibus,
3669 2465 3730 2515 et

2074 2538 2208 2595 aliis
2238 2538 2632 2611 philosophis.
2667 2542 2736 2595 Et
2754 2541 2999 2611 judicia,
3033 2543 3248 2614 inquit,
3280 2546 3559 2615 dirigere:
3602 2563 3725 2603 non

2070 2627 2354 2696 forensia,
2389 2626 2491 2682 sed
2523 2628 2681 2698 quod
2712 2634 2803 2683 est
2831 2629 2892 2684 in
2919 2631 3091 2686 nobis
3105 2632 3398 2703 judicium
3434 2651 3646 2691 sanum
3669 2643 3730 2693 et

2072 2716 2145 2771 ab
2175 2732 2378 2771 errore
2405 2715 2666 2771 alienum
2692 2722 2965 2788 oportere
2989 2736 3100 2774 nos
3130 2719 3373 2790 habere,
3393 2723 3722 2797 signiﬁcat:

2078 2807 2143 2862 Ut
2172 2805 2263 2859 det
2288 2805 2627 2875 simplicibus
2658 2808 2937 2875 astutiam,
2961 2825 3141 2878 puero
3184 2817 3368 2866 autem
3413 2829 3593 2884 nuper
3618 2832 3724 2870 na—

2072 2902 2127 2949 to
2153 2910 2366 2949 sensum
2396 2902 2449 2948 et
2472 2895 2917 2951 benevolentiam.
2946 2899 3074 2954 Haec
3118 2901 3262 2954 enim
3305 2917 3427 2956 cum
3478 2903 3723 2960 audierit

2068 2986 2308 3054 sapiens,
2340 2984 2432 3038 cui
2473 2999 2824 3055 persuasum
2856 2991 2947 3040 est
2976 2986 3218 3043 obedire
3249 2993 3581 3063 praaceptis,
3614 2997 3721 3049 erit

2069 3089 2177 3144 per
2205 3072 2604 3145 cognitionem
2627 3076 2935 3146 sapientior
2956 3092 2974 3129 :
3003 3079 3103 3146 qui
3143 3084 3221 3134 est
3272 3086 3457 3135 autem
3504 3080 3719 3138 intelli-

2067 3178 2221 3232 gens,
2256 3164 2507 3232 aequiret
2548 3163 3021 3232 gubernationem,
3072 3172 3124 3220 et
3167 3167 3442 3238 intelliget
3482 3172 3725 3239 parabo-

2071 3252 2181 3307 lam
2220 3256 2273 3305 et
2319 3250 2604 3304 obscurum
2648 3267 2968 3313 sermonem,
3020 3260 3074 3307 et
3111 3257 3419 3323 sapientum
3469 3257 3620 3314 dicta
3669 3267 3723 3314 et

2066 3341 2373 3409 aenigmata
2392 3338 2482 3407 (e).
2508 3340 2631 3393 Non
2648 3339 2804 3395 enim
2824 3339 3191 3397 adulterinas
3211 3344 3521 3414 proferunt
3540 3348 3725 3403 ratio-

2067 3445 2195 3495 nes,
2231 3428 2331 3499 qui
2367 3434 2507 3483 sunt
2536 3444 2571 3483 a
2601 3428 2716 3483 Deo
2750 3428 3048 3501 inspirati,
3089 3448 3200 3487 nec
3247 3432 3310 3499 ii,
3362 3434 3461 3505 qui
3512 3435 3585 3491 ab
3635 3437 3723 3491 eis

2066 3522 2449 3573 mercantur:
2485 3516 2589 3572 sed
2620 3534 2731 3573 nec
2760 3517 3027 3590 laqueos,
3075 3519 3292 3591 quibus
3321 3522 3593 3595 plerique
3624 3540 3724 3580 so-

2067 3606 2279 3678 phistaa
2311 3605 2719 3661 adolescentes
2743 3606 3074 3677 implicant,
3101 3609 3332 3665 veritati
3355 3611 3602 3668 mimine
3622 3629 3723 3669 va-

2068 3701 2292 3751 cantes.
2328 3694 2440 3750 Sed
2474 3695 2574 3767 qui
2606 3696 2877 3765 Spiritum
2910 3702 3182 3753 sanctum
3227 3700 3558 3770 possident,
3586 3718 3724 3772 pro-

2066 3785 2244 3856 funda
2278 3786 2375 3839 Dei
2411 3790 2733 3840 scrutantur
2758 3785 2835 3857 (ά)
2860 3803 2880 3847 .·
2909 3786 3022 3842 hoc
3054 3793 3161 3856 est,
3206 3804 3274 3843 ea
3299 3797 3722 3860 assequuntur,

2071 3891 2202 3946 quas
2230 3874 2418 3929 latent
2446 3873 2507 3928 in
2538 3874 2863 3946 prophetis.
2896 3876 3100 3931 Sancta
3128 3882 3327 3932 autem
3358 3880 3586 3934 canibus
3614 3882 3723 3935 im-

302 3956 519 4024 ῦδατος.
574 3962 665 4031 Μὴ
729 3958 796 4032 δὴ
861 3962 1269 4038 ὑπερεκχείσθω
1328 3965 1438 4036 (28)
1495 3983 1580 4018 σοι
1636 3961 1801 4017 ὕδατα
1858 3958 1959 4032 ἔξω

2079 3964 2246 4033 petire
2274 3964 2344 4031 (e)
2367 3967 2618 4029 vetatur,
2653 3962 2885 4018 scilicet
2910 3964 3172 4035 quandiu
3203 3967 3537 4021 manserint
3554 3968 3715 4036 ferae,

302 4056 495 4125 πηγῆς
556 4067 687 4105 σου⁶
746 4049 825 4115 είς
881 4048 940 4106 δὶ
998 4050 1092 4114 σὰς
1146 4048 1407 4113 πλατείας
1468 4048 1866 4126 διαπορενέσθω
1898 4049 1964 4104 σᾶ

306 4134 498 4196 ὕδατα.
561 4138 640 4196 Ού
715 4139 817 4216 γάρ
899 4138 1183 4217 φρονέουσι
1238 4144 1463 4195 τοιαῦτα
1546 4138 1775 4211 πολλοὶ,
1835 4137 1962 4193 ὁκό·

303 4247 391 4283 σοι
474 4230 584 4301 (29)
668 4226 1104 4303 ἆγκυρσεύουσινο
1185 4226 1312 4284 οὐδὲ
1388 4228 1650 4302 μαθόντες
1684 4272 1698 4298 ,
1800 4228 1966 4304 γινώ-

304 4336 554 4371 σκουσιν·
614 4316 855 4372 εαυτοῖσι
913 4314 972 4373 δὲ
1022 4314 1292 4387 δοκέουσι,
1362 4317 1501 4373 κατὰ
1548 4317 1642 4372 τὸν
1715 4321 1961 4392 γενναῖον

300 4404 686 4481 Ἡράκλειτον.
719 4406 843 4481 Ἆρ’
900 4405 962 4461 ού
1021 4403 1179 4461 δοκεῖ
1234 4427 1320 4462 σοι
1357 4405 1447 4462 καὶ
1496 4406 1655 4469 οὗτος
1701 4403 1828 4469 τοῦς
1886 4406 1964 4478 μὴ

2071 4054 2197 4106 Non
2229 4055 2464 4123 oportet
2494 4051 2653 4105 enim
2681 4050 2820 4111 illis.
2857 4053 2958 4122 qui
2982 4052 3255 4107 invidiosi
3290 4059 3349 4108 et
3375 4056 3727 4126 perturbati.

2074 4145 2133 4195 et
2159 4139 2352 4195 adhuc
2375 4138 2651 4195 inﬁdeles
2676 4139 2967 4208 moribus,
3021 4147 3078 4195 et
3107 4140 3179 4195 ad
3230 4141 3612 4214 impudenter
3642 4144 3728 4200 la-

2073 4226 2352 4283 trandum
2390 4226 2673 4282 adversus
2720 4227 2983 4282 veritatis
3033 4228 3487 4299 inquisitionem
3534 4234 3730 4302 parati

2074 4321 2235 4382 sunt,
2268 4314 2609 4370 immiscere
2638 4314 2902 4369 divinum
2927 4321 2986 4370 et
3006 4333 3221 4387 purum
3240 4317 3535 4374 ﬂuentum
3556 4337 3729 4392 aqua:

2073 4404 2253 4461 vivae:
2290 4406 2365 4460 Ne
2406 4403 2790 4475 effundantur,
2842 4403 3058 4475 inquit,
3110 4421 3268 4475 aqua:
3316 4410 3476 4462 extra
3521 4412 3732 4478 fontem

377 4524 442 4589 ’ἴε
476 4526 537 4581 Ρ.
574 4526 704 4581 432.
738 4525 851 4581 ΕΙ).
886 4526 1184 4596 ΡΟΤΤΕΒ,
1214 4526 1321 4582 362
1363 4526 1477 4581 ED.
1509 4525 1735 4581 PARIS.
1773 4525 1849 4597 (α)
1880 4525 1966 4579 Ειι

2090 4538 2293 4591 xxxnl,
2331 4521 2414 4576 13.
2444 4520 2521 4593 (b)
2552 4521 2663 4577 Isa.
2695 4538 2844 4589 LXVI,
2875 4524 2924 4577 1.
2958 4521 3222 4595 (c).P,rov.
3256 4525 3419 4592 1,2-6.
3449 4524 3574 4597 (d)I
3602 4526 3747 4584 Cor.’

300 4615 366 4665 ιι,
403 4601 488 4652 10.
524 4599 593 4668 (e)
619 4599 820 4653 Matth.
853 4613 949 4664 vn,
972 4600 1026 4654 6.

377 4711 775 4790 (2§)_thoqaa‘tg
809 4713 1065 4790 A‘._Vulg.
1094 4713 1313 4790 _Biblia
1367 4714 1644 4771 Proverb.
1707 4731 1747 4785 ι,
1806 4730 1961 4790 στρο·

2079 4706 2180 4790 Καῖ
2212 4702 2377 4790 ἔδειξὲ
2411 4727 2505 4790 μιοι
2548 4706 2800 4790 καθαρὸν⁸
2830 4706 3083 4790 ποταμόν
3134 4705 3335 4790 ὕδατος
3388 4714 3559 4790 ζωῆς,
3618 4710 3738 4790 λαμ

305 4781 412 4862 φὰς
445 4781 654 4875 λόγων,
684 4781 774 4868 καὶ
832 4781 1423 4875 λύσειςναίνιγμάτωνι
1473 4794 1540 4875 et
1587 4781 1744 4869 mox,
1793 4781 1967 4869 κρίμα

304 4857 672 4920 κατευθύνειν,
693 4857 1144 4930 ἐείηεεηυιῐιονο
1172 4857 1188 4912 ἐ
1218 4875 1351 4929 quas
1408 4858 1584 4914 lectio
1615 4858 1665 4914 si
1714 4858 1967 4930 recipia-

303 4935 427 4996 tur,
449 4946 598 5002 Διιιοκ
624 4925 1221 5002 etiam'singulariter
1237 4925 1568 5002 legendum
1601 4929 1791 4985 erit-co
1820 4925 1968 4984 δ“ικα.

305 4999 515 5055 στικόν.
540 5000 816 5056 Βγιιιυῐιο.

383 5072 497 5143 (25)
566 5066 813 5127 Εὕνοιαν.
871 5069 1260 5143 Scribendum
1333 5066 1543 5125 ἔννοιαν
1628 5089 1764 5127 cum
1826 5071 1967 5128 LXX

308 5142 761 5215 interpretibus,
798 5142 957 5213 quod
989 5142 1299 5215 Sylhurgio
1331 5144 1510 5199 etiam
1542 5144 1785 5215 placuit.

379 5214 495 5286 (26)
528 5217 766 5287 Πνεῦμα.
802 5216 867 5270 D.
914 5214 1133 5269 Paulus
1190 5214 1216 5268 l
1271 5214 1403 5270 Cor.
1459 5214 1666 5279 11,10:
1724 5217 1969 5287 Spiritus

310 5289 459 5342 enim
480 5289 668 5342 omnia
692 5292 994 5349 scrutatur,
1013 5288 1182 5340 etiam
1204 5288 1492 5355 profunda
1516 5289 1630 5342 Dei.
1664 5287 1752 5343 Ita
1768 5287 1968 5343 locum

310 5357 473 5430 hunc
495 5358 568 5414 de
608 5358 831 5430 Spiritu
858 5365 1064 5413 sancto
1086 5357 1358 5427 exposuit
1395 5358 1683 5429 Didymus
1712 5358 1966 5414 Alexan-

311 5429 524 5486 drinus
555 5429 661 5485 lib.
693 5447 712 5484 ι
742 5432 819 5485 De
848 5430 1067 5501 Spiritu
1085 5435 1275 5483 sancto
1306 5446 1324 5482 :
1350 5431 1445 5501 Sic
1474 5437 1525 5485 et
1556 5447 1677 5501 qua:
1699 5432 1798 5485 Dei
1819 5435 1967 5497 sunt,

309 5517 470 5572 nemo
499 5502 775 5571 cognovit,
807 5502 917 5556 nisi
940 5499 1002 5553 τὸ
1032 5501 1274 5571 Πνεῦμα,
1308 5500 1366 5555 id
1423 5507 1532 5569 est,
1556 5499 1803 5572 Spiritus
1830 5502 1968 5555 Dei:

309 5570 388 5625 Τὸ
412 5571 513 5646 γὰρ
567 5570 809 5646 Πνεῦμα,
866 5572 983 5646 hoc
1036 5577 1146 5646 est,
1204 5572 1447 5642 Spiritus
1498 5570 1643 5629 enim
1688 5579 1974 5628 scrutatur

307 5643 516 5712 omnia,
540 5644 711 5701 etiam
738 5644 858 5700 alta
886 5644 1004 5698 Dei.
1033 5643 1298 5699 Couxcr.

382 5715 499 5788 (27)
520 5716 629 5772 Τοῦ
659 5712 828 5779 θείου.
860 5714 1176 5787 Respicere
1203 5714 1437 5773 videtur
1455 5714 1701 5789 Apocal.
1733 5732 1870 5785 xm,
1904 5717 1926 5770 l
1955 5731 1968 5770 :

590 5831 861 5894 Panos.
907 5828 1023 5893 Gn.
1066 5826 1235 5894 νιιι.

2074 4780 2209 4856 πρὸν
2243 4776 2731 4859 (ὗς-κρύσταλλον,
2783 4776 3214 4857 ἐκπορευόμενον
3267 4781 3328 4837 ἐκ
3381 4776 3501 4839 τοῦ
3537 4776 3735 4859 θρόνού

2074 4854 2171 4909 τοῦ
2201 4854 2354 4907 Θεοῦ.

2153 4925 2267 4997 (28)
2299 4918 2631 4999 Mi;_8i,_6_1_t._
2653 4924 2791 4999 Πρω
2852 4924 2979 4999 ista:
3020 4925 3351 4999 particulae,
3395 4926 3472 4999 μή
3506 4921 3598 4995 δή,
3631 4926 3739 4983 ab-

2079 4994 2220 5068 sunt
2249 5012 2284 5068 a_
2313 4995 2477 5068 Vulg.
2507 4994 2657 5049 Bibl.
2691 4995 2963 5068 Proverb.
2996 4994 3046 5059 v',
3081 4997 3179 5052 ubi
3214 4994 3641 5068 etiam'legitur
3668 4999 3738 5052 τὰ

2079 5066 2248 5122 ὕδατα
2268 5064 2328 5120 ἐκ
2354 5064 2455 5134 τῆς
2481 5071 2579 5132 σῆς
2608 5072 2810 5140 πηγῆςῖ
2847 5067 3110 5140 itemque
3144 5085 3301 5136 mox,
3331 5068 3399 5122 τὰ
3454 5064 3519 5122 ea
3548 5066 3737 5126 ὕδατα.

2079 5141 2446 5212 Clementem
2475 5137 3091 5212 tamen_de_industria
3121 5141 3536 5212 prohibitivam
3555 5141 3744 5211 parti-

2080 5211 2277 5268 culam
2308 5226 2629 5282 usurpasse
2660 5210 2970 5266 declarant
3000 5210 3139 5265 tum‘
3158 5210 3589 5267 antecedentia.
3611 5217 3739 5267 tum

2080 5282 2395 5354 sequentia
2428 5298 2441 5335 :
2478 5287 2552 5354 ut,
2571 5286 2746 5349 vetet,
2781 5282 2842 5354 in
2864 5282 2995 5337 loca
3026 5298 3392 5353 supervacua
3422 5288 3480 5354 et
3498 5282 3742 5354 rigatio-

2080 5353 2183 5410 nisi
2209 5370 2329 5409 non
2356 5353 2933 5425 capaciaeﬂ‘undere
2965 5370 3161 5425 aquas,
3183 5369 3340 5418 suas,
3376 5353 3480 5408 sed
3505 5359 3739 5411 tantum

2080 5428 2141 5481 in
2174 5442 2295 5498 sua
2313 5423 2463 5498 loca.
2498 5424 2714 5498 quibus
2744 5441 2879 5480 cum
2910 5423 3102 5480 fructu
3148 5423 3517 5497 impenditur
3537 5442 3738 5498 opera,

2079 5498 2235 5553 rivos
2266 5496 2486 5551 diduci.
2522 5496 2776 5551 Sanuno

2154 5572 2266 5639 (29)
2295 5565 2538 5623 Ὀκόσοι.
2603 5565 2937 5639 Legendum
2988 5565 3310 5639 existimen
3370 5564 3612 5631 ὁκόσοις,
3644 5569 3742 5625 in-

2084 5637 2215 5713 quit
2235 5640 2586 5696 Gatakerus.
2620 5637 2948 5693 comment.
2981 5638 3043 5693 in
3062 5637 3233 5692 Marci
3258 5640 3540 5695 Antonini
3555 5640 3743 5710 libav,

3386 5825 3469 5888 30
