4120 6386
308 379 416 436 941

1661 381 2113 438 ΒΤΒΟΠΑΤΠΜ
2149 383 2284 437 LIB.
2329 385 2400 440 ΙῙ.

3632 386 3743 441 942

305 504 586 562 τείνονται
619 547 632 562 .
691 507 750 562 Ὁ
805 503 1098 566 πιστεύσας
1148 501 1330 559 τοίνυν
1390 509 1510 568 ταῖς
1572 508 1808 580 Γραφαῖς
1859 507 1980 564 ταῖς

2101 507 2258 562 enim
2289 505 2585 564 deﬁniunt
2614 507 2952 582 philosophi
2995 509 3290 578 habitum,
3323 526 3358 566 a
3387 510 3618 566 ratione
3645 511 3748 581 qui

307 597 502 664 θείαις,
533 596 635 665 τήν
667 592 844 669 κρίσιν
892 589 1111 669 βεϐαίαν
1165 589 1310 668 ἔχων
1339 598 1473 666 (39),
1503 591 1776 664 ἀπόδειξιν
1809 593 1971 648 ἀναν-

303 685 569 762 τίρῥητον
628 685 731 754 τῆν
790 687 892 738 τοῦ
948 684 1043 745 τάξ
1102 683 1316 760 Γραφᾶς
1349 680 1737 757 δεδωρημὲνου
1787 684 1974 760 φωνήν

308 770 582 848 λαμϐάνει
611 777 768 829 Θεοῦ.
822 773 1014 830 Οὗκέτ’
1075 773 1164 826 οὗν
1207 776 1389 835 πίστις
1412 773 1612 848 γίνεται
1649 771 1718 827 δι’
1753 769 1975 826 ἀποδεί-

309 865 444 937 ξεως
479 863 855 939 ὠχυρωμένη.
920 863 1194 935 Μακάριοι
1251 862 1458 930 τοίνυν,
1519 863 1570 916 οἱ
1633 863 1709 934 μή
1743 859 1971 930 ίδόντες,

306 955 402 1010 καὶ
433 953 836 1012 πιστεύσαντες.
879 953 945 1009 Αἱ
994 956 1125 1028 γοῦν
1154 957 1265 1006 τῶν
1299 954 1565 1026 σειρήνων
1615 949 1972 1020 έπιτελέσεις,

312 1043 540 1118 δύναμιν
605 1044 738 1117 ὑπὲρ
789 1041 1074 1120 ἄνθρωπον
1134 1041 1573 1116 ἐνδεικνύμεναι,
1643 1041 1970 1112 ἐξέπληττον

307 1137 438 1198 τοὺς
470 1133 1015 1210 παρατυγχάνοντας,
1047 1133 1183 1207 πρὸς
1215 1133 1312 1201 τήν
1341 1138 1448 1187 τῶν
1492 1129 1814 1207 λεγομένων
1865 1152 1970 1186 πα-

311 1222 562 1302 ραδοχὴν
593 1221 790 1299 σχεδὸν
823 1222 1050 1284 ἄκοντας
1085 1222 1510 1295 εὐτρεπίζουσαι.

2089 599 2479 655 transmoveri
2531 616 2645 654 non
2681 606 2892 672 potest.
2925 601 3102 656 Estne
3130 617 3268 674 ergo
3323 601 3545 671 aliquis
3593 601 3749 656 alius

2086 686 2382 757 ejusmodi
2415 705 2584 742 verus
2620 695 2807 744 status
2847 689 3107 760 pietatis,
3140 690 3313 761 cujus
3340 690 3466 744 sola
3499 694 3588 744 est
3615 705 3747 744 ma-

2083 776 2266 847 gistra
2300 777 2497 832 ratio?
2541 779 2664 833 Non
2716 795 2819 850 ego
2854 778 3092 848 quidem
3127 780 3402 833 arbitror.
3454 779 3745 833 Cazterum

2085 867 2525 938 Theophrastus
2557 869 2721 938 dicit,
2756 886 2998 924 sensum
3034 886 3162 924 esse
3188 869 3324 924 ﬁdei
3357 869 3736 941 principium.

2082 956 2136 1009 Is
2168 956 2327 1010 enim
2365 958 2660 1028 principia
2683 959 2898 1013 rationi
2931 965 2990 1012 et
3020 959 3351 1014 intellectui
3387 966 3587 1013 nostro
3609 976 3742 1029 sup-

2083 1044 2328 1116 peditat.
2365 1047 2472 1112 Qui
2523 1047 2737 1102 divinis
2787 1064 2923 1120 ergo
2957 1048 3275 1120 Scripturis
3316 1049 3487 1102 ﬁrmo
3511 1048 3741 1120 judicio

2083 1133 2293 1199 credit,
2351 1136 2943 1204 demonstrationem,
2989 1137 3083 1192 cui
3128 1137 3455 1192 contradici
3511 1137 3738 1207 nequit,

2086 1223 2188 1277 Dei
2222 1223 2468 1292 scilicet,
2502 1226 2603 1296 qui
2638 1227 2968 1297 Scripturas
2999 1226 3170 1280 nobis
3200 1226 3379 1293 dedit,
3413 1242 3616 1280 vocem
3645 1242 3740 1281 ac-

309 1301 479 1388 cipit.
513 1317 599 1370 Ita
626 1315 772 1370 ﬁdes
799 1332 906 1386 per
936 1313 1508 1369 demonstrationem
1544 1301 1771 1368 ﬁrmior
1803 1310 1930 1366 ﬁeri
1964 1312 2190 1382 nequit.
2237 1314 2397 1368 Beati
2442 1313 2646 1385 itaque,
2697 1319 2796 1386 qui
2843 1333 2951 1370 non
2995 1317 3270 1383 viderunt,
3303 1322 3353 1370 et
3394 1316 3744 1370 crediderunt

315 1406 418 1478 (α).
452 1409 533 1462 Ac
565 1406 832 1460 sirenum
865 1404 1105 1476 quidem
1136 1409 1369 1470 cantus,
1399 1403 1450 1457 vi
1477 1402 1612 1474 plus
1645 1419 1824 1474 quam
1857 1401 2121 1457 humana
2179 1419 2302 1468 eos,
2330 1404 2432 1474 qui
2463 1405 2523 1459 in
2557 1422 2657 1461 eas
2690 1405 3042 1477 inciderant,
3097 1404 3648 1478 obstupefaciebant
3679 1408 3746 1460 ut

313 1512 407 1566 ea,
440 1512 572 1567 quae
605 1494 956 1552 dicebantur
988 1492 1350 1566 exciperent,
1383 1491 1816 1566 prOpemodum
1847 1491 2061 1546 invitos
2095 1490 2468 1550 inducentes.

1847 1631 2079 1687 CAPUT
2117 1633 2214 1688 III.

811 1742 1016 1800 Contra
1050 1742 1333 1798 hareticos
1353 1741 1618 1812 disputat,
1647 1741 1746 1810 qui
1771 1738 1933 1808 ﬁdem
1963 1754 2032 1792 ex
2059 1745 2273 1795 naturae
2301 1742 2620 1798 necessitate
2643 1746 2940 1814 provenire
2968 1750 3236 1802 statuunt.

390 1870 650 1927 Ἐνταῦθα
679 1867 911 1947 φυσικὴν
941 1869 1197 1943 ἡγοῦνται
1226 1867 1328 1936 τὴν
1365 1865 1545 1922 πίστιν
1593 1865 1645 1919 οἱ
1691 1863 1833 1940 ἀμφὶ
1879 1862 1973 1919 τὸν

2156 1866 2256 1922 llic
2282 1868 2462 1925 ﬁdem
2484 1887 2613 1926 esse
2637 1871 2972 1927 naturalem
3001 1869 3738 1926 existimantBasilidisse-

310 1955 664 2029 Βασιλείδην’
698 1958 832 2022 καθὸ
865 1958 952 2012 καὶ
987 1955 1073 2012 ἐπὶ
1104 1964 1206 2026 τῆς
1243 1955 1481 2032 ἐκλογῆς
1529 1957 1814 2010 τάττουσιν
1874 1952 1974 2010 αὖ-

313 2050 442 2120 τήν,
492 2047 559 2102 τὰ
611 2047 911 2121 μαθήματα
968 2043 1370 2108 ἀναποδείκτως
1403 2043 1754 2118 εὑρίσκουσαν
1807 2063 1975 2098 κατα-

319 2135 488 2212 λήψει
546 2139 802 2210 νοητικῇ.
860 2136 926 2193 Οἱ
959 2133 1017 2190 δὲ
1041 2135 1147 2190 ἀπὸ
1189 2133 1572 2203 Οὐαλεντίνου,
1604 2135 1703 2204 τήν
1737 2135 1831 2207 μὲν
1884 2131 1974 2188 πί-

317 2249 436 2282 στιν
485 2233 603 2289 τοῖς
656 2224 854 2290 ἁπλοῖς
887 2225 1278 2300 ἀπονείμανεες
1323 2228 1484 2299 ἡμῖν,
1530 2225 1717 2286 αὑτοῖς
1773 2221 1830 2279 δὶ
1874 2225 1974 2292 τήν

313 2321 516 2394 γνῶσιν
568 2319 702 2389 (40),
746 2322 864 2379 τοῖς
912 2315 1066 2392 φύσει
1114 2315 1451 2388 σωζομένοις
1497 2317 1634 2386 (41),
1688 2312 1824 2368 κατὰ
1874 2312 1973 2382 τὴν

311 2411 414 2462 τοῦ
491 2404 842 2482 διαφέροντος
916 2403 1228 2475 πλεονεξίαν
1295 2405 1606 2479 σπέρματος
1653 2401 1979 2478 ἐνυπάρχειν

319 2493 640 2571 βούλονται,
701 2498 893 2570 μακρῷ
949 2496 1058 2567 (42)
1092 2490 1149 2548 δὲ
1176 2489 1596 2568 κεχωρισμένην
1657 2491 1907 2560 πίστεως,
1940 2490 1976 2560 ἢ

311 2584 380 2638 τὸ
410 2584 776 2658 πνευματικὸν
832 2586 930 2637 τοῦ
982 2585 1224 2656 ψυχικοῦ
1277 2579 1551 2655 λέγοντες.
1585 2581 1704 2634 Ἔτι
1736 2577 1891 2656 φασὶν
1925 2579 1978 2632 οἱ

314 2673 426 2728 ἀπὸ
457 2669 782 2730 Βασιλείδου
811 2674 946 2746 (43),
979 2670 1159 2726 πίστιν
1192 2670 1305 2744 ἅμα
1352 2670 1440 2724 καὶ
1489 2669 1728 2744 ἐκλογήν
1774 2666 1976 2723 οἰκείαν

315 2762 455 2818 εἶναι
513 2764 631 2818 καθ’
689 2759 914 2817 ἕκαστον
967 2757 1271 2833 διάστημα·
1317 2759 1434 2814 κατ’
1463 2756 1901 2830 ἐπακολούθημα
1932 2753 1979 2810 δ’

318 2852 386 2908 αὗ
414 2859 516 2922 τῆς
549 2849 788 2927 ἐκλογῆς
819 2857 919 2920 τῆς
953 2848 1344 2926 ὑπερκοσμίου,
1373 2850 1475 2918 τήν
1512 2849 1784 2920 κοσμικὴν
1837 2845 1979 2902 ἀπά-

320 2963 425 3011 σης
481 2939 693 3020 φύσεως
744 2939 1063 2995 συνέπεσθαι
1117 2937 1323 3011 πίστιν,
1371 2935 1724 3007 κατάλληλον
1759 2957 1815 2991 τε
1845 2935 1978 2991 εἶναι

316 3034 390 3104 τῇ
425 3031 651 3085 ἑκάστου
682 3025 864 3084 ἐλπίδι
894 3026 983 3082 καὶ
1010 3033 1108 3096 τῆς
1138 3025 1370 3088 πίστεως
1420 3026 1518 3094 τήν
1572 3021 1800 3099 δωρεάν.
1860 3024 1981 3082 Οὐ-

319 3118 413 3175 κέτ
447 3117 540 3174 οὖν
587 3117 956 3194 προαιρέσεως
1003 3115 1334 3191 κατόρθωμα
1386 3117 1421 3184 ἡ
1454 3115 1664 3183 πίστις,
1695 3113 1742 3168 εἴ
1772 3113 1982 3193 φύσεως

2083 1961 2336 2013 ctatores
2365 1975 2377 2012 :
2404 1977 2521 2030 qua
2538 1961 2765 2015 ratione
2788 1961 2967 2016 etiam
2992 1977 3122 2016 eam
3146 1960 3421 2016 electioni
3447 1959 3736 2027 tribuunt,

2083 2051 2147 2098 ut
2171 2063 2301 2117 quae
2324 2048 2714 2105 intellectuali
2737 2050 3272 2121 comprehensione
3287 2049 3634 2121 disciplinas
3654 2049 3742 2104 in-

2083 2136 2279 2190 veniat
2309 2138 2457 2193 citra
2487 2138 3082 2194 demonstrationem.
3117 2138 3517 2194 Valentiniani
3541 2143 3741 2194 autem

2083 2241 2218 2279 cum
2252 2226 2422 2282 nobis
2455 2228 2696 2299 quidem
2750 2229 3124 2300 simplicibus
3169 2229 3348 2284 ﬁdem
3400 2228 3741 2294 tribuerint,

2085 2313 2220 2381 sibi,
2247 2314 2346 2386 qui
2369 2322 2582 2372 natura
2604 2316 2745 2372 salvi
2778 2317 2949 2385 ﬁunt,
2982 2317 3188 2373 volunt
3218 2333 3346 2373 esse
3371 2317 3435 2381 ἰα
3456 2319 3742 2390 cognitio-

2082 2418 2222 2458 nem
2253 2403 2324 2458 ab
2362 2405 2710 2461 excellentis
2741 2405 3109 2462 abundantia
3138 2406 3387 2462 seminis
3414 2423 3426 2460 :
3478 2406 3746 2461 dicentes

2085 2509 2215 2546 eam
2249 2492 2421 2565 longe
2455 2495 2640 2567 magis
2671 2511 2705 2550 a
2732 2495 2846 2550 ﬁde
2879 2496 3122 2563 distare,
3157 2512 3336 2566 quam
3371 2495 3639 2567 spiritale
3668 2496 3741 2550 ab

2085 2581 2353 2638 animali.
2380 2584 2674 2639 Prmterea
2704 2584 2910 2639 dicunt
2943 2584 3242 2649 Basilidei,
3276 2584 3454 2639 ﬁdem
3486 2584 3664 2639 simul
3687 2590 3746 2639 et

2085 2669 2437 2725 electionem
2457 2688 2586 2727 esse
2600 2673 2902 2744 propriam
2919 2675 2980 2730 in
2994 2690 3353 2745 unoquoque
3373 2674 3590 2746 spatio:
3611 2691 3746 2729 rur-

2086 2774 2186 2812 sus
2207 2764 2405 2813 autem
2431 2775 2498 2814 ex
2521 2762 2951 2832 consequentia
2977 2762 3744 2834 supermundanaaelectio-

2086 2847 2180 2901 nis
2211 2849 2496 2918 consequi
2529 2848 2900 2906 mundanam
2952 2851 3130 2906 totius
3163 2856 3390 2906 natura:
3441 2849 3643 2918 ﬁdem,
3688 2855 3746 2904 et

2087 2955 2193 3009 pro
2225 2937 2401 2992 modo
2435 2940 2559 3010 spei
2593 2940 3065 3012 uniuscujusque
3116 2941 3476 2995 conveniens
3507 2956 3746 3010 quoque

2091 3044 2219 3082 esse
2239 3027 2460 3082 donum
2485 3027 2643 3083 ﬁdei.
2675 3029 3032 3084 Voluntariaa
3047 3045 3184 3102 ergo
3199 3029 3482 3085 acliberaa
3507 3028 3752 3083 electio-

2090 3117 2183 3172 nis
2207 3134 2328 3172 non
2351 3124 2442 3172 est
2463 3117 2610 3173 ﬁdes
2635 3118 2837 3190 utique
2862 3118 3147 3182 ofﬁcium,
3172 3119 3221 3175 si
3254 3124 3344 3174 est
3369 3125 3756 3190 naturzeprm-

315 3208 730 3282 πλεονέκτημα·
797 3203 922 3262 οὐδὲ
972 3200 1214 3279 ἀμοιϐῆς
1270 3201 1479 3266 δικαίας
1526 3203 1788 3274 τεύξεται,
1828 3202 1976 3258 ἀναί-

2101 3207 2355 3276 rogativa
2385 3222 2396 3258 :
2421 3223 2613 3276 neque
2628 3207 2856 3278 justam
2878 3213 3280 3279 consequetur
3302 3207 3755 3262 retributionem

317 3319 436 3361 τιος
469 3296 568 3366 ὢν,
604 3297 632 3352 ὁ
665 3297 744 3370 μή
771 3297 1085 3358 πιστεύσας
1131 3295 1222 3348 καὶ
1253 3294 1357 3348 οὐκ
1387 3291 1560 3356 αἷίτιος
1592 3294 1618 3348 ὁ
1666 3291 1978 3352 πιστεύσας.

323 3393 478 3443 Πᾶσα
509 3385 567 3442 δὲ
596 3389 632 3457 ἡ
656 3389 758 3452 τῆς
789 3387 1028 3448 πίστεως
1073 3384 1164 3439 καὶ
1213 3382 1460 3445 ἀπιστίας
1494 3381 1708 3452 tam;
1737 3382 1826 3436 καὶ
1859 3379 1978 3436 δια-

323 3478 568 3552 φορότης
619 3471 730 3530 οὔτ’
783 3471 1004 3544 ἐπαίνῳ,
1065 3468 1189 3527 οὕτε
1222 3472 1330 3545 μην
1381 3469 1537 3548 ψόγῳ
1569 3470 1832 3526 ὑποπέσοι
1893 3468 1976 3536 ἂν,

327 3565 502 3638 ὀρθῶς
534 3562 940 3642 λογιζομένοις,
972 3561 1402 3637 προηγουμένην
1435 3554 1640 3636 ἔχουσα
1663 3561 1764 3630 τὴν
1798 3557 1858 3615 ἐκ
1883 3563 1980 3615 τοῦ

323 3653 394 3710 τὰ
445 3653 609 3709 πάντα
639 3652 872 3709 δυνατοῦ
902 3652 1133 3730 φυσικὴν
1188 3651 1426 3724 ἀνάγκην
1469 3650 1794 3725 γενομένην.
1845 3657 1983 3705 Νευ-

325 3745 818 3820 ροσπαστουμένων
878 3739 935 3797 δὲ
987 3745 1172 3814 ἡμων,
1231 3740 1462 3816 ἀψύχων
1522 3736 1677 3811 δίκην
1732 3744 1984 3814 φυσικαῖς

322 3831 640 3909 ἐνεργείαις,
695 3833 757 3888 τό
815 3853 872 3888 τε
924 3830 1182 3886 ἀκούσιον
1213 3828 1474 3905 παρέλκει
1525 3833 1659 3903 (Ut),
1693 3831 1840 3901 ὁρμή
1900 3850 1978 3896 τε,

323 3925 360 3992 ἡ
393 3923 892 3998 προκαθηγουμένη
923 3919 1155 3976 τούτων.
1202 3921 1300 3974 Καὶ
1331 3920 1440 3974 οὐκ
1485 3916 1562 3973 ἔτι
1595 3914 1765 3994 ἔγωγε
1813 3918 1982 3973 ἐννοῶ

326 4017 466 4083 ζῶον
496 4016 682 4078 τοῦτο,
715 4009 777 4066 οὗ
833 4011 898 4066 τὸ
945 4009 1250 4084 ὁρμητικὸν
1301 4007 1512 4082 ἀνάγκη
1552 4011 1662 4080 (45)
1714 4006 1980 4082 λέλογχεν

328 4101 434 4158 ὑπὸ
458 4109 562 4171 τῆς
603 4098 796 4172 ἔξωθεν
827 4099 1006 4161 αἰτίας
1054 4096 1398 4170 κινούμενον.
1435 4099 1545 4152 ίΙοῦ
1577 4094 1634 4150 δί
1673 4094 1751 4151 ἔτι
1801 4098 1836 4165 ἡ
1884 4101 1983 4150 τοῦ

323 4213 461 4246 ποτε
516 4190 746 4246 ἀπίστου
805 4189 1099 4262 μετάνοια,
1153 4183 1225 4241 δι’
1282 4187 1350 4256 ἣν
1405 4185 1592 4262 ἄφεσις
1650 4186 1980 4260 ἁμαρτιῶν;

325 4288 484 4336 Ὥστε
515 4278 643 4336 οὐδὲ
675 4278 956 4354 βάπτισμα
1007 4276 1084 4332 ἔτι
1119 4272 1344 4350 εὔλογον
1377 4271 1502 4330 ούδὲ
1540 4273 1782 4348 μακαρία
1812 4294 1986 4352 σφρα-

325 4371 412 4445 γὶς
445 4372 581 4443 (46),
616 4365 742 4423 οὐδὲ
772 4366 800 4422 ό
831 4367 977 4436 Υἱὸς,
1011 4362 1136 4420 οὐδέ
1167 4365 1194 4419 ὁ
1244 4365 1451 4437 Πατήρο
1503 4362 1650 4419 ἀλλά
1693 4364 1846 4432 Θεὸς,
1906 4364 1986 4420 οἴ-

333 4461 523 4533 μαι,ἡ
563 4462 672 4513 τῶν
726 4455 936 4533 φύσεων
992 4455 1182 4517 αὐτοῖς
1223 4451 1524 4528 εὑρίσκεται
1579 4448 1835 4525 διανομὴ,
1893 4455 1984 4509 τὸν

406 4635 470 4700 ›ι‹
501 4631 565 4686 Ρ.
598 4630 696 4684 431
731 4629 843 4683 ΕΙ).
873 4627 1169 4694 POTTER,
1203 4626 1306 4680 364
1335 4625 1448 4680 ΕΙ).
1481 4625 1709 4681 PARIS.

410 4808 520 4878 (49)
552 4799 778 4861 Βεϐαίαν
825 4796 994 4878 ἔχων.
1042 4805 1326 4860 Hervetus
1370 4807 1506 4876 post
1545 4803 1651 4860 has
1677 4820 1847 4861 voces
1878 4804 1992 4861 dis-
2027 4816 2075 4879 ο

339 4879 559 4951 tinguit
587 4879 750 4934 SYLB.

413 4946 528 5021 (ὶο)
563 4953 786 5021 Γνῶσιν.
822 4947 987 5003 Unde
1018 4947 1280 5021 Gnostiei
1303 4946 1444 5021 dicti
1475 4952 1634 5021 sunt.

413 5018 524 5112 ΣΗ)
552 5026 684 5112 let:
714 5018 867 5112 ψύσει
901 5023 1032 5086 σωζ.
1080 5019 1174 5105 Si‘e
1229 5018 1385 5108 intra
1432 5019 1493 5072 in
1524 5020 1995 5112 Ιέεροθνριιζεᾎρρε.

341 5088 448 5149 ’798
483 5088 513 5148 ε’
552 5093 631 5149 Τὸ
679 5088 775 5163 μέν
824 5089 1210 5160 πνευματικὸν,
1250 5088 1405 5163 φύσει
1451 5088 1780 5163 σωζόμενον.
1814 5088 1997 5161 Spiri-

344 5165 495 5220 tuale
525 5162 745 5236 quidem
774 5170 987 5236 natura,
1007 5169 1289 5236 servatur.
1324 5162 1594 5236 lrenteus
1620 5162 1720 5236 lib.
1755 5181 1801 5236 |,_
1825 5179 1875 5218 ο.
1901 5167 1997 5236 _H.

342 5255 403 5309 p.
439 5229 552 5290 δοῖ
585 5236 792 5296 Αὐτοὺς
827 5232 885 5309 δὲ
927 5235 1004 5306 μὴ
1039 5231 1129 5309 δια
1157 5231 1435 5309 πράξεων,
1460 5230 1607 5309 ἀλλά
1633 5229 1723 5286 διὰ
1751 5233 1814 5287 τὸ
1845 5231 2002 5309 φύσει

343 5303 748 5380 ῖπνευματικοὺς
809 5303 944 5359 εἶναι
1001 5303 1296 5375 πάντητε
1350 5303 1440 5356 καὶ
1497 5303 1714 5368 πάντως
1759 5303 2003 5373 σωθήσε-

347 5379 496 5443 σθαι.
550 5383 874 5450 Semetipsos
904 5385 1087 5434 autem
1130 5394 1241 5432 non
1266 5393 1370 5450 per
1399 5383 1795 5450 operationem,
1827 5379 1921 5434 sed
1945 5392 2007 5450 eo

345 5453 498 5524 quod
525 5455 636 5508 sint
685 5447 1022 5509 natural-iter
1070 5447 1386 5521 spirituales
1417 5450 1636 5503 omnino
1665 5449 1871 5504 salvari
1919 5449 2009 5503 di—

347 5530 500 5579 cunt

420 5596 538 5670 (4-2)
569 5597 796 5670 Μακρῷ,
832 5595 1130 5670 Hervetus
1166 5607 1304 5647 cum
1357 5592 1548 5661 μακρῷ
1616 5589 2014 5670 subintelligit

351 5662 594 5738 μᾶλλον,
619 5662 782 5738 longe
804 5668 1035 5738 magisa
1053 5667 1160 5734 ﬁde
1179 5670 1516 5738 separatum,
1537 5679 1702 5732 quam
1723 5662 2016 5738 spirjtuale

347 5731 422 5794 ab
445 5731 737 5795 animalif
758 5731 998 5809 Alioqui
1045 5731 1151 5809 pro
1202 5731 1246 5805 ἦ
1272 5731 1592 5808 legendum
1634 5731 1793 5791 esset
1817 5731 1874 5808 ᾖ,
1908 5749 2017 5806 quo

356 5811 542 5882 modo,
567 5813 733 5868 sicut.
765 5809 928 5866 Sun.

2095 3295 2236 3366 quia
2258 3311 2378 3349 non
2405 3294 2826 3367 credidit,quia
2843 3297 2972 3368 ejus
2986 3297 3236 3369 culpaid
3250 3313 3370 3353 non
3394 3297 3619 3362 evenit;
3645 3311 3756 3351 nec

2093 3384 2164 3451 is,
2199 3384 2298 3454 qui
2333 3384 2606 3447 credidit,
2636 3385 2776 3456 quia
2830 3403 3008 3441 causa
3039 3404 3160 3441 non
3191 3387 3320 3442 fuit.
3356 3386 3528 3442 Nulla
3557 3390 3757 3440 autem

2092 3473 2229 3528 ﬁdei
2281 3479 2341 3528 et
2384 3473 2822 3530 incredulitatis
2869 3476 3222 3548 prOprietas,
3274 3475 3364 3530 vel
3397 3474 3755 3544 differentia,

2090 3563 2275 3630 laudi,
2302 3563 2390 3618 vel
2413 3564 2834 3635 vituperationi
2857 3565 3036 3620 fuerit
3061 3567 3338 3633 obnoxia,
3365 3565 3411 3620 si
3433 3570 3590 3620 recte
3612 3581 3758 3619 con-

2092 3652 2587 3720 sideremus,cum
2603 3653 2818 3708 habeat
2835 3654 3272 3726 praecedentem
3295 3655 3630 3710 naturalem
3649 3670 3754 3709 ne-

2092 3742 2453 3807 cessitatem,
2489 3759 2620 3813 quae
2655 3749 2784 3798 orta
2814 3749 2905 3798 est
2934 3743 3006 3799 ab
3040 3761 3130 3812 eo,
3165 3743 3268 3815 qui
3305 3749 3500 3816 potest
3529 3743 3750 3799 omnia.

2092 3832 2258 3897 Quod
2290 3832 2337 3887 si
2369 3837 2792 3904 nos,tanquam
2826 3833 3115 3899 inanima,
3147 3833 3522 3889 naturalibus
3545 3849 3754 3904 opera-

2095 3921 2378 3990 tionibus,
2413 3920 2589 3977 veluti
2624 3922 2902 3988 ﬁdiculis,
2935 3923 3260 3989 trahamur,
3284 3922 3506 3978 frustra
3537 3927 3626 3976 est
3655 3921 3750 3975 in-

2093 4011 2518 4072 voluntarium.
2544 4016 2601 4065 et
2620 4011 2928 4082 appetitio,
2953 4029 3084 4080 quaa
3108 4028 3177 4066 ea
3197 4011 3619 4082 praacedit.Nec
3642 4026 3748 4082 ego

2095 4099 2245 4155 illud
2294 4100 2498 4170 utique
2529 4099 2752 4154 animal
2799 4100 2973 4170 quale
3005 4101 3080 4154 sit
3112 4099 3398 4171 intelligo,
3432 4100 3602 4171 cujus
3633 4098 3749 4153 vim

2095 4188 2436 4261 appetendi,
2472 4205 2602 4258 quae
2636 4188 2708 4243 ab
2744 4193 2991 4244 externa
3021 4205 3200 4244 causa
3230 4195 3519 4255 movetur,
3545 4188 3756 4243 sortita

2098 4277 2542 4333 estnecessitas.
2570 4276 2676 4332 Ubi
2697 4283 2897 4332 autem
2913 4283 3002 4332 est
3017 4277 3276 4350 ejus,qui
3299 4276 3410 4331 fuit
3429 4276 3753 4348 aliquando

2097 4366 2464 4434 incredulus,
2497 4365 2870 4437 poenitentia,
2893 4383 3001 4438 per
3030 4382 3208 4438 quam
3242 4365 3513 4422 remissio
3543 4382 3756 4438 pecca-

2099 4460 2294 4512 torum
2317 4456 2345 4510 ?
2368 4457 2559 4521 Quare
2582 4471 2692 4512 nec
2713 4455 2972 4528 amplius
2997 4455 3330 4528 baptismus
3342 4457 3592 4512 rationis
3613 4473 3758 4512 con-

1787 4623 1863 4698 (a)
1892 4625 2058 4682 Joan.
2090 4643 2188 4696 xx,
2220 4629 2307 4681 29.

2177 4805 2286 4874 (43)
2319 4798 2808 4879 βασιλείδουςμδθιι
2830 4797 3208 4879 Βασιλείδους.
3241 4806 3405 4864 Conf.
3441 4823 3573 4879 qua:
3604 4806 3764 4864 dicta

2107 4876 2353 4965 sunt'ad
2371 4894 2429 4965 p.
2461 4877 2564 4965 349
2595 4876 2735 4965 edit.
2767 4876 2951 4931 Paris.

2177 4947 2784 5022 (M)T6_zs_dxoﬁmpv
2838 4967 2900 5003 π.
2960 4947 3386 5022 Ρτοηάκούσιον
3445 4949 3762 5022 legendum

2109 5016 2354 5075 omnino
2387 5016 2653 5073 ἑκούσιον.
2717 5020 2939 5076 LOWTH.
3003 5021 3240 5076 Malim:
3301 5019 3378 5077 Τό
3426 5040 3484 5074 τε
3506 5016 3766 5074 ἀκούσιον

2107 5089 2197 5166 καὶ
2250 5089 2312 5143 τὸ
2374 5087 2618 5166 έκούσιον
2668 5088 2953 5158 παρέλκει,
2995 5092 3142 5164 ὁρμή
3192 5111 3271 5166 τε,
3320 5093 3355 5160 ἡ
3386 5094 3766 5166 προκαθηγου-

2117 5160 2251 5235 μένη
2299 5160 2527 5218 τούτων.
2579 5166 2714 5218 Nam
2762 5165 2810 5218 si
2854 5160 3076 5219 natura;
3110 5165 3336 5230 viribus,
3366 5160 3514 5218 velut
3539 5160 3772 5235 quibus-

2115 5236 2241 5290 dam
2279 5235 2538 5302 ﬁdiculis,
2587 5235 2896 5301 trahamur,
2955 5239 3169 5305 frustra
3226 5241 3389 5289 erunt
3438 5238 3673 5290 invitum
3720 5241 3775 5289 et

2115 5312 2500 5376 spontaneum,
2536 5315 2596 5361 ut
2629 5310 2795 5362 etiam
2827 5325 2912 5366 ea.
2945 5323 3074 5376 qua
3111 5307 3221 5361 haec
3244 5307 3528 5375 prarcedit,
3563 5309 3782 5377 appeti-

2120 5382 2217 5433 tio.
2253 5379 2395 5433 Nam
2425 5378 2573 5433 illud
2599 5377 2807 5432 τούτων
2840 5379 3060 5449 duplex
3087 5377 3447 5449 antecedens
3476 5378 3740 5449 respicit.

2192 5450 2303 5518 (45)
2366 5449 2626 5522 Ἀνάγκη.
2716 5447 3150 5505 Nominativum
3223 5447 3428 5522 ἀνάγκη
3512 5447 3783 5522 agnoscit

2123 5522 2356 5576 Herveti
2379 5521 2591 5586 versio,
2618 5525 2816 5576 sortita
2847 5529 2925 5576 est
2952 5520 3536 5576 necessitas.Dativum
3557 5520 3617 5576 'si
3648 5521 3784 5592 quis

2126 5593 2315 5657 malit,
2351 5593 2729 5649 tolerabilem
2757 5600 2816 5646 et
2846 5594 2971 5663 ipse
3003 5591 3212 5663 reddet
3242 5608 3505 5647 sensum.
3544 5591 3708 5648 sm.

2201 5667 2320 5739 (46)
2349 5663 2604 5739 Σφραγίς.
2640 5667 2759 5739 lloc
2786 5662 3007 5739 nomen
3048 5662 3430 5739 ecclesiastici
3467 5666 3787 5739 scriptores

2128 5733 2445 5809 interdum
2492 5733 2800 5809 baptismo
2824 5736 3182 5809 tribuerunt,
3211 5733 3511 5809 interdum
3543 5733 3788 5809 imposi-

2082 5855 2087 5859 .
2131 5807 2282 5864 tioni
2312 5806 2600 5866 manuum
2621 5825 2754 5880 quae
2783 5807 3152 5879 baptismum
3182 5806 3575 5879 sequebatur:
