4120 6418
453 380 564 435 943

1694 379 2106 437 cunnum
2139 379 2642 436 ALIXANDBINI

3764 378 3864 438 9“

454 510 797 569 sentaneus,
829 520 940 559 nec
959 502 1198 558 beatum
1225 501 1622 575 signaculum,
1645 518 1757 559 nec
1779 502 2077 568 Filius,ne«

2215 499 2472 572 θεμέλιον
2523 508 2626 573 τῆς
2685 499 2982 578 σωτηρίας,
3033 502 3134 571 τήν
3195 499 3442 558 ἑκούσιον
3501 500 3708 574 πίστιν,
3766 486 3863 559 ούκ

451 597 641 659 Pater,
677 592 779 648 sed
807 597 897 646 est
926 592 1011 646 eis
1041 592 1216 658 Deus,
1250 596 1317 646 ut
1346 590 1577 647 videtur
1628 592 1819 663 impia
1864 596 2101 647 natura~

2214 583 2440 665 ἔχουσα.

448 700 580 738 rum
612 680 971 747 distributio,
1001 696 1132 750 qum
1164 679 1345 735 ﬁdem
1373 680 1779 736 voluntarium
1808 695 1931 735 non
1955 678 2137 734 habet
2163 677 2622 739 fundamentum
2648 682 2880 740 salutis.

1975 840 2203 898 CAPUT
2238 843 2332 898 IV.

1027 953 1234 1006 Iterum
1257 950 1326 1007 de
1348 952 1593 1007 utilitate
1623 948 1901 1018 credendi,
1929 948 2199 1020 ﬁdemque
2223 964 2332 1005 esse
2359 950 2533 1007 omnis
2560 951 2801 1007 scientia
2822 950 3269 1020 fundamentum.

513 1098 627 1151 Nos
657 1102 880 1160 autem,
903 1096 1004 1167 qui
1020 1095 1267 1152 liberam
1282 1101 1639 1169 potestatem
1664 1097 1702 1152 Ι
1717 1097 1817 1151 16
1839 1091 2097 1166 eligendi

441 1193 499 1241 et
521 1185 739 1241 vitandi
763 1203 797 1241 a
818 1186 1069 1241 Domino
1094 1186 1294 1243 datam
1320 1203 1450 1242 esse
1478 1184 1843 1253 hominibus,
1877 1200 1912 1239 a
1942 1182 2099 1239 Scri-

441 1277 630 1348 pturis
659 1275 1020 1346 accepimus.
1061 1274 1294 1347 judicio
1328 1276 1499 1331 ﬂrmo
1531 1292 1599 1331 ac
1630 1272 1923 1331 immobili
1956 1264 2095 1329 ﬁdei

441 1366 912 1435 acquiescamus,
954 1364 1214 1420 alacrem
1246 1370 1305 1419 et
1334 1370 1680 1437 promptum
1711 1362 2096 1419 ostendentes

441 1454 736 1525 spiritum,
767 1453 1053 1525 quoniam
1083 1453 1263 1510 vitam
1295 1454 1607 1528 elegimus,
1640 1459 1700 1509 et
1730 1455 1848 1509 Deo
1880 1469 1986 1525 per
2004 1469 2098 1507 vo-

439 1557 567 1595 cem
597 1542 760 1596 illius
786 1541 1190 1598 credidimus:
1225 1546 1284 1596 et
1312 1542 1415 1612 qui
1447 1542 1599 1614 Logo
1630 1541 1904 1607 credidit,
1935 1539 2098 1594 novit

436 1646 563 1684 rem
591 1647 718 1685 esse
742 1647 939 1685 veram
963 1647 975 1684 :
1010 1630 1193 1703 Logos
1224 1630 1385 1686 enim
1407 1635 1499 1686 est
1526 1629 1876 1694 veritas.Qui
1895 1634 2096 1684 autem

436 1736 559 1774 non
587 1719 840 1774 credidit
869 1720 1114 1787 dicenti,
1146 1720 1264 1775 Deo
1296 1736 1418 1775 non
1452 1717 1864 1775 credidit.Fide
1893 1717 2095 1773 intelli-

435 1811 614 1879 gimus
643 1814 836 1878 aptata
865 1825 975 1864 esse
999 1810 1199 1864 saecula
1227 1810 1391 1863 verbo
1423 1810 1609 1875 Dei,ut
1628 1824 1697 1864 ea:
1726 1806 2095 1863 inuisibilibus

435 1897 676 1952 visibilia.
694 1902 912 1968 ﬁerent,
944 1897 1142 1970 inquit
1174 1897 1515 1970 Apostolus.
1548 1897 1682 1952 Fide
1706 1898 1972 1967 majorem
1992 1896 2094 1950 ho-

432 1988 603 2043 stiam
631 1990 790 2056 Abel,
815 2005 981 2059 quam
1011 1988 1402 2056 Cain,obtulit.
1409 2005 1517 2060 per
1535 2004 1703 2059 quam
1725 1989 2097 2044 testimonium

437 2084 513 2133 est
542 2084 876 2146 consecutus,
917 2078 1069 2148 quod
1116 2084 1249 2133 esset
1265 2078 1472 2149 justus,
1505 2080 1875 2134 testimonium
1898 2076 2097 2147 perhi-

439 2165 593 2221 bente
614 2166 926 2221 muneribus
946 2166 1064 2235 ejus
1076 2166 1205 2235 Deo,
1230 2173 1283 2220 et
1295 2183 1402 2237 per
1419 2166 1577 2221 illam
1597 2167 1889 2235 defunctus
1908 2164 2095 2219 adhuc

434 2253 704 2324 loquitur,
734 2260 936 2325 etquae
954 2254 1236 2327 deinceps
1259 2260 1614 2326 sequuntur,
1628 2271 1819 2326 usque
1833 2252 2091 2319 adillud,

431 2343 495 2407 >X<
541 2362 708 2415 quam
756 2345 1076 2415 temporalis
1126 2347 1344 2415 peccati
1393 2345 1594 2401 habere
1635 2344 2051 2415 jucunditatem
2075 2384 2088 2397 .

432 2434 547 2499 Hos
580 2451 715 2506 ergo
743 2450 878 2489 cum
908 2433 1086 2489 etiam
1118 2440 1256 2490 ante
1291 2434 1500 2507 Legem
1534 2434 1682 2490 fides
1699 2434 2094 2506 justiﬁcasset

429 2523 739 2578 constituit
768 2523 1036 2579 hmredes
1069 2523 1281 2579 divinas
1311 2524 1751 2596 promissionis.
1776 2522 1928 2589 Quid
1950 2537 2089 2595 ergo

428 2612 621 2667 adhuc
667 2611 805 2667 ﬁdei
854 2629 926 2667 ex
969 2617 1177 2667 nostra
1223 2612 1473 2668 historia
1506 2629 1827 2669 recensens
1857 2610 2088 2668 adduco

428 2702 769 2757 testimonia
793 2702 821 2757 ?
867 2704 1089 2771 Deﬁciet
1119 2705 1264 2758 enim
1292 2718 1377 2758 me
1407 2708 1617 2774 tempus
1641 2708 1992 2758 enarrantem
2020 2700 2089 2755 de

426 2791 657 2858 Gedeon,
689 2793 890 2859 Barac,
920 2792 1212 2862 Sampson,
1242 2792 1458 2862 Iephte,
1489 2792 1689 2860 David,
1743 2791 1986 2861 Samuel,
2031 2797 2086 2846 et

415 2881 701 2950 prophetis
730 2880 827 2952 (a),
884 2885 942 2935 et
989 2897 1122 2952 quae
1154 2886 1505 2951 sequuntur.
1540 2881 1685 2936 Cum
1716 2886 1919 2937 autem
1963 2880 2086 2936 sint

422 2967 766 3037 quatuor,in
800 2966 1017 3038 quibus
1048 2984 1251 3023 verum
1273 2968 1569 3034 consistit,
1598 2985 1834 3037 sensus,
1857 2967 2085 3025 intelli-

421 3057 640 3127 gentia,
673 3056 942 3124 scientia,
975 3057 1214 3128 opinio;
1249 3062 1466 3114 natura
1494 3057 1737 3129 quidem
1768 3058 1963 3130 prima
1993 3062 2083 3112 est

422 3146 816 3219 intelligentia
842 3190 855 3214 ,
890 3146 1063 3202 nobis
1093 3152 1295 3203 autem
1328 3151 1388 3202 et
1415 3152 1690 3220 respectu
1719 3147 1905 3202 nostri
1940 3162 2079 3204 sen-

2278 1091 2473 1166 Ἡμεῖς
2501 1089 2580 1165 δὲ,
2610 1093 2662 1149 οἱ
2699 1095 2801 1163 τὴν
2846 1093 3049 1169 αἳρεσιν
3103 1094 3191 1150 καὶ
3224 1096 3401 1173 φυγὴν
3435 1091 3686 1151 δεδόσθαι
3746 1101 3866 1160 τοῖς

2206 1178 2520 1256 ἀνθρώποις
2571 1180 3035 1255 αὐτοκρατορικὴν
3073 1183 3221 1257 παρᾶ
3247 1187 3344 1240 τοῦ
3375 1182 3573 1260 Κυρίου
3603 1180 3701 1239 διὰ
3756 1189 3861 1242 τῶν

2205 1272 2435 1348 Γραφῶν
2491 1269 2919 1349 παρειληφότες,
2978 1273 3276 1348 ἂμεταπτῳ
3318 1274 3593 1349 κριτηρίῳ
3647 1278 3719 1350 τῇ
3776 1274 3868 1331 πί-

2208 1378 2319 1413 στει
2376 1358 2870 1434 ἐπαναπαυώμεθα,
2924 1361 2987 1417 τὸ
3044 1367 3261 1436 πνεῦμα
3288 1364 3571 1438 πρόθυμον
3629 1360 3867 1438 ἐνδειξά-

2210 1467 2387 1520 μενοι,
2418 1446 2502 1504 ὅτι
2547 1447 2812 1522 εἱλόμεθα
2840 1450 2942 1518 τήν
2976 1452 3146 1522 ζωήν,
3197 1452 3287 1506 καὶ
3315 1456 3397 1525 τῷ
3441 1453 3558 1526 Θεῷ
3607 1448 3696 1508 διὰ
3726 1453 3864 1510 ἑκεί-

2203 1556 2296 1592 νου
2353 1538 2466 1612 (47)
2527 1544 2711 1611 φωνῆς
2767 1540 3221 1613 πεπιστεύκαμεν·
3275 1542 3366 1597 καὶ
3418 1542 3447 1597 ὁ
3476 1546 3555 1615 τῷ
3588 1543 3747 1618 Λόγῳ
3777 1564 3865 1599 πι-

2205 1626 2426 1689 στεύσας
2457 1624 2569 1683 οἶδε
2616 1628 2680 1683 τὸ
2709 1634 2934 1705 πρᾶγμα
2963 1629 3190 1701 ἀληθὲς·
3243 1631 3475 1702 ἀλήθεια
3501 1636 3605 1706 γαρ
3667 1633 3695 1688 ὁ
3755 1632 3866 1689 Λό-

2202 1737 2319 1791 γος.
2364 1716 2425 1774 Ὁ
2475 1713 2534 1772 δὲ
2572 1716 2876 1789 ἀπιστήσας
2903 1716 2984 1792 τῷ
3037 1718 3254 1796 λέγοντι
3284 1720 3558 1791 ἠπίστησε
3587 1725 3667 1793 τῷ
3724 1726 3863 1796 Θεῷ.

2205 1804 2387 1861 Πίστει
2465 1810 2699 1880 νοοῦμεν
2769 1806 3130 1881 κατηρτίσθαι
3201 1806 3330 1871 τοὺς
3389 1807 3591 1873 αἷῶνας
3657 1808 3864 1886 ῥήματι

2205 1897 2361 1967 θεοῦ,
2421 1893 2501 1958 είς
2552 1895 2615 1951 τὸ
2673 1896 2749 1969 μὴ
2809 1894 2870 1951 ἐκ
2907 1897 3249 1972 φαινομένων
3278 1897 3342 1953 τὸ
3376 1897 3722 1973 βλεπόμενον
3753 1901 3866 1973 (48)

2202 1985 2501 2059 γεγονέναι,
2577 1985 2740 2063 φησὶν
2816 1985 2844 2041 ό
2935 1984 3293 2049 Ἀπόστολος·
3371 1986 3551 2044 πίστει
3635 1985 3868 2045 πλείονα

2203 2072 2385 2128 θυσίαν
2474 2068 2646 2129 ’Δϐελ
2730 2074 2877 2151 παρᾶ
2960 2077 3095 2132 Καϊν
3182 2077 3561 2151 προσήνεγκε,
3641 2075 3714 2132 δι’
3794 2078 3864 2147 ἧς

2202 2159 2552 2237 ἐμαρτυρηθη
2667 2163 2800 2218 εἶναι
2912 2160 3147 2232 δίκαιος,
3259 2170 3668 2242 μαρτυροῦντος
3769 2165 3863 2223 ἐπὶ

2200 2255 2324 2313 τοῖς
2376 2249 2576 2326 δώροις
2632 2253 2782 2325 αύτῷ
2827 2250 2926 2307 τοῦ
2983 2256 3141 2309 Θεοῦ·
3199 2253 3292 2308 καὶ
3351 2252 3423 2309 δι’
3477 2253 3673 2325 αὐτῆς,
3722 2255 3862 2312 ἀπο.

2202 2339 2400 2412 θανὼν,
2487 2335 2565 2395 ἔτι
2640 2338 2824 2409 λαλεῖ,
2895 2340 2986 2397 καὶ
3062 2341 3130 2397 τὰ
3204 2342 3351 2416 ἑξῆς,
3428 2339 3534 2407 ἕως
3604 2347 3742 2418 (49),
3820 2345 3859 2416 ἢ

2199 2428 2532 2506 πρόσκαιρον
2618 2424 2737 2505 ἔχει
2822 2429 3093 2505 ἁμαρτίας
3174 2429 3476 2487 ἀπόλαυσιν
3512 2475 3526 2489 .
3614 2433 3861 2497 Τούτους

2202 2519 2298 2592 μὲν
2354 2520 2444 2574 οὖν
2471 2520 2563 2574 καὶ
2592 2520 2698 2594 πρὸ
2730 2519 2923 2593 Νόμου
2952 2523 2987 2591 ἡ
3016 2518 3198 2583 πίστις
3238 2518 3595 2591 δικαιώσασα,
3643 2521 3860 2599 κληρο-

2195 2605 2399 2680 νόμους
2447 2609 2743 2680 κατιστησε
2787 2615 2888 2679 τῆς
2936 2608 3081 2672 θείας
3124 2607 3477 2685 ἱπαγγελίας,
3526 2610 3588 2666 Τί
3641 2612 3735 2668 οὗν
3777 2608 3860 2669 ἔτι

2195 2697 2263 2751 τὰ
2288 2703 2389 2768 τῆς
2431 2699 2668 2761 πίστεως
2718 2697 2779 2754 ἐκ
2803 2704 2903 2768 τῆς
2931 2699 3060 2773 παρ’
3106 2700 3244 2772 ἡμῖν
3293 2699 3540 2775 ἱστορίας
3589 2700 3861 2776 ἁναλεγό·

2201 2807 2386 2860 μενος,
2442 2786 2809 2863 παρατίθεμαι
2843 2787 3115 2863 μαρτύρια
3171 2793 3337 2860 (50);
3399 2789 3704 2866 Ἐπιλείψει
3749 2792 3859 2868 γὰρ

2198 2896 2266 2949 με
2314 2873 2675 2951 διηγούμενον
2709 2877 2739 2932 ὁ
2771 2876 3048 2952 χρόμενος
3076 2876 3201 2953 περὶ
3237 2875 3464 2950 Γεδεὼν,
3497 2880 3680 2955 Βαρὰκ
3710 2883 3855 2954 (51),

2195 2964 2437 3039 Σαμψὼν
2474 3008 2489 3035 ,
2548 2965 2758 3042 Ἰεφθάε
2793 3013 2805 3033 ,
2878 2964 3047 3021 Δαοίδ
3104 2986 3163 3021 τε
3227 2966 3320 3022 καὶ
3374 2968 3645 3041 Σαμουὴλ
3681 3011 3696 3037 ,
3752 2969 3858 3025 καὶ

2190 3056 2297 3109 τῶν
2349 3058 2673 3129 προφητῶν,
2730 3056 2824 3110 καὶ
2869 3056 2937 3111 τὰ
2963 3054 3182 3119 τούτοις
3234 3054 3495 3130 ἑπόμενα.
3554 3059 3855 3134 Τεσσάρων

2192 3139 2249 3197 δὲ
2300 3136 2497 3209 ὄντων,
2528 3140 2581 3197 ἂν
2616 3144 2699 3205 οἷς
2726 3142 2789 3199 τὸ
2820 3142 3047 3214 ἀληθὲς,
3106 3144 3436 3217 αἰσθήσεως,
3467 3149 3586 3215 νοῦ,
3618 3145 3855 3221 ἐπιστή-

422 3253 524 3291 sus
546 3254 558 3291 :
595 3254 664 3293 ex
685 3253 866 3293 sensu
879 3241 1077 3293 autem
1097 3242 1156 3292 et
1171 3236 1568 3310 intelligentia
1590 3238 1863 3293 consistit
1882 3237 2077 3292 scien-

2196 3253 2326 3306 μης,
2360 3230 2717 3307 ὑπολήψεως·
2776 3231 2933 3311 φύσει
2983 3233 3081 3307 μὲν
3110 3239 3327 3308 πρῶτος
3362 3238 3390 3292 6
3438 3240 3585 3305 νοῦς,
3620 3239 3761 3312 ἡμῖν
3794 3220 3858 3295 δὲ

422 3325 517 3380 tim
541 3326 816 3382 essentia.
834 3325 1247 3399 Intelligentiss
1270 3332 1470 3382 autem
1498 3331 1557 3381 et
1577 3343 1787 3383 sensus
1808 3343 2078 3384 commu-

419 3415 517 3471 nis
540 3421 630 3471 est
650 3416 960 3472 evidentia.
998 3415 1108 3470 Sed
1131 3432 1342 3471 sensus
1366 3416 1610 3487 quidem
1639 3421 1730 3471 est
1754 3415 1971 3489 gradus
2001 3417 2077 3473 ad

419 3508 753 3564 scientiam.
783 3508 954 3563 Fides
984 3512 1184 3563 autem
1213 3523 1527 3580 progressa
1555 3524 1663 3579 per
1691 3508 1956 3578 sensilia,
1979 3525 2075 3564 re-

415 3594 637 3667 linquit
682 3596 1028 3667 Opinionem
1060 3611 1072 3649 :
1126 3595 1438 3651 contendit
1483 3600 1682 3650 autem
1714 3595 1787 3652 ad
1820 3612 1910 3663 ea,
1945 3613 2076 3668 qua)

418 3683 731 3738 mendacio
757 3688 983 3749 carent,
1018 3688 1077 3737 et
1105 3689 1417 3754 permanet
1446 3684 1507 3739 in
1540 3685 1805 3739 veritate.
1840 3685 1898 3739 Si
1942 3685 2076 3756 quis

418 3778 617 3828 autem
640 3772 800 3828 dicat
829 3771 1140 3827 scientiam
1160 3788 1289 3828 esse
1320 3773 1848 3829 demonstrativam
1881 3791 1951 3829 ex
1979 3790 2073 3830 ra-

417 3862 611 3927 tione;
659 3862 710 3916 is
756 3860 1107 3933 perpendat,
1140 3860 1300 3932 quod
1332 3861 1598 3918 scientias
1628 3863 1923 3935 principia
1969 3863 2073 3919 de-

416 3951 737 4007 monstrari
760 3956 1063 4023 nequeant
1087 3968 1100 4005 :
1133 3968 1326 4023 neque
1350 3952 1510 4007 enim
1538 3968 1609 4008 ea
1636 3953 1912 4025 cognosci
1934 3970 2072 4026 pos-

421 4047 560 4096 sunt
590 4058 658 4097 ex
688 4046 835 4107 arte,
869 4040 959 4096 vel
990 4040 1324 4112 prudentia.
1359 4042 1495 4097 Ηωο
1525 4042 1686 4097 enim
1717 4048 1985 4098 versatur
2007 4042 2069 4098 in

415 4129 511 4197 iis,
545 4146 676 4201 quea
703 4129 994 4203 contingit
1024 4147 1087 4187 se
1116 4129 1292 4186 aliter
1319 4130 1539 4186 habere
1566 4147 1579 4184 :
1614 4131 1721 4187 illa
1748 4137 1949 4187 autem
1981 4138 2070 4188 est

413 4220 680 4276 efﬁciens
711 4225 769 4275 et
806 4219 1243 4292 propemodum
1288 4220 1726 4292 contemplans.
1759 4220 1898 4278 Fide
1929 4238 2066 4294 ergo

412 4310 537 4364 sola
568 4311 911 4365 existimant
940 4325 1002 4364 se
1046 4310 1331 4381 consequi
1365 4310 1728 4381 principium
1759 4311 2069 4367 universo-

406 4415 559 4452 rum.
582 4399 808 4463 Qumvis
832 4397 992 4453 enim
1018 4397 1269 4453 scientia
1290 4396 1488 4453 doceri
1512 4403 1740 4471 potest;
1779 4400 1936 4471 quod
1960 4416 2064 4457 au-

406 4493 525 4543 tem
555 4488 752 4543 doceri
784 4491 1000 4559 potest,
1042 4486 1291 4543 docetur
1317 4505 1386 4543 ex
1417 4504 1508 4555 eo,
1541 4488 1701 4560 quod
1730 4490 1895 4561 prius
1927 4507 2064 4565 cog-

2185 3321 2443 3398 καὶπρὸς
2469 3324 2617 3394 ἡμᾶς
2664 3323 2699 3392 ἠ
2733 3321 3003 3393 αἴσθησις·
3038 3323 3098 3378 ἐκ
3128 3321 3187 3379 δὲ
3242 3324 3546 3396 αἴσθήσεως
3604 3328 3693 3383 καὶ
3751 3332 3854 3385 τοῦ

2184 3413 2282 3465 νοῦ
2311 3412 2346 3481 ἡ
2374 3417 2475 3480 τῆς
2527 3408 2839 3485 ἐπιστήμης
2869 3411 3175 3468 συνίσταται
3210 3413 3384 3470 οὐσία·
3434 3416 3613 3471 κοινὸν
3665 3415 3724 3473 δὲ
3753 3423 3853 3474 νοῦ

2184 3520 2244 3556 τε
2293 3499 2383 3555 καὶ
2441 3499 2742 3571 αἰσθήσεως
2793 3502 2855 3557 τὸ
2911 3500 3156 3578 ἐναργές.
3212 3502 3433 3575 Ἀλλ’-ἣ
3470 3507 3565 3579 μὲν
3594 3505 3854 3577 αἴσθησις

2186 3584 2451 3664 ἐπιϐάθρα
2478 3595 2580 3658 τῆς
2617 3587 2953 3661 ἐπιστήμης·
2983 3593 3019 3659 ἡ
3047 3591 3229 3655 πίστις
3263 3589 3343 3661 δὶ,
3376 3590 3466 3649 διδ.
3492 3599 3601 3651 τῶν
3651 3595 3856 3669 αἰσθη-

2183 3682 2291 3732 τῶν
2319 3682 2434 3752 (52)
2485 3675 2773 3747 ὁδεύσασα,
2821 3677 3114 3735 ἀπολείπει
3147 3683 3249 3750 τήν
3281 3682 3584 3758 ὑπόληψιν·
3616 3686 3757 3762 πρὸς
3791 3683 3855 3742 δὲ

2182 3767 2249 3822 τὰ
2276 3765 2484 3842 ἀψευδῆ
2514 3766 2754 3839 σπεύδει,
2807 3770 2898 3824 καὶ
2938 3769 3015 3831 είς
3062 3771 3160 3840 τὴν
3208 3769 3470 3843 ἀλήθειαν
3527 3776 3849 3849 καταμένει.

2184 3856 2244 3913 El
2290 3853 2347 3911 δέ
2402 3876 2487 3921 τις
2544 3853 2697 3932 λέγοι
2742 3857 2843 3926 τήν
2895 3856 3206 3932 ἐπιστήμην
3256 3858 3649 3933 ἀποδεικτικήν
3706 3864 3849 3921 εἶναι

2184 3946 2320 4019 μετὰ
2377 3943 2566 4022 λόγου,
2627 3946 2931 4017 ἄκουσάτω,
2965 3948 3048 4003 ὅτι
3099 3948 3190 4003 καὶ
3247 3950 3303 4004 ai
3349 3950 3521 4026 ἀρχαὶ
3553 3951 3850 4011 ἀναπόδει-

2178 4054 2321 4091 κτοι·
2385 4033 2508 4091 οὔτε
2550 4035 2651 4113 γὰρ
2679 4035 2875 4112 τέχνῃ,
2932 4034 3056 4092 οὔτε
3116 4039 3224 4112 μὴν
3284 4042 3547 4117 φρονήσει
3576 4042 3845 4119 γνωσταί.

2178 4125 2239 4180 Ἦ
2270 4126 2366 4198 μὶν
2418 4125 2519 4202 γὰρ
2569 4123 2693 4202 περῖ
2740 4126 2807 4181 τὰ
2852 4122 3190 4202 ἑνδεχόμενά
3228 4126 3370 4184 ὶστιν
3418 4127 3609 4194 ἄλλως
3661 4128 3843 4208 ἔχειν’

2177 4215 2213 4285 ἡ
2247 4211 2305 4270 δὲ
2352 4215 2617 4285 ποιητική
2678 4217 2813 4289 (53),
2871 4215 3173 4292 μονονουχὶ
3233 4214 3292 4272 δῗε
3347 4218 3437 4273 καὶ
3497 4224 3842 4297 θεωρητική.

2180 4304 2360 4361 Πίστει
2438 4304 2531 4360 οὗν
2592 4303 2867 4383 ἐφικέσθαι
2937 4306 3075 4380 μόνῃ
3132 4303 3337 4362 οἷόνται
3387 4315 3492 4379 τῆς
3516 4314 3625 4365 τῶν
3682 4310 3839 4368 ὅλων

2175 4395 2378 4473 ἀρχῆς.
2414 4401 2563 4452 Πᾶσα
2590 4396 2694 4472 γὰρ
2726 4394 3004 4469 ἐπιστήμη
3046 4393 3274 4469 διδακτή
3307 4398 3441 4454 ἔστι·
3497 4401 3561 4456 τὸ
3619 4398 3677 4457 δὶ
3746 4401 3840 4458 δι-

2176 4483 2368 4541 δακτὸν
2413 4484 2474 4541 ἐκ
2521 4486 3060 4561 προγινωσκομὲνου.
3110 4484 3187 4545 Ού
3218 4489 3652 4566 προεγινώσκετο
3682 4488 3741 4547 δὶ
3794 4495 3836 4566 ἡ

404 4577 670 4632 noscitur
695 4593 706 4633 :
736 4593 858 4632 non
884 4577 1048 4647 prius
1077 4581 1277 4632 autem
1303 4578 1819 4650 cognoscebatura
1845 4580 2059 4636 Gracis

2195 4580 2276 4631 νῶν
2332 4576 2478 4630 ὅλων
2535 4574 2685 4650 ἀρχὴ
2717 4579 2834 4637 τοῖς
2885 4572 3180 4647 ’Ἐλλησιψ
3217 4572 3330 4632 οὔτ’
3360 4577 3452 4632 οὗν
3500 4577 3654 4654 Θαλῇ
3687 4583 3833 4655 (54),

401 4666 763 4737 principium
776 4665 1210 4721 universorum.
1238 4666 1437 4737 Neque
1453 4666 1662 4723 enima
1680 4667 2051 4741 Thalete,qui

2198 4664 2310 4740 δωρ
2338 4663 2683 4736 ἐπισταμένῳ
2713 4664 2812 4733 τὴν
2844 4664 3070 4739 πρώτην
3104 4664 3304 4734 αἴτίαν,
3360 4663 3486 4724 οὔτε
3541 4674 3662 4732 τοῖς
3722 4668 3836 4727 ἄλ-

468 4811 532 4877 ›χ‹
561 4810 623 4863 Ρ.
656 4810 760 4863 435
793 4809 905 4863 ED.
937 4809 1232 4876 POTTER,
1260 4809 1363 4864 365
1395 4810 1508 4865 ΕΙ).
1541 4811 1770 4867 PARIS.
1851 4814 1925 4879 (α)
1956 4811 2077 4867 Hel)

2195 4827 2239 4878 ι,
2271 4812 2326 4877 3,
2354 4812 2411 4876 4,
2442 4810 2533 4877 25,
2566 4810 2657 4864 32.

467 4955 577 5023 (47)
633 4948 893 5007 Ἐκείνου.
926 4952 1165 5008 Scilicet
1212 4954 1383 5023 ζωῆς,
1413 4955 1542 5009 vita:
1569 4970 1588 5008 :
1642 4955 1736 5010 cui
1766 4955 2046 5011 masculi-

2229 4952 2345 5034 (βί)
2403 4948 2604 5025 Βαράκ.
2664 4950 2849 5026 Βαράκ
2893 4971 2953 5007 τε
3007 4954 3098 5008 καὶ
3151 4954 3422 5029 Σαμψὼν,
3470 4953 3561 5011 καὶ
3595 4954 3830 5034 Ἰεφθάε,

391 5041 530 5099 nam
561 5040 764 5099 vocem
795 5024 1086 5099 adjungit,
1116 5025 1269 5099 quia
1283 5022 1376 5078 τόν
1402 5024 1579 5098 Λόγον
1608 5025 1909 5099 intelligit,
1945 5027 2049 5098 qui
2160 5022 2341 5081 Hebr.

392 5104 482 5152 est
503 5098 539 5165 ἡ
572 5092 805 5164 ἀλήθεια
832 5092 921 5149 καὶ

463 5163 574 5237 (48)
604 5163 675 5221 Τὸ
706 5166 1072 5241 βλεπόμενον,
1121 5166 1200 5241 Τὰ
1230 5163 1549 5241 βλεπόμενα
1580 5167 1866 5241 Hebrum.
1896 5172 2043 5225 Mox.

388 5234 732 5315 προσήνεγκε
760 5240 841 5315 τῷ
871 5234 1010 5315 Θεῷ.
1044 5239 1210 5315 Dein,
1231 5234 1627 5315 legatam}.

464 5305 574 5381 (49)
633 5305 728 5363 Καὶ
782 5305 851 5363 τὰ
906 5305 1049 5380 ἑξῆς,
1108 5305 1234 5370 ἕως.
1298 5310 1431 5381 Hinc
1485 5309 1666 5364 verba
1721 5311 2044 5367 Clementis

391 5380 881 5437 sunt.Contrahit
901 5382 1061 5436 enim
1083 5381 1195 5437 loci
1228 5380 1569 5452 prolixioris
1589 5381 1957 5452 citationem,
1986 5389 2047 5438 et

390 5455 652 5509 transilit
693 5470 729 5508 a
782 5470 953 5507 versu
1006 5453 1136 5523 ejus
1185 5451 1395 5523 capitis
1426 5452 1460 5504 4
1496 5467 1685 5523 usque
1716 5451 1790 5508 ad
1818 5457 1907 5519 25,
1968 5454 2041 5510 ab

388 5526 572 5580 Abele
620 5541 834 5595 nempe
885 5522 1074 5593 usque
1118 5523 1192 5578 ad
1241 5522 1519 5595 Moys‘em.
1548 5522 1777 5595 Ibidem
1807 5541 1945 5580 mox
1970 5541 2042 5581 ex

392 5596 609 5669 eodem,
631 5589 823 5669 capite
849 5589 1202 5669 legendum,
1234 5591 1270 5661 ἢ
1301 5589 1640 5669 πρόσκαιρον
1671 5589 1843 5669 ἔχειν,
1874 5613 2042 5666 quam

392 5670 554 5733 temp.
590 5668 805 5721 habere.
842 5666 1004 5720 SYLB.

459 5735 665 5810 (ἔδοξ-τινι
683 5733 859 5810 οὖν...
878 5733 1360 5810 ,μαρτύριαᾉΗιοο
1387 5736 1833 5810 paraphrastice
1856 5754 2038 5810 expo-

1442 5827 1459 5861 ι
1480 5803 1623 5879 λξγω
1640 5826 1656 5879 ς
1675 5803 2035 5879 ΗΘΒΓ.Χ1;32.

1022 5098 1232 5163 ζωήλιῐ
1256 5096 1478 5167 ipsese
1496 5096 1670 5151 vocat
1696 5096 2046 5162 Joaﬁmv‘ﬁ.

389 5811 544 5861 nunt
556 5804 661 5862 illa
679 5804 923 5864 D.Pauli
942 5804 1122 5865 verba
1146 5824 1161 5866 :
1184 5806 1287 5866 Καὶ
1306 5805 1360 5864 τί

2228 5117 2338 5191 (52)
2372 5110 2468 5191 ᾼιὰ
2495 5115 2606 5191 τῶν
2631 5110 2931 5191 αἶσρητῶν.
2966 5117 3111 5191 Nam
3134 5115 3282 5172 ﬁdes
3309 5134 3415 5188 per
3443 5118 3699 5175 auditum
3731 5119 3823 5191 ﬁt,

2156 5191 2223 5241 ut
2253 5186 2337 5241 ait
2366 5184 2685 5257 Apostolus
2715 5186 2882 5240 Rom.
2916 5204 2974 5253 ι,
3011 5190 3098 5242 17.

2226 5283 2340 5355 (53)
2369 5282 2432 5337 Ἦ
2465 5277 2523 5336 δὲ
2573 5301 2634 5360 ’τιζ
2696 5283 2967 5360 Petavius
3026 5283 3356 5360 Prolegom.
3416 5288 3491 5344 ad
3554 5289 3817 5360 Theolog.

2153 5352 2440 5441 ἀρρῃιὰὲι,
2592 5358 2656 5441 3,
2706 5353 2822 5441 ait:
2882 5378 2909 5441 ξ(
2947 5352 3288 5441 Legg-ivga
3318 5359 3584 5441 ποιητικῇ
3621 5352 3821 5441 μόγοῖι,

2153 5422 2303 5513 obii.
2341 5422 2399 5480 δὶ
2427 5422 2535 5513 καὶ
2591 5425 2923 5513 θεωρητική,
2984 5422 3271 5513 Siquidem
3309 5422 3633 5513 prudentia
3665 5422 3822 5490 circa

2152 5499 2535 5568 contingentia
2589 5504 2859 5565 versatur,
2918 5514 3046 5570 qum
3100 5499 3265 5556 aliter
3309 5499 3512 5560 habere
3535 5513 3818 5576 possunt:

2151 5588 2241 5652 ars
2287 5570 2778 5652 autemneﬁ’ectfia:
2815 5570 2997 5652 solum
3027 5577 3123 5643 est,
3148 5589 3264 5628 non
3295 5577 3749 5648 contemplatria'.
3786 5599 3818 5628 ››

2148 5641 2312 5699 Idem
2343 5640 2601 5697 Lowthio
2631 5640 2877 5712 placuit.

3353 5503 3512 5560 abere
3535 5513 3773 5576 possunt
3801 5523 3822 5567 :

2218 5734 2539 5823 (stipati.
2569 5739 2738 5796 Conf.
2767 5741 3052 5813 Protrept.
3082 5759 3142 5815 p.
3173 5744 3265 5816 42,
3296 5745 3505 5802 Strom.
3545 5763 3585 5814 ι,
3616 5763 3676 5819 p.
3707 5749 3817 5804 296

2149 5811 2292 5869 edit.
2316 5811 2513 5868 Paris.
