4120 6390
333 348 442 405 953

1678 344 2125 402 8ΤΒΟΜΔΤΠΜ
2162 346 2296 400 LIB.
2341 342 2414 399 ΙΙ.

3648 316 3758 383 954

334 472 594 549 ἐννέωρος
627 472 740 547 (84)
803 469 1083 548 βασιλεὺς,
1142 469 1402 544 ὀαριστής
1457 463 1608 529 Διός·
1673 466 1988 535 ἀκηκοότων

2128 468 2388 540 'egnavit,
2437 472 2495 523 et
2539 465 2916 523 familiariter
2961 476 3098 519 cum
3144 459 3283 514 Jove
3332 459 3424 510 est
3464 457 3752 518 versatus,

335 562 512 618 αὐτῶν
541 562 693 624 ’ὁπως
725 562 858 616 ποτε
918 561 1055 634 μενά
1113 558 1396 620 Μωυσέως
1454 555 1727 633 διελέγετο
1761 556 1789 609 ὁ
1847 553 2000 629 Θεὸς,

338 651 414 714 ὡς
443 646 500 707 εἷ’
521 672 604 713 τις
635 648 879 721 λαλήσαι
936 648 1074 722 πρὸς
1128 647 1219 702 τὸν
1253 648 1446 703 εαυτοῦ
1485 645 1668 723 φίλον.
1696 646 1797 700 Ἦν
1833 640 1879 697 δ’
1910 641 2001 696 οὖν

335 742 369 797 ὁ
399 741 493 814 μὲν
518 742 755 809 Μωϋσῆς
811 740 1004 816 σοφὸς,
1069 734 1348 814 βασιλεὺς,
1379 735 1704 809 νομοθὲτης’
1740 735 1766 789 ὁ
1801 734 1998 807 Σωτήρ

335 828 397 886 δὲ
425 832 588 901 ἡμῶν
646 822 982 904 ὑπερϐάλλει
1040 831 1214 881 πᾶσαν
1265 823 1612 901 ἀνθρωπίνην
1665 823 1840 901 φύσιν·
1900 842 2000 876 κα-

334 917 434 982 λὸς
466 920 560 992 μὶν
593 919 669 983 ὡς
696 919 1001 994 ἀγαπᾶσθαι
1038 917 1203 988 μόνος
1226 915 1359 986 πρὸς
1392 917 1576 987 ἡμῶν,
1624 914 1687 967 τὸ
1739 911 1907 967 καλὸν
1938 912 2002 966 τὸ

334 1007 604 1078 ἀληθινὸν
634 1005 1064 1063 ἐπιποθούντων·
1116 1004 1182 1074 ἦν
1232 1005 1332 1080 γὰρ
1390 1006 1453 1059 τὸ
1512 1007 1627 1064 φῶς
1686 1002 1748 1058 τὸ
1801 1000 1999 1072 ἀληθι⁶

332 1100 452 1157 νόν.
487 1097 748 1162 Βασιλεὺς
778 1100 888 1170 (85)
939 1094 997 1152 δὲ
1055 1098 1145 1151 καὶ
1188 1096 1292 1151 ὑπὸ
1342 1092 1553 1150 παίδων
1605 1092 1843 1169 ἀπείρων
1896 1090 2002 1161 ἔτι,

334 1188 563 1245 xui-51:6
593 1184 877 1245 Ἱουδαίων
909 1185 1282 1241 ἀπιστούντων
1327 1182 1416 1239 καὶ
1474 1182 1815 1259 ἀγνοούντων
1867 1182 2001 1236 ava-

333 1278 733 1355 γορευόμενος,
782 1275 871 1331 καὶ
929 1276 1065 1350 πρὸς
1113 1275 1294 1329 αὐτῶν
1351 1276 1648 1350 προφητῶν
1695 1273 2004 1346 ἀνακηρυτ·

329 1367 567 1440 τόμενος
620 1364 914 1423 δείκνυται.
980 1363 1254 1426 Πλούσιος
1314 1360 1372 1418 δὲ
1432 1361 1511 1424 είς
1589 1365 1874 1430 τοσοῦτον,
1924 1360 2001 1423 ὡς

333 1461 515 1512 πᾶσαν
546 1457 645 1525 τήν
670 1462 799 1531 γῆν,
831 1455 920 1510 καὶ
943 1454 1006 1509 τὸ
1038 1454 1169 1528 ὑπὲρ
1192 1459 1297 1529 γῆς
1320 1453 1409 1508 καὶ
1437 1452 1527 1507 ὑπ’
1549 1450 1718 1520 αὐτὴν
1748 1448 2002 1526 χρυσίον,

337 1546 759 1623 ὑπερηφάνησεν
819 1544 911 1598 σὺν
971 1543 1060 1598 καὶ
1123 1540 1253 1616 δόξῃ
1308 1542 1452 1616 πάσῃ
1537 1537 1796 1613 διδόμενα
1854 1539 2002 1611 αὐτῷ

334 1636 482 1711 πρὸς
510 1638 609 1691 τοῦ
637 1631 1043 1707 Ἀντικειμένου
1088 1636 1224 1706 (86).
1284 1631 1349 1686 Τί
1398 1628 1482 1686 δεῖ
1537 1629 1735 1705 λέγειν,
1769 1630 1846 1690 ὡς
1898 1628 2002 1701 μό-

335 1722 840 1800 νοςὸἀρχιερεὺς,
896 1723 924 1777 ὁ
987 1721 1153 1795 μόνος
1210 1720 1530 1792 ἐπιστήμων
1585 1722 1696 1792 (87)
1750 1722 1850 1787 τῆς
1902 1719 2000 1771 τοῦ

337 1818 480 1872 Θεοῦ
552 1812 838 1889 θεραπείας
892 1831 907 1882 ;

336 1906 373 1961 ὁ
402 1902 620 1959 πάντων
662 1902 994 1962 ἱκανώτατος
1049 1900 1367 1976 ἀφηγεῖσθαι
1423 1895 1521 1952 τοῦ
1550 1901 1657 1952 τῶν
1699 1894 2000 1972 ἀνθρώπων

336 1994 555 2070 γένουςο
588 1992 894 2064 νομοθέτης
945 1988 1024 2060 δί,
1082 1989 1157 2050 ὡς
1187 1986 1246 2043 ἄν
1281 1984 1468 2048 διδοὺς
1496 1985 1590 2040 τὸν
1640 1984 1814 2057 νόμου
1846 1983 1898 2038 ἐν
1926 1988 2005 2056 τῷ

343 2083 578 2155 στόματι
609 2085 717 2136 τῶν
740 2082 1062 2156 προφητῶν,
1093 2078 1161 2133 τά
1215 2096 1273 2130 τε
1322 2074 1561 2150 πρακτέα
1606 2072 1697 2128 καὶ
1751 2074 1851 2145 μὴ,
1912 2092 2008 2126 σα-

329 2171 573 2252 φέστατα
624 2167 1017 2242 ἐντελλόμενός
1069 2188 1129 2221 τε
1183 2166 1273 2221 καὶ
1328 2163 1650 2220 διδάσκωνε
1706 2163 1807 2224 Τίς
1840 2158 1886 2216 δ’
1945 2161 2006 2216 ἂν

326 2244 539 2317 τούτου
570 2260 968 2334 εὐγενέστερος,
1017 2256 1080 2311 οὗ
1132 2255 1296 2329 μόνος
1349 2252 1531 2325 πατὴρ
1564 2254 1592 2308 ὁ
1661 2252 1831 2313 Θεός;
1868 2244 2009 2326 Φέρε

326 2348 519 2420 δήκαὶ
556 2348 824 2405 Πλάτωνα
878 2351 993 2407 τοῖς
1048 2344 1232 2406 αὐτοῖς
1294 2338 1675 2399 ἆπιϐάλλοντα
1721 2360 2006 2414 παραστη-

327 2441 564 2513 σώμεθα
593 2435 884 2514 δόγμασιν
920 2433 1186 2491 πλούσιον
1212 2435 1306 2506 μὲν
1338 2433 1432 2487 τὸν
1467 2431 1640 2508 σοφὸν
1685 2428 1902 2502 εἷ’ρηκεν
1952 2428 2007 2484 ἐν

327 2532 420 2600 τῷ
447 2523 674 2600 Φαίδρῳ
701 2528 836 2598 (88),
869 2529 935 2579 Ὠ
964 2522 1092 2601 φίλε
1121 2524 1234 2596 (89)
1287 2524 1422 2589 Πᾶν,
1479 2518 1684 2594 λέγων.
1739 2518 1830 2573 καὶ
1883 2519 2007 2572 ὅσοι

337 2614 513 2671 ἄλλοι
568 2611 704 2688 τῇδε
756 2614 914 2682 θεοὶ,
976 2608 1164 2682 δοίητὲ
1225 2630 1318 2683 μοι
1375 2607 1533 2679 καλῷ
1589 2608 1831 2683 γενέσθαι
1880 2607 2008 2660 τᾶν-

334 2702 518 2761 δοθεν·
582 2702 775 2775 ἔξωθεν
834 2700 893 2757 δὲ
948 2699 1050 2756 ὅσα
1106 2698 1223 2756 ἔχω
1261 2744 1276 2768 ,
1335 2703 1454 2760 τοῖς
1504 2696 1657 2759 ἐντὸς
1716 2694 1853 2752 εἶναί
1915 2715 2009 2768 μοι

342 2794 507 2875 φίλαο
585 2791 852 2848 πλούσιον
903 2787 960 2847 δὶ
1038 2791 1330 2863 νομίζοιμι
1382 2788 1474 2843 τὸν
1538 2785 1702 2865 σοφόν
1759 2787 1772 2842 ι
1831 2791 2010 2840 Κατα-

348 2873 708 2963 μεμφόμενος
739 2879 797 2937 δὲ
827 2881 855 2936 ὁ
887 2881 1181 2950 Ἀθηναῖος
1215 2879 1360 2950 ξὲνος
1387 2881 1493 2933 τῶν
1529 2875 1799 2950 οῗομένων
1831 2873 2011 2931 πλου-

346 2960 502 3036 σίους
536 2973 669 3028 εἶναι
710 2969 840 3033 τοὺς
895 2967 1084 3025 πολλᾶ
1137 2962 1506 3041 κεκτημένους
1567 2968 1853 3042 χρήματα,
1907 2960 2015 3019 ὧδε

348 3061 524 3138 λέγεν
585 3059 892 3121 Πλουσίους
944 3063 1058 3132 (90)
1131 3055 1179 3112 δ’
1236 3056 1302 3112 αὖ
1379 3053 1586 3134 σφόδρα
1655 3055 1788 3110 εἶναι
1842 3052 2013 3128 κάγα-

351 3152 485 3218 θοὺς
523 3153 639 3225 (91)
698 3146 975 3217 ἀδύνατον,
1031 3146 1125 3210 οὕς
1183 3167 1246 3222 γε
1302 3145 1369 3217 δὴ
1428 3144 1726 3206 πλουσίους
1775 3143 1827 3198 οἱ
1874 3143 2013 3197 πολ-

353 3240 448 3298 λοὶ
524 3239 912 3314 καταλέγουσυ
996 3235 1219 3311 λέγουσι
1302 3233 1361 3290 δὲ
1432 3235 1558 3297 τοὺς
1643 3232 2013 3306 κεκτημένους

353 3330 411 3387 ἓν
461 3330 674 3406 ὀλίγοις
729 3332 837 3383 τῶν
892 3325 1196 3401 ἀνθρώπων
1256 3323 1514 3380 πλείστου
1572 3324 1683 3395 (92)
1739 3319 2012 3395 νομίσμα-

354 3442 451 3484 τος
479 3416 600 3490 ἃξια
629 3419 902 3490 κτήματα·
957 3413 991 3471 ἆ
1044 3413 1134 3469 καὶ
1190 3413 1355 3476 κακός
1410 3433 1493 3475 τις
1551 3408 1807 3482 κέκτηται
1875 3410 2013 3483 (93).

358 3512 484 3586 Τοῦ,
522 3510 714 3564 πιστοῦ
753 3508 865 3578 (94)
892 3504 1025 3567 ’ὀλος
1082 3505 1110 3559 ὁ
1165 3502 1374 3575 κόσμος
1431 3505 1537 3556 τῶν
1597 3499 1928 3576 χρημάτων,
1988 3497 2016 3551 ὁ

370 3598 637 3673 Σολομὼν
691 3596 865 3671 λέγει·
918 3600 1013 3651 τοῦ
1071 3593 1128 3650 δὲ
1179 3594 1408 3650 ἀπίστου
1466 3590 1592 3647 οὐδὲ
1649 3587 1869 3651 ὀϐολός.
1921 3595 2021 3644 Πι-

368 3689 517 3744 στὲον
551 3685 644 3742 οὖν
673 3684 874 3757 πολλῷ
908 3682 1124 3758 μᾶλλον
1156 3686 1224 3757 τῇ
1257 3685 1471 3759 Γραφῇ,
1514 3681 1776 3758 λεγούσῃ,
1828 3680 2016 3737 θᾶττον

365 3776 622 3851 κάμηλον
706 3772 796 3829 διὰ
867 3776 1225 3849 τρυπήματος
1307 3771 1540 3849 βελόνης
1617 3767 2019 3836 διελεύσεσθαι,

367 3868 403 3936 ἢ
436 3864 703 3921 πλούσιον
750 3861 1094 3941 φιλοσοφεῖν
1159 3861 1439 3937 μακαρίζει
1498 3857 1544 3914 δ’
1601 3856 1838 3931 ἔμπαλιν
1896 3855 2025 3921 τοὺς

368 3956 633 4026 πένητας,
690 3953 765 4015 ὡς
826 3958 1024 4021 συνῆκε
1072 3953 1184 4025 (95)
1245 3949 1511 4019 Πλάτων,
1564 3944 1760 4023 λέγων’
1832 3945 2022 4001 Πενίαν

373 4045 432 4102 δὲ
503 4044 740 4123 ἡγητέον
824 4042 886 4098 οὐ
968 4043 1030 4096 τὸ
1107 4043 1206 4110 τήν
1283 4041 1466 4096 οὐσίαν
1546 4039 1756 4095 ἐλάττω
1823 4042 2022 4109 ποιεῖν,

367 4134 516 4194 ἀλλὰ
586 4136 649 4190 τὸ
731 4133 830 4202 τὴν
908 4131 1214 4204 ἀπληστίαν
1301 4129 1497 4186 πλείω·
1588 4129 1650 4183 ού
1734 4128 1837 4202 γὰρ
1923 4146 2022 4180 πε-

980 1810 1245 1906 Βασιλεὺς
1322 1809 1569 1906 εἰρήνης,
1630 1802 1996 1906 Μελχισεδὲκ,
2030 1841 2079 1906 Β

2111 574 2245 613 cum
2275 557 2657 623 audivissent,
2692 554 2850 627 quod
2881 554 3037 609 Deus
3066 564 3200 605 cum
3232 547 3427 619 Moyse
3470 541 3757 613 loqueba-

2112 653 2226 715 tur,
2258 653 2321 701 ut
2348 649 2397 701 si
2416 648 2538 717 quis
2567 663 2688 701 cum
2716 661 2813 699 suo
2834 643 3011 697 amico
3034 640 3347 709 loqueretur
3367 633 3466 705 (α).
3491 634 3631 688 Erat
3650 646 3759 685 auo

2111 741 2229 791 tem
2263 737 2488 807 Moyses
2522 734 2764 805 quidem
2798 731 3057 802 sapiens,
3090 744 3214 793 rex,
3260 722 3585 796 legislator.
3623 720 3757 776 Ser-

2109 832 2277 880 vator
2295 831 2493 879 autem
2526 829 2730 878 noster
2751 823 3072 876 humanam
3096 831 3335 871 omnem
3357 817 3629 866 naturam
3654 825 3759 862 su-

2111 922 2281 990 perat
2303 932 2316 982 ;
2336 914 2483 970 adeo
2507 913 2747 984 quidem
2770 911 3038 983 pulcher,
3058 912 3181 962 uta
3210 903 3382 960 nobis
3410 901 3571 956 solus
3601 912 3760 954 ame-

2112 1013 2226 1071 tur,
2260 1007 2361 1077 qui
2392 1020 2588 1060 veram
2619 1001 3026 1058 desideramus
3061 993 3568 1069 pulchritudinem
3597 1006 3609 1044 :
3636 992 3756 1043 erat

2112 1096 2271 1151 enim
2306 1095 2403 1149 (ua:
2431 1110 2561 1149 vera
2591 1093 2686 1166 (b).
2706 1094 2826 1147 Rex
2845 1095 3044 1145 autem
3076 1092 3135 1141 et
3164 1082 3415 1156 apueris
3438 1077 3754 1151 imperitis,

2112 1191 2171 1240 et
2198 1202 2234 1241 a
2263 1202 2383 1239 non
2409 1181 2791 1239 credentibus
2818 1178 3035 1234 Iudaeis
3066 1181 3124 1232 et
3152 1169 3565 1247 ignorantibus
3584 1181 3758 1222 voca-

2109 1281 2226 1342 tus,
2259 1280 2318 1330 et
2346 1273 2419 1328 ab
2450 1273 2596 1345 ipsis
2638 1269 2945 1343 prophetis
2996 1265 3352 1339 praedicatus
3399 1257 3756 1314 ostenditur.

2110 1363 2271 1420 Adeo
2301 1369 2501 1418 autem
2532 1361 2714 1425 dives,
2747 1366 2812 1414 ut
2840 1372 3079 1413 omnem
3114 1361 3354 1416 terram,
3380 1355 3440 1405 et
3468 1346 3629 1419 quod
3658 1359 3759 1400 su-

2110 1469 2216 1525 per
2248 1456 2491 1519 terram,
2525 1455 2584 1506 et
2615 1449 2723 1505 sub
2747 1454 2903 1504 terra
2932 1451 3022 1502 est
3058 1459 3291 1508 aurum,
3343 1455 3474 1510 qua)
3521 1436 3573 1489 ei
3623 1449 3761 1489 cum

2110 1522 2273 1597 omni
2302 1540 2491 1614 gloria
2518 1539 2591 1595 ab
2640 1535 2990 1594 Adversario
3033 1532 3348 1597 dabantur,
3400 1522 3758 1597 despexerit.

2109 1630 2259 1696 Quid
2290 1610 2503 1685 attinet
2529 1628 2750 1695 dicere,
2795 1624 2954 1697 quod
2981 1623 3058 1678 sit
3108 1621 3273 1677 solus
3319 1615 3605 1689 pontifex,
3656 1610 3761 1683 qui

2111 1719 2273 1775 solus
2305 1718 2407 1773 Dei
2435 1718 2629 1774 cultus
2668 1720 2834 1771 tenet
2862 1710 3172 1768 scientiam
3192 1709 3221 1763 ‘l
3268 1709 3384 1762 Rea:
3406 1705 3582 1776 pacis,
3624 1700 3761 1757 Mel-

2110 1808 2390 1864 chisedech
2407 1808 2499 1879 (c),
2520 1806 2620 1877 qui
2641 1804 2804 1860 solus
2821 1799 3291 1858 estvelomnium
3313 1792 3765 1879 aptissimus,iut

2112 1898 2315 1970 praesit
2337 1878 2596 1951 humano
2627 1893 2849 1967 generi.
2874 1888 3198 1963 Legislator
3215 1890 3437 1950 autem,
3455 1879 3643 1951 utqui
3665 1878 3769 1933 dat

2111 1969 2301 2060 legem
2333 1986 2396 2040 in
2424 2002 2524 2040 ore
2555 1983 3004 2057 prophetarum,
3056 1994 3190 2049 quas
3239 1978 3381 2031 sunt
3407 1969 3658 2060 agenda,
3708 1970 3771 2060 et

2112 2093 2245 2148 qua;
2277 2092 2420 2141 non,
2449 2072 2821 2145 apertissime
2855 2067 3210 2141 praecipiens
3241 2068 3301 2118 et
3328 2061 3571 2116 docens.
3622 2056 3767 2122 Quis

2115 2146 2313 2222 autem
2337 2180 2406 2219 eo
2429 2161 2708 2226 nobilior,
2735 2160 2906 2231 cujus
2928 2156 3092 2213 solus
3121 2159 3291 2225 pater
3311 2156 3401 2207 est
3425 2151 3581 2204 Deus
3600 2146 3628 2201 ‘l
3647 2148 3768 2214 Age

2112 2271 2271 2317 vero,
2292 2251 2677 2308 ostendamus
2698 2249 3008 2304 Platonem
3032 2260 3269 2315 quoque
3292 2239 3520 2296 eisdem
3553 2235 3769 2292 suifra-

2114 2340 2644 2417 garidogmatibus.
2674 2338 3010 2409 Sapientem
3029 2335 3089 2388 in
3106 2331 3338 2388 thdro
3356 2326 3597 2399 quidem
3619 2323 3772 2379 dixit

2117 2447 2246 2487 esse
2278 2430 2542 2496 divitem,
2575 2428 2818 2483 dicens:
2852 2428 2897 2480 0
2923 2425 3120 2479 dilecte
3166 2422 3306 2485 Pan,
3355 2423 3406 2472 et
3452 2417 3768 2486 quicunque

2116 2521 2218 2575 alii
2246 2522 2329 2574 dii
2359 2520 2448 2574 hic
2476 2518 2697 2581 adestis,
2724 2516 2853 2570 date
2876 2512 3037 2580 mihi,
3068 2516 3129 2565 ut
3172 2507 3409 2579 pulcher
3446 2506 3595 2558 intus
3641 2500 3768 2569 επί-

2117 2613 2236 2665 ciar
2252 2626 2273 2671 ;
2332 2615 2383 2662 et
2433 2620 2773 2677 quaecunque
2815 2602 3155 2657 extrinsecus
3211 2595 3402 2660 habeo,
3453 2588 3772 2646 intrinsecis

2115 2701 2225 2755 sint
2251 2699 2469 2760 amica;
2516 2696 2741 2749 divitem
2784 2697 2967 2746 autem
3012 2690 3315 2758 sapientem
3361 2680 3537 2737 solum
3584 2678 3773 2732 existi-

2116 2803 2253 2843 mem
2276 2788 2297 2842 !
2314 2786 2537 2857 Hospes
2555 2786 2753 2838 autem
2775 2776 3158 2835 Atheniensis
3181 2789 3281 2830 eos
3297 2767 3767 2843 reprehendens,

2117 2875 2219 2947 qui
2244 2871 2663 2930 existimabant
2682 2870 2819 2925 illos
2848 2883 2976 2923 esse
2996 2865 3231 2927 divites,
3255 2860 3356 2934 qui
3390 2857 3609 2914 multas
3629 2871 3767 2928 pos-

2121 2945 2318 3021 sident
2346 2961 2653 3035 pecunias,
2685 2959 2771 3015 sic
2799 2957 2981 3013 dicit:
3027 2957 3095 3012 Ut
3120 2958 3304 3009 autem
3332 2948 3493 3006 valde
3519 2949 3631 3004 sint
3678 2945 3769 3000 di-

2119 3056 2256 3109 vites
2282 3051 2448 3108 simul
2476 3057 2529 3106 et
2553 3050 2740 3120 probi,
2769 3048 2963 3116 nequit
2991 3046 3114 3115 ﬁeri
3134 3060 3154 3097 :
3182 3043 3311 3098 dico
3341 3044 3527 3095 autem
3550 3036 3770 3100 divites,

2124 3149 2189 3198 ut
2216 3144 2412 3211 vulgus
2443 3139 2747 3204 emistimat,
2787 3149 3026 3191 asserens
3069 3148 3155 3187 eos
3180 3146 3289 3187 esse
3318 3130 3532 3191 divites,
3586 3127 3684 3195 qui
3709 3123 3773 3186 ›ι‹

2118 3234 2294 3304 pauci
2323 3248 2350 3285 e
2376 3230 2566 3284 multis
2609 3226 2840 3282 mamimi
2863 3225 3038 3295 pretii
3058 3221 3422 3292 possessiones
3462 3213 3772 3286 possident,

2125 3301 2264 3392 quas
2291 3322 2460 3375 etiam
2498 3318 2674 3388 possit
2719 3315 2897 3369 malus
2944 3312 3178 3382 quilibet
3215 3306 3519 3379 possidere.
3569 3301 3776 3392 Fidelis

2127 3389 2203 3467 est
2234 3416 2379 3464 totus
2408 3407 2644 3462 mundus
2666 3404 3055 3475 pecuniarum,
3087 3399 3167 3455 ait
3198 3397 3501 3461 Salomon,
3538 3389 3777 3461 inﬁdelis

2128 3507 2311 3556 autem
2338 3515 2407 3553 ne
2455 3496 2642 3550 obolus
2687 3494 2927 3564 quidem.
2981 3489 3159 3544 Multo
3208 3502 3345 3559 ergo
3388 3482 3576 3555 magis
3618 3480 3777 3534 Scri-

2128 3596 2317 3664 ptura;
2347 3584 2711 3644 credendum
2742 3587 2851 3649 est,
2874 3597 3007 3652 quae
3028 3577 3174 3633 dicit
3199 3579 3320 3645 fore
3349 3580 3409 3628 ut
3438 3571 3663 3627 celerius
3690 3585 3778 3624 ca-

2128 3660 2300 3737 melus
2331 3695 2436 3750 per
2464 3680 2715 3746 foramen
2741 3689 2869 3728 acus
2900 3674 3164 3731 transeat,
3211 3682 3377 3737 quam
3406 3670 3469 3719 ut
3516 3663 3664 3718 dives
3701 3660 3784 3728 (d)

2129 3768 2605 3844 philosophetur.
2622 3766 2841 3819 Contra
2855 3767 3054 3817 autem
3065 3771 3341 3829 pauperes
3355 3754 3537 3809 beatos
3550 3750 3627 3821 (e)
3649 3765 3785 3805 cen-

2134 3842 2244 3923 set,
2263 3853 2771 3929 quemadmodum
2788 3851 2954 3906 Plato
2976 3846 3289 3912 intellexit,
3306 3843 3511 3899 dicens
3536 3857 3549 3894 :
3566 3842 3786 3908 Pauper

2132 3955 2317 4004 autem
2344 3948 2467 4015 ﬁeri
2495 3951 2574 3998 est
2594 3939 3014 4005 existimandus,
3038 3940 3075 3990 1
3091 3936 3207 3992 59‘
3223 3950 3332 3988 non
3357 3933 3513 4002 cujus
3535 3929 3785 4000 pecunia:

2130 4037 2427 4106 facultates
2454 4032 2808 4093 minuuntur,
2830 4028 2924 4084 sed
2978 4040 3135 4095 cujus
3182 4024 3469 4078 insatietas
3524 4022 3782 4087 augetur.

2134 4128 2256 4181 Non
2284 4130 2363 4179 est
2393 4125 2535 4177 enim
2561 4125 2884 4192 paupertas,
2909 4116 3162 4186 pecuniae
3188 4113 3461 4183 paucitas,
3495 4106 3590 4162 sed
3635 4108 3786 4159 insa-

434 4282 498 4346 ικ
526 4282 590 4336 Ρ.
622 4281 728 4336 440
758 4281 871 4335 ED.
913 4278 1208 4346 POTTER,
1247 4277 1351 4332 369
1373 4276 1486 4331 ΕΙ).
1530 4273 1759 4329 PARIS.
1795 4273 1869 4343 (a)
1898 4272 2010 4325 Exo

2128 4284 2312 4334 rxxm,
2346 4267 2433 4321 H.
2480 4266 2555 4336 (b)
2584 4264 2750 4319 Joan.
2785 4279 2824 4328 1,
2855 4260 2909 4314 9.
2942 4260 3011 4328 (c)
3042 4255 3218 4312 Hebr.
3258 4269 3358 4322 VII,
3389 4254 3445 4306 2.
3476 4251 3561 4323 (ά)
3580 4248 3785 4304 Matth.

359 4371 481 4421 xix,
513 4356 601 4408 24.
637 4355 709 4425 (e)
740 4351 941 4407 Matth.
966 4367 1019 4415 v,
1051 4352 1104 4404 3.

433 4498 543 4568 (84)
590 4493 913 4568 Έννᾷωρος.
974 4491 1507 4568 HgmerusOdyss.
1566 4490 1628 4556 T,
1700 4503 1850 4542 vers.
1904 4484 2023 4552 178,

364 4564 551 4626 Cretae
583 4564 813 4623 incolas
851 4565 1216 4631 describens,
1250 4564 1333 4618 ait
1364 4579 1378 4631 ς

363 4641 524 4710 Τοῖσι
557 4634 602 4693 δ’
634 4637 710 4710 ἐνί
734 4637 1005 4710 Κνιυσσὸς,
1043 4626 1253 4710 μεγάλη
1272 4630 1465 4710 πόλις·
1492 4626 1614 4694 ἔνθα
1629 4649 1700 4710 ,τε
1728 4628 1912 4691 Μίνως

360 4708 660 4784 Ἐννέωρος
686 4708 961 4784 βασίλευε,
987 4703 1391 4784 Δι’ὸς’μεγάΛου
1415 4703 1695 4784 ὀαριστή-ςί

363 4786 516 4841 Inter
545 4778 645 4838 lioc
675 4778 753 4837 est
786 4784 1034 4840 Cnossus.
1068 4778 1272 4849 magna
1300 4779 1428 4834 urbs
1460 4795 1478 4832 :
1507 4779 1603 4832 ubi
1632 4778 1806 4849 Minos

366 4859 472 4911 Per
491 4870 686 4910 novem
715 4870 887 4909 annos
915 4845 1189 4921 regnavit,
1216 4852 1365 4906 Jovis
1394 4851 1582 4918 magni
1611 4845 2017 4921 confabulator.

439 4929 554 4998 (85)
616 4924 902 4985 Βασιλεύς.
967 4919 1242 4998 Respicit
1320 4923 1520 4998 Matth.
1596 4936 1719 4983 χχι,
1795 4922 1848 4983 9,
1910 4919 2017 4981 1Ο;

365 4995 544 5053 mare.
574 5014 653 5064 χι,
686 5000 741 5064 9,
775 4999 862 5060 10,
893 4996 983 5050 vel
1018 4996 1152 5050 Luc.
1185 5010 1301 5061 xix,
1326 4995 1414 5048 38.

437 5068 550 5140 (86)
586 5066 1015 5140 ³ᾼντικειμὲνου.
1096 5067 1217 5140 _Hoc
1253 5070 1361 5140 _est
1409 5065 1639 5140 S_tan.1::
1697 5076 1837 5140 na_m
1894 5069 2022 5140 ’ρ’-ηδ’

367 5131 458 5197 est
488 5131 787 5203 ἀντίδικος,
820 5131 1186 5195 adversarius.
1253 5133 1552 5190 Barnabas
1601 5148 1729 5204 cap.
1763 5135 1797 5185 2
1826 5148 1838 5185 :
1866 5131 2025 5204 ﬁcum

364 5217 477 5270 sint
506 5230 636 5281 ergo
665 5213 783 5268 dies
810 5209 1153 5281 nequissimi,
1178 5215 1239 5281 et
1273 5205 1596 5281 Contrarias
1628 5203 1837 5281 habeat
1851 5203 2024 5281 _hujus

365 5273 919 5410 saeczstligioitgstateni.
954 5273 1218 5353 Respicit
1264 5285 1461 5333 autem
1493 5277 1768 5332 Clemens
1820 5273 2021 5328 Matth.

368 5373 442 5410 IV.
517 5398 532 5410 .
595 5399 608 5410 .
719 5397 730 5409 .

368 5373 442 5413 Iv.
474 5359 532 5422 8,
555 5359 608 5416 9,
646 5359 730 5409 10.

442 5418 555 5497 (8‘7)
587 5425 648 5497 'Q
682 5423 849 5497 μόνος
876 5423 1053 5481 inm.
1086 5425 1220 5497 Haec
1251 5419 1581 5497 Stoicorum
1611 5418 1791 5497 verba
1840 5420 1991 5497 sunt
2012 5429 2024 5466 :

368 5484 784 5573 quietis-idum,
822 5484 969 5573 _teste
1004 5495 1231 5573 Laertio
1264 5492 1371 5573 lib,
1409 5508 1524 5573 vu_._
1541 5507 1661 5573 seu.
1698 5492 1818 5553 119,
1842 5558 1855 5573 1
1880 5484 2025 5573 dncti-

368 5555 618 5625 Iiiebant
644 5555 954 5638 ἐπιστήμην
988 5571 1119 5629 θεῶν
1153 5561 1452 5638 θεραπείας.
1484 5555 1766 5638 Eundem
1823 5555 2031 5638 delini-

372 5641 598 5697 tionem
628 5629 967 5696 memorant
1014 5629 1454 5695 etiam'Sextus
1494 5633 1826 5704 Empiricus
1882 5629 2025 5704 Adv.

372 5712 795 5769 Mathematicos
825 5729 879 5782 p_.
911 5713 1033 5776 330,
1068 5709 1336 5766 Stobaeus
1364 5708 1426 5762 in
1478 5702 1699 5775 Eclo'gis
1729 5702 1938 5772 ethicis,
1972 5705 2031 5755 et

375 5783 589 5842 Suidas
618 5802 673 5843 v.
698 5777 988 5841 Εὐσέϐεια.

2205 4483 2319 4553 (88)
2347 4476 2592 4553 Φαίδρῳ.
2644 4480 2778 4534 Haec
2808 4474 2917 4532 sub
2950 4474 3134 4530 finem
3164 4467 3390 4529 Phaedri
3419 4466 3645 4541 profert
3673 4463 3786 4521 So-

2135 4552 2347 4621 crates,
2371 4552 2625 4626 Ρ..1243.

2205 4644 2314 4714 (89)
2344 4621 2411 4695 ’ίὶ
2440 4662 2497 4714 φ.
2531 4640 2601 4714 ᾯ
2629 4636 2755 4705 φίλε
2815 4640 3032 4714 “ivnge,
3062 4632 3153 4687 καὶ
3183 4628 3387 4714 ὀίλλοιΑ
3408 4626 3526 4683 ὅσοι
3552 4621 3713 4714 τῇδες
3735 4634 3785 4687 θ.

2127 4693 2315 4772 Ριὲιὶὸί
2352 4693 2500 4774 ᾖοί,
2522 4693 2757 4783 τᾶξωθεν
2790 4723 2897 4780 pro
2929 4693 3143 4776 ἔξωθεν,
3191 4710 3248 4760 et
3305 4698 3441 4776 φίλα
3469 4717 3574 4774 pro
3599 4693 3608 4700 ’
3631 4693 3785 4774 φίλα.

2127 4788 2312 4929 IblgO)
2339 4852 2830 4929 Ulovelougﬂmc
2861 4854 3183 4907 occurrunt
3238 4844 3347 4903 sub
3406 4844 3587 4900 tinem
3618 4840 3721 4896 lib.
3757 4856 3790 4893 v

2130 4932 2207 4987 De
2237 4927 2466 5001 legibus,
2497 4943 2630 5000 pag.
2668 4927 2794 4980 849.

2203 4989 2311 5081 (91)
2364 4989 2608 5085 Σφόδραν
2644 5004 2777 5059 εἶναι
2844 5000 3142 5077 κάγαθούς.
3203 4992 3428 5077 Σφόδρα
3475 4991 3565 5048 καὶ
3625 4989 3782 5063 ἀγαθ.

2131 5082 2319 5232 “(itit-(2)).
2366 5155 2652 5232 Πλείστου.
2714 5158 2846 5211 Hinc
2902 5172 3029 5232 vox
3073 5170 3108 5210 a
3163 5147 3472 5207 nonnullis
3523 5141 3790 5201 Platonis

2135 5227 2499 5289 editionibus
2530 5244 2843 5302 perperam
2871 5227 3058 5282 abest.

2205 5322 2318 5393 (93)
2377 5319 2670 5388 Κέκτηται.
2729 5318 2927 5373 Malim
2983 5311 3196 5380 κέκτητ⁹
3254 5305 3341 5377 ἄν,
3412 5303 3572 5377 quod
3613 5302 3796 5360 habet

2135 5394 2322 5535 P132).
2348 5465 2462 5520 Τοῦ
2490 5482 2551 5535 π.
2578 5463 2744 5535 Hauc
2769 5458 3132 5535 sententiam
3180 5452 3454 5535 Clemens
3513 5465 3585 5504 ex
3640 5462 3786 5518 apo-

2138 5521 2360 5610 crypho
2392 5534 2651 5608 quodam
2684 5531 2837 5587 libro
2869 5528 3196 5600 sumpsisse
3227 5521 3482 5577 videtur.

2209 5609 2334 5699 (95),
2375 5624 2473 5699 Ὠς
2513 5627 2729 5699 συνῆ-κε.
2779 5620 2933 5699 Legi_
2974 5620 3174 5699 potest
3222 5612 3445 5699 etiam,‘
3481 5609 3790 5699 bvaﬁxf,

2175 5682 2286 5754 ubd
2305 5682 2612 5753 intellexit.
2635 5682 2786 5760 Mox,
2837 5682 2993 5763 vung
3053 5683 3318 5763 Platonis
3375 5682 3471 5740 ed.
3517 5682 3622 5739 lib.
3657 5698 3687 5735 ν
3714 5682 3791 5736 De

2122 5759 2304 5841 'legib.
2341 5768 2417 5842 μὴ
2443 5766 2504 5821 τὸ
2525 5765 2626 5835 τήν
2657 5780 2765 5837 pro
2796 5761 2859 5816 οὐ
2886 5759 3030 5817 τότ.
3063 5759 3340 5814 SYLBURG.
