4120 6386
382 342 488 399 961

1741 340 2190 398 ΒΤΒΟΜΔἸἯΜ
2226 340 2361 396 LIB.
2405 340 2478 396 II.

3708 357 3818 412 962

386 465 728 544 προφητείας
797 469 938 538 (19),
999 462 1122 522 οὔτε
1173 473 1276 536 τῆς
1332 471 1440 521 τῶν
1499 465 1808 521 ἀκουόντων
1859 463 2046 518 εὐπει-

2167 465 2262 536 qui
2295 481 2423 520 eam
2447 466 2718 523 audiunt.
2768 469 3106 535 Quinetiam
3154 473 3336 531 aridaa
3385 475 3648 548 festucae,
3680 495 3813 551 qum

386 555 532 618 Θείας
598 557 676 629 μὴ
750 557 1054 630 παροόσης.
1115 557 1220 612 Καὶ
1261 557 1362 633 γὰρ
1415 557 1482 612 τὰ
1536 558 1716 634 κάρφη
1776 558 1844 610 τά
1894 554 2052 629 ξηρὰ,

384 641 583 717 ἕτοιμα
614 639 745 700 ὅντα
792 642 1190 720 καταδέχεσθαι
1239 647 1341 715 τὴν
1401 642 1626 718 δύναμιν
1679 647 1776 714 τήν
1834 663 2054 698 καυστι-

382 735 512 804 κὴν,
546 732 678 811 ῥᾷον
710 734 1016 804 ἐξάπτεταιο
1043 736 1136 790 καὶ
1170 736 1204 804 ἡ
1240 732 1396 798 λίθος
1426 738 1538 808 (20)
1569 737 1604 804 ἡ
1637 731 2053 809 θρυλλουμὲνη,

380 818 533 878 nam
566 824 661 878 τὸν
694 821 922 900 σίδηρον
959 822 1048 878 διὰ
1094 825 1427 899 συγγένειαν.
1481 822 1664 898 ὥσπερ
1712 823 1897 878 καὶτὸ
1963 819 2055 877 δά-

379 931 547 986 κρυον
597 914 660 968 τὸ
693 912 924 988 σοόχιον
983 911 1277 968 ἐπισπᾶται
1307 913 1374 967 τὰ
1424 914 1632 990 κάρφη,
1661 913 1754 967 καὶ
1794 913 1856 966 τὸ
1887 909 2055 980 ἤλεκ-

382 1021 512 1076 τρον
595 1003 693 1064 τάς
753 1003 1036 1078 άχυρμιάς
1097 1002 1389 1060 ἀνακινεῖ.
1448 1002 1694 1066 Πείθεται
1754 999 1812 1056 δὲ
1868 1001 2055 1062 αὐτοῖς

384 1091 459 1144 τὰ
498 1089 794 1163 ἑλκόμενα,
850 1090 1076 1168 ἀρῥήτῳ
1133 1091 1408 1164 ἑλκόμενα
1464 1091 1757 1164 πνεύματι,
1817 1090 1930 1166 οὐχ
1981 1090 2054 1152 ὡς

387 1179 560 1250 αἴτια,
595 1179 724 1236 ἀλλ’
782 1181 856 1244 ὡς
920 1182 1182 1240 συναίτια.
1245 1180 1458 1236 Διπλοῦ
1507 1181 1688 1236 τοίνυν
1758 1181 1913 1242 δντος
1960 1184 2058 1234 τοῦ

386 1275 490 1338 τῆς
563 1269 754 1333 κακίας
829 1267 1028 1332 εἴδους·
1110 1274 1209 1325 τοῦ
1285 1271 1413 1344 μὶν,
1499 1270 1633 1343 μετὰ
1700 1269 1911 1338 ἀπάτης
1965 1269 2056 1324 καὶ

385 1363 487 1414 τοῦ
529 1358 836 1427 λανθάνειν,
895 1363 993 1414 τοῦ
1053 1357 1112 1414 δὲ
1171 1361 1308 1432 μετά
1369 1361 1491 1435 βίας
1550 1357 1784 1434 ἄγοντος
1840 1359 1930 1414 καὶ
1963 1359 2056 1432 φὲ-

391 1467 606 1523 ροντος·
663 1449 691 1502 6
737 1449 880 1510 θεῖος
929 1447 1104 1524 Λόγος
1155 1448 1408 1524 κέκραγε,
1467 1449 1670 1510 πάντας
1733 1442 2055 1518 συλλήϐδην

387 1536 612 1593 καλῶν·
673 1534 833 1598 εἰδὼς
893 1538 986 1609 μὲν
1046 1539 1134 1592 καὶ
1205 1541 1443 1610 μάλιστα
1497 1537 1625 1599 τοὺς
1689 1540 1765 1610 μὴ
1827 1557 2055 1604 πεισθη-

389 1625 684 1699 σομένους,
744 1627 899 1698 ὅμως
962 1623 1009 1681 δ’
1060 1626 1172 1695 οὖν,
1236 1628 1319 1680 ὅτι
1377 1626 1459 1703 ἐφ’
1514 1629 1643 1698 ἡμῖν
1692 1627 1754 1681 τὸ
1783 1626 2055 1690 πείθεσθαί

386 1735 450 1770 τε
499 1715 588 1769 καὶ
652 1716 730 1786 μὴ
767 1757 782 1782 ,
841 1714 915 1776 ὡς
983 1716 1061 1788 μὴ
1127 1711 1274 1789 ἔχειν
1336 1714 1555 1788 ἃγνοιαν
1622 1714 2056 1792 προφασίσασοαί

2164 564 2302 611 sunt
2327 566 2546 628 paratas
2577 561 2651 615 ad
2683 563 3123 634 suscipiendam
3149 568 3304 640 ignis
3327 569 3438 624 vim
3462 571 3695 627 facilius
3717 589 3816 628 ac-

2161 647 2533 715 cenduntur;
2568 656 2628 704 et
2655 651 2806 722 lapis
2835 653 3005 725 vulgo
3037 655 3371 712 celebratus
3421 659 3646 716 ferrum
3696 667 3814 717 tra-

2160 736 2246 790 hit
2292 744 2355 807 ›ι‹
2403 745 2644 810 propter
2690 747 2916 797 natura;
2959 746 3398 816 cognationem,
3447 755 3507 803 et
3552 750 3818 822 lacryma

2162 826 2390 880 succini
2428 829 2674 884 attrahit
2719 829 2998 900 festucas,
3051 839 3110 888 et
3152 836 3437 892 electrum
3483 847 3818 896 commovet

2163 916 2384 986 paleas.
2419 918 2515 974 Eis
2547 925 2748 975 autem
2781 929 3012 992 parent,
3045 941 3178 995 qua
3211 929 3546 996 trahuntur,
3578 931 3812 987 occulto

2161 1005 2419 1076 quodam
2451 1009 2664 1079 spiritu
2691 1015 2897 1078 tracta,
2931 1029 3050 1068 non
3090 1020 3156 1068 ut
3185 1016 3544 1089 principales
3595 1035 3811 1076 causae.

2162 1095 2267 1150 sed
2295 1102 2362 1150 ut
2390 1097 2762 1168 adjuvantes.
2797 1102 2940 1156 Cum
2982 1103 3058 1157 sit
3088 1121 3225 1176 ergo
3265 1105 3483 1177 duplex
3530 1108 3656 1162 vitii
3710 1125 3814 1182 ge-

2162 1201 2277 1240 nus
2303 1202 2315 1238 :
2348 1202 2533 1240 unum
2566 1189 2830 1258 quidem,
2855 1191 3011 1261 quod
3035 1193 3172 1248 dolo
3204 1211 3312 1249 nos
3343 1201 3401 1249 et
3430 1196 3810 1265 clanculum;

2160 1273 2413 1329 alterum
2437 1283 2658 1344 autem,
2690 1280 2849 1349 quod
2879 1288 3084 1352 aperta
3109 1283 3161 1336 vi
3185 1285 3522 1355 aggreditur
3545 1287 3768 1358 etrapit
3797 1306 3812 1354 ;

2161 1365 2393 1420 divinus
2418 1365 2599 1436 Logos
2623 1368 2921 1435 clamavit,
2943 1386 3152 1427 omnes
3184 1373 3363 1428 simul
3392 1391 3646 1442 vocans;
3671 1382 3730 1430 et
3751 1376 3819 1430 li-

2161 1459 2254 1508 cet
2283 1471 2382 1509 eos
2413 1455 2744 1512 certissime
2775 1460 3021 1526 noverit,
3055 1461 3156 1530 qui
3201 1478 3322 1516 non
3366 1469 3505 1518 sunt
3537 1465 3811 1534 parituri,

2163 1549 2382 1608 tamen,
2425 1547 2707 1616 quoniam
2742 1549 2894 1604 I60
2927 1550 2986 1604 in
3036 1558 3240 1606 nostra
3289 1559 3580 1624 potestate
3633 1556 3812 1610 situm

2161 1640 2269 1699 est,
2303 1640 2502 1690 utrum
2526 1652 2861 1706 pareamus,
2881 1655 3092 1703 necne,
3117 1657 3193 1694 ne
3216 1642 3349 1712 quis
3373 1643 3560 1712 possit
3580 1644 3815 1699 causari

2161 1728 2512 1792 praetextum
2544 1724 2914 1794 ignorantia,
2955 1728 3175 1797 justam
3231 1729 3372 1783 fecit
3418 1732 3813 1798 vocationem,

385 1824 586 1873 τινας,
658 1800 870 1858 δικαίαν
927 1805 1028 1873 τήν
1111 1803 1310 1873 κλῆσιν
1388 1803 1736 1873 πεποίηται,
1795 1804 1856 1858 τὸ
1915 1805 2051 1858 κατὰ

2167 1818 2220 1866 et
2269 1813 2429 1882 quod
2483 1821 2766 1884 praestare
2814 1824 3065 1886 possunt
3113 1818 3587 1890 uniuscujusque
3634 1821 3814 1890 vires,

387 1887 621 1964 δύναμιν
685 1888 743 1945 δὶ
803 1889 1033 1947 ἑκάστου
1090 1891 1308 1946 ἀπαιτεῖ
1599 1894 1728 1954 Τοῖς
1789 1893 1882 1965 μὲν
1943 1893 2048 1968 γὰρ

387 1982 533 2054 ὁμοῦ
607 1984 687 2050 τῷ
743 1980 918 2044 θέλειν
991 1981 1084 2036 καὶ
1167 1981 1228 2035 τὸ
1323 1979 1576 2045 δύνασθαι
1651 1995 1930 2057 πάρεστιν,
1993 1981 2052 2036 ἐκ

388 2071 778 2141 συνασκήσεως
832 2069 1106 2140 ηὐζηκόσι
1157 2075 1320 2124 τοῦτο
1374 2072 1484 2143 (22)
1521 2115 1535 2138 ,
1613 2070 1704 2124 καὶ
1784 2081 2049 2140 κεκαθαρ-

392 2155 604 2231 μένοις·
667 2159 720 2213 οἱ
777 2156 856 2225 δὲ,
907 2159 953 2214 εἰ
1007 2160 1098 2213 καὶ
1160 2160 1331 2232 μήπω
1395 2155 1679 2226 δύνανται,
1739 2159 1802 2213 τὸ
1855 2159 2053 2234 βούλε-

387 2248 513 2302 σθαι
566 2245 676 2318 ἤδη
736 2245 990 2324 ἔχουσιν.
1048 2251 1246 2324 ’Ἑργον
1307 2245 1365 2302 δί
1441 2248 1504 2302 τὸ
1583 2249 1678 2320 μὲν
1760 2246 2050 2324 βούλεσθαι

383 2338 602 2411 ψυχῆς,
664 2335 728 2391 τὸ
780 2337 1034 2412 πράττειν
1086 2333 1174 2408 δὲ,
1230 2336 1329 2392 οὐκ
1396 2337 1519 2391 ἄνευ
1573 2337 1850 2409 σώματος.
1911 2333 2053 2394 Οόὃὶ

390 2425 501 2498 μὴν
558 2429 639 2498 τῷ
695 2423 841 2480 τέλει
901 2432 1333 2500 παραμετρεῖται
1394 2426 1546 2498 μόνῳ
1611 2427 1678 2480 τά
1731 2428 2048 2500 πράγματα,

387 2513 537 2570 ἀλλὰ
613 2516 700 2570 καὶ
788 2518 858 2589 τῇ
961 2514 1187 2570 ἑκάστου
1263 2514 1500 2590 κρίνεται
1587 2516 1934 2590 προαιρέσει,
2002 2514 2049 2569 εί

391 2601 597 2680 ῥᾳδίως
658 2601 857 2672 εἵλετο,
935 2603 981 2660 εἰ
1063 2604 1146 2680 ἐφ’
1225 2605 1306 2666 οἷς
1378 2603 1622 2680 ἥμαρτεν
1704 2598 2049 2678 μετενόησεν,

389 2693 438 2749 εἰ
498 2693 710 2749 σύνεσιν
765 2687 956 2749 ἔλαϐεν
1028 2692 1109 2770 ἐφ’
1180 2695 1261 2758 οἷς
1345 2689 1588 2748 ἔπταισεν
1623 2737 1638 2763 ,
1720 2695 1811 2748 καὶ
1896 2691 2041 2766 μετέ-

385 2805 526 2859 γνω,
579 2785 711 2857 ὅπερ
762 2783 898 2854 ἐστὶ,
950 2785 1087 2857 μετά
1163 2788 1333 2839 ταῦτα
1401 2781 1561 2858 ἔγνον
1645 2780 1872 2858 βραδεῖα
1945 2784 2048 2857 γάρ

387 2877 591 2948 γνῶσις
652 2877 931 2947 μετάνοια·
1019 2877 1221 2949 γνῶσις
1305 2871 1363 2927 δὲ
1435 2874 1471 2937 ἡ
1521 2873 1714 2946 πρώτη
1801 2873 2052 2948 ἀναμαρ-

389 2961 575 3033 τησία.
661 2961 902 3024 Πίστεως
988 2961 1079 3017 οὖν
1152 2961 1242 3016 καὶ
1328 2965 1363 3031 ἡ
1452 2963 1710 3036 μετάνοια
1772 2962 2053 3036 κατόρθω-

395 3073 471 3124 μα
505 3070 518 3084 ⁶
580 3051 670 3107 ἐὰν
720 3053 822 3128 γὰρ
909 3053 988 3125 μὴ
1066 3051 1326 3126 πιστεύσῃ
1409 3051 1711 3126 ἁμάρτημα
1789 3053 1918 3106 εἶναι
2003 3052 2050 3122 ᾧ

385 3141 789 3216 προκατείχετο
824 3185 839 3212 ,
901 3138 1027 3196 οὐδὲ
1113 3143 1491 3214 μεταθήσεται·
1578 3139 1672 3194 κᾶν

379 3230 608 3304 στεύσῃ,
695 3229 922 3286 κόλασιν
991 3230 1086 3302 μὲν
1140 3229 1445 3300 ἐπητῆσθαι
1502 3228 1581 3302 τῷ
1639 3227 2044 3302 πλημμελοῦν-

377 3341 454 3388 τι,
513 3319 786 3393 σωτηρίαν
853 3316 910 3374 δὲ
993 3324 1074 3392 τῷ
1157 3322 1294 3374 κατά
1347 3319 1444 3381 τάς
1526 3318 1750 3380 ἐντολάς
1813 3320 2044 3393 βιοῦντι,

385 3406 500 3463 οὐδ’
560 3408 705 3464 οὕτω
763 3402 1174 3482 μεταϐαλεῖται.
1229 3405 1370 3478 Ἤδη
1451 3405 1508 3462 δὲ
1590 3407 1682 3462 καὶ
1767 3410 1801 3477 ἡ
1885 3405 2045 3469 ἐλπὶς

384 3496 444 3552 ἐκ
499 3497 736 3559 πίστεως
793 3499 1134 3566 συνέστηκεν.
1219 3498 1527 3570 Ὀρίζονται
1610 3501 1740 3572 γοῦν
1805 3497 1857 3550 οἱ
1941 3495 2048 3550 ἀπὸ

389 3585 743 3649 Βασιλείδους
793 3587 891 3656 τὴν
949 3586 1152 3655 πίστιν,
1211 3588 1397 3661 ψυχῆς
1453 3587 1839 3660 συγκατάθεσιν
1910 3583 2047 3661 πρός

387 3697 439 3730 τι
494 3681 601 3730 τῶν
665 3677 742 3750 μὴ
801 3675 1098 3731 κινούντων
1155 3673 1404 3745 αἴσθησιν
1441 3718 1456 3744 ,
1516 3673 1606 3730 διὸ.
1659 3675 1722 3730 τὸ
1803 3676 1878 3748 μὴ
1938 3696 2046 3729 πα-

382 3770 585 3840 ρεῖναι.
654 3765 850 3830 Ἐλπὶς
931 3762 988 3819 δὲ
1091 3763 1393 3840 προσδοκία
1474 3767 1720 3835 κτήσεως
1827 3764 2048 3840 ἀγαθοῦ.

380 3856 587 3924 Πιστήν
650 3851 708 3910 δὲ
766 3853 976 3930 ἀνάγκη
1028 3855 1127 3922 τήν
1212 3852 1547 3927 προσδοκίαν
1607 3856 1763 3911 εἶναι.
1853 3854 2052 3915 Πιστὸς

381 3941 446 3998 δὶ
505 3944 533 3998 6
592 3939 957 4020 ἀπαραϐάτως
1035 3945 1339 4018 τηρητικὸς
1414 3947 1523 3998 τῶν
1585 3941 2053 4018 ἐγχειρισθέντωνο

402 4034 805 4108 ἱγχειρίζονται
861 4031 919 4088 δὲ
965 4035 1100 4106 ὖμῖν
1158 4033 1209 4086 οἱ
1268 4031 1392 4106 περὶ
1451 4037 1584 4089 Θεοῦ
1643 4029 1825 4107 λόγοι,
1857 4034 1947 4087 καὶ
2000 4033 2057 4086 οἱ

403 4128 542 4186 θεῖοι
595 4121 778 4197 λόγοι,
839 4125 894 4178 αἱ
952 4120 1167 4177 ἐντολαί
1223 4125 1368 4194 (‘23),
1428 4121 1520 4175 σὺν
1603 4126 1674 4195 τῇ
1731 4120 2055 4195 καταπράξει

398 4216 508 4266 τῶν
596 4211 1088 4288 παραγγελμάτων.
1178 4210 1352 4274 Οὗτός
1435 4208 1578 4264 ἐστιν
1636 4211 1664 4264 6
1745 4207 1941 4272 δοῦλος
2028 4211 2056 4265 6

399 4302 627 4371 πιστὸς,
685 4303 714 4356 ὁ
770 4301 908 4378 πρὸς
966 4305 1064 4356 τοῦ
1124 4299 1329 4375 Κυρίου
1414 4297 1826 4372 ἐπαινο-ὂμενος.
1889 4301 2055 4356 Ἐπὰν

1789 3141 1903 3250 μὴκ
1951 3160 2046 3243 1‘"
2080 3186 2121 3250 c

2163 1901 2360 1972 exigit.
2393 1903 2708 1958 Nonnullis
2732 1904 2892 1958 enim
2910 1905 3267 1961 simuladest
3281 1913 3339 1962 et
3358 1907 3506 1962 velle
3524 1914 3582 1962 et
3602 1926 3812 1979 posse;

2161 1994 2228 2043 ut
2256 1990 2349 2058 iis,
2382 1991 2482 2060 qui
2521 2007 2626 2061 per
2656 1993 3143 2048 exercitationem
3194 2011 3260 2048 eo
3310 1997 3709 2066 pervenerint,
3758 2003 3817 2052 et

2162 2078 2393 2149 purgati
2416 2079 2550 2133 sint.
2582 2080 2695 2134 Alii
2719 2087 2940 2143 autem.
2965 2082 3075 2136 etsi
3102 2083 3368 2138 nondum
3394 2085 3810 2156 possunt,jam

2162 2171 2364 2221 tamen
2397 2167 2618 2222 habent
2645 2169 2811 2223 velle.
2848 2171 2950 2224 Est
2980 2177 3177 2226 autem
3210 2173 3358 2227 velle
3387 2173 3628 2244 quidem
3677 2191 3812 2230 mu-

2164 2273 2276 2311 nus
2309 2257 2560 2322 animaa;
2594 2274 2768 2330 agere
2799 2265 2995 2314 autem
3026 2277 3147 2314 non
3201 2261 3330 2316 sine
3375 2278 3644 2334 corpore.
3697 2265 3813 2318 Ne-

2163 2361 2276 2415 que
2309 2361 2446 2400 vero
2480 2345 2642 2400 solus
2676 2346 2810 2401 ﬁnis
2841 2365 2938 2402 res
2977 2349 3302 2416 dimetitur,
3351 2349 3455 2404 sed
3503 2367 3584 2406 ese
3635 2351 3816 2406 etiam

2161 2434 2632 2504 uniuscujusque
2653 2435 2942 2491 electione
2966 2437 3372 2507 dijudicantur
3395 2456 3408 2492 :
3430 2439 3478 2494 si
3498 2439 3670 2494 facile
3691 2440 3815 2495 ele-

2161 2524 2263 2595 git,
2299 2523 2346 2578 si
2381 2529 2756 2594 peccatorum
2791 2542 3033 2580 suorum
3061 2526 3274 2582 ductus
3323 2533 3412 2582 est
3442 2529 3816 2599 poenitentia,

2163 2612 2210 2666 si
2244 2619 2488 2682 propter
2528 2629 2618 2675 ea.
2660 2613 2719 2666 in
2746 2614 2966 2684 quibus
2997 2615 3200 2686 lapsus
3252 2623 3358 2680 est,
3403 2633 3536 2672 eum
3586 2633 3816 2673 remor-

2162 2695 2262 2749 det
2291 2694 2678 2762 conscientia,
2713 2702 2770 2750 et
2813 2713 3074 2752 errorem
3116 2700 3472 2772 recognovit.
3517 2701 3674 2771 quod
3706 2707 3816 2769 est,

2154 2790 2349 2852 postea
2393 2787 2687 2852 cognovit:
2739 2789 2830 2839 est
2877 2786 3039 2840 enim
3091 2788 3259 2841 tarda
3305 2788 3561 2859 cognitio
3622 2789 3813 2860 paeni-

2165 2872 2387 2926 tentia:
2447 2873 2704 2945 cognitio
2763 2879 2961 2928 autem
3019 2881 3110 2930 est
3164 2875 3508 2932 innocentia
3563 2877 3634 2932 ab
3681 2878 3811 2949 ipso

2162 2962 2477 3032 principio.
2504 2963 2664 3016 Fidei
2685 2980 2821 3035 ergo
2839 2979 2986 3034 opus
3005 2969 3096 3020 est
3111 2966 3479 3036 pamitentia.
3502 2967 3623 3021 Nisi
3646 2967 3811 3022 enim

2163 3051 2485 3106 crediderit
2513 3068 2642 3107 esse
2674 3060 3002 3123 peccatum,
3037 3071 3152 3124 quo
3185 3055 3351 3126 prius
3383 3055 3715 3122 tenebatur,
3741 3057 3814 3112 ab

2163 3160 2232 3199 eo
2261 3159 2381 3197 non
2413 3142 2810 3198 dimovebitur
2835 3161 2848 3197 :
2873 3151 2930 3199 et
2952 3145 3067 3200 nisi
3089 3146 3429 3212 crediderit,
3463 3147 3515 3202 ei
3548 3147 3817 3219 quidem,

2161 3231 2260 3301 qui
2295 3231 2614 3302 delinquit.
2640 3232 2965 3303 inpendere
2989 3235 3349 3306 supplicium
3377 3252 3389 3288 :
3424 3242 3690 3306 paratam
3711 3253 3819 3292 au-

2161 3326 2277 3375 tem
2313 3338 2444 3376 esse
2478 3321 2731 3376 salutem
2763 3325 2840 3388 ei,
2874 3323 2974 3392 qui
3009 3340 3078 3377 ex
3110 3325 3423 3394 praeceptis
3453 3325 3610 3393 vivit,
3637 3342 3711 3380 ne
3731 3325 3816 3380 sic

2161 3409 2401 3479 quidem
2435 3409 2782 3466 mutabitur.
2814 3411 2939 3465 Jam
2972 3418 3169 3467 autem
3201 3429 3337 3484 spes
3383 3430 3620 3483 quoque
3669 3431 3818 3469 con-

2163 3499 2320 3554 sistit
2340 3516 2410 3554 ex
2438 3500 2572 3554 ﬁde.
2603 3501 2909 3555 Definiunt
2938 3502 3137 3572 itaque
3165 3502 3346 3556 finem
3369 3508 3689 3557 sectatores
3710 3505 3820 3558 Ba-

2165 3587 2378 3655 silidis,
2438 3589 2654 3643 animae
2716 3590 3126 3646 assensionem
3183 3591 3361 3646 alicui
3421 3608 3628 3647 eorum
3685 3609 3816 3663 qua)

2167 3695 2409 3732 sensum
2443 3695 2562 3732 non
2596 3685 2850 3745 movent,
2885 3684 3201 3750 propterea
3230 3679 3390 3750 quod
3427 3697 3548 3735 non
3578 3681 3817 3738 adsunt.

2165 3767 2308 3838 Spes
2333 3773 2532 3822 autem
2565 3773 2655 3821 est
2683 3767 2854 3822 bona:
2888 3768 3283 3839 possessionis
3315 3769 3700 3840 exspectatio.
3736 3770 3824 3825 Fi-

2165 3856 2361 3911 delem
2375 3863 2575 3911 autem
2595 3873 2837 3912 necesse
2855 3862 2944 3912 est
2962 3874 3089 3912 esse
3109 3859 3634 3928 exspectationem.
3653 3859 3820 3914 Fide-

2167 3946 2241 4000 lis
2271 3953 2466 4002 autem
2504 3947 2737 4017 est,'qui
2770 3949 2917 4002 citra
2939 3949 3474 4020 transgressionem
3506 3965 3576 4004 ea
3608 3955 3817 4016 servat,

2167 4053 2297 4105 quze
2331 4042 2469 4090 sunt
2486 4036 2538 4090 ei
2559 4036 2793 4091 tradita.
2814 4035 2994 4089 Nobis
3011 4042 3210 4091 autem
3231 4036 3570 4100 traduntur,
3597 4055 3727 4108 quaa
3744 4039 3818 4094 de

2167 4126 2285 4179 Deo
2299 4124 2596 4187 dicuntur,
2619 4130 2677 4178 et
2693 4124 2868 4179 verba
2884 4124 3102 4190 divina,
3125 4141 3340 4196 nempe
3359 4125 3658 4192 mandata,
3682 4143 3818 4182 cum

2167 4213 2545 4268 exsecutione
2577 4217 3031 4283 praaceptorum.
3066 4213 3167 4266 Hic
3200 4219 3290 4266 est
3317 4230 3500 4268 servus
3519 4213 3817 4284 ﬁdelisla),

2167 4303 2268 4372 qui
2299 4301 2576 4357 laudatur
2601 4318 2634 4356 a
2664 4301 2937 4355 Domino.
2961 4302 3105 4355 Cum
3128 4307 3328 4356 autem
3356 4300 3590 4369 dixerit,
3614 4303 3820 4359 Fidelis

471 4455 621 4520 ’X‘P.
662 4457 767 4512 443
807 4457 919 4512 ED.
961 4455 1254 4520 POTTER,
1296 4452 1662 4508 370-371ED.
1706 4453 1934 4508 PARIS.
1992 4453 2053 4524 (αλ

2167 4452 2299 4509 ιιῐιι.
2333 4469 2482 4521 XXIV,
2516 4455 2582 4506 45
2617 4469 2630 4521 ;
2665 4469 2797 4521 xxv,
2830 4452 2917 4507 21.

472 4609 582 4680 (19)
613 4603 922 4693 Οίῖτενμὴν
979 4624 1075 4679 πρ.
1135 4607 1308 4693 ξυνίει
1366 4604 1706 4693 legendum.
1749 4600 1902 4693 .0516.
1950 4605 2053 4677 μὴν

2177 4605 2396 4693 tentias,
2423 4621 2570 4693 quas
2592 4604 2811 4659 referre
2843 4604 3022 4693 piget,
3058 4604 3321 4687 indigna
3345 4609 3506 4693 sunt.
3524 4621 3656 4693 qua
3683 4606 3817 4664 refu

397 4675 738 4756 προφητείας
768 4675 1084 4756 ὄνησίς-τις,
1106 4683 1207 4746 τῆς
1231 4680 1339 4756 τῷν
1373 4675 1506 4756 (ix—zu
1539 4677 1763 4756 alioqui
1814 4677 1906 4756 vel
1952 4675 2060 4756 Vexf

402 4746 789 4836 pungendum
803 4746 980 4836 "istud
1009 4746 1152 4820 οὔτε,
1191 4749 1281 4805 vel
1327 4749 1623 4821 genitivus
1679 4746 1896 4819 aliquis
1928 4754 2064 4821 post

400 4823 557 4880 illud
581 4825 767 4880 deest.
803 4823 1076 4878 SYLBURG.

475 4899 586 4965 (20)
608 4895 670 4950 Ἣ
702 4893 873 4954 λίθος.
909 4894 1058 4959 Quid
1091 4896 1201 4956 est,
1233 4909 1340 4965 cur
1380 4891 1684 4965 Heraclius
1732 4891 1885 4964 lapis
1932 4891 2058 4947 fer-

400 4963 533 5022 rum
556 4967 631 5023 ad
664 4985 725 5023 se
757 4967 972 5038 trahat,
1006 4966 1215 5038 ingens
1248 4964 1407 5038 inter
1427 4963 1927 5038 physicospugna
1949 4970 2056 5038 est.

399 5040 658 5110 Galenus
714 5037 848 5110 ,Περὶ
907 5033 1222 5110 στοιχείων,
1262 5034 1356 5110 β’;
1411 5033 1624 5110 φυσικὴ
1659 5033 1761 5108 γάρ
1809 5033 1892 5110 τίς
1948 5034 2058 5090 ἐστι

401 5107 630 5182 δύναμις
709 5102 934 5176 ἑλκτική
992 5102 1101 5162 τῶν
1159 5102 1386 5182 οῗκείῳνΔ
1429 5104 1640 5176 ἑκάστῳ
1672 5102 1805 5182 ’.τῷν
1864 5102 2056 5182 ὄντων,

401 5173 584 5256 ὣσπερ
618 5179 670 5256 ἐν
710 5184 779 5253 τῇ
811 5173 953 5256 λίθω
978 5182 1071 5256 *τῇ
1129 5175 1422 5256 Ἡρακλείᾳ
1473 5181 1570 5230 τοῦ
1594 5173 1880 5256 ’ἔσιδιιςροω¹
1932 5173 2060 5234 Cie?

400 5245 572 5310 mens
605 5245 948 5318 Alexandra,
977 5245 1156 5306 ἓλκειν
1184 5245 1275 5322 τὸν
1310 5247 1534 5322 σίδηρον
1729 5245 2056 5322 συγγένειαν

401 5327 737 5402 Gregorius,
771 5322 994 5400 ἀρῥήτῳ
1022 5329 1123 5402 τῇς
1153 5319 1362 5402 φύσεως
1399 5320 1532 5402 βίᾳχ
1555 5320 1681 5402 alii,
1757 5319 2062 5402 ἀποφοραῖς

401 5391 1013 5474 πνευματώδεσι’,’ὶεείε
1045 5391 1360 5474 Plutarcho
1389 5391 1408 5446 τ’
1435 5391 1678 5464 quidam
1725 5391 2060 5474 magnetem

399 5465 627 5544 ferrum
660 5475 939 5544 appetere
966 5474 1249 5544 tanquam
1284 5465 1507 5544 cibum,
1540 5480 1657 5544 quo
1717 5465 1893 5519 vitam
1923 5482 2059 5544 sus-

402 5541 627 5609 tendet,
655 5537 842 5612 eaque
865 5537 1106 5611 lapides
1121 5555 1331 5612 omnes
1374 5537 1481 5612 via
1537 5537 1752 5612 vivere,
1790 5537 2060 5612 probare

401 5629 525 5668 non
557 5604 793 5690 cessant
823 5629 835 5666 :
865 5604 987 5690 non
1016 5613 1085 5683 τῇ
1111 5607 1333 5690 ἀρῥήιτῳ
1374 5604 1726 5690 ἰδιότητα.ἰά
1780 5604 1908 5690 fieri
1942 5625 2060 5680 pu-

400 5691 618 5742 tamus.
652 5683 964 5741 Nonnullaa
991 5678 1166 5755 porro
1182 5678 1520 5754 'pluresque
1550 5678 1892 5751 hujusmodi
1923 5678 2064 5736 sen-

2177 4683 2396 4744 tentur,
2431 4682 2648 4747 prmter
2668 4693 2848 4730 unam
2874 4676 3100 4743 Galeni,
3135 4678 3226 4731 cui
3253 4677 3802 4733 succinitClemens

2173 4748 2455 4820 quaideo
2486 4749 2633 4802 mihi
2661 4765 2780 4803 non
2814 4747 3056 4816 arridet,
3102 4748 3262 4820 quod
3310 4748 3608 4820 permulta
3638 4751 3827 4804 varias

2173 4819 2266 4875 res
2298 4820 2371 4892 ad
2396 4836 2456 4874 se
2487 4819 2777 4887 derivent,
2805 4836 2938 4874 cum
2991 4819 3227 4892 quibus,
3265 4819 3432 4876 nulla
3463 4826 3553 4876 est
3581 4838 3825 4892 prorsus

2169 4891 2453 4964 συγγένεια
2509 4909 2640 4962 quae
2693 4892 2852 4947 enim
2885 4891 3231 4964 rhabarbari
3264 4909 3398 4964 cum
3449 4891 3599 4964 ﬂava
3681 4892 3828 4959 bile,

2169 4962 2548 5045 quaiIagarici
2582 4981 2715 5045 cum
2739 4964 2962 5044 pituita
2991 4962 3324 5045 o"7_.ee6n;¢_?
3355 4964 3474 5020 alia
3499 4963 3826 5045 sil_eo_:qum

2170 5034 2394 5090 succiui
2430 5052 2564 5090 cum
2597 5034 2804 5106 paleis.
2839 5053 2970 5106 quae
3003 5036 3338 5091 adamantis
3370 5053 3502 5090 cum
3555 5034 3823 5106 festucis,

2170 5125 2301 5179 quae
2326 5108 2542 5178 plantae
2569 5104 2882 5180 cujusdam
2915 5125 3048 5162 cum
3084 5108 3370 5180 sanguine
3396 5104 3830 5180 eum.utitradi_t

2170 5175 2297 5250 ipse
2325 5175 2914 5243 Galenus,elicientis
2946 5175 3262 5234 afﬁnitas?
3285 5177 3581 5245 Brodwus,
3615 5175 3821 5232 Miscel.

2170 5251 2273 5305 lib.
2309 5267 2388 5314 ιιι,
2413 5268 2539 5321 cap.
2579 5253 2678 5321 29.
2701 5252 2966 5321 COLLEcr.

2241 5323 2359 5393 (21)
2387 5323 2464 5376 Τὸ
2486 5316 2629 5374 κατὰ
2660 5317 2708 5374 ὃ.
2755 5363 2768 5375 .
2816 5366 2828 5377 .
2875 5320 3157 5376 ,ἀπαιτεὶ
3194 5319 3407 5374 Lowth.
3466 5316 3690 5372 mavult
3743 5320 3825 5389 τῷ

2168 5389 2306 5446 κατὰ
2341 5389 2387 5447 δ.
2437 5436 2447 5447 .
2496 5437 2508 5448 .
2562 5436 2573 5450 .
2614 5393 2881 5449 ἀπαιτεῖν.

2239 5466 2350 5536 (2‘3)
2381 5466 2578 5536 Τοῦτο.
2614 5467 2784 5521 Forte
2814 5461 2896 5536 εἲς
2927 5466 3109 5536 τοῦτο.

2242 5527 2481 5610 ζεθξμίαῑ
2517 5537 2568 5610 οι
2623 5542 2777 5610 θεῖοι
2814 5532 2970 5608 λόγοι
3018 5533 3072 5587 αἱ
3132 5527 3312 5587 avrai.
3374 5533 3442 5588 ιι.
3498 5549 3610 5589 ms.
3663 5528 3825 5610 λόγοι

2169 5607 2258 5662 καὶ
2291 5608 2347 5662 αἱ
2377 5609 2514 5662 θεῖαι
2539 5606 2718 5665 ἐντολ.
2751 5606 3024 5662 SYLBimG.
