4120 6412
362 372 482 437 965

1722 373 2166 432 STROMATUM
2211 373 2347 429 LIB.
2390 372 2460 430 Π.

3686 379 3803 437 966

376 504 596 577 Ταύτην
650 506 783 579 (31),
844 497 946 583 ἔφη
983 549 999 577 ,
1049 499 1419 580 παρατίθεμαί
1477 522 1561 556 σοι
1616 501 1717 572 τήν
1774 518 2047 575 παραγγε-

2159 502 2274 571 ipso
2303 502 2581 557 reveletur
2600 519 2670 558 ea:
2692 502 2800 572 ﬁde
2828 505 2887 558 in
2916 503 3078 573 ﬁdem
3101 502 3177 577 (α)
3195 518 3401 573 unam,
3424 523 3556 578 quae
3576 521 3645 563 ex
3664 523 3802 580 pro-

376 594 526 666 λίαν,
585 595 776 650 τὲκνον
834 592 1093 667 Τιμόθεε,
1152 591 1290 647 κατὰ
1331 591 1429 654 τὰς
1486 589 1829 667 προαγούσας
1867 587 1955 643 ἐπὶ
1986 588 2045 643 σε

377 682 741 763 προφητείας,
824 679 919 738 ’ίνα
1003 680 1300 759 στρατεύσῃ
1374 679 1425 736 ἐν
1505 680 1694 742 αὐταῖς
1762 680 1863 748 τὴν
1941 697 2043 732 κα-

378 773 486 843 λὴν
559 771 864 843 στρατείαν,
943 765 1089 847 ἔχων
1172 770 1350 825 πίστιν
1428 770 1520 825 καὶ
1589 769 1790 843 ἀγαθήν
1868 764 2041 821 συνεί-

379 859 561 934 δησιν,
635 863 699 931 ἦν
785 881 929 923 τινες
1014 858 1391 932 ἀπωσάμενοι,
1481 857 1605 934 περὶ
1679 858 1779 926 τήν
1862 856 2041 911 πίστιν

375 950 737 1027 ἐναυάγησαν
808 949 891 1005 ὅτι
967 950 1066 1018 τὴν
1148 949 1331 1013 θεόθεν
1409 947 1648 1017 ἥκουσαν
1737 943 2041 1017 συνείδησιν

377 1041 606 1113 ἀπιστίᾳ
681 1038 1030 1113 κατεμίαναν.
1108 1037 1317 1093 Οὐκοῦν
1388 1032 1462 1092 ἔτ’
1526 1034 1754 1098 εἰκότως
1807 1035 2044 1111 πρόχει-

380 1151 476 1207 ρον
503 1130 604 1198 τὴν
641 1129 819 1185 πίστιν
853 1122 1208 1197 διαϐλητέον,
1259 1126 1337 1188 ὡς
1395 1122 1622 1181 εὔκολόν
1679 1145 1740 1180 τε
1767 1125 1856 1179 καὶ
1908 1121 2045 1178 πάν-

381 1215 585 1292 δημον,
618 1218 706 1275 καὶ
740 1217 879 1295 πρὸς
924 1212 1003 1272 ἔτι
1058 1218 1169 1272 τῶν
1225 1215 1534 1291 τυχόντων.
1581 1213 1646 1271 El
1684 1214 1790 1289 γὰρ
1841 1213 2048 1289 ἀνθρώ-

379 1330 537 1366 πινον
593 1307 661 1377 ἦν
693 1309 755 1364 τὸ
788 1303 1147 1379 ἐπιτήδευμα,
1179 1305 1257 1367 ὡς
1314 1302 1591 1374 Ἓλληνες
1618 1296 1914 1372 ὑπέλαϐον,
1946 1299 2042 1356 κᾶν

379 1392 614 1468 ἀπέσϐη·
650 1397 698 1452 εἰ
729 1394 788 1452 δὲ
817 1393 984 1467 αὔξει,
1019 1393 1118 1450 ούκ
1146 1391 1288 1450 ἔστιν
1313 1395 1426 1467 (32)
1448 1391 1573 1448 ἔνθα
1594 1390 1694 1447 οὐκ
1712 1387 1972 1461 {crudi-r1
1984 1391 2045 1465 μὶ

379 1486 561 1543 τοίνυν
593 1486 695 1556 τὴν
718 1484 922 1553 πίστιν,
956 1482 1064 1539 εἴτε
1088 1483 1191 1539 ὑπὸ
1224 1483 1437 1559 ἀγάπης
1467 1480 1782 1556 θεμελιωθῇ
1815 1479 1922 1536 εἷ’τε
1952 1478 2045 1535 καὶ

378 1575 486 1633 ύπό
530 1570 731 1646 φόϐου,
790 1573 827 1650 ᾗ
875 1594 1032 1652 φασιν
1084 1573 1141 1628 οἱ
1186 1573 1508 1648 κατήγοροι,
1570 1569 1715 1636 θεῖόν
1768 1591 1821 1626 τι
1881 1570 2040 1625 εἶναι·

384 1667 525 1741 μήτε
557 1664 661 1720 ὑπὸ
694 1660 875 1735 ἄλλης
906 1660 1092 1742 φιλίας
1142 1667 1416 1734 κοσμικῆς
1459 1657 1871 1733 διασπωμένην,
1908 1660 2047 1731 μήτε

384 1755 489 1811 ὑπὸ
515 1748 691 1834 φόϐου
742 1753 1014 1827 παρόντος
1048 1748 1443 1824 διαλυομένην.
1504 1749 1573 1807 Ἠ
1634 1749 1728 1823 μὲν
1775 1749 1878 1826 γὰρ
1908 1748 2046 1825 ἀγά-

2149 590 2354 662 phetia
2381 593 2689 664 perﬁcitur
2720 594 2780 647 in
2813 593 3148 667 Evangelia,
3179 610 3288 667 per
3317 612 3505 652 unum
3537 601 3596 651 et
3632 614 3804 653 eum-

2150 680 2285 735 dem
2317 682 2638 737 Dominum
2665 683 2889 740 docens
2922 684 3196 739 salutem.
3230 685 3364 753 Hoc,
3413 686 3627 757 inquit,
3651 703 3806 757 pra:-

2149 777 2367 840 ceptum
2423 773 2738 828 com-mendo
2797 774 2918 839 tibi,
2987 773 3071 843 ﬁli
3148 774 3446 842 Timothee,
3503 776 3804 831 secundum

2140 861 2516 932 praecedentes
2544 865 2604 917 in
2646 869 2695 917 te
2718 864 3065 934 prophetias,
3088 870 3153 918 ut
3176 866 3455 934 >x<milites
3474 867 3533 920 in
3562 866 3677 922 illis
3707 866 3805 921 bo-

2148 966 2279 1005 nam
2309 951 2590 1016 militiam,
2624 952 2825 1009 habens
2853 953 3014 1023 ﬁdem
3053 960 3106 1008 et
3155 953 3352 1009 bonam
3390 955 3796 1024 conscientiam,

2150 1055 2318 1110 quam
2364 1042 2593 1109 quidam
2642 1042 2987 1113 repellentes,
3039 1044 3188 1097 circa
3230 1044 3393 1111 ﬁdem
3438 1046 3801 1113 naufragium

2148 1132 2401 1198 fecerunt
2432 1130 2504 1204 (b)
2525 1151 2546 1197 ;
2578 1132 2859 1204 quoniam
2882 1133 3330 1202 conscientiam,
3355 1150 3486 1206 quae
3508 1149 3543 1188 a
3564 1135 3681 1190 Deo
3701 1150 3802 1190 ve-

2150 1219 2241 1274 nit
2260 1221 2992 1292 pollueruntinﬂdelitate.
3022 1224 3150 1278 Non
3173 1228 3264 1278 est
3287 1238 3425 1296 ergo
3453 1223 3711 1295 amplius
3737 1224 3800 1279 ﬁ-

2151 1309 2257 1365 des
2286 1311 2496 1366 merito
2529 1316 2751 1368 temere
2781 1311 3296 1385 reprehendenda,
3322 1317 3390 1367 ut
3435 1318 3495 1367 et
3520 1312 3712 1368 facilis
3743 1316 3803 1367 et

2148 1399 2428 1474 vulgaris,
2489 1406 2547 1457 et
2595 1419 2726 1474 quae
2776 1403 2844 1457 fit
2891 1402 3315 1475 quorumlibet.
3366 1402 3425 1456 Si
3467 1402 3800 1459 humanum

2152 1488 2314 1545 enim
2334 1495 2491 1546 esset
2509 1490 2836 1560 inventum,
2860 1497 2927 1547 ut
2951 1491 3372 1547 existimabant
3391 1492 3598 1559 Graeci,
3621 1492 3802 1548 etiam

2152 1580 2508 1637 exstinctum
2535 1588 2710 1639 esset.
2743 1583 2845 1638 Sin
2871 1586 3071 1638 autem
3101 1586 3371 1654 augetur,
3412 1597 3533 1638 non
3582 1586 3674 1638 est
3702 1580 3804 1637 ubi

2150 1683 2270 1722 non
2302 1673 2411 1724 est.
2444 1668 2585 1724 Dico
2618 1685 2754 1742 ergo
2787 1669 2989 1738 fidem,
3023 1669 3144 1724 sive
3176 1669 3426 1724 fundata
3455 1668 3533 1724 sit
3577 1684 3613 1725 ει
3660 1669 3807 1724 cha-

2151 1756 2347 1824 ritate,
2380 1757 2501 1813 sive
2528 1759 2707 1813 etiam
2736 1775 2770 1813 a
2801 1758 3034 1824 timore,
3062 1762 3129 1813 ut
3156 1756 3365 1813 dicunt
3406 1761 3803 1825 accusatores,

380 1866 458 1917 πη
512 1847 582 1919 τῇ
640 1842 780 1918 πρὸς
832 1844 934 1911 τὴν
976 1840 1157 1896 πίστιν
1219 1837 1378 1919 φιλίᾳ
1426 1838 1554 1902 τοὺς
1585 1838 1812 1902 πιστοὺς
1868 1843 2040 1894 ποιεῖ·

2158 1861 2281 1901 esse
2314 1845 2579 1902 divinum
2611 1847 2837 1917 aliquid
2861 1864 2876 1913 ;
2910 1851 2976 1901 ut
3003 1863 3136 1917 quas
3166 1862 3364 1917 neque
3384 1845 3457 1902 ab
3486 1846 3606 1902 alia
3626 1861 3804 1902 mun-

380 1938 416 2007 ὴ
497 1932 556 1991 δὶ
628 1954 812 1996 πιστις
885 1929 1134 2008 ἓδρασμα
1205 1929 1445 2007 ἀγάπης,
1514 1931 1888 2005 ἀντεπάγουσα
1943 1930 2042 1999 τὴν

380 2024 649 2082 εὐποιίαν·
684 2022 774 2079 ὅτε
821 2023 913 2079 καὶ
968 2027 1067 2078 τοῦ
1124 2021 1302 2095 νόμου
1351 2017 1702 2096 παιδαγωγὸς
1730 2015 1920 2097 φόϐος,
1954 2018 2045 2094 ἀφ’

378 2113 452 2172 ὧν
512 2114 848 2184 πιστεύεται,
903 2112 994 2168 καὶ
1054 2107 1225 2191 φόϐος
1284 2111 1415 2167 εἶναι
1473 2109 1808 2167 πιστεύεται.
1850 2109 1912 2166 Ei
1940 2111 2044 2185 γὰρ

377 2204 432 2262 ἐν
489 2208 573 2277 τῷ
628 2202 868 2279 ἐνεργεῖν
925 2206 1004 2273 τῷ
1062 2201 1196 2256 εἶναι
1248 2197 1517 2256 δείκνυται
1579 2201 1712 2273 (33),
1764 2200 1793 2254 ὁ
1825 2195 1884 2253 δὲ
1917 2197 2045 2272 μὲλ-

380 2294 492 2352 λων
540 2294 633 2351 καὶ
681 2290 952 2363 ἀπειλῶν,
1010 2290 1139 2365 οὐχὶ
1168 2292 1226 2345 δὲ
1278 2289 1513 2365 ἐνεργῶν
1544 2288 1637 2344 καὶ
1685 2288 1901 2358 παρὼν,
1953 2309 2044 2343 πι-

377 2381 621 2439 στεύεται
655 2400 670 2414 ·
748 2380 839 2436 καὶ
915 2379 980 2436 τὸ
1040 2379 1175 2436 εἶναι
1234 2377 1668 2451 πιστευόμενος,
1728 2377 1829 2432 οὐκ
1885 2376 2048 2441 αύτὸς

376 2480 481 2545 τῆς
543 2472 779 2534 πίστεως
836 2470 1176 2547 γεννητικός,
1236 2467 1266 2524 ὅ
1314 2490 1376 2546 γε
1431 2469 1570 2543 πρὸς
1630 2468 1800 2537 αὐτῆς
1829 2467 2046 2539 ἀξιόπι-

379 2584 507 2627 στος
565 2564 703 2619 εἶναι
769 2559 1137 2635 δοκιμασθείς.
1197 2557 1324 2615 Θεία
1373 2558 1550 2615 τοίνυν
1611 2560 1645 2628 ἠ
1677 2557 1913 2629 τοσαύτη
1946 2579 2046 2632 με-

378 2646 618 2723 ηϐολή,
675 2649 727 2723 ἐξ
787 2651 1040 2713 ἀπιστίας
1090 2649 1282 2704 πιστόν
1339 2668 1391 2703 τι
1447 2647 1768 2724 γενόμενον,
1825 2647 1917 2703 καὶ
1973 2651 2044 2723 τῇ

378 2737 568 2798 ἑλπίδι
629 2740 719 2796 καὶ
776 2744 857 2813 τῷ
916 2733 1072 2818 φόϐῳ
1126 2741 1429 2793 πιστεῦσαι.
1491 2737 1596 2793 Καὶ
1658 2732 1726 2805 δὴ
1767 2738 1803 2806 ἡ
1848 2737 2042 2809 πρώτη

380 2831 520 2906 πρὸς
579 2827 854 2905 σωτηρίαν
911 2831 1091 2890 νεῦσις
1148 2829 1183 2897 ἡ
1238 2825 1418 2888 πίστις
1476 2827 1616 2899 ἡμῖν
1673 2824 2044 2904 ἀναφαίνεται,

386 2923 507 2993 μεθ’
564 2919 626 2988 ἣν
684 2913 855 2997 φόϐος
911 2937 971 2972 τε
1013 2916 1106 2972 καὶ
1155 2914 1316 2977 ἐλπὶς
1360 2914 1452 2970 καὶ
1504 2913 1781 2988 μετάνοια.
1839 2915 1931 2969 σύν
1987 2935 2048 2970 τε

384 3005 675 3085 ἰγκρατείᾳ
756 3005 848 3063 καὶ
929 3006 1185 3080 ὑπομονῇ
1273 3005 1681 3081 προκόπτουσαι
1717 3049 1730 3074 ,
1816 3002 2043 3080 ἄγουσιν

384 3100 533 3172 ἡμᾶς
583 3097 671 3152 ἐπί
714 3117 771 3151 τε
816 3095 1035 3170 ἀγάπην
1092 3094 1180 3151 ἐπί
1213 3115 1271 3150 τε
1316 3098 1538 3170 γνῶσιν.
1598 3093 1843 3156 Εῗκότως
1894 3094 1984 3149 οὖν
2019 3095 2048 3149 ὁ

2154 1934 2310 1991 dana
2325 1936 2589 1992 amicitia
2605 1936 2991 2004 distrahatur,
3010 1951 3205 2006 neque
3222 1951 3257 1991 a
3281 1935 3495 1991 timore
3511 1940 3805 2007 praesente

2152 2024 2527 2082 dissolvatur.
2556 2025 2825 2081 Charitas
2856 2026 3015 2081 enim
3044 2042 3151 2096 per
3181 2041 3334 2093 eam,
3377 2041 3510 2096 quas
3536 2024 3626 2079 illi
3669 2040 3806 2081 cum

2154 2114 2269 2171 ﬁde
2295 2115 2629 2184 intercedit,
2662 2116 2985 2171 amicitiam
3014 2115 3157 2170 facit
3199 2114 3428 2171 ﬁdeles.
3481 2114 3653 2170 Fides
3701 2131 3805 2170 au-

2154 2209 2274 2260 tem
2305 2211 2395 2260 est
2425 2205 2898 2261 stabilimentum
2945 2204 3276 2265 charitatis.
3320 2203 3582 2260 vicissim
3630 2202 3808 2259 indu-

2154 2311 2294 2349 cens
2325 2294 2824 2361 beneﬁcentiam;
2861 2293 3346 2366 quandoquidem
3377 2294 3556 2349 etiam
3600 2294 3801 2363 timor,

2153 2384 2253 2455 qui
2284 2383 2432 2456 legis
2462 2384 2815 2458 paedagogus
2838 2389 2946 2448 est,
2980 2400 3015 2439 a
3045 2383 3261 2454 quibus
3292 2382 3589 2448 credatur,
3624 2382 3804 2438 timor

2153 2489 2283 2528 esse
2313 2473 2597 2528 creditur.
2633 2474 2689 2528 Si
2721 2473 2879 2528 enim
2906 2472 2969 2527 in
3017 2472 3343 2544 operando,
3393 2471 3554 2543 quod
3601 2471 3652 2527 is
3702 2471 3801 2539 sit,

2151 2561 2524 2617 ostenditur:
2556 2562 2654 2617 hic
2685 2566 2881 2617 autem
2900 2577 3036 2617 cum
3057 2560 3292 2616 futurus
3313 2565 3405 2615 est
3427 2565 3486 2615 et
3511 2561 3798 2631 minatur,

2150 2667 2272 2707 non
2324 2658 2524 2708 autem
2571 2668 2825 2724 operans
2874 2657 2934 2707 et
2980 2667 3266 2723 praesens,
3316 2650 3617 2717 creditur;
3670 2650 3805 2707 ideo

2153 2741 2312 2814 quod
2371 2757 2500 2797 esse
2560 2741 2843 2809 creditur,
2901 2758 3023 2796 non
3082 2742 3211 2813 ipse
3268 2740 3450 2796 ﬁdem
3508 2746 3808 2812 procreat,

2152 2831 2254 2902 qui
2286 2847 2415 2887 esse
2457 2830 2573 2887 ﬁde
2621 2830 2835 2904 dignus
2884 2836 2975 2887 est
3021 2830 3094 2886 ab
3139 2830 3267 2902 ipsa
3314 2829 3622 2902 probatus,
3673 2830 3809 2885 Hac

2153 2936 2291 2993 ergo
2349 2925 2515 2975 tanta
2571 2920 2821 2975 mutatio
2866 2936 2901 2975 a
2947 2921 3066 2975 Deo
3114 2919 3403 2991 procedit,
3449 2935 3569 2990 qua
3612 2919 3680 2975 ﬁt
3739 2924 3808 2975 ut

2153 3008 2254 3080 qui
2309 3024 2379 3064 ex
2442 3008 2794 3065 infidelitate
2870 3009 3019 3064 ‘IOI
3099 3007 3294 3064 ﬁdelis
3347 3008 3541 3064 factus
3604 3008 3806 3075 fuerit,

2155 3115 2320 3170 spem
2344 3115 2581 3170 quoque
2610 3104 2670 3154 et
2699 3099 2997 3160 timorem.
3022 3103 3089 3153 ut
3111 3114 3207 3154 res
3241 3097 3355 3154 ﬁde
3397 3097 3630 3171 dignas,
3680 3113 3811 3154 am-

382 3185 693 3249 ἀπόστολος
732 3180 1043 3261 Βαρνάϐας,
1074 3185 1199 3260 Ἀφ’
1231 3183 1293 3239 οὗ
1325 3186 1456 3259 (34),
1486 3183 1675 3259 φησὶν,
1709 3182 1911 3260 ἔλαβον
1947 3183 2047 3256 μὲ-

2159 3188 2455 3259 plectatur
2502 3189 2575 3242 At
2602 3187 2797 3260 prima
2826 3187 3066 3259 quidem
3093 3186 3168 3242 ad
3198 3186 3451 3242 salutem
3483 3202 3615 3242 esse
3636 3185 3810 3241 incli-

385 3236 692 3249 ’””””””’⁷
732 3236 1043 3261 -ᾑι”⁷“”“⁷7
1092 3236 1173 3260 ”-ἶ
1238 3236 1281 3239 ’⁷
1327 3236 1370 3259 \'
1396 3236 1456 3257 ’1⁷
1496 3236 1510 3259 ἷ
1536 3236 1587 3252 Ίί
1612 3236 1616 3237 ⁷
1662 3236 1675 3253 Ἰ
1715 3236 1771 3239 ”’
1816 3236 1873 3260 Γ“
1896 3236 1900 3237 ⁷
1947 3236 2011 3256 Ih'

385 3296 514 3351 ρους
548 3320 565 3348 ,
639 3271 947 3330 ἐσπούδασα
1003 3274 1139 3329 κατά
1199 3274 1394 3349 μικρὸν
1458 3274 1586 3347 ὑμῖν
1640 3271 1900 3353 πέμψαι)
1954 3271 2047 3328 ’ἱνα

2160 3236 2322 3333 batio
2355 3276 2528 3332 nobis
2554 3236 2702 3332 ﬁdes
2732 3236 2996 3348 appuaret,
3030 3281 3164 3348 post
3193 3292 3374 3348 quam
3401 3276 3577 3331 timor
3601 3281 3814 3347 etspes

389 3366 525 3441 μετᾶ
599 3370 702 3436 τῆς
770 3364 1005 3426 πίστεως
1073 3363 1225 3436 ὑμῶν
1292 3360 1506 3418 τελείαν
1568 3359 1738 3437 ἔχητε
1792 3361 1880 3418 καὶ
1946 3364 2045 3433 τὴν

388 3458 593 3530 γνῶσιν
623 3497 637 3511 .
694 3456 810 3518 Τῆς
886 3453 979 3526 μὲν
1057 3454 1171 3525 (35)
1242 3452 1336 3506 οὗν
1402 3450 1636 3514 πίστεως
1693 3452 1854 3525 ἡμῶν
1915 3451 2051 3508 εἷ’σιν

391 3544 445 3598 οἱ
528 3540 915 3617 συλλήπτορες
1000 3536 1171 3616 φόϐος
1254 3540 1343 3596 καὶ
1425 3540 1680 3614 ὑπομονή
1719 3560 1733 3573 ·
1841 3541 1911 3595 τὰ
1993 3538 2053 3597 δὲ

393 3635 797 3708 συμμαχοῦντα
878 3632 1017 3704 ἡμῖν
1105 3628 1456 3705 μακροθυμία
1539 3629 1630 3685 καὶ
1716 3627 2003 3706 ἐγκράτεια
2034 3675 2049 3690 .

392 3720 611 3777 Τούτων
678 3718 794 3793 οὖν,
872 3720 1032 3798 φησὶ,
1106 3719 1173 3774 τὰ
1256 3720 1394 3794 πρὸς
1464 3718 1558 3774 τὸν
1633 3717 1834 3794 Κύριον
1915 3724 2051 3793 (36),

394 3810 668 3884 μενόντων
748 3809 954 3883 ἆγνῶς,
1041 3808 1523 3885 συνευφραίνονται
1605 3807 1791 3874 αὐτοῖς
1869 3810 2050 3888 σοφία,

391 3899 643 3969 σύνεσις,
703 3897 985 3969 ἐπιστήμη
1021 3939 1041 3967 ,
1097 3902 1336 3975 γνῶσις.
1397 3898 1706 3974 Στοιχείων
1765 3902 1896 3974 γοῦν
1952 3905 2055 3969 τῆς

385 3988 641 4066 γνώσεως
700 3988 807 4043 τῶν
882 3989 1304 4063 προειρημένων
1378 3986 1583 4062 ἀρετῶν
1620 4032 1635 4059 ,
1694 3985 2052 4063 στοιχειωδε-

388 4079 580 4154 οτέραν
644 4078 781 4133 εἶναι
854 4070 1170 4150 συμϐέϐηκε
1228 4077 1328 4145 τὴν
1383 4076 1564 4132 πίστιν
1592 4121 1606 4142 ,
1665 4076 1842 4139 οὕτως
1894 4078 2053 4154 ἀναγ-

391 4168 553 4223 καίαν
601 4171 682 4240 τῷ
735 4170 1023 4242 γνωστικῷ
1081 4165 1460 4241 ύπάργουσαν,
1520 4165 1596 4230 ὡς
1649 4170 1731 4238 τῷ
1776 4168 1913 4223 κατᾶ
1958 4168 2049 4224 τὸν

387 4256 609 4331 κόσμον
667 4252 822 4311 τόνδε
854 4255 1060 4331 βιοῦντι
1089 4254 1227 4331 πρὸς
1257 4255 1318 4310 τὸ
1355 4258 1451 4328 ζῇν
1476 4254 1539 4310 τὸ
1579 4254 1854 4312 ἀναπνεῖν.
1887 4256 1977 4321 Ὠς
2005 4242 2052 4313 δ’

459 4360 525 4426 ᾧ
552 4357 613 4410 Ρ.
649 4357 753 4410 445
784 4355 897 4410 ED.
930 4356 1225 4419 ΡΟΤΤΕΗ,
1257 4357 1501 4409 372-372
1530 4355 1643 4409 ΕΙ).
1677 4355 1908 4411 PARlS.

457 4455 575 4528 (31)
625 4450 1278 4528 Ταύτην.-Ταύτην-τὴν
1332 4447 1696 4528 παραγγελίαν
1758 4451 2051 4528 παρατίθει

390 4523 488 4597 μαί
548 4523 638 4578 σοι
682 4523 842 4597 apud
889 4526 957 4582 D.
1018 4525 1271 4581 Paulum
1305 4567 1319 4583 .
1369 4523 1541 4595 Dein,
1602 4523 1888 4599 στρατεύῂ,
1944 4545 2051 4600 pro

390 4593 712 4651 στρατεύσῃ.
750 4596 894 4651 Ibid.

389 4614 712 4661 στρατεύσῃ,
750 4614 894 4651 una.

457 4614 712 4721 ρατεοσγι,
750 4614 894 4651 una.

463 4669 577 4741 (32)
607 4668 651 4741 E
706 4663 976 4741 Studia,
1034 4661 1539 4741 ούκμέσττμΜειΙίῐῃ
1589 4667 1766 4741 hanc.
1803 4672 2051 4741 senten-

390 4732 655 4810 tiam_:sic
686 4732 945 4796 scribere
962 4732 985 4794 ἐ
1019 4738 1084 4810 Εἰ
1129 4735 1189 4794 δὲ
1235 4738 1405 4810 αὑξει,
1452 4739 1541 4794 καὶ
1591 4739 1695 4794 οὐκ
1740 4732 1880 4794 ἔστιν
1927 4735 2055 4805 ἔνθα

390 4809 491 4865 οὐκ
534 4804 697 4867 ἔστιν.
751 4811 909 4882 Φημὶ
940 4808 1122 4865 τοίνυν
1155 4811 1255 4878 τὴν
1303 4804 1361 4866 π.
1392 4804 1631 4868 ’Ξθηειιε
1673 4818 1801 4868 est:
1834 4814 1895 4871 Si
1918 4804 2053 4884 ﬁdes

388 4884 622 4940 humani
676 4886 892 4954 ingenii
945 4891 1306 4940 commentum
1334 4887 1527 4954 fuisset
1548 4884 1890 4955 jampridem
1919 4893 2053 4942 esset

388 4957 702 5011 exstincta:
765 4957 853 5010 sin
903 4972 1029 5010 vero
1087 4961 1306 5010 tantum
1363 4959 1569 5026 ceperit
1622 4958 2049 5025 incrementum,

387 5033 451 5100 ut
509 5028 698 5100 nullus
753 5026 827 5082 sit
885 5029 945 5081 in
1000 5033 1110 5082 toto
1157 5027 1285 5081 orbe
1311 5027 1480 5088 locus.
1522 5044 1629 5097 quo
1653 5044 1763 5083 non
1782 5032 2049 5100 pervasit,

390 5098 544 5170 haud
571 5099 939 5154 dubitaverim
968 5102 1275 5166 afﬁrmare,
1311 5115 1451 5166 eam,
1482 5115 1577 5154 seu
1607 5101 1667 5153 in
1697 5098 1880 5155 amore
1916 5104 2049 5170 fun-

390 5169 524 5243 data
576 5172 668 5235 sit,
724 5186 819 5225 seu
868 5172 1079 5243 potius,
1140 5176 1203 5224 ut
1249 5170 1443 5225 dicunt
1500 5169 1945 5243 calumniatores,
1990 5175 2051 5229 in

389 5240 587 5297 timore
614 5258 729 5296 rem
757 5257 869 5297 esse
896 5242 1163 5296 divinam.

461 5313 573 5386 (33)
606 5311 803 5386 Είγᾶρ
835 5309 887 5366 ἂν
928 5315 1010 5386 τῷ
1061 5310 1293 5386 ἐνεργεῖν
1348 5315 1457 5386 τῇ).
1484 5313 1583 5367 εἴν.
1642 5307 1693 5367 δ.
1751 5315 2051 5386 Interpres

389 5380 936 5441 nominativo'casu
957 5380 1347 5457 agitatum
1379 5380 1646 5438 δείκνυται
1676 5387 1736 5439 in
1769 5380 2049 5457 operando

390 5456 540 5526 quod
566 5460 613 5513 is
638 5460 712 5513 sit
744 5456 1073 5513 ostenditur.
1106 5458 1257 5523 Mox,
1278 5456 1438 5512 haud
1471 5457 1592 5513 scio
1623 5473 1698 5512 an
1728 5456 2050 5525 verius,sz

388 5546 476 5581 τοι
526 5529 665 5582 εἶναι
695 5527 1112 5600 πιστευόμενος,
1171 5546 1492 5600 quanquam
1531 5544 1638 5584 esse
1666 5529 1930 5597 creditur,
1956 5530 2050 5586 in-

391 5600 525 5671 quit
554 5600 809 5656 Svusuac

468 5671 582 5744 (34)
614 5671 738 5744 Ἀφ’
778 5666 861 5744 οὗ.
922 5672 1056 5728 Haec
1082 5743 1087 5744 ί
1111 5671 1298 5744 apud,
1327 5672 1383 5728 S.
1441 5669 1771 5744 Barnabam
1806 5686 1959 5744 cap.
1993 5675 2045 5740 1,

468 5691 582 5744 (σιξ)
616 5691 675 5726 Α
725 5691 735 5699 ’
778 5691 861 5726 ου.
922 5691 1056 5728 naac
1111 5691 1270 5744 apua
1328 5691 1383 5728 δ.
1443 5691 1771 5728 uarnanam
1829 5691 1898 5727 ca
1944 5710 1959 5725 .
1993 5691 2045 5740 1,

391 5741 456 5799 in
481 5744 665 5801 vetari
682 5691 904 5804 Litina
938 5743 1211 5801 versione
1255 5743 1341 5801 sic
1372 5760 1435 5800 se
1465 5742 1726 5801 habent:
1784 5691 2047 5814 Cogiians

2162 3372 2221 3423 et
2248 3366 2618 3439 paenitentia,
2652 3382 2787 3422 cum
2815 3367 3184 3422 continentia
3213 3371 3274 3421 et
3308 3366 3629 3421 tolerantia
3674 3381 3816 3437 pro-

2163 3455 2453 3522 ﬁcientes,
2486 3472 2595 3511 nos
2617 3454 2844 3511 ducunt
2863 3454 2937 3510 ad
2959 3455 3311 3511 charitatem
3332 3459 3391 3509 et
3414 3452 3492 3509 ad
3520 3452 3814 3526 cognitio-

2161 3562 2321 3601 nem.
2356 3544 2560 3601 Merito
2583 3560 2718 3617 ergo
2744 3544 3043 3600 Barnabas
3061 3543 3368 3616 apostolus
3396 3559 3410 3597 :
3434 3545 3519 3598 Ea-
3542 3558 3625 3610 ea,
3645 3558 3814 3613 quam

2163 3639 2371 3705 accepi,
2424 3633 2639 3705 inquit,
2680 3639 2848 3704 parte
2893 3633 3080 3688 studui
3121 3631 3403 3703 paulatim
3451 3632 3526 3687 ad
3570 3646 3663 3687 vos
3690 3632 3823 3687 mit-

2164 3731 2300 3793 tere,
2350 3730 2412 3778 ut
2451 3740 2574 3778 cum
2618 3723 2726 3791 ﬁde
2769 3728 2953 3777 vestra
2993 3724 3302 3792 perfectam
3351 3722 3524 3775 etiam
3571 3720 3821 3775 habeatis

2163 3816 2545 3884 cognitionem.
2573 3812 2728 3867 Fidei
2747 3827 2877 3882 ergo
2900 3818 3103 3866 nostra
3125 3811 3479 3881 coadjutores
3496 3817 3624 3865 sunt
3654 3812 3820 3865 timor

2164 3912 2214 3960 et
2254 3904 2590 3959 tolerantia:
2637 3918 2759 3973 quae
2806 3908 2991 3957 autem
3034 3901 3188 3956 nobis
3232 3917 3390 3971 opem
3435 3903 3642 3970 ferunt,
3691 3904 3820 3954 sunt

2163 3994 2556 4063 longanimitas
2585 3996 2637 4046 et
2666 3993 3028 4046 continentia.
3063 3989 3164 4046 His
3202 4005 3354 4059 ergo,
3386 3988 3604 4059 inquit,
3636 3990 3696 4043 in
3725 3989 3816 4057 iis,

2162 4099 2292 4155 qua?
2318 4083 2393 4138 ad
2421 4083 2711 4137 Dominum
2754 4084 3061 4152 pertinent,
3103 4087 3247 4136 caste
3289 4079 3652 4145 manentibus,
3706 4095 3821 4135 una

2163 4190 2285 4229 cum
2337 4174 2411 4228 eis
2465 4173 2730 4226 laetantur
2769 4172 3068 4241 sapientia,
3119 4169 3509 4239 intelligentia,
3561 4167 3817 4234 scientia,

2161 4261 2422 4330 cognitio.
2457 4259 2601 4313 Cum
2627 4257 2827 4329 itaque
2861 4257 3024 4329 prius
3051 4256 3223 4313 dictm
3254 4256 3501 4311 virtutes
3541 4255 3662 4311 sint
3698 4254 3821 4312 ele-

1988 4358 2065 4431 (a)
2099 4362 2269 4416 Rom.
2302 4375 2342 4421 ι,
2377 4360 2462 4413 17.
2539 4356 2617 4427 (b)
2652 4355 2670 4410 l
2703 4355 2851 4411 Tim.
2883 4372 2922 4423 1,
2957 4356 3043 4420 l8,
3079 4358 3165 4410 19.

2162 4472 2291 4526 ergo
2340 4455 2462 4523 hoc,
2505 4455 2668 4523 quasi
2714 4470 2858 4509 cura
2905 4452 3040 4509 mihi
3064 4454 3258 4523 fuerit,
3291 4457 3352 4507 ut
3370 4452 3653 4526 pobiscum
3674 4468 3818 4523 par-

2162 4523 2275 4607 tiar
2316 4544 2386 4582 ea:
2433 4542 2515 4607 eo,
2554 4525 2712 4607 Aquod
2753 4528 2960 4607 accepi,
3007 4527 3261 4607 futurum
3299 4523 3673 4607 mihitalibus
3700 4526 3818 4607 spi-

2160 4602 2303 4655 ritus
2330 4599 2620 4654 servientes
2652 4597 2713 4664 (f.
2745 4595 2949 4668 spiritu
2977 4595 3257 4666 servienti)
3305 4595 3406 4651 hoc
3443 4597 3504 4668 in
3546 4595 3813 4664 mercede,

2164 4669 2497 4741 appropiavi
2549 4684 2731 4741 pauca
2764 4666 2934 4724 “vobis
2988 4670 3228 4731 mittere,
3280 4672 3343 4722 ut
3386 4666 3548 4738 fidem
3578 4673 3817 4723 vestram

2163 4740 2592 4799 consummatam
2618 4740 2884 4805 habeatis,
2918 4746 2971 4795 et
2998 4741 3303 4795 scientiam.

2232 4815 2346 4885 (35)
2376 4813 2496 4885 Tv‘jc
2524 4810 2642 4885 μὲν.
2687 4812 2819 4867 Ηωο
2850 4810 3026 4884 paulo
3056 4816 3190 4885 post
3220 4810 3441 4866 ibidem
3475 4813 3815 4885 occurrunt,

2162 4883 2290 4957 cap.
2324 4886 2396 4957 2;
2429 4883 2589 4939 Fidei
2625 4900 2753 4954 ergo
2800 4890 3007 4957 nostrae
3062 4884 3289 4954 adjutor
3335 4889 3412 4938 est
3456 4884 3624 4938 timor
3646 4887 3698 4957 et
3722 4896 3818 4957 su-

2159 4953 2430 5014 stinentia
2486 4972 2609 5026 quae
2652 4953 2831 5011 autem
2888 4953 3166 5011 nobiscum
3207 4959 3485 5026 pugnant,
3535 4953 3817 5024 patientia

2161 5035 2260 5095 est,
2304 5034 2355 5083 et
2406 5026 2782 5104 continentia._
2812 5028 2941 5082 Haec
2994 5028 3318 5104 cumnapud
3355 5026 3818 5104 Dominumper-

2160 5106 2383 5155 manent
2436 5106 2606 5168 casta,
2656 5100 3022 5155 conlatantur
3077 5095 3213 5153 illis
3244 5095 3525 5167 sapientia
3550 5102 3603 5149 et
3646 5095 3815 5149 intel-

2161 5172 2351 5227 lectus.

2232 5244 2345 5312 (36)
2375 5239 2459 5313 Τὰ
2516 5239 2652 5312 πρὸς
2699 5240 2792 5295 τὸν
2854 5237 3278 5313 Κύριονεηϐιιω
3338 5238 3449 5313 hoc
3478 5235 3814 5313 Acommatio

2160 5307 2571 5370 subaudienda
2618 5315 2774 5373 κατά.
2806 5312 2897 5368 vel
2934 5307 3164 5367 similis
3194 5309 3553 5380 praepositio.
3595 5307 3817 5380 Sensus

2160 5391 2267 5453 est,
2324 5386 2474 5457 quod
2520 5386 2594 5440 ad
2644 5386 2942 5457 Dominum
2982 5377 3219 5457 attinet—2
3272 5377 3397 5445 seu,
3441 5382 3502 5434 in
3546 5379 3711 5457 rebus
3741 5377 3818 5457 ad

2158 5446 2451 5513 Dominum
2474 5457 2881 5527 pertinentibus
2930 5454 3126 5527 inquit
3166 5453 3438 5527 SYLBURG.
3484 5482 3550 5527 —_—
3584 5449 3695 5504 Sed
3749 5446 3816 5503 τά

2157 5528 2410 5586 articulo
2442 5523 2857 5589 omissoyetus
2880 5523 3160 5580 Barnabas
3187 5524 3481 5596 interpres
3511 5523 3624 5578 hoc
3655 5537 3815 5576 com-

2158 5602 2384 5658 mation
2411 5600 2761 5672 propinquis
2791 5614 2866 5672 ex_
2892 5602 3141 5672 utraque
3170 5600 3338 5666 parte
3368 5595 3563 5650 verbis
3590 5609 3818 5672 conne-

2158 5673 2296 5728 ctit:
2346 5670 2477 5742 H29
2522 5670 2655 5742 'cum
2710 5670 2867 5742 apud
2921 5670 3218 5742 Dominum
3273 5670 3599 5742 permanent
3621 5671 3814 5722 casta:

2155 5742 2376 5801 Τούτων
2409 5738 2503 5797 οὗν
2529 5741 2667 5816 πρὸς
2695 5736 2903 5816 τὸνΚύρ
2916 5756 2992 5794 ιον
3024 5736 3296 5812 μενόντων
3329 5738 3527 5814 ἁγνῶς.
