4120 6400
317 441 429 497 969

322 566 448 645 φίαν
555 561 616 619 δὲ
716 565 806 620 καὶ
909 560 1157 618 παιδείαν

323 644 470 731 λέγει
530 656 566 723 ἡ
622 655 837 730 Γραφή.
897 652 1033 709 Τίνα
1092 649 1149 706 δὲ
1203 651 1270 705 τα
1328 644 1797 725 φοϐεράὁνόμος
1845 672 1983 705 κατ-

325 745 607 822 ἀγγέλλει,
639 744 978 817 θεασώμεθα.
1040 741 1104 798 Εἰ
1163 741 1256 814 μὲν
1313 742 1382 796 τά
1433 738 1628 813 μεταξὺ
1669 741 1865 812 ἀρετῆς
1894 741 1984 795 καὶ

324 835 538 902 κακίας,
601 836 723 889 οἷον
776 833 980 901 πενίαν,
1054 833 1143 887 καὶ
1213 832 1385 897 νέσον,
1448 829 1537 884 καὶ
1598 827 1835 899 ἀδοξίαν,
1894 830 1984 883 καὶ

323 923 659 1001 δυσγένειαν,
704 924 794 978 καὶ
852 922 951 977 ὅσα
994 919 1376 997 παραπλήσια·
1423 923 1589 973 ταῦτα
1642 919 1736 992 μὲν
1783 918 1874 973 καὶ
1931 917 1986 972 οἲ

323 1015 463 1071 κατά
516 1013 682 1070 πόλιν
759 1012 924 1085 νόμοι
1000 1011 1402 1085 προτείνοντες,
1473 1008 1835 1064 ἐπαινοῦνται·
1896 1007 1985 1061 καὶ

324 1106 443 1164 τοῖς
474 1100 535 1156 ἐκ
578 1099 888 1175 Περιπάτου
944 1098 1073 1173 τρία
1126 1097 1256 1173 γένη
1317 1100 1426 1151 τῶν
1484 1096 1697 1171 ἀγαθών
1732 1095 1988 1168 εἷσηγου·

331 1188 537 1265 μένοις,
594 1190 687 1245 καὶ
741 1190 810 1243 τά
865 1188 1073 1242 τούτων
1131 1186 1342 1241 ἐναντίοι
1417 1183 1803 1260 λογιζομένοις
1859 1184 1987 1238 εἶναι

327 1280 487 1349 κατὰ,
520 1279 787 1356 ἀρμόνιος
837 1275 939 1347 ἣδε
995 1279 1030 1347 ἡ
1089 1273 1235 1347 δόξα·
1296 1278 1431 1349 ἡμῖν
1466 1272 1523 1329 δὲ
1554 1276 1583 1329 ὁ
1609 1271 1787 1336 δοθεὶς
1818 1272 1987 1348 νόμος

326 1369 395 1426 τὲι
448 1373 529 1441 τῷ
586 1367 703 1423 ὄντι
756 1367 895 1422 κατά
945 1365 1270 1443 ἀποφεύγειν
1331 1365 1675 1438 προστάττει,
1714 1362 1988 1439 μοιχείαν,

332 1458 639 1533 ἀσέλγειαν,
715 1453 1127 1533 παιδεραστίαν,
1204 1452 1447 1531 ἄγνοιαν,
1526 1451 1759 1525 ἀδικίαν,
1831 1453 1987 1508 νόσον

330 1552 543 1624 ψυχῆς,
603 1547 861 1625 φάνατον·
923 1545 986 1600 οὐ
1042 1546 1134 1600 τὸν
1194 1542 1486 1599 διαλύοντα
1524 1545 1710 1619 ψυχήν
1741 1542 1848 1597 ἀπὸ
1880 1541 1989 1596 σώ-

338 1660 530 1714 ματος,
588 1638 737 1694 ἀλλὰ
785 1636 876 1693 τὸν
936 1633 1230 1691 διαλύοντα
1297 1635 1483 1710 ψυχὴν
1544 1634 1649 1689 ἀπὸ
1708 1634 1988 1704 ἀληθείας·

332 1725 501 1783 δειναὶ
531 1729 633 1803 γὰρ
690 1724 781 1781 καὶ
832 1719 1064 1800 φοϐεραὶ
1120 1730 1199 1796 τῷ
1256 1720 1370 1778 ὄντι
1429 1722 1610 1777 κακίαι
1672 1723 1848 1790 αὗται,
1899 1722 1987 1775 καὶ

338 1819 394 1874 αἱ
425 1816 532 1873 ἀπὸ
551 1816 759 1872 τούτων
807 1814 1087 1892 ἐνέργειαι.
1138 1812 1213 1871 Οὐ
1266 1815 1374 1886 μὴν
1426 1816 1538 1886 (44)
1581 1808 1783 1875 ἀδίκως
1811 1809 1993 1866 ἀκτεί-

335 1909 515 1963 νεσθαι
584 1903 772 1961 δίκτυα
856 1908 1182 1977 πτερωτοῖς,
1271 1901 1519 1978 λέγουσιν
1606 1903 1658 1955 οἱ
1739 1899 1991 1977 χρησμοὶ

331 1996 386 2051 οἱ
435 1996 595 2049 θεῖοι·
659 1994 815 2049 αὐτοὶ
870 1994 975 2068 γὰρ
1059 1991 1306 2064 αἴμάτων
1384 1990 1730 2065 μετέχοντες,
1788 1991 1989 2059 θησαυ-

331 2084 572 2162 ρίζουσιν
630 2084 847 2145 ἑαυτοῖς
923 2082 1083 2139 κακά.
1163 2082 1287 2144 Πῶς
1361 2079 1453 2135 οὗν
1511 2077 1589 2135 ἔτι
1648 2078 1748 2133 οὐκ
1795 2077 1995 2153 ἀγαθὸς

332 2175 361 2230 ὁ
391 2173 565 2247 νόμος
597 2167 737 2249 πρός
764 2193 931 2227 τινων
982 2170 1278 2245 αἱρέσεται,
1330 2167 1568 2245 λέγεται,
1601 2162 1993 2240 ἐπιϐοωμένων

329 2263 424 2319 τὸν
454 2260 796 2322 ’Δπόστολον
829 2262 1085 2336 λέγοντα,
1139 2260 1237 2314 Διά
1281 2259 1384 2333 γάρ
1432 2258 1608 2331 νόμου
1651 2261 1849 2333 γνῶσις
1883 2257 1996 2327 (45)

335 2352 643 2427 ἀμαρτίαςς
710 2351 852 2427 Πρὸς
908 2347 1004 2412 οὕς
1058 2367 1255 2426 φαμεν·
1313 2350 1376 2406 Ὁ
1432 2348 1604 2421 νόμος
1660 2348 1764 2402 οὐκ
1799 2344 1995 2415 ἐποίη-

336 2464 448 2511 σεν,
508 2441 636 2498 ἀλλ’
710 2435 904 2513 ἔδειξεν
979 2440 1082 2508 τήν
1161 2438 1450 2513 ἁμαρτίαν.
1524 2436 1831 2510 ΙΙροστάξας
1887 2434 1992 2511 γάρ

331 2532 366 2588 ἃ
396 2532 681 2603 ποιητέον,
711 2528 914 2605 ἤλεγξε
942 2530 1010 2584 τά
1041 2529 1119 2602 μή
1162 2527 1416 2599 ποιητέα.
1452 2529 1683 2601 Ἀγαθοῦ
1715 2525 1859 2581 δὲτὸ
1893 2526 1987 2597 μὲν

335 2624 608 2697 σωτήριον
660 2618 959 2690 ἕκδιδάξαι,
1026 2619 1087 2673 τὸ
1165 2615 1223 2673 δὲ
1300 2615 1643 2688 δηλητήριον
1707 2612 1988 2686 ἐπιδεῖξαι·

336 2712 429 2768 καὶ
458 2710 539 2784 τῷ
575 2711 671 2785 μὲν
716 2710 962 2784 χρῆσθαι
1011 2701 1441 2780 συμϐουλεῦσαι,
1489 2704 1552 2759 τὸ
1601 2701 1659 2759 δέ
1697 2704 1995 2781 ἀποφυγεῖν

338 2798 614 2857 κελεῦσαι.
676 2797 881 2856 Αὐτίκα
961 2798 990 2852 ὁ
1066 2793 1428 2861 Ἀπόστολος,
1506 2792 1566 2847 δν
1625 2792 1689 2847 οὐ
1750 2795 1998 2859 συνιεῖσι,

340 2896 539 2967 γνῶσιν
599 2889 742 2944 εἶπεν
800 2886 1068 2961 ἁμαρτίας
1151 2883 1245 2940 διὰ
1317 2883 1491 2951 νόμου
1566 2882 1998 2959 πεφανερῶσθαι,

344 2980 477 3055 οὖχὶ
508 2978 802 3034 ὑπόστασιν
837 2976 1144 3054 εἰληφέναι.
1180 2978 1307 3035 HG):
1358 2971 1404 3028 δ’
1454 2972 1554 3027 οὐκ
1586 2970 1783 3047 ἀγαθὸς
1814 2972 1843 3025 ὁ
1874 2991 1997 3025 παι-

346 3067 518 3125 δεύων
548 3068 741 3141 νόμος,
792 3066 820 3121 ὁ
876 3063 1228 3141 παιδαγωγὸς
1285 3061 1361 3123 εἷς
1402 3060 1643 3135 Χριστὸν
1680 3058 1881 3128 δοθεὶς,
1914 3057 2002 3113 ἵνα

349 3156 421 3228 δὴ
478 3156 914 3232 ἐπιστρέψωμεν,
971 3150 1062 3208 διά
1113 3147 1289 3230 φόϐου
1344 3147 1708 3212 παιδευτικῶς
1744 3157 2000 3212 κατευθυ-

344 3245 595 3320 νόμενοι,
648 3245 786 3321 πρὸς
830 3244 929 3313 τήν
984 3241 1075 3297 διὰ
1112 3240 1349 3317 Χριστοῦ
1395 3236 1716 3307 τελείωσιν;
1749 3237 1830 3295 Οὐ
1864 3234 2000 3311 βού-

1674 437 2123 496 STROMATUM
2163 443 2295 495 LIB.
2341 444 2410 496 Il.

3645 445 3753 500 970

1261 555 1474 622 ἀσεϐεῖς
1549 558 1982 634 έξουθενήσουσι,

2118 565 2464 636 Sapientiam
2493 573 2664 623 vocat
2693 569 3091 638 effectionem,
3143 586 3275 640 quae
3307 575 3397 625 est
3427 570 3604 624 timor
3634 572 3749 625 Do-

2096 654 2264 722 mini,
2302 655 2602 712 deducens
2633 657 2707 713 ad
2739 657 3114 730 sapientiam.
3144 660 3200 713 Si
3224 664 3424 715 autem
3456 660 3551 714 lex
3581 661 3755 715 affert.

2095 742 2390 812 timorem,
2425 746 2786 818 principium
2845 748 3153 819 sapientiai
3210 754 3301 803 est
3355 748 3502 820 legis
3549 748 3753 821 cogni-

2097 831 2199 899 tio,
2234 839 2292 886 et
2322 850 2439 888 non
2474 840 2562 889 est
2584 835 2822 906 sapiens
2844 836 3069 907 absque
3091 836 3241 909 lege.
3267 838 3626 908 Insipientes
3658 854 3749 891 er-

2096 937 2167 992 go
2201 928 2358 989 sunt,
2390 923 2489 993 qui
2524 923 2713 996 legem
2746 931 3062 980 recusant:
3095 926 3188 981 cui
3222 931 3311 980 est
3349 942 3751 996 consequens,

2098 1016 2164 1063 ut
2194 1010 2304 1081 ipsi
2338 1017 2692 1083 reputentur
2722 1011 2892 1081 ἅθεοι,
2926 1031 3029 1069 seu
3073 1016 3254 1084 impii.
3290 1014 3617 1086 Disciplina
3646 1031 3755 1069 au-

2098 1105 2218 1153 tem
2252 1106 2341 1155 est
2366 1102 2730 1173 principium
2764 1103 3090 1175 sapientiae.
3122 1105 3467 1173 Sapientiam
3497 1110 3678 1158 autem
3701 1112 3754 1159 et

2099 1190 2450 1260 disciplinam
2482 1194 2645 1262 impii
2687 1194 2856 1248 nihili
2881 1195 3145 1264 pendent,
3194 1196 3275 1249 ait
3324 1195 3626 1266 Scriptura
3652 1193 3749 1267 (α).

2101 1280 2417 1337 Videamus
2439 1287 2660 1350 autem,
2684 1301 2960 1354 quasnam
2978 1300 3108 1339 esse
3129 1283 3394 1339 timenda
3413 1284 3507 1339 lex
3524 1301 3755 1339 annun-

2102 1370 2226 1425 tiet.
2257 1371 2314 1424 Si
2345 1387 2415 1426 ea
2439 1372 2704 1442 quidem,
2737 1391 2867 1445 quae
2899 1379 3039 1429 sunt
3071 1374 3264 1429 media
3293 1374 3452 1428 inter
3476 1374 3751 1428 virtutem

2098 1459 2162 1523 ›ι‹
2193 1466 2252 1516 et
2280 1462 2508 1529 vitium,
2541 1469 2607 1517 ut
2634 1470 3066 1535 paupertatem.
3101 1470 3159 1520 et
3181 1464 3477 1534 morbum,
3504 1470 3561 1520 et
3586 1464 3746 1535 igno-

2100 1550 2372 1616 miniam,
2407 1556 2464 1605 et
2490 1552 2948 1619 ignobilitatem,
2974 1560 3032 1608 et
3062 1572 3193 1625 quae
3219 1559 3358 1608 sunt
3376 1554 3470 1608 his
3493 1554 3748 1621 similia;

2101 1638 2228 1694 haec
2250 1639 2488 1709 quidem
2514 1641 2815 1712 pleraeque
2847 1642 3147 1698 civitatum
3169 1643 3330 1715 leges
3350 1649 3754 1715 preponentes

2101 1727 2460 1795 laudantur;
2494 1736 2553 1784 et
2582 1732 3013 1802 Peripateticis,
3055 1732 3155 1802 qui
3190 1732 3303 1786 tria
3331 1732 3625 1787 bonorum
3656 1748 3754 1803 ge-

2103 1833 2247 1871 nera
2278 1817 2706 1886 introducunt;
2743 1825 2799 1873 et
2849 1836 3053 1875 eorum
3106 1822 3405 1876 contraria
3439 1821 3596 1875 mala
3627 1835 3755 1875 esse

2101 1911 2402 1977 reputant,
2439 1924 2507 1963 ea
2564 1909 2890 1963 conformis
2949 1914 3040 1963 est
3088 1909 3312 1980 opinio.
3346 1908 3524 1963 Nobis
3555 1914 3753 1963 autem

2104 1993 2242 2048 data
2272 1994 2366 2050 lex
2398 2012 2486 2061 ea,
2547 2014 2680 2067 quae
2738 2013 2872 2052 vere
2933 1997 3091 2053 mala
3141 2003 3298 2065 sunt,
3327 1997 3501 2069 jubet
3529 1997 3749 2069 fugere,

2105 2085 2489 2151 adulterium,
2514 2089 2930 2159 petulantiam,
2953 2106 3275 2161 puerorum
3296 2089 3755 2161 amorem,igno-

2106 2175 2385 2242 rantiam,
2429 2178 2808 2249 injustitiam,
2857 2179 3132 2234 morbum
3191 2179 3428 2246 animm,
3461 2183 3757 2245 mortem;

2107 2280 2228 2318 non
2260 2280 2410 2331 eam,
2446 2283 2577 2336 quas
2606 2267 2779 2323 solvit
2798 2269 3061 2324 animam
3088 2284 3123 2324 a
3149 2285 3395 2340 corpore
3420 2286 3434 2335 ;
3469 2268 3572 2324 sed
3604 2284 3758 2334 eam,

2108 2369 2240 2423 quas
2270 2353 2533 2410 animam
2566 2356 2837 2412 dissolvit
2881 2375 2915 2412 a
2962 2359 3224 2413 veritate.
3259 2359 3394 2413 Haec
3428 2362 3569 2412 sunt
3599 2356 3760 2411 enim

2105 2457 2238 2496 vere
2270 2444 2471 2513 gravia
2499 2450 2559 2499 et
2588 2446 2853 2502 timenda
2901 2446 3063 2513 vitia,
3100 2452 3158 2499 et
3188 2463 3321 2516 qua)
3359 2463 3430 2501 ex
3460 2446 3546 2501 eis
3575 2446 3758 2517 proﬁ-

2101 2530 2826 2602 ciscunturoperationes.
2845 2536 3059 2589 Verum
3084 2534 3242 2589 enim
3269 2550 3403 2588 vero
3426 2551 3534 2589 non
3555 2536 3762 2604 injuste

2099 2621 2361 2688 pennatis
2394 2621 2548 2675 tendi
2594 2622 2761 2689 retia,
2813 2622 3023 2678 dicunt
3067 2622 3266 2677 divina
3310 2638 3617 2693 responsa.
3649 2624 3764 2691 Ipsi

2110 2709 2255 2761 enim
2284 2709 2415 2763 (tum
2442 2717 2571 2765 sunt
2607 2714 2941 2781 sanguinum
2970 2714 3296 2783 participes,
3342 2711 3492 2766 mala
3536 2712 3643 2766 sibi
3674 2727 3764 2765 re-

2111 2797 2353 2852 condunt
2382 2799 2477 2869 (b).
2514 2800 2820 2864 Quomodo
2853 2817 2990 2873 ergo
3023 2817 3055 2855 a
3093 2799 3405 2855 nonnullis
3435 2800 3766 2856 hmresibus

2111 2884 2208 2941 lex
2238 2886 2432 2942 adhuc
2465 2889 2623 2945 mala
2645 2889 2882 2957 dicitur,
2905 2889 3366 2945 vociferantibus
3390 2889 3587 2945 dicere
3610 2891 3767 2961 Apo-

2114 2974 2333 3029 stolum
2356 2993 2369 3030 :
2404 2983 2510 3033 Per
2533 2979 2702 3047 legem
2727 2981 2871 3034 enim
2892 2981 3133 3049 cognitio
3158 2980 3373 3049 peccati
3396 2978 3465 3050 (c)
3486 2982 3513 3033 ξ)
3543 2978 3767 3044 Quibus

2112 3062 2407 3122 dicimus:
2442 3068 2556 3121 Lex
2586 3073 2889 3139 peccatum
2950 3085 3070 3122 non
3118 3068 3280 3135 fecit,
3326 3068 3430 3123 sed
3484 3067 3765 3123 ostendit.

2112 3153 2257 3208 Cum
2289 3155 2450 3211 enim
2481 3174 2568 3223 ea,
2600 3174 2732 3228 quas
2764 3164 2906 3213 sunt
2930 3156 3221 3225 facienda,
3249 3158 3520 3229 jusserit,
3562 3172 3767 3228 repre-

2112 3241 2322 3299 hendit
2352 3262 2442 3313 ea,
2474 3262 2605 3316 qum
2632 3263 2753 3302 non
2811 3246 3102 3302 facienda.
3138 3245 3279 3301 Boni
3311 3252 3511 3301 autem
3540 3251 3649 3313 est,
3682 3244 3762 3312 id,

350 3315 524 3411 λο-μαι
584 3315 716 3409 (46),
775 3334 963 3412 φησὶν,
1038 3332 1133 3386 τὸν
1166 3315 1172 3317 Π
1207 3331 1435 3385 θάνατον
1489 3332 1586 3383 τοῦ
1643 3324 2000 3401 ἀμαρτωλοῦ,

2119 3334 2276 3405 quod
2307 3315 2565 3390 salutare
2598 3335 2842 3406 quidem
2887 3339 2997 3401 est,
3046 3335 3256 3390 docere
3286 3352 3300 3401 ;
3342 3334 3502 3405 quod
3531 3334 3767 3389 exitiale

350 3427 429 3490 ὡς
482 3427 582 3496 τήν
676 3423 961 3497 μετάνοιαν
1044 3419 1232 3476 αὐτοῦ.
1320 3416 1624 3475 Μετάνοιαν
1701 3412 1759 3470 δὲ
1807 3414 2000 3483 ἐντολή

351 3520 521 3585 ποιεῖ,
571 3511 890 3580 κωλυτικὴν
954 3510 1049 3584 μὶν
1102 3514 1208 3564 τῶν
1274 3508 1349 3581 μὴ
1407 3506 1705 3577 ποιητέων,
1734 3500 2004 3579 ἐπαγγελ-

350 3606 507 3674 τικήν
563 3601 621 3658 δὲ
675 3607 784 3658 τῶν
842 3605 956 3675 (47)
1014 3600 1360 3674 εὐεργεσιῶν.
1419 3594 1655 3652 Θάνατον
1707 3591 1786 3665 δὲ,
1827 3593 2003 3665 οἶμαι,

352 3694 452 3764 τήν
507 3690 721 3769 ἄγνοιαν
782 3688 949 3764 λέγει.
1011 3686 1109 3744 Καὶ
1162 3686 1191 3740 ὁ
1251 3683 1415 3761 ἐγγὺς
1448 3687 1562 3758 (48)
1595 3682 1816 3756 Κυρίου,
1856 3680 1999 3751 πλή-

357 3803 457 3859 ρης
519 3780 817 3855 μαστίγων·
880 3778 908 3831 ὁ
967 3773 1293 3852 συνεγγίζων
1351 3771 1613 3845 δηλονότι
1674 3775 1743 3846 τῇ
1787 3771 2008 3845 γνώσει,

353 3869 643 3939 κινδύνων,
700 3862 910 3947 φόϐων,
989 3867 1179 3934 ἀνιῶν,
1232 3862 1496 3937 θλίψεων,
1555 3859 1648 3917 δια
1696 3862 1790 3916 τὸν
1840 3861 2010 3925 πόθον

323 3969 457 4041 ⁸τῆς
530 3958 793 4030 ἀληθείας
869 3954 1157 4012 ἀπολαύει·
1238 3954 1363 4017 Υἱὸς
1423 3953 1526 4029 γάρ
1582 3948 2013 4041 πεπαιδευμένος

361 4051 528 4117 σοφὸς
594 4042 794 4117 ἀπέϐη·
885 4045 974 4102 καὶ
1050 4041 1287 4112 διεσώθη
1373 4041 1479 4096 ἀπὸ
1560 4039 1839 4112 καύματος
1895 4039 2012 4101 υἱὸς

356 4112 610 4212 νοτὶμων.
671 4112 797 4198 Tib:
882 4131 940 4189 δὲ
1025 4134 1255 4205 νοήμων
1344 4127 1547 4201 δέξεται
1617 4127 1863 4191 ἐντολάς.
1916 4127 2014 4182 Καὶ

360 4223 640 4305 Βαρνάϐας
675 4228 703 4282 ὁ
749 4222 1107 4289 Ἀπόστολος,
1166 4220 1304 4278 Οὐαὶ
1363 4222 1475 4291 (49)
1533 4220 1585 4274 οἱ
1637 4217 1844 4273 συνετοὶ
1889 4218 2019 4294 παρ’

362 4320 577 4382 ἑαυτοῖς
658 4316 748 4371 καὶ
836 4313 1068 4370 ἐνώπιον
1149 4309 1326 4365 αὐτῶν
1398 4307 1788 4381 ἐπιστήμονες,
1847 4328 2018 4384 προσο

360 4410 520 4481 τάξας
624 4410 758 4479 (ὅθ),
862 4402 1124 4479 ἐπήγαγε·
1232 4397 1599 4471 [Ινευματικοὶ
1716 4394 2018 4473 γενώμεθα,

360 4498 489 4561 ναὸς
541 4495 754 4556 τέλειος
809 4497 888 4564 τῷ
944 4496 1080 4563 Θεῷ·
1158 4488 1239 4567 ἐφ’
1318 4488 1444 4544 ὅσον
1517 4486 1657 4541 ἐστέν
1721 4484 1805 4564 ἐφ’
1860 4488 2019 4559 ἡμῖν,

438 4635 501 4688 Ρ.
534 4632 637 4685 447
670 4630 782 4684 ED.
818 4625 1375 4688 ΡΟΤΤΕῐὶν374-375
1408 4624 1521 4677 ΕΙ).
1553 4622 1782 4677 PARIS.
1812 4625 1891 4692 (α)
1921 4624 2087 4678 Prov.

362 4707 453 4760 24.
487 4707 558 4771 (e)
587 4700 792 4756 Ezech.
815 4715 1020 4767 χχχιιι,
1056 4701 1114 4752 11
1148 4717 1163 4764 ;
1192 4713 1351 4764 xvm,
1384 4697 1474 4763 23,
1506 4695 1593 4748 32.

2115 3429 2335 3492 autem,
2364 3424 2720 3480 ostendere:
2774 3428 2833 3479 et
2879 3423 2983 3479 illo
3033 3423 3274 3495 quidem
3305 3423 3390 3478 uti
3432 3423 3768 3487 consulere,

2115 3514 2229 3569 hoc
2258 3530 2394 3569 vero
2418 3513 2631 3586 jubere
2656 3514 2878 3586 fugere.
2909 3515 3041 3569 Jam
3072 3514 3414 3585 Apostolus,
3437 3530 3617 3585 quem
3647 3531 3769 3569 non

2117 3602 2482 3676 intelligunt,
2531 3603 2680 3658 dixit
2726 3604 2956 3676 peccati
3006 3603 3409 3676 cognitionem
3440 3620 3548 3675 per
3578 3604 3770 3676 legem

2119 3710 2249 3748 esse
2281 3691 2741 3758 manifestatam,
2773 3708 2894 3747 non
2926 3697 3127 3747 autem
3155 3692 3455 3764 accepisse
3488 3691 3770 3747 substan-

2122 3783 2287 3839 tiam.
2318 3781 2622 3847 Quomodo
2649 3787 2849 3836 autem
2876 3798 2998 3837 non
3022 3786 3108 3836 est
3141 3781 3297 3836 bona
3326 3781 3421 3836 lex
3453 3782 3771 3854 castigans,

2121 3880 2255 3933 qua)
2279 3861 2417 3917 data
2436 3866 2527 3917 est
2538 3862 2876 3931 paedagogus
2903 3862 2979 3917 ad
3004 3862 3277 3916 Christum
3298 3862 3398 3932 (ά),
3418 3867 3484 3916 ut
3504 3861 3646 3917 dum
3667 3879 3774 3934 per

2125 3951 2355 4006 timoris
2385 3951 2835 4022 castigationem
2857 3950 3188 4021 dirigimur,
3230 3950 3305 4006 ad
3341 3966 3495 4017 eam,
3523 3968 3655 4021 quas
3687 3957 3778 4006 est

2124 4056 2232 4112 per
2259 4040 2579 4108 Christum,
2637 4039 3067 4111 perfectionem
3125 4044 3540 4095 convertamur
3560 4040 3588 4095 ‘I
3614 4041 3775 4108 Nolo,

2126 4128 2340 4200 inquit,
2366 4135 2591 4183 mortem
2616 4130 2941 4198 peccatoris,
2977 4128 3072 4182 sed
3118 4129 3237 4197 ejus
3260 4127 3650 4197 paenitentiam
3679 4130 3775 4201 (ιι).

2127 4218 2541 4274 Paenitentiam
2560 4223 2758 4273 autem
2777 4216 2962 4272 efficit
2980 4222 3363 4288 praeceptum,
3385 4218 3542 4288 quod
3559 4235 3629 4273 ea
3648 4221 3779 4290 qui-

2128 4307 2265 4364 dem
2294 4307 2587 4381 prohibet,
2622 4325 2754 4378 quaa
2786 4323 2909 4362 non
2942 4311 3087 4361 sunt
3143 4305 3436 4369 facienda.
3468 4307 3782 4366 benefacta

2128 4403 2328 4454 autem
2359 4396 2623 4453 mandat.
2677 4399 2909 4451 Mortem
2967 4400 3188 4461 autem,
3219 4400 3286 4450 ut
3330 4395 3607 4467 arbitror,
3638 4398 3783 4453 dicit

2129 4487 2548 4561 ignorantiam.
2580 4488 2647 4541 Et
2672 4486 2768 4555 qui
2798 4492 2877 4541 est
2916 4501 3093 4555 prope
3140 4484 3454 4552 Dominum,
3488 4493 3565 4541 est
3584 4487 3785 4557 plenus

2124 4638 2165 4690 ι,
2200 4626 2253 4677 7.
2282 4621 2359 4694 (b)
2392 4619 2566 4688 Ibid.,
2601 4621 2689 4684 17,
2724 4620 2809 4674 18.
2843 4617 2912 4689 (c)
2947 4618 3113 4674 Rom.
3150 4635 3233 4688 ιιι,
3266 4623 3354 4676 20.
3385 4620 3463 4689 (ἀ)
3490 4621 3675 4677 Galat.
3700 4638 3787 4692 ιιι,

440 4844 555 4914 (44)
585 4841 728 4911 Μήν.
763 4837 870 4914 Γάρ
904 4838 1178 4894 Proverb.
1227 4840 1376 4908 Mox,
1422 4834 1475 4891 oi
1505 4832 1673 4913 φόνου
1707 4831 2005 4910 μετέχοντεη

440 4935 477 4959 n
506 4914 755 4959 ηἱιιάτων
792 4909 984 4959 ιιετὲγ.
1020 4909 1169 4959 Ibid-

2136 4837 2204 4890 In
2236 4836 2331 4903 iis,
2364 4852 2496 4959 quae
2528 4842 2880 4907 sequuntur,
2901 4832 2990 4890 διά
3024 4836 3248 4908 μνήμης
3269 4836 3483 4891 recitat
3512 4833 3788 4889 Proverb.

2140 4926 2197 4959 ιι.
2229 4909 2262 4959 4
2288 4923 2301 4959 :
2335 4912 2372 4959 Υ
2400 4907 2456 4959 ὸς
2487 4904 2920 4959 πεπαιδευμένος
2950 4907 3118 4959 σοφός
3152 4906 3299 4959 ἔσται
3324 4924 3337 4959 :
3376 4910 3436 4959 V.
3455 4908 3519 4959 5:
3549 4905 3788 4959 Διεσώθη

366 4909 477 4991 pro
506 4909 755 4991 αἱμάτων
791 4909 984 4991 μεὶἐχ.
1020 4909 1169 4967 Ibid.

466 4992 555 5057 45)
574 4983 814 5057 Τνῷσις.
832 4983 1201 5057 λΕπίγνωσις,
1234 4983 1401 5057 ΒΟΠᾎ.
1434 4996 1524 5035 In.

466 4992 555 5057 45)
590 4991 814 5046 Γνῶσις.
851 4991 1201 5057 Ἐπὶγνωσις,
1235 4991 1401 5038 110111.
1434 4996 1524 5035 In.

442 4991 559 5134 (46)
611 5056 689 5134 Οὐ
746 5051 1072 5134 ιξούλομαι.Δ
1110 5052 1208 5134 Qui
1266 5053 1496 5125 μνήμης
1552 5049 1765 5105 recitat
1829 5050 2034 5105 Ezech.

370 5127 574 5197 xximi,
608 5133 664 5193 2,
692 5128 786 5184 vel
816 5143 975 5194 xvm,
1009 5128 1101 5197 23,
1128 5127 1215 5197 3'2.

445 5187 916 5277 (47)’Κῴλυτικήν
962 5187 1148 5277 ’μὲν..,
1210 5190 1609 5277 ἐπαγγελτικήν
1662 5187 1719 5245 δὲ
1756 5212 1806 5277 ’τε
1841 5192 2041 5277 μύξαι

445 5217 558 5277 (41)
589 5217 916 5267 ἈωΛυτικην
978 5217 1148 5324 μεν...
1210 5217 1609 5268 επαγγεκτικην
1662 5217 1719 5245 οε
1756 5217 1806 5247 τ.
1841 5217 2038 5248 manu:

370 5273 656 5342 κωλυτική
685 5278 744 5329 et
766 5268 974 5344 ἐπαγγε
1014 5269 1166 5339 τική,
1226 5274 1313 5344 ιιῐ-
1353 5268 1446 5344 ha)
1502 5281 1676 5321 voces
1732 5265 1807 5320 ad
1838 5259 2038 5344 ἐντολῂ

373 5347 578 5404 relata)
610 5338 1026 5416 intelligantur
1051 5359 1063 5396 :
1087 5339 1264 5416 _qu_od_
1295 5338 1527 5416 Latine‘
1542 5351 1897 5416 expressum
1929 5340 2037 5416 est.

378 5420 472 5500 Sic
489 5418 763 5500 spperius
785 5405 976 5500 'lé’ger‘n
996 5405 1229 5476 deﬁnit,
1249 5407 1594 5500 λογονδρρθδν
1608 5405 2039 5500 [προστακτῖκὸν

380 5490 477 5563 μὲν
506 5477 579 5543 ὢν
605 5477 890 5556 ποιητέον,
919 5477 1345 5559 ἀπαγορευτικὸν
1405 5477 1479 5535 δι’
1521 5480 1597 5533 ὢν
1648 5477 1728 5563 οῖ’)Δ
1743 5477 2003 5563 ποιητέον
2028 5493 2041 5531 :

381 5550 585 5619 rectam
616 5550 908 5625 rationem,
957 5550 1191 5627 quae'ea
1238 5569 1367 5625 qua:
1420 5557 1640 5627 oportet
1684 5551 1822 5627 ﬁdei
1842 5550 2045 5619 jubet:

380 5651 504 5706 qua
536 5638 717 5689 autem
748 5647 857 5685 non
896 5623 1121 5700 oportet
1169 5623 1313 5697 ﬁeri,
1359 5623 1639 5696 prohibet.
1672 5625 1876 5679 Strom.
1911 5638 1952 5686 1,
1985 5636 2039 5692 p.

382 5708 509 5761 350.

452 5777 567 5851 (48)
598 5771 697 5830 Καὶ
729 5771 758 5827 ὁ
788 5773 867 5847 ὲγ.
902 5771 1220 5843 Respicere
1270 5768 1502 5824 videtur
1549 5765 1750 5821 Iudith
1794 5780 1916 5831 vm,
1953 5765 2041 5817 27.

668 5898 934 5959 Ρλτιιοι..
977 5891 1092 5954 GI.
1134 5887 1298 5953 VIII.

2140 4926 2197 4985 ξ,
2288 4923 2301 4960 :
2335 4905 2456 4985 ὶξῐὸς
2487 4905 2920 4985 πεπαιδευμένος
2950 4905 3118 4985 σαφές
3144 4905 3301 4985 ἔσται
3324 4924 3337 4962 :
3455 4908 3519 4962 5:
3549 4905 3791 4985 Διεσώρη

2146 4975 2252 5055 ἀπὸ
2279 4975 2558 5055 καύματος
2606 4979 2723 5043 υἱὸς
2757 4972 3110 5053 νοήμων.’ν.
3161 4984 3231 5035 8:
3267 4976 3445 5055 Σοφὸς
3477 4973 3676 5052 καρδίᾳ
3706 4972 3795 5030 δὲὲ

2145 5049 2287 5120 ξεται
2318 5045 2566 5120 ἐντολάς.

2218 5122 2330 5194 (49)
2361 5119 2692 5194 Gentilium
2722 5140 2753 5178 e
2783 5124 2985 5179 Graeco
3034 5124 3090 5178 S.
3145 5121 3428 5179 Barnabze
3472 5125 3635 5175 textu
3686 5135 3795 5194 ex-

2147 5190 2554 5266 ciderunt,sed
2585 5194 2744 5265 apud
2794 5201 3048 5251 veterem
3090 5195 3218 5266 ejus
3266 5194 3653 5266 interpretem
3686 5190 3801 5266 h_(_>c

2150 5263 2326 5337 modo
2358 5262 2773 5337 exstant._cap.
2808 5268 2877 5322 4ι
2908 5268 3053 5321 Dicit
3086 5262 3231 5320 enim
3277 5262 3609 5337 scriptura:
3643 5282 3671 5337 «ς
3691 5263 3802 5337 _Vav

2150 5336 2286 5403 illis,
2318 5339 2417 5406 qui
2443 5336 2552 5392 sibi
2579 5339 2706 5393 satis
2718 5334 3072 5407 intelligunt,
3101 5343 3152 5390 et
3185 5336 3337 5406 apud
3349 5350 3403 5407 se
3431 5334 3583 5389 docti
3609 5334 3805 5387 viden—

2153 5414 2262 5462 tur.
2318 5431 2339 5456 ι
2406 5409 2581 5465 Simus
2633 5405 2948 5480 spiritales:
3006 5411 3173 5463 simus
3214 5405 3517 5480 templum,
3553 5421 3806 5480 consum-

2152 5486 2364 5534 matum
2396 5480 2542 5535 Deo:
2572 5482 2633 5535 in
2653 5476 2933 5551 “quantum
2962 5487 3039 5535 est
3068 5482 3125 5533 in
3170 5478 3351 5551 nobis,
3365 5476 3705 5551 meditemur
3734 5478 3806 5531 ti-

2151 5567 2357 5606 morem
2388 5552 2500 5619 Dei,
2535 5558 2587 5606 et
2617 5548 2986 5607 custodiamus
3013 5549 3282 5604 mandata
3310 5548 3482 5602 illius.

2224 5623 2339 5693 (ὅθ)
2393 5618 2724 5695 Προστάξας.
2784 5624 2954 5678 Forte
3037 5620 3257 5676 rectius
3341 5618 3635 5692 προτάξας,
3690 5636 3811 5676 cum

2150 5697 2560 5765 pracposuisset.
2597 5695 2759 5750 εγω.

3456 5885 3530 5944 31
