4120 6404
366 452 479 507 9⁸75

1599 439 2014 495 οωηιιιντιε
2051 440 2559 497 ALEXANDRINI

3686 441 3796 498 976

366 575 751 633 audientibus
782 572 1004 627 clamat
1024 568 1326 639 Scriptura
1350 583 1363 620 :
1397 568 1503 631 Qui
1519 572 1701 621 autem
1729 581 1814 620 me
1842 564 1996 619 audit

2142 558 2352 656 δίκαιον
2385 562 2579 638 ἀδίκῳ.
2610 564 2674 623 Ei
2702 564 2881 620 τοίνυν
2925 568 3106 621 κακῶν
3159 565 3340 640 ἀρχὴν
3398 559 3629 641 ἀφοϐίαν
3684 568 3796 641 (59)

364 668 663 736 requiescet
692 666 749 718 in
773 678 913 733 pace
941 660 1235 729 conﬁdens,
1288 664 1338 713 et
1367 660 1483 713 sine
1522 664 1665 711 metu
1694 656 1919 711 cessabit
1952 655 2020 709 ab

364 757 516 810 omni
538 754 682 809 malo
698 750 952 825 (ay.Quid
976 767 1113 823 ergo
1127 749 1187 804 hi
1212 749 1404 821 legem
1427 764 1555 809 esse
1575 745 2019 802 volunt?Malam

363 842 608 914 quidem
638 858 759 897 non
791 840 1086 911 inquient,
1118 837 1225 894 sed
1247 839 1499 910 justam,
1530 837 1748 892 bonam
1778 852 1813 891 a
1853 836 2018 907 justo

361 931 817 1003 distinguentes.
871 928 1157 985 Dominus
1216 932 1415 983 autem
1447 943 1581 981 cum
1604 925 1782 999 jubet
1808 925 2018 980 timere

359 1020 608 1089 malum,
670 1037 791 1075 non
825 1018 1050 1074 malum
1110 1017 1265 1073 malo
1322 1015 1556 1084 liberat,
1616 1015 1721 1070 sed
1752 1013 2021 1069 dissolvit

358 1109 729 1165 contrarium
761 1106 1082 1164 contrario.
1104 1107 1263 1161 Bono
1281 1111 1481 1161 autem
1512 1104 1737 1160 malum
1766 1109 1855 1159 est
1883 1120 2019 1159 con-

358 1199 630 1265 trarium,
663 1205 731 1254 ut
752 1197 986 1271 justum
1020 1196 1265 1269 injusto.
1302 1196 1357 1250 Si
1392 1211 1527 1267 ergo
1549 1195 1844 1250 malorum
1871 1191 2019 1247 dixit

362 1288 726 1361 principium
766 1294 962 1343 metus
990 1286 1053 1349 ›ι‹
1081 1286 1456 1351 vacuitatem,
1491 1300 1667 1355 quam
1716 1282 1858 1338 facit
1904 1283 2019 1337 Do-

357 1379 510 1435 mini
568 1379 748 1433 timor
775 1395 788 1432 :
821 1378 1001 1432 timor
1027 1376 1255 1432 bonum
1287 1380 1395 1443 est,
1423 1380 1481 1430 et
1508 1374 1609 1445 qui
1641 1379 1729 1430 est
1760 1390 1829 1428 ex
1868 1374 2016 1445 Lege

357 1473 572 1536 metus,
606 1485 726 1522 non
768 1467 961 1522 solum
992 1471 1083 1521 est
1113 1466 1334 1538 justus,
1360 1463 1462 1520 sed
1493 1464 1673 1519 etiam
1705 1463 1919 1533 bonus,
1952 1466 2018 1516 ut

359 1557 461 1628 qui
493 1556 724 1612 auferat
754 1557 1000 1610 vitium:
1051 1560 1214 1609 metu
1253 1559 1453 1609 autem
1484 1552 1774 1608 inducens
1821 1557 2015 1608 metus

355 1646 736 1713 vacuitatem,
770 1661 890 1700 non
924 1644 1108 1699 animi
1140 1642 1587 1715 perturbatione
1619 1640 2014 1714 perturbatio-

360 1752 508 1790 num
538 1734 913 1801 vacuitatem,
943 1733 1047 1788 sed
1068 1732 1386 1804 disciplina
1416 1732 1727 1805 ingenerat
1751 1730 2011 1786 affectio-

357 1841 505 1880 num
574 1823 1069 1879 moderationem.
1146 1823 1292 1877 Cum
1344 1822 1545 1892 itaque
1605 1819 2012 1875 audierimus:

358 1915 588 1969 Honora
643 1912 939 1968 Dominum
966 1955 981 1981 ,
1041 1918 1091 1967 et
1141 1913 1247 1966 eris
1296 1913 1460 1980 fortis
1494 1929 1515 1975 ;
1563 1916 1778 1981 praeter
1836 1912 2016 1980 ipsum

360 2010 544 2058 autem
572 2019 639 2058 ne
667 2006 796 2057 time
826 2001 999 2057 alium
1024 1999 1143 2073 )b):
1195 2001 1406 2055 timere
1451 2004 1784 2071 peccatum,
1845 1999 2013 2069 sequi

360 2097 583 2160 autem,
643 2108 775 2162 quas
828 2107 862 2145 a
915 2091 1035 2145 Deo
1084 2089 1223 2145 data
1271 2093 1429 2156 sunt,
1463 2094 1780 2160 praecepta,
1812 2105 1848 2143 a
1894 2088 2014 2143 Deo

2134 647 2372 725 sig-qum,
2432 657 2495 723 ἣν
2558 655 2586 709 6
2638 659 2737 710 τοῦ
2782 655 2985 730 Κυρίου
3032 649 3202 733 φόϐος
3236 652 3537 731 ἐργάζεται,
3597 654 3792 731 ἀγαθὸν

2131 740 2159 795 ὁ
2220 736 2412 819 φόϐος·
2473 743 2704 799 καίὁέγ
2736 748 2834 799 τοῦ
2862 745 3058 819 Νόμου
3115 739 3307 822 φόϐος,
3364 744 3428 798 οὐ
3492 743 3658 818 μόνον
3709 740 3796 798 δι-

2130 850 2305 903 καιος,
2366 829 2513 887 ἀλλὰ
2568 833 2658 888 καὶ
2717 832 2942 910 ἀγαθὸς,
2987 832 3177 889 καγίαν
3210 833 3467 908 ἀναιρῶν
3528 828 3686 909 φόϐῳ
3736 831 3795 888 δὲ

2131 918 2361 999 ἀφοϐίαν
2418 922 2643 998 εἶ’σᾶγων
2682 969 2695 994 ,
2755 925 2818 979 οὗ
2874 926 3032 990 πάθει
3090 924 3351 990 ἀπάθειαν
3385 969 3399 997 ,
3458 922 3676 996 παιδείᾳ
3735 922 3794 980 δὲ

2134 1014 2553 1087 μετριοπάθειαν
2609 1013 2852 1087 ἐμποιεῖ.
2914 1015 3078 1072 Ἐπάν
3139 1012 3231 1070 οῦν
3273 1015 3614 1088 ἀκούσωμεν.
3651 1014 3795 1088 Τίμα

2126 1101 2220 1157 τὸν
2302 1101 2520 1178 Κύριον,
2586 1105 2677 1159 καὶ
2756 1102 3047 1180 ἴσχόσεις·
3114 1103 3264 1176 πλὴν
3353 1102 3411 1160 δὲ
3484 1103 3648 1159 αὐτοῦ
3712 1104 3791 1177 μὴ

2128 1185 2302 1268 φοϐοῦ
2380 1189 2570 1246 ἄλλον·
2639 1192 2701 1247 τὸ
2781 1188 3066 1269 φοϐεῖσθαι
3145 1194 3497 1269 ἁμαρτάνειν,
3563 1190 3790 1247 ⁴ἐπεοιπθαι

2127 1278 2185 1334 δὲ
2207 1284 2326 1341 ταῖς
2361 1280 2465 1335 ὑπὸ
2496 1285 2628 1336 Θεοῦ
2659 1279 2925 1345 δοθείσαις
2946 1281 3218 1352 ἐντολαῖς,
3248 1284 3417 1355 τιμήν
3451 1284 3514 1352 ἣν
3547 1282 3653 1337 ἀπὸ
3690 1285 3791 1337 τοῦ

2126 1372 2260 1423 Θεοῦ
2305 1370 2415 1442 (60)
2467 1367 2826 1445 ὲκδεχόμεθα.
2870 1371 2998 1433 Δέος
3028 1373 3138 1444 (61)
3173 1368 3229 1426 δὲ
3259 1370 3369 1426 ἐστι
3402 1365 3574 1446 φόϐος
3629 1375 3786 1427 Θεοῦ.

2127 1456 2282 1512 Ἀλλ’
2316 1459 2362 1512 εἱ
2391 1457 2481 1512 καὶ
2512 1457 2685 1523 πάθος
2715 1480 2743 1514 ο
2774 1454 2966 1538 φόϐος,
3024 1459 3099 1523 ὡς
3155 1458 3449 1535 βούλονταί
3508 1480 3647 1522 τινες
3701 1459 3787 1516 ὅτι

2127 1541 2296 1609 φόϐος
2325 1546 2437 1603 ἐστὶ
2468 1550 2663 1620 πάθος,
2695 1549 2803 1624 οὐχ
2861 1550 2890 1605 6
2949 1555 3055 1611 πᾶς
3105 1544 3275 1623 φόϐος
3326 1551 3522 1614 πάθος’
3574 1553 3610 1620 ἡ
3659 1554 3791 1627 γοῦν

2127 1632 2531 1709 δεισιδαιμονία
2575 1639 2768 1707 πάθος,
2802 1634 2973 1713 φόϐος
3005 1635 3282 1711 δαιμόνων
3331 1637 3486 1709 οῦσα,
3537 1636 3787 1704 ἐκπαθῶν

2124 1745 2182 1779 τε
2238 1727 2329 1779 καὶ
2375 1723 2661 1799 ἐμπαθῶν.
2691 1725 2974 1800 Ἔμπαλιν
3008 1724 3101 1782 οὖν
3148 1727 3178 1782 ὁ
3228 1731 3325 1782 τοῦ
3356 1727 3596 1789 ἀπαθοῦς
3652 1732 3789 1784 Θεοῦ

2127 1808 2298 1890 φόϐος
2331 1814 2572 1886 ἀπαθής·
2623 1811 2874 1891 φοϐεῖται
2903 1816 3003 1892 γάρ
3051 1837 3138 1879 τις
3170 1816 3237 1873 οὗ
3287 1818 3380 1873 τὸν
3426 1818 3579 1886 Θεὸν,
3638 1814 3791 1874 ἀλλᾶ

2124 1903 2188 1958 τὸ
2220 1904 2514 1960 ἀποπεσεῖν
2543 1909 2643 1960 τυῦ
2673 1909 2828 1963 Θεοῦ.
2858 1906 2916 1961 Ὀ
2948 1902 3007 1960 δὲ
3023 1905 3187 1962 τοῦτο
3209 1903 3425 1978 δεδιὼς,
3456 1907 3520 1962 τὸ
3540 1911 3655 1969 τοῖς
3683 1927 3782 1962 κα.

2122 1998 2241 2056 κοῖς
2271 2000 2604 2070 περιπεσεῖν,
2636 1990 2884 2073 φοϐεῖται
2914 1996 3004 2050 καὶ
3036 1993 3205 2051 δέδιεν
3237 1997 3307 2051 τὰ
3340 1998 3500 2052 κακά’
3530 1997 3558 2051 6
3588 1993 3787 2061 δεδιὼς

2126 2080 2185 2137 δὶ
2211 2084 2275 2137 τὸ
2302 2088 2524 2157 πτῶμα,
2571 2081 2841 2162 ἄφθαρτον
2892 2085 3079 2141 ἑαυτὸν
3128 2086 3219 2140 καὶ
3260 2087 3444 2155 ἁπαθῆ
3473 2086 3605 2141 εἶναι
3643 2085 3783 2162 βού-

2126 2170 2279 2228 λεται
2340 2176 2470 2246 (62).
2527 2173 2711 2250 Σοφὸς
2769 2169 3032 2252 φοϐηθεὶς
3083 2173 3349 2246 ἐξέκλινεν
3411 2175 3517 2230 ἀπὸ
3572 2181 3781 2231 κακοῦο

2132 2262 2160 2316 6
2219 2258 2278 2315 δὲ
2334 2262 2519 2339 ἄφρων
2583 2265 2693 2337 (63)
2754 2264 3003 2341 μίγνυται
3060 2263 3407 2335 πεποιθὼς-ἡ
3472 2266 3660 2343 Γραφὴ
3692 2263 3798 2321 λέ-

366 2376 497 2415 esse
554 2359 916 2431 passionem,
976 2374 1096 2412 non
1157 2361 1247 2412 est
1297 2356 1490 2427 quivis
1546 2361 1743 2410 metus
1799 2354 1996 2427 passio

2131 2369 2237 2425 γει·
2320 2349 2470 2415 αὖθίς
2544 2372 2623 2409 τε.
2706 2352 2793 2409 Ἐν
2871 2348 3028 2431 φόϐῳ
3084 2354 3288 2429 Κυρίου
3357 2353 3514 2417 ἐλπὶς
3573 2354 3796 2431 ἰσχύος,

362 2447 714 2520 Superstitio
762 2446 1007 2519 quidem
1051 2450 1141 2501 est
1169 2445 1389 2517 passio,
1429 2450 1495 2499 ut
1525 2461 1657 2516 quae
1691 2445 1768 2499 sit
1796 2444 2021 2499 daamo-
2135 2439 2316 2519 φησίν.

360 2552 508 2592 num
538 2542 756 2604 metus,
791 2536 892 2607 qui
922 2534 1301 2607 passionibus
1331 2549 1550 2605 susque
1583 2532 1773 2604 deque
1804 2534 2078 2588 feruntur
2103 2538 2160 2586 et
2186 2533 2520 2603 agitantur;
2555 2550 2585 2588 e
2622 2538 2830 2589 contra
2868 2532 3048 2606 igitur
3079 2535 3182 2589 Dei
3216 2534 3566 2607 impatibilis
3598 2543 3798 2593 metus

358 2629 450 2680 est
479 2624 828 2697 impatibilis
854 2641 868 2690 ;
892 2623 1246 2677 timetenim
1269 2623 1404 2693 quis
1435 2638 1554 2677 non
1586 2623 1793 2689 Deum,
1827 2621 1931 2677 sed
1962 2638 1996 2676 a
2024 2622 2143 2676 Deo
2176 2621 2468 2676 excidere.
2502 2621 2611 2686 Qui
2641 2627 2841 2677 autem
2881 2622 2994 2677 hoc
3035 2627 3291 2691 veretur,
3324 2639 3540 2695 nempe
3594 2640 3670 2679 ne
3728 2625 3793 2680 in

350 2714 511 2770 mala
539 2713 785 2773 incidat.
816 2713 975 2768 mala
1004 2712 1177 2766 timet
1203 2717 1262 2766 et
1283 2718 1556 2778 veretur;
1591 2712 1694 2783 qui
1725 2717 1925 2767 autem
1957 2712 2128 2766 timet
2157 2727 2231 2765 ne
2261 2711 2453 2778 cadat,
2487 2727 2618 2767 esse
2649 2728 2712 2767 se
2745 2712 2818 2767 ab
2852 2711 3099 2767 interitu
3130 2713 3396 2769 alienum
3437 2713 3561 2770 vult
3583 2720 3643 2770 et
3672 2714 3789 2769 im-

349 2803 682 2876 patibilem.
714 2803 947 2872 Sapiens
971 2802 1163 2855 timens
1183 2800 1482 2856 declinavit
1504 2818 1538 2855 a
1559 2801 1703 2855 malo
1731 2819 1745 2867 ;
1778 2800 2045 2871 insipiens
2074 2806 2259 2855 autem
2284 2800 2558 2869 conﬁdens
2587 2802 2933 2871 aggreditur,
2966 2802 3051 2857 ait
3077 2802 3402 2873 Scriptura.
3436 2805 3507 2858 Et
3536 2820 3744 2860 rursus
3769 2821 3785 2859 :

350 2885 412 2938 In
443 2884 639 2939 timore
667 2883 889 2939 Domini
917 2888 1016 2950 est,
1038 2879 1257 2951 inquit,
1288 2897 1408 2951 spes
1437 2881 1789 2949 fortitudinis
1820 2880 1914 2953 (c).

1879 3025 2110 3080 CAPUT
2155 3024 2252 3079 ΙΧ.

1402 3124 1647 3179 Virtutes
1677 3123 2017 3180 Christianas
2046 3139 2156 3179 esse
2178 3122 2328 3178 inter
2356 3139 2410 3177 se
2437 3140 2736 3180 connexus.

359 2181 653 2237 honorem
703 2179 1049 2252 accipimus.
1114 2176 1241 2239 Δὲος
1290 2183 1489 2234 autem
1520 2183 1612 2233 est
1640 2178 1742 2232 Dei
1796 2182 2013 2233 metus.

362 2269 476 2325 Sed
503 2269 611 2325 etsi
633 2270 813 2324 timor
841 2269 919 2324 sit
945 2268 1165 2340 passio,
1198 2272 1265 2322 ut
1292 2267 1501 2322 volunt
1526 2266 1714 2337 aliqui
1740 2265 2017 2321 timorem

419 3237 670 3296 Deducit
698 3252 835 3309 ergo
868 3235 1004 3292 talis
1032 3241 1230 3293 metus
1263 3242 1323 3293 et
1351 3237 1424 3293 ad
1456 3237 1890 3310 paenitentiam,
1952 3244 1996 3294 el

2185 3236 2406 3310 Ἀνάγει
2435 3241 2568 3312 γοῦν
2600 3239 2629 3292 6
2658 3240 2909 3300 τοιοῦτος
2940 3231 3111 3314 φόϐος
3144 3235 3233 3292 ἐπί
3262 3258 3323 3292 τε
3350 3238 3450 3307 τὴν
3487 3238 3778 3311 μετάνοιαν

347 3327 423 3386 ad
446 3343 632 3400 spem.
661 3327 806 3398 Spes
836 3331 1039 3383 autem
1071 3333 1162 3382 est
1190 3328 1549 3399 exspectatio
1581 3327 1897 3396 bonorum,
1915 3328 1996 3384 vel

2121 3322 2203 3379 ἐπί
2234 3345 2293 3379 τε
2339 3327 2439 3394 τήν
2472 3323 2694 3396 ἐλπίδα,
2754 3325 2951 3388 Ἐλπὶς
2984 3323 3042 3381 δὲ
3097 3324 3399 3401 προσδοκία
3444 3328 3690 3402 ἀγαθῶν,
3742 3329 3779 3399 ἢ

344 3416 611 3473 absentis
643 3414 785 3470 boni
830 3414 989 3471 bona
1032 3416 1309 3488 speratio.
1364 3417 1534 3472 Certe
1566 3433 1739 3473 casus
1769 3433 1996 3489 quoque

2121 3412 2350 3476 ἀπόντος
2407 3413 2613 3490 ἀγαθοῦ
2671 3411 2934 3478 εὔελπις·
2997 3414 3192 3488 ἀμέλει
3247 3416 3335 3470 καὶ
3396 3418 3431 3486 ἡ
3491 3414 3783 3490 ἐμπτωσία

341 3507 435 3563 vel
491 3504 565 3561 ad
595 3504 818 3560 bonam
854 3521 1019 3576 spem
1050 3506 1396 3573 assumitur,
1430 3522 1609 3577 quam
1642 3507 1716 3562 ad
1746 3506 1996 3562 charita-

2121 3500 2453 3578 λαμϐάνεται
2513 3506 2589 3569 εἰς
2643 3504 2905 3562 εὐέλπιδα
2944 3509 3080 3579 (64),
3137 3507 3205 3577 ἢν
3252 3505 3341 3562 ἐπὶ
3395 3508 3497 3577 τὴν
3558 3506 3777 3584 ἀγάπην

342 3601 462 3651 tem
523 3594 819 3649 deducere
877 3593 1219 3650 didicimus.
1279 3595 1547 3650 Charitas
1577 3600 1777 3651 autem
1824 3595 1996 3651 fuerit

2121 3601 2477 3671 χειραγωγεῖν
2518 3598 2979 3671 μεμαθήκαμεν.
3037 3598 3254 3671 ’Δγάπη
3310 3593 3368 3652 δὲ
3427 3597 3658 3671 ὁμόνοια
3716 3599 3779 3653 ἃν

343 3684 657 3740 consensio
691 3696 898 3738 eorum
960 3700 1092 3754 qua)
1150 3689 1291 3738 sunt
1328 3683 1391 3737 in
1442 3684 1673 3740 ratione
1737 3686 1891 3740 168
1947 3690 1996 3740 el

2121 3680 2196 3753 εἴη
2227 3687 2336 3738 τῶν
2362 3685 2500 3740 κατᾶ
2530 3686 2621 3741 τὸν
2653 3684 2822 3762 λόγον
2881 3686 2971 3741 καὶ
3024 3686 3113 3741 τὸν
3150 3685 3273 3761 βίον
3305 3707 3395 3741 και
3425 3689 3518 3742 τὸν
3547 3687 3778 3763 τρόπον,

340 3775 463 3829 vita
490 3778 549 3828 et
578 3771 845 3827 moribus
870 3789 883 3839 ;
917 3775 1038 3840 aut,
1072 3776 1139 3826 ut
1167 3771 1372 3844 paucis
1402 3772 1618 3844 dicam,
1650 3774 1781 3828 vitae
1813 3774 1996 3829 socie-

2121 3772 2167 3843 ἢ,
2200 3773 2477 3828 συνελόντι
2528 3774 2713 3849 φάναι,
2764 3775 3019 3831 κοινωνία
3066 3776 3213 3852 βίου·
3246 3776 3282 3844 ἢ
3317 3775 3557 3832 ἐκτένεια
3586 3777 3775 3855 φιλίας

340 3869 472 3930 tas;
505 3861 597 3917 vel
657 3860 933 3916 amicitias
992 3865 1052 3916 et
1096 3860 1528 3916 benevolentia
1559 3863 1996 3933 perseverantia

2121 3861 2197 3917 ιαὶ
2256 3861 2656 3939 φιλοστοργίας
2715 3866 2856 3937 μετὰ
2930 3864 3105 3941 λόγου
3163 3865 3329 3939 ὀρθοῦ
3385 3866 3509 3941 περὶ
3569 3874 3773 3943 χρῆσιν

341 3969 476 4008 cum
524 3956 687 4007 recta
735 3950 989 4017 ratione,
1034 3950 1097 4004 in
1128 3966 1238 4004 usu
1284 3950 1613 4006 amicorum
1645 3967 1711 4007 ac
1742 3951 1996 4007 familia-

2121 3951 2361 4016 ἑταίρων.
2423 3955 2483 4012 Ὀ
2543 3953 2601 4009 δὲ
2659 3955 2874 4029 ἑταῖρος
2932 3953 3115 4032 ἕτερος
3174 3955 3305 4033 ἐγώ.
3365 3959 3435 4027 ᾜ
3486 3960 3575 4012 καὶ
3609 3955 3777 4015 ἀδελ-

338 4041 515 4105 rium,
551 4039 652 4111 qui
680 4033 891 4109 ἓταῖροι
921 4042 1210 4094 vocantur
1233 4038 1477 4110 (dicitur
1506 4045 1706 4095 autem
1759 4039 1995 4115 ἑταῖρος,

2121 4042 2243 4121 poi):
2274 4046 2387 4115 (65)
2415 4043 2542 4107 τοὺς
2574 4050 2656 4118 τῷ
2704 4045 2853 4119 αὐτῷ
2884 4042 3036 4121 Λόγῳ
3083 4047 3540 4121 ἀναγεννηθέντας
3596 4068 3776 4124 προσ-

340 4130 510 4202 quasi
539 4125 725 4202 ἓτερος
756 4125 882 4201 ἐγώ,
916 4128 974 4182 id
1004 4133 1114 4195 est,
1146 4145 1244 4197 ego
1273 4130 1456 4199 alter),
1490 4146 1607 4200 qua
1637 4130 1867 4185 ratione
1897 4146 1996 4185 eos

2121 4132 2466 4206 ιγορεύομεν.
2513 4134 2840 4209 Παράκειται
2896 4133 2954 4190 δὲ
2983 4138 3050 4209 τῇ
3079 4135 3259 4212 ἀγάπῃ
3289 4134 3324 4205 ἢ
3354 4156 3413 4191 τε
3471 4137 3771 4212 φιλοξενία,

334 4199 542 4287 fratres
574 4199 973 4289 appellamus,
999 4217 1101 4287 qui
1136 4223 1277 4271 sunt
1305 4199 1524 4273 eodem,
1545 4218 1722 4274 verbo
1754 4236 1996 4292 regene-

2121 4199 2438 4297 φίλοτεχνία
2494 4199 2608 4285 τις,
2637 4223 2770 4279 οὖσα
2814 4224 2939 4299 περὶ
3227 4199 3390 4297 ξένων
3426 4244 3439 4258 ·
3482 4199 3630 4296 ’ξενοί
3687 4199 3769 4297 δὲ,

335 4307 471 4363 rati.
503 4305 784 4361 Adhaeret
802 4311 1001 4360 autem
1026 4305 1301 4361 cbaritati
1328 4311 1388 4362 et
1417 4306 1832 4378 hospitalitas;
1866 4325 1996 4379 quas

2121 4306 2181 4362 Βν
2240 4309 2363 4382 ξένα
2416 4312 2484 4365 τὰ
2530 4321 2791 4384 κοσμικαο
2849 4310 3150 4384 κοσμικοὺς
3203 4312 3305 4387 γὰρ
3361 4311 3489 4375 τοὺς
3547 4311 3623 4375 είς
3662 4315 3767 4390 γῆν

401 4434 467 4499 is
494 4433 558 4487 P.
591 4434 695 4486 450
720 4431 834 4486 ED.
867 4431 1163 4498 POTTER,
1197 4433 1437 4486 377-378
1470 4433 1582 4490 ED.
1616 4432 1846 4488 PARIS.
1923 4434 1999 4505 (a)
2030 4436 2198 4491 Prov.
2231 4453 2269 4505 ι,
2303 4438 2390 4491 33.
2470 4438 2551 4510 (b)
2584 4442 2746 4494 Prov.
2778 4455 2879 4507 vn,
2907 4441 2960 4492 2.
2988 4438 3059 4510 (ε)
3093 4437 3261 4493 Prov.
3295 4455 3409 4509 xxv,
3442 4441 3527 4507 16,
3562 4442 3651 4494 26.

405 4557 516 4627 (59)
546 4556 770 4636 ‘liaxibv
821 4552 1002 4636 ἀρχὴν
1065 4548 1343 4636 ἀφοϐίαν.Δ
1377 4557 1725 4636 Respiciens
1784 4568 1991 4636 auctor

2121 4577 2208 4636 esse
2236 4562 2554 4636 accipimus.

332 4624 780 4732 Proverbiorppi
827 4624 1026 4715 locum
1050 4624 1182 4732 iam
1233 4624 1761 4732 (ἐξοιιιῐξξῖᾙξιίεὲρῑ
1790 4635 1988 4704 potius

2169 4635 2288 4732 (ita)
2310 4624 2460 4732 Α’ξιος.
2495 4634 2660 4732 [Ιξιάθ
2691 4630 3112 4732 δνεισιδαὲμονία.

327 4701 508 4789 κακῶν
537 4694 890 4789 ’,ἀπαλλαγὴν
945 4694 1195 4773 ἀφοϐίαν.
1242 4700 1385 4789 Itium
1416 4694 1771 4789 illa'dcfoﬁia,
1792 4694 1987 4776 'quam

2177 4694 2290 4789 (62')
2346 4703 2866 4789 "E‘E‘qutv.06!...-
2901 4694 3183 4789 βοᾷ-εται.
3241 4707 3326 4789 Cl.
3388 4708 3658 4789 Grabiush
3694 4710 3759 4789 in

331 4773 499 4850 timor
530 4770 628 4823 Dei
686 4770 1001 4850 operatur,
1032 4787 1153 4850 no_n
1186 4776 1289 4850 est_
1302 4770 1689 4850 X¢¥5v.5}?i‘4_.
1718 4770 1988 4850 malorum
2097 4770 2362 4850 margine
2397 4770 2533 4832 libri
2568 4778 2658 4833 sui
2691 4770 2999 4834 adnotavit
3018 4780 3172 4835 hanc
3195 4780 3555 4836 sententiam
3584 4782 3758 4837 citari

327 4845 501 4915 origo!
515 4857 578 4915 ac
600 4841 987 4915 principium;
1019 4842 1122 4897 sed
1152 4845 1330 4915 κακῶν
1373 4840 1693 4915 ἀπαλλαγή,
1731 4848 1987 4905 liberatio

328 4911 582 4990 amatis._
634 4911 819 4990 scribi
876 4912 1055 4990 etiam
1099 4914 1306 4990 possit,
1358 4931 1478 4970 una
1508 4911 1707 4972 littera
1734 4926 1984 4990 mutata,

326 4986 507 5039 κακῶν
558 4983 731 5058 ἀργὴν
778 4976 1344 5058 ἀφοϐίανητῆιιίονιιῖη
1375 4994 1655 5057 εωρενεεηι
1682 4997 1857 5048 metus
1885 4976 1986 5049 υαέ

328 5053 609 5133 cuitatem.
641 5053 783 5133 '_Q_uo
818 5053 999 5110 sensu
1031 5054 1198 5133 ἀργὸς
1232 5053 1721 5133 πόνωνῇιᾳὸοναπι
1750 5079 1945 5133 εωρθνε
1965 5082 1984 5120 :

327 5136 387 5185 et
414 5127 576 5202 ἀργὸς
602 5125 845 5202 κλήρου,
876 5125 1318 5202 sorte_privat_us,
1352 5143 1386 5183 a
1421 5125 1687 5202 'Platone
1744 5125 1981 5192 dicitur.

325 5197 649 5277 Clementis
670 5197 971 5277 sententia
985 5198 1071 5253 sic
1098 5197 1405 5277 intellecta
1420 5200 1535 5277 erit
1556 5202 1701 5277 haec:
1727 5205 1788 5260 Si
1806 5209 1985 5277 igitur

324 5272 436 5348 illa
458 5279 633 5327 metus
678 5271 946 5348 vacuitas,
1001 5284 1167 5348 quam
1216 5272 1377 5348 efﬁcit
1422 5270 1588 5348 timor
1639 5270 1877 5348 Domini,
1908 5283 1983 5337 sit

321 5345 595 5400 malorum
626 5356 841 5411 expers,
878 5347 994 5411 tum
1029 5340 1196 5396 timor
1234 5345 1340 5397 erit
1367 5342 1507 5411 quid
1538 5344 1758 5411 bonum,
1808 5340 1982 5407 nem-

318 5432 415 5487 pe.
448 5414 606 5486 quod
628 5430 663 5468 a
690 5409 868 5487 malis
888 5409 1121 5487 liberet.
1143 5412 1255 5487 Sed
1285 5409 1585 5487 Ko_vv_thius
1615 5416 1699 5471 ait
1722 5409 1797 5471 εἰ(
1830 5423 1981 5487 Quid

320 5481 367 5541 si
398 5481 628 5555 legatur
656 5481 842 5555 καλῶν
876 5482 1079 5555 ἀρχήν,
1110 5484 1202 5539 vel
1228 5481 1579 5544 καταλύσεως
1603 5491 1806 5546 κακῶν.
1840 5481 1865 5545 ξ

386 5553 740 5634 (66)-Ἰξιμῇν
794 5553 860 5634 ᾖν
913 5553 1029 5607 ἀπὸ
1084 5557 1199 5634 ’τοῦΔ
1241 5558 1397 5634 Θφῦ.
1450 5557 1620 5634 Forte
1678 5562 1846 5632 τιμὴν
1876 5565 1978 5634 τὴν

318 5625 425 5679 ἀπὸ
454 5625 551 5679 τοῦ
572 5625 729 5695 Θεοῦ,
788 5625 1051 5681 honorem
1100 5629 1199 5695 qui
1226 5644 1262 5682 a
1290 5630 1399 5684 Deo
1429 5633 1525 5682 est.
1589 5625 1862 5689 SvLaiJa'c.
1911 5625 1981 5678 '—

320 5697 624 5779 νειτιμήν
657 5695 791 5779 εἶναι
825 5695 1367 5779 an6‘1.,_honor_em
1408 5715 1550 5779 esse,
1594 5717 1642 5779 _a
1697 5706 1806 5761 Deo
1860 5710 1981 5779 ipso

326 5766 645 5838 accipimus.
690 5767 793 5824 Vel
836 5766 1009 5839 τιμὴν
1038 5766 1175 5823 εἶναι
1204 5773 1366 5825 τοῦτο
1397 5775 1460 5825 Θ.
1487 5767 1555 5843 ἐ.,
1588 5772 1849 5835 honorem
1875 5766 1981 5835 hei

2096 4872 2130 4911 a
2162 4856 2527 4922 Damasceno
2558 4850 2822 4906 Parallet.
2858 4850 2959 4905 lib.
2996 4868 3037 4913 ι,
3070 4867 3197 4922 cap.
3233 4853 3285 4905 4.

2166 4921 2376 5010 (β3)ι“0
2405 4917 2463 4975 δὲ
2492 4918 2619 5010 ἅφρ.
2657 4922 2820 5007 Yulg.
2856 4922 2994 5010 Bib.‘
3016 4917 3293 5010 Proverb.
3326 4940 3462 5008 xw,‘
3493 4923 3756 5010 plenius,

2093 4992 2213 5123 ἓδὲ
2268 4992 2479 5070 ἄφρων,
2532 4992 2707 5064 ἑαυτῷ
2762 4992 3065 5063 πεποιθὼς,
3124 4993 3378 5068 μίγνυται
3438 4992 3650 5068 ἀνόμῳ.
3683 4998 3757 5053 Α.

2133 5082 2369 5123 YLBUBG.

2163 5140 2275 5212 (64)
2336 5134 2430 5198 Εἰς
2461 5132 2745 5212 εῦὲλπιδα.
2806 5137 2958 5193 Flor.
2994 5136 3135 5212 edit.
3171 5133 3247 5212 είς
3273 5132 3563 5212 εὔελπί-δα,
3592 5138 3755 5195 unde

2092 5205 2312 5302 aliquis
2352 5209 2709 5302 suspiqetur,
2742 5205 3220 5302 traqqusitonaﬁ
3271 5208 3588 5302 legendum
3619 5225 3755 5267 esse

2092 5226 2312 5302 8.1qu13
2352 5226 2709 5333 διιεέηοειιπ,
2742 5226 3103 5280 ῑΓᾶΠΞΡΟΒΙῐΟ
3163 5226 3220 5261 ευ
3271 5226 3588 5335 legendum
3619 5226 3753 5267 esse

2090 5284 2126 5351 ἡ
2160 5299 2508 5355 ευεμπτωσλα
2539 5275 2724 5355 λαμϐ(
2747 5275 3077 5355 εἰς-ἐλπίδα.
3114 5281 3310 5355 Ριδειοθ
3357 5282 3479 5337 enti
3496 5299 3753 5355 quoque

2092 5351 2410 5427 sententia,
2445 5352 2803 5427 disjunctiva
2832 5352 2909 5427 ing
2923 5351 3241 5427 articulum
3274 5368 3462 5422 versa,
3496 5351 3753 5427 légiipo-

2091 5433 2207 5482 test
2234 5426 2269 5493 ἡ
2304 5421 2552 5498 ἀπόντος
2565 5423 2771 5498 ἀγαθοῦ
2800 5421 3045 5491 εὐελπὶς,
3186 5424 3405 5498 absente
3437 5421 3584 5498 bona
3609 5421 3752 5481 bona

2087 5516 2182 5570 spe
2207 5491 2377 5568 freta.
2432 5491 2664 5557 Εὕελπὶς
2703 5512 2874 5570 sane,
2899 5512 3029 5570 seu
3058 5491 3299 5570 εὔελπίς,
3333 5512 3437 5567 pro
3470 5496 3752 5552 substan-

2090 5567 2463 5651 tivegrerere
2494 5574 2603 5651 es},
2636 5567 3074 5651 eihisuieee-
3095 5568 3387 5651 ,⁵³9³⁸⁸6-

2087 5641 2272 5766 Ρέῐοὶἵέ)
2299 5636 2624 5717 Ἀδελφούς.
2657 5636 2888 5696 Similia
2918 5638 3063 5695 dicit
3090 5638 3248 5695 infra
3300 5655 3433 5712 pag.
3468 5642 3572 5696 397
3604 5639 3749 5696 edit.

2136 5729 2280 5770 81⁵18.
