4120 6404
379 363 491 419 977
998 374 999 377 “
1740 370 2195 428 ΘΤΒΟΜΔἸὌΜ
2231 371 2367 425 LIB.
2408 373 2480 426 II.
3710 383 3820 439 973

377 487 704 558 ἐλπίζοντας
760 490 853 545 καὶ
904 491 1002 553 τὰς
1059 492 1320 566 σαρκικάς
1352 491 1646 565 ἐπιθυμίας
1690 491 2005 564 ἐζακούομεε

2123 546 2127 560 ,
2163 496 2253 546 est
2276 493 2599 549 artiﬁciosa
2628 495 2908 550 amicitia:
2961 498 3110 552 ratio
3145 498 3305 555 circa
3344 516 3522 559 usum
3552 509 3816 579 peregri-

504 582 1003 655 συσχηματίζεσθε,
1035 586 1199 651 φησὶν
1260 582 1288 635 ὁ
1351 579 1717 651 Ἀπόστολος,
1748 586 1826 653 τῷ
1884 579 2005 634 alii»

2154 597 2391 636 norum.
2423 582 2726 655 Peregrini
2768 589 2966 640 autem
3027 593 3186 655 sunt,
3243 590 3462 661 quibus
3500 597 3817 668 peregrina

371 667 577 742 τούτῳ,
660 668 812 725 ἀλλά
884 671 1341 748 μεταμορφοῦσθε
1400 675 1467 745 τῇ
1553 673 1888 726 ἀνακαινώσε
1943 690 2005 723 το

2153 676 2309 739 sunt,
2340 690 2471 743 qum
2495 678 2635 727 sunt
2664 674 2987 732 mundana.
3012 677 3340 733 Mundanos
3375 682 3537 737 enim
3567 667 3687 752 eos,
3709 688 3811 758 qui

371 758 498 820 νοὸς
554 761 692 833 (66),
751 758 827 822 εἷς
884 759 947 814 τὸ
989 756 1306 832 δοκιμάζειν
1367 760 1533 833 ὑμᾶς,
1591 762 1643 815 τί
1700 761 1764 816 τὸ
1823 759 2005 831 θέλημ

2150 759 2211 814 in
2243 765 2462 815 terram
2510 768 2772 833 sperant,
2832 769 2890 817 et
2941 768 3455 838 concupiscentias
3513 756 3806 843 carnales,

366 851 467 903 τοῦ
553 852 688 904 Θεοῦ
741 849 803 904 τὸ
856 847 1076 925 ἀγαθὸν,
1136 848 1226 904 καὶ
1282 850 1594 924 εὐάρεστον,
1650 849 1742 905 καὶ
1804 848 2005 903 τέλειον

2149 848 2540 923 intelligimus
2575 868 2588 905 :
2623 852 2807 907 Nolite
2859 858 3197 925 conﬁrmari.
3232 856 3428 928 inquit
3465 863 3802 932 Apostolus,

369 938 721 1012 Ἀναστρέψει
775 937 961 993 τοίνυν
1015 938 1050 1008 ἠ
1110 935 1391 1016 φιλοξενία
1445 938 1569 1015 περὶ
1625 939 1688 993 τὸ
1753 935 2005 1016 ὠφέλιμο

2150 940 2278 994 huic
2306 940 2522 1007 szwlo,
2555 942 2650 995 sed
2679 945 3167 1012 transfor-mamini
3193 948 3550 1003 renovatione
3583 956 3801 1023 mentis,

361 1032 484 1089 τοῖς
545 1026 741 1101 ξένοις’
806 1027 947 1099 ξένοι
1033 1025 1092 1083 δὲ
1168 1029 1222 1083 οἱ
1274 1028 1526 1102 ἐπίξενοιο
1582 1027 1816 1100 ἐπίξενοι
1875 1024 1933 1082 δὲ
1979 1048 2005 1081 ο

2147 1030 2222 1084 ad
2249 1029 2348 1084 hoc
2378 1035 2439 1084 ut
2467 1045 2559 1084 vos
2580 1032 2848 1100 probetis,
2908 1047 3037 1102 qua
3092 1037 3164 1089 sit
3201 1036 3455 1092 voluntas
3486 1039 3587 1094 Dei
3637 1041 3800 1109 bona,

361 1115 544 1194 φίλον
604 1115 762 1194 φίλοι
824 1114 882 1172 δὲ
931 1118 983 1172 οἱ
1040 1113 1293 1192 ἀδελφοίο
1352 1114 1492 1173 Φίλε
1541 1118 1843 1195 κασίγνητε
1899 1120 2005 1193 (67)

2148 1119 2279 1173 bene
2293 1120 2540 1189 placens,
2573 1127 2625 1174 et
2647 1125 2902 1190 perfecta
2924 1122 3021 1193 (a).
3050 1124 3398 1180 Versabitur
3427 1143 3563 1201 ergo
3596 1129 3800 1202 hospi-

361 1208 527 1278 φησὶν
576 1209 857 1280 “Ομηρος’
924 1207 953 1278 ὖ)
1011 1229 1071 1263 τε
1123 1206 1532 1286 φιλανθρωπία,
1593 1206 1663 1263 δι’
1720 1210 1787 1281 ἢν
1846 1209 1936 1264 καὶ
1992 1212 2028 1281 ἡ

358 1298 747 1376 φιλοστοργία,
808 1296 1006 1376 φιλικὴ
1070 1305 1272 1374 χρῆσις
1315 1299 1617 1375 ἀνθρώπων
1683 1298 2029 1377 ὑπάρχουσα·

356 1388 394 1459 ἢ
442 1410 502 1445 τε
528 1387 917 1468 φιλοστοργία,
951 1388 1283 1467 φιλοτεχνία
1310 1411 1396 1452 τις
1456 1391 1594 1445 οὖσα
1652 1389 1776 1466 περί
1822 1391 2028 1466 στέρξιν

353 1477 533 1556 φίλων
563 1478 599 1549 ἤ
630 1478 869 1547 οἰκείων,
925 1500 1490 1557 συμπαρομαρτουσιν
1536 1481 1650 1554 (68)
1710 1481 1908 1555 ἀγάπῃ.
1963 1480 2028 1537 Εἰ

351 1565 412 1623 δὲ
440 1573 519 1640 τῷ
549 1564 635 1624 ὅτι
665 1566 952 1641 ἄνθρωπος
1004 1570 1034 1625 ό
1085 1568 1138 1624 ἐν
1190 1571 1351 1642 ἡμῖν,
1400 1568 1543 1625 ἐστὶν
1577 1570 1605 1624 ὁ
1635 1569 2025 1641 πνευματικὸς,

262 1683 273 1691 ο
348 1655 688 1737 φιλαδελφία
743 1661 859 1731 (69)
917 1660 953 1728 ἡ
1032 1657 1440 1737 φιλανθρωπία,
1499 1664 1618 1722 τοῖς
1696 1663 1795 1715 τοῦ
1854 1659 2024 1737 αύιτοῦ

345 1746 673 1820 Πνεύματος
703 1748 1189 1816 κεκοινωνηκόσιν.
1253 1747 1477 1823 Στέρξις
1536 1744 1583 1802 δ’
1633 1744 1727 1815 αὖ,
1783 1747 2020 1824 τήρησίς

2145 1209 2342 1264 talitas
2374 1210 2434 1264 in
2462 1207 2635 1277 >X¢eo,
2680 1211 2838 1281 quod
2871 1216 2962 1266 est
3015 1212 3162 1267 utile
3211 1215 3565 1287 peregrinis.
3624 1223 3801 1274 Pere-

2141 1299 2295 1372 grini
2323 1304 2523 1353 autem
2545 1303 2704 1367 sunt,
2749 1300 2849 1371 qui
2881 1301 3064 1356 etiam
3096 1302 3379 1358 dicuntur
3408 1302 3664 1375 έπίξενοι,
3696 1324 3802 1364 seu

2141 1390 2379 1459 hospitio
2408 1391 2624 1459 excepti
2655 1406 2673 1442 :
2703 1387 2940 1461 ἐπίξενοι
2973 1397 3171 1446 autem
3221 1399 3361 1448 sunt
3389 1396 3563 1451 amici
3591 1398 3798 1464 ;amici

2139 1484 2339 1535 autem
2356 1483 2498 1533 sunt
2524 1478 2757 1536 fratres.
2788 1481 2986 1536 Frater
3011 1484 3202 1550 amice,
3244 1482 3440 1555 inquit
3460 1485 3750 1542 Homerus
3780 1505 3794 1543 :

2139 1573 2196 1623 et
2224 1567 2590 1636 humanitas,
2624 1584 2730 1639 per
2760 1585 2939 1639 quam
2973 1570 3038 1625 ﬁt
3069 1570 3227 1627 bona
3256 1573 3512 1645 affectio,
3543 1592 3675 1646 quin
3705 1582 3796 1631 est

2135 1658 2363 1714 amicus
2392 1674 2535 1712 usus
2566 1658 2876 1713 hominum
2903 1677 2917 1725 ;
2951 1664 3010 1714 et
3039 1660 3168 1732 ipsa
3190 1660 3348 1718 bona
3378 1664 3631 1732 eﬂ'ectio,
3656 1682 3789 1736 quaa

2135 1752 2224 1803 est
2252 1747 2524 1818 quaedam
2552 1746 2876 1803 artificiosa
2899 1748 3177 1804 amicitia:
3208 1751 3357 1805 ratio
3389 1752 3546 1808 circa
3575 1753 3792 1809 amico-

347 1835 492 1891 ἐστιν
557 1834 767 1899 εὐνοίας
825 1835 861 1906 ἢ
921 1835 1267 1912 ἀγαπήσεως·
1330 1835 1604 1912 ἀγάπησις
1679 1834 1737 1892 δὲ
1794 1835 2005 1893 ἀπόδει-

2130 1853 2264 1892 rum
2311 1837 2403 1892 vel
2459 1836 2939 1892 necessariorum
2998 1838 3372 1906 dilectiones,
3424 1841 3792 1897 comitantur

344 1925 427 1995 ξις
450 1928 565 1999 (70)
596 1924 890 1996 παντελής·
948 1927 1038 1980 καί
1086 1925 1149 1980 τὸ
1200 1924 1509 2000 ἀγαπᾶσθαι
1568 1924 1885 2001 ἀρέσκεσθαι
1930 1932 2012 2000 τῷ

342 2015 488 2085 ἤθει,
519 2013 785 2089 ἀγόμενόν
844 2034 904 2069 τε
931 2014 1021 2069 καὶ
1080 2012 1442 2089 ἀπαγόμενον,
1501 2015 1757 2091 Ἀγονται
1817 2013 1875 2071 δὲ
1930 2015 2007 2079 είς

337 2102 647 2173 ταυτότητα
714 2098 784 2157 δι’
845 2102 1128 2177 ὁμόνοιαν,
1207 2102 1518 2177 ἐπιστήμην
1593 2101 1754 2159 οὖσαν
1808 2109 2006 2159 κοινῶν

338 2191 585 2267 ἀγαθῶν.
647 2190 747 2248 Καὶ
794 2191 899 2268 γὰρ
954 2194 990 2262 ἡ
1032 2191 1470 2267 ὁμογνωμοσύνη
1527 2192 1820 2267 συμφωνία
1865 2214 2006 2268 γνω-

342 2284 480 2354 μῶν.
515 2281 726 2351 Καὶ,Ἡ
758 2280 940 2358 ἀγάπη
995 2284 1135 2356 (71),
1197 2282 1386 2360 φησὶν,
1446 2281 1810 2357 ἀνυπόκριτος
1868 2276 2008 2338 ἔστω

334 2372 474 2443 ἡμῖν
582 2368 788 2438 αὐτοῖς,
872 2371 961 2425 καὶ
1078 2371 1508 2447 ἀποστυγοῦντες
1590 2371 1654 2427 τὸ
1740 2371 2008 2446 πονηρὸν,

334 2464 623 2535 γινώμεθα
705 2457 1058 2534 κολλώμενοι
1141 2464 1222 2532 τῷ
1281 2461 1464 2535 ἀγαθῷ
1543 2463 1613 2534 τῇ
1673 2458 2007 2538 φιλαδελφίᾳ

334 2569 417 2619 τε,
449 2550 541 2604 καὶ
593 2550 663 2605 τὰ
718 2550 840 2620 ἑξῆς
870 2546 999 2622 ἕως,
1057 2548 1124 2606 Εἰ
1156 2546 1408 2617 δυνατὸν,
1447 2549 1512 2605 τὸ
1542 2548 1595 2620 ἐξ
1657 2549 1811 2623 ὑμῶν
1870 2552 2007 2622 μετά

337 2635 553 2695 πάντων
663 2636 966 2713 ἀνθρώπων
1044 2637 1459 2713 εἷ’ρηνεύοντες.
1535 2640 1765 2695 Ἔπειτα
1808 2680 1822 2707 ,
1906 2639 2002 2709 Μὴ

337 2732 500 2795 νικῶ,
560 2725 729 2803 λέγει,
824 2727 928 2783 ὑπὸ
1004 2731 1103 2783 τοῦ
1174 2732 1370 2795 κακοῦ,
1427 2725 1575 2784 ἀλλά
1642 2725 1768 2782 νίκα
1822 2725 1875 2781 ἐν
1923 2726 2004 2801 τῷ

335 2817 525 2893 ἀγαθῷ
581 2817 644 2872 τὸ
695 2816 885 2875 κακόν.
942 2814 1228 2882 Ἰουδαίοις
1281 2838 1342 2872 τε
1393 2818 1421 2872 ὁ
1474 2815 1633 2879 αὐτὸς
1694 2814 2002 2878 ἀπόστολος

340 2913 634 2983 μαρτυρεῖν
708 2907 1016 2984 ὁμολογεῖ,
1076 2908 1161 2963 ’ὁτι
1235 2907 1403 2978 ζῆλον
1510 2911 1644 2963 Θεοῦ
1729 2903 1950 2982 ἔχουσιν
1981 2950 1999 2976 ,

338 2995 471 3052 ἀλλ’
553 2997 615 3052 οὐ
702 2998 821 3052 κατ’
907 2996 1197 3071 ἐπίγνωσιν
1234 3015 1248 3030 ·
1353 2996 1642 3073 ἀγνοῦντες
1721 2997 1827 3072 γὰρ
1904 2997 2004 3066 τὴν

334 3089 435 3140 τοῦ
512 3089 648 3140 Θεοῦ
727 3083 1080 3156 δικαιοσύνην
1118 3132 1132 3156 ,
1216 3085 1308 3140 καὶ
1392 3086 1493 3157 τὴν
1580 3082 1723 3141 ῗδίαν
1785 3088 2007 3156 ζητοῦν-

2127 1926 2498 1982 charitatem.
2535 1926 2591 1981 Si
2622 1930 2822 1981 autem
2851 1942 3057 1981 revera
3087 1926 3287 1999 homo,
3329 1929 3431 2000 qui
3476 1934 3565 1985 est
3594 1931 3655 1986 in
3676 1947 3791 1986 no—

2124 2015 2238 2086 bis,
2272 2021 2361 2070 est
2395 2015 2743 2087 spiritualis,
2778 2015 3119 2072 humanitas
3168 2023 3258 2072 est
3310 2018 3658 2076 fraternitas
3688 2020 3786 2089 iis,

2126 2104 2226 2176 qui
2251 2110 2392 2160 sunt
2422 2104 2692 2178 ejusdem
2726 2105 2979 2176 Spiritus
3009 2106 3352 2179 participes.
3402 2109 3650 2165 Aﬂ‘ectio
3682 2126 3789 2165 au-

2123 2201 2245 2250 tem
2271 2212 2479 2250 rursus
2527 2200 2617 2250 est
2670 2196 3038 2251 conservatio
3069 2197 3520 2268 benevolentiae,
3551 2200 3644 2255 vel
3684 2200 3778 2256 di-

2119 2283 2413 2339 lectionis.
2442 2283 2689 2339 Dilectio
2716 2289 2923 2363 autem,
2947 2290 3039 2341 est
3092 2287 3355 2357 perfecta
3384 2293 3443 2344 et
3494 2288 3773 2346 absoluta

2121 2372 2554 2429 demonstratio
2585 2389 2598 2426 :
2631 2378 2691 2427 et
2719 2372 2907 2446 diligi,
2963 2374 3122 2446 quod
3182 2381 3273 2432 est
3321 2375 3650 2450 ἀγαπᾶσθαι,
3682 2385 3777 2434 est

2118 2462 2356 2533 placere
2381 2461 2668 2529 moribus,
2693 2460 2945 2533 ducique
2965 2462 3268 2519 etahduci.
3300 2465 3366 2520 In
3392 2465 3551 2521 idem
3574 2472 3774 2522 autem

2118 2551 2420 2606 ducuntur
2446 2567 2554 2622 per
2582 2551 3204 2623 consensionem,quaa
3236 2558 3325 2608 est
3340 2554 3591 2611 scientia
3610 2571 3776 2611 com-

2115 2639 2390 2694 munium
2420 2638 3070 2695 bonorum.Consensio
3085 2639 3266 2707 enim,
3288 2658 3420 2713 quaa
3451 2641 3779 2717 ὁμογνωνο-

2116 2725 2271 2796 σύνη,
2332 2731 2423 2782 est
2480 2743 2807 2782 consensus
2857 2727 3214 2783 animorum.
3271 2731 3398 2784 Et:
3455 2734 3578 2788 Non
3619 2736 3770 2801 ﬁcta.

2114 2816 2332 2887 inquit,
2355 2816 2601 2871 charitas
2620 2817 2693 2871 sit
2720 2816 2895 2880 nobis,
2951 2822 3003 2871 et
3058 2816 3186 2872 odio
3230 2819 3488 2875 habentes
3541 2822 3773 2888 malum,

2113 2906 2492 2960 adhzrreamus
2523 2906 2661 2961 bono
2692 2911 2743 2960 et
2768 2908 3013 2974 fratrum
3042 2909 3241 2975 amori,
3277 2912 3336 2963 et
3355 2926 3488 2980 quas
3508 2927 3777 2981 sequun-

2113 3000 2229 3061 tur,
2261 3011 2452 3066 usque
2484 2993 2557 3050 ad
2590 2994 2741 3049 illud
2778 2995 2881 3050 :Si
2923 2996 3188 3066 possibile
3242 3004 3339 3065 est,
3393 3006 3665 3069 quantum
3715 3003 3777 3056 in

2111 3086 2261 3141 vobis
2291 3091 2390 3153 est,
2422 3102 2545 3141 cum
2577 3086 2828 3141 omnibus
2886 3085 3196 3142 hominibus
3245 3104 3440 3158 pacem
3496 3089 3776 3146 habentes.

330 3195 421 3235 τες
505 3177 616 3247 (72)
699 3181 917 3244 στῆσαι,
994 3177 1065 3249 τῇ
1150 3171 1469 3249 δικαιοσύνῃ
1529 3178 1625 3229 τοῦ
1700 3171 1835 3229 Θεοῦ
1892 3172 2002 3248 οὐχ

2123 3177 2378 3238 Deinde:
2414 3178 2489 3232 Ne
2516 3174 2779 3242 uincaris,
2829 3175 3046 3247 inquit,
3079 3194 3115 3232 a
3169 3178 3338 3247 malo,
3390 3180 3486 3235 sed
3524 3183 3681 3236 vince
3716 3184 3777 3236 in

334 3243 701 3340 ὑπετάγησαν
737 3243 798 3318 ού
829 3265 934 3340 γὰρ
983 3243 1050 3319 τό
1107 3262 1371 3340 βούλημα
1437 3243 1536 3319 τοῦ
1586 3262 1761 3337 νόμου
1817 3243 2001 3337 ἔγνωί

2123 3267 2253 3322 bono
2267 3265 2474 3321 malum
2492 3267 2585 3337 (b).
2614 3267 2684 3319 Et
2713 3265 2872 3321 idem
2903 3243 3208 3337 apostolus
3233 3243 3454 3323 fatetur
3479 3269 3772 3326 seJudeeis

332 3354 428 3408 σάν
458 3374 519 3409 τε
546 3355 637 3409 καὶ
668 3351 959 3422 ἐποίησαν,
1010 3350 1138 3408 ἀλλ’
1181 3350 1213 3407 ὅ
1273 3347 1545 3409 ὑπέλαϐον
1603 3352 1782 3425 αὐτοὶ,
1829 3355 1992 3407 τοῦτο

2123 3360 2249 3412 'erre
2276 3357 2648 3411 testimonium
2668 3355 2817 3424 quod
2837 3356 3013 3410 zelum
3056 3357 3156 3411 Dei
3202 3357 3460 3427 habeant,
3511 3360 3607 3414 sed
3651 3376 3768 3414 non

329 3444 421 3498 καὶ
461 3440 755 3518 βούλεσθαι
784 3442 878 3498 τὸν
929 3442 1103 3515 νόμον
1157 3441 1436 3515 ᾠήθησαν
1469 3439 1585 3497 οὐδ’
1639 3442 1714 3504 ὡς
1772 3461 1993 3518 προφη-

2123 3447 2398 3503 :ecundum
2429 3448 2714 3501 scientiam
2736 3463 2754 3500 :
2796 3447 3116 3516 ignorantes
3155 3449 3299 3502 enim
3332 3450 3432 3503 Dei
3459 3449 3764 3519 justitiam,

332 3530 545 3588 τεύοντι
579 3535 692 3605 (73)
719 3535 799 3605 τῷ
827 3532 986 3605 νόμῳ
1017 3529 1350 3599 ἐπίστευσαν,
1383 3529 1534 3607 λόγῳ
1592 3527 1651 3586 δὶ
1700 3531 1873 3605 ψιλῷ·
1904 3530 1994 3585 καὶ

2123 3541 2156 3590 τι
2195 3537 2488 3606 propriam
2547 3541 2851 3604 quaerentes
2892 3541 3156 3604 statuere,
3212 3537 3308 3591 Dei
3358 3538 3598 3607 justitiae
3647 3555 3760 3593 non

343 3617 542 3700 φόϐῳ,
606 3620 736 3677 ἀλλ’
791 3622 854 3678 οὗ
914 3619 1149 3686 διαθέσει
1204 3621 1297 3676 καὶ
1352 3621 1530 3677 πίστει
1585 3620 1993 3692 ἠκολούθησαν·

341 3710 516 3776 Τέλος
568 3711 671 3788 γὰρ
750 3711 927 3785 νόμου
976 3711 1217 3788 Χριστὸς
1267 3709 1345 3774 εἷς
1393 3708 1740 3781 δικαιοσύνην
1801 3710 1830 3766 ὁ
1892 3709 1997 3765 ὑπὸ

338 3799 515 3873 νόμου
596 3798 994 3879 προφητευθεὶς
1077 3801 1238 3856 παντὶ
1278 3804 1361 3873 τῷ
1446 3799 1778 3857 πιστεύοντι.
1834 3800 1994 3864 ’Ὅθεν

340 3887 555 3965 εἵρηται
610 3888 831 3955 τούτοις
884 3888 1034 3959 παρά
1090 3891 1391 3953 Μωϋσέως’
1453 3889 1592 3967 Ἐγὼ
1651 3892 1765 3964 (74)
1820 3908 1998 3958 παρα-

343 3978 583 4051 ζηλώσω
646 3978 784 4051 ὑμᾶς
842 3978 926 4034 ἐπ’
980 3978 1081 4033 οὐκ
1126 3974 1290 4048 ἔθνει,
1375 3978 1459 4035 ἐπ’
1541 3977 1680 4043 ἔθνει
1759 3977 1999 4051 ἀσυνέτῳ

338 4072 631 4144 παροργιῶ
667 4068 829 4141 ὑμᾶς,
868 4071 947 4139 τῷ
997 4065 1073 4128 εἷς
1132 4067 1374 4137 ὑπακοὴν
1432 4064 1692 4138 δηλονότι
1751 4067 1998 4143 εύτρεπεῖ

2101 3628 2259 3696 fuere
2286 3625 2535 3695 subjecti.
2567 3625 2694 3679 Non
2716 3623 2876 3679 enim
2899 3623 3047 3697 legis
3076 3625 3444 3682 voluntatem
3474 3643 3763 3700 cognove-

2105 3720 2247 3772 runt
2274 3720 2334 3769 et
2359 3713 2652 3781 fecerunt,
2701 3712 2806 3768 sed
2863 3713 3021 3785 quod
3076 3713 3192 3786 ipsi
3251 3715 3760 3785 existimaverunt,

2106 3805 2219 3861 hoc
2241 3803 2423 3860 etiam
2453 3804 2645 3875 legem
2673 3801 2825 3858 velle
2882 3808 3186 3874 putarunt.
3242 3806 3444 3876 Neque
3484 3806 3598 3879 legi
3630 3810 3765 3862 tan-

2109 3909 2289 3966 quam
2318 3892 2694 3965 prophetiam
2716 3891 3050 3947 continenti
3081 3892 3485 3962 crediderunt,
3500 3895 3604 3950 sed
3636 3900 3764 3951 tan-

2108 3998 2286 4054 quam
2318 3980 2478 4036 nudo
2500 3980 2761 4036 sermoni
2788 3997 2800 4033 :
2827 3985 2886 4034 et
2913 3996 3035 4051 pra;
3060 3981 3433 4048 timore,sine
3463 3984 3677 4038 atl‘ectu
3710 3989 3770 4038 et

2109 4070 2247 4137 ﬁde,
2281 4069 2549 4125 obsecuti
2581 4073 2737 4123 sunt.
2768 4067 2924 4123 Finis
2953 4071 3101 4124 enim
3125 4068 3264 4139 legis
3310 4077 3389 4125 est
3418 4070 3669 4127 Christus
3693 4073 3768 4126 ad

336 4157 639 4232 γενομένῳ.
699 4156 804 4214 Καὶ
863 4153 955 4211 διὰ
1008 4152 1253 4226 Ἡσαΐου,
1320 4154 1585 4232 Εὑρέθην,
1655 4153 1827 4231 λέγει,
1879 4160 1998 4218 τοῖς

2123 4160 2403 4226 iustitiam,
2430 4157 2530 4228 qui
2560 4161 2696 4212 esta
2716 4156 2844 4228 lege
2876 4156 3216 4227 prsedictus,
3240 4161 3392 4212 omni
3419 4158 3762 4231 credenti(c).

338 4245 440 4319 ἐμὲ
498 4246 575 4319 μή
639 4250 936 4316 ζητοῦσιν·
1024 4245 1272 4323 ἐμφανὴς
1351 4244 1620 4320 ἐγενόμην
1702 4248 1816 4319 (75)
1879 4252 1998 4309 τοῖς

2109 4246 2275 4303 Unde
2300 4247 2385 4302 eis
2407 4246 2635 4301 dictum
2667 4250 2759 4300 est
2801 4261 2837 4299 a
2865 4246 3061 4315 Moyse
3090 4261 3103 4299 :
3136 4248 3257 4316 Ego
3283 4248 3645 4303 aemulatione
3672 4264 3764 4304 vos

339 4335 440 4410 ἐμὲ
474 4338 551 4409 μή
595 4335 933 4410 ἐπερωτῶσι·
981 4335 1089 4408 πρὸ
1142 4340 1244 4404 τῆς
1297 4338 1396 4389 τοῦ
1454 4334 1653 4411 Κυρίου
1701 4334 2002 4408 παρουσίας

2123 4336 2416 4392 provocabo
2472 4336 2529 4389 in
2560 4350 2669 4389 non
2721 4341 2900 4403 gente,
2950 4336 3010 4388 in
3059 4335 3273 4404 populo
3325 4337 3495 4391 stulto
3539 4352 3635 4391 vos
3691 4337 3766 4392 ad

340 4422 585 4497 δηλαδὴ,
621 4425 739 4499 μεθ’
789 4424 858 4495 ἢν
891 4424 1092 4496 καὶτῷ
1141 4420 1364 4499 Ἰσραὴλ
1423 4421 1600 4479 ἐκεῖνα
1662 4424 1730 4478 τοὶ
1784 4443 2001 4502 προσρη-

337 4518 593 4580 τευθέντα
662 4513 880 4578 οἰκείως
964 4513 1182 4589 Λέγεται
1287 4517 1399 4570 νῦν.
1487 4511 1806 4586 Ἱὶξεπέτασα
1903 4513 2001 4577 τάς

2109 4428 2252 4481 iram
2278 4425 2515 4480 irritabo
2536 4423 2638 4495 (ά),
2693 4422 2796 4494 qui
2823 4422 2937 4477 fuit
2966 4422 3195 4479 scilicet
3224 4430 3466 4496 paratus
3513 4425 3588 4481 ad
3611 4425 3764 4483 obe-

2111 4513 2419 4570 diendum.
2448 4514 2519 4566 Et
2547 4528 2653 4584 per
2681 4510 2892 4567 Isaiam
2932 4527 2945 4565 :
2975 4512 3234 4568 Inventus
3256 4530 3396 4581 sum,
3427 4514 3645 4586 inquit,
3674 4518 3768 4587 iis,

407 4660 472 4724 »χι
503 4651 563 4725 Ρ.
596 4651 844 4725 εει-ΕΙ).
879 4650 1172 4725 PQ’I‘TER,
1226 4650 1465 4725 378.379
1513 4650 1606 4704 ED
1650 4649 1881 4706 riuus.
1912 4650 1985 4721 (a)

2123 4667 2186 4705 n.
2218 4666 2319 4714 xu,
2347 4651 2399 4704 2.
2437 4648 2510 4720 (b)
2536 4646 2684 4702 Ibid.
2716 4663 2816 4714 xu,
2849 4650 2904 4715 9,
2935 4648 3021 4714 10,
3057 4647 3142 4715 18,
3174 4651 3262 4703 21.
3312 4649 3391 4719 (d)
3420 4650 3592 4721 Rom,
3621 4668 3680 4720 x,
3713 4658 3768 4725 2,

336 4724 393 4794 3,
425 4721 477 4779 4.
511 4724 586 4795 (ίῖ)
614 4721 762 4778 Ibid.
798 4725 862 4776 19
889 4738 903 4787 ;
932 4721 1098 4776 Deut.
1130 4738 1311 4793 xxxu,
1338 4724 1428 4778 21.

414 4868 523 4940 (66)
548 4863 719 4940 Νοός.
751 4859 895 4940 Νεός
928 4861 1299 4940 ὑμῶνὶμΗοιῑιὲ

411 4934 528 5011 (67')
560 4934 698 4990 Φίλε
728 4954 778 4990 κ.
805 4935 1045 5011 Ηωιιοεειιἐ
1069 4934 1325 5011 IliadLE,
1358 4953 1407 4990 v.
1441 4935 1565 4989 359.

562 5008 1159 5084 Συμπαρομαρτοῦσεν.
1218 5009 1347 5062 Non
1404 5006 1702 5062 assentior
1742 5007 1998 5061 Lowthio

341 5080 641 5151 scribenti,
655 5080 1216 5151 au‘puapolxap-cobqa,

411 5156 522 5228 (69)
556 5148 926 5228 Φιλαδελφία.
966 5148 1369 5228 Tertullianus
1398 5150 1694 5228 Apologia?
1722 5165 1850 5228 cap.
1871 5151 1951 5228 _39
1981 5166 1994 5203 :

338 5221 560 5283 Fratres
597 5227 865 5280 dicuntur
923 5228 975 5276 et
1031 5221 1320 5287 habentur,
1379 5222 1478 5291 qui
1546 5237 1717 5275 unum
1774 5222 1999 5275 Patrem

338 5302 510 5355 Deum
540 5301 904 5368 agnoverunt,
937 5294 1036 5364 qui
1063 5309 1232 5347 unum
1290 5293 1563 5363 Spiritum
1593 5292 1847 5346 biberunt
1875 5307 2000 5346 san-

339 5372 571 5429 ctitatis.
1718 5420 1723 5427 .

410 5443 518 5512 (70)
610 5432 943 5506 Ἀπόδειξις.
1016 5435 1189 5490 Forte
1274 5433 1657 5489 scribendum
1725 5426 1996 5556 ἀπόδεξις.

410 5530 483 5556 nm
519 5511 739 5556 Μῃονὶς
766 5515 853 5556 est
884 5512 1111 5556 amatos
1158 5502 1441 5556 παντελῶς
1484 5501 1871 5556 ἀποδέγεσθαι.
1939 5523 1996 5556 ο·-

339 5501 739 5570 Νίίῐηάῐιιοτὶε
766 5501 864 5564 est
884 5512 1111 5563 amatos
1158 5502 1441 5567 παντελῶς
1484 5501 1871 5578 ἀποδέχεσθαι,
1905 5501 1998 5556 δο-

338 5586 589 5658 κιμάζειν
621 5581 713 5636 καὶ
757 5583 1049 5646 συναινεῖν,
1098 5583 1176 5648 et,
1210 5584 1277 5634 ut
1332 5578 1622 5648 sequitur,
1659 5572 1997 5649 ’ἀρέσκεσθαι

337 5654 635 5801 τιῆᾒῗεῑῖιι
682 5722 769 5800 ἀγ.
817 5722 879 5779 Ἥ
933 5670 1117 5795 ’ἀγάπη
1178 5717 1561 5797 ἀνυπόκριτος.
1593 5719 2000 5793 Ἀποστυγοῢν-

2028 4868 2078 4930 ι)
2105 4881 2191 4924 τες
2219 4860 2283 4915 τὸ
2314 4854 2965 4934 πόνμηρὸνλκρλλιρμενοι
2992 4861 3074 4934 τῷ
3099 4857 3310 4933 ἀγαθῷ,
3351 4863 3520 4919 Rom.
3560 4880 3660 4931 xu,
3693 4867 3725 4918 9
3751 4882 3765 4919 :

2179 4937 2295 5002 (72)
2324 4926 2488 5002 Ἰδίαν
2508 4926 2570 5002 νζ.
2598 4927 2760 4986 Ἰδίαν
2782 4926 3126 5000 δικαιοσόνην
3147 4926 3210 4999 ’ζ.
3239 4926 3408 4989 Rom.

2180 4999 2294 5077 (73)
2324 4999 2454 5061 Οὐδ’
2486 5001 2560 5063 ὡς
2588 5019 2759 5077 προφ.
2812 5003 2933 5077 Hoc
2991 4999 3102 5077 est,
3160 5020 3287 5077 non
3342 5006 3569 5061 assensi
3619 5011 3769 5077 sunt

2107 5074 2454 5150 prophetico
2486 5091 2556 5150 ac
2586 5074 2836 5146 mystico
2896 5074 3042 5150 legis
3092 5076 3316 5143 sensui,
3348 5093 3466 5146 quo
3497 5075 3766 5150 Christus

2107 5145 2391 5204 venturus
2422 5145 2719 5201 indicatus
2749 5150 2839 5200 est
2857 5162 2870 5199 :
2893 5146 2994 5201 sed
3009 5145 3297 5202 duntaxat
3317 5145 3622 5202 externam
3637 5147 3766 5217 ejus

2108 5220 2388 5286 litteram,
2413 5218 2591 5289 idque
2614 5218 2828 5273 timore
2849 5217 3256 5289 potius,quam
3279 5219 3511 5273 sincero
3528 5219 3765 5287 atl‘ectu,

2108 5297 2209 5347 aut
2240 5290 2378 5357 fide,
2412 5289 2599 5344 secuti
2631 5293 2789 5344 sunt.

2180 5364 2294 5432 (74)
2327 5360 2490 5433 Ἐγώ.
2523 5360 2799 5415 Clemens
2824 5359 2889 5433 in
2947 5359 3062 5433 his,
3094 5363 3161 5433 ut
3200 5358 3395 5433 etiam
3426 5359 3489 5414 in
3510 5359 3602 5433 iis
3632 5375 3765 5429 quae

2110 5429 2363 5490 ex'Isaia
2392 5429 2745 5503 sequuntur,
2764 5429 3087 5485 recitandis
3107 5430 3433 5503 Epistolam
3452 5430 3763 5503 adRoma-

2110 5522 2221 5561 nos
2251 5499 2627 5576 potissimum
2681 5506 2927 5576 secutus
2950 5506 3064 5576 est.
3120 5499 3278 5576 Κξὶγῲ
3310 5518 3416 5572 pro
3448 5499 3578 5576 ἐγώ,
3610 5503 3767 5559 Deu-

2110 5584 2219 5633 ter.
2252 5570 2424 5641 Dein,
2459 5573 2658 5644 αὐτοὺς
2680 5573 2772 5628 bis
2800 5588 2908 5644 pro
2943 5570 3104 5644 ὑμᾶς,
3137 5570 3279 5644 ibid.

2181 5638 2607 5721 (75)_’_Ep.q.avi1q
2642 5641 2720 5721 ἐγ.
2760 5638 2945 5721 Ἑῖπα,
2971 5638 3151 5721 ξἸδού
3193 5641 3330 5715 εἰμι,
3388 5646 3468 5715 νῷ
3522 5639 3662 5708 ἔθνει
3712 5642 3768 5699 οίί

2110 5704 2210 5774 οὐκ
2236 5704 2494 5775 ἒκάλέσάν
2526 5704 2632 5791 μὀυ
2659 5704 2723 5771 τὸ
2751 5704 2949 5787 ύνομα,
2971 5714 3082 5769 Isa.
