4120 6398
288 359 397 420 983

1515 356 1930 413 CLEMENTIS
1964 356 2472 415 ALEXANDRINI

3615 350 3725 408 984

292 486 580 542 Αιηδυιαεε
623 485 683 538 in
716 484 810 538 eis.
840 485 959 550 Ego
988 481 1255 535 Dominus
1285 482 1425 535 Deus
1450 486 1647 535 vester.
1679 483 1751 534 Et
1778 498 1958 535 serra-

2092 500 2186 535 ιου
2251 484 2523 553 πιήσετε,
2578 482 2670 537 καὶ
2746 481 2816 537 τὰ
2878 477 3275 555 προστᾶγματά
3333 499 3439 552 μου
3492 476 3723 553 φυλάξε-

295 576 425 629 bitis
448 575 631 628 omnia
648 577 928 642 pracepta
957 585 1097 634 mea,
1122 575 1173 623 et
1197 571 1416 636 facietis
1454 586 1535 623 ea.
1602 571 1707 634 Qui
1762 572 1955 639 fecerit

298 680 362 719 ea
392 664 570 726 homo,
603 662 744 715 vivet
772 662 827 713 in
857 661 952 713 eis.
983 660 1093 726 Ego
1146 660 1414 712 Dominus
1462 660 1603 713 Deus
1647 664 1819 713 vester
1849 658 1951 729 (a).

301 754 507 807 Utrum
529 755 725 803 autem
758 747 964 801 mundi
999 752 1057 801 et
1086 746 1480 818 deceptionis,
1505 764 1581 801 an
1612 748 1795 803 animi
1820 764 1956 819 per-

300 839 705 895 turbationum
728 842 786 889 et
801 836 1078 890 vitiorum
1098 835 1220 889 sint
1243 835 1579 906 symbolum
1601 838 1878 908 .‘Egyptus
1899 841 1959 891 et

299 935 456 984 terra
485 927 788 988 Chanaan,
820 942 853 980 a
884 925 1105 996 quibus
1132 924 1558 979 abstinendum
1610 925 1705 989 sit,
1740 926 1958 997 quibus

298 1024 495 1074 autem
527 1016 706 1070 rebus
738 1012 937 1069 danda
966 1013 1043 1068 sit
1073 1028 1271 1085 Opera,
1320 1012 1480 1083 quod
1512 1014 1730 1068 divinis
1760 1015 1958 1085 potius

297 1122 477 1178 quam
532 1103 855 1159 mundanis
888 1148 903 1172 ,
950 1102 1124 1157 nobis
1155 1101 1421 1157 ostendit
1450 1103 1781 1158 oraculum.
1813 1104 1957 1157 Cum

296 1201 495 1251 autem
518 1193 663 1249 dicit
688 1210 699 1246 :
735 1195 841 1257 Qui
868 1193 1063 1261 fecerit
1092 1192 1275 1258 homo,
1299 1190 1446 1246 vivet
1476 1194 1533 1246 in
1565 1195 1640 1247 eis
1668 1209 1688 1247 :
1718 1198 1775 1247 et
1796 1193 1959 1264 ipso-

297 1300 431 1339 rum
480 1283 863 1338 Hebraaorum
919 1281 1381 1346 correctionem,
1440 1286 1498 1335 et
1550 1282 1959 1352 proximorum

296 1378 639 1428 nostrorum
655 1370 1141 1427 exercitationem
1162 1376 1222 1424 et
1242 1369 1598 1441 profectum,
1616 1371 1960 1442 *ipsorum

296 1464 475 1518 vitam
534 1461 680 1516 dicit
715 1466 774 1515 et
806 1466 1090 1515 nostram.
1146 1462 1251 1525 Qui
1282 1461 1427 1514 enim
1457 1465 1584 1514 sunt
1614 1465 1820 1515 mortui
1866 1461 1961 1515 de-

303 1551 470 1618 lictis,
501 1554 900 1619 conviﬁcantur
930 1548 1144 1603 Christo
1176 1549 1251 1620 (b)
1282 1592 1296 1615 ,
1338 1566 1446 1620 per
1476 1555 1750 1604 nostrum
1781 1554 1963 1605 testa-

304 1646 593 1695 mentum.
650 1639 815 1710 Saape
865 1643 1064 1693 autem
1096 1643 1376 1708 repetens
1429 1637 1733 1709 Scriptura
1762 1637 1910 1693 illud
1946 1655 1959 1694 :

306 1732 421 1799 Ego
451 1731 715 1784 Dominus
745 1729 884 1781 Deus
926 1732 1122 1795 vester,
1182 1725 1409 1797 pudore
1464 1726 1781 1782 afficiendo
1830 1727 1966 1799 pul-

307 1818 600 1873 cherrime
632 1819 926 1883 hortatur,
958 1814 1183 1869 docens
1211 1815 1379 1885 sequi
1415 1815 1619 1882 Deum,
1649 1816 1751 1887 qui
1801 1817 1966 1871 dedit

306 1914 624 1979 praecepta.
645 1905 982 1972 Quinetiam
1007 1904 1181 1958 tacite
1201 1909 1563 1969 commonet,
1591 1905 1776 1960 Deum
1800 1923 1961 1976 quae-

304 2013 436 2052 rere
467 2038 483 2064 ,
517 2001 575 2049 et
606 2040 621 2063 ,
656 1993 853 2065 quoad
885 1993 1015 2048 fieri
1044 1998 1241 2064 potest
1274 2035 1287 2060 ,
1323 1994 1526 2048 conari
1559 2010 1957 2067 cognoscere;

307 2102 440 2156 quas
471 2084 714 2156 quidem
771 2083 952 2137 fuerit
1010 2082 1270 2137 maxima
1314 2083 1760 2154 contemplatio,
1795 2101 1963 2140 sacra

306 2174 592 2246 mysteria
614 2171 965 2243 inspiciens,
998 2187 1132 2226 vere
1167 2171 1437 2239 scientia,
1462 2179 1623 2227 certa
1656 2178 1715 2226 et
1746 2173 1961 2229 immu-

307 2262 508 2317 tabilis
538 2261 767 2318 ratione
799 2261 974 2316 facta.
999 2261 1132 2315 Huac
1160 2259 1286 2315 sola
1309 2266 1399 2315 est
1430 2261 1737 2332 sapientia:
1760 2263 1965 2333 cogni-

312 2352 415 2418 tio,
450 2367 485 2406 a
513 2366 632 2422 qua
661 2366 972 2420 nunquam
1006 2353 1317 2419 separatur
1339 2348 1505 2420 justa
1533 2349 1819 2420 operatio.

2064 1377 2181 1433 τοῖς
2215 1414 2229 1440 ,
2287 1374 2388 1443 τήν
2456 1394 2513 1428 τε
2573 1367 2841 1447 Ἐϐραίων
2903 1371 3078 1427 αὐτῶν
3137 1369 3507 1444 ἐπανόρθωσιν
3542 1415 3557 1438 ,

2065 580 2176 633 σθε·
2236 571 2531 645 πορεύεσθε
2562 570 2614 626 ἐν
2645 569 2847 635 αὐτοῖς·
2911 568 3021 646 ἐγὼ
3082 569 3278 645 Κύριος
3308 567 3489 630 ὁΘεὸς
3546 566 3723 638 ὑμῶν·

2064 658 2154 713 καὶ
2214 657 2511 734 φυλάξεσθε
2569 660 2744 715 πάντα
2799 661 2866 714 τά
2917 656 3312 734 προστάγματά
3392 678 3499 729 μου
3560 659 3673 730 (95)
3709 698 3723 723 ,

2064 748 2154 801 καὶ
2246 752 2507 820 ποιήσετε
2599 748 2754 804 αύτά⁶
2842 749 2903 805 Ὀ
2970 749 3208 818 ποιήσας
3299 744 3434 800 αύτά
3516 747 3729 820 ἄνθρω-

2065 858 2172 899 πος
2231 842 2365 911 (96),
2423 840 2641 908 ζήσεται
2701 837 2754 893 ἐν
2812 836 3019 899 αὐτοῖς.
3082 836 3205 913 Ιοίγὼ
3263 834 3466 909 Κύριος
3516 836 3544 890 ὁ
3595 835 3726 898 Θεὸς

2070 926 2246 999 ὑμῶν.
2284 924 2394 983 Εἶτ’
2427 925 2520 983 οὖν
2574 927 2787 1001 κόσμου
2838 926 2931 982 καὶ
2979 926 3213 995 ἀπάτης,
3253 921 3363 980 εἷ’τε
3409 922 3593 979 παθῶν
3637 925 3727 980 καὶ

2065 1020 2268 1070 κακιῶν
2303 1020 2414 1088 (97)
2449 1011 2731 1089 σύμϐολον
2793 1014 3068 1090 Αἴγυπτος
3110 1013 3200 1068 καὶ
3230 1015 3265 1082 ἡ
3298 1014 3586 1077 Χανανῖτις
3629 1018 3725 1087 γῆ,

2066 1105 2142 1159 ὧν
2185 1105 2278 1177 μὲν
2339 1105 2623 1182 ἀφεκτέον,
2686 1106 2851 1159 ὁποῖα
2903 1101 2962 1159 δὲ
3019 1101 3424 1172 ἐπιτηδευτέον,
3478 1102 3553 1164 ὡς
3610 1104 3729 1157 θεῖα

2064 1193 2157 1249 καὶ
2214 1192 2276 1249 ού
2331 1194 2593 1267 κοσμικά,
2655 1192 2921 1249 δείκνυσιν
2980 1194 3117 1265 ἡμῖν
3168 1192 3232 1248 τὸ
3290 1191 3506 1266 λόγιον.
3558 1192 3727 1249 ’Όταν

2070 1281 2129 1339 δὶ
2184 1281 2352 1355 εἷ’πῃ,
2409 1284 2467 1337 Ὀ
2521 1286 2759 1353 ποιήσας
2835 1284 3123 1357 ἅνθρωπος
3158 1325 3174 1352 ,
3235 1283 3456 1351 ζήσεται
3514 1281 3565 1335 ἐν
3626 1281 3729 1336 αὖ·

3625 1372 3728 1439 τὴν

2067 1481 2127 1515 τε
2154 1464 2262 1515 τῶν
2304 1459 2475 1525 πὲλας
2515 1465 2627 1534 (98)
2685 1463 2846 1534 ἡμῶν
2909 1460 3086 1515 αὐτῶν
3147 1458 3477 1528 συνάσκησιν
3524 1480 3582 1514 τε
3640 1458 3733 1514 καὶ

2071 1551 2357 1626 προκοπὴν
2423 1551 2569 1620 ζωήν
2630 1548 2777 1625 λέγει
2833 1549 3014 1604 αὐτῶν
3062 1569 3122 1604 τε
3163 1547 3252 1603 καὶ
3312 1549 3498 1618 ἡμῶν.
3529 1547 3597 1605 Οἱ
3628 1547 3732 1623 γὰρ

2068 1638 2251 1714 νεκροὶ
2336 1645 2455 1703 τοῖς
2539 1639 2947 1716 παραπτώμασι
3044 1641 3510 1707 συζωοποιοῦνται
3596 1641 3735 1713 Χρι-

2072 1733 2204 1801 στῷ,
2240 1725 2329 1783 διὰ
2355 1735 2457 1799 τῆς
2502 1730 2773 1803 ἡμετερας
2826 1728 3125 1798 Διαθήκης.
3189 1723 3468 1788 Πολλάκις
3503 1723 3561 1781 δὲ
3591 1725 3734 1781 ἐπα·
3770 1736 3786 1750 ⁵

2075 1812 2498 1890 ναλαμϐἀνουσα
2541 1820 2576 1888 ἡ
2640 1819 2851 1896 Γραφὴ,
2908 1818 2995 1884 τὸ,
3044 1817 3191 1891 Ἐγὼ
3252 1815 3452 1891 Κύριος
3513 1816 3542 1870 ὁ
3599 1815 3734 1879 Θεὸς

2076 1908 2253 1980 ὑμῶν,
2293 1904 2538 1962 δυσωπεῖ
2597 1907 2691 1980 μὶν
2754 1906 3256 1981 διατρεπτικώτατα
3304 1901 3525 1968 ἕπεσθαι
3579 1901 3737 1960 διδά-

2071 2016 2273 2051 σκουσα
2302 2001 2382 2068 τῷ
2410 1996 2505 2058 τάς
2546 1994 2773 2058 ἐντολὰς
2807 1992 3069 2050 δεδωκότι
3124 1998 3263 2067 Θεῷ,
3321 1994 3734 2067 ὑπομιμνήσκει

2074 2083 2130 2140 δὲ
2158 2084 2340 2161 ἠμέρα
2368 2091 2545 2156 ζητεῖν
2576 2086 2669 2140 τὸν
2705 2086 2857 2157 Θεὸν,
2916 2085 3007 2139 καὶ
3068 2083 3142 2148 ὡς
3192 2083 3303 2137 οἶόν
3359 2104 3418 2138 τε
3449 2082 3738 2156 γινώσκειν

2074 2176 2397 2252 ἐπιχειρεῖν·
2457 2178 2581 2245 ἣτις
2640 2176 2700 2230 ἃν
2758 2174 2842 2246 εἴη
2877 2173 3077 2249 θεωρία
3130 2174 3381 2249 μεγίστη,
3433 2175 3469 2244 ἡ
3510 2171 3740 2229 ἐποπτι-

2072 2266 2197 2335 κήν,
2230 2268 2265 2334 ἡ
2296 2270 2375 2338 τῷ
2399 2261 2514 2320 ὄντι
2547 2264 2831 2338 ἐπιστήμη
2884 2268 3017 2335 (99),
3048 2266 3083 2334 ἡ
3117 2264 3529 2336 ἀμετάπτωτως
3576 2262 3745 2338 λόγῳ

2076 2355 2361 2428 γινομένη·
2404 2351 2540 2425 αὕτη
2601 2352 2662 2408 ἃν
2722 2351 2807 2425 εἴη
2871 2354 3013 2426 μόνη
3045 2355 3215 2423 ἡτῆς
3266 2351 3456 2431 σοφίας
3513 2356 3744 2429 γνῶσις.

2076 2442 2142 2513 ἧς
2177 2441 2437 2498 οὐδέποτε
2466 2442 2762 2519 χωρίζεται
2793 2445 2828 2513 ἡ
2866 2441 3274 2518 δικαιοπραγία.

1846 2559 2079 2615 CAPUT
2117 2562 2212 2616 XI.

963 2648 1347 2717 Cognitionem
1376 2647 1532 2701 illam
1562 2664 1685 2718 qua:
1710 2664 1815 2717 per
1841 2649 2001 2716 ﬁdem
2021 2617 2273 2706 traditur
2301 2668 2410 2707 esse
2438 2654 2681 2707 omnium
2723 2653 3099 2707 certissimam.

391 2749 503 2806 Sed
535 2763 743 2803 eorum
771 2747 1036 2818 quidem,
1063 2746 1165 2816 qui
1188 2763 1251 2801 se
1283 2747 1583 2817 sapientes
1610 2746 1976 2816 existimant,

319 2842 440 2898 sive
473 2839 592 2895 sint
620 2835 887 2891 barbaras
907 2836 1189 2903 haereses,
1212 2835 1330 2890 sive
1355 2837 1689 2890 Graacorum
1714 2835 1980 2907 philoso—

316 2931 442 3003 phi,
476 2931 634 2997 inﬂat
655 2926 887 2981 scientia
913 2926 1002 2993 (c),
1029 2941 1101 2979 ex
1126 2924 1423 2979 sententia
1445 2924 1733 2996 Apostoli.
1760 2923 1979 2978 Fidelis

319 3025 410 3075 est
437 3023 637 3073 autem
668 3014 947 3087 cognitio,
981 3031 1113 3084 quae
1164 3013 1344 3068 fuerit
1374 3013 1704 3068 scientiﬁca
1730 3013 1979 3069 demon-

321 3107 528 3164 stratio
560 3121 767 3160 eorum
790 3120 922 3174 qum
945 3103 1262 3158 traduntur
1307 3103 1368 3158 in
1395 3119 1530 3158 vera
1576 3103 1975 3175 philosophia.

2156 2746 2321 2805 Ἀλλ’
2369 2751 2404 2819 ἢ
2442 2749 2535 2822 μὲν
2594 2753 2702 2804 τῶν
2759 2744 3129 2827 οίησισόφων,
3185 2748 3294 2803 εἴτε
3351 2746 3585 2822 αἱρέσεις
3643 2748 3749 2803 εἶεν

2092 2833 2357 2914 βάρϐαροι
2407 2839 2514 2895 εἴτε
2572 2840 2623 2893 οἱ
2682 2839 2811 2913 παρ’
2864 2836 3085 2909 Ελλησι
3142 2837 3485 2916 φιλόσοφοι,
3547 2841 3756 2914 γνῶσις

2088 2933 2275 3005 φυσιοῖ
2324 2930 2461 2983 κατά
2513 2929 2604 2983 τὸν
2665 2926 3028 2983 Ἀπόστολον·
3088 2929 3256 2996 πιστή
3319 2924 3378 2983 δὲ
3432 2930 3467 2996 ἡ
3522 2931 3745 3001 γνῶσις,

2086 3018 2203 3086 ἣτις
2250 3015 2308 3072 ἃν
2368 3016 2453 3088 εἴη
2507 3016 2904 3090 ἐπιστημονική
2964 3014 3237 3087 ἀπόδειξις
3294 3019 3405 3071 τῶν
3453 3016 3590 3071 κατᾶ
3645 3018 3753 3085 τὴν

2089 3105 2274 3176 ἀληθῆ
2334 3106 2661 3184 φιλοσοφίαν
2721 3103 3179 3182 παραδιδομένων
3240 3107 3511 3181 φήσαιμεν
3573 3101 3631 3160 δὲ
3684 3103 3748 3160 ἃν

322 3194 655 3254 Dixerimus
688 3197 887 3247 autem
919 3206 1048 3246 eam
1098 3207 1229 3246 esse
1278 3193 1595 3260 rationem,
1629 3208 1744 3263 que
1779 3191 1872 3257 iis,
1908 3190 1976 3246 de

2092 3194 2261 3264 αὐτὴν
2319 3193 2489 3269 λόγον
2548 3193 2684 3250 εἷ’ναι
2737 3200 2855 3257 τοῖς
2913 3189 3462 3273 ἀμφισϐητουμένοις
3529 3192 3588 3249 ἐκ
3644 3198 3755 3248 τῶν

325 3284 541 3358 quibus
574 3281 897 3347 dubitatur,
932 3296 1002 3334 ex
1033 3280 1127 3349 iis,
1163 3298 1294 3352 qua)
1348 3285 1490 3335 sunt
1537 3286 1699 3335 certa
1729 3286 1786 3335 et
1817 3286 1983 3335 extra

326 3372 813 3437 controversiam,
838 3369 1019 3425 ﬁdem
1051 3369 1211 3424 facit.
1245 3370 1394 3424 Cum
1425 3369 1504 3424 sit
1532 3374 1733 3425 autem
1762 3369 1983 3441 duplex

330 3465 499 3532 ﬁdes,
524 3478 645 3517 una
666 3459 910 3532 quidem
936 3474 1069 3530 quas
1101 3463 1191 3512 est
1212 3474 1347 3513 cum
1381 3458 1634 3513 scientia
1663 3458 1985 3529 conjuncta

329 3554 517 3609 altera
546 3567 681 3605 vero
714 3565 845 3619 quas
876 3563 1012 3602 cum
1044 3547 1325 3618 opinione
1362 3563 1374 3600 :
1416 3546 1570 3601 nihil
1617 3546 1832 3613 obstat,
1866 3563 1982 3617 quo

326 3645 527 3700 minus
585 3637 806 3710 duplex
863 3636 1208 3691 nominetur
1239 3650 1477 3706 quoque
1530 3633 1982 3703 demonstratio,

326 3748 448 3787 una
479 3728 817 3794 scientiam,
840 3725 1030 3781 altera
1059 3724 1404 3795 opinionem
1434 3740 1688 3795 parens:
1723 3724 1987 3794 quando-

330 3818 575 3891 quidem
623 3815 881 3887 cognitio
913 3829 1170 3884 quoque,
1232 3818 1293 3867 et
1344 3813 1723 3885 praacognitio
1767 3812 1986 3884 duplex

325 3908 584 3964 dicitur:
645 3920 766 3960 una
822 3902 1065 3974 quidem
1122 3907 1398 3958 accurata
1427 3907 1485 3957 et
1515 3908 1741 3967 exacta,
1798 3901 1985 3957 altera

325 4013 461 4052 vero
496 3993 864 4066 imperfecta.
899 3991 1195 4062 Numquid
1224 3996 1424 4046 autem
1457 4008 1528 4046 ea
1553 3990 1699 4060 sola,
1734 4007 1865 4063 quae
1897 3995 1990 4046 est

327 4084 484 4158 apud
516 4101 649 4151 nos,
672 4098 809 4137 vera
828 4080 1010 4137 fuerit
1040 4080 1495 4147 demonstratio,
1520 4085 1587 4135 ut
1603 4096 1735 4152 qua;
1760 4097 1828 4135 ex
1848 4078 1989 4133 divi-

328 4176 423 4231 nis
445 4173 857 4246 suppeditetur
878 4169 1217 4242 Scripturis,
1237 4187 1369 4241 qum
1392 4174 1535 4224 sunt
1560 4185 1742 4225 sacras
1774 4169 1987 4224 littera:

332 4270 391 4320 et
421 4281 491 4319 ex
523 4279 613 4330 ea,
644 4277 773 4333 qum
800 4277 835 4316 a
870 4265 980 4316 Deo
1013 4261 1256 4328 docetur,
1282 4258 1567 4329 sapientia
1621 4259 1728 4329 (ἀ),
1785 4264 1853 4313 ut
1908 4259 1992 4313 ait

334 4354 693 4427 Apostolus?
713 4355 816 4409 Est
834 4353 1013 4425 igitur
1034 4350 1305 4407 doctrina
1322 4351 1595 4421 quasdam
1609 4366 1819 4423 parere
1840 4366 1989 4421 pra:-

333 4446 543 4516 ceptis,
564 4443 725 4515 quod
749 4447 838 4498 est
868 4443 986 4496 Deo
1015 4440 1259 4497 credere
1284 4457 1298 4507 ;
1328 4446 1386 4494 et
1416 4439 1566 4495 ﬁdes
1597 4445 1689 4495 est
1716 4438 1991 4510 quaedam

335 4534 438 4590 Dei
470 4531 759 4604 potentia,
783 4548 919 4587 cum
942 4531 1019 4585 sit
1051 4530 1137 4585 vis
1166 4528 1451 4586 veritatis.
1485 4529 1646 4584 Dixit
1672 4526 1989 4583 nimirum:

336 4624 399 4678 Si
436 4597 682 4677 habeatis
709 4621 872 4693 fidem
902 4627 964 4675 ut
993 4636 1231 4690 granum
1259 4621 1492 4690 sinapis,
1525 4625 1764 4673 montem
1810 4624 1976 4672 trans-

2100 4597 2320 4665 πέύεται
2345 4650 2359 4675 ,
2417 4603 2634 4679 προσλα

2093 3283 2560 3360 ὁμολογουμένων
2638 3283 2999 3360 ἐκπορίζοντα
3069 3284 3167 3353 τὴν
3221 3283 3401 3339 πίστιν
3438 3329 3451 3341 .
3512 3282 3755 3346 Πίστεως

2093 3368 2141 3427 δ’
2197 3369 2359 3438 οῧσης
2419 3369 2645 3441 διττῆς,
2701 3377 2800 3440 τῆς
2860 3372 2956 3444 μὲν
3018 3370 3477 3443 ἐπιστημονικῆς,
3530 3378 3632 3441 τῆς
3693 3369 3754 3425 δὲ

2095 3459 2435 3534 δοξαστικῆς,
2470 3460 2623 3524 οὐθὲν
2655 3458 2861 3515 κωλύει
2906 3456 3180 3531 ἀπόδειξιν
3210 3459 3498 3533 ὀνομάζειν
3535 3456 3750 3530 διττὴν,

2090 3552 2189 3620 τὴν
2223 3550 2316 3623 μὲν
2345 3549 2804 3623 ἐπιετημονικήν,
2842 3551 2944 3619 τὴν
2990 3550 3054 3625 γὶ
3096 3547 3437 3620 δοξαστικήν·
3491 3549 3607 3605 ἐπεὶ
3662 3551 3757 3605 καὶ

2093 3643 2129 3712 ἡ
2162 3645 2363 3715 γνῶσις
2393 3640 2480 3695 καὶ
2511 3642 2546 3709 ἡ
2578 3640 2886 3715 πρόγνωσις
2918 3636 3072 3709 διττῆ
3125 3637 3365 3715 λέγεται,
3398 3641 3432 3709 ἡ
3467 3639 3560 3711 μὶν
3607 3639 3754 3710 ἀπη-

2093 3723 2445 3806 κριϐωμένην
2495 3724 2701 3803 ἔχουσα
2753 3729 2853 3797 τήν
2904 3729 3102 3798 ἑαυτῆς
3151 3726 3332 3804 φύσιν,
3364 3730 3399 3798 ἡ
3433 3724 3491 3783 δὲ
3520 3725 3753 3798 ἐλλιπῆ.

2098 3822 2201 3879 Καὶ
2236 3823 2367 3894 μήτι
2397 3822 2435 3889 ἡ
2457 3819 2587 3894 παρ’
2614 3820 2752 3891 ἡμῖν
2798 3815 3072 3890 ἀπόδειξις
3132 3817 3273 3892 μόνη
3307 3817 3367 3873 ἃν
3400 3818 3483 3888 εἴη
3513 3818 3755 3888 ἀληθής,

2098 3910 2190 3967 ἂτε
2244 3909 2304 3965 ἐκ
2358 3907 2517 3964 θείων
2597 3907 2994 3983 χορηγουμένη
3078 3912 3307 3985 Γραφῶν
3342 3954 3356 3974 ,
3428 3912 3535 3962 τῶν
3589 3908 3752 3979 ἰερῶν

2097 4000 2440 4078 γραμμάτων
2477 4040 2491 4063 ,
2552 3996 2642 4052 καὶ
2712 4003 2813 4066 τῆς
2892 3992 3243 4060 Θεοδιδάκτου
3302 3995 3533 4071 σοφίας,
3616 3997 3755 4051 κατά

2096 4092 2188 4147 τὸν
2223 4086 2560 4147 Ἀπόστολον
2588 4106 2601 4156 ;
2634 4086 2887 4155 Μάθησις
2918 4089 3052 4161 γοῦν
3100 4086 3192 4141 καὶ
3221 4087 3283 4141 τὸ
3312 4086 3589 4150 πείθεσθαι
3634 4090 3758 4148 ταῖς

2097 4176 2366 4249 ἐντολαῖς,
2412 4178 2442 4231 ὅ
2500 4175 2611 4231 ἐστι
2669 4174 2941 4230 πιστεύειν
2992 4179 3073 4247 τῷ
3127 4179 3269 4244 Θεῷ.
3321 4174 3422 4229 Καὶ
3476 4177 3511 4244 ἡ
3571 4176 3757 4237 πίστις

2101 4267 2330 4342 δύναμίς
2361 4286 2444 4328 τις
2472 4262 2568 4320 τοῦ
2608 4268 2766 4332 Θεοῦ,
2798 4263 2959 4339 ἰσχὺς
3002 4263 3133 4318 οὖσα
3160 4270 3262 4332 τῆς
3310 4261 3589 4333 ἀληθείας.
3642 4264 3759 4321 Αύ-

2099 4358 2225 4413 τίκα
2310 4353 2473 4434 φησίν
2507 4372 2519 4383 ·
2581 4352 2703 4409 Ἐὰν
2762 4351 2932 4428 ἔχητε
3000 4351 3184 4407 πίστιν
3243 4352 3320 4414 ὡς
3376 4373 3544 4407 κοκκν
3603 4355 3759 4408 σινά-

2100 4468 2270 4514 πεως,
2334 4446 2695 4519 μεταστήσετε
2751 4444 2828 4516 (1)
2884 4442 2948 4497 τὸ
3001 4439 3146 4509 ὅρος·
3208 4440 3301 4496 καὶ
3360 4443 3548 4508 πάΑιν,
3605 4444 3760 4499 Κατά

2100 4538 2200 4606 τὴν
2262 4534 2441 4590 πίστιν
2492 4553 2587 4587 σου
2638 4532 2936 4660 ἔενηθήτω
2987 4548 3092 4585 σοι·
3151 4531 3242 4586 καὶ
3275 4532 3302 4587 ὁ
3339 4531 3433 4626 μὲν
3464 4534 3540 4603 (2)
3598 4532 3759 4607 θερα-

2100 4608 2359 4660 πεύεται.
2417 4603 2634 4660 ποοσλα
2676 4604 2751 4658 ὼν
2814 4625 2884 4660 τη
2942 4603 3121 4658 πίστει
3180 4604 3282 4660 τὴν
3344 4621 3500 4658 ιασιν·
3534 4604 3562 4657 ὁ
3596 4601 3759 4660 Etim

2676 4604 2751 4658 ὼν
2814 4606 2884 4677 τῇ
2942 4603 3121 4658 πίστει
3180 4604 3282 4672 τήν
3341 4601 3500 4658 ἴασιν·
3534 4604 3562 4657 ὁ
3596 4601 3762 4677 δὲ’(θ)

406 4738 470 4802 ›ι‹
499 4740 561 4792 Ρ.
594 4739 700 4791 454
728 4738 838 4791 ΕΙ).
881 4737 1176 4802 ΡΟΤΤΕΒ,
1246 4736 1344 4790 381
1382 4736 1493 4789 ΕΙ).
1550 4734 1778 4789 PARIS.
1830 4733 1909 4805 (a)
1942 4732 1976 4785 L

2092 4746 2118 4783 ι.
2179 4741 2336 4794 xvm,
2396 4726 2446 4789 1,
2504 4724 2558 4789 2,
2620 4722 2675 4790 3,
2729 4722 2786 4789 4,
2844 4723 2898 4775 5.
2959 4719 3096 4792 (ὸ)Ι
3153 4720 3283 4775 Cor.
3343 4736 3462 4786 vui,
3519 4724 3569 4775 1.
3629 4721 3767 4793 (d)l

337 4810 540 4865 Thess.
567 4825 638 4875 iv,
671 4812 723 4863 9.

413 4925 523 4995 (95)
557 4923 700 4995 Μου.
722 4921 836 4995 ΔΚαὶ
864 4920 932 4995 τα
960 4919 1199 4995 κρίματά
1226 4939 1352 4995 -μου
1409 4919 1575 4974 addit
1632 4918 1800 4974 Philo
1831 4934 1845 4975 :
1906 4914 1997 4971 καὶ

339 4991 516 5051 πάντα
547 4993 613 5048 τὰ
640 4992 913 5120 κόρίσματά
947 4991 1074 5064 μου,
1108 4991 1287 5046 Levit.

414 5070 523 5120 (96)
556 5071 655 5120 ’Ἂν
700 5084 901 5120 ρωπος.
960 5064 1139 5118 Abest
1163 5079 1197 5117 a
1226 5064 1287 5117 Pl

414 5070 523 5140 (96)
556 5057 919 5140 ’Ἄνθρωποςι-
947 5057 1139 5118 Ἀῢεει
1163 5079 1197 5117 a
1226 5063 1494 5140 Philone.
1546 5057 1999 5140 Mo_x_post_0a6¢

346 5132 524 5211 ὖμίῶν,
547 5132 768 5211 repetit
792 5136 983 5211 Philo,
1005 5140 1316 5211 errore,ut
1344 5135 1593 5211 videtur,
1626 5132 1879 5211 librarii,
1903 5150 1995 5211 και

343 5201 642 5297 φυλάξεσθέ
680 5207 852 5263 πάντα
908 5205 975 5260 τὰ
1030 5201 1427 5280 προστάγματά
1460 5224 1587 5277 μου,
1644 5201 1734 5256 καὶ
1786 5202 1853 5255 τὸ.
1876 5201 1997 5277 κρί-

390 5302 491 5336 ατα
525 5300 652 5336 μου.

345 5302 491 5355 ματα
525 5302 652 5352 μου.

391 5356 525 5425 ,(97)
557 5355 747 5425 Παθῷν
768 5349 871 5425 ,καὶ
900 5351 1151 5425 κιπικιόῡν.Δ
1172 5349 1364 5425 Philo,
1423 5347 1553 5401 loco
1592 5346 1749 5425 justi.
1774 5346 1942 5425 ‘dieto
1978 5360 1993 5400 :

343 5409 557 5482 Εἶδὲναι
583 5409 845 5496 χρήλᾷτι
875 5425 1062 5496 παθῶν
1100 5419 1194 5496 μεν
1238 5409 1512 5496 Αἴγυπτος
1546 5409 1826 5496 σύμϐολον
1860 5414 1994 5483 ἐστι,

343 5441 557 5482 Εῐόεναι
592 5441 607 5453 ‘
637 5441 727 5496 ρη,
762 5441 845 5476 οτι
875 5441 1062 5484 παυων
1100 5441 1194 5493 μεν
1238 5441 1512 5493 Αιγυπτος
1546 5441 1826 5487 aulam)on
1860 5441 1994 5483 εστι,

340 5500 547 5551 κακιῶν
579 5441 637 5550 έὲ
670 5496 704 5563 ἡ
738 5493 1051 5549 Χαναναίων
1102 5494 1198 5565 γῆ,
1260 5490 1578 5550 Sciendum,
1639 5490 1869 5565 affectus
1894 5504 1997 5557 per

345 5572 642 5637 dim/ptum
679 5559 1004 5637 signiﬁcari,
1032 5559 1194 5637 eilia
1236 5579 1341 5637 per
1393 5568 1596 5615 terram
1646 5559 1992 5614 Chananwm.

349 5632 504 5695 Mdi:
529 5642 618 5690 νῦν
648 5632 750 5708 μὲν
776 5632 913 5708 ἀφεκ
942 5680 958 5704 ,
990 5632 1458 5708 aliqui_r_nalunt.

420 5710 530 5779 (98)
558 5700 672 5777 Τήν
698 5728 758 5762 τι
784 5700 893 5762 τῶν
942 5700 1135 5767 πέλας.
1192 5705 1309 5760 Hoc
1360 5707 1470 5771 est,
1519 5705 1805 5757 nostram.
1851 5700 1995 5755 Nam

2109 4931 2233 4980 eos,
2265 4911 2364 4981 qui
2386 4924 2565 4981 prope
2614 4913 2762 4978 sunt,
2814 4907 3043 4962 scilicet
3082 4907 3485 4981 Christianos,
3519 4910 3769 4981 opponit

2105 4979 2224 5045 τοῖς
2248 4979 2488 5072 μακρὰν,
2517 4982 2740 5041 ρωῑενίε,
2773 4982 2873 5050 qui
2894 4979 3093 5050 procul
3124 4987 3271 5036 sunt.
3316 4980 3530 5052 Ephes.
3559 4979 3625 5048 ii,
3661 4983 3762 5036 13:

2106 5058 2216 5105 Νῦν
2245 5054 2301 5105 οὲ
2335 5050 2387 5105 ἐν
2416 5053 2635 5105 Χοιστῶ
2692 5051 2875 5105 Ἰησοῦ
2930 5049 3109 5105 ὑμεῖς.
3170 5050 3223 5103 οἱ
3271 5051 3403 5105 ποτὶ
3452 5049 3600 5105 ὅντες
3657 5072 3762 5105 μα-

2106 5058 2216 5111 Νὖν
2245 5050 2301 5108 δὲ
2335 5050 2387 5105 ἐν
2416 5053 2635 5123 Χριστῷ
2692 5051 2875 5119 Ἰησοῦ
2930 5050 3109 5121 ὑμεῖς,
3170 5050 3223 5103 οἱ
3271 5050 3403 5105 ποτὶ
3452 5050 3600 5111 ὅντες
3657 5072 3765 5124 μα·-

2105 5127 2274 5204 κράν,
2302 5120 2465 5204 ἐγγὺς
2494 5119 2781 5204 ἐγενήθητε
2811 5119 2863 5204 ἒν
2893 5120 2972 5191 τῷ
2994 5118 3184 5204 αἵματι
3214 5125 3312 5204 τού
3343 5123 3598 5204 Χριστοξ.
3630 5195 3656 5204 Α
3715 5196 3726 5204 _

2178 5199 2284 5268 (99)
2317 5193 2656 5268 ’Eitzeriﬁuq,
2689 5193 2855 5249 Conf.
2900 5211 3061 5268 quae
3090 5193 3163 5268 de
3221 5194 3485 5268 scientia:
3544 5195 3763 5250 deﬁni-

2106 5265 2273 5327 tione
2300 5266 2571 5339 superius
2602 5265 2761 5339 dicta
2782 5270 2921 5320 sunt
2949 5281 3004 5339 p_.
3040 5266 3144 5319 362
3175 5266 3314 5339 edit.
3358 5268 3543 5323 Paris.

2208 5345 2252 5413 t)
2286 5336 2683 5413 Meéxejnﬁcszs.
2718 5338 2844 5413 Non
2884 5336 3079 5403 verba,
3132 5337 3237 5392 sed
3284 5355 3523 5413 sensum
3551 5339 3768 5413 “Evan-

2178 5346 2252 5469 si)
2286 5346 2683 5406 Μεταστήσετε.
2718 5346 2844 5392 Non
2884 5346 3079 5403 verba,
3132 5346 3237 5392 sed
3284 5355 3523 5393 sensum
3578 5346 3687 5392 Eva

2105 5432 2173 5488 ge
2206 5416 2398 5490 iurum
2425 5410 2546 5490 hic,
2578 5416 2636 5464 et
2651 5408 2716 5490 in
2748 5408 2844 5490 iis,
2879 5424 3010 5477 quas
3045 5408 3688 5490 sequuntur,_exhibet_.

2177 5488 2254 5555 (2)
2288 5482 2384 5537 Καὶ
2418 5481 2445 5535 ὁ
2482 5480 2600 5552 μὶν.
2651 5479 2964 5551 Respicere
3014 5477 3246 5535 videtur
3288 5482 3489 5536 Matth.
3538 5497 3617 5549 ix,
3666 5483 3759 5549 22,

2105 5558 2194 5612 vel
2229 5555 2364 5612 Luc.
2397 5569 2555 5618 xvm,
2580 5555 2667 5606 42.

2178 5631 2255 5701 (3)
2283 5630 2344 5683 Ὀ
2376 5622 2454 5681 δέ.
2488 5623 2689 5679 Matth.
2723 5637 2803 5691 ix,
2835 5620 2926 5677 vel
2954 5622 3121 5677 Joan.
3157 5639 3237 5695 χι,
3280 5625 3367 5678 49.
