4120 6404
354 375 457 431 991

1591 380 2003 436 CLEHENTIB
2038 381 2540 437 ALBXANDRINI

3667 383 3779 439 992

352 501 424 555 Et
453 517 658 556 rursus
690 500 1010 575 diligimus,
1045 501 1129 556 sic
1161 517 1223 556 se
1266 502 1570 573 prmterita
1616 501 1834 558 habere
1885 503 1994 558 fide

2115 501 2203 570 αὗ,
2238 501 2415 564 οὕτως
2473 497 2624 577 ἔχειν
2680 500 2749 556 τὰ
2802 501 3206 578 παρῳχηκότα,
3263 498 3443 558 πίστει
3478 507 3784 579 πεπεισμέ-

353 591 642 661 persuasi,
678 591 893 657 futura,
929 606 1030 661 spe
1064 596 1497 662 exspectantes.
1533 592 1811 647 Gnostico
1844 592 2005 648 enim

353 681 415 735 in
443 681 720 735 omnibus
752 680 922 735 adest
950 681 1208 737 dilectio.
1246 687 1312 736 ut
1341 683 1441 754 qui
1467 700 1651 737 unum
1682 684 1866 738 Deum
1890 684 2007 738 sci-

350 770 535 824 verit:
570 770 637 824 Et
670 786 787 825 ecce
816 773 1024 839 omnia,
1068 788 1410 842 quaecunque
1461 780 1537 827 est
1585 773 2002 841 architectatus,

350 858 677 914 erantvalde
690 860 830 913 bona
848 858 945 931 (a),
967 864 1027 914 et
1044 861 1224 931 novit,
1243 867 1301 917 et
1318 859 1665 917 admiratur.
1687 862 1882 917 Pietas
1899 878 2002 917 au-

350 952 470 1003 tem
512 947 717 1020 adjicit
763 949 893 1003 vitaa
938 949 1396 1022 longitudinem,
1447 957 1506 1007 et
1543 951 1721 1006 timor
1769 951 2004 1006 Domini

349 1037 555 1109 adjicit
592 1037 740 1093 dies.
774 1038 1285 1103 Quemadmodum
1339 1056 1474 1113 ergo
1525 1039 1653 1095 dies
1698 1046 1837 1095 sunt
1866 1057 2003 1112 pars

348 1127 501 1194 vitm,
534 1144 665 1198 quas
698 1127 760 1182 in
801 1144 1119 1201 progressu
1150 1134 1276 1195 est;
1328 1130 1411 1184 ita
1459 1130 1638 1185 etiam
1691 1130 1868 1184 timor
1912 1134 2004 1186 est

346 1216 707 1288 principium
736 1216 1092 1286 dilectionis,
1146 1219 1247 1289 qui
1301 1219 1367 1273 ﬁt
1413 1236 1520 1291 per
1561 1218 1999 1275 incrementum

347 1305 516 1373 fides,
550 1306 765 1362 deinde
793 1306 1053 1362 dilectio.
1081 1308 1192 1363 Sed
1214 1324 1335 1364 non
1356 1308 1509 1364 sicut
1525 1309 1713 1364 feram
1737 1316 1795 1365 et
1820 1309 1999 1365 timeo

348 1400 407 1449 et
422 1395 540 1463 odi,
569 1396 650 1451 ita
668 1396 847 1453 etiam
866 1403 1097 1468 patrem
1113 1414 1336 1457 vereor.
1352 1415 1530 1470 quem
1558 1400 1734 1454 timeo
1762 1405 1820 1454 et
1840 1416 1996 1455 amo.

347 1486 570 1540 Rursus
605 1485 820 1541 timens
852 1503 926 1541 ne
958 1488 1229 1561 castiger,
1266 1489 1561 1560 meipsum
1593 1488 1796 1562 diligo,
1832 1490 1997 1545 timo-

345 1590 472 1629 rem
514 1574 758 1647 eligens.
793 1576 901 1641 Qui
931 1575 1100 1631 timet
1120 1576 1423 1632 offendere
1455 1584 1708 1649 patrem,
1733 1578 1997 1650 seipsum

348 1662 559 1736 diligit.
594 1664 808 1719 Beatus
822 1680 980 1737 ergo,
1001 1665 1102 1735 qui
1124 1664 1424 1721 invenitur
1441 1666 1656 1730 ﬁdelis,
1675 1665 1998 1722 dilectione

346 1759 407 1807 et
427 1753 638 1808 timore
661 1758 1164 1824 contemperatus.
1189 1753 1360 1810 Fides
1386 1762 1586 1811 autem
1607 1761 1699 1811 est
1718 1756 1900 1810 virtus
1923 1756 1995 1811 ad

2118 612 2226 662 νοι,
2255 591 2322 646 ca
2351 588 2630 665 μέλλοντα
2683 587 2866 646 ἐλπίδι
2921 587 3377 665 ἀπεκδεχόμενοι.
3414 593 3511 648 Διά
3564 595 3782 650 πάντων

2112 680 2215 756 γὰρ
2274 683 2310 751 ἡ
2370 680 2556 757 ἀγάπη
2617 685 2698 753 τῷ
2747 678 3033 756 γνωστικῷ
3086 682 3440 758 πεφοίτηκεν,
3499 682 3594 738 ’ὲνα
3652 687 3784 741 Θεὸν

2116 765 2307 825 εἶδότι’
2366 770 2467 826 Καὶ
2527 766 2646 824 ἰδοὺ
2704 774 2816 843 (26)
2876 770 3050 824 παντά
3085 814 3100 840 ,
3154 771 3254 824 ὅσα
3311 767 3784 849 δεδημιούργηκε,

2116 857 2236 914 λίαν
2297 857 2458 915 >αλά’
2521 855 2664 914 οἶδέν
2724 880 2783 914 τε
2850 859 2941 914 καί
3000 857 3284 933 θαυμάζει·
3339 856 3627 917 Θεοσέϐεια
3666 866 3783 935 (27)

2115 944 2173 1002 δὶ
2199 947 2526 1023 προστίθησι
2552 955 2730 1021 μῆκος
2792 947 2937 1024 βίου,
2987 948 3077 1004 καὶ
3115 942 3285 1026 φόϐος
3316 950 3521 1025 Κυρίου
3551 952 3780 1025 προστί-

2113 1038 2270 1108 θησιν
2299 1036 2532 1114 ἡμέρας.
2564 1038 2653 1101 Ὠς
2681 1038 2772 1093 οὖν
2805 1037 2861 1093 αἱ
2910 1037 3118 1111 ἡμέραι
3155 1036 3346 1113 μόριον
3384 1038 3505 1114 βίου
3533 1044 3632 1094 τοῦ
3662 1042 3781 1096 κατ’

2113 1121 2460 1190 ἒπανάϐασιν,
2510 1126 2653 1182 οὕτω
2702 1127 2792 1183 καὶ
2854 1127 2881 1182 ὁ
2936 1122 3109 1205 φόϐος
3169 1134 3271 1197 τῆς
3322 1127 3541 1203 ἀγάπης
3603 1129 3782 1206 ἀρχὴν

2111 1215 2247 1271 κατίὶ
2275 1215 2609 1291 παραύξησιν
2643 1216 2829 1278 πίστις
2860 1216 3175 1291 γινόμενος,
3226 1215 3342 1271 εἶτα
3379 1216 3586 1293 ἀγάπη.
3621 1216 3785 1274 Ἀλλ’

2111 1305 2222 1381 οὐχ
2252 1306 2326 1367 ὡς
2358 1308 2471 1377 (28)
2508 1300 2787 1384 φοϐοῦμαι
2848 1306 2911 1360 τὸ
2971 1305 3188 1381 θηρίον,
3243 1306 3333 1361 καὶ
3394 1311 3561 1380 μισῶ,
3595 1305 3784 1363 διττοῦ

2106 1393 2478 1470 τυγχάνοντος
2510 1399 2607 1450 τοῦ
2646 1390 2848 1474 ιρόϐου,
2882 1396 2957 1457 ὡς
2993 1395 3051 1450 δὲ
3106 1395 3197 1451 καὶ
3246 1395 3340 1450 τὸν
3365 1398 3570 1467 πατέρα
3603 1394 3777 1469 δέδια,

2107 1478 2471 1562 ὃνφοϐοῦμαι
2504 1484 2618 1558 ἅμα
2672 1483 2762 1540 καὶ
2813 1484 3025 1560 ἀγαπῶ·
3081 1481 3248 1538 πάλιν
3289 1479 3634 1562 φοϐούμενος
3698 1489 3777 1560 μή

2106 1572 2386 1643 κολασθῶ,
2428 1573 2662 1648 ἐμαυτὸν
2724 1574 2941 1651 ἀγαπῶ,
2994 1571 3321 1647 αἱρούμενος
3367 1575 3459 1629 τὸν
3495 1570 3688 1649 φόϐον·
3751 1575 3781 1630 ὁ

2107 1658 2450 1739 φοϐούμενος
2482 1666 2796 1739 προσκόψαι
2826 1668 2906 1735 τῷ
2962 1662 3125 1737 πατρῖ
3178 1663 3363 1738 ἀγαπᾷ
3393 1664 3606 1720 ἑαυτόν.
3659 1671 3781 1719 Ma-

2105 1754 2295 1828 κάριος
2326 1752 2417 1808 οῦν
2451 1752 2508 1815 ὅς
2538 1753 2730 1816 πιστὸς
2761 1755 2990 1830 γίνεται,
3033 1753 3217 1829 ἀγάπῃ
3248 1753 3338 1808 καὶ
3393 1749 3548 1832 φόϐῳ
3577 1775 3769 1829 κεκρα-

346 1842 622 1907 salutem,
654 1848 714 1897 et
747 1844 1016 1914 potentia
1044 1844 1117 1898 ad
1167 1844 1344 1899 vitam
1388 1850 1695 1901 aeternam.
1749 1848 1993 1913 Rursus,

2112 1843 2292 1914 μένος·
2324 1842 2506 1906 πίστις
2538 1840 2594 1897 δὲ
2625 1841 2787 1919 ἰσχὺς
2819 1842 2896 1906 εἷς
2930 1841 3207 1918 σωτηρίαν
3264 1842 3354 1897 καὶ
3417 1840 3648 1916 δύναμις
3698 1842 3780 1908 εἷς

344 1932 659 2003 prephetia
688 1937 745 1987 et
775 1933 1158 2004 prmcognitio
1183 1951 1197 2000 ;
1239 1934 1494 2007 cognitio
1525 1940 1723 1989 autem
1751 1940 1842 1990 est
1862 1951 1998 2007 pro-

345 2021 563 2094 phetim
580 2020 976 2093 intelligentia
1000 2039 1015 2087 ;
1039 2027 1097 2077 et
1112 2021 1290 2077 veluti
1313 2023 1569 2095 cognitio
1586 2023 1849 2094 illorum,
1866 2042 1997 2095 qua)

346 2110 468 2165 illis
489 2109 653 2182 prius
676 2109 838 2166 fuere
863 2111 1115 2183 cognita,
1142 2127 1176 2166 a
1192 2111 1465 2179 Domino,
1485 2112 1585 2183 qui
1610 2113 1813 2168 omnia
1833 2114 1999 2185 prius

346 2198 707 2253 manifestat.
725 2198 990 2271 Cognitio
1009 2215 1146 2271 ergo
1165 2215 1394 2264 eorum,
1416 2217 1547 2270 qum
1564 2200 1847 2272 prmdicta
1864 2206 2003 2256 sunt

348 2287 645 2360 triplicem
659 2287 921 2342 ostendit
937 2293 1210 2343 eventum
1236 2306 1250 2357 ;
1271 2295 1373 2344 aut
1391 2305 1552 2357 eum,
1571 2290 1671 2361 qui
1692 2290 1800 2344 iuit
1818 2290 1957 2344 olim
1983 2307 1997 2356 ;

347 2382 450 2433 aut
479 2393 639 2442 eum,
662 2377 906 2449 quijam
930 2382 1021 2431 est
1045 2394 1313 2450 prmsens
1338 2384 1474 2444 ;aut
1496 2395 1652 2446 eum,
1677 2379 1776 2449 qui
1798 2386 1887 2435 est
1908 2378 1997 2433 fu-

343 2472 532 2522 turus.
568 2466 793 2523 Deinde
825 2472 1087 2522 extrema
1127 2467 1369 2539 quidem
1401 2466 1508 2523 sub
1542 2468 1721 2524 fidem
1753 2468 1996 2536 cadunt,

342 2560 470 2611 tum
497 2571 726 2621 eorum,
760 2572 892 2626 quas
924 2562 1065 2611 sunt
1089 2555 1391 2627 perfecta;
1446 2563 1572 2612 tum
1603 2573 1835 2625 eorum,
1866 2573 1997 2629 qua)

344 2649 662 2717 sperantur
684 2661 698 2699 :
714 2644 788 2699 ad
801 2644 1218 2701 confirmanda
1230 2653 1293 2717 ἰ(
1307 2651 1505 2701 autem
1519 2646 1693 2702 ambo
1709 2652 1998 2717 extrema,

343 2734 517 2790 affert
532 2735 983 2806 persuasionem
1002 2751 1267 2806 praesens
1287 2736 1572 2807 operatio.
1597 2736 1655 2791 Si
1676 2736 1839 2792 enim
1861 2754 1996 2792 cum

346 2840 467 2879 una
496 2824 575 2879 sit
600 2824 932 2895 prophetia,
952 2824 1081 2896 ejus
1103 2824 1345 2895 quidem
1366 2842 1489 2881 una
1516 2843 1653 2897 pars
1662 2827 1790 2896 jam
1814 2827 2000 2897 perfl-

344 2914 519 2980 citur,
537 2913 727 2969 altera
741 2929 881 2969 vero
900 2930 1037 2984 pars
1056 2919 1146 2968 est
1161 2914 1408 2986 impleta
1429 2933 1444 2981 ;
1465 2915 1606 2971 hinc
1626 2916 1692 2970 {it
1711 2915 1996 2971 credibile

349 3009 408 3058 et
430 3003 512 3068 id,
548 3002 706 3075 quod
738 3010 1049 3075 speratur;
1081 3010 1141 3059 et
1178 3004 1259 3073 id,
1300 3005 1458 3076 quod
1488 3006 1793 3077 praeteriit.
1828 3007 1998 3062 Prius

352 3094 513 3149 enim
531 3100 658 3149 erat
672 3110 958 3166 praesens,
978 3094 1194 3150 deinde
1211 3112 1322 3150 nos
1340 3094 1656 3168 praeteriit:
1676 3096 1822 3151 adeo
1840 3101 1907 3151 ut
1921 3095 1999 3151 sit

348 3183 526 3239 etiam
554 3184 701 3239 ﬁdes
722 3185 1180 3256 praeteritorum,
1199 3186 1483 3257 praeteriti
1504 3186 1991 3258 comprehensio;

347 3279 407 3329 et
432 3290 566 3346 spes
597 3273 837 3345 quidem
868 3274 1085 3347 futura,
1136 3275 1593 3347 comprehensio
1624 3275 1710 3331 rei
1755 3275 1990 3334 futura).

346 3362 737 3418 Assensiones
754 3369 974 3431 autem,
998 3380 1119 3419 non
1138 3364 1331 3419 solum
1351 3364 1662 3433 Platonici,
1688 3364 1793 3419 sed
1810 3364 1992 3420 etiam

345 3453 544 3515 Stoici.
579 3453 789 3510 dicunt
815 3470 945 3510 esse
975 3455 1038 3510 in
1063 3459 1269 3511 nostra
1282 3460 1592 3527 potestate.
1628 3455 1832 3510 Omnis
1854 3471 1991 3528 ergo

344 3542 565 3613 opinio,
599 3548 657 3597 et
678 3542 997 3615 judicium,
1031 3548 1090 3599 et
1119 3544 1499 3611 existimatio,
1546 3549 1606 3598 et
1653 3544 1989 3615 disciplina,

345 3630 561 3700 quibus
588 3648 824 3703 semper
852 3632 1121 3701 vivimus,
1155 3639 1213 3688 et
1245 3649 1548 3688 versamur
1569 3649 1705 3689 cum
1728 3633 1990 3688 humano

343 3734 581 3792 genere,
616 3712 1021 3776 est'assensio.
1061 3722 1143 3776 Ea
1186 3726 1382 3777 autem
1415 3720 1567 3776 nihil
1596 3720 1777 3776 fuerit
1805 3722 1990 3790 aliud,

344 3824 523 3879 quam
556 3808 723 3863 ﬁdes.
746 3811 818 3864 Et
846 3809 1234 3865 incredulitas
1255 3827 1363 3865 seu
1380 3809 1727 3879 inﬁdelitas,
1752 3828 1883 3881 quas
1903 3817 1994 3867 est

344 3895 482 3951 fidei
502 3897 882 3970 interemptio
902 3904 1003 3953 aut
1022 3898 1366 3966 destructio,
1386 3899 1647 3955 ostendit
1666 3916 1841 3972 posse
1860 3915 1991 3955 esse

342 3986 770 4055 assensionem,
806 3993 909 4043 aut
943 3988 1120 4043 {idem
1145 4005 1159 4055 ;
1195 3988 1325 4060 ejus
1349 3990 1532 4055 enim,
1556 4006 1689 4060 quas
1712 4006 1842 4044 esse
1867 4006 1987 4045 non

341 4077 620 4145 potuerit,
670 4093 792 4132 non
840 4076 1023 4133 fuerit
1074 4077 1343 4150 privatio.
1393 4079 1463 4132 Et
1506 4078 1554 4132 si
1602 4078 1737 4149 quis
1786 4095 1989 4134 verum

339 4165 696 4235 consideret,
729 4168 989 4224 inveniet
1015 4168 1324 4223 hominem
1356 4167 1597 4239 quidem
1633 4174 1847 4224 natura
1875 4169 1988 4225 cir-

337 4260 718 4312 cumventum
750 4257 824 4312 ad
852 4256 1237 4330 prasbendam
1256 4256 1405 4313 falso
1428 4258 1839 4313 assensionem
1861 4275 1874 4326 ;
1899 4263 1989 4314 ta-

2110 1933 2255 2001 ζωὴν
2290 1931 2532 1989 αἰώνιον.
2570 1931 2742 1988 Πάλιν
2773 1934 2808 2001 ἡ
2870 1932 3197 2009 προφητεία,
3252 1931 3565 2008 πρόγνωσίς
3610 1931 3778 1988 ἐστιν’

2108 2024 2143 2091 ἠ
2213 2018 2272 2076 δέ
2317 2026 2519 2098 γνῶσις
2586 2021 2926 2101 προφητείας
2984 2021 3196 2092 νόησις,
3250 2023 3367 2077 οἷον
3421 2025 3623 2096 γνῶσις
3665 2027 3777 2077 τῶν

2109 2110 2340 2174 ἐκείνοις
2396 2113 2867 2188 προεγνωσμένων
2925 2112 3029 2167 ὑπὸ
3086 2116 3183 2167 τοῦ
3258 2110 3659 2190 προφαίνοντος
3709 2112 3780 2167 τὰ

2109 2203 2284 2256 πάντα
2310 2201 2539 2276 Κυρίου.
2573 2202 2635 2258 Ἠ
2667 2202 2851 2256 τοίνυν
2908 2205 3108 2278 γνῶσις
3165 2206 3273 2256 τῶν
3335 2199 3777 2278 προαγορευθέν-

2105 2313 2215 2346 των
2274 2293 2497 2367 τριττήν
2554 2288 2881 2346 ἐνδείκνυται
2935 2291 3036 2360 τὴν
3090 2286 3333 2363 ἔκϐασιν,
3399 2292 3435 2359 ἢ
3489 2296 3779 2367 γεγονυῖαν

2108 2378 2303 2449 παλαι,
2336 2377 2373 2450 ἤ
2404 2378 2750 2451 ἐνεστηκυῖαν
2782 2378 2917 2451 ἤδη,
2950 2380 2987 2451 ἢ
3020 2378 3231 2435 ἔσεσθαι
3287 2378 3621 2453 μέλλουσαν.
3650 2381 3775 2436 Εἶθ’

2108 2471 2164 2525 αἱ
2198 2470 2292 2543 μὶν
2323 2469 2619 2546 ἀκρότητες
2672 2472 2782 2543 (29)
2819 2470 3246 2526 ὑποπεπτώκασι
3307 2469 3506 2537 πίστει,
3538 2471 3575 2541 ἢ
3616 2468 3773 2525 τελε-

2107 2560 2339 2615 σθέντων
2371 2558 2406 2628 ἢ
2438 2556 2836 2632 ἐλπιζομένων·
2869 2561 3043 2623 πειθὼ
3091 2555 3149 2613 δὲ
3194 2558 3424 2635 παρέχει
3482 2560 3517 2629 ἡ
3551 2557 3775 2628 ἐνεστη-

2106 2653 2234 2703 κυῖα
2261 2645 2507 2724 ἐνέργεια
2536 2647 2674 2722 πρὸς
2700 2649 2801 2718 τήν
2828 2642 3120 2723 βεϐαίωσιν
3154 2648 3362 2721 ἀμφοῖν
3401 2653 3522 2703 τοῖν
3554 2648 3769 2719 ἄκροιν.

2107 2737 2173 2795 Ei
2193 2738 2319 2814 γὰρ,
2352 2742 2483 2809 μιᾶς
2513 2734 2683 2807 οὔσης
2711 2742 2814 2807 τῆς
2866 2736 3224 2813 προφητείας,
3260 2738 3324 2793 τὸ
3376 2737 3472 2810 μὶν
3505 2734 3616 2807 ἤδη
3677 2758 3770 2792 τεο

2108 2827 2307 2896 λεῖται,
2353 2826 2417 2880 τὸ
2474 2823 2533 2881 δὶ
2586 2824 2973 2900 πεπλήρωται,
3032 2826 3224 2881 πιστὸν
3284 2824 3523 2881 ἐντεῦθεν
3554 2824 3649 2881 καὶ
3705 2825 3771 2881 τὸ

2107 2915 2469 2990 ἐλπιζόμενον
2499 2915 2591 2971 καὶ
2620 2916 2683 2971 τὸ
2711 2916 3052 2991 παρῳχηκὸς
3085 2916 3307 2986 ἀληθές.
3362 2915 3636 2990 Πρότερον
3663 2914 3770 2991 γὰρ

2107 3005 2336 3069 ἐνεστὼς
2362 3006 2451 3074 ἦν,
2485 3005 2597 3059 εἶτα
2624 3006 2762 3077 ἡμῖν
2794 3005 3152 3080 παρῴχηκεν,
3208 3004 3284 3067 ὡς
3340 3004 3473 3059 εἶναι
3524 3003 3615 3059 καὶ
3667 3004 3771 3070 τήν

2106 3100 2214 3151 τῶν
2262 3092 2684 3171 παρῳχηκότων
2742 3095 2925 3149 πίστιν
2982 3091 3292 3167 κατάληψιν
3338 3093 3768 3169 παρῳχηκότος,

2107 3185 2196 3239 καὶ
2254 3183 2352 3253 τὴν
2417 3183 2513 3257 μὶν
2560 3181 2826 3256 ἐσομένην
2879 3179 3081 3238 ἐλπίδα
3136 3182 3444 3256 κατάληψιν
3504 3181 3771 3254 ἐσομένου

2025 3245 2069 3313 C
2107 3245 2446 3348 πράγματος.
2503 3273 2609 3334 Τὰς
2658 3245 2722 3328 δὲ
2770 3245 3183 3347 συγκαταθέσεις
3214 3245 3425 3345 (30)ᾟύ
3488 3245 3655 3346 μόνον
3715 3272 3769 3325 οἱ

2104 3364 2211 3419 ἀπὸ
2240 3362 2559 3433 Πλάτωνος,
2586 3360 2735 3418 ἀλλά
2756 3361 2848 3417 καὶ
2901 3362 2952 3416 οἱ
3000 3361 3108 3417 ἀπὸ
3146 3368 3249 3432 τῆς
3280 3367 3478 3429 Στοᾶς,
3513 3360 3593 3436 ἐφ’
3622 3362 3766 3433 ἡμῖν

2104 3454 2239 3508 εἶναι
2270 3450 2537 3529 λέγουσιν.
2572 3456 2724 3507 Πᾶσα
2781 3450 2874 3506 οῦν
2903 3448 3053 3523 δόξα,
3083 3450 3173 3507 καὶ
3222 3450 3423 3527 κρίσις,
3479 3450 3570 3505 καὶ
3629 3449 3765 3505 ὑπό-

2102 3543 2291 3617 ληψις.
2322 3540 2413 3596 καὶ
2451 3541 2707 3614 μάθησις,
2742 3541 2819 3601 οἷς
2854 3544 3032 3614 ζῶμεν
3058 3541 3152 3595 καὶ
3205 3538 3463 3613 σύνεσμεν
3522 3538 3626 3594 αἰεὶ
3683 3543 3767 3611 τῷ

2100 3633 2244 3708 γένει
2294 3634 2401 3686 τῶν
2460 3629 2785 3706 ἀνθρώπων,
2841 3629 3222 3706 συγκατάθεσίς
3251 3627 3416 3684 ἐστιν·
3447 3631 3482 3699 ἡ
3510 3625 3559 3683 δ’
3604 3625 3764 3684 οὐδὲν

2101 3718 2243 3777 ἄλλο
2274 3721 2310 3791 ἢ
2341 3719 2525 3781 πίστις
2552 3716 2636 3788 εἷή
2669 3716 2751 3773 ἂν·
2784 3718 2821 3787 ἢ
2876 3738 2937 3773 τι
2967 3718 3211 3787 ἀπιστία,
3244 3717 3612 3779 ἀποσύστασις
3643 3719 3763 3790 (31)

2100 3809 2235 3866 οῦσα
2261 3815 2364 3879 τῆς
2422 3808 2681 3876 πίστεως,
2728 3805 2961 3876 δυνατήν
3007 3804 3243 3863 δείκνυσι
3271 3808 3372 3876 τήν
3434 3806 3761 3881 συγκατάθεο

2100 3897 2185 3954 σίν
2204 3919 2263 3953 τε
2290 3898 2383 3953 καὶ
2413 3896 2612 3952 πίστιν·
2647 3895 2947 3971 ἀνυπαρξία
2975 3896 3083 3972 γὰρ
3113 3896 3365 3973 στέρησις
3420 3895 3520 3951 οὐκ
3540 3892 3599 3950 ἄν
3660 3893 3760 3950 λε-

2099 3989 2286 4066 χθείη.
2319 3984 2424 4042 Κᾶν
2454 4007 2539 4048 τις
2568 3985 2807 4056 tamet;
2866 3989 3067 4060 σκοπῇ,
3100 3985 3320 4059 εὑρήσει
3357 3985 3450 4040 τὸν
3470 3983 3757 4062 ἄνθρωπον

2099 4077 2251 4156 φύσει
2283 4070 2720 4148 διαϐεϐλημένον
2756 4074 2852 4149 μὶν
2912 4076 3050 4151 πρὸς
3074 4076 3175 4142 τήν
3218 4078 3316 4131 τοῦ
3363 4071 3596 4149 ψεύδους
3626 4096 3760 4150 συγ-

2095 4165 2402 4234 κατάθεσιν,
2433 4158 2635 4239 ἔχοντα
2666 4160 2724 4220 δὶ
2754 4164 3007 4240 ἀφορμὰς
3062 4163 3198 4239 πρὸς
3235 4163 3417 4219 πίστιν
3457 4161 3762 4233 τάληθοῦς.

2098 4280 2128 4308 ‹‹
2158 4257 2224 4313 Ἥ
2251 4253 2435 4309 τοίνυν
2469 4256 2581 4328 (32)
2625 4252 2929 4309 συνέχουσα
2984 4254 3084 4322 τὴν
3126 4250 3461 4324 Ἐκκλησίαν
3494 4254 3628 4326 (33),
3684 4252 3761 4316 ὠς

405 4378 490 4443 'X‘.
525 4382 588 4437 P.
617 4383 721 4437 458
752 4383 863 4437 ED.
898 4384 1191 4450 POTTER,
1224 4383 1466 4437 384-385
1492 4383 1604 4438 ED.
1639 4384 1867 4439 PARIS.
1897 4383 1973 4455 (a)
2004 4386 2147 4440 Gen.
2179 4401 2217 4453 ι,
2250 4384 2338 4438 31.

409 4510 520 4596 (26)
541 4507 659 4596 ’Καί
690 4505 765 4566 ῑδ.
806 4511 1085 4596 "Respicit
1144 4512 1372 4596 Genes.‘
1404 4530 1440 4596 ι,
1476 4510 1605 4596 315‘
1628 4507 1724 4596 1ξαῖ
1766 4505 1902 4563 εἶδεν
1961 4509 1990 4563 ὁ
2022 4515 2068 4579 D

336 4578 466 4640 Θεὸς
496 4578 564 4634 τὰ
583 4580 779 4650 πάντα,
802 4581 900 4634 ὅσα
922 4578 1165 4650 ἆποίησει
1198 4582 1288 4635 καὶ
1321 4579 1441 4637 ἰδοὺ
1470 4578 1614 4634 καλά
1644 4578 1790 4635 λίαν.

407 4654 517 4721 (27)
543 4647 852 4726 _6e_o_c_é6eia.
878 4647 1141 4726 Respicit
1170 4654 1342 4710 Prov.
1375 4672 1458 4725 ιιι,
1491 4656 1545 4718 2,
1579 4656 1665 4708 16.

406 4726 520 4799 (28)
543 4722 701 4779 Ἀλλ’
730 4725 843 4799 οὐχ
871 4727 945 4787 ὡς
1122 4726 1307 4799 ῌωολ
1336 4722 1552 4799 quibus
1602 4726 1733 4799 jam
1765 4741 1986 4799 sensus

336 4794 780 4867 haud'constat,
806 4794 1263 4867 levimutatione
1285 4794 1568 4867 factatsic
1600 4794 1779 4853 scribi
1809 4801 1869 4852 et
1887 4811 1987 4867 ex-

333 4867 543 4947 plicari
565 4864 860 4947 poterunt
893 4888 904 4923 :
937 4865 1094 4947 Ἀλλ’
1126 4866 1236 4941 οὐχ
1264 4864 1653 4947 ὡςῌφοϐεῦμαι
1683 4866 1744 4947 τὸ
1797 4866 1989 4947 ρηρίον

331 4932 424 5018 ειξιὶ
458 4932 622 5018 μισιῖι·
666 4937 848 5018 δειῑοῦ
877 4932 1250 5018 amatore?
1272 4932 1394 5018 vi?
1417 4932 1612 5018 φάδοὲν
1638 4939 1745 5018 ,ὡς
1783 4932 1983 5018 Fige?

332 5009 425 5089 τὸν
457 5007 664 5089 πατέρα
695 5008 864 5080 δέδια,
898 5007 1279 5089 ξόνὶᾗοϐοῦμαι
1319 5007 1453 5089 ἅμαἈ
1488 5009 1579 5089 καί
1626 5007 1983 5089 ἀγαπῶεἽΠά-

336 5079 445 5149 λιν,
478 5079 818 5156 φοϐούμενος
846 5079 1228 5156 μήᾼκόλασθῶ,
1262 5079 1494 5155 ἐμαυτὸν
1546 5079 1763 5156 ἀγαπῶ,
1799 5081 1987 5156 αἱρού-

337 5149 500 5232 μενος
528 5155 618 5232 τὸν
652 5149 903 5232 ᾡόϐονδό
926 5151 982 5232 δε
1014 5149 1359 5232 φοϐούμενος
1388 5149 1720 5232 ,προσκόψαι
1753 5149 1984 5232 ’τῷπαχ

331 5225 420 5300 τρὶ
453 5226 635 5300 ἀγαπᾷ
660 5225 841 5281 αὐτόν.
871 5229 977 5283 Sed
1029 5225 1139 5283 non
1170 5225 1311 5282 sicut
1367 5225 1546 5296 feram
1604 5228 1763 5280 timeo
1812 5233 1863 5281 et
1892 5228 1988 5281 odi

336 5296 479 5367 (cum
500 5296 714 5370 'duplex
741 5303 813 5355 sit
841 5302 1042 5369 timor),
1075 5302 1152 5354 sic
1202 5306 1422 5368 patrem
1463 5303 1664 5363 metuo,
1715 5313 1875 5366 quem
1896 5315 1984 5351 ve-

333 5386 459 5425 reor
505 5371 670 5426 simul
725 5389 788 5427 ac
846 5371 1038 5441 diligo.
1073 5373 1298 5435 Rursus,
1363 5370 1559 5441 timens
1613 5384 1682 5422 ne
1729 5372 1981 5437 castiger,

333 5443 600 5511 meipsum
629 5442 826 5511 diligo,
858 5440 1105 5497 timorem
1154 5442 1406 5511 eligens;
1460 5440 1558 5507 qui
1598 5455 1724 5493 vero
1766 5448 1986 5509 patrem

335 5509 614 5580 oﬂ‘endere
648 5509 823 5578 tim—et,
858 5514 1015 5567 illum
1044 5513 1252 5581 diligit.
1288 5509 1425 5564 Vult
1452 5511 1611 5564 enim
1643 5516 1849 5565 auctor
1879 5511 1987 5565 du-

334 5583 554 5651 plicem
585 5601 714 5639 esse
746 5586 1022 5640 timorem
1058 5601 1070 5637 :
1104 5582 1383 5647 alterum,
1434 5597 1570 5635 cum
1618 5581 1769 5651 ejus,
1827 5582 1987 5651 quod

337 5652 603 5724 timetur,
635 5655 810 5723 odio;
844 5655 1122 5723 alterum,
1145 5668 1280 5709 cum
1307 5651 1578 5724 ejusdem
1608 5667 1809 5708 amore
1840 5669 1983 5707 con-

329 5722 630 5792 junctum.

2174 4512 2290 4581 (29)
2318 4507 2675 4581 Ἀκρότητες.
2710 4508 2830 4564 Hoc
2862 4513 2970 4575 est,
3004 4508 3307 4581 praeterita
3334 4524 3403 4564 ac
3426 4506 3759 4579 futura,in-

2100 4579 2191 4638 ter
2220 4599 2352 4652 quae
2382 4579 2581 4637 media
2608 4584 2750 4652 sunt
2778 4579 3117 4652 praesentia.

2172 4650 2911 4726 (30)Zuyx_ata0£_guc.__Sic
2959 4650 3251 4726 vocabant
3304 4650 3760 4726 deliberatasas-

2094 4721 2367 4780 sensiOnes
2391 4721 2411 4778 ε’
2436 4724 2508 4779 de
2526 4724 2743 4795 quibus
2773 4722 3014 4795 elegans
3036 4728 3128 4777 est
3154 4723 3322 4778 locus
3352 4725 3419 4777 Α.
3455 4722 3625 4778 Gellii
3648 4721 3757 4777 lib.

2094 4813 2214 4862 nx,
2246 4813 2374 4862 cap.
2405 4799 2456 4853 1.

2165 4813 2724 4939 ἴ3ὅᾶ⁹ιχπ1όσύστασιφ
2761 4865 3097 4939 Legendum
3153 4862 3468 4926 ἀπόστασις.
3530 4865 3753 4921 Lowrn.

2092 4970 2163 4980 —
2195 4940 2318 5003 Qua
2348 4955 2487 5009 voce
2518 4937 2675 4994 infra
2704 4937 2863 4993 usus?
2879 4943 2969 4992 est
2998 4941 3207 4992 auctor
3228 4955 3283 5009 p.
3319 4938 3441 4992 386.

2169 5012 2277 5081 (32)
2308 5010 2369 5064 'H
2401 5008 2598 5065 τοίνυν.
2634 5011 2768 5065 Haac
2795 5015 3117 5064 occurrunt
3166 5008 3245 5063 ini
3282 5009 3510 5064 Hermm
3533 5011 3748 5081 Pastor.

2096 5080 2201 5136 lib.
2228 5098 2272 5145 ι,
2301 5081 2407 5136 vis.
2443 5084 2494 5146 3,
2523 5080 2819 5154 principio
2851 5098 2899 5135 c.
2936 5083 2967 5134 8
3000 5097 3013 5134 :
3064 5082 3377 5154 Respiciens
3407 5098 3513 5145 me,
3570 5080 3750 5154 subri-

2094 5156 2184 5216 sit,
2219 5160 2269 5207 et
2297 5156 2377 5207 ait
2404 5152 2585 5208 mihi:
2622 5152 2788 5208 Vides
2818 5158 3019 5222 septem
3048 5153 3303 5207 mulieres
3332 5153 3481 5207 circa
3512 5153 3710 5206 turrim
3730 5154 3760 5204 Ρ

2102 5225 2297 5287 Video.
2328 5226 2576 5295 inquam.
2605 5226 2841 5278 domina.
2910 5225 3097 5277 Turris
3146 5224 3280 5287 haec,
3333 5225 3536 5294 inquit.
3570 5223 3637 5276 ab
3686 5225 3756 5276 iis

2094 5302 2459 5366 supportatur
2489 5295 2785 5352 secundum
2801 5301 3139 5365 praeceptum
3166 5296 3386 5349 Domini
3408 5313 3428 5358 ;
3454 5295 3591 5349 audi
3609 5310 3757 5348 nunc

2095 5370 2320 5438 effectus
2352 5384 2543 5422 earum
2574 5385 2592 5422 :
2615 5369 2802 5421 Prima
2833 5383 3044 5438 earum,
3102 5381 3231 5436 quae
3276 5369 3519 5421 continet
3560 5382 3754 5433 manu,

2095 5436 2254 5494 Fides
2274 5446 2503 5494 vocatur
2534 5457 2552 5492 :
2567 5455 2671 5509 per
2699 5438 2840 5492 hanc
2870 5436 3011 5491 salvi
3051 5440 3192 5505 ﬁunt
3249 5438 3408 5492 electi
3455 5438 3567 5493 Dei.
3622 5438 3758 5493 Alia

3606 5525 3753 5575 vero,

2168 5582 2277 5648 (33)
2337 5581 2454 5648 Τήν
2515 5577 2864 5647 Ἐκκλησίαν.
2923 5580 3044 5634 Hoc
3101 5579 3270 5636 abest
3310 5578 3383 5635 ab
3442 5578 3753 5635 hodierno.

2095 5653 2333 5720 Henna,
2364 5658 2423 5725 et
2446 5651 2964 5725 interpretamenti
3019 5650 3150 5707 loco
3182 5669 3217 5706 a
3269 5650 3574 5707 Clemente
3599 5652 3759 5724 adje-

2094 5729 2255 5779 ctum
2283 5723 2539 5779 videtur.
