4120 6386
348 411 459 467 993

1704 414 2147 471 ΒΤΒΟΜΔἸὌΜ
2183 416 2321 470 LIB.
2361 418 2443 470 ll.

3675 419 3785 475 994

349 532 513 610 φησὶν
543 533 572 588 ὁ
603 535 847 606 Ποιμήν,
874 532 1043 611 ἀφετὴ
1075 534 1112 603 ἠ
1139 532 1320 596 πίστις
1367 534 1505 604 ἐστὶ,
1536 532 1606 589 δι’
1634 533 1703 604 ἧς
1742 535 2009 604 σώζονται

2126 553 2266 592 nem
2298 536 2639 592 occasiones
2668 536 2906 603 habere,
2933 554 3065 609 qua)
3097 554 3232 594 eum
3256 546 3532 595 moveant
3562 545 3621 597 et
3641 541 3788 597 inci-

351 625 405 678 οἱ
439 622 687 679 ἐκλεκτοὶ
726 627 824 678 τοῦ
856 627 1011 678 Θεοῦο
1068 625 1102 693 ἡ
1167 620 1224 678 δὲ
1281 619 1643 696 ἀνδριζομένη
1704 622 2011 699 ἐγκράτεια.

347 714 577 769 "Exstat
627 710 676 767 δ’
727 711 916 767 αὐταῖν
969 710 1243 783 ἁπλότης,
1286 712 1592 785 ἐπιστήμη,
1652 712 1866 782 ἀκακία,
1929 734 2018 768 σε-

357 802 589 875 μνότης,
624 802 828 876 ἀγάπη.
867 807 1042 857 Πᾶσαι
1074 798 1132 857 δὲ
1186 801 1341 856 αὗται
1391 802 1628 863 πίστεώς
1689 800 1792 857 εἶσι
1853 813 2017 877 θυγα-

348 893 524 967 τέρες.
567 891 895 964 Καὶπάλιν,
954 899 1280 970 προηγεῖται
1342 894 1437 966 μὶν
1469 892 1674 963 πίστις,
1730 889 1900 972 φόϐος
1959 892 2017 950 δὶ

352 981 663 1057 οἰκοδομεῖ,
695 982 903 1039 τελειοῖ
932 981 989 1038 δὲ
1018 985 1053 1053 ἡ
1087 982 1272 1057 ἀγάπη
1299 984 1431 1057 (34).
1462 977 1743 1053 Φοϐητέον
1778 984 1891 1056 (3Ξ5)
1922 981 2013 1037 οὗν

348 1072 444 1128 τὸν
474 1072 696 1148 Κύριον,
729 1070 904 1148 λέγει,
939 1071 1015 1134 εἰς
1045 1070 1372 1145 οἰκοδομὴν,
1432 1069 1562 1126 ἀλλ’
1592 1069 1652 1125 οὐ
1684 1071 1775 1127 τὸν
1826 1067 2017 1127 διάϐο-

351 1162 450 1219 λον
483 1163 559 1225 είς
587 1164 986 1240 καταστροφήν.
1022 1159 1304 1236 Ἐμπαλιν
1338 1158 1417 1231 δὲ,
1450 1162 1517 1217 τὰ
1576 1162 1672 1234 μὲν
1731 1157 1865 1237 ἔργα
1918 1165 2016 1217 τοῦ

347 1252 579 1331 Κυρίου,
610 1252 857 1308 τουτέστι
884 1255 982 1315 τὰς
1036 1251 1281 1321 ἐντολὰς,
1341 1251 1651 1327 ἀγαπητέον
1701 1254 1790 1306 καὶ
1848 1272 2015 1322 ποιη-

344 1342 490 1410 τέον,
519 1343 587 1397 τὰ
618 1339 676 1398 δὲ
708 1337 841 1418 ἔργα
869 1346 968 1398 τοῦ
1000 1337 1265 1398 διαϐόλου
1296 1338 1568 1419 φοϐητέον
1599 1341 1688 1396 καὶ
1751 1341 1816 1395 οὐ
1848 1362 2014 1412 ποιη-

342 1432 487 1488 τέον·
525 1433 553 1487 ὁ
611 1433 705 1505 μὲν
759 1433 863 1509 γὰρ
905 1436 1003 1487 τσῦ
1060 1436 1197 1488 Θεοῦ
1257 1426 1428 1510 φόϐος
1483 1424 1729 1485 πάιδεόει
1785 1430 1875 1485 καὶ
1936 1430 2013 1494 εἰς

346 1523 563 1599 ἀγάπην
592 1522 1044 1592 ἀποκαθίστησιν,
1078 1522 1106 1577 ὁ
1139 1519 1197 1576 δὲ
1239 1525 1346 1576 τῶν
1401 1524 1499 1576 τοῦ
1545 1514 1807 1575 διαϐόλου
1839 1518 2015 1595 ἔργων

348 1617 511 1684 μῖσος
542 1611 660 1687 ἔχει
695 1611 968 1667 σύνοικον.
1004 1635 1032 1663 ››
1082 1612 1140 1664 '0
1199 1608 1257 1666 δὲ
1312 1609 1475 1672 αὐτὸς
1521 1608 1612 1665 καὶ
1650 1633 1671 1663 σ
1712 1610 1813 1679 τήν
1846 1610 2011 1683 μετά-

342 1722 496 1755 νοιαν
526 1704 640 1775 (36)
702 1700 913 1755 σύνεσιν
988 1699 1121 1755 εἶναί
1179 1720 1311 1778 φησι
1384 1695 1647 1773 μεγάλην·
1737 1702 2015 1772 μετανοῶν

344 1791 452 1866 γὰρ
483 1788 566 1867 ἐφ’
597 1792 681 1852 οἷς
712 1785 955 1866 ἔδρασεν,
989 1789 1083 1845 εὖκ
1135 1785 1214 1844 ἔτι
1274 1794 1428 1843 ποιεῖ
1481 1787 1517 1857 ἢ
1568 1787 1735 1863 λέγει·
1791 1788 2009 1863 βασανί-

351 1884 456 1949 ζων
490 1875 547 1934 δὲ
579 1877 662 1954 ἐφ’
693 1882 779 1941 οἷς
807 1878 1074 1954 ἥμαρτεν,
1121 1880 1220 1948 τήν
1281 1879 1473 1933 ἑαυτοῦ
1522 1877 1707 1952 ψυχήν
1742 1875 2008 1952 ἀγαθοερ-

345 1973 451 2042 γεῖ.
484 1974 713 2048 ’Ἃφεσις
741 1972 855 2042 (37)
905 1968 1087 2024 τοίνυν
1147 1969 1429 2044 ἁμαρτιῶν
1485 1965 1772 2039 μετανοίας
1823 1962 2006 2044 διαφέ-

351 2076 454 2132 ρει’
483 2059 650 2133 ἄμφω
682 2054 741 2113 δὲ
772 2054 1005 2113 δείκνυσι
1036 2057 1102 2112 τὰ
1132 2056 1215 2135 ἐφ’
1246 2060 1405 2130 ἡμῖν.
1444 2080 1471 2107 ››

2128 632 2255 682 tent
2283 626 2355 682 ad
2379 627 2498 681 veri
2532 627 2731 682 ﬁdem.
2758 650 2787 677 ‹‹
2809 630 2948 693 Quae
2975 646 3111 701 ergo
3137 630 3462 686 Ecclesiam
3493 633 3783 699 continet,

2127 722 2193 771 ut
2215 716 2420 772 Pastor
2448 716 2663 787 inquit,
2696 717 2900 784 virtus,
2943 723 3033 772 est
3071 719 3240 788 ﬁdes,
3290 736 3398 791 per
3426 737 3607 791 quam
3657 738 3785 777 ser—

2125 810 2336 861 vantur
2364 803 2535 860 electi
2564 805 2696 873 Dei;
2731 822 2862 877 quae
2880 811 3079 862 autem
3111 824 3172 862 se
3204 807 3456 863 viriliter
3474 810 3786 864 acfortiter

2126 894 2295 966 gerit,
2332 899 2421 949 est
2447 894 2837 949 continentia.
2862 896 2974 950 Eas
3004 900 3201 951 autem
3234 897 3621 968 consequitur
3634 898 3778 953 sim-

2125 983 3034 1055 plicitas,scientia,innocentia.
3061 986 3362 1052 honestas,
3388 986 3646 1041 dilectio.
3681 988 3781 1042 Han

2126 1078 2324 1127 autem
2356 1089 2565 1128 omnes
2621 1079 2762 1128 sunt
2808 1074 2947 1128 filiae
3000 1074 3156 1129 166
3215 1075 3374 1130 lidci.
3436 1077 3507 1129 Et
3533 1091 3780 1130 rursus:

2125 1161 2414 1216 Praecedit
2429 1161 2670 1233 quidem
2703 1162 2870 1229 ﬁdes,
2900 1163 3076 1217 timor
3096 1169 3294 1218 autem
3316 1163 3784 1235 aediﬁcatperll-

2125 1251 2206 1307 cit
2231 1257 2427 1306 autem
2456 1250 2713 1306 dilectio.
2741 1251 3474 1323 Dicititaque,timendum
3505 1270 3635 1309 esse
3666 1255 3785 1309 Do-

2125 1342 2353 1396 minum
2373 1340 2446 1395 ad
2471 1340 3063 1409 eediﬁcationem,sed
3079 1358 3197 1397 non
3212 1342 3514 1397 diabolum
3538 1343 3610 1398 ad
3625 1359 3786 1398 ever-

2125 1430 2373 1486 sionem.
2402 1431 2626 1485 Rursus
2654 1435 2876 1493 autem,
2910 1448 3091 1502 opera
3112 1431 3353 1503 quidem
3377 1431 3634 1500 Domini,
3665 1433 3779 1489 hoc

2124 1526 2215 1575 est
2241 1524 2556 1592 praecepta,
2612 1536 2742 1575 esse
2800 1519 3101 1592 diligenda
3152 1528 3211 1575 et
3264 1521 3780 1593 facienda;opera

2123 1613 2319 1662 autem
2352 1607 2575 1663 diaboli
2595 1625 2724 1664 esse
2756 1610 3110 1677 timenda,et
3137 1627 3257 1665 non
3283 1610 3781 1667 facienda'l‘imor

2122 1697 2286 1752 enim
2317 1697 2418 1753 Dei
2443 1698 2637 1753 erudit
2653 1715 2721 1754 ac
2751 1700 3017 1771 castigat,
3044 1699 3175 1755 etin
3206 1699 3589 1757 dilectionem
3609 1700 3779 1755 resti-

2123 1788 2276 1842 tuit:
2312 1787 2489 1843 timor
2512 1792 2712 1844 autem
2745 1805 2992 1861 operum
3043 1789 3286 1856 diaboli,
3350 1806 3551 1845 secum
3600 1790 3784 1846 habet

2121 1876 2346 1932 odium.
2376 1899 2405 1926 »
2423 1877 2586 1932 Idem
2618 1883 2819 1933 autem
2851 1878 2998 1934 dicit
3018 1879 3780 1950 etiam.pmnitentiamesse

2119 1982 2395 2037 magnam
2455 1965 2937 2036 intelligentiam.
2999 1967 3107 2032 Qui
3167 1968 3329 2023 enim
3383 1984 3612 2035 eorum,
3644 1985 3777 2039 quae

2116 2054 2276 2123 fecit,
2309 2054 2548 2110 ducitur
2604 2055 2975 2126 poenitentia,
3007 2071 3129 2110 non
3185 2054 3443 2128 amplius
3482 2055 3642 2120 facit,
3687 2055 3780 2111 vel

344 2147 534 2204 dicit:
577 2154 821 2221 propter
869 2166 940 2205 ea
969 2155 1189 2216 autem,
1223 2165 1353 2220 quin
1400 2147 1684 2220 peccavit,
1710 2151 1994 2217 torquens
2036 2144 2324 2209 animam,
2373 2143 2530 2198 bona
2574 2143 2736 2199 facit.
2789 2143 3081 2199 Remissio
3122 2160 3258 2216 ergo
3306 2149 3687 2215 peccatorum
3714 2143 3779 2208 ιι‹

343 2236 603 2294 differta
633 2238 983 2310 paenitentia
1016 2237 1226 2294 :ambo
1257 2242 1456 2294 autem
1490 2253 1558 2292 eo
1591 2235 1930 2291 ostenditin
1962 2240 2167 2290 nostra
2195 2249 2327 2287 esse
2357 2237 2671 2304 potestate.

1868 2351 2099 2406 CAPUT
2127 2349 2257 2404 XIII

1558 2443 1634 2496 De
1655 2443 1845 2511 prima
1873 2446 1924 2494 et
1943 2439 2183 2494 secunda
2202 2438 2556 2508 paenitentia.

344 2564 373 2592 «
400 2540 508 2597 Τὸν
543 2540 632 2595 οὗν
686 2538 955 2617 εἰληφότα
1012 2540 1111 2609 τὴν
1171 2535 1358 2616 ἄφεσιν
1403 2541 1512 2592 τῶν
1573 2537 1856 2612 ἁμαρτιῶν
1912 2533 2012 2590 οὐκ

344 2626 426 2684 ἔτι
461 2630 788 2705 ἁμαρτάνειν
848 2631 984 2705 χρη·
1045 2627 1135 2684 ἐπὶ
1190 2628 1295 2704 γὰρ
1351 2630 1422 2700 τῇ
1467 2625 1659 2701 πρώτῃ
1714 2624 1805 2680 καὶ
1866 2622 2007 2697 μόνῃ

352 2718 610 2791 μετανοίᾳ
632 2724 740 2773 τῶν
797 2720 1080 2792 ἁμαρτιῶν
1140 2716 1274 2787 αὕτη
1326 2713 1386 2771 ἄν
1444 2712 1525 2786 ε’ίη
1577 2718 1686 2769 τῶν
1718 2724 2008 2790 προϋπαρ-

351 2808 549 2879 ξάντων
589 2810 726 2864 κατὰ
779 2809 875 2864 τὸν
934 2807 1138 2863 ἐϐνικὸν
1193 2806 1284 2862 καὶ
1336 2810 1555 2881 πρῶτον
1615 2804 1756 2879 βίον,
1812 2801 1905 2857 τὸν
1954 2799 2006 2856 ἐν

350 2897 542 2973 ἀγνοίᾳ
581 2897 730 2973 λέγω
780 2901 914 2973 (38),
972 2896 1171 2953 αὐτίκα
1244 2900 1363 2959 τοῖς
1411 2893 1668 2966 κληθεῖσι
1726 2892 2008 2968 πρόκειται

353 2988 631 3060 μετάνοια,
663 2989 700 3057 ἡ
745 2985 1081 3063 καθαίρουσα
1132 2986 1226 3041 τὸν
1281 2984 1449 3040 τόπον
1505 2990 1605 3055 τῆς
1660 2983 1848 3057 ψυχῆς
1906 2980 2013 3036 ἀπὸ

2192 2557 2220 2584 ιι
2250 2536 2398 2589 Eum
2447 2550 2608 2607 ergo,
2665 2533 2766 2605 qui
2824 2534 3041 2605 accipit
3094 2533 3511 2590 remissionem
3555 2552 3774 2606 pecca-

2120 2630 2337 2691 torum,
2388 2639 2508 2677 non
2569 2628 2802 2694 oportet
2857 2622 3113 2694 amplius
3168 2641 3413 2695 peccare
3460 2642 3473 2692 ;
3518 2642 3658 2681 nam
3711 2626 3775 2680 in

2118 2713 2313 2786 prima
2369 2718 2428 2766 et
2479 2711 2657 2766 unica
2706 2717 3083 2783 peccatorum
3130 2714 3502 2784 pmnitentia,
3547 2730 3616 2769 ea
3648 2714 3779 2769 fue-

2119 2803 2199 2857 rit
2228 2817 2455 2868 eorum,
2488 2816 2620 2870 quin
2650 2800 2816 2871 prius
2848 2800 3091 2855 fuerunt
3121 2801 3182 2856 in
3234 2802 3439 2874 gentili
3472 2809 3531 2858 et
3584 2803 3781 2876 prima

2118 2893 2256 2959 vita,
2289 2908 2378 2960 ea,
2412 2890 2680 2961 inquam,
2709 2908 2841 2961 quas
2871 2890 2983 2946 fuit
3008 2891 3069 2946 in
3101 2893 3553 2965 ignorantia,iis
3573 2893 3777 2962 etiam,

2121 2980 2226 3052 qui
2252 2979 2438 3035 vocati
2497 2983 2657 3043 sunt,
2712 2980 2996 3035 continuo
3028 2981 3379 3052 proponitur
3407 2983 3776 3054 paenitentia,

343 3081 456 3132 τῶν
513 3074 1050 3150 πλημμελημάτων,
1079 3076 1172 3131 ἳνα
1200 3077 1235 3145 ἡ
1269 3075 1449 3138 πίστις
1481 3070 1820 3147 Θεμελιωθῇ.
1853 3073 1999 3145 Καρ-

2126 3086 2447 3143 expurgans
2470 3068 2668 3124 locum
2698 3068 2913 3125 animae
2944 3086 2980 3125 a
3009 3071 3364 3142 peccatis,ut
3392 3071 3541 3128 ﬁdes
3561 3072 3778 3128 funde-

413 3207 477 3272 ἰα
505 3206 572 3260 Ρ.
606 3205 710 3258 459
740 3204 852 3259 ED.
887 3204 1181 3271 POTTEB,
1209 3202 1464 3257 385-386
1490 3202 1604 3255 ΕΙ).
1664 3199 1895 3255 PARIS.

340 3346 497 3393 vero,
530 3345 651 3399 qua
675 3330 955 3384 succincta
984 3334 1085 3395 est,
1118 3334 1169 3382 et
1199 3327 1438 3399 viriliter
1485 3326 1627 3395 agit,
1657 3323 2011 3379 Abstinentia

340 3396 572 3457 vocatur
611 3417 629 3454 :
661 3400 777 3455 haec
819 3399 943 3469 ﬁlia
974 3406 1049 3455 est
1074 3399 1251 3453 Fidei.
1314 3396 1572 3467 Quisquis
1620 3412 1750 3465 ergo
1782 3401 2011 3469 secutus

341 3475 516 3543 fuerit
546 3472 723 3535 illam,
755 3467 900 3543 felice
928 3474 1020 3539 ﬁet
1054 3473 1111 3524 in
1142 3473 1257 3524 vita
1286 3485 1423 3532 sua;
1454 3470 1717 3543 quoniam
1739 3467 1808 3543 ab
1830 3468 2009 3543 omni-

349 3546 447 3600 bus
476 3543 639 3599 malis
668 3541 928 3612 operibus
957 3543 1298 3605 abstinebit;
1350 3540 1574 3612 credens
1629 3540 1801 3612 quod,
1846 3541 1895 3593 si
1957 3553 2013 3592 se

351 3609 790 3671 continuerit—ab
812 3616 963 3667 omni
994 3614 1456 3683 concupiscentia,
1492 3611 1663 3665 haeres
1718 3609 1845 3683 erit,
1884 3613 2012 3665 vita

351 3694 587 3743 zetcrnze.
622 3686 855 3742 Caetera;-
883 3692 1087 3752 autem,
1144 3680 1390 3754 inquam,
1440 3682 1682 3745 domina,
1744 3680 2008 3753 quinque,

353 3775 476 3829 quae
505 3760 686 3829 sunt?
707 3756 885 3823 Filite,
907 3759 1117 3828 inquit,
1148 3758 1385 3829 invicem
1437 3760 1586 3809 sunt.
1628 3755 1871 3829 Vocatur
1904 3769 2013 3829 au-

356 3824 464 3885 tem
485 3828 735 3899 quaedam
762 3824 1124 3897 Simplicitas,
1184 3828 1299 3882 alia
1354 3828 1701 3892 Innocentia,
1733 3824 1851 3880 alia
1894 3827 2013 3880 Mo-

353 3903 551 3965 destia,
577 3901 694 3955 alia
723 3900 1049 3969 Disciplina,
1080 3899 1196 3953 alia
1223 3904 1406 3953 autem
1432 3899 1708 3953 Charitas.

426 3974 536 4043 (34)
608 3966 961 4044 ΙΙροηγεῖται.
996 4013 1010 4026 .
1038 3966 1062 4023 ν.
1098 4011 1113 4025 .
1144 3970 1200 4044 ἠ*
1249 3969 1453 4044 ἀγάπη.
1540 3970 1786 4044 Hermas
1814 3966 2012 4044 paulo

395 4040 525 4100 osti
557 4040 786 4110 Eur/ide
830 4044 1081 4097 nascitur
1128 4040 1502 4104 Abstinentia,
1552 4040 1618 4093 de
1663 4040 2013 4094 Abstinentia

395 4113 711 4185 implicitas,
749 4115 816 4168 de
858 4113 1232 4183 Simplicitate
1274 4113 1617 4177 Innocentia,
1651 4111 1718 4164 de
1745 4111 2013 4166 Modestia

349 4185 637 4258 Diciplina
664 4192 717 4258 et
748 4186 1019 4258 Charitas.

422 4250 537 4328 (33)
568 4250 873 4328 Φοϐητὲον.
908 4258 1146 4328 Eorum,
1193 4271 1325 4325 quas
1383 4258 2011 4328 sequunturLsensus

351 4325 545 4385 existat
573 4326 730 4400 apud
763 4329 1039 4383 Hermam
1080 4326 1182 4400 lib.
1219 4325 1679 4400 n,_mandat.__7:
1719 4325 1886 4400 Time,
1919 4326 2008 4377 in—

353 4404 500 4473 quit,
533 4395 848 4467 Dominum,
877 4406 928 4453 et
958 4398 1222 4473 mandata
1252 4398 1370 4467 ejus
1399 4395 1612 4451 custodi
1646 4437 1659 4450 .
1694 4437 1720 4473 ._
1744 4436 1757 4451 .
1796 4397 2012 4473 Timens

2193 3318 2301 3393 (ζῇ)
2332 3317 2578 3393 "Apsum.
2598 3317 2730 3393 llaec
2753 3316 3008 3393 clariosa
3038 3318 3202 3393 ﬂent,
3235 3319 3523 3393 appositis
3547 3320 3776 3393 Hermae

2119 3388 2332 3463 verbis,
2368 3388 2468 3460 qui
2501 3389 2678 3459 paulo
2719 3394 2853 3460 post
2882 3390 2993 3444 hoc
3050 3389 3226 3445 modo
3273 3388 3474 3463 pergit
3506 3407 3519 3444 :
3559 3393 3624 3445 Et
3654 3391 3780 3463 dimi

2119 3462 2251 3515 illi:
2288 3462 2655 3526 Etiamnunc,
2689 3462 2937 3527 Domine,
2971 3463 3164 3516 audivi
3189 3478 3225 3516 ιι
3275 3461 3604 3532 quibusdam
3676 3461 3778 3516 do-

2122 3533 2383 3596 ctoribus,
2418 3533 2569 3601 quod
2598 3533 2712 3586 alia
2736 3534 3073 3601 paenitentia
3099 3549 3211 3588 non
3237 3540 3336 3602 est,
3362 3536 3474 3588 nisi
3501 3533 3623 3598 illa,
3654 3550 3778 3587 cum

2122 3606 2181 3658 in
2238 3620 2441 3674 aquam
2498 3603 2893 3669 descendimus,
2948 3611 3001 3657 et
3057 3604 3357 3675 accipimus
3407 3607 3777 3661 remissionem

2119 3682 2473 3747 peccatorum
2503 3681 2837 3739 nostrorum,
2874 3675 3106 3731 ulterius
3136 3693 3244 3731 non
3289 3693 3540 3747 peccare,
3569 3675 3664 3731 sed
3719 3677 3779 3747 in

2122 3745 2375 3801 castitate
2420 3763 2772 3816 permanere.
2832 3747 2899 3800 Et
2956 3748 3039 3801 ait
3095 3747 3236 3801 mihi
3290 3745 3312 3801 Ξ
3370 3750 3527 3804 Recte
3612 3745 3780 3801 audi-

2121 3822 2214 3874 sti.
2276 3820 2431 3873 Nunc
2486 3825 2717 3889 autem,
2777 3821 2913 3887 quia
2959 3819 3260 3888 diligenter
3324 3822 3511 3875 omnia
3555 3820 3778 3889 quaeris,

2121 3896 2174 3945 et
2203 3890 2304 3944 hoc
2326 3890 2429 3943 tibi
2455 3888 2789 3948 demonstro.
2821 3905 2930 3944 non
2958 3890 3096 3944 dans
3159 3893 3496 3945 occasionem
3534 3888 3644 3945 illis
3682 3891 3781 3959 qui

2122 3962 2392 4015 credituri
2411 3967 2560 4026 sunt,
2593 3967 2688 4015 aut
2714 3962 2813 4028 qui
2842 3960 3197 4015 crediderunt
3227 3964 3478 4018 Domino.
3513 3963 3618 4026 Qui
3634 3963 3779 4014 enim

2112 4033 2237 4101 jam
2267 4030 2640 4096 crediderunt,
2699 4036 2797 4084 aut
2856 4029 2957 4101 qui
3013 4032 3283 4086 credituri
3327 4038 3478 4098 sunt,
3502 4034 3779 4101 paeniten-

2123 4106 2257 4157 tiam
2277 4108 2632 4172 peccatorum
2660 4116 2769 4155 non
2793 4101 3017 4165 habent,
3076 4103 3170 4157 sed
3216 4105 3606 4157 remissionem.
3664 4102 3779 4156 Illis

2120 4173 2288 4240 enim,
2320 4174 2420 4243 qui
2460 4175 2643 4227 vocati
2670 4177 2796 4244 sunt
2842 4179 2970 4226 ante
2998 4173 3095 4227 hos
3123 4175 3257 4240 dies,
3299 4177 3489 4244 posuit
3516 4175 3779 4228 Dominus

2114 4241 2498 4315 paenitentiam
2529 4283 2543 4296 .
2613 4241 2885 4307 Quoniam
2940 4241 3320 4312 cogitationes
3339 4245 3779 4314 praecordiorum

2119 4317 2276 4371 novit
2306 4317 2464 4381 Deus,
2504 4321 2555 4367 et
2584 4315 2684 4368 scit
2714 4315 3095 4382 inﬁrmitatem
3126 4315 3430 4383 hominum,
3480 4323 3531 4370 et
3590 4315 3784 4370 multi-

2113 4387 2317 4458 plicem
2339 4387 2643 4458 nequitiam
2675 4384 2911 4458 diaboli.
2943 4401 3056 4456 qua
3098 4386 3327 4441 molitur
3377 4386 3597 4456 aliquid
3637 4385 3779 4441 sini-

533 4451 1102 4538 etiamsietiam
1142 4451 1296 4523 bona.
1322 4483 1491 4538 opera
1530 4467 1862 4537 operaberis.
1908 4467 2012 4521 Hic
2043 4451 2089 4516 Ι)
2113 4451 2224 4513 stri
2251 4451 2557 4538 servis—Dei,
2611 4462 2682 4538 et_
2708 4451 3283 4538 maligne—insidiatur
3305 4458 3438 4538 illis.
3466 4451 3781 4538 Misericors

355 4551 435 4600 est
469 4546 651 4607 timor,
687 4559 797 4614 quo
839 4544 1028 4596 timere
1076 4546 1310 4611 oportet,
1360 4545 1423 4593 ut
1451 4539 1632 4614 salvus
1666 4553 1774 4614 esse
1814 4539 2013 4608 possis.

354 4615 651 4673 Diabolum
685 4609 870 4669 autem
917 4630 986 4668 ne
1025 4609 1214 4667 timeas
1254 4652 1268 4666 .
1305 4653 1315 4664 .
1357 4652 1369 4666 .
1401 4653 1416 4667 .
1469 4609 1620 4666 Time
1646 4611 1818 4680 plane
1862 4614 2018 4679 facta

355 4686 587 4751 diaboli,
621 4687 882 4757 quoniam
913 4684 1163 4757 maligna
1190 4689 1319 4757 sunt
1341 4700 1358 4737 :
1380 4689 1624 4757 metuens
1654 4683 1806 4757 enim
1828 4682 2017 4757 Domi-

355 4776 509 4821 num,
545 4753 779 4823 timebis,
816 4763 867 4811 et
898 4753 1065 4826 opera
1089 4756 1302 4811 diaboli
1328 4770 1441 4809 non
1470 4756 1666 4822 facies.
1712 4754 1807 4809 sed
1845 4753 2021 4807 absti-

351 4831 507 4887 nebis
531 4836 583 4884 te
622 4830 690 4884 ab
730 4830 824 4883 eis.
868 4829 1084 4897 Duplex
1125 4828 1271 4881 enim
1319 4829 1487 4881 timor
1514 4832 1611 4880 est.
1646 4826 1705 4880 Si
1736 4827 1881 4879 enim
1904 4840 2015 4897 ma-

356 4904 469 4957 lum
494 4903 719 4972 operari
758 4895 1014 4972 volueris,
1049 4900 1243 4953 timens
1291 4898 1579 4972 Dominum
1605 4913 1675 4972 ne
1701 4897 1764 4972 id
1795 4895 2018 4972 quidem

351 4967 547 5045 facies".
573 4974 636 5029 Si
665 4978 850 5045 autem
876 4970 1097 5045 bonum
1141 4971 1366 5039 operari
1401 4967 1659 5035 volueris,
1707 4969 1874 5022 timor
1899 4969 2015 5021 uti-

354 5041 461 5116 que
492 5046 709 5100 Domini
736 5041 975 5116 validus,
1006 5047 1116 5116 etc:

428 5118 540 5187 (36)
573 5116 691 5187 Τήν
725 5113 1290 5187 petdvomv._llorum
1340 5109 1520 5187 etiam
1565 5126 1777 5187 sensus
1828 5113 2019 5187 exstat

358 5182 604 5244 Pastoris
632 5182 737 5242 libi
774 5203 836 5249 ιι.
885 5184 1149 5241 mandat.
1182 5185 1236 5245 4,
1261 5186 1406 5237 sect.
1440 5185 1473 5234 2
1505 5197 1519 5236 :
1554 5184 1745 5237 Annon
1794 5182 1895 5236 tibi
1932 5183 2015 5236 vi-

359 5261 542 5323 detur,
580 5258 963 5330 penitentiam
1011 5272 1194 5326 agere,
1233 5269 1473 5330 magnan
1499 5254 1833 5324 sapientiam
1884 5268 2014 5330 esse,

360 5325 623 5403 quoniam
647 5333 746 5401 qui
765 5325 1152 5403 paznitentiam
1190 5328 1329 5395 agit,
1350 5339 1863 5403 sensum‘magnum
1892 5325 2015 5403 adi-

350 5397 636 5475 piscitur?
656 5397 845 5475 Sentit
893 5402 1039 5475 enim
1076 5415 1129 5454 se
1167 5411 1439 5475 peccasse,
1473 5401 1527 5451 et
1553 5398 1742 5475 fecisse
1765 5397 2018 5475 nequiter

358 5466 418 5530 in
446 5481 737 5545 conspectu
777 5471 1044 5535 Domini;
1087 5477 1141 5525 et
1167 5466 1504 5545 “recordatur
1545 5467 1828 5545 intellectu
1868 5466 2019 5537 quod

357 5538 595 5617 deliquit
620 5563 644 5609 ;
674 5551 726 5599 et
747 5544 1136 5617 paenitentiam
1172 5542 1315 5617 agit,
1347 5545 1399 5593 et
1426 5538 1794 5617 ampliusnon
1818 5553 2018 5617 opera-

358 5624 453 5673 tur
474 5609 774 5687 nequiter}
802 5615 894 5670 sed
922 5620 1185 5683 operatur
1213 5609 1364 5687 bene,
1399 5617 1452 5665 et
1484 5609 2016 5687 humilitzltanimam

355 5682 639 5755 suamfet
683 5682 903 5758 torquet
949 5682 1088 5752 eam,
1141 5686 1277 5756 quia
1321 5683 1590 5753 peccavit.
1652 5682 1815 5736 Vides
1861 5696 2014 5751 ergo,

358 5762 509 5833 quod
519 5760 854 5833 pauitantia
869 5772 1055 5814 sensus
1082 5763 1162 5813 est
1189 5769 1441 5825 magnus.

2127 4546 2259 4599 ergo
2286 4527 2549 4583 Dominus
2604 4529 2855 4583 misertus
2903 4535 2979 4583 est
3024 4532 3271 4599 ﬁgmenti
3311 4528 3449 4584 sui:
3506 4537 3557 4584 et
3595 4532 3785 4600 posuit

2119 4602 2507 4672 pwnitentiam
2542 4602 2727 4672 istam,
2756 4606 2811 4672 et
2856 4606 3185 4671 potestatem
3236 4602 3577 4672 pmnitentia:
3620 4602 3786 4672 hujus

2125 4671 2267 4728 mihi
2283 4673 2454 4727 dedit.
2485 4673 2549 4725 Et
2580 4671 2701 4725 ideo
2731 4671 2852 4725 dico
2907 4673 3027 4735 tibi,
3088 4671 3253 4741 quod
3271 4680 3399 4743 post
3444 4675 3784 4728 vocationem

2125 4745 2279 4800 illam
2313 4759 2568 4813 magnam
2589 4748 2641 4796 et
2669 4748 2937 4815 sanctam,
2969 4745 3033 4815 si
3064 4746 3187 4813 quis
3245 4750 3484 4800 tentatus
3513 4746 3687 4815 fuerit
3751 4761 3787 4799 a

2126 4815 2369 4883 diabolo,
2402 4830 2571 4869 unam
2596 4813 2985 4883 paenitentiam
3016 4813 3198 4870 habet.
3239 4817 3303 4871 Si
3348 4813 3528 4872 autem
3555 4817 3786 4873 subinde

2117 4892 2325 4958 peccet,
2358 4892 2410 4941 et
2433 4886 2822 4958 paenitentiam
2850 4892 3004 4955 agat,
3035 4902 3149 4941 non
3181 4888 3435 4957 proderit
3463 4889 3675 4943 homini
3704 4895 3788 4942 ta-

2128 4956 2206 5014 lia
2226 4959 2417 5029 agenti
2438 4956 2716 5029 {difﬁcile
2761 4960 2909 5012 enim
2938 4960 3083 5013 vivet
3139 4956 3270 5014 Deo.
3306 4959 3413 5015 Ubi
3464 4959 3621 5015 conf.
3654 4975 3786 5029 qua)

2125 5028 2431 5086 adnotavit
2450 5027 2799 5085 Cotelerius.

2198 5103 2326 5174 (38)_
2359 5097 2484 5174 Ἐπὶ
2538 5098 2638 5171 γὰρ
2691 5100 2762 5174 τῇ
2814 5118 2855 5153 π
3026 5097 3217 5174 λέγω,
3254 5103 3388 5174 Haec
3444 5099 3788 5174 parenthesi

2127 5170 2493 5230 includenda
2523 5170 2682 5226 sunt.
2718 5170 2936 5227 Lemn.
2970 5203 3040 5214 —
3069 5170 3411 5229 Clarissimo
3433 5170 3643 5228 Crabio
3675 5173 3788 5226 hoc

2126 5244 2310 5317 modo
2334 5244 2461 5317 hinc
2492 5241 2857 5317 distinguere
2884 5243 3074 5299 visum
3106 5251 3197 5300 est
3227 5261 3240 5298 :
3273 5242 3361 5298 ἐπὶ
3389 5243 3493 5317 γᾲρ
3522 5240 3781 5317 τῇπριῤ-

2122 5335 2192 5390 τῃ
2224 5314 2316 5369 καὶ
2374 5312 2529 5390 μόνῃ.
2558 5309 2838 5390 ,μετᾶνσίᾳ-
2874 5318 2983 5368 τῶν
3022 5318 3340 5390 ΔιΞιμειιρτιῶνο
3383 5309 3518 5383 dii-r7;
3567 5309 3638 5390 ’ἄν
3671 5309 3783 5382 ’έίη

2123 5382 2233 5442 τῶν
2285 5382 2384 5459 πρέ
2406 5382 2682 5457 -λὲγαγ
2716 5382 2907 5440 αὐτίκα
2937 5388 3054 5448 τοῖς
3076 5382 3169 5441 ᾆιλξ
3192 5388 3329 5442 Nam
3372 5382 3515 5458 post
3542 5388 3786 5456 primam

2126 5468 2179 5515 et
2211 5463 2434 5515 unicam
2472 5465 2828 5529 peccatorum
2844 5460 3234 5528 panitentiam
3263 5462 3349 5525 (ea
3371 5460 3545 5527 fuerit
3574 5474 3786 5526 eorum,

2125 5548 2251 5603 quae
2287 5533 2450 5603 prius
2503 5532 2735 5598 fuerunt
2758 5532 2819 5603 in
2849 5530 3048 5603 gentili
3074 5536 3129 5603 et
3166 5532 3355 5603 prima
3383 5533 3503 5584 vita
3531 5546 3549 5583 :
3568 5546 3663 5603 ea,
3697 5531 3786 5584 in-

2126 5599 2316 5674 quam,
2365 5617 2487 5672 quae
2515 5602 2629 5669 fuit
2660 5603 2719 5655 in
2743 5599 3115 5675 ignorantia),
3158 5602 3441 5675 iisetiam,
3476 5601 3578 5671 qui
3605 5604 3789 5657 vocati

2124 5682 2274 5746 sunt,
2302 5681 2563 5729 continuo
2584 5674 2924 5742 proponitur
2954 5674 3305 5741 paenitentia,
3332 5688 3460 5743 cep.
