4120 6388
356 425 466 480 999

1597 368 2012 457 cunam-Is
2048 396 2553 452 ALEXANDRINI

3643 399 3787 454 1000

360 567 483 607 non
502 564 630 605 esse
652 540 949 616 mysteriis
972 535 1272 592 initiatum
1297 546 1311 598 ;
1336 534 1439 585 aut
1458 528 1742 600 ignorans
1764 524 1822 579 id
1847 520 2007 595 quod

2123 515 2418 574 ἀντίπαλον
2470 519 2643 597 ἀφεὶς,
2695 519 2784 575 καὶ
2854 518 3182 583 ἀποκτείνας
3253 520 3459 577 οἰκεῖον
3521 521 3635 576 ἀντὶ
3688 528 3790 578 τοῦ

359 640 574 712 agitur,
624 639 688 688 ut
716 613 864 701 iqui,
919 625 1166 680 dimisso
1213 618 1573 685 adversario,
1619 613 2014 670 domesticum

359 701 577 784 occidit
624 739 727 795 pro
773 718 1058 782 inimico;
1111 718 1214 768 aut
1260 710 1319 765 id
1365 725 1482 781 quo
1533 707 1746 778 agitur,
1795 709 1862 758 ut
1913 701 2013 774 qui

360 792 687 889 praepilatis
718 812 1028 865 exercetur
1056 802 1303 868 lanceis,
1355 805 1414 853 et
1461 796 1725 867 aliquem
1775 792 2015 847 interfe-

362 884 659 972 cit,'cum
725 898 911 971 pilam
984 895 1193 950 lancea
1257 890 1406 945 167
1498 884 1839 949 amisisset;
1918 886 2020 937 aut

360 970 642 1067 ignorans
658 970 1167 1060 quemadmodum
1184 984 1342 1036 esset
1358 974 1719 1039 faciendum,
1744 977 1808 1027 ut
1825 970 1927 1042 qui
1954 970 2016 1024 in

368 1058 557 1139 stadio
584 1058 803 1135 occidit
830 1072 1272 1136 adversarium;
1306 1083 1427 1123 non
1459 1064 1621 1121 enim
1668 1067 1735 1116 ut
1784 1058 2020 1116 occide-

364 1178 477 1239 ret,
502 1172 607 1227 sed
628 1174 695 1224 ut
721 1168 1004 1231 vinceret,
1033 1160 1371 1217 certabatur
1395 1175 1407 1223 ;
1441 1161 1544 1212 aut
1570 1153 1652 1221 id,
1685 1152 1857 1223 cujus
1886 1165 2015 1239 gra-

364 1262 449 1317 tia
478 1261 695 1333 agitur,
724 1252 1227 1329 quemadmodum
1259 1247 1424 1303 dedit
1463 1243 1730 1301 medicus
1778 1238 2016 1295 salubre

365 1329 720 1415 antidotum,
754 1352 813 1401 et
841 1342 1076 1400 occidit.
1108 1342 1163 1395 Is
1194 1344 1389 1395 autem
1438 1351 1558 1389 non
1597 1349 1666 1387 ea
1719 1329 1792 1385 de
1839 1344 2019 1384 causa

366 1440 550 1508 dedit,
586 1436 691 1493 sed
719 1442 785 1491 ut
814 1450 951 1490 eum
982 1433 1259 1487 servaret.
1311 1429 1391 1481 Ac
1440 1421 1727 1497 puniebat
1774 1417 2015 1490 quidem

364 1535 506 1585 tunc
536 1542 773 1599 quoque
796 1524 891 1579 lex
912 1538 1070 1588 eum,
1094 1519 1194 1591 qui
1216 1533 1338 1572 non
1362 1518 1570 1587 sponte
1599 1509 1929 1574 interfecit;
1954 1513 2020 1561 ut

364 1634 524 1687 eum,
558 1598 661 1688 qui
695 1632 815 1670 non
848 1617 1057 1685 sponte
1089 1605 1398 1664 laborabat
1415 1600 1704 1676 proﬂuvio
1728 1598 2013 1655 seminis:

363 1710 468 1767 sed
502 1726 622 1764 non
655 1722 822 1777 aeque
853 1708 1029 1774 atque
1062 1715 1221 1765 eum,
1255 1696 1357 1768 qui
1390 1698 1616 1766 sponte.
1666 1692 2016 1760 Quanquam

361 1798 464 1852 ille
477 1810 717 1868 quoque
734 1792 1018 1866 punietur
1031 1794 1314 1857 tanquam
1328 1787 1570 1856 propter
1589 1778 1990 1835 voluntarium
2001 1820 2014 1833 .

361 1887 411 1942 si
455 1885 589 1957 quis
619 1884 896 1939 affectum
928 1875 1259 1934 traduxerit
1287 1873 1359 1929 ad
1409 1872 1738 1927 veritatem.
1790 1871 2015 1924 Revera
2048 1900 2091 1964 Β

360 1956 522 2029 enim
555 1978 644 2027 est
673 1968 1011 2043 puniendus
1042 1967 1115 2031 is,
1145 1964 1246 2035 qui
1278 1968 1370 2018 est
1397 1959 1559 2015 verbi
1591 1956 1867 2031 genitalis
1912 1956 2012 2009 in-

359 2063 676 2119 continens
702 2076 716 2114 :
751 2057 912 2130 quod
942 2058 1139 2128 ipsum
1172 2068 1409 2124 quoque
1443 2053 1533 2104 est
1564 2047 1748 2102 animi
1780 2044 2013 2101 aﬂectio

356 2152 555 2209 aliena
584 2168 619 2207 a
664 2149 918 2217 ratione,
972 2162 1104 2217 qum
1156 2157 1338 2215 prope
1385 2137 1615 2195 accedit
1660 2137 1734 2192 ad
1782 2134 2015 2189 futilem

356 2239 782 2312 loquacitatem
807 2254 821 2292 :
855 2234 1058 2290 Fidelis
1083 2238 1263 2287 autem
1293 2228 1449 2298 eligit
1477 2243 1561 2281 res
1593 2226 1770 2280 celare
1789 2225 2014 2293 spiritu.

356 2310 458 2403 (a):
493 2332 631 2394 Qua;
676 2331 887 2399 sponte
936 2338 1072 2396 ergo
1118 2325 1177 2375 et
1225 2335 1298 2373 ex
1344 2315 1636 2372 electione
1686 2310 2016 2383 suscipiun-

358 2425 479 2485 tur,
531 2417 885 2489 puniuntur.
934 2410 1200 2468 Dominus
1226 2407 1371 2463 enim
1416 2410 1700 2460 scrutatur
1746 2402 1916 2457 corda
1963 2406 2015 2455 et

356 2526 512 2565 renes
531 2509 613 2577 (ἀ)
644 2504 1025 2577 etjudicatur
1056 2500 1126 2567 is,
1172 2496 1273 2568 qui
1317 2496 1557 2565 respexit
1607 2492 1681 2547 ad
1726 2492 2015 2559 concupis-

358 2600 596 2654 centiam
619 2596 711 2668 (e).
736 2596 927 2660 Quare
947 2590 1125 2646 etiam
1148 2586 1308 2651 dicit,
1335 2586 1411 2639 Ne
1430 2584 1780 2654 concupiscas
1800 2580 1899 2651 (ἀ).
1924 2581 2013 2647 Et,

359 2690 463 2743 Hic
488 2685 752 2757 populus,
787 2680 1001 2753 inquit,
1054 2679 1287 2732 honorat
1316 2692 1399 2729 me
1444 2672 1647 2736 labiis;
1694 2687 1788 2726 cor
1834 2675 2016 2724 autem

360 2778 609 2846 ipsorum
631 2772 833 2845 procul
862 2776 939 2825 est
970 2786 1005 2823 a
1030 2784 1114 2823 me
1142 2771 1236 2833 (e).
1271 2766 1427 2819 Deus
1476 2762 1633 2817 enim
1667 2759 1912 2831 respicit
1940 2757 2015 2814 ad

361 2865 651 2920 animum.
678 2864 822 2916 Nam
843 2873 1090 2914 uxorem
1112 2870 1349 2926 quoque
1374 2854 1495 2917 Lot,
1522 2868 1652 2922 quae
1678 2865 1784 2905 sua
1805 2852 2015 2920 sponte

2123 604 2419 679 πολεμίου·
2468 607 2505 677 ἢ
2552 611 2616 664 τὸ
2675 608 2729 664 ἐν
2786 608 2895 664 τίνι
2942 610 3257 686 πράττεται,
3312 612 3554 687 καθάπερ
3615 612 3795 675 ὁταῖς

2127 693 2567 773 ἑσιραιρωμὲναις
2597 696 2832 775 λόγχαις
2880 701 3295 775 γυμναζόμενος
3336 700 3426 755 καὶ
3471 700 3797 764 ἀποκτείνας

2123 786 2268 857 τινά,
2323 791 2422 843 τοῦ
2480 785 2711 864 δόρατος
2768 787 3147 853 ἀποϐαλόντος
3171 792 3272 859 τήν
3328 797 3581 869 σςιαῖρανο
3645 790 3682 861 ἢ
3728 792 3795 848 τὸ

2125 877 2273 951 παρά
2317 877 2381 933 τὸ
2425 883 2565 949 πῶς,
2617 880 2693 944 ὡς
2722 881 2749 934 6
2801 880 2853 935 ἐν
2896 878 3100 954 σταδίῳ
3148 880 3468 944 ἀποκτείνας
3497 882 3590 936 τὸν
3617 881 3792 937 ἀντα-

2123 969 2419 1042 γωνιστήν
2452 968 2514 1023 οὐ
2545 969 2648 1044 γάρ
2681 971 2928 1042 θανάτου,
2971 970 3119 1025 ἀλλά
3165 970 3319 1041 νίκης
3368 972 3532 1046 χάριν
3581 971 3789 1048 ἠγωνί-

2129 1061 2272 1125 ζετο*
2320 1056 2356 1126 ἦ
2403 1059 2467 1113 τὸ
2501 1058 2563 1113 οὗ
2608 1055 2764 1115 ἕνεκα
2794 1060 3085 1136 πράττεται
3119 1063 3235 1115 οἷον
3270 1062 3298 1115 ὁ
3331 1060 3514 1133 ἰατρὸς
3546 1058 3782 1116 δέδωκεν

2124 1143 2399 1201 ἀντίδοτον
2460 1148 2721 1223 ὑγιεινήν,
2776 1150 2866 1204 καὶ
2923 1150 3249 1205 ἀπέκτεινεν·
3283 1151 3311 1205 ὁ
3356 1146 3414 1205 δὲ
3465 1149 3529 1205 οὐ
3586 1150 3787 1207 τούτου

2124 1234 2289 1311 χάριν
2334 1233 2585 1307 δέδωκεν,
2635 1236 2783 1294 ἀλλά
2836 1243 2933 1294 τοῦ
2988 1244 3179 1295 σῶσαι.
3215 1240 3463 1314 Ἐκράτει
3499 1242 3594 1314 μὲν
3626 1239 3721 1296 υῦν
3756 1243 3785 1298 6

2124 1326 2298 1400 νόμος
2355 1325 2480 1384 τότε
2535 1328 2626 1383 καὶ
2682 1331 2773 1384 τὸν
2831 1330 3100 1394 ἀκουσίως
3150 1331 3503 1406 φονεύσαντα,
3564 1332 3640 1395 ὡς
3688 1332 3783 1388 τὸν

2123 1414 2390 1479 ἀκουσίως
2420 1416 2718 1493 γονοῤῥυῆ,
2746 1417 2874 1474 ἀλλ’
2917 1418 2980 1474 οὐ
3031 1421 3149 1475 κατ’
3209 1418 3326 1475 ἴσον
3355 1425 3437 1492 τῷ
3494 1420 3782 1485 ἑκουσίως·

2128 1509 2315 1561 Καίτοι
2347 1508 2597 1569 κάκεῖνος
2634 1508 2710 1571 ὡς
2741 1507 2829 1563 ἐπὶ
2861 1510 3095 1582 ἑκουσίῳ
3134 1508 3558 1581 κολασθήσεται,
3594 1510 3670 1575 εἰς
3700 1532 3785 1574 τις

2129 1597 2425 1670 μεταγάγοι
2452 1596 2514 1651 τὸ
2545 1596 2717 1661 πάθος
2762 1596 2851 1652 ἐπὶ
2891 1599 2993 1667 τήν
3052 1597 3332 1670 ἀλήθειαν·
3393 1604 3473 1672 τῷ
3521 1597 3635 1655 ὄντι
3684 1601 3786 1677 γὰρ

2122 1683 2422 1747 κολαστὲος
2452 1686 2480 1740 6
2513 1687 2752 1761 ἀκρατὴς
2782 1690 2880 1742 τοῦ
2907 1686 3140 1762 γονίμου
3189 1687 3376 1763 λόγου·
3411 1690 3440 1744 ’ὀ
3490 1690 3579 1744 καὶ
3632 1688 3789 1758 αὐτὸ,

2123 1774 2293 1837 πάθος
2324 1773 2436 1829 ἐστὶ
2467 1777 2655 1851 ψυχῆς
2689 1773 2909 1852 ἄλογον,
2942 1775 3105 1851 ἐγγὺς
3137 1774 3468 1853 ἀδολεσχίας
3532 1778 3635 1833 ἱόν·
3680 1780 3791 1835 Πι-

2127 1863 2252 1928 στὸς
2324 1860 2381 1918 δὲ
2454 1859 2655 1939 ᾕρηται
2731 1869 2873 1939 πνοῇ
2955 1865 3213 1937 κρύπτειν
3292 1869 3593 1943 πράγματα
3652 1871 3786 1939 (Eii).

2124 1953 2207 2009 Τά
2237 1953 2595 2027 προαιρετικά
2642 1953 2823 2009 τοίνυν
2872 1953 3132 2030 κρίνεται.
3198 1956 3393 2030 Κύριος
3450 1957 3550 2033 γάρ
3612 1955 3789 2026 ἐταζει

2125 2040 2352 2118 καρδίας
2401 2042 2492 2097 καὶ
2545 2041 2775 2120 νεφρούς
2810 2061 2823 2076 ⁸
2883 2045 2975 2098 καὶ
3037 2046 3065 2100 6
3126 2040 3409 2119 ἐμϐλέψας
3463 2047 3601 2121 πρὸς
3658 2047 3790 2101 ἐπι-

2126 2130 2324 2204 Θυμίαν
2381 2130 2641 2207 κρίνεται.
2695 2133 2809 2200 Διὸ,
2860 2130 3015 2204 Μηδὲ
3045 2133 3413 2209 ἐπιθυμήσῃς,
3446 2132 3620 2210 λέγει’
3670 2137 3787 2205 κατ,

2124 2223 2184 2277 Ὀ
2237 2218 2368 2281 λαὸς
2403 2220 2561 2283 οὗτος
2608 2225 2725 2283 τοῖς
2786 2221 3001 2297 χείλεσί
3061 2244 3127 2297 με
3186 2227 3341 2296 τιμᾷ,
3404 2226 3588 2302 φησίν·
3639 2226 3675 2294 ἡ
3729 2223 3790 2280 δὲ

2127 2306 2324 2385 καρδία
2397 2308 2572 2364 αὐτῶν
2647 2309 2839 2386 πόῤῥω
2901 2311 3044 2367 ἐστὶν
3104 2313 3195 2368 ἀπ’
3251 2312 3407 2387 ἐμοῦ.
3469 2313 3563 2379 Εἷς
3619 2313 3790 2384 αὐτὴν

2125 2397 2228 2475 γάρ
2283 2398 2459 2476 ἀφορᾷ
2512 2400 2612 2469 τήν
2664 2399 2893 2474 γνώμην
2941 2401 2970 2455 ὁ
3020 2402 3171 2466 Θεὸς·
3205 2401 3320 2457 ἐπεὶ
3349 2402 3441 2457 καὶ
3495 2404 3596 2473 τὴν
3659 2405 3786 2461 Λὼτ

2125 2494 2354 2562 γυναῖκα
2401 2487 2817 2567 ἐπιστραφεῖσαν
2860 2491 3025 2564 μόνον
3084 2491 3344 2555 ἑκουσίως
3391 2491 3477 2548 ἐπὶ
3532 2494 3634 2563 τὴν
3685 2514 3784 2547 κα-

2126 2577 2246 2632 κίαν
2276 2578 2376 2647 τὴν
2408 2579 2705 2650 κοσμικὴν,
2754 2578 3047 2635 κατέλιπεν
3099 2580 3453 2653 ἀναίσθητον,
3503 2583 3579 2647 ὡς
3626 2581 3783 2638 λίθον

2127 2664 2301 2739 δείξας
2335 2664 2621 2737 ἀλατίνην,
2650 2666 2741 2722 καὶ
2772 2669 2996 2739 στήσας,
3025 2668 3104 2732 εἷς
3131 2671 3195 2725 τὸ
3230 2672 3306 2743 μὴ
3340 2672 3531 2746 πρόσω
3558 2677 3786 2748 χωρεῖν,

2126 2754 2189 2810 οὐ
2224 2757 2409 2829 μωράν
2438 2755 2528 2811 καὶ
2556 2755 2830 2832 ἄπρακτον
2858 2757 3062 2826 εῗκόνα,
3096 2757 3322 2834 ἀρτόσαι
3353 2757 3409 2815 δὲ
3449 2762 3539 2816 καὶ
3589 2764 3789 2835 οτῦψαι

2123 2846 2215 2900 τὸν
2249 2850 2630 2918 πνευματικῶς
2664 2843 2958 2920 δυνάμενον
2988 2844 3199 2923 διορᾷν.

361 2953 559 3009 solum
591 2956 718 3007 erat
768 2963 1053 3005 conversa
1104 2944 1177 3000 ad
1234 2940 1607 2998 mundanum
1664 2938 1895 3005 vitium,
1929 2936 2175 3007 reliquit
2201 2936 2573 3004 insensilem,
2607 2937 2669 2992 in
2701 2937 3157 2995 similitudinem
3189 2939 3395 2996 saliua;
3427 2947 3610 3013 petra:
3642 2959 3789 2998 con-

358 3055 613 3109 versam,
648 3044 705 3093 et
736 3037 820 3093 sic
852 3037 1050 3101 fixam,
1084 3047 1159 3086 ne
1189 3028 1441 3085 ulterius
1472 3027 1945 3100 progrederetur,
1979 3041 2099 3079 non
2131 3024 2375 3079 stultam
2405 3031 2464 3081 et
2484 3041 2616 3096 quas
2657 3024 2809 3079 nihil
2842 3025 3107 3083 efﬁceret
3136 3028 3483 3101 imaginem,
3516 3029 3618 3085 sed
3652 3047 3791 3101 quas

365 3128 609 3185 condire
641 3134 699 3184 et
729 3126 1085 3184 confirmare
1115 3125 1317 3194 posset
1348 3135 1483 3174 eum
1514 3116 1615 3189 qui
1649 3120 1844 3189 potest
1872 3114 2208 3186 perspicere
2240 3113 2608 3186 spiritaliter.

1876 3236 2109 3291 CAPUT
2148 3236 2265 3290 XV.

1039 3337 1117 3391 De
1145 3335 1373 3389 diversis
1401 3330 1706 3387 voluntarii
1734 3334 1785 3383 et
1808 3332 2166 3397 peccatorum
2196 3326 2396 3380 exinde
2424 3328 2767 3396 sequentium
2796 3327 3105 3396 generibus.

428 3445 490 3508 νιι
503 3437 692 3495 Volun
701 3438 917 3493 tarium
932 3439 1153 3499 autem,
1169 3449 1272 3488 seu
1287 3435 1705 3503 spontaneum,
1722 3425 1926 3493 est,vel
1944 3441 2013 3479 ex

2196 3423 2272 3479 T6
2303 3418 2350 3477 δ’
2380 3421 2626 3477 ἑκούσιον
2660 3423 2695 3494 ἢ
2726 3422 2788 3478 τὸ
2843 3424 2962 3478 κατ’
3011 3419 3187 3497 ὅρεξίν
3245 3422 3412 3496 ἐστιν,
3462 3425 3498 3494 ἢ
3528 3426 3591 3481 τὸ
3648 3429 3789 3483 κατά

355 3529 743 3601 appetitione,
766 3526 856 3580 vel
873 3543 944 3581 ex
962 3523 1276 3589 electione,
1297 3521 1389 3575 vel
1404 3532 1475 3575 ex
1495 3517 1680 3574 animi
1696 3515 2011 3572 sententia.

353 3620 481 3673 lam
494 3634 630 3672 vero
648 3617 775 3670 hinc
798 3611 1238 3686 quodammodo
1256 3611 1414 3665 inter
1431 3624 1494 3664 se
1515 3623 1698 3679 prope
1717 3606 1831 3661 sita
1853 3609 2013 3672 sunt,

354 3710 687 3778 peccatum,
720 3702 1138 3767 infortunium,
1166 3699 1362 3755 scelus
1408 3713 1513 3752 seu
1544 3695 1788 3767 injuria.
1826 3696 1897 3748 Et
1926 3699 2018 3749 est

352 3799 662 3866 peccatum
679 3789 1111 3863 quidem,verbi
1124 3786 1641 3861 gratia,luxuriose
1656 3784 2013 3854 etintempe-

353 3888 559 3939 ranter
569 3883 780 3937 vivere.
795 3880 1194 3936 Infortunium
1209 3882 1409 3932 autem
1420 3917 1433 3942 ,
1448 3875 1708 3930 amicum
1727 3878 2011 3943 tanquam

353 3971 666 4029 inimicum
679 3971 1005 4027 inscienter
1016 3964 1516 4024 occidere.Scelus
1531 3968 1730 4018 autem
1744 3978 1848 4017 seu
1862 3961 2015 4033 inju-

350 4063 443 4118 ria
463 4067 571 4130 est,
597 4060 1008 4134 sepulcrorum
1032 4056 1291 4122 effossio,
1321 4059 1422 4110 aut
1443 4053 1843 4125 sacrilegium.
1868 4052 2015 4106 Pec-

354 4168 490 4208 care
521 4156 721 4205 autem
753 4152 990 4205 constat
1014 4163 1083 4202 ex
1114 4162 1206 4211 eo,
1239 4143 1398 4216 quod
1429 4141 1658 4198 nesciat
1688 4140 1822 4212 quis
1835 4139 2010 4212 judi-

352 4256 488 4297 care
537 4238 824 4312 quidnam
876 4237 1072 4294 facere
1122 4238 1411 4307 oporteat,
1465 4238 1567 4287 aut
1609 4230 1768 4303 quod
1814 4230 2010 4285 facere

350 4346 472 4385 non
502 4329 728 4401 possit:
762 4328 919 4383 sicut
956 4330 1116 4381 certe
1154 4324 1217 4379 in
1248 4323 1470 4378 fossam
1520 4336 1759 4392 quoque
1804 4319 2014 4374 incidit

351 4418 591 4489 aliquis,
623 4417 713 4472 vel
766 4415 923 4489 quod
954 4413 1329 4486 ignoraverit,
1362 4410 1453 4465 vel
1501 4410 1659 4482 quod
1707 4407 2009 4464 transilire

354 4523 477 4562 non
505 4505 765 4578 potuerit
794 4508 1038 4577 propter
1066 4501 1546 4558 imbecillitatem
1577 4497 1862 4569 corporis.
1900 4496 2012 4553 Sed

354 4597 416 4651 in
432 4599 639 4651 nostra
651 4593 891 4665 quidem
910 4597 1069 4648 certe
1088 4597 1179 4647 est
1192 4594 1507 4663 potestate,
1531 4586 2010 4660 utpercipiendta

357 4682 692 4755 disciplinae
716 4698 959 4754 operam
990 4680 1219 4749 demus,
1255 4685 1314 4734 et
1340 4685 1407 4734 ut
1434 4693 1753 4750 pareamus
1789 4692 2011 4747 praece-

2127 3510 2463 3587 προαίρεσιν,
2524 3510 2559 3581 ἢ
2606 3511 2671 3567 τὸ
2718 3513 2855 3568 κατᾶ
2912 3509 3174 3570 διάνοιαν.
3226 3512 3434 3569 Αὐτίκα
3464 3515 3791 3591 παράκειταί

2125 3620 2243 3661 πως
2266 3603 2434 3654 ταῦτα
2461 3596 2758 3670 ἀλλήλοις,
2793 3599 3096 3676 ἁμάρτημα
3125 3604 3261 3675 (52),
3320 3602 3605 3678 ἀτύχημα,
3661 3600 3787 3658 ἀδί-

2124 3709 2300 3760 κημα.
2362 3686 2468 3744 Καὶ
2527 3685 2669 3743 ἔστιν
2728 3689 3032 3763 ἁμάρτημα
3084 3690 3181 3763 μὲν
3213 3734 3228 3760 ,
3289 3691 3416 3769 φέρε
3474 3690 3669 3762 air-xiv,
3726 3693 3792 3749 τὸ

2122 3781 2474 3852 τρυφητικῶς
2517 3776 2607 3831 καὶ
2652 3774 2897 3853 ἀσελγῶς
2950 3778 3129 3853 βιοῦν·
3185 3777 3452 3855 ἀτύχημα
3483 3777 3540 3835 δὲ
3568 3781 3662 3835 τὸν
3697 3780 3791 3857 ’ρί-

2125 3864 2243 3935 λον,
2276 3865 2350 3927 ὡς
2399 3863 2692 3938 πολέμιον,
2755 3865 2845 3920 ὑπ’
2901 3865 3120 3942 ἀγνοίας
3180 3865 3392 3942 βαλεῖν·
3427 3866 3676 3943 ἀδίκημα
3729 3867 3789 3927 δὲ

2121 3957 2157 4025 ἡ
2187 3948 2559 4029 τυμϐωρυχία
2615 3952 2650 4023 ἢ
2704 3956 2739 4023 ἡ
2794 3954 3097 4029 ἱεροσυλία.
3146 3956 3218 4011 Τὸ
3250 3953 3307 4011 δὲ
3338 3957 3664 4032 ἁμαρτάνειν
3726 3957 3789 4014 ἐκ

2119 4047 2217 4098 τοῦ
2275 4042 2485 4119 ἀγνοεῖν
2534 4042 2736 4119 κρίνειν
2788 4043 2817 4098 ’ὀ
2869 4064 2922 4097 τι
2981 4044 3093 4120 χρὴ
3128 4050 3303 4099 ποιεῖν
3356 4045 3687 4115 συνίσταται,
3747 4046 3785 4116 ἢ

2120 4136 2199 4204 τῷ
2228 4129 2505 4187 ἀδυνατεῖν
2528 4136 2728 4187 ποιεῖν·
2764 4132 2945 4190 ὥσπερ
2995 4131 3188 4206 ἀμέλει
3241 4133 3330 4190 καὶ
3384 4136 3568 4209 βόθρῳ
3625 4156 3787 4208 περι-

2121 4221 2306 4277 πίπτει
2362 4242 2470 4289 τις,
2528 4218 2655 4290 ἤτοι
2689 4220 2981 4296 ἀγνοήσας,
3038 4221 3073 4292 ἢ
3107 4219 3446 4295 ἀδυνατήσας
3479 4220 3781 4300 ὑπερϐῆναι

2122 4309 2192 4367 δι’
2220 4312 2495 4366 ἀσθὲνειαν
2540 4308 2818 4383 σώματος.
2862 4309 3024 4367 Ἀλλ’
3079 4310 3162 4388 ἐφ’
3209 4315 3344 4387 ἡμῖν
3372 4335 3436 4389 γε
3464 4313 3500 4383 ἢ
3530 4334 3589 4369 τε
3644 4316 3787 4391 πρὸς

2118 4402 2219 4471 τήν
2269 4398 2518 4456 παιδείαν
2573 4401 2734 4472 ἡμῶν
2788 4400 3121 4473 παράστασις
3173 4404 3207 4471 ἢ
3239 4422 3300 4457 τε
3346 4402 3482 4475 πρὸς
3508 4404 3607 4467 τάς
3635 4401 3786 4458 ἐντο-

2121 4489 2221 4554 λάς
2255 4491 2494 4561 ὑπακοή⁸
2526 4487 2602 4543 ὧν
2655 4487 2701 4543 εί
2735 4489 2812 4562 μὴ
2868 4488 3118 4568 μετέχειν
3156 4489 3590 4567 βουληθείημεν,
3622 4494 3785 4567 θυμῷ

2118 4600 2177 4635 τε
2225 4578 2320 4634 καὶ
2376 4576 2640 4651 ἐπιθυμίᾳ
2692 4573 2948 4641 ἐκδότους
3004 4586 3141 4658 σφᾶς
3199 4580 3399 4645 αὐτοὺς
3451 4579 3734 4644 ἀπιδόντες
3769 4625 3786 4650 ,

2120 4671 2576 4747 ἁμαρτησόμεθα,
2633 4672 2848 4746 μᾶλλον
2908 4671 2966 4728 δὶ
3021 4670 3357 4747 ἀδικήσομεν
3414 4674 3514 4743 τὴν
3575 4674 3782 4730 ἑαυτῶν

355 4772 475 4845 ptis
501 4789 513 4826 :
542 4788 796 4843 quorum
828 4772 875 4827 si
906 4770 1277 4826 uoluerimus
1299 4784 1428 4825 esse
1451 4766 1791 4840 participes,
1827 4765 1929 4820 ira:
1953 4770 2011 4820 et

2123 4763 2328 4861 ‘l’?‘/.viv.
2390 4761 2453 4861 :0
2516 4762 2612 4835 μὲν
2664 4762 2765 4839 γὰρ
2817 4763 2982 4825 Λάϊος
3036 4760 3238 4826 ἐκεῖνος
3269 4764 3406 4819 κατά
3434 4763 3533 4833 τὴν
3561 4784 3787 4840 τραγῳ-

350 4860 639 4934 voluptati
671 4878 781 4916 nos
803 4861 965 4932 ipsos
996 4859 1303 4923 dedentes,
1338 4856 1743 4929 peccabimus,
1784 4852 1875 4909 vel
1905 4871 2012 4927 po-

2122 4848 2238 4906 δίαν
2272 4850 2458 4926 φησίν

353 4950 471 5007 tius
498 4951 721 5024 injuria
750 4955 1017 5006 nostram
1042 4948 1375 5004 afficiemus
1403 4947 1688 5002 animam.
1722 4945 1896 5000 Laius
1928 4944 2091 4999 enim
2123 4942 2227 4998 ille
2258 4942 2405 4998 dicit
2429 4943 2491 4998 in
2524 4943 2825 5015 tragaadia.

424 5096 488 5161 ›ι‹
517 5097 624 5152 462
653 5097 764 5151 ED.
799 5095 1094 5162 POTTER,
1127 5094 1228 5147 388
1256 5091 1369 5145 ΕΙ).
1401 5090 1630 5144 PARIS.

1709 5088 1784 5159 (a)
1816 5091 1984 5144 Prov.
2017 5105 2097 5154 χι,
2129 5090 2213 5142 13.

2291 5086 2369 5159 (b)
2405 5087 2560 5144 Psal.
2593 5105 2694 5155 vn,
2723 5091 2775 5145 9.
2802 5091 3019 5146 Jerem.
3051 5107 3189 5155 xm,
3223 5092 3310 5146 10.
3388 5091 3455 5160 (c)
3489 5091 3690 5146 Matth.
3728 5109 3781 5159 v,

352 5160 447 5225 28.
524 5170 604 5241 (ά)
635 5166 816 5222 Exod.
850 5182 946 5231 xx,
983 5160 1087 5220 17(
1147 5166 1215 5235 (e)
1243 5164 1357 5218 Isa.
1388 5177 1546 5228 xxix,
1580 5162 1643 5215 13
1678 5176 1692 5225 ;
1725 5161 1927 5215 Matth.
1956 5177 2047 5229 xv,
2080 5161 2152 5225 8;
2186 5160 2360 5215 Marc.
2396 5177 2490 5226 vn,
2518 5163 2568 5219 6.

354 5320 527 5375 hastis
575 5318 837 5373 deludens
866 5314 1110 5384 aliquem
1142 5310 1508 5384 interfecerit,
1536 5309 1661 5384 pila
1690 5328 1759 5366 ea:
1788 5312 2013 5383 cuspide

353 5391 509 5447 haste
538 5390 784 5460 delapsa.
818 5381 1198 5441 Villiomarus
1221 5384 1281 5438 in
1313 5382 1530 5438 Titium
1561 5381 1665 5436 lib.
1698 5399 1751 5449 v,
1785 5381 2009 5455 capAi.

353 5463 433 5517 Co
441 5478 624 5518 LLECT.

426 5533 542 5603 (51)
610 5533 757 5602 Ηνοῇ
821 5526 1082 5603 κρύπτειν
1148 5545 1245 5603 πρ.
1320 5524 2012 5603 Vu_lgatam_lectionem

356 5596 641 5683 sequitur
656 5596 834 5683 etiam
854 5596 1216 5683 interpretis
1262 5596 1476 5683 versio,
1529 5596 1688 5667 eligit
1717 5615 1808 5679 res.
1837 5598 2015 5683 celare

354 5668 597 5742 spiritu:
628 5675 824 5744 inquit
852 5668 1221 5744 Sylburgius,
1253 5669 1623 5744 ex_ist_ima_ns,
1665 5674 1731 5723 ut
1760 5668 2012 5744 videtur,

356 5739 585 5798 textum
615 5739 874 5801 auctoris
894 5739 1271 5815 'corm'ptum.
1307 5739 1418 5797 Sed
1457 5740 1543 5795 nil
1564 5740 1782 5796 mutari
1803 5739 2012 5796 debet:

2121 5313 2367 5388 respicit
2397 5312 2557 5388 enim
2588 5313 2864 5388 Clemens
2893 5316 3059 5388 Prov.
3093 5331 3169 5388 xi,
3204 5318 3271 5388 l3
3299 5333 3312 5369 :
3347 5315 3513 5388 Ἀνῇρ
3547 5311 3782 5388 δίγλωσ-

2121 5381 2623 5459 σοξάποκαλόπτει
2679 5381 2888 5459 βουλάς
2916 5385 2973 5459 ἐν
2999 5383 3285 5459 συνεδρίῳ·
3318 5381 3512 5446 πιστὸς
3544 5381 3782 5459 δὲ’πνοῇ

2119 5454 2346 5540 κρύπτει
2377 5454 2691 5540 πράγματαζ
2728 5458 2885 5540 Loca
2906 5454 3248 5540 scripturas;
3282 5476 3415 5531 quas
3444 5454 3787 5531 sequuntur

2123 5529 2332 5585 auctor
2360 5546 2390 5583 e
2421 5529 2713 5585 memoria
2744 5529 3033 5585 recitavit.

2133 5604 2304 5689 m(52')
2363 5599 2609 5675 Ἀμάρτη
2622 5619 2715 5689 μα.
2746 5599 3206 5689 ,ςΑμαρτήματος
3229 5643 3244 5667 ,
3300 5602 3678 5689 ἀτυχήματος¹
3728 5608 3789 5658 et

2123 5667 2284 5754 ἀξίκή
2298 5667 2464 5754 ματοές
2509 5667 2824 5754 explicatio
2845 5667 2854 5672 ⁷
2874 5667 2965 5728 est
3004 5667 3182 5729 etiam
3212 5674 3369 5745 apud
3399 5667 3785 5731 Kristotelem

2126 5742 2230 5799 lib.
2262 5742 2317 5811 ν,
2350 5760 2400 5801 c.
2434 5748 2489 5798 8.
2522 5742 2799 5801 Sinaucc.
