  <div class='ocr_page' id='page_1' title='image "/cluster/home/n/w/nwhite01/storage/ocr_20150623/8/coo.31924054872878/509.png"; bbox 0 0 4144 6404; ppageno 0'>
   <div class='ocr_carea' id='block_1_1' title="bbox 375 410 517 469">
    <p class='ocr_par' dir='ltr' id='par_1_1' title="bbox 375 410 517 469">
     <span class='ocr_line' id='line_1_1' title="bbox 375 410 517 469; baseline -0.021 0"><span class='ocrx_word' id='word_1_1' title='bbox 375 410 517 469; x_wconf 83' lang='grc'><strong>1007</strong></span> 
     </span>
    </p>
   </div>
   <div class='ocr_carea' id='block_1_2' title="bbox 1604 400 2558 460">
    <p class='ocr_par' dir='ltr' id='par_1_2' title="bbox 1604 400 2558 460">
     <span class='ocr_line' id='line_1_2' title="bbox 1604 400 2558 460; baseline 0.001 -3"><span class='ocrx_word' id='word_1_2' title='bbox 1604 401 2019 459; x_wconf 72' lang='lat' dir='ltr'><strong>CLEMENTIB</strong></span> <span class='ocrx_word' id='word_1_3' title='bbox 2052 400 2558 460; x_wconf 65' lang='lat' dir='ltr'><strong>ALEXANDRINI</strong></span> 
     </span>
    </p>
   </div>
   <div class='ocr_carea' id='block_1_3' title="bbox 3661 407 3806 464">
    <p class='ocr_par' dir='ltr' id='par_1_3' title="bbox 3661 407 3806 464">
     <span class='ocr_line' id='line_1_3' title="bbox 3661 407 3806 464; baseline 0 0"><span class='ocrx_word' id='word_1_4' title='bbox 3661 407 3806 464; x_wconf 87' lang='grc'><strong>1008</strong></span> 
     </span>
    </p>
   </div>
   <div class='ocr_carea' id='block_1_4' title="bbox 371 516 2045 609">
    <p class='ocr_par' dir='ltr' id='par_1_4' title="bbox 371 525 2032 609">
     <span class='ocr_line' id='line_1_4' title="bbox 371 525 2032 609; baseline -0.008 -15"><span class='ocrx_word' id='word_1_5' title='bbox 371 537 616 594; x_wconf 86' lang='lat' dir='ltr'><strong>videtur</strong></span> <span class='ocrx_word' id='word_1_6' title='bbox 641 546 873 609; x_wconf 87' lang='lat' dir='ltr'><strong>quoque</strong></span> <span class='ocrx_word' id='word_1_7' title='bbox 904 528 1210 603; x_wconf 82' lang='lat' dir='ltr'><strong>legislator</strong></span> <span class='ocrx_word' id='word_1_8' title='bbox 1238 525 1452 584; x_wconf 89' lang='lat' dir='ltr'><strong>docere</strong></span> <span class='ocrx_word' id='word_1_9' title='bbox 1481 530 1605 583; x_wconf 88' lang='lat' dir='ltr'><strong>tres</strong></span> <span class='ocrx_word' id='word_1_10' title='bbox 1632 525 1866 593; x_wconf 87' lang='lat' dir='ltr'><strong>modos,</strong></span> <span class='ocrx_word' id='word_1_11' title='bbox 1898 525 2032 598; x_wconf 89' lang='lat' dir='ltr'><strong>qui-</strong></span> 
     </span>
    </p>
   </div>
   <div class='ocr_carea' id='block_1_5' title="bbox 2167 516 3809 609">
    <p class='ocr_par' dir='ltr' id='par_1_5' title="bbox 2167 516 3809 609">
     <span class='ocr_line' id='line_1_5' title="bbox 2167 516 3809 609; baseline 0.005 -31"><span class='ocrx_word' id='word_1_12' title='bbox 2167 523 2210 579; x_wconf 79' lang='grc' dir='ltr'><strong>τὰ</strong></span> <span class='ocrx_word' id='word_1_13' title='bbox 2240 526 2436 602; x_wconf 86' lang='grc' dir='ltr'>θέατρα</span> <span class='ocrx_word' id='word_1_14' title='bbox 2466 526 2653 584; x_wconf 73' lang='grc' dir='ltr'>καὶτὰ</span> <span class='ocrx_word' id='word_1_15' title='bbox 2712 516 3037 604; x_wconf 74' lang='grc' dir='ltr'>δικαστήρια</span> <span class='ocrx_word' id='word_1_16' title='bbox 3095 530 3205 605; x_wconf 84' lang='grc'>(⁸78)</span> <span class='ocrx_word' id='word_1_17' title='bbox 3264 526 3351 602; x_wconf 68' lang='grc' dir='ltr'><strong>εἴη</strong></span> <span class='ocrx_word' id='word_1_18' title='bbox 3404 531 3488 586; x_wconf 82' lang='grc' dir='ltr'>ἄν’</span> <span class='ocrx_word' id='word_1_19' title='bbox 3551 529 3685 609; x_wconf 73' lang='grc' dir='ltr'>ὅπερ</span> <span class='ocrx_word' id='word_1_20' title='bbox 3715 531 3809 588; x_wconf 81' lang='grc' dir='ltr'><strong>καὶ</strong></span> 
     </span>
    </p>
   </div>
   <div class='ocr_carea' id='block_1_6' title="bbox 380 616 2034 696">
    <p class='ocr_par' dir='ltr' id='par_1_6' title="bbox 380 616 2034 696">
     <span class='ocr_line' id='line_1_6' title="bbox 380 616 2034 696; baseline -0.008 -12"><span class='ocrx_word' id='word_1_21' title='bbox 380 629 492 684; x_wconf 90' lang='lat' dir='ltr'><strong>bus</strong></span> <span class='ocrx_word' id='word_1_22' title='bbox 514 625 803 696; x_wconf 82' lang='lat' dir='ltr'><strong>accipitur</strong></span> <span class='ocrx_word' id='word_1_23' title='bbox 832 625 1181 693; x_wconf 88' lang='lat' dir='ltr'><strong>peccatum:</strong></span> <span class='ocrx_word' id='word_1_24' title='bbox 1235 634 1443 674; x_wconf 88' lang='lat' dir='ltr'><strong>eorum</strong></span> <span class='ocrx_word' id='word_1_25' title='bbox 1493 616 1759 688; x_wconf 85' lang='lat' dir='ltr'><strong>quidem,</strong></span> <span class='ocrx_word' id='word_1_26' title='bbox 1791 632 1923 688; x_wconf 69' lang='lat' dir='ltr'><strong>qum</strong></span> <span class='ocrx_word' id='word_1_27' title='bbox 1969 616 2034 671; x_wconf 91' lang='lat' dir='ltr'><strong>in</strong></span> 
     </span>
    </p>
   </div>
   <div class='ocr_carea' id='block_1_7' title="bbox 385 706 2038 781">
    <p class='ocr_par' dir='ltr' id='par_1_7' title="bbox 385 706 2038 781">
     <span class='ocr_line' id='line_1_7' title="bbox 385 706 2038 781; baseline -0.007 -10"><span class='ocrx_word' id='word_1_28' title='bbox 385 730 658 772; x_wconf 83' lang='lat' dir='ltr'><strong>sermone</strong></span> <span class='ocrx_word' id='word_1_29' title='bbox 691 713 864 778; x_wconf 84' lang='lat' dir='ltr'><strong>ﬁunt,</strong></span> <span class='ocrx_word' id='word_1_30' title='bbox 895 725 1002 781; x_wconf 89' lang='lat' dir='ltr'><strong>per</strong></span> <span class='ocrx_word' id='word_1_31' title='bbox 1031 708 1225 780; x_wconf 86' lang='lat' dir='ltr'><strong>pisces</strong></span> <span class='ocrx_word' id='word_1_32' title='bbox 1251 712 1449 762; x_wconf 88' lang='lat' dir='ltr'><strong>mutos</strong></span> <span class='ocrx_word' id='word_1_33' title='bbox 1474 727 1490 774; x_wconf 83' lang='lat'><strong>;</strong></span> <span class='ocrx_word' id='word_1_34' title='bbox 1523 710 1614 762; x_wconf 88' lang='lat' dir='ltr'><strong>est</strong></span> <span class='ocrx_word' id='word_1_35' title='bbox 1642 706 1802 761; x_wconf 90' lang='lat' dir='ltr'><strong>enim</strong></span> <span class='ocrx_word' id='word_1_36' title='bbox 1832 721 2038 761; x_wconf 79' lang='lat' dir='ltr'><strong>revera</strong></span> 
     </span>
    </p>
   </div>
   <div class='ocr_carea' id='block_1_8' title="bbox 383 796 2037 868">
    <p class='ocr_par' dir='ltr' id='par_1_8' title="bbox 383 796 2037 868">
     <span class='ocr_line' id='line_1_8' title="bbox 383 796 2037 868; baseline -0.007 -7"><span class='ocrx_word' id='word_1_37' title='bbox 383 805 486 861; x_wconf 90' lang='lat' dir='ltr'><strong>ubi</strong></span> <span class='ocrx_word' id='word_1_38' title='bbox 517 803 797 858; x_wconf 84' lang='lat' dir='ltr'><strong>silentium</strong></span> <span class='ocrx_word' id='word_1_39' title='bbox 856 806 933 854; x_wconf 85' lang='lat' dir='ltr'><strong>est</strong></span> <span class='ocrx_word' id='word_1_40' title='bbox 989 814 1232 854; x_wconf 80' lang='lat' dir='ltr'><strong>sermone</strong></span> <span class='ocrx_word' id='word_1_41' title='bbox 1277 798 1676 868; x_wconf 77' lang='lat' dir='ltr'><strong>praestantius;</strong></span> <span class='ocrx_word' id='word_1_42' title='bbox 1735 801 1827 851; x_wconf 90' lang='lat' dir='ltr'><strong>est</strong></span> <span class='ocrx_word' id='word_1_43' title='bbox 1858 796 2037 850; x_wconf 85' lang='lat' dir='ltr'><strong>etiam</strong></span> 
     </span>
    </p>
   </div>
   <div class='ocr_carea' id='block_1_9' title="bbox 382 887 2037 960">
    <p class='ocr_par' dir='ltr' id='par_1_9' title="bbox 382 887 2037 960">
     <span class='ocr_line' id='line_1_9' title="bbox 382 887 2037 960; baseline -0.006 -10"><span class='ocrx_word' id='word_1_44' title='bbox 382 895 592 952; x_wconf 80' lang='lat' dir='ltr'><strong>silentii</strong></span> <span class='ocrx_word' id='word_1_45' title='bbox 620 893 792 947; x_wconf 87' lang='lat' dir='ltr'><strong>honor</strong></span> <span class='ocrx_word' id='word_1_46' title='bbox 821 905 1016 960; x_wconf 67' lang='lat' dir='ltr'><strong>expers</strong></span> <span class='ocrx_word' id='word_1_47' title='bbox 1054 887 1339 959; x_wconf 76' lang='lat' dir='ltr'><strong>periculi;</strong></span> <span class='ocrx_word' id='word_1_48' title='bbox 1397 903 1603 942; x_wconf 89' lang='lat' dir='ltr'><strong>eorum</strong></span> <span class='ocrx_word' id='word_1_49' title='bbox 1651 891 1873 955; x_wconf 90' lang='lat' dir='ltr'><strong>autem,</strong></span> <span class='ocrx_word' id='word_1_50' title='bbox 1906 902 2037 956; x_wconf 68' lang='lat' dir='ltr'><strong>quas</strong></span> 
     </span>
    </p>
   </div>
   <div class='ocr_carea' id='block_1_10' title="bbox 386 976 2042 1051">
    <p class='ocr_par' dir='ltr' id='par_1_10' title="bbox 386 976 2042 1051">
     <span class='ocr_line' id='line_1_10' title="bbox 386 976 2042 1051; baseline -0.007 -11"><span class='ocrx_word' id='word_1_51' title='bbox 386 988 525 1040; x_wconf 90' lang='lat' dir='ltr'><strong>sunt</strong></span> <span class='ocrx_word' id='word_1_52' title='bbox 544 982 606 1037; x_wconf 93' lang='lat' dir='ltr'><strong>in</strong></span> <span class='ocrx_word' id='word_1_53' title='bbox 630 981 809 1051; x_wconf 88' lang='lat' dir='ltr'><strong>facto,</strong></span> <span class='ocrx_word' id='word_1_54' title='bbox 841 996 948 1051; x_wconf 89' lang='lat' dir='ltr'><strong>per</strong></span> <span class='ocrx_word' id='word_1_55' title='bbox 978 995 1113 1034; x_wconf 84' lang='lat' dir='ltr'><strong>aves</strong></span> <span class='ocrx_word' id='word_1_56' title='bbox 1140 994 1386 1049; x_wconf 83' lang='lat' dir='ltr'><strong>rapaces</strong></span> <span class='ocrx_word' id='word_1_57' title='bbox 1419 982 1477 1031; x_wconf 91' lang='lat' dir='ltr'><strong>et</strong></span> <span class='ocrx_word' id='word_1_58' title='bbox 1504 976 1841 1032; x_wconf 87' lang='lat' dir='ltr'><strong>carnivoras</strong></span> <span class='ocrx_word' id='word_1_59' title='bbox 1862 992 1876 1043; x_wconf 92' lang='lat'><strong>;</strong></span> <span class='ocrx_word' id='word_1_60' title='bbox 1901 992 2042 1047; x_wconf 90' lang='lat' dir='ltr'><strong>por-</strong></span> 
     </span>
    </p>
   </div>
   <div class='ocr_carea' id='block_1_11' title="bbox 386 1064 2040 1141">
    <p class='ocr_par' dir='ltr' id='par_1_11' title="bbox 386 1064 2040 1141">
     <span class='ocr_line' id='line_1_11' title="bbox 386 1064 2040 1141; baseline -0.004 -15"><span class='ocrx_word' id='word_1_61' title='bbox 386 1088 488 1126; x_wconf 91' lang='lat' dir='ltr'><strong>cus</strong></span> <span class='ocrx_word' id='word_1_62' title='bbox 520 1085 687 1125; x_wconf 72' lang='lat' dir='ltr'><strong>emno</strong></span> <span class='ocrx_word' id='word_1_63' title='bbox 729 1073 789 1123; x_wconf 90' lang='lat' dir='ltr'><strong>et</strong></span> <span class='ocrx_word' id='word_1_64' title='bbox 844 1073 1105 1122; x_wconf 83' lang='lat' dir='ltr'><strong>stercore</strong></span> <span class='ocrx_word' id='word_1_65' title='bbox 1163 1064 1531 1141; x_wconf 69' lang='lat' dir='ltr'><strong>delectatur;</strong></span> <span class='ocrx_word' id='word_1_66' title='bbox 1590 1069 1651 1119; x_wconf 90' lang='lat' dir='ltr'><strong>et</strong></span> <span class='ocrx_word' id='word_1_67' title='bbox 1702 1069 1936 1136; x_wconf 84' lang='lat' dir='ltr'><strong>oportet</strong></span> <span class='ocrx_word' id='word_1_68' title='bbox 1965 1079 2040 1119; x_wconf 90' lang='lat' dir='ltr'><strong>ne</strong></span> 
     </span>
    </p>
   </div>
   <div class='ocr_carea' id='block_1_12' title="bbox 387 1153 2040 1228">
    <p class='ocr_par' dir='ltr' id='par_1_12' title="bbox 387 1153 2040 1228">
     <span class='ocr_line' id='line_1_12' title="bbox 387 1153 2040 1228; baseline -0.006 -11"><span class='ocrx_word' id='word_1_69' title='bbox 387 1161 777 1217; x_wconf 79' lang='lat' dir='ltr'><strong>conscientiam</strong></span> <span class='ocrx_word' id='word_1_70' title='bbox 826 1156 1071 1228; x_wconf 85' lang='lat' dir='ltr'><strong>quidem</strong></span> <span class='ocrx_word' id='word_1_71' title='bbox 1127 1155 1346 1211; x_wconf 89' lang='lat' dir='ltr'><strong>habere</strong></span> <span class='ocrx_word' id='word_1_72' title='bbox 1399 1153 1677 1225; x_wconf 77' lang='lat' dir='ltr'><strong>pollutam</strong></span> <span class='ocrx_word' id='word_1_73' title='bbox 1707 1155 1803 1225; x_wconf 84' lang='grc' dir='ltr'>(α).</span> <span class='ocrx_word' id='word_1_74' title='bbox 1836 1154 2040 1208; x_wconf 85' lang='lat' dir='ltr'><strong>Merito</strong></span> 
     </span>
    </p>
   </div>
   <div class='ocr_carea' id='block_1_13' title="bbox 389 1243 2046 1323">
    <p class='ocr_par' dir='ltr' id='par_1_13' title="bbox 389 1243 2046 1323">
     <span class='ocr_line' id='line_1_13' title="bbox 389 1243 2046 1323; baseline -0.005 -17"><span class='ocrx_word' id='word_1_75' title='bbox 389 1266 527 1323; x_wconf 78' lang='lat' dir='ltr'><strong>ergo</strong></span> <span class='ocrx_word' id='word_1_76' title='bbox 557 1249 703 1304; x_wconf 86' lang='lat' dir='ltr'><strong>dicit</strong></span> <span class='ocrx_word' id='word_1_77' title='bbox 746 1247 1074 1319; x_wconf 81' lang='lat' dir='ltr'><strong>propheta:</strong></span> <span class='ocrx_word' id='word_1_78' title='bbox 1134 1247 1254 1302; x_wconf 86' lang='lat' dir='ltr'><strong>Non</strong></span> <span class='ocrx_word' id='word_1_79' title='bbox 1305 1247 1403 1313; x_wconf 89' lang='lat' dir='ltr'><strong>sic,</strong></span> <span class='ocrx_word' id='word_1_80' title='bbox 1466 1243 1683 1315; x_wconf 83' lang='lat' dir='ltr'><strong>inquit,</strong></span> <span class='ocrx_word' id='word_1_81' title='bbox 1736 1245 1917 1314; x_wconf 86' lang='lat' dir='ltr'><strong>impii,</strong></span> <span class='ocrx_word' id='word_1_82' title='bbox 1949 1243 2046 1299; x_wconf 89' lang='lat' dir='ltr'><strong>sed</strong></span> 
     </span>
    </p>
   </div>
   <div class='ocr_carea' id='block_1_14' title="bbox 391 1335 2040 1411">
    <p class='ocr_par' dir='ltr' id='par_1_14' title="bbox 391 1335 2040 1411">
     <span class='ocr_line' id='line_1_14' title="bbox 391 1335 2040 1411; baseline -0.005 -14"><span class='ocrx_word' id='word_1_83' title='bbox 391 1348 655 1411; x_wconf 82' lang='lat' dir='ltr'><strong>tanquam</strong></span> <span class='ocrx_word' id='word_1_84' title='bbox 675 1338 885 1409; x_wconf 80' lang='lat' dir='ltr'><strong>pulvis,</strong></span> <span class='ocrx_word' id='word_1_85' title='bbox 917 1352 1077 1408; x_wconf 84' lang='lat' dir='ltr'><strong>quem</strong></span> <span class='ocrx_word' id='word_1_86' title='bbox 1098 1335 1338 1407; x_wconf 86' lang='lat' dir='ltr'><strong>projicit</strong></span> <span class='ocrx_word' id='word_1_87' title='bbox 1376 1341 1568 1389; x_wconf 83' lang='lat' dir='ltr'><strong>ventus</strong></span> <span class='ocrx_word' id='word_1_88' title='bbox 1597 1351 1633 1389; x_wconf 88' lang='lat' dir='ltr'><strong>a</strong></span> <span class='ocrx_word' id='word_1_89' title='bbox 1658 1336 1810 1403; x_wconf 83' lang='lat' dir='ltr'><strong>facie</strong></span> <span class='ocrx_word' id='word_1_90' title='bbox 1858 1340 2040 1389; x_wconf 68' lang='lat' dir='ltr'><strong>terra.</strong></span> 
     </span>
    </p>
   </div>
   <div class='ocr_carea' id='block_1_15' title="bbox 390 1423 2043 1501">
    <p class='ocr_par' dir='ltr' id='par_1_15' title="bbox 390 1423 2043 1501">
     <span class='ocr_line' id='line_1_15' title="bbox 390 1423 2043 1501; baseline -0.005 -15"><span class='ocrx_word' id='word_1_91' title='bbox 390 1434 691 1501; x_wconf 79' lang='lat' dir='ltr'><strong>Propterea</strong></span> <span class='ocrx_word' id='word_1_92' title='bbox 717 1444 828 1483; x_wconf 84' lang='lat' dir='ltr'><strong>non</strong></span> <span class='ocrx_word' id='word_1_93' title='bbox 854 1432 1141 1496; x_wconf 86' lang='lat' dir='ltr'><strong>resurgent</strong></span> <span class='ocrx_word' id='word_1_94' title='bbox 1170 1427 1331 1496; x_wconf 86' lang='lat' dir='ltr'><strong>impii</strong></span> <span class='ocrx_word' id='word_1_95' title='bbox 1352 1426 1411 1478; x_wconf 88' lang='lat' dir='ltr'><strong>in</strong></span> <span class='ocrx_word' id='word_1_96' title='bbox 1423 1425 1642 1494; x_wconf 87' lang='lat' dir='ltr'><strong>judicio</strong></span> <span class='ocrx_word' id='word_1_97' title='bbox 1660 1423 1774 1495; x_wconf 84' lang='lat' dir='ltr'><strong>(b),</strong></span> <span class='ocrx_word' id='word_1_98' title='bbox 1800 1424 1901 1494; x_wconf 88' lang='lat' dir='ltr'><strong>qui</strong></span> <span class='ocrx_word' id='word_1_99' title='bbox 1915 1423 2043 1495; x_wconf 89' lang='lat' dir='ltr'><strong>jam</strong></span> 
     </span>
    </p>
   </div>
   <div class='ocr_carea' id='block_1_16' title="bbox 394 1513 2048 1588">
    <p class='ocr_par' dir='ltr' id='par_1_16' title="bbox 394 1513 2048 1588">
     <span class='ocr_line' id='line_1_16' title="bbox 394 1513 2048 1588; baseline -0.007 -10"><span class='ocrx_word' id='word_1_100' title='bbox 394 1528 534 1578; x_wconf 88' lang='lat' dir='ltr'><strong>sunt</strong></span> <span class='ocrx_word' id='word_1_101' title='bbox 563 1517 947 1575; x_wconf 83' lang='lat' dir='ltr'><strong>condemnati</strong></span> <span class='ocrx_word' id='word_1_102' title='bbox 974 1534 986 1572; x_wconf 91' lang='lat'>:</span> <span class='ocrx_word' id='word_1_103' title='bbox 1021 1516 1306 1588; x_wconf 89' lang='lat' dir='ltr'><strong>quoniam</strong></span> <span class='ocrx_word' id='word_1_104' title='bbox 1330 1517 1428 1585; x_wconf 87' lang='lat' dir='ltr'><strong>qui</strong></span> <span class='ocrx_word' id='word_1_105' title='bbox 1450 1530 1561 1569; x_wconf 84' lang='lat' dir='ltr'><strong>non</strong></span> <span class='ocrx_word' id='word_1_106' title='bbox 1587 1513 1783 1581; x_wconf 87' lang='lat' dir='ltr'><strong>credit,</strong></span> <span class='ocrx_word' id='word_1_107' title='bbox 1798 1513 1923 1582; x_wconf 89' lang='lat' dir='ltr'><strong>jam</strong></span> <span class='ocrx_word' id='word_1_108' title='bbox 1943 1513 2048 1584; x_wconf 86' lang='lat' dir='ltr'><strong>ju-</strong></span> 
     </span>
    </p>
   </div>
   <div class='ocr_carea' id='block_1_17' title="bbox 393 1601 2046 1678">
    <p class='ocr_par' dir='ltr' id='par_1_17' title="bbox 393 1601 2046 1678">
     <span class='ocr_line' id='line_1_17' title="bbox 393 1601 2046 1678; baseline -0.006 -11"><span class='ocrx_word' id='word_1_109' title='bbox 393 1612 607 1668; x_wconf 82' lang='lat' dir='ltr'><strong>dicatus</strong></span> <span class='ocrx_word' id='word_1_110' title='bbox 636 1616 753 1674; x_wconf 85' lang='lat' dir='ltr'><strong>est;</strong></span> <span class='ocrx_word' id='word_1_111' title='bbox 782 1624 958 1678; x_wconf 84' lang='lat' dir='ltr'><strong>neque</strong></span> <span class='ocrx_word' id='word_1_112' title='bbox 971 1613 1290 1678; x_wconf 88' lang='lat' dir='ltr'><strong>peccatores</strong></span> <span class='ocrx_word' id='word_1_113' title='bbox 1318 1607 1377 1660; x_wconf 89' lang='lat' dir='ltr'><strong>in</strong></span> <span class='ocrx_word' id='word_1_114' title='bbox 1407 1605 1636 1660; x_wconf 86' lang='lat' dir='ltr'><strong>consilio</strong></span> <span class='ocrx_word' id='word_1_115' title='bbox 1647 1606 1930 1675; x_wconf 81' lang='lat' dir='ltr'><strong>justorum</strong></span> <span class='ocrx_word' id='word_1_116' title='bbox 1948 1601 2046 1675; x_wconf 92' lang='lat' dir='ltr'><strong>(c),</strong></span> 
     </span>
    </p>
   </div>
   <div class='ocr_carea' id='block_1_18' title="bbox 396 1695 2052 1774">
    <p class='ocr_par' dir='ltr' id='par_1_18' title="bbox 396 1695 2052 1774">
     <span class='ocr_line' id='line_1_18' title="bbox 396 1695 2052 1774; baseline -0.005 -17"><span class='ocrx_word' id='word_1_117' title='bbox 396 1702 498 1774; x_wconf 89' lang='lat' dir='ltr'><strong>qui</strong></span> <span class='ocrx_word' id='word_1_118' title='bbox 522 1702 649 1773; x_wconf 87' lang='lat' dir='ltr'><strong>jam</strong></span> <span class='ocrx_word' id='word_1_119' title='bbox 680 1703 821 1755; x_wconf 87' lang='lat' dir='ltr'><strong>sunt</strong></span> <span class='ocrx_word' id='word_1_120' title='bbox 850 1697 1117 1753; x_wconf 85' lang='lat' dir='ltr'><strong>damnati</strong></span> <span class='ocrx_word' id='word_1_121' title='bbox 1173 1696 1249 1752; x_wconf 88' lang='lat' dir='ltr'><strong>ad</strong></span> <span class='ocrx_word' id='word_1_122' title='bbox 1306 1696 1441 1764; x_wconf 91' lang='lat' dir='ltr'><strong>hoc,</strong></span> <span class='ocrx_word' id='word_1_123' title='bbox 1498 1699 1566 1750; x_wconf 91' lang='lat' dir='ltr'><strong>ut</strong></span> <span class='ocrx_word' id='word_1_124' title='bbox 1609 1711 1734 1750; x_wconf 90' lang='lat' dir='ltr'><strong>non</strong></span> <span class='ocrx_word' id='word_1_125' title='bbox 1760 1695 2052 1750; x_wconf 91' lang='lat' dir='ltr'><strong>uniantur</strong></span> 
     </span>
    </p>
   </div>
   <div class='ocr_carea' id='block_1_19' title="bbox 394 1786 2050 1867">
    <p class='ocr_par' dir='ltr' id='par_1_19' title="bbox 394 1786 2050 1867">
     <span class='ocr_line' id='line_1_19' title="bbox 394 1786 2050 1867; baseline -0.004 -20"><span class='ocrx_word' id='word_1_126' title='bbox 394 1793 468 1847; x_wconf 88' lang='lat' dir='ltr'><strong>iis</strong></span> <span class='ocrx_word' id='word_1_127' title='bbox 498 1791 600 1862; x_wconf 90' lang='lat' dir='ltr'><strong>qui</strong></span> <span class='ocrx_word' id='word_1_128' title='bbox 630 1791 987 1845; x_wconf 84' lang='lat' dir='ltr'><strong>innocenter</strong></span> <span class='ocrx_word' id='word_1_129' title='bbox 1013 1788 1320 1867; x_wconf 79' lang='lat' dir='ltr'><strong>vixerunt:</strong></span> <span class='ocrx_word' id='word_1_130' title='bbox 1372 1788 1640 1851; x_wconf 83' lang='lat' dir='ltr'><strong>Quoniam</strong></span> <span class='ocrx_word' id='word_1_131' title='bbox 1677 1789 1831 1842; x_wconf 87' lang='lat' dir='ltr'><strong>novit</strong></span> <span class='ocrx_word' id='word_1_132' title='bbox 1860 1786 2050 1841; x_wconf 80' lang='lat' dir='ltr'><strong>Domi-</strong></span> 
     </span>
    </p>
   </div>
   <div class='ocr_carea' id='block_1_20' title="bbox 2148 613 3814 696">
    <p class='ocr_par' dir='ltr' id='par_1_20' title="bbox 2148 613 3814 696">
     <span class='ocr_line' id='line_1_20' title="bbox 2148 613 3814 696; baseline 0.004 -26"><span class='ocrx_word' id='word_1_133' title='bbox 2148 613 2366 689; x_wconf 81' lang='grc' dir='ltr'>μᾶλλον</span> <span class='ocrx_word' id='word_1_134' title='bbox 2398 618 2434 687; x_wconf 81' lang='grc' dir='ltr'>ἡ</span> <span class='ocrx_word' id='word_1_135' title='bbox 2468 616 2900 690; x_wconf 74' lang='grc' dir='ltr'>ἐξακολούθησις</span> <span class='ocrx_word' id='word_1_136' title='bbox 2943 623 3065 683; x_wconf 90' lang='grc' dir='ltr'>ταῖς</span> <span class='ocrx_word' id='word_1_137' title='bbox 3112 624 3388 696; x_wconf 73' lang='grc' dir='ltr'>πονηραῖς</span> <span class='ocrx_word' id='word_1_138' title='bbox 3437 622 3526 675; x_wconf 78' lang='grc' dir='ltr'>καὶ</span> <span class='ocrx_word' id='word_1_139' title='bbox 3558 626 3679 683; x_wconf 89' lang='grc' dir='ltr'>ταῖς</span> <span class='ocrx_word' id='word_1_140' title='bbox 3711 620 3814 677; x_wconf 83' lang='grc' dir='ltr'><strong>λυ-</strong></span> 
     </span>
    </p>
   </div>
   <div class='ocr_carea' id='block_1_21' title="bbox 2151 705 3809 786">
    <p class='ocr_par' dir='ltr' id='par_1_21' title="bbox 2151 705 3809 786">
     <span class='ocr_line' id='line_1_21' title="bbox 2151 705 3809 786; baseline 0.004 -27"><span class='ocrx_word' id='word_1_141' title='bbox 2151 711 2433 777; x_wconf 84' lang='grc' dir='ltr'>μαντικαῖς</span> <span class='ocrx_word' id='word_1_142' title='bbox 2461 705 2729 780; x_wconf 80' lang='grc' dir='ltr'><strong>ἐξουσίαις</strong></span> <span class='ocrx_word' id='word_1_143' title='bbox 2785 708 2873 764; x_wconf 70' lang='grc' dir='ltr'>καὶ</span> <span class='ocrx_word' id='word_1_144' title='bbox 2923 711 2959 779; x_wconf 80' lang='grc' dir='ltr'>ἠ</span> <span class='ocrx_word' id='word_1_145' title='bbox 3018 708 3155 764; x_wconf 72' lang='grc' dir='ltr'>κατὰ</span> <span class='ocrx_word' id='word_1_146' title='bbox 3207 711 3275 764; x_wconf 72' lang='grc' dir='ltr'><strong>τὰ</strong></span> <span class='ocrx_word' id='word_1_147' title='bbox 3323 706 3454 786; x_wconf 79' lang='grc' dir='ltr'>ἔργα</span> <span class='ocrx_word' id='word_1_148' title='bbox 3482 713 3659 766; x_wconf 84' lang='grc' dir='ltr'>αῦτῶν</span> <span class='ocrx_word' id='word_1_149' title='bbox 3692 732 3809 766; x_wconf 85' lang='grc' dir='ltr'>κοι-</span> 
     </span>
    </p>
   </div>
   <div class='ocr_carea' id='block_1_22' title="bbox 2146 793 3808 875">
    <p class='ocr_par' dir='ltr' id='par_1_22' title="bbox 2146 793 3808 875">
     <span class='ocr_line' id='line_1_22' title="bbox 2146 793 3808 875; baseline 0.005 -28"><span class='ocrx_word' id='word_1_150' title='bbox 2146 793 2330 852; x_wconf 88' lang='grc' dir='ltr'>νωνία.</span> <span class='ocrx_word' id='word_1_151' title='bbox 2365 795 2525 851; x_wconf 86' lang='grc' dir='ltr'><strong>Ἀλλ’</strong></span> <span class='ocrx_word' id='word_1_152' title='bbox 2561 796 2598 866; x_wconf 78' lang='grc' dir='ltr'>ἢ</span> <span class='ocrx_word' id='word_1_153' title='bbox 2645 797 2699 852; x_wconf 76' lang='grc' dir='ltr'>ἐν</span> <span class='ocrx_word' id='word_1_154' title='bbox 2754 801 2833 869; x_wconf 79' lang='grc' dir='ltr'>τῷ</span> <span class='ocrx_word' id='word_1_155' title='bbox 2888 797 3047 871; x_wconf 84' lang='grc' dir='ltr'>νόμῳ</span> <span class='ocrx_word' id='word_1_156' title='bbox 3080 798 3278 875; x_wconf 80' lang='grc' dir='ltr'><strong>Κυρίου</strong></span> <span class='ocrx_word' id='word_1_157' title='bbox 3331 800 3393 853; x_wconf 85' lang='grc' dir='ltr'>τὸ</span> <span class='ocrx_word' id='word_1_158' title='bbox 3453 797 3672 875; x_wconf 86' lang='grc' dir='ltr'>θέλημα</span> <span class='ocrx_word' id='word_1_159' title='bbox 3700 801 3808 855; x_wconf 84' lang='grc' dir='ltr'><strong>αὐ-</strong></span> 
     </span>
    </p>
   </div>
   <div class='ocr_carea' id='block_1_23' title="bbox 2147 883 3809 966">
    <p class='ocr_par' dir='ltr' id='par_1_23' title="bbox 2147 883 3809 966">
     <span class='ocr_line' id='line_1_23' title="bbox 2147 883 3809 966; baseline 0.005 -28"><span class='ocrx_word' id='word_1_160' title='bbox 2147 887 2270 938; x_wconf 80' lang='grc' dir='ltr'>τοῦ’</span> <span class='ocrx_word' id='word_1_161' title='bbox 2305 886 2333 939; x_wconf 99' lang='lat'><strong>6</strong></span> <span class='ocrx_word' id='word_1_162' title='bbox 2362 883 2522 941; x_wconf 85' lang='grc' dir='ltr'>Ἀλλ’</span> <span class='ocrx_word' id='word_1_163' title='bbox 2543 885 2578 957; x_wconf 76' lang='grc' dir='ltr'><strong>ἢ</strong></span> <span class='ocrx_word' id='word_1_164' title='bbox 2601 884 2653 941; x_wconf 85' lang='grc' dir='ltr'>ἐν</span> <span class='ocrx_word' id='word_1_165' title='bbox 2675 892 2757 960; x_wconf 78' lang='grc' dir='ltr'>τῷ</span> <span class='ocrx_word' id='word_1_166' title='bbox 2777 886 2934 962; x_wconf 84' lang='grc' dir='ltr'>νόμῳ</span> <span class='ocrx_word' id='word_1_167' title='bbox 2956 888 3284 965; x_wconf 84' lang='grc' dir='ltr'>Κηρύγματι</span> <span class='ocrx_word' id='word_1_168' title='bbox 3315 888 3486 962; x_wconf 91' lang='grc' dir='ltr'>νόμον</span> <span class='ocrx_word' id='word_1_169' title='bbox 3518 891 3606 945; x_wconf 84' lang='grc' dir='ltr'><strong>καὶ</strong></span> <span class='ocrx_word' id='word_1_170' title='bbox 3634 890 3809 966; x_wconf 81' lang='grc' dir='ltr'>Λόγον</span> 
     </span>
    </p>
   </div>
   <div class='ocr_carea' id='block_1_24' title="bbox 2148 973 3811 1057">
    <p class='ocr_par' dir='ltr' id='par_1_24' title="bbox 2148 973 3811 1057">
     <span class='ocr_line' id='line_1_24' title="bbox 2148 973 3811 1057; baseline 0.004 -29"><span class='ocrx_word' id='word_1_171' title='bbox 2148 973 2242 1028; x_wconf 87' lang='grc' dir='ltr'>τὸν</span> <span class='ocrx_word' id='word_1_172' title='bbox 2291 973 2494 1048; x_wconf 85' lang='grc' dir='ltr'>Κύριον</span> <span class='ocrx_word' id='word_1_173' title='bbox 2553 981 2869 1052; x_wconf 84' lang='grc' dir='ltr'>προσεῖπεν.</span> <span class='ocrx_word' id='word_1_174' title='bbox 2926 982 3087 1033; x_wconf 83' lang='grc' dir='ltr'>Δοκεῖ</span> <span class='ocrx_word' id='word_1_175' title='bbox 3143 975 3201 1032; x_wconf 74' lang='grc' dir='ltr'><strong>δέ</strong></span> <span class='ocrx_word' id='word_1_176' title='bbox 3255 977 3348 1033; x_wconf 74' lang='grc' dir='ltr'><strong>καὶ</strong></span> <span class='ocrx_word' id='word_1_177' title='bbox 3411 976 3600 1044; x_wconf 80' lang='grc' dir='ltr'>ἄλλως</span> <span class='ocrx_word' id='word_1_178' title='bbox 3643 986 3811 1057; x_wconf 80' lang='grc' dir='ltr'>τριῶν</span> 
     </span>
    </p>
   </div>
   <div class='ocr_carea' id='block_1_25' title="bbox 2150 1060 3813 1144">
    <p class='ocr_par' dir='ltr' id='par_1_25' title="bbox 2150 1060 3813 1144">
     <span class='ocr_line' id='line_1_25' title="bbox 2150 1060 3813 1144; baseline 0.005 -26"><span class='ocrx_word' id='word_1_179' title='bbox 2150 1060 2441 1140; x_wconf 82' lang='grc' dir='ltr'>ἀποδοχὴν</span> <span class='ocrx_word' id='word_1_180' title='bbox 2484 1066 2750 1143; x_wconf 84' lang='grc' dir='ltr'>ἁμαρτίας</span> <span class='ocrx_word' id='word_1_181' title='bbox 2798 1068 3018 1144; x_wconf 88' lang='grc' dir='ltr'>τρόπων</span> <span class='ocrx_word' id='word_1_182' title='bbox 3079 1065 3354 1123; x_wconf 79' lang='grc' dir='ltr'><strong>διδάσκειν</strong></span> <span class='ocrx_word' id='word_1_183' title='bbox 3406 1069 3434 1124; x_wconf 91' lang='lat'><strong>6</strong></span> <span class='ocrx_word' id='word_1_184' title='bbox 3483 1075 3813 1143; x_wconf 80' lang='grc' dir='ltr'>νομοθέτης·</span> 
     </span>
    </p>
   </div>
   <div class='ocr_carea' id='block_1_26' title="bbox 2151 1153 3809 1233">
    <p class='ocr_par' dir='ltr' id='par_1_26' title="bbox 2151 1153 3809 1233">
     <span class='ocr_line' id='line_1_26' title="bbox 2151 1153 3809 1233; baseline 0.004 -24"><span class='ocrx_word' id='word_1_185' title='bbox 2151 1157 2260 1209; x_wconf 87' lang='grc' dir='ltr'><strong>τῶν</strong></span> <span class='ocrx_word' id='word_1_186' title='bbox 2320 1155 2414 1228; x_wconf 77' lang='grc' dir='ltr'>μὲν</span> <span class='ocrx_word' id='word_1_187' title='bbox 2463 1153 2516 1210; x_wconf 82' lang='grc' dir='ltr'>ἐν</span> <span class='ocrx_word' id='word_1_188' title='bbox 2580 1155 2737 1232; x_wconf 84' lang='grc' dir='ltr'>λόγῳ</span> <span class='ocrx_word' id='word_1_189' title='bbox 2791 1154 2881 1212; x_wconf 77' lang='grc' dir='ltr'><strong>διὰ</strong></span> <span class='ocrx_word' id='word_1_190' title='bbox 2932 1161 3041 1212; x_wconf 90' lang='grc' dir='ltr'><strong>τῶν</strong></span> <span class='ocrx_word' id='word_1_191' title='bbox 3105 1155 3315 1233; x_wconf 73' lang='grc' dir='ltr'>ἰχθύων</span> <span class='ocrx_word' id='word_1_192' title='bbox 3374 1162 3482 1213; x_wconf 82' lang='grc' dir='ltr'><strong>τῶν</strong></span> <span class='ocrx_word' id='word_1_193' title='bbox 3540 1157 3809 1215; x_wconf 69' lang='grc' dir='ltr'>ἀναύδων*</span> 
     </span>
    </p>
   </div>
   <div class='ocr_carea' id='block_1_27' title="bbox 2152 1239 3811 1327">
    <p class='ocr_par' dir='ltr' id='par_1_27' title="bbox 2152 1239 3811 1327">
     <span class='ocr_line' id='line_1_27' title="bbox 2152 1239 3811 1327; baseline 0.004 -29"><span class='ocrx_word' id='word_1_194' title='bbox 2152 1239 2266 1298; x_wconf 76' lang='grc' dir='ltr'>ἔστι</span> <span class='ocrx_word' id='word_1_195' title='bbox 2300 1246 2410 1318; x_wconf 89' lang='grc'><strong>(80)</strong></span> <span class='ocrx_word' id='word_1_196' title='bbox 2437 1244 2539 1321; x_wconf 80' lang='grc' dir='ltr'><strong>γὰρ</strong></span> <span class='ocrx_word' id='word_1_197' title='bbox 2567 1250 2647 1318; x_wconf 82' lang='grc' dir='ltr'><strong>τῷ</strong></span> <span class='ocrx_word' id='word_1_198' title='bbox 2692 1245 2807 1301; x_wconf 84' lang='grc' dir='ltr'>’ὀντι</span> <span class='ocrx_word' id='word_1_199' title='bbox 2865 1247 2928 1301; x_wconf 78' lang='grc' dir='ltr'><strong>οὗ</strong></span> <span class='ocrx_word' id='word_1_200' title='bbox 2980 1248 3109 1324; x_wconf 81' lang='grc' dir='ltr'>σιγὴ</span> <span class='ocrx_word' id='word_1_201' title='bbox 3172 1248 3345 1324; x_wconf 74' lang='grc' dir='ltr'>Λόγου</span> <span class='ocrx_word' id='word_1_202' title='bbox 3399 1245 3664 1327; x_wconf 78' lang='grc' dir='ltr'>διαφέρει·</span> <span class='ocrx_word' id='word_1_203' title='bbox 3699 1248 3811 1306; x_wconf 81' lang='grc' dir='ltr'>ἔστι</span> 
     </span>
    </p>
   </div>
   <div class='ocr_carea' id='block_1_28' title="bbox 2153 1331 3818 1415">
    <p class='ocr_par' dir='ltr' id='par_1_28' title="bbox 2153 1331 3818 1415">
     <span class='ocr_line' id='line_1_28' title="bbox 2153 1331 3818 1415; baseline 0.004 -28"><span class='ocrx_word' id='word_1_204' title='bbox 2153 1332 2245 1387; x_wconf 84' lang='grc' dir='ltr'><strong>καὶ</strong></span> <span class='ocrx_word' id='word_1_205' title='bbox 2304 1334 2461 1408; x_wconf 72' lang='grc' dir='ltr'>σιγῆς</span> <span class='ocrx_word' id='word_1_206' title='bbox 2519 1331 2801 1391; x_wconf 85' lang='grc' dir='ltr'>ἀκίνδυνον</span> <span class='ocrx_word' id='word_1_207' title='bbox 2857 1335 3038 1411; x_wconf 84' lang='grc' dir='ltr'>γέρας“</span> <span class='ocrx_word' id='word_1_208' title='bbox 3106 1340 3217 1392; x_wconf 82' lang='grc' dir='ltr'><strong>τῶν</strong></span> <span class='ocrx_word' id='word_1_209' title='bbox 3280 1335 3337 1393; x_wconf 81' lang='grc' dir='ltr'>δὶ</span> <span class='ocrx_word' id='word_1_210' title='bbox 3413 1336 3466 1393; x_wconf 83' lang='grc' dir='ltr'><strong>έν</strong></span> <span class='ocrx_word' id='word_1_211' title='bbox 3527 1337 3669 1415; x_wconf 78' lang='grc' dir='ltr'>ἔργῳ</span> <span class='ocrx_word' id='word_1_212' title='bbox 3727 1336 3818 1395; x_wconf 74' lang='grc' dir='ltr'><strong>διὰ</strong></span> 
     </span>
    </p>
   </div>
   <div class='ocr_carea' id='block_1_29' title="bbox 2154 1423 3818 1505">
    <p class='ocr_par' dir='ltr' id='par_1_29' title="bbox 2154 1423 3818 1505">
     <span class='ocr_line' id='line_1_29' title="bbox 2154 1423 3818 1505; baseline 0.004 -26"><span class='ocrx_word' id='word_1_213' title='bbox 2154 1426 2264 1479; x_wconf 88' lang='grc' dir='ltr'><strong>τῶν</strong></span> <span class='ocrx_word' id='word_1_214' title='bbox 2298 1425 2643 1498; x_wconf 77' lang='grc' dir='ltr'>ἁρπακτικῶν</span> <span class='ocrx_word' id='word_1_215' title='bbox 2670 1425 2762 1481; x_wconf 79' lang='grc' dir='ltr'>καὶ</span> <span class='ocrx_word' id='word_1_216' title='bbox 2790 1423 3165 1504; x_wconf 80' lang='grc' dir='ltr'><strong>σαρκοϐόρων⁰</strong></span> <span class='ocrx_word' id='word_1_217' title='bbox 3192 1427 3419 1502; x_wconf 77' lang='grc' dir='ltr'>ὀρνέωνο</span> <span class='ocrx_word' id='word_1_218' title='bbox 3447 1433 3648 1504; x_wconf 85' lang='grc' dir='ltr'>χοῖρος</span> <span class='ocrx_word' id='word_1_219' title='bbox 3684 1430 3818 1505; x_wconf 88' lang='grc' dir='ltr'>βορ-</span> 
     </span>
    </p>
   </div>
   <div class='ocr_carea' id='block_1_30' title="bbox 2158 1507 3821 1594">
    <p class='ocr_par' dir='ltr' id='par_1_30' title="bbox 2158 1507 3821 1594">
     <span class='ocr_line' id='line_1_30' title="bbox 2158 1507 3821 1594; baseline 0.005 -28"><span class='ocrx_word' id='word_1_220' title='bbox 2158 1507 2311 1588; x_wconf 87' lang='grc' dir='ltr'>ϐόρῳ</span> <span class='ocrx_word' id='word_1_221' title='bbox 2364 1511 2549 1583; x_wconf 78' lang='grc' dir='ltr'>ἣδεται</span> <span class='ocrx_word' id='word_1_222' title='bbox 2597 1516 2685 1570; x_wconf 81' lang='grc' dir='ltr'>καὶ</span> <span class='ocrx_word' id='word_1_223' title='bbox 2745 1514 2959 1592; x_wconf 84' lang='grc' dir='ltr'><strong>κόπρῳ·</strong></span> <span class='ocrx_word' id='word_1_224' title='bbox 3019 1515 3111 1571; x_wconf 81' lang='grc' dir='ltr'><strong>καὶ</strong></span> <span class='ocrx_word' id='word_1_225' title='bbox 3176 1519 3289 1594; x_wconf 78' lang='grc' dir='ltr'>γρὴ</span> <span class='ocrx_word' id='word_1_226' title='bbox 3345 1519 3465 1592; x_wconf 80' lang='grc'>(81)</span> <span class='ocrx_word' id='word_1_227' title='bbox 3528 1515 3670 1591; x_wconf 78' lang='grc' dir='ltr'>μηδὲ</span> <span class='ocrx_word' id='word_1_228' title='bbox 3718 1520 3821 1588; x_wconf 73' lang='grc' dir='ltr'>τήν</span> 
     </span>
    </p>
   </div>
   <div class='ocr_carea' id='block_1_31' title="bbox 2160 1601 3818 1680">
    <p class='ocr_par' dir='ltr' id='par_1_31' title="bbox 2160 1601 3818 1680">
     <span class='ocr_line' id='line_1_31' title="bbox 2160 1601 3818 1680; baseline 0.004 -24"><span class='ocrx_word' id='word_1_229' title='bbox 2160 1601 2469 1674; x_wconf 74' lang='grc' dir='ltr'>συνείδησιν</span> <span class='ocrx_word' id='word_1_230' title='bbox 2564 1601 2712 1680; x_wconf 77' lang='grc' dir='ltr'>ἔχειν</span> <span class='ocrx_word' id='word_1_231' title='bbox 2821 1603 3274 1679; x_wconf 78' lang='grc' dir='ltr'>μεμολυσμένην.</span> <span class='ocrx_word' id='word_1_232' title='bbox 3375 1605 3621 1669; x_wconf 78' lang='grc' dir='ltr'>Εἰκότως</span> <span class='ocrx_word' id='word_1_233' title='bbox 3726 1607 3818 1663; x_wconf 79' lang='grc' dir='ltr'><strong>οῦν</strong></span> 
     </span>
    </p>
   </div>
   <div class='ocr_carea' id='block_1_32' title="bbox 2162 1693 3824 1775">
    <p class='ocr_par' dir='ltr' id='par_1_32' title="bbox 2162 1693 3824 1775">
     <span class='ocr_line' id='line_1_32' title="bbox 2162 1693 3824 1775; baseline 0.004 -28"><span class='ocrx_word' id='word_1_234' title='bbox 2162 1693 2327 1770; x_wconf 76' lang='grc' dir='ltr'>φησὶν</span> <span class='ocrx_word' id='word_1_235' title='bbox 2382 1695 2411 1749; x_wconf 90' lang='grc' dir='ltr'>ὁ</span> <span class='ocrx_word' id='word_1_236' title='bbox 2466 1697 2783 1773; x_wconf 77' lang='grc' dir='ltr'>προφήτης’</span> <span class='ocrx_word' id='word_1_237' title='bbox 2843 1695 2968 1771; x_wconf 77' lang='grc' dir='ltr'><strong>Οὐχ</strong></span> <span class='ocrx_word' id='word_1_238' title='bbox 3024 1693 3223 1767; x_wconf 71' lang='grc' dir='ltr'>οὕτως,</span> <span class='ocrx_word' id='word_1_239' title='bbox 3279 1696 3470 1775; x_wconf 72' lang='grc' dir='ltr'>φησὶν,</span> <span class='ocrx_word' id='word_1_240' title='bbox 3520 1697 3573 1751; x_wconf 77' lang='grc' dir='ltr'>οἱ</span> <span class='ocrx_word' id='word_1_241' title='bbox 3609 1693 3824 1762; x_wconf 81' lang='grc' dir='ltr'>ἀσεϐεῖς</span> 
     </span>
    </p>
   </div>
   <div class='ocr_carea' id='block_1_33' title="bbox 2164 1782 3822 1863">
    <p class='ocr_par' dir='ltr' id='par_1_33' title="bbox 2164 1782 3822 1863">
     <span class='ocr_line' id='line_1_33' title="bbox 2164 1782 3822 1863; baseline 0.002 -24"><span class='ocrx_word' id='word_1_242' title='bbox 2164 1786 2295 1856; x_wconf 81' lang='grc'>(92),</span> <span class='ocrx_word' id='word_1_243' title='bbox 2359 1782 2490 1839; x_wconf 84' lang='grc' dir='ltr'>ἀλλ’</span> <span class='ocrx_word' id='word_1_244' title='bbox 2554 1784 2591 1855; x_wconf 76' lang='grc' dir='ltr'>ἢ</span> <span class='ocrx_word' id='word_1_245' title='bbox 2658 1785 2788 1840; x_wconf 85' lang='grc' dir='ltr'>ὡσεὶ</span> <span class='ocrx_word' id='word_1_246' title='bbox 2857 1788 3048 1861; x_wconf 86' lang='grc' dir='ltr'>χνοῦς,</span> <span class='ocrx_word' id='word_1_247' title='bbox 3117 1784 3175 1841; x_wconf 79' lang='grc' dir='ltr'><strong>ὅν</strong></span> <span class='ocrx_word' id='word_1_248' title='bbox 3237 1783 3481 1863; x_wconf 80' lang='grc' dir='ltr'>ἐκρίπτει</span> <span class='ocrx_word' id='word_1_249' title='bbox 3537 1787 3566 1842; x_wconf 88' lang='lat'><strong>6</strong></span> <span class='ocrx_word' id='word_1_250' title='bbox 3624 1783 3822 1862; x_wconf 73' lang='grc' dir='ltr'>ἄνεμος</span> 
     </span>
    </p>
   </div>
   <div class='ocr_carea' id='block_1_34' title="bbox 396 1873 2045 1986">
    <p class='ocr_par' dir='ltr' id='par_1_34' title="bbox 396 1875 2045 1950">
     <span class='ocr_line' id='line_1_34' title="bbox 396 1875 2045 1950; baseline -0.004 -14"><span class='ocrx_word' id='word_1_251' title='bbox 396 1897 499 1937; x_wconf 84' lang='lat' dir='ltr'><strong>nus</strong></span> <span class='ocrx_word' id='word_1_252' title='bbox 522 1883 669 1936; x_wconf 83' lang='lat' dir='ltr'><strong>viam</strong></span> <span class='ocrx_word' id='word_1_253' title='bbox 675 1881 954 1950; x_wconf 86' lang='lat' dir='ltr'><strong>justorum</strong></span> <span class='ocrx_word' id='word_1_254' title='bbox 963 1919 977 1946; x_wconf 95' lang='lat'><strong>,</strong></span> <span class='ocrx_word' id='word_1_255' title='bbox 996 1884 1047 1933; x_wconf 88' lang='lat' dir='ltr'><strong>et</strong></span> <span class='ocrx_word' id='word_1_256' title='bbox 1068 1880 1160 1933; x_wconf 87' lang='lat' dir='ltr'><strong>via</strong></span> <span class='ocrx_word' id='word_1_257' title='bbox 1171 1882 1524 1948; x_wconf 79' lang='lat' dir='ltr'><strong>peccatorum</strong></span> <span class='ocrx_word' id='word_1_258' title='bbox 1538 1876 1746 1946; x_wconf 80' lang='lat' dir='ltr'><strong>peribit</strong></span> <span class='ocrx_word' id='word_1_259' title='bbox 1765 1875 1866 1947; x_wconf 79' lang='grc' dir='ltr'>(ἀ).</span> <span class='ocrx_word' id='word_1_260' title='bbox 1890 1877 2045 1930; x_wconf 84' lang='lat' dir='ltr'><strong>Rur-</strong></span> 
     </span>
    </p>
   </div>
   <div class='ocr_carea' id='block_1_35' title="bbox 2167 1873 3811 1986">
    <p class='ocr_par' dir='ltr' id='par_1_35' title="bbox 2167 1873 3811 1986">
     <span class='ocr_line' id='line_1_35' title="bbox 2167 1873 3811 1952; baseline 0.001 -21"><span class='ocrx_word' id='word_1_261' title='bbox 2167 1873 2269 1931; x_wconf 74' lang='grc' dir='ltr'>ἀπὸ</span> <span class='ocrx_word' id='word_1_262' title='bbox 2322 1876 2623 1949; x_wconf 85' lang='grc' dir='ltr'>προσώπου</span> <span class='ocrx_word' id='word_1_263' title='bbox 2679 1881 2780 1946; x_wconf 87' lang='grc' dir='ltr'><strong>τῆς</strong></span> <span class='ocrx_word' id='word_1_264' title='bbox 2844 1881 2970 1952; x_wconf 81' lang='grc' dir='ltr'>γῆς.</span> <span class='ocrx_word' id='word_1_265' title='bbox 3051 1874 3149 1930; x_wconf 77' lang='grc' dir='ltr'>Διὰ</span> <span class='ocrx_word' id='word_1_266' title='bbox 3205 1879 3365 1931; x_wconf 90' lang='grc' dir='ltr'>τοῦτο</span> <span class='ocrx_word' id='word_1_267' title='bbox 3424 1874 3524 1931; x_wconf 82' lang='grc' dir='ltr'><strong>οὐκ</strong></span> <span class='ocrx_word' id='word_1_268' title='bbox 3580 1876 3811 1948; x_wconf 70' lang='grc' dir='ltr'>ἀναστήσ</span> 
     </span>
     <span class='ocr_line' id='line_1_36' title="bbox 2169 1959 3403 1986; baseline 0 0"><span class='ocrx_word' id='word_1_269' title='bbox 2169 1984 2216 1986; x_wconf 79' lang='lat'><strong>__</strong></span> <span class='ocrx_word' id='word_1_270' title='bbox 2262 1984 2340 1986; x_wconf 50' lang='grc' dir='ltr'><strong>-η,</strong></span> <span class='ocrx_word' id='word_1_271' title='bbox 2415 1959 2593 1986; x_wconf 32' lang='grc' dir='ltr'><strong>ὶᾲγργυ</strong></span> <span class='ocrx_word' id='word_1_272' title='bbox 2677 1967 2784 1986; x_wconf 64' lang='lat' dir='ltr'><strong>In!“</strong></span> <span class='ocrx_word' id='word_1_273' title='bbox 2850 1963 2865 1986; x_wconf 72' lang='grc' dir='ltr'><em>ἳ</em></span> <span class='ocrx_word' id='word_1_274' title='bbox 2980 1964 3100 1986; x_wconf 22' lang='grc' dir='ltr'><strong>,ΑΙκη</strong></span> <span class='ocrx_word' id='word_1_275' title='bbox 3256 1966 3273 1986; x_wconf 68' lang='grc' dir='ltr'>ζ</span> <span class='ocrx_word' id='word_1_276' title='bbox 3340 1960 3403 1986; x_wconf 59' lang='grc' dir='ltr'><strong>ηδ</strong></span> 
     </span>
    </p>
   </div>
   <div class='ocr_carea' id='block_1_36' title="bbox 400 1966 2050 2040">
    <p class='ocr_par' dir='ltr' id='par_1_36' title="bbox 400 1966 2050 2040">
     <span class='ocr_line' id='line_1_37' title="bbox 400 1966 2050 2040; baseline -0.004 -14"><span class='ocrx_word' id='word_1_277' title='bbox 400 1987 501 2027; x_wconf 89' lang='lat' dir='ltr'><strong>sus</strong></span> <span class='ocrx_word' id='word_1_278' title='bbox 532 1969 819 2025; x_wconf 90' lang='lat' dir='ltr'><strong>Dominus</strong></span> <span class='ocrx_word' id='word_1_279' title='bbox 847 1973 1050 2040; x_wconf 87' lang='lat' dir='ltr'><strong>aperte</strong></span> <span class='ocrx_word' id='word_1_280' title='bbox 1081 1966 1344 2022; x_wconf 88' lang='lat' dir='ltr'><strong>ostendit</strong></span> <span class='ocrx_word' id='word_1_281' title='bbox 1386 1966 1448 2021; x_wconf 88' lang='lat' dir='ltr'><strong>in</strong></span> <span class='ocrx_word' id='word_1_282' title='bbox 1490 1970 1697 2021; x_wconf 88' lang='lat' dir='ltr'><strong>nostra</strong></span> <span class='ocrx_word' id='word_1_283' title='bbox 1724 1981 1854 2020; x_wconf 90' lang='lat' dir='ltr'><strong>esse</strong></span> <span class='ocrx_word' id='word_1_284' title='bbox 1883 1971 2050 2037; x_wconf 89' lang='lat' dir='ltr'><strong>pote-</strong></span> 
     </span>
    </p>
   </div>
   <div class='ocr_carea' id='block_1_37' title="bbox 401 2054 2052 2131">
    <p class='ocr_par' dir='ltr' id='par_1_37' title="bbox 401 2054 2052 2131">
     <span class='ocr_line' id='line_1_38' title="bbox 401 2054 2052 2131; baseline -0.005 -15"><span class='ocrx_word' id='word_1_285' title='bbox 401 2066 551 2118; x_wconf 86' lang='lat' dir='ltr'><strong>state</strong></span> <span class='ocrx_word' id='word_1_286' title='bbox 583 2059 805 2115; x_wconf 87' lang='lat' dir='ltr'><strong>delicta</strong></span> <span class='ocrx_word' id='word_1_287' title='bbox 852 2064 911 2115; x_wconf 91' lang='lat' dir='ltr'><strong>et</strong></span> <span class='ocrx_word' id='word_1_288' title='bbox 967 2062 1229 2131; x_wconf 88' lang='lat' dir='ltr'><strong>peccata,</strong></span> <span class='ocrx_word' id='word_1_289' title='bbox 1289 2073 1425 2113; x_wconf 90' lang='lat' dir='ltr'><strong>cum</strong></span> <span class='ocrx_word' id='word_1_290' title='bbox 1484 2056 1696 2112; x_wconf 89' lang='lat' dir='ltr'><strong>modos</strong></span> <span class='ocrx_word' id='word_1_291' title='bbox 1724 2054 2052 2111; x_wconf 84' lang='lat' dir='ltr'><strong>curationis</strong></span> 
     </span>
    </p>
   </div>
   <div class='ocr_carea' id='block_1_38' title="bbox 402 2146 2050 2216">
    <p class='ocr_par' dir='ltr' id='par_1_38' title="bbox 402 2146 2050 2216">
     <span class='ocr_line' id='line_1_39' title="bbox 402 2146 2050 2216; baseline -0.004 -10"><span class='ocrx_word' id='word_1_292' title='bbox 402 2150 588 2207; x_wconf 89' lang='lat' dir='ltr'><strong>animi</strong></span> <span class='ocrx_word' id='word_1_293' title='bbox 619 2149 845 2205; x_wconf 85' lang='lat' dir='ltr'><strong>morbis</strong></span> <span class='ocrx_word' id='word_1_294' title='bbox 878 2148 1301 2205; x_wconf 87' lang='lat' dir='ltr'><strong>convenientes</strong></span> <span class='ocrx_word' id='word_1_295' title='bbox 1331 2146 1613 2215; x_wconf 88' lang='lat' dir='ltr'><strong>ostendit,</strong></span> <span class='ocrx_word' id='word_1_296' title='bbox 1654 2150 1713 2202; x_wconf 91' lang='lat' dir='ltr'><strong>et</strong></span> <span class='ocrx_word' id='word_1_297' title='bbox 1747 2162 1856 2201; x_wconf 93' lang='lat' dir='ltr'><strong>nos</strong></span> <span class='ocrx_word' id='word_1_298' title='bbox 1887 2161 1923 2200; x_wconf 91' lang='lat' dir='ltr'><strong>a</strong></span> <span class='ocrx_word' id='word_1_299' title='bbox 1948 2161 2050 2216; x_wconf 90' lang='lat' dir='ltr'><strong>pa-</strong></span> 
     </span>
    </p>
   </div>
   <div class='ocr_carea' id='block_1_39' title="bbox 403 2235 2053 2311">
    <p class='ocr_par' dir='ltr' id='par_1_39' title="bbox 403 2235 2053 2311">
     <span class='ocr_line' id='line_1_40' title="bbox 403 2235 2053 2311; baseline -0.005 -15"><span class='ocrx_word' id='word_1_300' title='bbox 403 2240 664 2296; x_wconf 88' lang='lat' dir='ltr'><strong>storibus</strong></span> <span class='ocrx_word' id='word_1_301' title='bbox 711 2239 926 2311; x_wconf 80' lang='lat' dir='ltr'><strong>corrigi</strong></span> <span class='ocrx_word' id='word_1_302' title='bbox 983 2239 1197 2294; x_wconf 89' lang='lat' dir='ltr'><strong>debere</strong></span> <span class='ocrx_word' id='word_1_303' title='bbox 1254 2254 1361 2309; x_wconf 89' lang='lat' dir='ltr'><strong>per</strong></span> <span class='ocrx_word' id='word_1_304' title='bbox 1415 2235 1781 2292; x_wconf 86' lang='lat' dir='ltr'><strong>Ezechielem</strong></span> <span class='ocrx_word' id='word_1_305' title='bbox 1812 2238 2053 2301; x_wconf 86' lang='lat' dir='ltr'><strong>monet;</strong></span> 
     </span>
    </p>
   </div>
   <div class='ocr_carea' id='block_1_40' title="bbox 402 2324 2058 2401">
    <p class='ocr_par' dir='ltr' id='par_1_40' title="bbox 402 2324 2058 2401">
     <span class='ocr_line' id='line_1_41' title="bbox 402 2324 2058 2401; baseline -0.004 -15"><span class='ocrx_word' id='word_1_306' title='bbox 402 2346 712 2399; x_wconf 81' lang='lat' dir='ltr'><strong>accusans,</strong></span> <span class='ocrx_word' id='word_1_307' title='bbox 746 2329 977 2401; x_wconf 81' lang='lat' dir='ltr'><strong>Opinor,</strong></span> <span class='ocrx_word' id='word_1_308' title='bbox 1011 2344 1218 2384; x_wconf 90' lang='lat' dir='ltr'><strong>eorum</strong></span> <span class='ocrx_word' id='word_1_309' title='bbox 1257 2326 1514 2398; x_wconf 90' lang='lat' dir='ltr'><strong>aliquos,</strong></span> <span class='ocrx_word' id='word_1_310' title='bbox 1549 2324 1709 2397; x_wconf 92' lang='lat' dir='ltr'><strong>quod</strong></span> <span class='ocrx_word' id='word_1_311' title='bbox 1759 2329 2058 2396; x_wconf 57' lang='lat' dir='ltr'><strong>praecepta</strong></span> 
     </span>
    </p>
   </div>
   <div class='ocr_carea' id='block_1_41' title="bbox 400 2416 2053 2484">
    <p class='ocr_par' dir='ltr' id='par_1_41' title="bbox 400 2416 2053 2484">
     <span class='ocr_line' id='line_1_42' title="bbox 400 2416 2053 2484; baseline -0.004 -8"><span class='ocrx_word' id='word_1_312' title='bbox 400 2437 523 2476; x_wconf 91' lang='lat' dir='ltr'><strong>non</strong></span> <span class='ocrx_word' id='word_1_313' title='bbox 554 2419 951 2476; x_wconf 88' lang='lat' dir='ltr'><strong>servaverint:</strong></span> <span class='ocrx_word' id='word_1_314' title='bbox 985 2419 1141 2483; x_wconf 87' lang='lat' dir='ltr'><strong>Quod</strong></span> <span class='ocrx_word' id='word_1_315' title='bbox 1190 2416 1520 2472; x_wconf 87' lang='lat' dir='ltr'><strong>imbecillum</strong></span> <span class='ocrx_word' id='word_1_316' title='bbox 1547 2417 1682 2484; x_wconf 85' lang='lat' dir='ltr'><strong>fuit,</strong></span> <span class='ocrx_word' id='word_1_317' title='bbox 1711 2431 1823 2470; x_wconf 86' lang='lat' dir='ltr'><strong>non</strong></span> <span class='ocrx_word' id='word_1_318' title='bbox 1852 2418 2053 2483; x_wconf 83' lang='lat' dir='ltr'><strong>conﬁr-</strong></span> 
     </span>
    </p>
   </div>
   <div class='ocr_carea' id='block_1_42' title="bbox 398 2503 2054 2579">
    <p class='ocr_par' dir='ltr' id='par_1_42' title="bbox 398 2503 2054 2579">
     <span class='ocr_line' id='line_1_43' title="bbox 398 2503 2054 2579; baseline -0.005 -13"><span class='ocrx_word' id='word_1_319' title='bbox 398 2513 563 2566; x_wconf 85' lang='lat' dir='ltr'><strong>matis</strong></span> <span class='ocrx_word' id='word_1_320' title='bbox 586 2510 676 2579; x_wconf 88' lang='lat' dir='ltr'><strong>(e),</strong></span> <span class='ocrx_word' id='word_1_321' title='bbox 700 2513 759 2564; x_wconf 89' lang='lat' dir='ltr'><strong>et</strong></span> <span class='ocrx_word' id='word_1_322' title='bbox 788 2526 919 2579; x_wconf 72' lang='lat' dir='ltr'><strong>quea</strong></span> <span class='ocrx_word' id='word_1_323' title='bbox 950 2508 1235 2579; x_wconf 88' lang='lat' dir='ltr'><strong>deinceps</strong></span> <span class='ocrx_word' id='word_1_324' title='bbox 1260 2510 1729 2576; x_wconf 90' lang='lat' dir='ltr'><strong>consequuntur,</strong></span> <span class='ocrx_word' id='word_1_325' title='bbox 1763 2520 1953 2575; x_wconf 90' lang='lat' dir='ltr'><strong>usque</strong></span> <span class='ocrx_word' id='word_1_326' title='bbox 1978 2503 2054 2559; x_wconf 88' lang='lat' dir='ltr'><strong>ad</strong></span> 
     </span>
    </p>
   </div>
   <div class='ocr_carea' id='block_1_43' title="bbox 395 2595 2054 2669">
    <p class='ocr_par' dir='ltr' id='par_1_43' title="bbox 395 2595 2054 2669">
     <span class='ocr_line' id='line_1_44' title="bbox 395 2595 2054 2669; baseline -0.003 -15"><span class='ocrx_word' id='word_1_327' title='bbox 395 2598 547 2654; x_wconf 91' lang='lat' dir='ltr'><strong>illud</strong></span> <span class='ocrx_word' id='word_1_328' title='bbox 564 2601 663 2655; x_wconf 87' lang='lat' dir='ltr'><strong>:Et</strong></span> <span class='ocrx_word' id='word_1_329' title='bbox 680 2614 791 2653; x_wconf 86' lang='lat' dir='ltr'><strong>non</strong></span> <span class='ocrx_word' id='word_1_330' title='bbox 812 2604 932 2653; x_wconf 86' lang='lat' dir='ltr'><strong>erat</strong></span> <span class='ocrx_word' id='word_1_331' title='bbox 953 2599 1053 2669; x_wconf 86' lang='lat' dir='ltr'><strong>qui</strong></span> <span class='ocrx_word' id='word_1_332' title='bbox 1067 2598 1389 2667; x_wconf 83' lang='lat' dir='ltr'><strong>requireret,</strong></span> <span class='ocrx_word' id='word_1_333' title='bbox 1413 2611 1513 2650; x_wconf 86' lang='lat' dir='ltr'><strong>nec</strong></span> <span class='ocrx_word' id='word_1_334' title='bbox 1531 2600 1803 2650; x_wconf 87' lang='lat' dir='ltr'><strong>averteret</strong></span> <span class='ocrx_word' id='word_1_335' title='bbox 1823 2595 1916 2665; x_wconf 84' lang='lat' dir='ltr'><strong>(f).</strong></span> <span class='ocrx_word' id='word_1_336' title='bbox 1938 2596 2054 2650; x_wconf 81' lang='lat' dir='ltr'><strong>Ma-</strong></span> 
     </span>
    </p>
   </div>
   <div class='ocr_carea' id='block_1_44' title="bbox 395 2686 2053 2759">
    <p class='ocr_par' dir='ltr' id='par_1_44' title="bbox 395 2686 2053 2759">
     <span class='ocr_line' id='line_1_45' title="bbox 395 2686 2053 2759; baseline -0.004 -15"><span class='ocrx_word' id='word_1_337' title='bbox 395 2704 567 2759; x_wconf 86' lang='lat' dir='ltr'><strong>gnum</strong></span> <span class='ocrx_word' id='word_1_338' title='bbox 596 2694 675 2743; x_wconf 87' lang='lat' dir='ltr'><strong>est</strong></span> <span class='ocrx_word' id='word_1_339' title='bbox 704 2691 849 2743; x_wconf 85' lang='lat' dir='ltr'><strong>enim</strong></span> <span class='ocrx_word' id='word_1_340' title='bbox 877 2688 1143 2758; x_wconf 88' lang='lat' dir='ltr'><strong>gaudium</strong></span> <span class='ocrx_word' id='word_1_341' title='bbox 1175 2686 1329 2757; x_wconf 87' lang='lat' dir='ltr'><strong>apud</strong></span> <span class='ocrx_word' id='word_1_342' title='bbox 1353 2687 1594 2753; x_wconf 83' lang='lat' dir='ltr'><strong>Patrem,</strong></span> <span class='ocrx_word' id='word_1_343' title='bbox 1626 2700 1737 2739; x_wconf 89' lang='lat' dir='ltr'><strong>uno</strong></span> <span class='ocrx_word' id='word_1_344' title='bbox 1764 2690 2053 2755; x_wconf 87' lang='lat' dir='ltr'><strong>peccatore</strong></span> 
     </span>
    </p>
   </div>
   <div class='ocr_carea' id='block_1_45' title="bbox 393 2773 2055 2849">
    <p class='ocr_par' dir='ltr' id='par_1_45' title="bbox 393 2773 2055 2849">
     <span class='ocr_line' id='line_1_46' title="bbox 393 2773 2055 2849; baseline -0.004 -15"><span class='ocrx_word' id='word_1_345' title='bbox 393 2784 610 2835; x_wconf 85' lang='lat' dir='ltr'><strong>servato</strong></span> <span class='ocrx_word' id='word_1_346' title='bbox 641 2778 742 2849; x_wconf 88' lang='lat' dir='ltr'><strong>(g),</strong></span> <span class='ocrx_word' id='word_1_347' title='bbox 774 2777 972 2848; x_wconf 86' lang='lat' dir='ltr'><strong>inquit</strong></span> <span class='ocrx_word' id='word_1_348' title='bbox 996 2776 1304 2833; x_wconf 89' lang='lat' dir='ltr'><strong>Dominus.</strong></span> <span class='ocrx_word' id='word_1_349' title='bbox 1326 2774 1723 2840; x_wconf 86' lang='lat' dir='ltr'><strong>Quamobrem</strong></span> <span class='ocrx_word' id='word_1_350' title='bbox 1744 2773 1933 2846; x_wconf 81' lang='lat' dir='ltr'><strong>magis</strong></span> <span class='ocrx_word' id='word_1_351' title='bbox 1965 2778 2055 2828; x_wconf 91' lang='lat' dir='ltr'><strong>est</strong></span> 
     </span>
    </p>
   </div>
   <div class='ocr_carea' id='block_1_46' title="bbox 391 2863 2052 2936">
    <p class='ocr_par' dir='ltr' id='par_1_46' title="bbox 391 2863 2052 2936">
     <span class='ocr_line' id='line_1_47' title="bbox 391 2863 2052 2936; baseline -0.003 -13"><span class='ocrx_word' id='word_1_352' title='bbox 391 2865 727 2923; x_wconf 87' lang='lat' dir='ltr'><strong>laudandus</strong></span> <span class='ocrx_word' id='word_1_353' title='bbox 752 2866 1072 2933; x_wconf 77' lang='lat' dir='ltr'><strong>Abraham,</strong></span> <span class='ocrx_word' id='word_1_354' title='bbox 1131 2865 1232 2936; x_wconf 90' lang='lat' dir='ltr'><strong>qui</strong></span> <span class='ocrx_word' id='word_1_355' title='bbox 1282 2863 1609 2920; x_wconf 82' lang='lat' dir='ltr'><strong>ambulavit</strong></span> <span class='ocrx_word' id='word_1_356' title='bbox 1637 2863 1791 2919; x_wconf 87' lang='lat' dir='ltr'><strong>sicut</strong></span> <span class='ocrx_word' id='word_1_357' title='bbox 1818 2863 2052 2918; x_wconf 87' lang='lat' dir='ltr'><strong>locutus</strong></span> 
     </span>
    </p>
   </div>
   <div class='ocr_carea' id='block_1_47' title="bbox 393 2952 2053 3024">
    <p class='ocr_par' dir='ltr' id='par_1_47' title="bbox 393 2952 2053 3024">
     <span class='ocr_line' id='line_1_48' title="bbox 393 2952 2053 3024; baseline -0.003 -11"><span class='ocrx_word' id='word_1_358' title='bbox 393 2961 486 3013; x_wconf 87' lang='lat' dir='ltr'><strong>est</strong></span> <span class='ocrx_word' id='word_1_359' title='bbox 518 2956 570 3011; x_wconf 89' lang='lat' dir='ltr'><strong>ei</strong></span> <span class='ocrx_word' id='word_1_360' title='bbox 605 2957 910 3011; x_wconf 91' lang='lat' dir='ltr'><strong>Dominus.</strong></span> <span class='ocrx_word' id='word_1_361' title='bbox 965 2956 1109 3010; x_wconf 88' lang='lat' dir='ltr'><strong>Cum</strong></span> <span class='ocrx_word' id='word_1_362' title='bbox 1168 2954 1308 3009; x_wconf 87' lang='lat' dir='ltr'><strong>hinc</strong></span> <span class='ocrx_word' id='word_1_363' title='bbox 1365 2953 1667 3008; x_wconf 87' lang='lat' dir='ltr'><strong>hausisset</strong></span> <span class='ocrx_word' id='word_1_364' title='bbox 1705 2952 1950 3024; x_wconf 89' lang='lat' dir='ltr'><strong>quidam</strong></span> <span class='ocrx_word' id='word_1_365' title='bbox 1982 2970 2053 3008; x_wconf 80' lang='lat' dir='ltr'><strong>ex</strong></span> 
     </span>
    </p>
   </div>
   <div class='ocr_carea' id='block_1_48' title="bbox 394 3042 2052 3116">
    <p class='ocr_par' dir='ltr' id='par_1_48' title="bbox 394 3042 2052 3116">
     <span class='ocr_line' id='line_1_49' title="bbox 394 3042 2052 3116; baseline -0.002 -15"><span class='ocrx_word' id='word_1_366' title='bbox 394 3047 731 3101; x_wconf 68' lang='lat' dir='ltr'><strong>Graacorum</strong></span> <span class='ocrx_word' id='word_1_367' title='bbox 755 3043 1148 3116; x_wconf 87' lang='lat' dir='ltr'><strong>sapientibus,</strong></span> <span class='ocrx_word' id='word_1_368' title='bbox 1172 3042 1322 3098; x_wconf 89' lang='lat' dir='ltr'><strong>illud</strong></span> <span class='ocrx_word' id='word_1_369' title='bbox 1343 3042 1568 3098; x_wconf 92' lang='lat' dir='ltr'><strong>dictum</strong></span> <span class='ocrx_word' id='word_1_370' title='bbox 1589 3042 1859 3114; x_wconf 87' lang='lat' dir='ltr'><strong>protulit,</strong></span> <span class='ocrx_word' id='word_1_371' title='bbox 1879 3044 2052 3098; x_wconf 87' lang='lat' dir='ltr'><strong>Deum</strong></span> 
     </span>
    </p>
   </div>
   <div class='ocr_carea' id='block_1_49' title="bbox 392 3131 2051 3205">
    <p class='ocr_par' dir='ltr' id='par_1_49' title="bbox 392 3131 2051 3205">
     <span class='ocr_line' id='line_1_50' title="bbox 392 3131 2051 3205; baseline -0.002 -14"><span class='ocrx_word' id='word_1_372' title='bbox 392 3151 634 3205; x_wconf 87' lang='lat' dir='ltr'><strong>sequere.</strong></span> <span class='ocrx_word' id='word_1_373' title='bbox 668 3135 758 3189; x_wconf 89' lang='lat' dir='ltr'><strong>Pii</strong></span> <span class='ocrx_word' id='word_1_374' title='bbox 809 3140 1013 3199; x_wconf 87' lang='lat' dir='ltr'><strong>autem,</strong></span> <span class='ocrx_word' id='word_1_375' title='bbox 1060 3133 1257 3204; x_wconf 90' lang='lat' dir='ltr'><strong>inquit</strong></span> <span class='ocrx_word' id='word_1_376' title='bbox 1303 3131 1508 3199; x_wconf 87' lang='lat' dir='ltr'><strong>Isaias,</strong></span> <span class='ocrx_word' id='word_1_377' title='bbox 1552 3148 1619 3186; x_wconf 87' lang='lat' dir='ltr'><strong>ea</strong></span> <span class='ocrx_word' id='word_1_378' title='bbox 1654 3148 1775 3202; x_wconf 72' lang='lat' dir='ltr'><strong>qua:</strong></span> <span class='ocrx_word' id='word_1_379' title='bbox 1803 3137 1933 3187; x_wconf 86' lang='lat' dir='ltr'><strong>sunt</strong></span> <span class='ocrx_word' id='word_1_380' title='bbox 1960 3147 2051 3187; x_wconf 86' lang='lat' dir='ltr'><strong>sa-</strong></span> 
     </span>
    </p>
   </div>
   <div class='ocr_carea' id='block_1_50' title="bbox 384 3221 2051 3296">
    <p class='ocr_par' dir='ltr' id='par_1_50' title="bbox 384 3221 2051 3296">
     <span class='ocr_line' id='line_1_51' title="bbox 384 3221 2051 3296; baseline -0.001 -17"><span class='ocrx_word' id='word_1_381' title='bbox 384 3226 628 3296; x_wconf 86' lang='lat' dir='ltr'><strong>pientia,</strong></span> <span class='ocrx_word' id='word_1_382' title='bbox 653 3223 1039 3279; x_wconf 86' lang='lat' dir='ltr'><strong>consultarunt</strong></span> <span class='ocrx_word' id='word_1_383' title='bbox 1062 3223 1164 3294; x_wconf 76' lang='grc' dir='ltr'>(ἡ).</span> <span class='ocrx_word' id='word_1_384' title='bbox 1190 3221 1520 3277; x_wconf 89' lang='lat' dir='ltr'><strong>Consilium</strong></span> <span class='ocrx_word' id='word_1_385' title='bbox 1542 3226 1742 3277; x_wconf 90' lang='lat' dir='ltr'><strong>autem</strong></span> <span class='ocrx_word' id='word_1_386' title='bbox 1775 3227 1865 3276; x_wconf 91' lang='lat' dir='ltr'><strong>est</strong></span> <span class='ocrx_word' id='word_1_387' title='bbox 1894 3238 2051 3292; x_wconf 70' lang='lat' dir='ltr'><strong>quaa-</strong></span> 
     </span>
    </p>
   </div>
   <div class='ocr_carea' id='block_1_51' title="bbox 2162 1959 3827 2043">
    <p class='ocr_par' dir='ltr' id='par_1_51' title="bbox 2162 1959 3827 2043">
     <span class='ocr_line' id='line_1_52' title="bbox 2162 1959 3827 2043; baseline 0.003 -26"><span class='ocrx_word' id='word_1_388' title='bbox 2162 1984 2346 2018; x_wconf 74' lang='grc' dir='ltr'>σονται</span> <span class='ocrx_word' id='word_1_389' title='bbox 2406 1959 2619 2027; x_wconf 79' lang='grc' dir='ltr'>ἀσεϐεῖς</span> <span class='ocrx_word' id='word_1_390' title='bbox 2676 1967 2786 2039; x_wconf 88' lang='grc'><strong>(83)</strong></span> <span class='ocrx_word' id='word_1_391' title='bbox 2846 1963 2899 2019; x_wconf 84' lang='grc' dir='ltr'>ἐν</span> <span class='ocrx_word' id='word_1_392' title='bbox 2957 1964 3154 2040; x_wconf 88' lang='grc' dir='ltr'>κρίσει,</span> <span class='ocrx_word' id='word_1_393' title='bbox 3222 1966 3276 2019; x_wconf 75' lang='grc' dir='ltr'>οἱ</span> <span class='ocrx_word' id='word_1_394' title='bbox 3331 1960 3441 2037; x_wconf 72' lang='grc' dir='ltr'>ἤδη</span> <span class='ocrx_word' id='word_1_395' title='bbox 3499 1986 3827 2043; x_wconf 80' lang='grc' dir='ltr'>κατακεκρι-</span> 
     </span>
    </p>
   </div>
   <div class='ocr_carea' id='block_1_52' title="bbox 2167 2051 3826 2130">
    <p class='ocr_par' dir='ltr' id='par_1_52' title="bbox 2167 2051 3826 2130">
     <span class='ocr_line' id='line_1_53' title="bbox 2167 2051 3826 2130; baseline 0.004 -24"><span class='ocrx_word' id='word_1_396' title='bbox 2167 2054 2340 2126; x_wconf 68' lang='grc' dir='ltr'>μένον</span> <span class='ocrx_word' id='word_1_397' title='bbox 2374 2051 2463 2107; x_wconf 81' lang='grc' dir='ltr'>ἐπὶ</span> <span class='ocrx_word' id='word_1_398' title='bbox 2518 2055 2545 2108; x_wconf 93' lang='lat'><strong>6</strong></span> <span class='ocrx_word' id='word_1_399' title='bbox 2599 2055 2677 2127; x_wconf 75' lang='grc' dir='ltr'>μὴ</span> <span class='ocrx_word' id='word_1_400' title='bbox 2729 2052 2999 2110; x_wconf 77' lang='grc' dir='ltr'>πιστεύων</span> <span class='ocrx_word' id='word_1_401' title='bbox 3060 2056 3172 2128; x_wconf 78' lang='grc'>(84)</span> <span class='ocrx_word' id='word_1_402' title='bbox 3227 2051 3338 2125; x_wconf 72' lang='grc' dir='ltr'>ἤδη</span> <span class='ocrx_word' id='word_1_403' title='bbox 3397 2053 3661 2130; x_wconf 72' lang='grc' dir='ltr'>κέκριταιο</span> <span class='ocrx_word' id='word_1_404' title='bbox 3697 2054 3826 2113; x_wconf 74' lang='grc' dir='ltr'>οὐδὲ</span> 
     </span>
    </p>
   </div>
   <div class='ocr_carea' id='block_1_53' title="bbox 2164 2142 3822 2219">
    <p class='ocr_par' dir='ltr' id='par_1_53' title="bbox 2164 2142 3822 2219">
     <span class='ocr_line' id='line_1_54' title="bbox 2164 2142 3822 2219; baseline 0.002 -20"><span class='ocrx_word' id='word_1_405' title='bbox 2164 2144 2215 2199; x_wconf 74' lang='grc' dir='ltr'>οἱ</span> <span class='ocrx_word' id='word_1_406' title='bbox 2268 2143 2591 2219; x_wconf 79' lang='grc' dir='ltr'>ἁμαρτωλοὶ</span> <span class='ocrx_word' id='word_1_407' title='bbox 2670 2143 2723 2199; x_wconf 68' lang='grc' dir='ltr'>ἂν</span> <span class='ocrx_word' id='word_1_408' title='bbox 2801 2144 2978 2219; x_wconf 81' lang='grc' dir='ltr'>βουλῇ</span> <span class='ocrx_word' id='word_1_409' title='bbox 3039 2142 3283 2200; x_wconf 87' lang='grc' dir='ltr'>δικαίων·</span> <span class='ocrx_word' id='word_1_410' title='bbox 3371 2146 3425 2200; x_wconf 75' lang='grc' dir='ltr'>οἱ</span> <span class='ocrx_word' id='word_1_411' title='bbox 3498 2144 3606 2219; x_wconf 65' lang='grc' dir='ltr'><strong>ἤδη</strong></span> <span class='ocrx_word' id='word_1_412' title='bbox 3662 2168 3822 2203; x_wconf 84' lang='grc' dir='ltr'>κατε-</span> 
     </span>
    </p>
   </div>
   <div class='ocr_carea' id='block_1_54' title="bbox 2163 2232 3824 2312">
    <p class='ocr_par' dir='ltr' id='par_1_54' title="bbox 2163 2232 3824 2312">
     <span class='ocr_line' id='line_1_55' title="bbox 2163 2232 3824 2312; baseline 0.004 -25"><span class='ocrx_word' id='word_1_413' title='bbox 2163 2234 2493 2307; x_wconf 84' lang='grc' dir='ltr'>γνωσμένοι,</span> <span class='ocrx_word' id='word_1_414' title='bbox 2524 2232 2601 2296; x_wconf 74' lang='grc' dir='ltr'>εἰς</span> <span class='ocrx_word' id='word_1_415' title='bbox 2626 2232 2689 2289; x_wconf 74' lang='grc' dir='ltr'>τὰ</span> <span class='ocrx_word' id='word_1_416' title='bbox 2739 2236 2815 2308; x_wconf 80' lang='grc' dir='ltr'>μὴ</span> <span class='ocrx_word' id='word_1_417' title='bbox 2869 2235 3136 2306; x_wconf 77' lang='grc' dir='ltr'>ἒνωθῆναι</span> <span class='ocrx_word' id='word_1_418' title='bbox 3184 2241 3303 2301; x_wconf 85' lang='grc' dir='ltr'>τοῖς</span> <span class='ocrx_word' id='word_1_419' title='bbox 3334 2237 3677 2300; x_wconf 82' lang='grc' dir='ltr'>ἆπτααίστως</span> <span class='ocrx_word' id='word_1_420' title='bbox 3710 2240 3824 2312; x_wconf 83' lang='grc'>(85)</span> 
     </span>
    </p>
   </div>
   <div class='ocr_carea' id='block_1_55' title="bbox 2166 2317 3825 2400">
    <p class='ocr_par' dir='ltr' id='par_1_55' title="bbox 2166 2317 3825 2400">
     <span class='ocr_line' id='line_1_56' title="bbox 2166 2317 3825 2400; baseline 0.004 -23"><span class='ocrx_word' id='word_1_421' title='bbox 2166 2317 2511 2398; x_wconf 82' lang='grc' dir='ltr'>βεϐιωκόσιν’</span> <span class='ocrx_word' id='word_1_422' title='bbox 2575 2324 2659 2379; x_wconf 78' lang='grc' dir='ltr'>ὃτι</span> <span class='ocrx_word' id='word_1_423' title='bbox 2743 2325 3001 2399; x_wconf 86' lang='grc' dir='ltr'>γινώσκει</span> <span class='ocrx_word' id='word_1_424' title='bbox 3097 2324 3295 2400; x_wconf 85' lang='grc' dir='ltr'>Κύριος</span> <span class='ocrx_word' id='word_1_425' title='bbox 3375 2322 3499 2380; x_wconf 83' lang='grc' dir='ltr'>ὁδὸν</span> <span class='ocrx_word' id='word_1_426' title='bbox 3575 2323 3825 2398; x_wconf 87' lang='grc' dir='ltr'>δικαίων,</span> 
     </span>
    </p>
   </div>
   <div class='ocr_carea' id='block_1_56' title="bbox 2159 2408 3818 2490">
    <p class='ocr_par' dir='ltr' id='par_1_56' title="bbox 2159 2408 3818 2490">
     <span class='ocr_line' id='line_1_57' title="bbox 2159 2408 3818 2490; baseline 0.003 -22"><span class='ocrx_word' id='word_1_427' title='bbox 2159 2412 2251 2468; x_wconf 84' lang='grc' dir='ltr'><strong>καὶ</strong></span> <span class='ocrx_word' id='word_1_428' title='bbox 2307 2409 2435 2475; x_wconf 84' lang='grc' dir='ltr'>ὁδὸς</span> <span class='ocrx_word' id='word_1_429' title='bbox 2493 2408 2701 2468; x_wconf 82' lang='grc' dir='ltr'>ἀσεϐῶν</span> <span class='ocrx_word' id='word_1_430' title='bbox 2758 2412 3066 2472; x_wconf 68' lang='grc' dir='ltr'>ἀπολεῖται.</span> <span class='ocrx_word' id='word_1_431' title='bbox 3125 2412 3300 2471; x_wconf 82' lang='grc' dir='ltr'>Πάλιν</span> <span class='ocrx_word' id='word_1_432' title='bbox 3358 2416 3387 2470; x_wconf 89' lang='lat'><strong>6</strong></span> <span class='ocrx_word' id='word_1_433' title='bbox 3444 2413 3648 2490; x_wconf 86' lang='grc' dir='ltr'>Κύριος</span> <span class='ocrx_word' id='word_1_434' title='bbox 3707 2414 3818 2472; x_wconf 87' lang='grc' dir='ltr'>δεί-</span> 
     </span>
    </p>
   </div>
   <div class='ocr_carea' id='block_1_57' title="bbox 2160 2498 3818 2583">
    <p class='ocr_par' dir='ltr' id='par_1_57' title="bbox 2160 2498 3818 2583">
     <span class='ocr_line' id='line_1_58' title="bbox 2160 2498 3818 2583; baseline 0.001 -25"><span class='ocrx_word' id='word_1_435' title='bbox 2160 2523 2344 2558; x_wconf 86' lang='grc' dir='ltr'>κνυσιν</span> <span class='ocrx_word' id='word_1_436' title='bbox 2372 2498 2624 2578; x_wconf 75' lang='grc' dir='ltr'>ἄντικρυς</span> <span class='ocrx_word' id='word_1_437' title='bbox 2675 2504 2757 2583; x_wconf 78' lang='grc' dir='ltr'><strong>ἐφ’</strong></span> <span class='ocrx_word' id='word_1_438' title='bbox 2803 2506 2939 2577; x_wconf 86' lang='grc' dir='ltr'>ἡμῖν</span> <span class='ocrx_word' id='word_1_439' title='bbox 2999 2505 3089 2560; x_wconf 80' lang='grc' dir='ltr'><strong>καὶ</strong></span> <span class='ocrx_word' id='word_1_440' title='bbox 3143 2506 3212 2560; x_wconf 77' lang='grc' dir='ltr'><strong>τὰ</strong></span> <span class='ocrx_word' id='word_1_441' title='bbox 3269 2507 3688 2582; x_wconf 81' lang='grc' dir='ltr'>παραπτώματα</span> <span class='ocrx_word' id='word_1_442' title='bbox 3724 2506 3818 2562; x_wconf 83' lang='grc' dir='ltr'><strong>καὶ</strong></span> 
     </span>
    </p>
   </div>
   <div class='ocr_carea' id='block_1_58' title="bbox 2158 2584 3821 2670">
    <p class='ocr_par' dir='ltr' id='par_1_58' title="bbox 2158 2584 3821 2670">
     <span class='ocr_line' id='line_1_59' title="bbox 2158 2584 3821 2670; baseline 0.004 -24"><span class='ocrx_word' id='word_1_443' title='bbox 2158 2591 2227 2647; x_wconf 80' lang='grc' dir='ltr'>τὰ</span> <span class='ocrx_word' id='word_1_444' title='bbox 2256 2584 2751 2665; x_wconf 62' lang='grc' dir='ltr'>πλημμελήματα,</span> <span class='ocrx_word' id='word_1_445' title='bbox 2797 2593 3038 2669; x_wconf 89' lang='grc' dir='ltr'>τρόπους</span> <span class='ocrx_word' id='word_1_446' title='bbox 3082 2597 3375 2670; x_wconf 78' lang='grc' dir='ltr'>θεραπείας</span> <span class='ocrx_word' id='word_1_447' title='bbox 3427 2594 3821 2669; x_wconf 76' lang='grc' dir='ltr'>καταλλήλους</span> 
     </span>
    </p>
   </div>
   <div class='ocr_carea' id='block_1_59' title="bbox 2157 2683 3817 2762">
    <p class='ocr_par' dir='ltr' id='par_1_59' title="bbox 2157 2683 3817 2762">
     <span class='ocr_line' id='line_1_60' title="bbox 2157 2683 3817 2762; baseline 0.005 -26"><span class='ocrx_word' id='word_1_448' title='bbox 2157 2686 2277 2745; x_wconf 91' lang='grc' dir='ltr'>τοῖς</span> <span class='ocrx_word' id='word_1_449' title='bbox 2329 2683 2553 2747; x_wconf 82' lang='grc' dir='ltr'>πάθεσιν</span> <span class='ocrx_word' id='word_1_450' title='bbox 2608 2683 3021 2758; x_wconf 79' lang='grc' dir='ltr'>ὑποτιθέμενος,</span> <span class='ocrx_word' id='word_1_451' title='bbox 3078 2685 3217 2761; x_wconf 84' lang='grc' dir='ltr'>πρὸς</span> <span class='ocrx_word' id='word_1_452' title='bbox 3262 2691 3370 2742; x_wconf 91' lang='grc' dir='ltr'><strong>τῶν</strong></span> <span class='ocrx_word' id='word_1_453' title='bbox 3412 2690 3688 2762; x_wconf 85' lang='grc' dir='ltr'>ποιμένων</span> <span class='ocrx_word' id='word_1_454' title='bbox 3720 2688 3817 2745; x_wconf 82' lang='grc' dir='ltr'><strong>ἐπ-</strong></span> 
     </span>
    </p>
   </div>
   <div class='ocr_carea' id='block_1_60' title="bbox 2160 2772 3821 2850">
    <p class='ocr_par' dir='ltr' id='par_1_60' title="bbox 2160 2772 3821 2850">
     <span class='ocr_line' id='line_1_61' title="bbox 2160 2772 3821 2850; baseline 0.005 -24"><span class='ocrx_word' id='word_1_455' title='bbox 2160 2773 2518 2847; x_wconf 88' lang='grc' dir='ltr'>ανορθοῦσθαι</span> <span class='ocrx_word' id='word_1_456' title='bbox 2554 2772 2895 2849; x_wconf 75' lang='grc' dir='ltr'>βουλόμενος</span> <span class='ocrx_word' id='word_1_457' title='bbox 2953 2776 3103 2849; x_wconf 81' lang='grc' dir='ltr'>ἡμᾶς</span> <span class='ocrx_word' id='word_1_458' title='bbox 3160 2772 3250 2831; x_wconf 80' lang='grc' dir='ltr'>διὰ</span> <span class='ocrx_word' id='word_1_459' title='bbox 3300 2778 3597 2850; x_wconf 75' lang='grc' dir='ltr'>Ἰεζεκιήλ·</span> <span class='ocrx_word' id='word_1_460' title='bbox 3632 2779 3821 2835; x_wconf 79' lang='grc' dir='ltr'>αἰτιώ-</span> 
     </span>
    </p>
   </div>
   <div class='ocr_carea' id='block_1_61' title="bbox 2163 2861 3824 2945">
    <p class='ocr_par' dir='ltr' id='par_1_61' title="bbox 2163 2861 3824 2945">
     <span class='ocr_line' id='line_1_62' title="bbox 2163 2861 3824 2945; baseline 0.007 -30"><span class='ocrx_word' id='word_1_461' title='bbox 2163 2881 2323 2935; x_wconf 88' lang='grc' dir='ltr'>μενος</span> <span class='ocrx_word' id='word_1_462' title='bbox 2358 2861 2559 2931; x_wconf 83' lang='grc' dir='ltr'>αὐτῶν,</span> <span class='ocrx_word' id='word_1_463' title='bbox 2592 2862 2771 2936; x_wconf 76' lang='grc' dir='ltr'>οἶμαι,</span> <span class='ocrx_word' id='word_1_464' title='bbox 2819 2862 2994 2933; x_wconf 76' lang='grc' dir='ltr'>τινὰς,</span> <span class='ocrx_word' id='word_1_465' title='bbox 3049 2865 3134 2942; x_wconf 77' lang='grc' dir='ltr'><strong>ἐφ’</strong></span> <span class='ocrx_word' id='word_1_466' title='bbox 3165 2866 3248 2930; x_wconf 78' lang='grc' dir='ltr'>οἷς</span> <span class='ocrx_word' id='word_1_467' title='bbox 3296 2867 3397 2922; x_wconf 79' lang='grc' dir='ltr'>οὐκ</span> <span class='ocrx_word' id='word_1_468' title='bbox 3426 2866 3697 2945; x_wconf 73' lang='grc' dir='ltr'>ἐτήρησαν</span> <span class='ocrx_word' id='word_1_469' title='bbox 3726 2870 3824 2934; x_wconf 70' lang='grc' dir='ltr'><strong>τὰς</strong></span> 
     </span>
    </p>
   </div>
   <div class='ocr_carea' id='block_1_62' title="bbox 2159 2948 3824 3032">
    <p class='ocr_par' dir='ltr' id='par_1_62' title="bbox 2159 2948 3824 3032">
     <span class='ocr_line' id='line_1_63' title="bbox 2159 2948 3824 3032; baseline 0.006 -27"><span class='ocrx_word' id='word_1_470' title='bbox 2159 2948 2406 3013; x_wconf 78' lang='grc' dir='ltr'>ἐντολάς’</span> <span class='ocrx_word' id='word_1_471' title='bbox 2473 2951 2543 3006; x_wconf 83' lang='grc' dir='ltr'>Τὸ</span> <span class='ocrx_word' id='word_1_472' title='bbox 2626 2950 2931 3023; x_wconf 76' lang='grc' dir='ltr'>ἠσθενηκὸς</span> <span class='ocrx_word' id='word_1_473' title='bbox 3018 2953 3117 3009; x_wconf 77' lang='grc' dir='ltr'><strong>οὐκ</strong></span> <span class='ocrx_word' id='word_1_474' title='bbox 3198 2952 3537 3032; x_wconf 78' lang='grc' dir='ltr'>ἐνισχύσατε,</span> <span class='ocrx_word' id='word_1_475' title='bbox 3589 2959 3681 3013; x_wconf 88' lang='grc' dir='ltr'><strong>καὶ</strong></span> <span class='ocrx_word' id='word_1_476' title='bbox 3755 2962 3824 3015; x_wconf 78' lang='grc' dir='ltr'><strong>τὰ</strong></span> 
     </span>
    </p>
   </div>
   <div class='ocr_carea' id='block_1_63' title="bbox 2162 3036 3821 3125">
    <p class='ocr_par' dir='ltr' id='par_1_63' title="bbox 2162 3036 3821 3125">
     <span class='ocr_line' id='line_1_64' title="bbox 2162 3036 3821 3125; baseline 0.007 -31"><span class='ocrx_word' id='word_1_477' title='bbox 2162 3036 2467 3110; x_wconf 70' lang='grc' dir='ltr'>έξῆς,ἓως,</span> <span class='ocrx_word' id='word_1_478' title='bbox 2527 3039 2629 3098; x_wconf 80' lang='grc' dir='ltr'>Καὶ</span> <span class='ocrx_word' id='word_1_479' title='bbox 2691 3041 2795 3097; x_wconf 80' lang='grc' dir='ltr'><strong>οὐκ</strong></span> <span class='ocrx_word' id='word_1_480' title='bbox 2849 3041 2915 3111; x_wconf 80' lang='grc' dir='ltr'>ἦν</span> <span class='ocrx_word' id='word_1_481' title='bbox 2978 3044 3007 3098; x_wconf 88' lang='lat'><strong>6</strong></span> <span class='ocrx_word' id='word_1_482' title='bbox 3065 3042 3365 3116; x_wconf 82' lang='grc' dir='ltr'>ἐπιζητῶν,</span> <span class='ocrx_word' id='word_1_483' title='bbox 3397 3044 3523 3103; x_wconf 75' lang='grc' dir='ltr'>οὐδὲ</span> <span class='ocrx_word' id='word_1_484' title='bbox 3551 3047 3821 3125; x_wconf 79' lang='grc' dir='ltr'>ἀποστρέ-</span> 
     </span>
    </p>
   </div>
   <div class='ocr_carea' id='block_1_64' title="bbox 2161 3129 3820 3215">
    <p class='ocr_par' dir='ltr' id='par_1_64' title="bbox 2161 3129 3820 3215">
     <span class='ocr_line' id='line_1_65' title="bbox 2161 3129 3820 3215; baseline 0.007 -32"><span class='ocrx_word' id='word_1_485' title='bbox 2161 3151 2275 3208; x_wconf 78' lang='grc' dir='ltr'><strong>φων</strong></span> <span class='ocrx_word' id='word_1_486' title='bbox 2333 3133 2468 3203; x_wconf 86' lang='grc'>(86).</span> <span class='ocrx_word' id='word_1_487' title='bbox 2528 3129 2757 3206; x_wconf 75' lang='grc' dir='ltr'>Μεγάλη</span> <span class='ocrx_word' id='word_1_488' title='bbox 2813 3132 2924 3207; x_wconf 83' lang='grc'>(87)</span> <span class='ocrx_word' id='word_1_489' title='bbox 2979 3131 3082 3209; x_wconf 77' lang='grc' dir='ltr'><strong>γὰρ</strong></span> <span class='ocrx_word' id='word_1_490' title='bbox 3139 3136 3287 3211; x_wconf 78' lang='grc' dir='ltr'>’χαρὰ</span> <span class='ocrx_word' id='word_1_491' title='bbox 3333 3138 3480 3211; x_wconf 81' lang='grc' dir='ltr'>παρὰ</span> <span class='ocrx_word' id='word_1_492' title='bbox 3509 3142 3587 3212; x_wconf 80' lang='grc' dir='ltr'>τῷ</span> <span class='ocrx_word' id='word_1_493' title='bbox 3617 3139 3820 3215; x_wconf 86' lang='grc' dir='ltr'>Πατρί-</span> 
     </span>
    </p>
   </div>
   <div class='ocr_carea' id='block_1_65' title="bbox 2160 3216 3816 3304">
    <p class='ocr_par' dir='ltr' id='par_1_65' title="bbox 2160 3216 3816 3304">
     <span class='ocr_line' id='line_1_66' title="bbox 2160 3216 3816 3304; baseline 0.005 -31"><span class='ocrx_word' id='word_1_494' title='bbox 2160 3217 2281 3281; x_wconf 70' lang='grc' dir='ltr'>ένὸς</span> <span class='ocrx_word' id='word_1_495' title='bbox 2327 3216 2661 3295; x_wconf 81' lang='grc' dir='ltr'>ἁμαρτωΛοῦ</span> <span class='ocrx_word' id='word_1_496' title='bbox 2722 3218 3005 3292; x_wconf 88' lang='grc' dir='ltr'>σῶθέντος,</span> <span class='ocrx_word' id='word_1_497' title='bbox 3061 3222 3090 3276; x_wconf 88' lang='lat'><strong>6</strong></span> <span class='ocrx_word' id='word_1_498' title='bbox 3145 3222 3351 3295; x_wconf 76' lang='grc' dir='ltr'>Κύριός</span> <span class='ocrx_word' id='word_1_499' title='bbox 3411 3247 3567 3302; x_wconf 78' lang='grc' dir='ltr'>φησι.</span> <span class='ocrx_word' id='word_1_500' title='bbox 3629 3227 3816 3304; x_wconf 72' lang='grc' dir='ltr'>Ταύτῃ</span> 
     </span>
    </p>
   </div>
   <div class='ocr_carea' id='block_1_66' title="bbox 394 3296 2045 3394">
    <p class='ocr_par' dir='ltr' id='par_1_66' title="bbox 394 3310 2045 3386">
     <span class='ocr_line' id='line_1_67' title="bbox 394 3310 2045 3386; baseline -0.003 -17"><span class='ocrx_word' id='word_1_501' title='bbox 394 3315 528 3383; x_wconf 87' lang='lat' dir='ltr'><strong>stio,</strong></span> <span class='ocrx_word' id='word_1_502' title='bbox 551 3313 614 3379; x_wconf 75' lang='grc' dir='ltr'><strong>›ι‹</strong></span> <span class='ocrx_word' id='word_1_503' title='bbox 635 3313 932 3386; x_wconf 90' lang='lat' dir='ltr'><strong>quomodo</strong></span> <span class='ocrx_word' id='word_1_504' title='bbox 955 3313 1017 3367; x_wconf 93' lang='lat' dir='ltr'><strong>in</strong></span> <span class='ocrx_word' id='word_1_505' title='bbox 1042 3311 1437 3384; x_wconf 66' lang='lat' dir='ltr'><strong>prassentibus</strong></span> <span class='ocrx_word' id='word_1_506' title='bbox 1458 3310 1637 3366; x_wconf 90' lang='lat' dir='ltr'><strong>rebus</strong></span> <span class='ocrx_word' id='word_1_507' title='bbox 1658 3315 1816 3366; x_wconf 89' lang='lat' dir='ltr'><strong>recte</strong></span> <span class='ocrx_word' id='word_1_508' title='bbox 1838 3310 2045 3366; x_wconf 90' lang='lat' dir='ltr'><strong>transi-</strong></span> 
     </span>
    </p>
   </div>
   <div class='ocr_carea' id='block_1_67' title="bbox 2167 3296 3818 3394">
    <p class='ocr_par' dir='ltr' id='par_1_67' title="bbox 2167 3296 3818 3394">
     <span class='ocr_line' id='line_1_68' title="bbox 2167 3296 3818 3394; baseline 0.005 -30"><span class='ocrx_word' id='word_1_509' title='bbox 2167 3306 2328 3364; x_wconf 81' lang='grc' dir='ltr'>πλέον</span> <span class='ocrx_word' id='word_1_510' title='bbox 2388 3307 2663 3370; x_wconf 82' lang='grc' dir='ltr'>ἐπαινετὸς</span> <span class='ocrx_word' id='word_1_511' title='bbox 2716 3310 2744 3364; x_wconf 88' lang='lat'><strong>6</strong></span> <span class='ocrx_word' id='word_1_512' title='bbox 2797 3304 3075 3385; x_wconf 76' lang='grc' dir='ltr'>Ἀϐραὰμ,</span> <span class='ocrx_word' id='word_1_513' title='bbox 3130 3310 3214 3367; x_wconf 80' lang='grc' dir='ltr'><strong>ὅτι</strong></span> <span class='ocrx_word' id='word_1_514' title='bbox 3273 3296 3542 3390; x_wconf 75' lang='grc' dir='ltr'>ἐπορεύθη</span> <span class='ocrx_word' id='word_1_515' title='bbox 3574 3296 3818 3394; x_wconf 70' lang='grc' dir='ltr'>καθάπερ</span> 
     </span>
    </p>
   </div>
   <div class='ocr_carea' id='block_1_68' title="bbox 392 3395 2047 3478">
    <p class='ocr_par' dir='ltr' id='par_1_68' title="bbox 392 3395 2047 3478">
     <span class='ocr_line' id='line_1_69' title="bbox 392 3395 2047 3478; baseline -0.003 -18"><span class='ocrx_word' id='word_1_516' title='bbox 392 3420 640 3478; x_wconf 84' lang='lat' dir='ltr'><strong>gamus;</strong></span> <span class='ocrx_word' id='word_1_517' title='bbox 672 3395 956 3457; x_wconf 76' lang='grc' dir='ltr'>εὐϐουλία.</span> <span class='ocrx_word' id='word_1_518' title='bbox 1005 3407 1228 3469; x_wconf 87' lang='lat' dir='ltr'><strong>autem,</strong></span> <span class='ocrx_word' id='word_1_519' title='bbox 1276 3401 1337 3456; x_wconf 91' lang='lat' dir='ltr'><strong>id</strong></span> <span class='ocrx_word' id='word_1_520' title='bbox 1387 3406 1477 3456; x_wconf 89' lang='lat' dir='ltr'><strong>est</strong></span> <span class='ocrx_word' id='word_1_521' title='bbox 1529 3402 1671 3457; x_wconf 88' lang='lat' dir='ltr'><strong>bona</strong></span> <span class='ocrx_word' id='word_1_522' title='bbox 1700 3403 2047 3471; x_wconf 78' lang='lat' dir='ltr'><strong>consultatio,</strong></span> 
     </span>
    </p>
   </div>
   <div class='ocr_carea' id='block_1_69' title="bbox 391 3490 2051 3565">
    <p class='ocr_par' dir='ltr' id='par_1_69' title="bbox 391 3490 2051 3565">
     <span class='ocr_line' id='line_1_70' title="bbox 391 3490 2051 3565; baseline -0.002 -16"><span class='ocrx_word' id='word_1_523' title='bbox 391 3499 483 3550; x_wconf 89' lang='lat' dir='ltr'><strong>est</strong></span> <span class='ocrx_word' id='word_1_524' title='bbox 509 3492 832 3565; x_wconf 87' lang='lat' dir='ltr'><strong>prudentia</strong></span> <span class='ocrx_word' id='word_1_525' title='bbox 853 3493 916 3547; x_wconf 90' lang='lat' dir='ltr'><strong>in</strong></span> <span class='ocrx_word' id='word_1_526' title='bbox 949 3491 1237 3547; x_wconf 88' lang='lat' dir='ltr'><strong>consiliis.</strong></span> <span class='ocrx_word' id='word_1_527' title='bbox 1261 3490 1411 3556; x_wconf 87' lang='lat' dir='ltr'><strong>Quid</strong></span> <span class='ocrx_word' id='word_1_528' title='bbox 1443 3507 1581 3547; x_wconf 81' lang='lat' dir='ltr'><strong>vero</strong></span> <span class='ocrx_word' id='word_1_529' title='bbox 1606 3490 1633 3545; x_wconf 77' lang='lat' dir='ltr'><strong>‘l</strong></span> <span class='ocrx_word' id='word_1_530' title='bbox 1661 3507 1863 3546; x_wconf 87' lang='lat' dir='ltr'><strong>annon</strong></span> <span class='ocrx_word' id='word_1_531' title='bbox 1894 3492 2051 3546; x_wconf 91' lang='lat' dir='ltr'><strong>Deus</strong></span> 
     </span>
    </p>
   </div>
   <div class='ocr_carea' id='block_1_70' title="bbox 391 3579 2052 3653">
    <p class='ocr_par' dir='ltr' id='par_1_70' title="bbox 391 3579 2052 3653">
     <span class='ocr_line' id='line_1_71' title="bbox 391 3579 2052 3653; baseline -0.002 -16"><span class='ocrx_word' id='word_1_532' title='bbox 391 3598 629 3653; x_wconf 89' lang='lat' dir='ltr'><strong>quoque</strong></span> <span class='ocrx_word' id='word_1_533' title='bbox 686 3586 822 3653; x_wconf 90' lang='lat' dir='ltr'><strong>post</strong></span> <span class='ocrx_word' id='word_1_534' title='bbox 872 3580 1015 3635; x_wconf 88' lang='lat' dir='ltr'><strong>Cain</strong></span> <span class='ocrx_word' id='word_1_535' title='bbox 1073 3580 1274 3635; x_wconf 87' lang='lat' dir='ltr'><strong>datam</strong></span> <span class='ocrx_word' id='word_1_536' title='bbox 1302 3579 1559 3647; x_wconf 89' lang='lat' dir='ltr'><strong>veniam,</strong></span> <span class='ocrx_word' id='word_1_537' title='bbox 1612 3584 2052 3650; x_wconf 88' lang='lat' dir='ltr'><strong>consequenter</strong></span> 
     </span>
    </p>
   </div>
   <div class='ocr_carea' id='block_1_71' title="bbox 391 3668 2052 3741">
    <p class='ocr_par' dir='ltr' id='par_1_71' title="bbox 391 3668 2052 3741">
     <span class='ocr_line' id='line_1_72' title="bbox 391 3668 2052 3741; baseline -0.002 -14"><span class='ocrx_word' id='word_1_538' title='bbox 391 3688 515 3727; x_wconf 89' lang='lat' dir='ltr'><strong>non</strong></span> <span class='ocrx_word' id='word_1_539' title='bbox 545 3670 733 3725; x_wconf 88' lang='lat' dir='ltr'><strong>multo</strong></span> <span class='ocrx_word' id='word_1_540' title='bbox 764 3675 901 3741; x_wconf 92' lang='lat' dir='ltr'><strong>post</strong></span> <span class='ocrx_word' id='word_1_541' title='bbox 923 3668 1251 3724; x_wconf 88' lang='lat' dir='ltr'><strong>introducit</strong></span> <span class='ocrx_word' id='word_1_542' title='bbox 1271 3668 1600 3739; x_wconf 90' lang='lat' dir='ltr'><strong>Enoch,qui</strong></span> <span class='ocrx_word' id='word_1_543' title='bbox 1624 3668 1836 3723; x_wconf 90' lang='lat' dir='ltr'><strong>ductus</strong></span> <span class='ocrx_word' id='word_1_544' title='bbox 1857 3669 2052 3724; x_wconf 87' lang='lat' dir='ltr'><strong>fuerat</strong></span> 
     </span>
    </p>
   </div>
   <div class='ocr_carea' id='block_1_72' title="bbox 389 3758 2049 3832">
    <p class='ocr_par' dir='ltr' id='par_1_72' title="bbox 389 3758 2049 3832">
     <span class='ocr_line' id='line_1_73' title="bbox 389 3758 2049 3832; baseline 0 -17"><span class='ocrx_word' id='word_1_545' title='bbox 389 3758 1113 3832; x_wconf 74' lang='lat' dir='ltr'><strong>pmnitentia,signiﬁcans</strong></span> <span class='ocrx_word' id='word_1_546' title='bbox 1129 3758 1321 3813; x_wconf 90' lang='lat' dir='ltr'><strong>solere</strong></span> <span class='ocrx_word' id='word_1_547' title='bbox 1334 3758 1745 3829; x_wconf 61' lang='lat' dir='ltr'><strong>paenitentiam</strong></span> <span class='ocrx_word' id='word_1_548' title='bbox 1763 3775 2049 3831; x_wconf 79' lang='lat' dir='ltr'><strong>generare</strong></span> 
     </span>
    </p>
   </div>
   <div class='ocr_carea' id='block_1_73' title="bbox 389 3846 2046 3917">
    <p class='ocr_par' dir='ltr' id='par_1_73' title="bbox 389 3846 2046 3917">
     <span class='ocr_line' id='line_1_74' title="bbox 389 3846 2046 3917; baseline 0 -12"><span class='ocrx_word' id='word_1_549' title='bbox 389 3848 668 3905; x_wconf 83' lang='lat' dir='ltr'><strong>veniam?</strong></span> <span class='ocrx_word' id='word_1_550' title='bbox 696 3847 983 3904; x_wconf 87' lang='lat' dir='ltr'><strong>Consistit</strong></span> <span class='ocrx_word' id='word_1_551' title='bbox 1002 3852 1202 3903; x_wconf 90' lang='lat' dir='ltr'><strong>autem</strong></span> <span class='ocrx_word' id='word_1_552' title='bbox 1226 3846 1397 3902; x_wconf 89' lang='lat' dir='ltr'><strong>venia</strong></span> <span class='ocrx_word' id='word_1_553' title='bbox 1416 3863 1536 3901; x_wconf 92' lang='lat' dir='ltr'><strong>non</strong></span> <span class='ocrx_word' id='word_1_554' title='bbox 1568 3864 1638 3902; x_wconf 84' lang='lat' dir='ltr'><strong>ex</strong></span> <span class='ocrx_word' id='word_1_555' title='bbox 1668 3848 2046 3917; x_wconf 89' lang='lat' dir='ltr'><strong>remissione,</strong></span> 
     </span>
    </p>
   </div>
   <div class='ocr_carea' id='block_1_74' title="bbox 391 3935 2048 4008">
    <p class='ocr_par' dir='ltr' id='par_1_74' title="bbox 391 3935 2048 4008">
     <span class='ocr_line' id='line_1_75' title="bbox 391 3935 2048 4008; baseline 0 -15"><span class='ocrx_word' id='word_1_556' title='bbox 391 3936 496 3994; x_wconf 93' lang='lat' dir='ltr'><strong>sed</strong></span> <span class='ocrx_word' id='word_1_557' title='bbox 529 3952 600 3993; x_wconf 83' lang='lat' dir='ltr'><strong>ex</strong></span> <span class='ocrx_word' id='word_1_558' title='bbox 628 3935 882 3993; x_wconf 89' lang='lat' dir='ltr'><strong>medela.</strong></span> <span class='ocrx_word' id='word_1_559' title='bbox 910 3936 1030 3991; x_wconf 85' lang='lat' dir='ltr'><strong>Hoc</strong></span> <span class='ocrx_word' id='word_1_560' title='bbox 1061 3936 1257 4007; x_wconf 90' lang='lat' dir='ltr'><strong>ipsum</strong></span> <span class='ocrx_word' id='word_1_561' title='bbox 1283 3935 1463 3991; x_wconf 90' lang='lat' dir='ltr'><strong>etiam</strong></span> <span class='ocrx_word' id='word_1_562' title='bbox 1487 3936 1553 3991; x_wconf 82' lang='lat' dir='ltr'><strong>ﬁt</strong></span> <span class='ocrx_word' id='word_1_563' title='bbox 1577 3936 1735 4008; x_wconf 88' lang='lat' dir='ltr'><strong>apud</strong></span> <span class='ocrx_word' id='word_1_564' title='bbox 1765 3940 1962 3993; x_wconf 86' lang='lat' dir='ltr'><strong>Aaron</strong></span> <span class='ocrx_word' id='word_1_565' title='bbox 1985 3938 2048 3993; x_wconf 91' lang='lat' dir='ltr'><strong>in</strong></span> 
     </span>
    </p>
   </div>
   <div class='ocr_carea' id='block_1_75' title="bbox 2159 3397 3818 3482">
    <p class='ocr_par' dir='ltr' id='par_1_75' title="bbox 2159 3397 3818 3482">
     <span class='ocr_line' id='line_1_76' title="bbox 2159 3397 3818 3482; baseline 0.005 -27"><span class='ocrx_word' id='word_1_566' title='bbox 2159 3397 2427 3469; x_wconf 78' lang='grc' dir='ltr'>ἐλάλησεν</span> <span class='ocrx_word' id='word_1_567' title='bbox 2481 3398 2630 3473; x_wconf 76' lang='grc' dir='ltr'>αὐτῷ</span> <span class='ocrx_word' id='word_1_568' title='bbox 2683 3399 2711 3455; x_wconf 84' lang='grc' dir='ltr'><strong>ό</strong></span> <span class='ocrx_word' id='word_1_569' title='bbox 2761 3399 2980 3477; x_wconf 85' lang='grc' dir='ltr'>Κύριος.</span> <span class='ocrx_word' id='word_1_570' title='bbox 3033 3403 3304 3459; x_wconf 83' lang='grc' dir='ltr'>Ἐντεῦθεν</span> <span class='ocrx_word' id='word_1_571' title='bbox 3352 3405 3687 3482; x_wconf 87' lang='grc' dir='ltr'>ἀρυσάμενός</span> <span class='ocrx_word' id='word_1_572' title='bbox 3731 3429 3818 3471; x_wconf 81' lang='grc' dir='ltr'><strong>τις</strong></span> 
     </span>
    </p>
   </div>
   <div class='ocr_carea' id='block_1_76' title="bbox 2157 3486 3818 3572">
    <p class='ocr_par' dir='ltr' id='par_1_76' title="bbox 2157 3486 3818 3572">
     <span class='ocr_line' id='line_1_77' title="bbox 2157 3486 3818 3572; baseline 0.005 -27"><span class='ocrx_word' id='word_1_573' title='bbox 2157 3492 2267 3545; x_wconf 86' lang='grc' dir='ltr'><strong>τῶν</strong></span> <span class='ocrx_word' id='word_1_574' title='bbox 2300 3489 2427 3561; x_wconf 85' lang='grc' dir='ltr'>παρ’</span> <span class='ocrx_word' id='word_1_575' title='bbox 2457 3486 2699 3559; x_wconf 80' lang='grc' dir='ltr'>Ἕλλησι</span> <span class='ocrx_word' id='word_1_576' title='bbox 2749 3494 2949 3566; x_wconf 77' lang='grc' dir='ltr'>σοφῶν,</span> <span class='ocrx_word' id='word_1_577' title='bbox 3001 3490 3064 3546; x_wconf 85' lang='grc' dir='ltr'>τὸ</span> <span class='ocrx_word' id='word_1_578' title='bbox 3110 3493 3284 3548; x_wconf 87' lang='grc' dir='ltr'>Ἓπου</span> <span class='ocrx_word' id='word_1_579' title='bbox 3343 3499 3460 3567; x_wconf 81' lang='grc' dir='ltr'><strong>Θεῷ</strong></span> <span class='ocrx_word' id='word_1_580' title='bbox 3515 3498 3653 3572; x_wconf 88' lang='grc'>(88),</span> <span class='ocrx_word' id='word_1_581' title='bbox 3684 3497 3818 3553; x_wconf 80' lang='grc' dir='ltr'>ἀπε-</span> 
     </span>
    </p>
   </div>
   <div class='ocr_carea' id='block_1_77' title="bbox 2160 3575 3822 3661">
    <p class='ocr_par' dir='ltr' id='par_1_77' title="bbox 2160 3575 3822 3661">
     <span class='ocr_line' id='line_1_78' title="bbox 2160 3575 3822 3661; baseline 0.001 -27"><span class='ocrx_word' id='word_1_582' title='bbox 2160 3577 2451 3653; x_wconf 78' lang='grc' dir='ltr'>φθέγξατο.</span> <span class='ocrx_word' id='word_1_583' title='bbox 2511 3578 2580 3635; x_wconf 77' lang='grc' dir='ltr'>Οἱ</span> <span class='ocrx_word' id='word_1_584' title='bbox 2651 3575 2709 3633; x_wconf 72' lang='grc' dir='ltr'>δὲ</span> <span class='ocrx_word' id='word_1_585' title='bbox 2758 3575 3019 3650; x_wconf 82' lang='grc' dir='ltr'>εὐσεϐεῖς,</span> <span class='ocrx_word' id='word_1_586' title='bbox 3087 3582 3250 3661; x_wconf 71' lang='grc' dir='ltr'>φησὶν</span> <span class='ocrx_word' id='word_1_587' title='bbox 3317 3580 3565 3656; x_wconf 74' lang='grc' dir='ltr'>Ἡσαΐας,</span> <span class='ocrx_word' id='word_1_588' title='bbox 3629 3590 3822 3644; x_wconf 81' lang='grc' dir='ltr'>συνετά</span> 
     </span>
    </p>
   </div>
   <div class='ocr_carea' id='block_1_78' title="bbox 2160 3663 3820 3750">
    <p class='ocr_par' dir='ltr' id='par_1_78' title="bbox 2160 3663 3820 3750">
     <span class='ocr_line' id='line_1_79' title="bbox 2160 3663 3820 3750; baseline 0.007 -26"><span class='ocrx_word' id='word_1_589' title='bbox 2160 3663 2583 3728; x_wconf 70' lang='grc' dir='ltr'>ἐϐουλεύσαντο.</span> <span class='ocrx_word' id='word_1_590' title='bbox 2626 3665 2814 3738; x_wconf 86' lang='grc' dir='ltr'>Βουλή</span> <span class='ocrx_word' id='word_1_591' title='bbox 2875 3667 2931 3725; x_wconf 74' lang='grc' dir='ltr'>δὶ</span> <span class='ocrx_word' id='word_1_592' title='bbox 2988 3670 3100 3726; x_wconf 82' lang='grc' dir='ltr'>ἐστι</span> <span class='ocrx_word' id='word_1_593' title='bbox 3160 3673 3385 3744; x_wconf 77' lang='grc' dir='ltr'>ζήτησις</span> <span class='ocrx_word' id='word_1_594' title='bbox 3414 3675 3540 3750; x_wconf 87' lang='grc' dir='ltr'>περὶ</span> <span class='ocrx_word' id='word_1_595' title='bbox 3568 3681 3669 3731; x_wconf 86' lang='grc' dir='ltr'><strong>τοῦ</strong></span> <span class='ocrx_word' id='word_1_596' title='bbox 3699 3684 3820 3743; x_wconf 83' lang='grc' dir='ltr'><strong>πῶς</strong></span> 
     </span>
    </p>
   </div>
   <div class='ocr_carea' id='block_1_79' title="bbox 2158 3757 3817 3842">
    <p class='ocr_par' dir='ltr' id='par_1_79' title="bbox 2158 3757 3817 3842">
     <span class='ocr_line' id='line_1_80' title="bbox 2158 3757 3817 3842; baseline 0.005 -29"><span class='ocrx_word' id='word_1_597' title='bbox 2158 3757 2218 3813; x_wconf 86' lang='grc' dir='ltr'><strong>ἃν</strong></span> <span class='ocrx_word' id='word_1_598' title='bbox 2283 3758 2335 3815; x_wconf 76' lang='grc' dir='ltr'><strong>έν</strong></span> <span class='ocrx_word' id='word_1_599' title='bbox 2391 3764 2511 3819; x_wconf 90' lang='grc' dir='ltr'>τοῖς</span> <span class='ocrx_word' id='word_1_600' title='bbox 2563 3762 2801 3833; x_wconf 85' lang='grc' dir='ltr'>παροῦσι</span> <span class='ocrx_word' id='word_1_601' title='bbox 2856 3761 3168 3836; x_wconf 73' lang='grc' dir='ltr'>πράγμασιν</span> <span class='ocrx_word' id='word_1_602' title='bbox 3221 3761 3398 3835; x_wconf 86' lang='grc' dir='ltr'>ὀρθῶς</span> <span class='ocrx_word' id='word_1_603' title='bbox 3454 3762 3817 3842; x_wconf 79' lang='grc' dir='ltr'>διεξάγοιμεν·</span> 
     </span>
    </p>
   </div>
   <div class='ocr_carea' id='block_1_80' title="bbox 2159 3842 3817 3927">
    <p class='ocr_par' dir='ltr' id='par_1_80' title="bbox 2159 3842 3817 3927">
     <span class='ocr_line' id='line_1_81' title="bbox 2159 3842 3817 3927; baseline 0.006 -25"><span class='ocrx_word' id='word_1_604' title='bbox 2159 3842 2418 3902; x_wconf 81' lang='grc' dir='ltr'>εὐϐουλία</span> <span class='ocrx_word' id='word_1_605' title='bbox 2475 3843 2533 3900; x_wconf 73' lang='grc' dir='ltr'>δὲ</span> <span class='ocrx_word' id='word_1_606' title='bbox 2579 3844 2841 3923; x_wconf 74' lang='grc' dir='ltr'>φρόνησις</span> <span class='ocrx_word' id='word_1_607' title='bbox 2892 3849 3030 3925; x_wconf 83' lang='grc' dir='ltr'>πρὸς</span> <span class='ocrx_word' id='word_1_608' title='bbox 3073 3849 3141 3904; x_wconf 75' lang='grc' dir='ltr'><strong>τὰ</strong></span> <span class='ocrx_word' id='word_1_609' title='bbox 3195 3850 3569 3926; x_wconf 83' lang='grc' dir='ltr'>βουλεύματα.</span> <span class='ocrx_word' id='word_1_610' title='bbox 3622 3856 3682 3909; x_wconf 87' lang='grc' dir='ltr'>Τί</span> <span class='ocrx_word' id='word_1_611' title='bbox 3720 3853 3817 3927; x_wconf 72' lang='grc' dir='ltr'>δὶς</span> 
     </span>
    </p>
   </div>
   <div class='ocr_carea' id='block_1_81' title="bbox 2159 3935 3818 4021">
    <p class='ocr_par' dir='ltr' id='par_1_81' title="bbox 2159 3935 3818 4021">
     <span class='ocr_line' id='line_1_82' title="bbox 2159 3935 3818 4021; baseline 0.004 -29"><span class='ocrx_word' id='word_1_612' title='bbox 2159 3935 2290 4012; x_wconf 83' lang='grc' dir='ltr'>οὐχὶ</span> <span class='ocrx_word' id='word_1_613' title='bbox 2323 3935 2412 3991; x_wconf 82' lang='grc' dir='ltr'><strong>καὶ</strong></span> <span class='ocrx_word' id='word_1_614' title='bbox 2445 3936 2472 3991; x_wconf 89' lang='lat'><strong>6</strong></span> <span class='ocrx_word' id='word_1_615' title='bbox 2505 3936 2635 3997; x_wconf 88' lang='grc' dir='ltr'>Θεὸς</span> <span class='ocrx_word' id='word_1_616' title='bbox 2696 3956 2829 4009; x_wconf 85' lang='grc' dir='ltr'>μετα</span> <span class='ocrx_word' id='word_1_617' title='bbox 2873 3939 2973 4008; x_wconf 81' lang='grc' dir='ltr'><strong>τήν</strong></span> <span class='ocrx_word' id='word_1_618' title='bbox 3033 3937 3120 3993; x_wconf 82' lang='grc' dir='ltr'><strong>ἐπὶ</strong></span> <span class='ocrx_word' id='word_1_619' title='bbox 3173 3943 3255 4012; x_wconf 78' lang='grc' dir='ltr'>τῷ</span> <span class='ocrx_word' id='word_1_620' title='bbox 3308 3940 3441 3997; x_wconf 81' lang='grc' dir='ltr'>Κάϊν</span> <span class='ocrx_word' id='word_1_621' title='bbox 3494 3946 3818 4021; x_wconf 77' lang='grc' dir='ltr'>συγγνώμην</span> 
     </span>
    </p>
   </div>
   <div class='ocr_carea' id='block_1_82' title="bbox 458 4071 2045 4155">
    <p class='ocr_par' dir='ltr' id='par_1_82' title="bbox 458 4072 2045 4155">
     <span class='ocr_line' id='line_1_83' title="bbox 458 4072 2045 4155; baseline -0.006 0"><span class='ocrx_word' id='word_1_622' title='bbox 458 4081 523 4155; x_wconf 52' lang='grc' dir='ltr'>τε</span> <span class='ocrx_word' id='word_1_623' title='bbox 546 4075 609 4155; x_wconf 65' lang='grc' dir='ltr'><strong>Ρ-</strong></span> <span class='ocrx_word' id='word_1_624' title='bbox 637 4072 1618 4155; x_wconf 50' lang='lat' dir='ltr'><strong>#156,130.POTTEH..399:§?1.E12.</strong></span> <span class='ocrx_word' id='word_1_625' title='bbox 1653 4073 1883 4155; x_wconf 53' lang='lat' dir='ltr'><strong>rests.</strong></span> <span class='ocrx_word' id='word_1_626' title='bbox 1916 4073 1995 4146; x_wconf 82' lang='grc' dir='ltr'><strong>(α)</strong></span> <span class='ocrx_word' id='word_1_627' title='bbox 2024 4075 2045 4128; x_wconf 79' lang='grc' dir='ltr'><strong>ι</strong></span> 
     </span>
    </p>
   </div>
   <div class='ocr_carea' id='block_1_83' title="bbox 2167 4071 3817 4155">
    <p class='ocr_par' dir='ltr' id='par_1_83' title="bbox 2167 4071 3817 4155">
     <span class='ocr_line' id='line_1_84' title="bbox 2167 4071 3817 4155; baseline 0.007 -27"><span class='ocrx_word' id='word_1_628' title='bbox 2167 4091 2210 4155; x_wconf 67' lang='grc' dir='ltr'>ς.</span> <span class='ocrx_word' id='word_1_629' title='bbox 2241 4089 2356 4140; x_wconf 85' lang='lat' dir='ltr'><strong>vm,</strong></span> <span class='ocrx_word' id='word_1_630' title='bbox 2385 4076 2437 4126; x_wconf 85' lang='lat'><strong>7.</strong></span> <span class='ocrx_word' id='word_1_631' title='bbox 2499 4071 2575 4155; x_wconf 60' lang='grc' dir='ltr'>(ρ)</span> <span class='ocrx_word' id='word_1_632' title='bbox 2609 4072 2764 4129; x_wconf 83' lang='lat' dir='ltr'><strong>Psal.</strong></span> <span class='ocrx_word' id='word_1_633' title='bbox 2799 4091 2838 4141; x_wconf 90' lang='lat'><strong>1,</strong></span> <span class='ocrx_word' id='word_1_634' title='bbox 2871 4076 2925 4144; x_wconf 81' lang='grc'>4,</span> <span class='ocrx_word' id='word_1_635' title='bbox 3043 4074 3114 4148; x_wconf 88' lang='lat' dir='ltr'><strong>(c)</strong></span> <span class='ocrx_word' id='word_1_636' title='bbox 3145 4077 3310 4132; x_wconf 89' lang='lat' dir='ltr'><strong>Joan.</strong></span> <span class='ocrx_word' id='word_1_637' title='bbox 3342 4094 3430 4148; x_wconf 86' lang='lat'><strong>111,</strong></span> <span class='ocrx_word' id='word_1_638' title='bbox 3461 4081 3514 4135; x_wconf 88' lang='grc'>8.</span> <span class='ocrx_word' id='word_1_639' title='bbox 3548 4081 3628 4155; x_wconf 91' lang='lat' dir='ltr'><strong>(d)</strong></span> <span class='ocrx_word' id='word_1_640' title='bbox 3658 4083 3817 4142; x_wconf 84' lang='lat' dir='ltr'><strong>Psal.</strong></span> 
     </span>
    </p>
   </div>
   <div class='ocr_carea' id='block_1_84' title="bbox 390 4143 2580 4219">
    <p class='ocr_par' dir='ltr' id='par_1_84' title="bbox 390 4143 2580 4219">
     <span class='ocr_line' id='line_1_85' title="bbox 390 4143 2580 4219; baseline 0 -18"><span class='ocrx_word' id='word_1_641' title='bbox 390 4163 429 4216; x_wconf 93' lang='lat'><strong>1,</strong></span> <span class='ocrx_word' id='word_1_642' title='bbox 463 4143 516 4213; x_wconf 72' lang='grc' dir='ltr'>δ’,</span> <span class='ocrx_word' id='word_1_643' title='bbox 545 4149 597 4202; x_wconf 87' lang='lat'>6.</span> <span class='ocrx_word' id='word_1_644' title='bbox 630 4146 704 4219; x_wconf 90' lang='lat' dir='ltr'><strong>(e)</strong></span> <span class='ocrx_word' id='word_1_645' title='bbox 734 4145 942 4201; x_wconf 86' lang='lat' dir='ltr'><strong>Ezech.</strong></span> <span class='ocrx_word' id='word_1_646' title='bbox 973 4161 1166 4213; x_wconf 77' lang='lat' dir='ltr'><strong>xxnv,</strong></span> <span class='ocrx_word' id='word_1_647' title='bbox 1197 4147 1251 4199; x_wconf 78' lang='grc'>4.</span> <span class='ocrx_word' id='word_1_648' title='bbox 1286 4146 1354 4216; x_wconf 70' lang='grc' dir='ltr'>(γ’)</span> <span class='ocrx_word' id='word_1_649' title='bbox 1385 4144 1534 4199; x_wconf 89' lang='lat' dir='ltr'><strong>Ibid.</strong></span> <span class='ocrx_word' id='word_1_650' title='bbox 1565 4146 1619 4199; x_wconf 88' lang='lat'>6.</span> <span class='ocrx_word' id='word_1_651' title='bbox 1654 4143 1732 4217; x_wconf 88' lang='lat' dir='ltr'><strong>(g)</strong></span> <span class='ocrx_word' id='word_1_652' title='bbox 1764 4146 1901 4201; x_wconf 90' lang='lat' dir='ltr'><strong>Luc.</strong></span> <span class='ocrx_word' id='word_1_653' title='bbox 1925 4143 2023 4202; x_wconf 28' lang='lat' dir='ltr'><strong>‘xv.</strong></span> <span class='ocrx_word' id='word_1_654' title='bbox 2055 4146 2138 4219; x_wconf 85' lang='lat' dir='ltr'><strong>(h)</strong></span> <span class='ocrx_word' id='word_1_655' title='bbox 2169 4147 2282 4202; x_wconf 88' lang='lat' dir='ltr'><strong>Isa.</strong></span> <span class='ocrx_word' id='word_1_656' title='bbox 2316 4160 2493 4215; x_wconf 75' lang='lat' dir='ltr'><strong>nm,</strong></span> <span class='ocrx_word' id='word_1_657' title='bbox 2527 4143 2580 4203; x_wconf 82' lang='lat'><strong>8.</strong></span> 
     </span>
    </p>
   </div>
   <div class='ocr_carea' id='block_1_85' title="bbox 381 4290 2044 4363">
    <p class='ocr_par' dir='ltr' id='par_1_85' title="bbox 381 4290 2044 4363">
     <span class='ocr_line' id='line_1_86' title="bbox 381 4290 2044 4363; baseline 0 -16"><span class='ocrx_word' id='word_1_658' title='bbox 381 4293 741 4363; x_wconf 84' lang='lat' dir='ltr'><strong>pamitentia,</strong></span> <span class='ocrx_word' id='word_1_659' title='bbox 795 4290 994 4363; x_wconf 87' lang='lat' dir='ltr'><strong>inquit</strong></span> <span class='ocrx_word' id='word_1_660' title='bbox 1023 4290 1341 4363; x_wconf 86' lang='lat' dir='ltr'><strong>Lowtbius.</strong></span> <span class='ocrx_word' id='word_1_661' title='bbox 1404 4290 1543 4345; x_wconf 83' lang='lat' dir='ltr'><strong>Mihi</strong></span> <span class='ocrx_word' id='word_1_662' title='bbox 1574 4296 1815 4363; x_wconf 81' lang='lat' dir='ltr'><strong>recepta</strong></span> <span class='ocrx_word' id='word_1_663' title='bbox 1844 4291 2044 4359; x_wconf 87' lang='lat' dir='ltr'><strong>lectio,</strong></span> 
     </span>
    </p>
   </div>
   <div class='ocr_carea' id='block_1_86' title="bbox 389 4362 2047 4435">
    <p class='ocr_par' dir='ltr' id='par_1_86' title="bbox 389 4362 2047 4435">
     <span class='ocr_line' id='line_1_87' title="bbox 389 4362 2047 4435; baseline 0 -16"><span class='ocrx_word' id='word_1_664' title='bbox 389 4362 561 4435; x_wconf 77' lang='lat' dir='ltr'><strong>cujus</strong></span> <span class='ocrx_word' id='word_1_665' title='bbox 592 4379 836 4419; x_wconf 90' lang='lat' dir='ltr'><strong>sensum</strong></span> <span class='ocrx_word' id='word_1_666' title='bbox 853 4362 915 4416; x_wconf 90' lang='lat' dir='ltr'><strong>in</strong></span> <span class='ocrx_word' id='word_1_667' title='bbox 941 4362 1147 4435; x_wconf 83' lang='lat' dir='ltr'><strong>Latina</strong></span> <span class='ocrx_word' id='word_1_668' title='bbox 1168 4363 1435 4417; x_wconf 89' lang='lat' dir='ltr'><strong>versione</strong></span> <span class='ocrx_word' id='word_1_669' title='bbox 1461 4362 2047 4434; x_wconf 80' lang='lat' dir='ltr'><strong>explicavimus,mu-</strong></span> 
     </span>
    </p>
   </div>
   <div class='ocr_carea' id='block_1_87' title="bbox 390 4434 1170 4492">
    <p class='ocr_par' dir='ltr' id='par_1_87' title="bbox 390 4434 1170 4492">
     <span class='ocr_line' id='line_1_88' title="bbox 390 4434 1170 4492; baseline -0.003 0"><span class='ocrx_word' id='word_1_670' title='bbox 390 4434 571 4492; x_wconf 86' lang='lat' dir='ltr'><strong>tanda</strong></span> <span class='ocrx_word' id='word_1_671' title='bbox 600 4451 724 4489; x_wconf 91' lang='lat' dir='ltr'><strong>non</strong></span> <span class='ocrx_word' id='word_1_672' title='bbox 758 4450 887 4489; x_wconf 87' lang='lat' dir='ltr'><strong>esse</strong></span> <span class='ocrx_word' id='word_1_673' title='bbox 916 4434 1170 4490; x_wconf 88' lang='lat' dir='ltr'><strong>videtur.</strong></span> 
     </span>
    </p>
   </div>
   <div class='ocr_carea' id='block_1_88' title="bbox 457 4501 2049 4577">
    <p class='ocr_par' dir='ltr' id='par_1_88' title="bbox 457 4501 2049 4577">
     <span class='ocr_line' id='line_1_89' title="bbox 457 4501 2049 4577; baseline -0.001 -17"><span class='ocrx_word' id='word_1_674' title='bbox 457 4508 571 4577; x_wconf 82' lang='grc'>(78)</span> <span class='ocrx_word' id='word_1_675' title='bbox 629 4505 985 4576; x_wconf 78' lang='grc' dir='ltr'>Δικαστήρια.</span> <span class='ocrx_word' id='word_1_676' title='bbox 1073 4502 1446 4577; x_wconf 85' lang='grc' dir='ltr'>Δικαστηρίων</span> <span class='ocrx_word' id='word_1_677' title='bbox 1529 4504 1681 4574; x_wconf 91' lang='lat' dir='ltr'><strong>loco,</strong></span> <span class='ocrx_word' id='word_1_678' title='bbox 1738 4505 1806 4558; x_wconf 78' lang='grc' dir='ltr'>τὰ</span> <span class='ocrx_word' id='word_1_679' title='bbox 1857 4501 2049 4559; x_wconf 78' lang='grc' dir='ltr'>στάδιὰ</span> 
     </span>
    </p>
   </div>
   <div class='ocr_carea' id='block_1_89' title="bbox 386 4577 1785 4650">
    <p class='ocr_par' dir='ltr' id='par_1_89' title="bbox 386 4577 1785 4650">
     <span class='ocr_line' id='line_1_90' title="bbox 386 4577 1785 4650; baseline -0.001 -18"><span class='ocrx_word' id='word_1_680' title='bbox 386 4578 662 4650; x_wconf 84' lang='lat' dir='ltr'><strong>superius</strong></span> <span class='ocrx_word' id='word_1_681' title='bbox 693 4577 912 4650; x_wconf 87' lang='lat' dir='ltr'><strong>posuit,</strong></span> <span class='ocrx_word' id='word_1_682' title='bbox 948 4577 1244 4650; x_wconf 55' lang='lat' dir='ltr'><strong>Padagog.</strong></span> <span class='ocrx_word' id='word_1_683' title='bbox 1278 4577 1384 4631; x_wconf 85' lang='lat' dir='ltr'><strong>lib.</strong></span> <span class='ocrx_word' id='word_1_684' title='bbox 1421 4593 1502 4650; x_wconf 82' lang='lat'><strong>111,</strong></span> <span class='ocrx_word' id='word_1_685' title='bbox 1537 4592 1672 4650; x_wconf 68' lang='lat' dir='ltr'><strong>cap.</strong></span> <span class='ocrx_word' id='word_1_686' title='bbox 1702 4580 1785 4631; x_wconf 85' lang='grc'>11.</span> 
     </span>
    </p>
   </div>
   <div class='ocr_carea' id='block_1_90' title="bbox 456 4647 2046 4720">
    <p class='ocr_par' dir='ltr' id='par_1_90' title="bbox 456 4647 2046 4720">
     <span class='ocr_line' id='line_1_91' title="bbox 456 4647 2046 4720; baseline 0.001 -17"><span class='ocrx_word' id='word_1_687' title='bbox 456 4647 658 4720; x_wconf 74' lang='grc' dir='ltr'>(Ί9)“Ο</span> <span class='ocrx_word' id='word_1_688' title='bbox 692 4647 917 4720; x_wconf 76' lang='grc' dir='ltr'>Πέτρος.</span> <span class='ocrx_word' id='word_1_689' title='bbox 963 4648 1183 4703; x_wconf 87' lang='lat' dir='ltr'><strong>Eadem</strong></span> <span class='ocrx_word' id='word_1_690' title='bbox 1229 4665 1259 4703; x_wconf 93' lang='lat' dir='ltr'><strong>e</strong></span> <span class='ocrx_word' id='word_1_691' title='bbox 1308 4647 1465 4702; x_wconf 90' lang='lat' dir='ltr'><strong>Petri</strong></span> <span class='ocrx_word' id='word_1_692' title='bbox 1511 4647 1914 4705; x_wconf 58' lang='lat' dir='ltr'><strong>Prédicatione</strong></span> <span class='ocrx_word' id='word_1_693' title='bbox 1946 4667 2046 4705; x_wconf 91' lang='lat' dir='ltr'><strong>su-</strong></span> 
     </span>
    </p>
   </div>
   <div class='ocr_carea' id='block_1_91' title="bbox 382 4719 2042 4846">
    <p class='ocr_par' dir='ltr' id='par_1_91' title="bbox 382 4719 2042 4846">
     <span class='ocr_line' id='line_1_92' title="bbox 382 4719 2042 4846; baseline 0.002 -73"><span class='ocrx_word' id='word_1_694' title='bbox 382 4719 879 4846; x_wconf 55' lang='lat' dir='ltr'><strong>pgriutsatlgudavit</strong></span> <span class='ocrx_word' id='word_1_695' title='bbox 921 4725 1128 4775; x_wconf 89' lang='lat' dir='ltr'><strong>auctor</strong></span> <span class='ocrx_word' id='word_1_696' title='bbox 1174 4720 1235 4774; x_wconf 89' lang='lat' dir='ltr'><strong>in</strong></span> <span class='ocrx_word' id='word_1_697' title='bbox 1288 4720 1407 4775; x_wconf 83' lang='lat' dir='ltr'><strong>ﬁne</strong></span> <span class='ocrx_word' id='word_1_698' title='bbox 1437 4721 1644 4776; x_wconf 86' lang='lat' dir='ltr'><strong>Strom.</strong></span> <span class='ocrx_word' id='word_1_699' title='bbox 1677 4737 1719 4789; x_wconf 89' lang='lat'><strong>1,</strong></span> <span class='ocrx_word' id='word_1_700' title='bbox 1751 4721 1853 4776; x_wconf 91' lang='lat' dir='ltr'><strong>ubi</strong></span> <span class='ocrx_word' id='word_1_701' title='bbox 1885 4722 2042 4777; x_wconf 82' lang='lat' dir='ltr'><strong>conf.</strong></span> 
     </span>
     <span class='ocr_line' id='line_1_93' title="bbox 385 4808 687 4846; baseline -0.003 0"><span class='ocrx_word' id='word_1_702' title='bbox 385 4808 420 4846; x_wconf 90' lang='lat' dir='ltr'><strong>a</strong></span> <span class='ocrx_word' id='word_1_703' title='bbox 465 4808 541 4845; x_wconf 90' lang='lat' dir='ltr'><strong>no</strong></span> <span class='ocrx_word' id='word_1_704' title='bbox 674 4832 687 4845; x_wconf 95' lang='lat'>.</span> 
     </span>
    </p>
   </div>
   <div class='ocr_carea' id='block_1_92' title="bbox 385 4808 687 4847">
    <p class='ocr_par' dir='ltr' id='par_1_92' title="bbox 385 4808 687 4847">
     <span class='ocr_line' id='line_1_94' title="bbox 385 4808 687 4847; baseline -0.007 0"><span class='ocrx_word' id='word_1_705' title='bbox 385 4808 687 4847; x_wconf 67' lang='lat' dir='ltr'><strong>annonam.</strong></span> 
     </span>
    </p>
   </div>
   <div class='ocr_carea' id='block_1_93' title="bbox 454 4862 2047 4933">
    <p class='ocr_par' dir='ltr' id='par_1_93' title="bbox 454 4862 2047 4933">
     <span class='ocr_line' id='line_1_95' title="bbox 454 4862 2047 4933; baseline 0.003 -17"><span class='ocrx_word' id='word_1_706' title='bbox 454 4864 566 4933; x_wconf 89' lang='grc'>(80)</span> <span class='ocrx_word' id='word_1_707' title='bbox 596 4862 771 4917; x_wconf 84' lang='grc' dir='ltr'>Ἔστι.</span> <span class='ocrx_word' id='word_1_708' title='bbox 811 4864 890 4916; x_wconf 86' lang='lat' dir='ltr'><strong>Ex</strong></span> <span class='ocrx_word' id='word_1_709' title='bbox 922 4863 1221 4933; x_wconf 89' lang='lat' dir='ltr'><strong>Euripidis</strong></span> <span class='ocrx_word' id='word_1_710' title='bbox 1251 4864 1435 4919; x_wconf 89' lang='lat' dir='ltr'><strong>Oreste</strong></span> <span class='ocrx_word' id='word_1_711' title='bbox 1464 4862 1592 4918; x_wconf 56' lang='lat' dir='ltr'><strong>haec</strong></span> <span class='ocrx_word' id='word_1_712' title='bbox 1623 4879 1756 4919; x_wconf 90' lang='lat' dir='ltr'><strong>esse</strong></span> <span class='ocrx_word' id='word_1_713' title='bbox 1809 4865 2047 4920; x_wconf 90' lang='lat' dir='ltr'><strong>monuit</strong></span> 
     </span>
    </p>
   </div>
   <div class='ocr_carea' id='block_1_94' title="bbox 382 4934 2041 5007">
    <p class='ocr_par' dir='ltr' id='par_1_94' title="bbox 382 4934 2041 5007">
     <span class='ocr_line' id='line_1_96' title="bbox 382 4934 2041 5007; baseline 0.001 -17"><span class='ocrx_word' id='word_1_714' title='bbox 382 4950 497 5007; x_wconf 81' lang='lat' dir='ltr'><strong>nos</strong></span> <span class='ocrx_word' id='word_1_715' title='bbox 526 4934 909 4990; x_wconf 90' lang='lat' dir='ltr'><strong>doctissimus</strong></span> <span class='ocrx_word' id='word_1_716' title='bbox 939 4935 1028 5007; x_wconf 85' lang='lat' dir='ltr'><strong>vir</strong></span> <span class='ocrx_word' id='word_1_717' title='bbox 1076 4934 1214 5007; x_wconf 86' lang='lat' dir='ltr'><strong>Fed.</strong></span> <span class='ocrx_word' id='word_1_718' title='bbox 1264 4934 1573 5007; x_wconf 69' lang='lat' dir='ltr'><strong>Morellus,</strong></span> <span class='ocrx_word' id='word_1_719' title='bbox 1598 4936 2041 5007; x_wconf 86' lang='lat' dir='ltr'><strong>aliquantulum</strong></span> 
     </span>
    </p>
   </div>
   <div class='ocr_carea' id='block_1_95' title="bbox 384 5004 2041 5083">
    <p class='ocr_par' dir='ltr' id='par_1_95' title="bbox 384 5004 2041 5083">
     <span class='ocr_line' id='line_1_97' title="bbox 384 5004 2041 5083; baseline 0.001 -22"><span class='ocrx_word' id='word_1_720' title='bbox 384 5006 737 5083; x_wconf 68' lang='lat' dir='ltr'><strong>immutata;</strong></span> <span class='ocrx_word' id='word_1_721' title='bbox 773 5006 1060 5083; x_wconf 44' lang='lat' dir='ltr'><strong>sicepinl</strong></span> <span class='ocrx_word' id='word_1_722' title='bbox 1084 5006 1343 5083; x_wconf 47' lang='lat' dir='ltr'><strong>habent;</strong></span> <span class='ocrx_word' id='word_1_723' title='bbox 1377 5006 1533 5061; x_wconf 86' lang='grc' dir='ltr'>Ἔστι</span> <span class='ocrx_word' id='word_1_724' title='bbox 1556 5004 1602 5083; x_wconf 79' lang='grc' dir='ltr'>δ’</span> <span class='ocrx_word' id='word_1_725' title='bbox 1622 5004 1836 5083; x_wconf 70' lang='grc' dir='ltr'>οὗσιγὴ</span> <span class='ocrx_word' id='word_1_726' title='bbox 1871 5006 2041 5083; x_wconf 88' lang='grc' dir='ltr'>λόγου</span> 
     </span>
    </p>
   </div>
   <div class='ocr_carea' id='block_1_96' title="bbox 380 5070 2040 5153">
    <p class='ocr_par' dir='ltr' id='par_1_96' title="bbox 380 5070 2040 5153">
     <span class='ocr_line' id='line_1_98' title="bbox 380 5070 2040 5153; baseline 0.002 -21"><span class='ocrx_word' id='word_1_727' title='bbox 380 5077 647 5153; x_wconf 76' lang='grc' dir='ltr'>κρείσσων</span> <span class='ocrx_word' id='word_1_728' title='bbox 676 5070 877 5153; x_wconf 87' lang='grc' dir='ltr'>γένοιτ’</span> <span class='ocrx_word' id='word_1_729' title='bbox 909 5074 990 5146; x_wconf 75' lang='grc' dir='ltr'><strong>ἂν,</strong></span> <span class='ocrx_word' id='word_1_730' title='bbox 1034 5070 1145 5131; x_wconf 77' lang='grc' dir='ltr'>ἔστι</span> <span class='ocrx_word' id='word_1_731' title='bbox 1170 5076 1246 5153; x_wconf 43' lang='grc' dir='ltr'><strong>-δ³</strong></span> <span class='ocrx_word' id='word_1_732' title='bbox 1277 5078 1532 5153; x_wconf 24' lang='grc' dir='ltr'>οῦβσιγῆς</span> <span class='ocrx_word' id='word_1_733' title='bbox 1566 5076 1755 5153; x_wconf 78' lang='grc' dir='ltr'>λόγος.</span> <span class='ocrx_word' id='word_1_734' title='bbox 1779 5070 2040 5137; x_wconf 52' lang='lat' dir='ltr'><strong>Versum</strong></span> 
     </span>
    </p>
   </div>
   <div class='ocr_carea' id='block_1_97' title="bbox 381 5148 2040 5222">
    <p class='ocr_par' dir='ltr' id='par_1_97' title="bbox 381 5148 2040 5222">
     <span class='ocr_line' id='line_1_99' title="bbox 381 5148 2040 5222; baseline 0.001 -16"><span class='ocrx_word' id='word_1_735' title='bbox 381 5148 651 5221; x_wconf 79' lang='lat' dir='ltr'><strong>proxime</strong></span> <span class='ocrx_word' id='word_1_736' title='bbox 689 5148 1056 5222; x_wconf 76' lang='lat' dir='ltr'><strong>sequentem</strong></span> <span class='ocrx_word' id='word_1_737' title='bbox 1094 5148 1474 5206; x_wconf 83' lang='lat' dir='ltr'><strong>Athenodoro</strong></span> <span class='ocrx_word' id='word_1_738' title='bbox 1530 5148 1740 5206; x_wconf 82' lang='lat' dir='ltr'><strong>tribuit</strong></span> <span class='ocrx_word' id='word_1_739' title='bbox 1775 5153 2040 5208; x_wconf 71' lang='lat' dir='ltr'><strong>SlObthS</strong></span> 
     </span>
    </p>
   </div>
   <div class='ocr_carea' id='block_1_98' title="bbox 382 5222 2037 5294">
    <p class='ocr_par' dir='ltr' id='par_1_98' title="bbox 382 5222 2037 5294">
     <span class='ocr_line' id='line_1_100' title="bbox 382 5222 2037 5294; baseline 0.002 -18"><span class='ocrx_word' id='word_1_740' title='bbox 382 5223 471 5277; x_wconf 89' lang='lat' dir='ltr'><strong>tit.</strong></span> <span class='ocrx_word' id='word_1_741' title='bbox 508 5226 627 5279; x_wconf 77' lang='grc'><strong>126.</strong></span> <span class='ocrx_word' id='word_1_742' title='bbox 666 5223 805 5278; x_wconf 91' lang='lat' dir='ltr'><strong>Vide</strong></span> <span class='ocrx_word' id='word_1_743' title='bbox 837 5239 970 5294; x_wconf 84' lang='lat' dir='ltr'><strong>quae</strong></span> <span class='ocrx_word' id='word_1_744' title='bbox 1026 5222 1087 5277; x_wconf 91' lang='lat' dir='ltr'><strong>in</strong></span> <span class='ocrx_word' id='word_1_745' title='bbox 1138 5241 1211 5294; x_wconf 55' lang='lat' dir='ltr'><strong>p.</strong></span> <span class='ocrx_word' id='word_1_746' title='bbox 1257 5224 1360 5277; x_wconf 86' lang='lat'><strong>208</strong></span> <span class='ocrx_word' id='word_1_747' title='bbox 1392 5222 1672 5279; x_wconf 86' lang='lat' dir='ltr'><strong>adnotatx</strong></span> <span class='ocrx_word' id='word_1_748' title='bbox 1705 5230 1861 5281; x_wconf 91' lang='lat' dir='ltr'><strong>sunt.</strong></span> <span class='ocrx_word' id='word_1_749' title='bbox 1895 5226 2037 5280; x_wconf 85' lang='lat' dir='ltr'><strong>COL-</strong></span> 
     </span>
    </p>
   </div>
   <div class='ocr_carea' id='block_1_99' title="bbox 378 5293 2036 5366">
    <p class='ocr_par' dir='ltr' id='par_1_99' title="bbox 378 5293 2036 5366">
     <span class='ocr_line' id='line_1_101' title="bbox 378 5293 2036 5366; baseline 0.001 -17"><span class='ocrx_word' id='word_1_750' title='bbox 378 5311 531 5350; x_wconf 76' lang='lat' dir='ltr'><strong>anr.</strong></span> <span class='ocrx_word' id='word_1_751' title='bbox 561 5326 627 5337; x_wconf 89' lang='lat'><em>--</em></span> <span class='ocrx_word' id='word_1_752' title='bbox 660 5296 824 5351; x_wconf 91' lang='lat' dir='ltr'><strong>Solet</strong></span> <span class='ocrx_word' id='word_1_753' title='bbox 852 5293 1033 5349; x_wconf 85' lang='lat' dir='ltr'><strong>etiam</strong></span> <span class='ocrx_word' id='word_1_754' title='bbox 1065 5293 1217 5348; x_wconf 87' lang='lat' dir='ltr'><strong>illud</strong></span> <span class='ocrx_word' id='word_1_755' title='bbox 1249 5310 1319 5348; x_wconf 80' lang='lat' dir='ltr'><strong>ex</strong></span> <span class='ocrx_word' id='word_1_756' title='bbox 1349 5295 1578 5350; x_wconf 89' lang='lat' dir='ltr'><strong>incerto</strong></span> <span class='ocrx_word' id='word_1_757' title='bbox 1619 5301 1794 5366; x_wconf 87' lang='lat' dir='ltr'><strong>poeta</strong></span> <span class='ocrx_word' id='word_1_758' title='bbox 1824 5297 1991 5353; x_wconf 88' lang='lat' dir='ltr'><strong>citari</strong></span> <span class='ocrx_word' id='word_1_759' title='bbox 2024 5313 2036 5351; x_wconf 91' lang='lat'>:</span> 
     </span>
    </p>
   </div>
   <div class='ocr_carea' id='block_1_100' title="bbox 556 5388 1606 5467">
    <p class='ocr_par' dir='ltr' id='par_1_100' title="bbox 556 5388 1606 5467">
     <span class='ocr_line' id='line_1_102' title="bbox 556 5388 1606 5467; baseline -0.001 -21"><span class='ocrx_word' id='word_1_760' title='bbox 556 5394 694 5467; x_wconf 72' lang='grc' dir='ltr'>Σιγή</span> <span class='ocrx_word' id='word_1_761' title='bbox 730 5393 851 5446; x_wconf 85' lang='grc' dir='ltr'>ποτ’</span> <span class='ocrx_word' id='word_1_762' title='bbox 884 5388 1025 5445; x_wconf 69' lang='grc' dir='ltr'>ἐστὶν</span> <span class='ocrx_word' id='word_1_763' title='bbox 1051 5388 1384 5466; x_wconf 77' lang='grc' dir='ltr'>αἱρετωτέρα</span> <span class='ocrx_word' id='word_1_764' title='bbox 1413 5388 1606 5464; x_wconf 82' lang='grc' dir='ltr'>λόγου.</span> 
     </span>
    </p>
   </div>
   <div class='ocr_carea' id='block_1_101' title="bbox 550 5481 1700 5551">
    <p class='ocr_par' dir='ltr' id='par_1_101' title="bbox 550 5481 1700 5551">
     <span class='ocr_line' id='line_1_103' title="bbox 550 5481 1700 5551; baseline -0.001 -13"><span class='ocrx_word' id='word_1_765' title='bbox 550 5486 668 5551; x_wconf 86' lang='lat' dir='ltr'><strong>Est,</strong></span> <span class='ocrx_word' id='word_1_766' title='bbox 700 5484 795 5537; x_wconf 88' lang='lat' dir='ltr'><strong>ubi</strong></span> <span class='ocrx_word' id='word_1_767' title='bbox 824 5482 1043 5551; x_wconf 85' lang='lat' dir='ltr'><strong>loquela</strong></span> <span class='ocrx_word' id='word_1_768' title='bbox 1074 5481 1267 5535; x_wconf 82' lang='lat' dir='ltr'><strong>melius</strong></span> <span class='ocrx_word' id='word_1_769' title='bbox 1298 5487 1376 5537; x_wconf 81' lang='lat' dir='ltr'><strong>est</strong></span> <span class='ocrx_word' id='word_1_770' title='bbox 1402 5481 1700 5537; x_wconf 86' lang='lat' dir='ltr'><strong>silentium.</strong></span> 
     </span>
    </p>
   </div>
   <div class='ocr_carea' id='block_1_102' title="bbox 374 5577 2035 5704">
    <p class='ocr_par' dir='ltr' id='par_1_102' title="bbox 374 5577 2035 5704">
     <span class='ocr_line' id='line_1_104' title="bbox 374 5577 2035 5704; baseline 0.003 -73"><span class='ocrx_word' id='word_1_771' title='bbox 374 5646 384 5657; x_wconf 79' lang='lat'><em>_</em></span> <span class='ocrx_word' id='word_1_772' title='bbox 443 5578 554 5659; x_wconf 83' lang='grc'>(81)</span> <span class='ocrx_word' id='word_1_773' title='bbox 588 5577 692 5632; x_wconf 85' lang='grc' dir='ltr'>Καὶ</span> <span class='ocrx_word' id='word_1_774' title='bbox 721 5577 859 5660; x_wconf 40' lang='grc' dir='ltr'>χρή..</span> <span class='ocrx_word' id='word_1_775' title='bbox 888 5577 1150 5659; x_wconf 75' lang='lat' dir='ltr'><strong>&#39;l‘ertium</strong></span> <span class='ocrx_word' id='word_1_776' title='bbox 1174 5580 1619 5704; x_wconf 46' lang='lat' dir='ltr'><strong>peccatigenus</strong></span> <span class='ocrx_word' id='word_1_777' title='bbox 1651 5579 2035 5661; x_wconf 78' lang='lat' dir='ltr'><strong>in_nuit,quod</strong></span> 
     </span>
     <span class='ocr_line' id='line_1_105' title="bbox 374 5649 2033 5704; baseline 0.003 -5"><span class='ocrx_word' id='word_1_778' title='bbox 374 5663 432 5700; x_wconf 78' lang='grc' dir='ltr'><strong>ιιι</strong></span> <span class='ocrx_word' id='word_1_779' title='bbox 455 5664 655 5704; x_wconf 76' lang='lat' dir='ltr'><strong>animo</strong></span> <span class='ocrx_word' id='word_1_780' title='bbox 680 5656 975 5704; x_wconf 81' lang='lat' dir='ltr'><strong>con313t1t.</strong></span> <span class='ocrx_word' id='word_1_781' title='bbox 1002 5649 1142 5703; x_wconf 87' lang='lat' dir='ltr'><strong>Vult</strong></span> <span class='ocrx_word' id='word_1_782' title='bbox 1164 5665 1321 5703; x_wconf 90' lang='lat' dir='ltr'><strong>emm</strong></span> <span class='ocrx_word' id='word_1_783' title='bbox 1351 5657 1423 5704; x_wconf 78' lang='lat' dir='ltr'><strong>tri</strong></span> <span class='ocrx_word' id='word_1_784' title='bbox 1473 5667 1541 5704; x_wconf 90' lang='lat' dir='ltr'><strong>us</strong></span> <span class='ocrx_word' id='word_1_785' title='bbox 1564 5651 1757 5704; x_wconf 76' lang='lat' dir='ltr'><strong>modis</strong></span> <span class='ocrx_word' id='word_1_786' title='bbox 1779 5655 2033 5704; x_wconf 81' lang='lat' dir='ltr'><strong>peccari.</strong></span> 
     </span>
    </p>
   </div>
   <div class='ocr_carea' id='block_1_103' title="bbox 371 5649 2033 5721">
    <p class='ocr_par' dir='ltr' id='par_1_103' title="bbox 371 5649 2033 5721">
     <span class='ocr_line' id='line_1_106' title="bbox 371 5649 2033 5721; baseline 0.004 -22"><span class='ocrx_word' id='word_1_787' title='bbox 371 5649 432 5700; x_wconf 86' lang='lat' dir='ltr'><strong>in</strong></span> <span class='ocrx_word' id='word_1_788' title='bbox 455 5650 655 5704; x_wconf 87' lang='lat' dir='ltr'><strong>animo</strong></span> <span class='ocrx_word' id='word_1_789' title='bbox 680 5649 975 5711; x_wconf 81' lang='lat' dir='ltr'><strong>consistit.</strong></span> <span class='ocrx_word' id='word_1_790' title='bbox 1002 5649 1142 5703; x_wconf 87' lang='lat' dir='ltr'><strong>Vult</strong></span> <span class='ocrx_word' id='word_1_791' title='bbox 1164 5649 1321 5703; x_wconf 89' lang='lat' dir='ltr'><strong>enim</strong></span> <span class='ocrx_word' id='word_1_792' title='bbox 1351 5649 1541 5704; x_wconf 87' lang='lat' dir='ltr'><strong>tribus</strong></span> <span class='ocrx_word' id='word_1_793' title='bbox 1564 5651 1757 5705; x_wconf 88' lang='lat' dir='ltr'><strong>modis</strong></span> <span class='ocrx_word' id='word_1_794' title='bbox 1779 5649 2033 5721; x_wconf 81' lang='lat' dir='ltr'><strong>peccari,</strong></span> 
     </span>
    </p>
   </div>
   <div class='ocr_carea' id='block_1_104' title="bbox 369 5721 2030 5792">
    <p class='ocr_par' dir='ltr' id='par_1_104' title="bbox 369 5721 2030 5792">
     <span class='ocr_line' id='line_1_107' title="bbox 369 5721 2030 5792; baseline 0.004 -22"><span class='ocrx_word' id='word_1_795' title='bbox 369 5734 670 5792; x_wconf 78' lang='lat' dir='ltr'><strong>sermone,</strong></span> <span class='ocrx_word' id='word_1_796' title='bbox 705 5737 905 5792; x_wconf 83' lang='lat' dir='ltr'><strong>opere.</strong></span> <span class='ocrx_word' id='word_1_797' title='bbox 939 5721 1315 5792; x_wconf 73' lang='lat' dir='ltr'><strong>cogitatione.</strong></span> <span class='ocrx_word' id='word_1_798' title='bbox 1336 5722 1601 5792; x_wconf 79' lang='lat' dir='ltr'><strong>Respicit</strong></span> <span class='ocrx_word' id='word_1_799' title='bbox 1630 5729 1829 5792; x_wconf 87' lang='lat' dir='ltr'><strong>autem</strong></span> <span class='ocrx_word' id='word_1_800' title='bbox 1857 5725 2030 5778; x_wconf 88' lang='lat' dir='ltr'><strong>lCor.</strong></span> 
     </span>
    </p>
   </div>
   <div class='ocr_carea' id='block_1_105' title="bbox 368 5790 2032 5911">
    <p class='ocr_par' dir='ltr' id='par_1_105' title="bbox 368 5790 2032 5911">
     <span class='ocr_line' id='line_1_108' title="bbox 368 5790 2032 5911; baseline 0.004 -70"><span class='ocrx_word' id='word_1_801' title='bbox 368 5804 484 5911; x_wconf 45' lang='lat' dir='ltr'><strong>11y,</strong></span> <span class='ocrx_word' id='word_1_802' title='bbox 516 5790 588 5841; x_wconf 88' lang='lat'><strong>7:</strong></span> <span class='ocrx_word' id='word_1_803' title='bbox 637 5790 759 5843; x_wconf 26' lang='grc' dir='ltr'>Καὶί</span> <span class='ocrx_word' id='word_1_804' title='bbox 787 5794 821 5859; x_wconf 75' lang='grc' dir='ltr'>ἡ</span> <span class='ocrx_word' id='word_1_805' title='bbox 877 5790 1183 5861; x_wconf 79' lang='grc' dir='ltr'>συνείδησις</span> <span class='ocrx_word' id='word_1_806' title='bbox 1229 5791 1428 5863; x_wconf 78' lang='grc' dir='ltr'>αὐτῶν,</span> <span class='ocrx_word' id='word_1_807' title='bbox 1452 5790 1701 5862; x_wconf 56' lang='grc' dir='ltr'>-ἀσθενής</span> <span class='ocrx_word' id='word_1_808' title='bbox 1746 5791 1896 5861; x_wconf 81' lang='grc' dir='ltr'>οὖσα,</span> <span class='ocrx_word' id='word_1_809' title='bbox 1935 5814 2032 5865; x_wconf 92' lang='grc' dir='ltr'>μο-</span> 
     </span>
     <span class='ocr_line' id='line_1_109' title="bbox 448 5876 963 5911; baseline -0.012 0"><span class='ocrx_word' id='word_1_810' title='bbox 448 5876 616 5911; x_wconf 56' lang='grc' dir='ltr'>νηεται.</span> <span class='ocrx_word' id='word_1_811' title='bbox 960 5900 963 5905; x_wconf 94' lang='grc'><strong>.</strong></span> 
     </span>
    </p>
   </div>
   <div class='ocr_carea' id='block_1_106' title="bbox 448 5876 963 5914">
    <p class='ocr_par' dir='ltr' id='par_1_106' title="bbox 448 5876 963 5914">
     <span class='ocr_line' id='line_1_110' title="bbox 448 5876 963 5914; baseline 0.006 -2"><span class='ocrx_word' id='word_1_812' title='bbox 448 5876 593 5912; x_wconf 57' lang='grc' dir='ltr'>νηεται</span> <span class='ocrx_word' id='word_1_813' title='bbox 603 5901 616 5914; x_wconf 77' lang='grc' dir='ltr'><strong>ο</strong></span> <span class='ocrx_word' id='word_1_814' title='bbox 960 5900 963 5905; x_wconf 94' lang='grc'><strong>-</strong></span> 
     </span>
    </p>
   </div>
   <div class='ocr_carea' id='block_1_107' title="bbox 2231 4284 3816 4377">
    <p class='ocr_par' dir='ltr' id='par_1_107' title="bbox 2231 4284 3816 4377">
     <span class='ocr_line' id='line_1_111' title="bbox 2231 4284 3816 4377; baseline 0.005 -32"><span class='ocrx_word' id='word_1_815' title='bbox 2231 4292 2355 4377; x_wconf 42' lang='grc'>(82),</span> <span class='ocrx_word' id='word_1_816' title='bbox 2399 4285 2756 4377; x_wconf 43' lang='grc' dir='ltr'>Οὖχῃοῦτως</span> <span class='ocrx_word' id='word_1_817' title='bbox 2783 4288 2857 4377; x_wconf 66' lang='grc' dir='ltr'><strong>ὀί</strong></span> <span class='ocrx_word' id='word_1_818' title='bbox 2908 4284 3067 4377; x_wconf 45' lang='grc' dir='ltr'>⁸ἀσεϐ.</span> <span class='ocrx_word' id='word_1_819' title='bbox 3110 4291 3243 4377; x_wconf 60' lang='grc' dir='ltr'>ρύχ</span> <span class='ocrx_word' id='word_1_820' title='bbox 3296 4291 3470 4377; x_wconf 72' lang='grc' dir='ltr'>οῦτως</span> <span class='ocrx_word' id='word_1_821' title='bbox 3500 4291 3816 4377; x_wconf 49' lang='grc' dir='ltr'>οἱ-ᾀσεϐεῖς,</span> 
     </span>
    </p>
   </div>
   <div class='ocr_carea' id='block_1_108' title="bbox 2160 4355 3817 4444">
    <p class='ocr_par' dir='ltr' id='par_1_108' title="bbox 2160 4355 3817 4444">
     <span class='ocr_line' id='line_1_112' title="bbox 2160 4355 3817 4444; baseline 0.008 -29"><span class='ocrx_word' id='word_1_822' title='bbox 2160 4355 2631 4444; x_wconf 32' lang='lat' dir='ltr'><strong>proauiam</strong></span> <span class='ocrx_word' id='word_1_823' title='bbox 2680 4359 2716 4430; x_wconf 74' lang='grc' dir='ltr'><strong>ἢ</strong></span> <span class='ocrx_word' id='word_1_824' title='bbox 2767 4361 2852 4444; x_wconf 49' lang='grc' dir='ltr'>διε</span> <span class='ocrx_word' id='word_1_825' title='bbox 2900 4362 2928 4416; x_wconf 75' lang='grc' dir='ltr'>δ</span> <span class='ocrx_word' id='word_1_826' title='bbox 2987 4381 3074 4437; x_wconf 87' lang='grc' dir='ltr'><strong>χν.</strong></span> <span class='ocrx_word' id='word_1_827' title='bbox 3109 4355 3263 4421; x_wconf 77' lang='lat' dir='ltr'><strong>Psal.</strong></span> <span class='ocrx_word' id='word_1_828' title='bbox 3299 4372 3358 4422; x_wconf 90' lang='lat' dir='ltr'><strong>et</strong></span> <span class='ocrx_word' id='word_1_829' title='bbox 3382 4355 3507 4440; x_wconf 87' lang='lat' dir='ltr'><strong>ipse</strong></span> <span class='ocrx_word' id='word_1_830' title='bbox 3539 4355 3817 4429; x_wconf 75' lang='lat' dir='ltr'><strong>Clemens</strong></span> 
     </span>
    </p>
   </div>
   <div class='ocr_carea' id='block_1_109' title="bbox 2155 4432 2878 4506">
    <p class='ocr_par' dir='ltr' id='par_1_109' title="bbox 2155 4432 2878 4506">
     <span class='ocr_line' id='line_1_113' title="bbox 2155 4432 2878 4506; baseline -0.003 -16"><span class='ocrx_word' id='word_1_831' title='bbox 2155 4437 2383 4505; x_wconf 73' lang='lat' dir='ltr'><strong>Paedag.</strong></span> <span class='ocrx_word' id='word_1_832' title='bbox 2416 4432 2528 4506; x_wconf 46' lang='lat' dir='ltr'><strong>lib,</strong></span> <span class='ocrx_word' id='word_1_833' title='bbox 2553 4449 2594 4501; x_wconf 87' lang='lat'><strong>1,</strong></span> <span class='ocrx_word' id='word_1_834' title='bbox 2627 4450 2755 4506; x_wconf 88' lang='lat' dir='ltr'><strong>cap.</strong></span> <span class='ocrx_word' id='word_1_835' title='bbox 2793 4438 2878 4506; x_wconf 81' lang='grc'><strong>10.</strong></span> 
     </span>
    </p>
   </div>
   <div class='ocr_carea' id='block_1_110' title="bbox 2227 4497 3817 4589">
    <p class='ocr_par' dir='ltr' id='par_1_110' title="bbox 2227 4497 3817 4589">
     <span class='ocr_line' id='line_1_114' title="bbox 2227 4497 3817 4589; baseline 0.004 -28"><span class='ocrx_word' id='word_1_836' title='bbox 2227 4497 2629 4589; x_wconf 36' lang='grc' dir='ltr'>(83)ἿἈσεϐεῖ’ςὶ.</span> <span class='ocrx_word' id='word_1_837' title='bbox 2682 4497 2952 4589; x_wconf 42' lang='lat' dir='ltr'><strong>CII-deed</strong></span> <span class='ocrx_word' id='word_1_838' title='bbox 3003 4507 3221 4564; x_wconf 89' lang='lat' dir='ltr'><strong>Psalm.</strong></span> <span class='ocrx_word' id='word_1_839' title='bbox 3269 4511 3418 4580; x_wconf 85' lang='lat' dir='ltr'><strong>Mox,</strong></span> <span class='ocrx_word' id='word_1_840' title='bbox 3452 4506 3580 4565; x_wconf 73' lang='grc' dir='ltr'>οὐδὲ</span> <span class='ocrx_word' id='word_1_841' title='bbox 3610 4512 3817 4589; x_wconf 84' lang='grc' dir='ltr'>ἁμαρτ.</span> 
     </span>
    </p>
   </div>
   <div class='ocr_carea' id='block_1_111' title="bbox 2155 4575 2918 4633">
    <p class='ocr_par' dir='ltr' id='par_1_111' title="bbox 2155 4575 2918 4633">
     <span class='ocr_line' id='line_1_115' title="bbox 2155 4575 2918 4633; baseline 0.001 -1"><span class='ocrx_word' id='word_1_842' title='bbox 2155 4575 2376 4633; x_wconf 73' lang='lat' dir='ltr'><strong>omisSo</strong></span> <span class='ocrx_word' id='word_1_843' title='bbox 2408 4576 2659 4633; x_wconf 88' lang='lat' dir='ltr'><strong>articulo</strong></span> <span class='ocrx_word' id='word_1_844' title='bbox 2693 4575 2745 4629; x_wconf 70' lang='grc' dir='ltr'>οἳ</span> <span class='ocrx_word' id='word_1_845' title='bbox 2771 4577 2918 4633; x_wconf 89' lang='lat' dir='ltr'><strong>Ibid.</strong></span> 
     </span>
    </p>
   </div>
   <div class='ocr_carea' id='block_1_112' title="bbox 2229 4635 3817 4723">
    <p class='ocr_par' dir='ltr' id='par_1_112' title="bbox 2229 4635 3817 4723">
     <span class='ocr_line' id='line_1_116' title="bbox 2229 4635 3817 4723; baseline 0.009 -24"><span class='ocrx_word' id='word_1_846' title='bbox 2229 4649 2422 4723; x_wconf 68' lang='grc' dir='ltr'>(84)ᾖο</span> <span class='ocrx_word' id='word_1_847' title='bbox 2456 4646 2532 4723; x_wconf 66' lang='grc' dir='ltr'>μὴ</span> <span class='ocrx_word' id='word_1_848' title='bbox 2576 4647 2885 4723; x_wconf 40' lang='grc' dir='ltr'>πιστεύων.-</span> <span class='ocrx_word' id='word_1_849' title='bbox 2928 4650 3189 4723; x_wconf 82' lang='lat' dir='ltr'><strong>Respicit</strong></span> <span class='ocrx_word' id='word_1_850' title='bbox 3237 4635 3403 4723; x_wconf 83' lang='lat' dir='ltr'><strong>Joan.</strong></span> <span class='ocrx_word' id='word_1_851' title='bbox 3466 4672 3549 4722; x_wconf 85' lang='grc' dir='ltr'>ιιι,</span> <span class='ocrx_word' id='word_1_852' title='bbox 3616 4656 3720 4711; x_wconf 78' lang='lat'><strong>18:</strong></span> <span class='ocrx_word' id='word_1_853' title='bbox 3752 4657 3817 4713; x_wconf 87' lang='grc' dir='ltr'>Ὁ</span> 
     </span>
    </p>
   </div>
   <div class='ocr_carea' id='block_1_113' title="bbox 2083 4717 3814 4795">
    <p class='ocr_par' dir='ltr' id='par_1_113' title="bbox 2083 4717 3814 4795">
     <span class='ocr_line' id='line_1_117' title="bbox 2083 4717 3814 4795; baseline 0.005 -22"><span class='ocrx_word' id='word_1_854' title='bbox 2083 4724 2123 4788; x_wconf 82' lang='lat' dir='ltr'><strong>D</strong></span> <span class='ocrx_word' id='word_1_855' title='bbox 2156 4719 2426 4795; x_wconf 63' lang='grc' dir='ltr'>πιστεύων</span> <span class='ocrx_word' id='word_1_856' title='bbox 2461 4717 2559 4780; x_wconf 78' lang='grc' dir='ltr'><strong>εἷς</strong></span> <span class='ocrx_word' id='word_1_857' title='bbox 2613 4717 2773 4795; x_wconf 75' lang='grc' dir='ltr'>αὐτὸν</span> <span class='ocrx_word' id='word_1_858' title='bbox 2803 4719 2893 4795; x_wconf 65' lang='grc' dir='ltr'><strong>Δοὐ</strong></span> <span class='ocrx_word' id='word_1_859' title='bbox 2949 4717 3214 4795; x_wconf 69' lang='grc' dir='ltr'>κρίνεται*</span> <span class='ocrx_word' id='word_1_860' title='bbox 3247 4723 3274 4777; x_wconf 92' lang='lat'><strong>6</strong></span> <span class='ocrx_word' id='word_1_861' title='bbox 3300 4721 3484 4795; x_wconf 20' lang='grc' dir='ltr'>δέλμή</span> <span class='ocrx_word' id='word_1_862' title='bbox 3537 4717 3814 4783; x_wconf 59' lang='grc' dir='ltr'><strong>⁷πιστεύων</strong></span> 
     </span>
    </p>
   </div>
   <div class='ocr_carea' id='block_1_114' title="bbox 2156 4789 2825 4864">
    <p class='ocr_par' dir='ltr' id='par_1_114' title="bbox 2156 4789 2825 4864">
     <span class='ocr_line' id='line_1_118' title="bbox 2156 4789 2825 4864; baseline -0.003 -18"><span class='ocrx_word' id='word_1_863' title='bbox 2156 4789 2266 4862; x_wconf 73' lang='grc' dir='ltr'>ἢδη</span> <span class='ocrx_word' id='word_1_864' title='bbox 2298 4792 2563 4864; x_wconf 78' lang='grc' dir='ltr'>κέκριται,</span> <span class='ocrx_word' id='word_1_865' title='bbox 2613 4790 2696 4845; x_wconf 78' lang='grc' dir='ltr'>ὃτι</span> <span class='ocrx_word' id='word_1_866' title='bbox 2750 4792 2825 4863; x_wconf 84' lang='grc' dir='ltr'>μὴ</span> 
     </span>
    </p>
   </div>
   <div class='ocr_carea' id='block_1_115' title="bbox 2154 4861 2880 4925">
    <p class='ocr_par' dir='ltr' id='par_1_115' title="bbox 2154 4861 2880 4925">
     <span class='ocr_line' id='line_1_119' title="bbox 2154 4861 2880 4925; baseline -0.003 -5"><span class='ocrx_word' id='word_1_867' title='bbox 2154 4861 2409 4925; x_wconf 76' lang='grc' dir='ltr'>νογενοῦς</span> <span class='ocrx_word' id='word_1_868' title='bbox 2439 4861 2569 4916; x_wconf 74' lang='grc' dir='ltr'>Υἴοῦ</span> <span class='ocrx_word' id='word_1_869' title='bbox 2596 4865 2693 4916; x_wconf 90' lang='grc' dir='ltr'><strong>τοῦ</strong></span> <span class='ocrx_word' id='word_1_870' title='bbox 2724 4861 2880 4918; x_wconf 86' lang='grc' dir='ltr'>Θεοῦ.</span> 
     </span>
    </p>
   </div>
   <div class='ocr_carea' id='block_1_116' title="bbox 2249 4932 3817 5015">
    <p class='ocr_par' dir='ltr' id='par_1_116' title="bbox 2249 4932 3817 5015">
     <span class='ocr_line' id='line_1_120' title="bbox 2249 4932 3817 5015; baseline 0.033 -24"><span class='ocrx_word' id='word_1_871' title='bbox 2249 4938 2336 5015; x_wconf 62' lang='grc' dir='ltr'>εβ)</span> <span class='ocrx_word' id='word_1_872' title='bbox 2398 4933 2760 5015; x_wconf 23' lang='grc' dir='ltr'>Ἀπμταίστωα</span> <span class='ocrx_word' id='word_1_873' title='bbox 2796 4939 2946 5015; x_wconf 67' lang='grc' dir='ltr'>Τοῖς</span> <span class='ocrx_word' id='word_1_874' title='bbox 2983 4932 3123 5015; x_wconf 49' lang='grc' dir='ltr'>ἤδη,</span> <span class='ocrx_word' id='word_1_875' title='bbox 3164 4938 3656 5015; x_wconf 59' lang='grc' dir='ltr'><strong>καῖεγνωσμέϊοιςν</strong></span> <span class='ocrx_word' id='word_1_876' title='bbox 3688 4946 3817 5015; x_wconf 69' lang='lat' dir='ltr'><strong>jam</strong></span> 
     </span>
    </p>
   </div>
   <div class='ocr_carea' id='block_1_117' title="bbox 2154 5006 3812 5088">
    <p class='ocr_par' dir='ltr' id='par_1_117' title="bbox 2154 5006 3812 5088">
     <span class='ocr_line' id='line_1_121' title="bbox 2154 5006 3812 5088; baseline 0.005 -25"><span class='ocrx_word' id='word_1_877' title='bbox 2154 5006 2553 5088; x_wconf 62' lang='lat' dir='ltr'><strong>cphdemuatis,</strong></span> <span class='ocrx_word' id='word_1_878' title='bbox 2613 5009 2860 5088; x_wconf 69' lang='lat' dir='ltr'><strong>opponit</strong></span> <span class='ocrx_word' id='word_1_879' title='bbox 2913 5006 3042 5088; x_wconf 71' lang='grc' dir='ltr'><strong>τρῦς</strong></span> <span class='ocrx_word' id='word_1_880' title='bbox 3096 5006 3408 5088; x_wconf 70' lang='grc' dir='ltr'>ἀπταίστως</span> <span class='ocrx_word' id='word_1_881' title='bbox 3452 5006 3812 5088; x_wconf 65' lang='grc' dir='ltr'>βεϐιωκότας.</span> 
     </span>
    </p>
   </div>
   <div class='ocr_carea' id='block_1_118' title="bbox 2154 5078 3378 5154">
    <p class='ocr_par' dir='ltr' id='par_1_118' title="bbox 2154 5078 3378 5154">
     <span class='ocr_line' id='line_1_122' title="bbox 2154 5078 3378 5154; baseline 0.001 -18"><span class='ocrx_word' id='word_1_882' title='bbox 2154 5081 2502 5154; x_wconf 80' lang='lat' dir='ltr'><strong>Hesychius,</strong></span> <span class='ocrx_word' id='word_1_883' title='bbox 2534 5078 3378 5154; x_wconf 49' lang='lat' dir='ltr'><strong>’Auialc‘tmngxatawo’iotwq.</strong></span> 
     </span>
    </p>
   </div>
   <div class='ocr_carea' id='block_1_119' title="bbox 2225 5148 3817 5235">
    <p class='ocr_par' dir='ltr' id='par_1_119' title="bbox 2225 5148 3817 5235">
     <span class='ocr_line' id='line_1_123' title="bbox 2225 5148 3817 5235; baseline 0.005 -27"><span class='ocrx_word' id='word_1_884' title='bbox 2365 5153 2423 5209; x_wconf 81' lang='grc' dir='ltr'>Ὀ</span> <span class='ocrx_word' id='word_1_885' title='bbox 2454 5150 2751 5235; x_wconf 62' lang='grc' dir='ltr'>ἐπιζητῶν,</span> <span class='ocrx_word' id='word_1_886' title='bbox 2790 5148 2939 5235; x_wconf 41' lang='grc' dir='ltr'><strong>μοῦδέ</strong></span> <span class='ocrx_word' id='word_1_887' title='bbox 2997 5148 3377 5235; x_wconf 53' lang='grc' dir='ltr'>ἀποστρέφων.</span> <span class='ocrx_word' id='word_1_888' title='bbox 3426 5157 3590 5235; x_wconf 74' lang='lat' dir='ltr'><strong>Vulg.</strong></span> <span class='ocrx_word' id='word_1_889' title='bbox 3622 5159 3817 5217; x_wconf 80' lang='lat' dir='ltr'><strong>Biblia</strong></span> 
     </span>
    </p>
   </div>
   <div class='ocr_carea' id='block_1_120' title="bbox 2152 5221 3810 5303">
    <p class='ocr_par' dir='ltr' id='par_1_120' title="bbox 2152 5221 3810 5303">
     <span class='ocr_line' id='line_1_124' title="bbox 2152 5221 3810 5303; baseline -0.004 -23"><span class='ocrx_word' id='word_1_890' title='bbox 2152 5221 2597 5303; x_wconf 53' lang='lat' dir='ltr'><strong>Eaecli._xx§1v:</strong></span> <span class='ocrx_word' id='word_1_891' title='bbox 2632 5223 2695 5280; x_wconf 92' lang='grc' dir='ltr'>Ὁ</span> <span class='ocrx_word' id='word_1_892' title='bbox 2727 5221 2994 5295; x_wconf 76' lang='grc' dir='ltr'>ἐκζητῶν,</span> <span class='ocrx_word' id='word_1_893' title='bbox 3049 5221 3184 5279; x_wconf 66' lang='grc' dir='ltr'>οὐδξ</span> <span class='ocrx_word' id='word_1_894' title='bbox 3221 5221 3260 5280; x_wconf 72' lang='grc' dir='ltr'>ὅ</span> <span class='ocrx_word' id='word_1_895' title='bbox 3298 5221 3678 5303; x_wconf 63' lang='grc' dir='ltr'>ἀποπρέᾧων,</span> <span class='ocrx_word' id='word_1_896' title='bbox 3712 5250 3810 5288; x_wconf 87' lang='lat' dir='ltr'><strong>re-</strong></span> 
     </span>
    </p>
   </div>
   <div class='ocr_carea' id='block_1_121' title="bbox 2149 5289 3562 5352">
    <p class='ocr_par' dir='ltr' id='par_1_121' title="bbox 2149 5289 3562 5352">
     <span class='ocr_line' id='line_1_125' title="bbox 2149 5289 3562 5352; baseline 0.001 0"><span class='ocrx_word' id='word_1_897' title='bbox 2149 5296 2729 5352; x_wconf 75' lang='lat' dir='ltr'><strong>ctius.A.SanuaG.</strong></span> <span class='ocrx_word' id='word_1_898' title='bbox 2802 5289 2851 5295; x_wconf 40' lang='grc' dir='ltr'>η</span> <span class='ocrx_word' id='word_1_899' title='bbox 2979 5289 2987 5294; x_wconf 53' lang='grc'><em>’</em></span> <span class='ocrx_word' id='word_1_900' title='bbox 3476 5289 3487 5303; x_wconf 78' lang='grc'><em>’</em></span> <span class='ocrx_word' id='word_1_901' title='bbox 3552 5289 3562 5303; x_wconf 61' lang='grc'><strong><em>⁸</em></strong></span> 
     </span>
    </p>
   </div>
   <div class='ocr_carea' id='block_1_122' title="bbox 2221 5364 3815 5447">
    <p class='ocr_par' dir='ltr' id='par_1_122' title="bbox 2221 5364 3815 5447">
     <span class='ocr_line' id='line_1_126' title="bbox 2221 5364 3815 5447; baseline 0.006 -26"><span class='ocrx_word' id='word_1_902' title='bbox 2221 5368 2335 5447; x_wconf 80' lang='lat'><strong>(87)</strong></span> <span class='ocrx_word' id='word_1_903' title='bbox 2367 5364 2619 5447; x_wconf 61' lang='grc' dir='ltr'>Μεγαλη.</span> <span class='ocrx_word' id='word_1_904' title='bbox 2657 5370 2789 5423; x_wconf 66' lang='lat' dir='ltr'><strong>Haac</strong></span> <span class='ocrx_word' id='word_1_905' title='bbox 2822 5367 2999 5423; x_wconf 88' lang='lat' dir='ltr'><strong>verba</strong></span> <span class='ocrx_word' id='word_1_906' title='bbox 3047 5369 3107 5423; x_wconf 89' lang='lat' dir='ltr'><strong>in</strong></span> <span class='ocrx_word' id='word_1_907' title='bbox 3152 5370 3459 5447; x_wconf 73' lang='lat' dir='ltr'><strong>Scriptura</strong></span> <span class='ocrx_word' id='word_1_908' title='bbox 3487 5389 3609 5428; x_wconf 91' lang='lat' dir='ltr'><strong>non</strong></span> <span class='ocrx_word' id='word_1_909' title='bbox 3637 5391 3815 5447; x_wconf 84' lang='lat' dir='ltr'><strong>repe-</strong></span> 
     </span>
    </p>
   </div>
   <div class='ocr_carea' id='block_1_123' title="bbox 2148 5442 3811 5511">
    <p class='ocr_par' dir='ltr' id='par_1_123' title="bbox 2148 5442 3811 5511">
     <span class='ocr_line' id='line_1_127' title="bbox 2148 5442 3811 5511; baseline 0.004 -16"><span class='ocrx_word' id='word_1_910' title='bbox 2148 5442 2405 5495; x_wconf 87' lang='lat' dir='ltr'><strong>riuntur.</strong></span> <span class='ocrx_word' id='word_1_911' title='bbox 2450 5442 2678 5511; x_wconf 70' lang='lat' dir='ltr'><strong>Eorum</strong></span> <span class='ocrx_word' id='word_1_912' title='bbox 2726 5455 2863 5495; x_wconf 84' lang='lat' dir='ltr'><strong>vero</strong></span> <span class='ocrx_word' id='word_1_913' title='bbox 2915 5457 3127 5496; x_wconf 90' lang='lat' dir='ltr'><strong>sensus</strong></span> <span class='ocrx_word' id='word_1_914' title='bbox 3173 5442 3365 5498; x_wconf 82' lang='lat' dir='ltr'><strong>exstat</strong></span> <span class='ocrx_word' id='word_1_915' title='bbox 3394 5445 3530 5500; x_wconf 90' lang='lat' dir='ltr'><strong>Luc.</strong></span> <span class='ocrx_word' id='word_1_916' title='bbox 3564 5462 3653 5511; x_wconf 81' lang='lat' dir='ltr'><strong>xv,</strong></span> <span class='ocrx_word' id='word_1_917' title='bbox 3682 5442 3811 5511; x_wconf 75' lang='lat' dir='ltr'><strong>ubi,</strong></span> 
     </span>
    </p>
   </div>
   <div class='ocr_carea' id='block_1_124' title="bbox 2148 5510 3812 5589">
    <p class='ocr_par' dir='ltr' id='par_1_124' title="bbox 2148 5510 3812 5589">
     <span class='ocr_line' id='line_1_128' title="bbox 2148 5510 3812 5589; baseline 0.004 -22"><span class='ocrx_word' id='word_1_918' title='bbox 2148 5530 2283 5567; x_wconf 88' lang='lat' dir='ltr'><strong>cum</strong></span> <span class='ocrx_word' id='word_1_919' title='bbox 2315 5510 2600 5589; x_wconf 77' lang='lat' dir='ltr'><strong>prodigus</strong></span> <span class='ocrx_word' id='word_1_920' title='bbox 2640 5510 2711 5566; x_wconf 92' lang='lat' dir='ltr'><strong>ad</strong></span> <span class='ocrx_word' id='word_1_921' title='bbox 2772 5517 3002 5589; x_wconf 81' lang='lat' dir='ltr'><strong>patrem</strong></span> <span class='ocrx_word' id='word_1_922' title='bbox 3065 5529 3239 5589; x_wconf 76' lang='lat' dir='ltr'><strong>suum</strong></span> <span class='ocrx_word' id='word_1_923' title='bbox 3271 5532 3562 5589; x_wconf 81' lang='lat' dir='ltr'><strong>reversus.</strong></span> <span class='ocrx_word' id='word_1_924' title='bbox 3596 5510 3812 5589; x_wconf 76' lang='lat' dir='ltr'><strong>magno</strong></span> 
     </span>
    </p>
   </div>
   <div class='ocr_carea' id='block_1_125' title="bbox 2148 5583 3813 5655">
    <p class='ocr_par' dir='ltr' id='par_1_125' title="bbox 2148 5583 3813 5655">
     <span class='ocr_line' id='line_1_129' title="bbox 2148 5583 3813 5655; baseline 0.003 -15"><span class='ocrx_word' id='word_1_925' title='bbox 2148 5601 2282 5640; x_wconf 89' lang='lat' dir='ltr'><strong>cum</strong></span> <span class='ocrx_word' id='word_1_926' title='bbox 2318 5583 2844 5655; x_wconf 37' lang='lat' dir='ltr'><strong>gaudioﬂexceptus</strong></span> <span class='ocrx_word' id='word_1_927' title='bbox 2875 5583 2948 5637; x_wconf 89' lang='lat' dir='ltr'><strong>ab</strong></span> <span class='ocrx_word' id='word_1_928' title='bbox 2999 5601 3066 5638; x_wconf 90' lang='lat' dir='ltr'><strong>eo</strong></span> <span class='ocrx_word' id='word_1_929' title='bbox 3099 5583 3331 5655; x_wconf 82' lang='lat' dir='ltr'><strong>fuisset,</strong></span> <span class='ocrx_word' id='word_1_930' title='bbox 3365 5588 3511 5642; x_wconf 89' lang='lat' dir='ltr'><strong>dicit</strong></span> <span class='ocrx_word' id='word_1_931' title='bbox 3541 5583 3813 5645; x_wconf 76' lang='lat' dir='ltr'><strong>Christus</strong></span> 
     </span>
    </p>
   </div>
   <div class='ocr_carea' id='block_1_126' title="bbox 2147 5649 3813 5733">
    <p class='ocr_par' dir='ltr' id='par_1_126' title="bbox 2147 5649 3813 5733">
     <span class='ocr_line' id='line_1_130' title="bbox 2147 5649 3813 5733; baseline 0.003 -24"><span class='ocrx_word' id='word_1_932' title='bbox 2147 5673 2198 5711; x_wconf 89' lang='lat' dir='ltr'><strong>v.</strong></span> <span class='ocrx_word' id='word_1_933' title='bbox 2236 5649 2496 5733; x_wconf 43' lang='lat'><strong>7:13:96:</strong></span> <span class='ocrx_word' id='word_1_934' title='bbox 2523 5649 2672 5706; x_wconf 76' lang='grc' dir='ltr'>ἔσται</span> <span class='ocrx_word' id='word_1_935' title='bbox 2706 5649 2780 5707; x_wconf 71' lang='grc' dir='ltr'>“έν</span> <span class='ocrx_word' id='word_1_936' title='bbox 2825 5657 2918 5733; x_wconf 30' lang='grc' dir='ltr'><strong>’τῷ</strong></span> <span class='ocrx_word' id='word_1_937' title='bbox 2974 5655 3190 5733; x_wconf 51' lang='grc' dir='ltr'>ούραγῷ</span> <span class='ocrx_word' id='word_1_938' title='bbox 3229 5649 3328 5733; x_wconf 37' lang='grc' dir='ltr'><strong>’ἐπῖ</strong></span> <span class='ocrx_word' id='word_1_939' title='bbox 3379 5655 3457 5733; x_wconf 56' lang='grc' dir='ltr'>ἐν)</span> <span class='ocrx_word' id='word_1_940' title='bbox 3489 5659 3813 5733; x_wconf 78' lang='grc' dir='ltr'>ἁμαρτωλῷ</span> 
     </span>
    </p>
   </div>
   <div class='ocr_carea' id='block_1_127' title="bbox 2194 5725 3806 5801">
    <p class='ocr_par' dir='ltr' id='par_1_127' title="bbox 2194 5725 3806 5801">
     <span class='ocr_line' id='line_1_131' title="bbox 2194 5725 3806 5801; baseline 0.004 -21"><span class='ocrx_word' id='word_1_941' title='bbox 2194 5729 2523 5801; x_wconf 60' lang='grc' dir='ltr'>ετανοοῦντι,</span> <span class='ocrx_word' id='word_1_942' title='bbox 2587 5733 2751 5801; x_wconf 41' lang='lat' dir='ltr'><strong>et-v_.</strong></span> <span class='ocrx_word' id='word_1_943' title='bbox 2796 5728 2925 5801; x_wconf 54' lang='lat' dir='ltr'><strong>_l_0g</strong></span> <span class='ocrx_word' id='word_1_944' title='bbox 2975 5725 3125 5801; x_wconf 68' lang='grc' dir='ltr'><strong>Χαρᾶ</strong></span> <span class='ocrx_word' id='word_1_945' title='bbox 3165 5725 3388 5801; x_wconf 73' lang='grc' dir='ltr'>γίνεται</span> <span class='ocrx_word' id='word_1_946' title='bbox 3434 5725 3669 5785; x_wconf 76' lang='grc' dir='ltr'>ἐνώπιον</span> <span class='ocrx_word' id='word_1_947' title='bbox 3698 5725 3806 5787; x_wconf 75' lang='grc' dir='ltr'><strong>τῶν</strong></span> 
     </span>
    </p>
   </div>
   <div class='ocr_carea' id='block_1_128' title="bbox 2147 5748 3905 5873">
    <p class='ocr_par' dir='ltr' id='par_1_128' title="bbox 2147 5748 3905 5873">
     <span class='ocr_line' id='line_1_132' title="bbox 2194 5748 3806 5801; baseline 0.004 -21"><span class='ocrx_word' id='word_1_948' title='bbox 2194 5748 2523 5787; x_wconf 78' lang='grc' dir='ltr'>ετανοουντι,</span> <span class='ocrx_word' id='word_1_949' title='bbox 2587 5748 2646 5780; x_wconf 76' lang='lat' dir='ltr'><strong>e1.</strong></span> <span class='ocrx_word' id='word_1_950' title='bbox 2703 5748 2751 5779; x_wconf 78' lang='grc' dir='ltr'><strong>ν.</strong></span> <span class='ocrx_word' id='word_1_951' title='bbox 2816 5748 2880 5780; x_wconf 80' lang='grc' dir='ltr'><strong>ιυ</strong></span> <span class='ocrx_word' id='word_1_952' title='bbox 2910 5748 2921 5779; x_wconf 91' lang='lat'>:</span> <span class='ocrx_word' id='word_1_953' title='bbox 2978 5748 3125 5801; x_wconf 77' lang='grc' dir='ltr'>Λαρα</span> <span class='ocrx_word' id='word_1_954' title='bbox 3225 5748 3388 5782; x_wconf 84' lang='grc' dir='ltr'>ινεται</span> <span class='ocrx_word' id='word_1_955' title='bbox 3434 5748 3669 5785; x_wconf 79' lang='grc' dir='ltr'>ενωπιον</span> <span class='ocrx_word' id='word_1_956' title='bbox 3698 5753 3806 5787; x_wconf 89' lang='grc' dir='ltr'><strong>των</strong></span> 
     </span>
     <span class='ocr_line' id='line_1_133' title="bbox 2147 5748 3905 5873; baseline 0.007 -24"><span class='ocrx_word' id='word_1_957' title='bbox 2147 5748 2399 5872; x_wconf 55' lang='grc' dir='ltr'>Ξγγὲλων</span> <span class='ocrx_word' id='word_1_958' title='bbox 2433 5799 2527 5851; x_wconf 87' lang='grc' dir='ltr'><strong>τοῦ</strong></span> <span class='ocrx_word' id='word_1_959' title='bbox 2558 5795 2697 5873; x_wconf 20' lang='grc' dir='ltr'>Θεοῦ,</span> <span class='ocrx_word' id='word_1_960' title='bbox 2723 5795 2818 5873; x_wconf 45' lang='grc' dir='ltr'><strong>ἐπὶ</strong></span> <span class='ocrx_word' id='word_1_961' title='bbox 2841 5794 2930 5873; x_wconf 64' lang='grc' dir='ltr'><strong>ἐπὶ</strong></span> <span class='ocrx_word' id='word_1_962' title='bbox 2960 5748 3276 5873; x_wconf 49' lang='grc' dir='ltr'>ἁμαρτωῖιῷ</span> <span class='ocrx_word' id='word_1_963' title='bbox 3311 5806 3680 5872; x_wconf 79' lang='grc' dir='ltr'>μετανοοῦντι.</span> <span class='ocrx_word' id='word_1_964' title='bbox 3898 5804 3905 5809; x_wconf 73' lang='grc'><strong>’</strong></span> 
     </span>
    </p>
   </div>
   <div class='ocr_carea' id='block_1_129' title="bbox 2217 5819 3807 5947">
    <p class='ocr_par' dir='ltr' id='par_1_129' title="bbox 2217 5819 3807 5947">
     <span class='ocr_line' id='line_1_134' title="bbox 2220 5819 3680 5873; baseline 0.006 -23"><span class='ocrx_word' id='word_1_965' title='bbox 2220 5819 2399 5870; x_wconf 80' lang='grc' dir='ltr'>γεΛων</span> <span class='ocrx_word' id='word_1_966' title='bbox 2433 5819 2527 5851; x_wconf 81' lang='grc' dir='ltr'><strong>του</strong></span> <span class='ocrx_word' id='word_1_967' title='bbox 2558 5819 2691 5850; x_wconf 77' lang='grc' dir='ltr'>ῠεου</span> <span class='ocrx_word' id='word_1_968' title='bbox 2723 5819 2811 5849; x_wconf 76' lang='grc' dir='ltr'><strong>επι</strong></span> <span class='ocrx_word' id='word_1_969' title='bbox 2841 5819 2930 5850; x_wconf 80' lang='grc' dir='ltr'><strong>επι</strong></span> <span class='ocrx_word' id='word_1_970' title='bbox 2960 5819 2992 5852; x_wconf 90' lang='grc' dir='ltr'><strong>α</strong></span> <span class='ocrx_word' id='word_1_971' title='bbox 3042 5819 3276 5873; x_wconf 78' lang='grc' dir='ltr'>αρτωΛῳ</span> <span class='ocrx_word' id='word_1_972' title='bbox 3311 5821 3680 5872; x_wconf 80' lang='grc' dir='ltr'>μετανοουντι.</span> 
     </span>
     <span class='ocr_line' id='line_1_135' title="bbox 2217 5819 3807 5947; baseline 0.008 -24"><span class='ocrx_word' id='word_1_973' title='bbox 2217 5872 2336 5944; x_wconf 86' lang='grc'>(88)</span> <span class='ocrx_word' id='word_1_974' title='bbox 2365 5874 2538 5924; x_wconf 78' lang='grc' dir='ltr'>Ἒπου</span> <span class='ocrx_word' id='word_1_975' title='bbox 2591 5871 2731 5939; x_wconf 79' lang='grc' dir='ltr'>Θεῷ.</span> <span class='ocrx_word' id='word_1_976' title='bbox 2787 5868 2949 5925; x_wconf 90' lang='lat' dir='ltr'><strong>Solet</strong></span> <span class='ocrx_word' id='word_1_977' title='bbox 2999 5819 3117 5927; x_wconf 49' lang='grc' dir='ltr'>ἴοι)</span> <span class='ocrx_word' id='word_1_978' title='bbox 3174 5873 3450 5947; x_wconf 83' lang='lat' dir='ltr'><strong>adagium</strong></span> <span class='ocrx_word' id='word_1_979' title='bbox 3503 5876 3659 5933; x_wconf 89' lang='lat' dir='ltr'><strong>inter</strong></span> <span class='ocrx_word' id='word_1_980' title='bbox 3705 5892 3807 5935; x_wconf 81' lang='lat' dir='ltr'><strong>re-</strong></span> 
     </span>
    </p>
   </div>
   <div class='ocr_carea' id='block_1_130' title="bbox 2881 4792 3818 4873">
    <p class='ocr_par' dir='ltr' id='par_1_130' title="bbox 2881 4792 3818 4873">
     <span class='ocr_line' id='line_1_136' title="bbox 2881 4792 3818 4873; baseline 0.01 -28"><span class='ocrx_word' id='word_1_981' title='bbox 2881 4793 3233 4848; x_wconf 83' lang='grc' dir='ltr'>πεπίστευκεν</span> <span class='ocrx_word' id='word_1_982' title='bbox 3267 4794 3345 4858; x_wconf 80' lang='grc' dir='ltr'><strong>εἰς</strong></span> <span class='ocrx_word' id='word_1_983' title='bbox 3376 4792 3552 4869; x_wconf 79' lang='grc' dir='ltr'>ὄνομα</span> <span class='ocrx_word' id='word_1_984' title='bbox 3577 4803 3677 4853; x_wconf 87' lang='grc' dir='ltr'><strong>τοῦ</strong></span> <span class='ocrx_word' id='word_1_985' title='bbox 3710 4820 3818 4873; x_wconf 88' lang='grc' dir='ltr'>μο-</span> 
     </span>
    </p>
   </div>
  </div>
