4144 6412
382 430 516 488 1011

1615 427 2032 488 CLEMENTIS
2068 423 2578 484 ALEXANDBINI

3677 423 3819 479 1012

385 557 478 612 οὖν
515 555 604 612 καὶ
628 558 880 632 Δπίστεσιν
911 555 1369 631 ἀποκαθαίρονται
1403 556 1684 632 ἁμαρτίαν
1707 560 1787 628 τῷ
1819 552 1877 610 δὲ
1905 548 2062 630 φόϐῳ
2081 551 2284 628 Κυρίου
2317 549 2553 607 ἐκκλίνει
2579 553 2686 610 πᾶς
2713 547 2818 603 ἀπὸ
2849 548 3037 605 κακοῦ.
3072 541 3257 610 Φόϐος
3289 543 3346 604 δὶ
3375 545 3578 623 Κυρίου
3605 545 3825 604 παιδεία

386 632 478 686 καί
510 629 690 706 σοφία.

1891 744 2126 800 CAPUT
2172 743 2315 798 XVI.

854 865 1130 928 Quomodo
1163 861 1281 918 loca
1318 863 1376 918 S.
1407 864 1712 934 Scriptura?
1744 861 2070 933 exponenda
2097 866 2226 915 sunt
2251 875 2371 929 qua:
2393 857 2625 928 aﬂ’ectus
2649 857 2913 912 humanos
2935 858 3044 912 Deo
3074 859 3346 913 tribuunt.

461 999 565 1052 Hic
596 1014 804 1054 rursus
853 998 1204 1054 exoriuntur
1241 1003 1638 1067 accusatores,
1670 997 1953 1071 gaudium
1985 999 2044 1050 et
2072 995 2128 1062 Α

390 1088 692 1143 tristitiam
725 1089 991 1143 dicentes
1021 1106 1151 1144 esse
1183 1090 1366 1144 animi
1401 1090 1729 1160 passiones.
1757 1087 2046 1143 Gaudium

389 1178 549 1232 enim
569 1177 867 1232 deﬁniunt
883 1178 1205 1233 elationem
1225 1179 1444 1233 rationi
1467 1182 1965 1243 consentaneum;
1991 1179 2052 1231 et

389 1266 675 1336 exultare,
736 1273 979 1338 propter
1047 1285 1137 1333 ea,
1192 1285 1324 1339 qum
1384 1274 1524 1323 sunt
1578 1268 1756 1331 bona,
1817 1266 2045 1332 lmtari;

383 1355 448 1419 ἦ(
464 1355 939 1412 misericordiam
953 1362 1175 1426 autem,
1192 1357 1494 1413 tristitiam
1508 1363 1751 1430 propter
1771 1373 1906 1412 eum
1919 1401 1932 1424 ,
1947 1356 2048 1426 qui

387 1445 631 1518 indigne
669 1445 829 1501 mala
855 1448 1078 1518 patitur
1105 1466 1118 1515 ;
1148 1447 1362 1503 animae
1387 1453 1586 1504 autem
1611 1448 1972 1503 mutationes
1993 1450 2053 1500 et

387 1535 868 1608 perturbationes
900 1554 1030 1593 esse
1059 1554 1150 1610 ea,
1192 1554 1325 1608 quas
1376 1544 1516 1593 sunt
1565 1536 1880 1610 ejusmodi.
1936 1537 2050 1592 Nos

387 1629 610 1693 autem,
642 1630 708 1682 ut
736 1625 986 1695 videtur,
1010 1643 1132 1682 non
1155 1643 1461 1682 cessamus
1485 1627 1820 1698 Scripturas
1843 1641 2052 1680 carna-

387 1714 527 1770 liter
551 1715 905 1789 intelligere,
951 1722 1010 1772 et
1040 1733 1110 1771 ex
1141 1715 1366 1772 nostris
1400 1715 1589 1771 animi
1636 1714 2052 1771 affectionibus

389 1804 650 1872 abducti,
687 1805 785 1859 Dei
819 1805 1172 1877 impatibilis
1193 1805 1559 1860 voluntatem
1591 1804 1813 1860 nostris
1838 1804 2055 1858 motio-

391 1894 571 1949 nibus
604 1894 860 1949 similem
893 1895 1258 1950 existimare.
1289 1895 1456 1961 Quod
1488 1895 1535 1949 si
1567 1911 1664 1950 res
1697 1895 1781 1949 ita
1828 1909 1960 1950 esse
1993 1893 2054 1947 in

393 1984 790 2055 omnipotenti
817 1985 933 2040 Deo
953 1985 1571 2057 existimamus,prout
1592 2001 1702 2040 nos
1731 2000 1829 2040 eas
1851 1982 2056 2039 audire

391 2079 451 2129 et
480 2073 787 2146 percipere
818 2074 1103 2143 valemus,
1140 2075 1320 2147 impie
1371 2091 1662 2130 erramus.
1719 2076 1844 2130 Non
1895 2073 2056 2128 enim

388 2163 565 2233 Deus,
598 2168 776 2235 prout
805 2163 868 2217 in
900 2180 962 2218 se
994 2169 1104 2233 est,
1139 2163 1404 2218 enarrari
1437 2163 1670 2234 potuit;
1707 2162 1815 2218 sed
1842 2167 1909 2217 ut
1947 2179 2058 2216 nos

394 2251 601 2308 audire
625 2256 989 2323 poteramus,
1015 2253 1114 2323 qui
1135 2269 1312 2308 carne
1337 2251 1930 2325 e1amusilligati,ita
1951 2268 2062 2305 no-

2229 992 2496 1048 Ἐνταῦθα
2544 990 2712 1046 πάλιν
2774 989 3097 1069 ἐπιφύονται
3151 991 3202 1044 οἱ
3259 991 3586 1067 κατήγοροι,
3646 991 3824 1066 χαρὰν

2154 1081 2242 1136 καὶ
2277 1079 2459 1151 λύπην
2492 1081 2636 1150 πάθη
2681 1083 2870 1155 ψυχῆς
2922 1078 3198 1154 λέγοντεςσ
3259 1082 3358 1149 τὴν
3409 1081 3506 1152 μὶν
3554 1081 3659 1156 γὰρ
3721 1100 3832 1155 χα-

2155 1171 2252 1247 ρὰν
2285 1167 2515 1244 εὔλογον
2543 1166 2767 1242 ἔπαρσιν
2817 1165 3171 1238 ἀποδιδόασι,
3221 1169 3311 1224 καὶ
3368 1170 3430 1223 τὸ
3489 1167 3829 1244 ἀγάλλεσθαι

2153 1259 2367 1336 χαίρειν
2402 1259 2491 1314 ἐπὶ
2519 1257 2737 1320 καλοῖς·
2770 1259 2834 1313 τὸ
2895 1255 2952 1313 δὲ
3008 1257 3164 1323 ἔλεος
3221 1257 3403 1329 λύπην
3461 1256 3551 1314 ἐπὶ
3597 1259 3832 1330 ἀναξίως

2153 1350 2576 1404 κακοπαθοῦντι·
2619 1349 2832 1425 τροπὰς
2894 1345 2952 1402 Si
3008 1349 3141 1403 εἶναι
3205 1351 3395 1424 ψυχῆς
3428 1347 3520 1404 καὶ
3571 1350 3716 1420 πάθη
3762 1349 3833 1404 τὰ

2153 1442 2399 1496 τοιαῦτα.
2459 1439 2652 1510 Ἡμεῖς
2711 1434 2791 1507 δὶ,
2875 1437 2949 1500 ὡς
3008 1434 3210 1508 ἔοικεν,
3270 1439 3332 1492 οὐ
3417 1438 3708 1512 παυόμεθα
3762 1439 3834 1494 τὰ

2153 1531 2380 1583 τοιαῦτα
2435 1530 2708 1600 σαρκικῶς
2785 1530 3034 1588 νοοῦντες
3093 1527 3191 1588 τὰς
3269 1529 3518 1606 Γραφάς,
3577 1527 3666 1583 καὶ
3724 1529 3834 1584 ἀπὸ

2155 1623 2264 1674 τῶν
2295 1614 2580 1693 ἡμετέρων
2638 1618 2823 1672 παθῶν
2885 1616 3236 1693 ἀναγόμενοι,
3293 1619 3356 1673 τὸ
3419 1617 3684 1694 βούλημα
3733 1623 3836 1674 τοῦ

2157 1707 2400 1771 ἀπαθοῦς
2447 1709 2580 1762 Θεοῦ
2661 1706 2877 1778 ὁμοίως
2957 1711 3076 1768 τοῖς
3165 1704 3477 1780 ἡμεδαποῖς
3530 1710 3836 1782 κινήμασιν

2159 1795 2616 1870 ἀπεκδεχόμενοι.
2671 1796 2762 1858 Ὧς
2820 1793 2865 1850 δ’
2925 1797 3094 1869 ἡμεῖς
3127 1795 3356 1852 ἀκοῦσαι
3389 1793 3628 1869 δυνατοὶ,
3659 1798 3837 1860 οὕτως

2159 1883 2307 1961 ἔχειν
2340 1884 2430 1941 ἐπὶ
2459 1889 2556 1940 τοῦ
2588 1884 3034 1959 παντοκράτορος
3095 1884 3601 1958 ὑπολαμυάνοντες,
3661 1887 3837 1954 ἀθέως

2159 1974 2518 2048 πλανώμεθα.
2550 1974 2628 2033 Οὐ
2659 1974 2758 2050 γὰρ
2793 1974 2866 2037 ὡς
2899 1970 3015 2050 ἔχει
3065 1975 3128 2030 τὸ
3162 1981 3341 2043 Θεῖον,
3396 1975 3569 2040 οὕτως
3600 1977 3718 2032 οἷόν
3770 1999 3834 2034 τε

2159 2066 2228 2134 ἦν
2257 2063 2528 2142 λέγεσθαι·
2562 2061 2693 2120 ἀλλ’
2721 2064 2795 2126 ὡς
2853 2063 2968 2120 οἷόν
3026 2085 3087 2120 τε
3144 2066 3211 2134 ἦν
3245 2064 3452 2122 ἐπαΐειν
3477 2069 3626 2140 ἡμᾶς
3669 2068 3832 2145 σαρκὶ

2163 2150 2604 2226 πεπεδημένους,
2663 2151 2840 2213 οὕτως
2896 2154 3032 2226 ἡμῖν
3085 2151 3368 2223 ἐλάλησαν
3420 2156 3473 2210 οἱ
3526 2163 3837 2234 προφῆται,

2165 2243 2718 2320 συμπεριφερομένου
2749 2242 3039 2316 σωτηρίως
3087 2247 3158 2317 τῇ
3205 2248 3314 2298 τῶν
3347 2245 3651 2322 ἀνθρώπων
3673 2247 3844 2302 ἀσθε-

397 2341 491 2397 bis
521 2347 662 2396 sunt
691 2342 872 2397 locuti
900 2342 1227 2414 prophetaa,
1263 2342 1514 2398 Domino
1543 2359 1606 2396 se
1630 2340 1951 2396 salubriter
1970 2356 2062 2394 ac-

2174 2330 2286 2403 νείᾳ
2340 2335 2437 2387 τοῦ
2496 2331 2718 2406 Κυρίου.
2781 2331 2929 2386 Ἐπεὶ
2982 2331 3165 2387 τοίνυν
3239 2333 3503 2408 βούλημά
3563 2334 3678 2390 ἐστι
3733 2340 3842 2392 τοῦ

404 2432 823 2487 commodante
853 2448 922 2486 ac
944 2432 1292 2486 demittente
1315 2431 1389 2486 ad
1411 2430 1723 2486 hominum
1742 2429 2063 2485 imbecilli-

2174 2424 2306 2476 Θεοῦ
2339 2423 2600 2490 σώζεσθαι
2630 2421 2722 2477 τὸν
2755 2426 2874 2483 ταῖς
2926 2421 3179 2487 ἐντολαῖς
3234 2425 3516 2494 πειθήνιον
3549 2423 3641 2480 τόν
3691 2447 3749 2480 τε
3778 2425 3843 2480 ἐκ

402 2525 607 2576 tatem.
639 2521 930 2586 Quoniam
963 2521 1141 2592 igitur
1166 2526 1256 2576 est
1288 2521 1387 2575 Dei
1420 2519 1715 2585 voluntas,
1769 2525 1836 2574 ut
1866 2535 2060 2574 serve-

397 2616 497 2666 tur
529 2612 599 2677 is,
634 2611 733 2681 qui
766 2615 934 2681 paret
963 2609 1297 2682 praeceptis,
1332 2615 1389 2665 et
1411 2626 1657 2664 suorum
1680 2614 2062 2680 peccatorum

403 2699 641 2756 ducitur
670 2701 1056 2772 pwnitentia;
1091 2717 1200 2754 nos
1232 2705 1431 2755 autem
1463 2699 1791 2773 gaudemus
1823 2704 2064 2770 propter

398 2796 664 2846 nostram
698 2791 948 2846 salutem
978 2809 992 2858 ;
1027 2795 1294 2846 nostram
1337 2790 1629 2858 laetitiam,
1663 2789 1776 2844 sibi
1811 2794 1877 2844 ut
1925 2805 2061 2860 pro-

399 2881 591 2952 priam
623 2880 894 2935 attribuit
924 2881 1233 2947 Dominus,
1269 2879 1369 2950 qui
1392 2878 1629 2935 locutus
1655 2884 1744 2933 est
1775 2878 1926 2933 169
1958 2893 2065 2948 per

395 2971 720 3041 prophetas
743 2986 754 3023 :
777 2968 1282 3040 quemadmodum
1301 2969 1561 3024 humane
1575 2967 1781 3023 dicens
1800 2967 1860 3022 in
1875 2969 2065 3022 Evan-

397 3059 550 3131 gelio
579 3075 592 3113 :
622 3081 650 3108 ‹‹
684 3061 925 3126 Esurivi,
958 3065 1011 3114 et
1037 3060 1265 3114 dedistis
1299 3059 1435 3112 mihi
1481 3057 1818 3112 manducare
1845 3075 1862 3115 :
1890 3059 2062 3124 sitivi,

399 3155 451 3203 et
482 3149 709 3204 dedistis
740 3148 879 3204 mihi
909 3149 1131 3212 bibere;
1161 3149 1311 3220 quod
1342 3149 1488 3203 enim
1516 3149 1618 3202 uni
1648 3148 1840 3202 horum
1890 3147 2060 3201 mini-

395 3255 611 3293 morum
625 3240 856 3308 fecistis,
877 3239 1014 3293 mihi
1033 3240 1243 3308 fecistis
1262 3238 1360 3310 (a).
1386 3237 1899 3304 Quemadmodum
1923 3253 2060 3308 ergo

397 3327 680 3394 nutritur,
715 3328 814 3399 qui
848 3345 969 3383 non
1001 3328 1287 3395 nutritur,
1317 3333 1635 3398 propterea
1659 3325 1820 3398 quod
1849 3327 1925 3380 sit
1954 3341 2064 3380 nu-

401 3418 576 3472 tritus
609 3418 682 3486 is,
717 3433 898 3488 quem
947 3417 1128 3471 velit:
1182 3417 1264 3472 ita
1313 3418 1537 3486 absque
1590 3417 1918 3471 mutatione
1966 3430 2064 3486 ga-

403 3508 562 3562 visus
634 3512 743 3562 est.
818 3512 1131 3578 propterea
1205 3505 1365 3576 quod
1421 3505 1636 3577 gaudio
1688 3507 1934 3560 aﬂ‘ectus
1991 3505 2070 3558 sit

404 3597 477 3662 is,
512 3595 612 3666 qui
657 3595 1011 3666 puanitentia
1064 3595 1277 3650 ductus
1328 3600 1437 3662 est,
1489 3601 1556 3648 ut
1600 3593 1854 3648 volebat'
1907 3595 2065 3658 Quo-

407 3686 570 3739 niam
601 3689 801 3739 autem
833 3685 1057 3738 aﬂ‘atim
1089 3684 1410 3738 miseretur
1440 3684 1616 3749 Deus,
1669 3700 1805 3738 cum
1855 3683 1931 3737 sit
1959 3683 2067 3737 bo-

409 3790 544 3840 nus,
579 3778 638 3827 et
683 3777 981 3843 praecepta
1030 3771 1178 3826 dans
1222 3788 1329 3843 per
1374 3771 1566 3844 legem
1617 3778 1675 3826 et
1721 3773 2066 3844 prophetas,

407 3868 467 3916 et
492 3862 621 3934 jam
655 3861 1053 3932 propinquius
1102 3875 1210 3931 per
1257 3859 1388 3914 Filii
1437 3859 1780 3927 adventum,
1831 3877 2071 3916 servans

409 3957 468 4006 et
497 3951 788 4006 miserans
821 3967 943 4018 eos,
980 3949 1082 4020 qui
1115 3949 1590 4004 misericordiam
1639 3949 2066 4006 obtinuerunt:

409 4046 466 4096 et
503 4040 743 4112 proprie
794 4039 1114 4094 miseretur
1161 4039 1354 4111 major
1397 4038 1686 4108 minoris;
1735 4039 1912 4094 homo
1960 4057 2069 4094 au-

409 4139 527 4187 tem
559 4149 679 4187 non
703 4137 795 4186 est
824 4131 1067 4186 homine
1091 4131 1303 4202 major,
1329 4136 1623 4201 quatenus
1646 4137 1736 4186 est
1755 4132 1957 4200 homo,
1982 4137 2074 4188 est

409 4228 607 4278 autem
640 4223 795 4277 Deus
841 4221 1083 4276 homine
1133 4222 1328 4292 major
1370 4221 1432 4275 in
1484 4221 1804 4278 omnibus:
1833 4223 1881 4277 si
1933 4238 2070 4294 ergo

409 4312 510 4383 qui
532 4316 623 4366 est
649 4311 860 4382 major,
885 4311 1205 4365 miseretur
1221 4310 1495 4378 minoris,
1521 4311 1682 4366 solus
1706 4311 1859 4366 Deus
1881 4311 2072 4366 nostri

411 4400 812 4457 miserebitur.
841 4401 1026 4454 Homo
1061 4399 1221 4454 enim
1247 4399 1500 4471 justitiaa
1526 4399 1747 4472 regulis
1767 4406 1936 4472 paret
1965 4416 2073 4456 sua

411 4491 672 4547 libenter
701 4489 1175 4557 communicans,
1207 4494 1268 4544 et
1293 4505 1362 4544 ea
1387 4489 1672 4560 impertit.
1707 4507 1840 4561 quas
1889 4507 1923 4546 a
1952 4491 2070 4545 Deo

410 4579 659 4650 accepit,
693 4582 753 4632 et
780 4582 1025 4648 propter
1073 4577 1411 4633 naturalem
1461 4577 1964 4644 benevolentiam,
2013 4583 2073 4634 et

410 4673 656 4741 propter
680 4672 997 4738 praecepta,
1033 4667 1249 4738 quibus
1273 4673 1461 4740 paret.
1497 4669 1650 4724 Deus
1679 4673 1880 4724 autem
1934 4668 2074 4723 nul-

413 4759 531 4812 lam
563 4755 746 4811 habet
769 4757 831 4811 in
854 4773 964 4811 nos
997 4756 1331 4813 naturalem
1357 4757 1774 4814 habitudinem
1799 4775 1905 4814 seu
1925 4758 2074 4814 rela-

414 4847 662 4913 tionem,
695 4851 761 4900 ut
789 4846 997 4902 volunt
1026 4845 1346 4902 hmresium
1379 4846 1719 4903 conditores
1750 4865 1762 4918 ;
1793 4865 1988 4920 neque
2021 4849 2070 4904 si

2169 2515 2278 2566 τῶν
2323 2512 2736 2587 ἁμαρτημάτων
2791 2518 3175 2584 μετανοοῦντα,
3238 2514 3507 2589 χαίρομεν
3563 2513 3621 2570 δὶ
3672 2519 3842 2588 ἡμεῖς

2174 2599 2261 2654 ἐπὶ
2295 2599 2364 2674 τῇ
2392 2600 2639 2676 σωτηρίᾳ
2685 2603 2871 2674 ἡμῶψ
2925 2603 2987 2656 τὸ
3040 2603 3244 2678 χαρτὸν
3302 2606 3465 2676 ἡμῶν
3523 2603 3838 2676 ἐξιδοποιήο

2175 2713 2302 2747 σατο
2335 2694 2363 2748 6
2391 2690 2481 2748 διὰ
2530 2697 2641 2749 τῶν
2697 2697 2998 2770 προφητῶν
3055 2692 3306 2765 λαλήσας
3338 2695 3563 2772 Κύριος
3595 2698 3842 2771 καθάπερ

2171 2783 2225 2838 ἐν
2273 2787 2352 2856 τῷ
2405 2783 2733 2858 Εὐαγγελίῳ
2782 2781 3189 2862 φιλανθρώπως
3266 2785 3463 2860 λέγων’
3524 2787 3833 2857 Ἐπείνασα,

2171 2872 2261 2928 καὶ
2319 2870 2557 2928 ἐδώκατέ
2636 2893 2731 2943 μοι
2805 2879 3019 2950 φαγεῖν·
3080 2871 3334 2948 ἐδίψησα,
3418 2876 3507 2930 καὶ
3571 2873 3839 2932 ἐδώκατιε

2177 2969 2436 3037 μοιπιεῖν
2476 2967 2608 3037 (99)·
2645 2962 2800 3038 ὅγὰρ
2853 2963 2927 3018 ἐνὶ
2979 2963 3187 3019 τούτων
3249 2968 3328 3039 (1)
3381 2970 3488 3020 τῶν
3532 2966 3843 3042 ἐλαχίστων

2172 3056 2534 3124 πεποιήκατε,
2596 3051 2722 3126 ἐμοί
2777 3055 3135 3124 πεποιήκατε.
3193 3057 3396 3126 ’Ὠσπερ
3457 3053 3550 3111 οὗν
3593 3056 3846 3134 τρέφεται

2179 3145 2255 3217 μὴ
2307 3142 2652 3219 τρεφόμενος
2710 3139 2802 3197 διὰ
2856 3143 2920 3197 τὸ
2983 3143 3280 3221 τετράφθαι
3345 3145 3510 3220 ὅνπερ
3581 3147 3849 3222 βούλεται

2176 3232 2350 3296 οὕτως
2380 3232 2556 3308 ἐχάρη
2595 3233 2670 3306 μή
2701 3234 2954 3309 τραπεὶς,
2993 3231 3082 3288 διὰ
3137 3234 3201 3288 τὸ
3262 3233 3316 3288 ἐν
3373 3234 3521 3310 χαρᾷ
3569 3238 3836 3312 γεγονὲνα

2172 3323 2262 3377 τὸν
2300 3321 2737 3395 μετανενοηκότα
2795 3322 2870 3384 ὡς
2923 3317 3205 3380 ἐϐούλετο.
3264 3325 3412 3380 Ἐπεὶ
3474 3322 3532 3380 δὲ
3561 3325 3847 3390 πλουσίως

2175 3411 2317 3468 ἐλεεῖ
2343 3411 2544 3488 ἀγαθὸς
2573 3406 2646 3465 ὤν
2683 3412 2711 3465 6
2739 3412 2894 3481 Θεὸς,
2955 3413 3052 3474 τάς
3111 3432 3170 3467 τε
3225 3411 3452 3476 ἐντολάς
3511 3411 3718 3484 διδοὺς,
3753 3413 3845 3471 διὰ

2173 3501 2350 3575 νόμου
2380 3501 2471 3556 καὶ
2503 3499 2595 3556 διὰ
2621 3506 2949 3580 προφητῶν,
3006 3500 3095 3556 καὶ
3140 3502 3576 3580 προσεχέστερον
3608 3503 3718 3576 ἤδη
3752 3503 3844 3560 διὰ

2173 3597 2272 3660 τῆς
2300 3594 2402 3646 τοῦ
2432 3591 2561 3644 Υἱοῦ
2603 3589 2926 3664 παρουσίας,
2988 3592 3178 3660 σώζων
3239 3593 3330 3646 καὶ
3381 3591 3569 3663 ἐλεῶν,
3629 3595 3706 3656 ὡς
3765 3594 3842 3649 εἷ’-

2179 3700 2365 3756 ρηται,
2397 3679 2525 3742 τοὺς
2554 3679 2920 3754 ἠλεημένους’
2977 3679 3183 3754 κυρίως
3238 3702 3298 3735 τε
3329 3681 3472 3738 ἐλεεῖ
3501 3684 3528 3737 6
3578 3684 3838 3757 κρείττων

2179 3771 2270 3824 τὸν
2300 3769 2536 3824 ἐΛάσσω·
2571 3768 2661 3824 καὶ
2721 3770 2986 3845 κρείττων
3047 3771 3143 3844 μὶν
3202 3769 3489 3845 ἅνθρωπος
3548 3772 3840 3847 ἀνθρώπου

2180 3858 2279 3914 οὐκ
2308 3857 2370 3914 ἄν
2404 3855 2512 3929 εἷή,
2569 3859 2703 3914 καθὸ
2764 3857 3052 3934 ἄνθρωπος
3103 3861 3356 3938 πέφυκεν·
3414 3861 3672 3936 κρείττων
3703 3859 3762 3918 δὲ
3813 3865 3841 3918 ὁ

2179 3949 2310 4010 Θεὸς
2338 3951 2438 4004 τοῦ
2466 3947 2755 4024 ἀνθρώπου
2811 3948 2948 4004 κατὰ
3001 3950 3195 4004 πάντα·
3259 3948 3309 4004 εἲ
3360 3950 3543 4007 τοίνυν
3577 3954 3604 4008 6
3652 3953 3840 4028 κρείτ-

2176 4059 2284 4093 των
2310 4037 2402 4093 τὸν
2462 4036 2616 4107 ἥσσω
2681 4037 2844 4106 ἐλεεῖ,
2899 4037 3065 4111 μόνος
3124 4041 3273 4112 ἡμᾶς
3333 4040 3361 4094 6
3414 4041 3542 4104 Θεὸς
3602 4040 3840 4112 ἐλεήσευ

2178 4130 2501 4190 κοινωνικὸς
2536 4129 2631 4200 μὲν
2653 4127 2754 4204 γὰρ
2806 4126 3095 4203 ἅνθρωπος
3152 4128 3256 4183 ὑπὸ
3315 4126 3668 4202 δικαιοσύνης
3699 4131 3842 4206 γίνε-

2176 4238 2287 4288 ται,
2315 4218 2406 4273 καὶ
2440 4214 2800 4292 μεταδίδωσιν
2829 4217 2904 4270 ὦν
2938 4212 3101 4272 ἔλαϐε
3131 4219 3278 4294 παρὰ
3302 4223 3402 4274 τοῦ
3425 4224 3524 4275 τοῦ
3547 4225 3709 4291 Θεοῦ,
3749 4218 3839 4276 διά

2175 4327 2236 4361 τε
2292 4309 2524 4382 φυσικὴν
2577 4302 2787 4362 εῦνοιαν
2845 4306 2938 4361 καὶ
2989 4307 3175 4382 σχέσιν
3223 4305 3314 4362 διά
3368 4329 3425 4364 τε
3471 4309 3565 4372 τὰς
3622 4308 3847 4374 ἐντολὰς

2178 4401 2264 4461 αἷς
2295 4399 2557 4463 πείθεται.
2605 4399 2666 4456 Ὁ
2698 4398 2830 4463 Θεὸς
2887 4394 2946 4452 δὶ
3003 4394 3264 4472 οὐδεμίαν
3327 4394 3443 4476 ἔχει
3503 4401 3640 4476 πρὸς
3692 4403 3842 4475 ἡμᾶς

2180 4489 2412 4565 φυσικὴν
2444 4487 2656 4560 σχέσιν,
2688 4488 2765 4552 ὡς
2823 4487 2876 4542 οἱ
2923 4491 3030 4541 τῶν
3091 4487 3350 4563 αἱρέσεων
3409 4489 3619 4546 κτίσται
3655 4489 3842 4555 θέλου-

2181 4598 2287 4647 σιν,
2317 4577 2432 4634 οὔτ’
2462 4577 2509 4633 εί
2541 4577 2601 4634 ἐκ
2633 4578 2713 4650 μὴ
2748 4572 2918 4632 ὅντων
2969 4576 3184 4648 ποιοίη,
3242 4576 3353 4634 οὔτ’
3413 4579 3459 4634 εί
3492 4579 3543 4650 ἐξ
3574 4578 3715 4651 ὕλης
3788 4583 3841 4654 (2

2181 4663 2582 4742 δημιουργοίηο
2619 4665 2734 4722 ἐπεὶ
2765 4666 2827 4721 τὸ
2883 4667 2980 4739 μὶν
3035 4664 3149 4720 οὔθ’
3195 4663 3344 4730 ’ὀλως
3401 4669 3482 4742 ὃν,
3524 4671 3559 4740 ἡ
3593 4667 3651 4724 δέ
3707 4670 3842 4724 κατᾶ

2177 4759 2352 4813 πάντα
2384 4755 2540 4832 ἑτέρα
2592 4754 2858 4832 τυγχάνει
2914 4759 3011 4810 τοῦ
3069 4759 3224 4811 Θεοῦ·
3287 4756 3333 4812 εί
3396 4761 3473 4832 μή
3531 4779 3616 4822 τις
3678 4759 3841 4835 μέρος

2180 4845 2346 4902 αὐτοῦ
2374 4849 2450 4921 (3)
2483 4844 2574 4902 καί
2603 4845 2938 4921 ὁμουυσίους
2969 4847 3120 4919 ἡμᾶς
3179 4850 3258 4919 τῷ
3314 4853 3430 4922 Θεῷ
3457 4845 3730 4924 τολμήσει
3765 4847 3826 4905 λὲ

480 4987 544 5051 »ιι
572 4990 636 5044 P.
660 4990 762 5044 467
792 4990 904 5044 ED.
941 4989 1244 5058 POTTER,
1278 4989 1516 5044 391-392
1545 4991 1657 5045 ED.
1691 4991 1920 5046 PARlS.
1954 4990 2040 5063 (α)

2174 4991 2272 5047 ἱιίι.
2305 5009 2438 5062 xxv,
2471 4993 2560 5065 35,
2591 4995 2683 5048 40.

413 5149 464 5219 3,
489 5149 560 5200 4:
592 5139 1121 5219 ’Elsngoqévarxai
1173 5137 1382 5219 πίστεις
1427 5143 1503 5213 μὴ
1559 5139 2065 5219 ἐκλειπέτωσάνᾳσε·

2181 5145 2432 5218 gentiles
2492 5146 2884 5219 philosophos
2945 5149 3153 5217 secuti,
3200 5150 3486 5207 mundum
3523 5168 3554 5208 e
3592 5152 3841 5208 materia

414 5211 622 5291 ἅφαψαι
656 5212 715 5269 δὲ
729 5211 911 5304 έύττὰθς
935 5211 1024 5300 ἐπξ
1056 5215 1136 5304 ei:
1163 5211 1462 5304 τραχήλῳ,
1517 5213 1608 5304 καὶ
1658 5215 1908 5304 εὑρήρεις
1963 5213 2072 5304 Χά-

415 5279 608 5365 ρι’ν.’7.
641 5279 828 5365 Φοϐοῦ
857 5282 922 5365 ,δὲ
967 5284 1058 5365 τὸν
1093 5279 1247 5354 Θεὸν,
1295 5279 1652 5365 καὶ’ἕκκλινε
1709 5279 1815 5341 άπὸ
1857 5286 2074 5365 ’παντὸς

412 5356 607 5432 κακοῦ.
647 5356 1048 5432 Ecclesiastici
1091 5373 1218 5432 cap.
1271 5375 1355 5422 In,
1387 5362 1454 5413 29
1489 5377 1501 5414 :
1559 5356 1940 5432 Έλεημοσύνη
1976 5358 2077 5432 ἐξι-

413 5427 957 5508 λάσεταιᾳάμαρτίας.
987 5427 1270 5508 Ejusdem
1330 5447 1457 5503 cap.
1493 5449 1532 5499 1,
1592 5435 1657 5486 27
1695 5427 1939 5507 :"Em‘oid
1970 5427 2071 5508 γάρ

412 5505 500 5560 καὶ
531 5497 755 5577 παιδεία,
781 5497 951 5577 φάε-ος
987 5497 1213 5574 Κῦρίου.

488 5583 602 5648 (99)
625 5571 901 5648 Ἐδώκατέ
934 5571 1576 5648 μοι-πιεῖνεβΕποτίσατὲ
1617 5593 1704 5645 με,
1730 5575 1930 5648 Matth.

490 5641 655 5718 (1)6'0
684 5649 785 5734 γὰρ
818 5646 896 5700 ἑνὶ
924 5641 974 5700 τ.
1037 5644 1151 5722 Ἐφ’
1212 5641 1336 5698 ὅσον
1397 5641 1691 5716 ἐποιήσατε
1750 5646 1825 5699 ἔνι
1861 5643 2074 5699 τούτων

569 5715 621 5734 ’ἢ
656 5715 675 5734 ‘
1057 5720 1079 5730 ‘-
1188 5713 1233 5734 ,\
1337 5715 1348 5734 Ι
1579 5717 1592 5734 ἱ
1685 5716 1698 5734 \
1761 5716 1774 5734 Ἰ
1906 5717 1919 5734 Ι

417 5713 809 5842 Ξξύἧὶἑιδελφών
848 5738 954 5790 μου
1012 5713 1122 5771 τῶν
1184 5713 1514 5791 ἐλαχίστων,
1547 5713 1700 5791 ’ἐμοὶ
1758 5716 2074 5787 ἐποιήσατε,

477 5805 507 5842 ἷὶ
579 5807 619 5842 ὶ.

477 5794 619 5843 atth.

491 5862 568 5930 (2)
601 5858 689 5928 Ἐξ
749 5857 911 5928 ὕλης.
987 5861 1422 5934 Valentiniani,
1510 5862 1732 5935 aliique
1789 5861 2074 5931 haaretici,

2182 5218 2632 5289 prwexsistente
2653 5236 2688 5275 a
2718 5218 2835 5276 Deo
2858 5225 3123 5275 creatum
3180 5221 3683 5280 existimaverunt.
3724 5224 3838 5278 Ire-

2183 5305 2353 5344 nmus
2382 5289 2484 5346 lib.
2518 5307 2580 5358 ιι,
2612 5308 2740 5364 cap.
2776 5294 2864 5358 19,
2897 5310 2955 5364 p.
3011 5294 3102 5346 1H
3172 5293 3313 5350 edit.
3349 5297 3533 5351 Oxon.
3575 5314 3588 5351 :
3622 5299 3690 5350 Et
3740 5295 3836 5350 hoc

2183 5367 2387 5420 autem.
2425 5365 2589 5437 quod
2633 5381 2712 5437 ex"
2731 5365 2974 5434 subjecta
3033 5371 3267 5419 materia
3305 5367 3499 5422 dicunt
3540 5369 3838 5437 fabricato-

2181 5450 2301 5510 rem
2319 5436 2512 5510 fecisse
2537 5436 2828 5510 mundum,
2862 5442 2912 5490 et
2953 5437 3339 5510 Anaxagoras,
3373 5447 3424 5493 et
3466 5439 3833 5510 Empedocles,

2183 5513 2235 5560 et
2265 5507 2424 5581 Plato
2448 5509 2623 5577 primi
2647 5515 2774 5581 ante
2805 5508 2900 5581 Itos
2958 5507 3243 5581 dixerunt,
3277 5510 3442 5565 Conf.
3501 5507 3707 5568 Strom.
3741 5507 3835 5581 vn,

2183 5595 2239 5648 p.
2277 5580 2379 5630 707
2413 5584 2472 5632 et
2492 5596 2623 5648 qum
2655 5579 2736 5633 ibi
2767 5579 3110 5635 adnotanda
3140 5587 3300 5636 sunt.

2258 5652 2336 5723 (3)
2365 5647 2538 5720 Μέρος
2569 5649 2755 5723 αὐτοῦ.
2789 5651 3076 5723 Origenes
3129 5653 3336 5723 contra
3386 5655 3598 5723 Celsum
3657 5656 3760 5710 lib.
3794 5673 3840 5723 v,

2183 5722 2419 5800 p.235_:
2449 5719 2651 5800 Σαφῷς
2676 5721 2760 5800 Δδὲ
2801 5719 2919 5800 τὸν*
2954 5719 3085 5800 ἓξλον
3142 5722 3350 5800 κόσμρν
3393 5721 3659 5800 λέγουσιν
3711 5719 3844 5780 εἶναι

2185 5790 2338 5887 Θεὸνέ
2369 5790 2605 5881 ⁴ξῼτωϊκόἰ
2636 5793 2730 5887 μὶν
2761 5793 2852 5887 τξγ
2885 5795 3143 5887 πρώτον,
3180 5790 3259 5850 οἷ’
3293 5793 3350 5887 33-:
3409 5790 3514 5853 ἀπὸ
3546 5796 3841 5860 Πλάτωνος

2180 5861 2274 5916 τὸν
2306 5860 2584 5937 δεύτερον,
2620 5860 2762 5927 τινες
2797 5862 2855 5921 δὲ
2883 5860 3059 5923 αὐτῶν
3091 5860 3183 5923 τὸν
3245 5867 3447 5945 τρίτον.
3482 5874 3637 5928 Certe
3667 5878 3837 5928 totum
