  <div class='ocr_page' id='page_1' title='image "/cluster/home/n/w/nwhite01/storage/ocr_20150623/8/coo.31924054872878/512.png"; bbox 0 0 4144 6414; ppageno 0'>
   <div class='ocr_carea' id='block_1_1' title="bbox 410 455 550 511">
    <p class='ocr_par' dir='ltr' id='par_1_1' title="bbox 410 455 550 511">
     <span class='ocr_line' id='line_1_1' title="bbox 410 455 550 511; baseline 0.014 -2"><span class='ocrx_word' id='word_1_1' title='bbox 410 455 550 511; x_wconf 86' lang='grc'><strong>1013</strong></span> 
     </span>
    </p>
   </div>
   <div class='ocr_carea' id='block_1_2' title="bbox 1749 455 2544 518">
    <p class='ocr_par' dir='ltr' id='par_1_2' title="bbox 1749 455 2544 518">
     <span class='ocr_line' id='line_1_2' title="bbox 1749 455 2544 518; baseline -0.008 -1"><span class='ocrx_word' id='word_1_2' title='bbox 1749 461 2199 518; x_wconf 70' lang='grc' dir='ltr'><strong>ΒΤΒΟΜΔἸὊΜ</strong></span> <span class='ocrx_word' id='word_1_3' title='bbox 2235 462 2370 516; x_wconf 87' lang='lat' dir='ltr'><strong>LIB.</strong></span> <span class='ocrx_word' id='word_1_4' title='bbox 2413 460 2486 512; x_wconf 88' lang='grc' dir='ltr'><strong>ΙΙ.</strong></span> <span class='ocrx_word' id='word_1_5' title='bbox 2519 455 2544 464; x_wconf 64' lang='grc'>”</span> 
     </span>
    </p>
   </div>
   <div class='ocr_carea' id='block_1_3' title="bbox 3700 454 3840 512">
    <p class='ocr_par' dir='ltr' id='par_1_3' title="bbox 3700 454 3840 512">
     <span class='ocr_line' id='line_1_3' title="bbox 3700 454 3840 512; baseline 0 -4"><span class='ocrx_word' id='word_1_6' title='bbox 3700 454 3840 512; x_wconf 83' lang='grc'><strong>1014</strong></span> 
     </span>
    </p>
   </div>
   <div class='ocr_carea' id='block_1_4' title="bbox 407 577 2054 656">
    <p class='ocr_par' dir='ltr' id='par_1_4' title="bbox 407 577 2054 656">
     <span class='ocr_line' id='line_1_4' title="bbox 407 577 2054 656; baseline 0.002 -21"><span class='ocrx_word' id='word_1_7' title='bbox 407 598 543 656; x_wconf 88' lang='grc' dir='ltr'>γειν·</span> <span class='ocrx_word' id='word_1_8' title='bbox 577 578 669 634; x_wconf 87' lang='grc' dir='ltr'><strong>καὶ</strong></span> <span class='ocrx_word' id='word_1_9' title='bbox 702 578 801 636; x_wconf 79' lang='grc' dir='ltr'>οὔκ</span> <span class='ocrx_word' id='word_1_10' title='bbox 830 577 932 636; x_wconf 81' lang='grc' dir='ltr'>οἶδ’</span> <span class='ocrx_word' id='word_1_11' title='bbox 983 583 1134 645; x_wconf 79' lang='grc' dir='ltr'>ὅπως</span> <span class='ocrx_word' id='word_1_12' title='bbox 1179 581 1418 654; x_wconf 80' lang='grc' dir='ltr'>ἇνέξεταί</span> <span class='ocrx_word' id='word_1_13' title='bbox 1473 604 1558 649; x_wconf 85' lang='grc' dir='ltr'><strong>τις</strong></span> <span class='ocrx_word' id='word_1_14' title='bbox 1611 581 1816 640; x_wconf 72' lang='grc' dir='ltr'>ἐπαΐων</span> <span class='ocrx_word' id='word_1_15' title='bbox 1871 583 2054 640; x_wconf 81' lang='grc' dir='ltr'>τούτοι</span> 
     </span>
    </p>
   </div>
   <div class='ocr_carea' id='block_1_5' title="bbox 2174 577 3843 656">
    <p class='ocr_par' dir='ltr' id='par_1_5' title="bbox 2185 577 3843 653">
     <span class='ocr_line' id='line_1_5' title="bbox 2185 577 3843 653; baseline -0.005 -13"><span class='ocrx_word' id='word_1_16' title='bbox 2185 602 2258 640; x_wconf 79' lang='lat' dir='ltr'><strong>ex</strong></span> <span class='ocrx_word' id='word_1_17' title='bbox 2288 583 2476 638; x_wconf 90' lang='lat' dir='ltr'><strong>nihilo</strong></span> <span class='ocrx_word' id='word_1_18' title='bbox 2496 582 2698 637; x_wconf 88' lang='lat' dir='ltr'><strong>omnia</strong></span> <span class='ocrx_word' id='word_1_19' title='bbox 2713 579 3078 653; x_wconf 82' lang='lat' dir='ltr'><strong>produxerit,</strong></span> <span class='ocrx_word' id='word_1_20' title='bbox 3101 595 3211 635; x_wconf 91' lang='lat' dir='ltr'><strong>nec</strong></span> <span class='ocrx_word' id='word_1_21' title='bbox 3229 578 3278 634; x_wconf 89' lang='lat' dir='ltr'><strong>si</strong></span> <span class='ocrx_word' id='word_1_22' title='bbox 3302 595 3373 634; x_wconf 83' lang='lat' dir='ltr'><strong>ex</strong></span> <span class='ocrx_word' id='word_1_23' title='bbox 3394 577 3843 650; x_wconf 72' lang='lat' dir='ltr'><strong>praaexsistente</strong></span> 
     </span>
    </p>
   </div>
   <div class='ocr_carea' id='block_1_6' title="bbox 410 667 2065 749">
    <p class='ocr_par' dir='ltr' id='par_1_6' title="bbox 410 667 2065 749">
     <span class='ocr_line' id='line_1_6' title="bbox 410 667 2065 749; baseline 0.001 -24"><span class='ocrx_word' id='word_1_24' title='bbox 410 670 540 725; x_wconf 86' lang='grc' dir='ltr'><strong>Θεὸν</strong></span> <span class='ocrx_word' id='word_1_25' title='bbox 568 667 842 746; x_wconf 84' lang='grc' dir='ltr'>ἐγνωκὼς,</span> <span class='ocrx_word' id='word_1_26' title='bbox 875 669 1084 727; x_wconf 85' lang='grc' dir='ltr'>ἀπιδὼν</span> <span class='ocrx_word' id='word_1_27' title='bbox 1119 672 1194 734; x_wconf 83' lang='grc' dir='ltr'><strong>εἰς</strong></span> <span class='ocrx_word' id='word_1_28' title='bbox 1239 672 1330 727; x_wconf 85' lang='grc' dir='ltr'><strong>τὸν</strong></span> <span class='ocrx_word' id='word_1_29' title='bbox 1383 673 1498 748; x_wconf 83' lang='grc' dir='ltr'>βίον</span> <span class='ocrx_word' id='word_1_30' title='bbox 1547 674 1643 730; x_wconf 89' lang='grc' dir='ltr'>τὸν</span> <span class='ocrx_word' id='word_1_31' title='bbox 1691 673 1982 749; x_wconf 69' lang='grc' dir='ltr'>ἡμέτερον,</span> <span class='ocrx_word' id='word_1_32' title='bbox 2014 673 2065 728; x_wconf 91' lang='grc' dir='ltr'><strong>ἐν</strong></span> 
     </span>
    </p>
   </div>
   <div class='ocr_carea' id='block_1_7' title="bbox 411 759 2070 840">
    <p class='ocr_par' dir='ltr' id='par_1_7' title="bbox 411 759 2070 840">
     <span class='ocr_line' id='line_1_7' title="bbox 411 759 2070 840; baseline 0.003 -27"><span class='ocrx_word' id='word_1_33' title='bbox 411 761 560 822; x_wconf 80' lang='grc' dir='ltr'><strong>ὅσοις</strong></span> <span class='ocrx_word' id='word_1_34' title='bbox 593 759 877 836; x_wconf 77' lang='grc' dir='ltr'>φυρόμιθα</span> <span class='ocrx_word' id='word_1_35' title='bbox 924 766 1134 824; x_wconf 84' lang='grc' dir='ltr'>κακοῖς.</span> <span class='ocrx_word' id='word_1_36' title='bbox 1190 760 1292 834; x_wconf 69' lang='grc' dir='ltr'>Εῗη</span> <span class='ocrx_word' id='word_1_37' title='bbox 1346 764 1447 840; x_wconf 76' lang='grc' dir='ltr'><strong>γὰρ</strong></span> <span class='ocrx_word' id='word_1_38' title='bbox 1497 762 1558 818; x_wconf 76' lang='grc' dir='ltr'><strong>ἃν</strong></span> <span class='ocrx_word' id='word_1_39' title='bbox 1613 763 1808 836; x_wconf 77' lang='grc' dir='ltr'>οὕτως,</span> <span class='ocrx_word' id='word_1_40' title='bbox 1871 765 1900 819; x_wconf 88' lang='grc' dir='ltr'><strong>’ὀ</strong></span> <span class='ocrx_word' id='word_1_41' title='bbox 1939 761 2070 838; x_wconf 82' lang='grc' dir='ltr'>μηδ’</span> 
     </span>
    </p>
   </div>
   <div class='ocr_carea' id='block_1_8' title="bbox 413 848 2070 930">
    <p class='ocr_par' dir='ltr' id='par_1_8' title="bbox 413 848 2070 930">
     <span class='ocr_line' id='line_1_8' title="bbox 413 848 2070 930; baseline 0.003 -26"><span class='ocrx_word' id='word_1_42' title='bbox 413 848 581 905; x_wconf 77' lang='grc' dir='ltr'>εἷ’πεῖν</span> <span class='ocrx_word' id='word_1_43' title='bbox 642 851 820 923; x_wconf 82' lang='grc' dir='ltr'>θέμις,</span> <span class='ocrx_word' id='word_1_44' title='bbox 877 855 1113 928; x_wconf 82' lang='grc' dir='ltr'><strong>μερικῶς</strong></span> <span class='ocrx_word' id='word_1_45' title='bbox 1165 854 1486 930; x_wconf 82' lang='grc' dir='ltr'><strong>ἁμαρτάνων</strong></span> <span class='ocrx_word' id='word_1_46' title='bbox 1529 854 1737 923; x_wconf 86' lang='grc' dir='ltr'>ὁΘεὸς,</span> <span class='ocrx_word' id='word_1_47' title='bbox 1793 853 1843 908; x_wconf 83' lang='grc' dir='ltr'><strong>εἷ’</strong></span> <span class='ocrx_word' id='word_1_48' title='bbox 1892 875 1952 928; x_wconf 88' lang='grc' dir='ltr'><strong>γε</strong></span> <span class='ocrx_word' id='word_1_49' title='bbox 2002 855 2070 909; x_wconf 73' lang='grc' dir='ltr'><strong>τά</strong></span> 
     </span>
    </p>
   </div>
   <div class='ocr_carea' id='block_1_9' title="bbox 418 939 2064 1020">
    <p class='ocr_par' dir='ltr' id='par_1_9' title="bbox 418 939 2064 1020">
     <span class='ocr_line' id='line_1_9' title="bbox 418 939 2064 1020; baseline 0.003 -28"><span class='ocrx_word' id='word_1_50' title='bbox 418 939 553 1014; x_wconf 82' lang='grc' dir='ltr'>μὲρη</span> <span class='ocrx_word' id='word_1_51' title='bbox 587 944 690 994; x_wconf 81' lang='grc' dir='ltr'><strong>τοῦ</strong></span> <span class='ocrx_word' id='word_1_52' title='bbox 720 940 859 996; x_wconf 84' lang='grc' dir='ltr'>ὅλου</span> <span class='ocrx_word' id='word_1_53' title='bbox 895 943 1032 1016; x_wconf 73' lang='grc' dir='ltr'>μέρη</span> <span class='ocrx_word' id='word_1_54' title='bbox 1066 941 1156 996; x_wconf 82' lang='grc' dir='ltr'><strong>καὶ</strong></span> <span class='ocrx_word' id='word_1_55' title='bbox 1211 942 1654 1020; x_wconf 72' lang='grc' dir='ltr'>συμπληρωτικὰ</span> <span class='ocrx_word' id='word_1_56' title='bbox 1682 947 1778 998; x_wconf 78' lang='grc' dir='ltr'><strong>τοῦ</strong></span> <span class='ocrx_word' id='word_1_57' title='bbox 1829 941 1984 998; x_wconf 79' lang='grc' dir='ltr'>ὅλου·</span> <span class='ocrx_word' id='word_1_58' title='bbox 2019 944 2064 998; x_wconf 86' lang='grc' dir='ltr'><strong>εἰ</strong></span> 
     </span>
    </p>
   </div>
   <div class='ocr_carea' id='block_1_10' title="bbox 416 1025 2062 1108">
    <p class='ocr_par' dir='ltr' id='par_1_10' title="bbox 416 1025 2062 1108">
     <span class='ocr_line' id='line_1_10' title="bbox 416 1025 2062 1108; baseline 0.002 -25"><span class='ocrx_word' id='word_1_59' title='bbox 416 1025 473 1083; x_wconf 77' lang='grc' dir='ltr'><strong>δὲ</strong></span> <span class='ocrx_word' id='word_1_60' title='bbox 508 1033 583 1102; x_wconf 85' lang='grc' dir='ltr'>μή</span> <span class='ocrx_word' id='word_1_61' title='bbox 621 1029 1084 1105; x_wconf 73' lang='grc' dir='ltr'><strong>συμπληρωτικὰ,</strong></span> <span class='ocrx_word' id='word_1_62' title='bbox 1147 1030 1272 1087; x_wconf 77' lang='grc' dir='ltr'>οὐδὲ</span> <span class='ocrx_word' id='word_1_63' title='bbox 1308 1033 1445 1108; x_wconf 81' lang='grc' dir='ltr'><strong>μέρη</strong></span> <span class='ocrx_word' id='word_1_64' title='bbox 1476 1031 1560 1104; x_wconf 69' lang='grc' dir='ltr'><strong>εἴη</strong></span> <span class='ocrx_word' id='word_1_65' title='bbox 1615 1031 1700 1089; x_wconf 74' lang='grc' dir='ltr'><strong>ἄν.</strong></span> <span class='ocrx_word' id='word_1_66' title='bbox 1760 1031 1935 1090; x_wconf 75' lang='grc' dir='ltr'>Ἀλλὰ</span> <span class='ocrx_word' id='word_1_67' title='bbox 1959 1033 2062 1108; x_wconf 80' lang='grc' dir='ltr'><strong>γὰρ</strong></span> 
     </span>
    </p>
   </div>
   <div class='ocr_carea' id='block_1_11' title="bbox 413 1118 2062 1197">
    <p class='ocr_par' dir='ltr' id='par_1_11' title="bbox 413 1118 2062 1197">
     <span class='ocr_line' id='line_1_11' title="bbox 413 1118 2062 1197; baseline 0.003 -24"><span class='ocrx_word' id='word_1_68' title='bbox 413 1121 566 1197; x_wconf 72' lang='grc' dir='ltr'>φύσει</span> <span class='ocrx_word' id='word_1_69' title='bbox 625 1118 892 1183; x_wconf 78' lang='grc' dir='ltr'>πλούσιος</span> <span class='ocrx_word' id='word_1_70' title='bbox 928 1119 1000 1176; x_wconf 85' lang='grc' dir='ltr'>ὣν</span> <span class='ocrx_word' id='word_1_71' title='bbox 1031 1123 1058 1176; x_wconf 89' lang='grc' dir='ltr'>ὁ</span> <span class='ocrx_word' id='word_1_72' title='bbox 1091 1123 1218 1185; x_wconf 84' lang='grc' dir='ltr'>Θεὸς</span> <span class='ocrx_word' id='word_1_73' title='bbox 1275 1121 1327 1177; x_wconf 82' lang='grc' dir='ltr'><strong>ἐν</strong></span> <span class='ocrx_word' id='word_1_74' title='bbox 1388 1123 1548 1196; x_wconf 87' lang='grc' dir='ltr'>ἐλέῳ,</span> <span class='ocrx_word' id='word_1_75' title='bbox 1609 1120 1697 1178; x_wconf 80' lang='grc' dir='ltr'><strong>διὰ</strong></span> <span class='ocrx_word' id='word_1_76' title='bbox 1743 1124 1844 1193; x_wconf 71' lang='grc' dir='ltr'>τὴν</span> <span class='ocrx_word' id='word_1_77' title='bbox 1895 1124 2062 1178; x_wconf 77' lang='grc' dir='ltr'>αὒτοῦ</span> 
     </span>
    </p>
   </div>
   <div class='ocr_carea' id='block_1_12' title="bbox 409 1207 2061 1289">
    <p class='ocr_par' dir='ltr' id='par_1_12' title="bbox 409 1207 2061 1289">
     <span class='ocr_line' id='line_1_12' title="bbox 409 1207 2061 1289; baseline 0.001 -25"><span class='ocrx_word' id='word_1_78' title='bbox 409 1209 722 1283; x_wconf 82' lang='grc' dir='ltr'>ἀγαθότητα</span> <span class='ocrx_word' id='word_1_79' title='bbox 745 1207 969 1282; x_wconf 77' lang='grc' dir='ltr'><strong>κήδεται</strong></span> <span class='ocrx_word' id='word_1_80' title='bbox 1002 1213 1186 1285; x_wconf 76' lang='grc' dir='ltr'>ἡμῶν,</span> <span class='ocrx_word' id='word_1_81' title='bbox 1222 1214 1362 1285; x_wconf 80' lang='grc' dir='ltr'>μήτε</span> <span class='ocrx_word' id='word_1_82' title='bbox 1414 1211 1618 1289; x_wconf 89' lang='grc' dir='ltr'>μορίων</span> <span class='ocrx_word' id='word_1_83' title='bbox 1671 1211 1843 1268; x_wconf 80' lang='grc' dir='ltr'>ὅντων</span> <span class='ocrx_word' id='word_1_84' title='bbox 1896 1212 2061 1268; x_wconf 79' lang='grc' dir='ltr'>αὐτοῦ</span> 
     </span>
    </p>
   </div>
   <div class='ocr_carea' id='block_1_13' title="bbox 411 1298 2062 1378">
    <p class='ocr_par' dir='ltr' id='par_1_13' title="bbox 411 1298 2062 1378">
     <span class='ocr_line' id='line_1_13' title="bbox 411 1298 2062 1378; baseline 0.002 -26"><span class='ocrx_word' id='word_1_85' title='bbox 411 1299 550 1372; x_wconf 84' lang='grc' dir='ltr'>μήτε</span> <span class='ocrx_word' id='word_1_86' title='bbox 581 1298 736 1374; x_wconf 77' lang='grc' dir='ltr'>φύσει</span> <span class='ocrx_word' id='word_1_87' title='bbox 789 1301 992 1356; x_wconf 82' lang='grc' dir='ltr'>τὲκνων</span> <span class='ocrx_word' id='word_1_88' title='bbox 1020 1343 1032 1356; x_wconf 94' lang='grc'><strong>.</strong></span> <span class='ocrx_word' id='word_1_89' title='bbox 1096 1303 1194 1357; x_wconf 77' lang='grc' dir='ltr'>Καὶ</span> <span class='ocrx_word' id='word_1_90' title='bbox 1227 1298 1294 1371; x_wconf 80' lang='grc' dir='ltr'><strong>δὴ</strong></span> <span class='ocrx_word' id='word_1_91' title='bbox 1326 1304 1361 1372; x_wconf 77' lang='grc' dir='ltr'>ἡ</span> <span class='ocrx_word' id='word_1_92' title='bbox 1396 1303 1626 1378; x_wconf 77' lang='grc' dir='ltr'><strong>μεγίστη</strong></span> <span class='ocrx_word' id='word_1_93' title='bbox 1655 1309 1757 1372; x_wconf 84' lang='grc' dir='ltr'>τῆς</span> <span class='ocrx_word' id='word_1_94' title='bbox 1782 1306 1879 1357; x_wconf 80' lang='grc' dir='ltr'><strong>τοῦ</strong></span> <span class='ocrx_word' id='word_1_95' title='bbox 1927 1305 2062 1357; x_wconf 77' lang='grc' dir='ltr'>Θεοῦ</span> 
     </span>
    </p>
   </div>
   <div class='ocr_carea' id='block_1_14' title="bbox 405 1387 2064 1468">
    <p class='ocr_par' dir='ltr' id='par_1_14' title="bbox 405 1387 2064 1468">
     <span class='ocr_line' id='line_1_14' title="bbox 405 1387 2064 1468; baseline 0.003 -26"><span class='ocrx_word' id='word_1_96' title='bbox 405 1387 742 1465; x_wconf 84' lang='grc' dir='ltr'>ἀγαθότητος</span> <span class='ocrx_word' id='word_1_97' title='bbox 777 1387 996 1462; x_wconf 78' lang='grc' dir='ltr'>ἔνδειξις</span> <span class='ocrx_word' id='word_1_98' title='bbox 1027 1390 1164 1464; x_wconf 76' lang='grc' dir='ltr'>αὕτη</span> <span class='ocrx_word' id='word_1_99' title='bbox 1196 1392 1455 1468; x_wconf 82' lang='grc' dir='ltr'><strong>τυγχάνει</strong></span> <span class='ocrx_word' id='word_1_100' title='bbox 1489 1411 1502 1422; x_wconf 90' lang='grc'><strong>·</strong></span> <span class='ocrx_word' id='word_1_101' title='bbox 1537 1392 1622 1448; x_wconf 79' lang='grc' dir='ltr'><strong>ὅτι</strong></span> <span class='ocrx_word' id='word_1_102' title='bbox 1671 1391 1842 1455; x_wconf 77' lang='grc' dir='ltr'>οὕτως</span> <span class='ocrx_word' id='word_1_103' title='bbox 1899 1391 2064 1467; x_wconf 80' lang='grc' dir='ltr'>ἐχόν-</span> 
     </span>
    </p>
   </div>
   <div class='ocr_carea' id='block_1_15' title="bbox 402 1477 2059 1559">
    <p class='ocr_par' dir='ltr' id='par_1_15' title="bbox 402 1477 2059 1559">
     <span class='ocr_line' id='line_1_15' title="bbox 402 1477 2059 1559; baseline 0.002 -27"><span class='ocrx_word' id='word_1_104' title='bbox 402 1499 512 1532; x_wconf 87' lang='grc' dir='ltr'>των</span> <span class='ocrx_word' id='word_1_105' title='bbox 565 1480 730 1552; x_wconf 82' lang='grc' dir='ltr'>ἠμῶν</span> <span class='ocrx_word' id='word_1_106' title='bbox 783 1480 921 1554; x_wconf 88' lang='grc' dir='ltr'>πρὸς</span> <span class='ocrx_word' id='word_1_107' title='bbox 978 1482 1141 1536; x_wconf 79' lang='grc' dir='ltr'>αὐτὸν</span> <span class='ocrx_word' id='word_1_108' title='bbox 1177 1526 1191 1552; x_wconf 89' lang='grc'><strong>,</strong></span> <span class='ocrx_word' id='word_1_109' title='bbox 1263 1480 1352 1537; x_wconf 83' lang='grc' dir='ltr'><strong>καὶ</strong></span> <span class='ocrx_word' id='word_1_110' title='bbox 1422 1480 1577 1559; x_wconf 61' lang='grc' dir='ltr'>φύσει</span> <span class='ocrx_word' id='word_1_111' title='bbox 1633 1477 2059 1558; x_wconf 83' lang='grc' dir='ltr'>ἀπλλοτριωμέ-</span> 
     </span>
    </p>
   </div>
   <div class='ocr_carea' id='block_1_16' title="bbox 401 1568 2059 1648">
    <p class='ocr_par' dir='ltr' id='par_1_16' title="bbox 401 1568 2059 1648">
     <span class='ocr_line' id='line_1_16' title="bbox 401 1568 2059 1648; baseline 0.002 -26"><span class='ocrx_word' id='word_1_112' title='bbox 401 1589 509 1622; x_wconf 91' lang='grc' dir='ltr'><strong>νων</strong></span> <span class='ocrx_word' id='word_1_113' title='bbox 541 1572 617 1642; x_wconf 82' lang='grc'><strong>(4)</strong></span> <span class='ocrx_word' id='word_1_114' title='bbox 649 1568 958 1643; x_wconf 76' lang='grc' dir='ltr'>παντελῶς,</span> <span class='ocrx_word' id='word_1_115' title='bbox 1018 1570 1171 1645; x_wconf 74' lang='grc' dir='ltr'>ὅμως</span> <span class='ocrx_word' id='word_1_116' title='bbox 1226 1570 1476 1644; x_wconf 84' lang='grc' dir='ltr'>κηδεται,</span> <span class='ocrx_word' id='word_1_117' title='bbox 1535 1573 1749 1642; x_wconf 83' lang='grc' dir='ltr'>Φυσικὴ</span> <span class='ocrx_word' id='word_1_118' title='bbox 1805 1573 1902 1645; x_wconf 71' lang='grc' dir='ltr'>μὲν</span> <span class='ocrx_word' id='word_1_119' title='bbox 1958 1571 2059 1648; x_wconf 76' lang='grc' dir='ltr'><strong>γὰρ</strong></span> 
     </span>
    </p>
   </div>
   <div class='ocr_carea' id='block_1_17' title="bbox 401 1658 2062 1739">
    <p class='ocr_par' dir='ltr' id='par_1_17' title="bbox 401 1658 2062 1739">
     <span class='ocr_line' id='line_1_17' title="bbox 401 1658 2062 1739; baseline 0.002 -25"><span class='ocrx_word' id='word_1_120' title='bbox 401 1660 437 1728; x_wconf 78' lang='grc' dir='ltr'><strong>ἡ</strong></span> <span class='ocrx_word' id='word_1_121' title='bbox 492 1660 632 1735; x_wconf 86' lang='grc' dir='ltr'>πρὸς</span> <span class='ocrx_word' id='word_1_122' title='bbox 691 1661 854 1715; x_wconf 73' lang='grc' dir='ltr'>τέκνα</span> <span class='ocrx_word' id='word_1_123' title='bbox 911 1658 1275 1739; x_wconf 77' lang='grc' dir='ltr'>φιλοστοργία</span> <span class='ocrx_word' id='word_1_124' title='bbox 1346 1668 1465 1727; x_wconf 81' lang='grc' dir='ltr'>τοῖς</span> <span class='ocrx_word' id='word_1_125' title='bbox 1524 1663 1686 1732; x_wconf 85' lang='grc' dir='ltr'>ζώοις</span> <span class='ocrx_word' id='word_1_126' title='bbox 1724 1709 1738 1734; x_wconf 84' lang='grc'><strong>,</strong></span> <span class='ocrx_word' id='word_1_127' title='bbox 1795 1665 1830 1734; x_wconf 75' lang='grc' dir='ltr'><strong>ἢ</strong></span> <span class='ocrx_word' id='word_1_128' title='bbox 1889 1685 1948 1718; x_wconf 83' lang='grc' dir='ltr'><strong>τε</strong></span> <span class='ocrx_word' id='word_1_129' title='bbox 2001 1662 2062 1718; x_wconf 89' lang='grc' dir='ltr'><strong>ἐκ</strong></span> 
     </span>
    </p>
   </div>
   <div class='ocr_carea' id='block_1_18' title="bbox 406 1747 2061 1830">
    <p class='ocr_par' dir='ltr' id='par_1_18' title="bbox 406 1747 2061 1830">
     <span class='ocr_line' id='line_1_18' title="bbox 406 1747 2061 1830; baseline 0.003 -28"><span class='ocrx_word' id='word_1_130' title='bbox 406 1749 694 1819; x_wconf 74' lang='grc' dir='ltr'>συνηθείας</span> <span class='ocrx_word' id='word_1_131' title='bbox 723 1755 841 1812; x_wconf 82' lang='grc' dir='ltr'>τοῖς</span> <span class='ocrx_word' id='word_1_132' title='bbox 872 1750 1233 1826; x_wconf 82' lang='grc' dir='ltr'>ὁμογνώμοσι</span> <span class='ocrx_word' id='word_1_133' title='bbox 1268 1749 1425 1830; x_wconf 79' lang='grc' dir='ltr'>φιλία</span> <span class='ocrx_word' id='word_1_134' title='bbox 1589 1756 1722 1808; x_wconf 81' lang='grc' dir='ltr'>Θεοῦ</span> <span class='ocrx_word' id='word_1_135' title='bbox 1763 1749 1820 1807; x_wconf 76' lang='grc' dir='ltr'>δὲ</span> <span class='ocrx_word' id='word_1_136' title='bbox 1850 1753 1878 1807; x_wconf 79' lang='grc' dir='ltr'>ὁ</span> <span class='ocrx_word' id='word_1_137' title='bbox 1905 1747 2061 1815; x_wconf 72' lang='grc' dir='ltr'>ἔλεος</span> 
     </span>
    </p>
   </div>
   <div class='ocr_carea' id='block_1_19' title="bbox 406 1838 2061 1916">
    <p class='ocr_par' dir='ltr' id='par_1_19' title="bbox 406 1838 2061 1916">
     <span class='ocr_line' id='line_1_19' title="bbox 406 1838 2061 1916; baseline 0.003 -24"><span class='ocrx_word' id='word_1_138' title='bbox 406 1838 482 1900; x_wconf 85' lang='grc' dir='ltr'><strong>είς</strong></span> <span class='ocrx_word' id='word_1_139' title='bbox 512 1841 662 1911; x_wconf 81' lang='grc' dir='ltr'>ἡμᾶς</span> <span class='ocrx_word' id='word_1_140' title='bbox 693 1839 979 1902; x_wconf 83' lang='grc' dir='ltr'>πλουσίως</span> <span class='ocrx_word' id='word_1_141' title='bbox 1013 1844 1105 1913; x_wconf 73' lang='grc'><strong>(6),</strong></span> <span class='ocrx_word' id='word_1_142' title='bbox 1149 1841 1276 1904; x_wconf 83' lang='grc' dir='ltr'>τοὺς</span> <span class='ocrx_word' id='word_1_143' title='bbox 1324 1842 1460 1898; x_wconf 84' lang='grc' dir='ltr'>κατᾶ</span> <span class='ocrx_word' id='word_1_144' title='bbox 1493 1839 1664 1916; x_wconf 77' lang='grc' dir='ltr'>μηδὲν</span> <span class='ocrx_word' id='word_1_145' title='bbox 1697 1841 1845 1914; x_wconf 82' lang='grc' dir='ltr'><strong>αὐτῷ</strong></span> <span class='ocrx_word' id='word_1_146' title='bbox 1887 1863 2061 1916; x_wconf 85' lang='grc' dir='ltr'>προσ-</span> 
     </span>
    </p>
   </div>
   <div class='ocr_carea' id='block_1_20' title="bbox 403 1928 2138 2041">
    <p class='ocr_par' dir='ltr' id='par_1_20' title="bbox 403 1928 2138 2041">
     <span class='ocr_line' id='line_1_20' title="bbox 403 1928 2138 2041; baseline 0.003 -59"><span class='ocrx_word' id='word_1_147' title='bbox 403 1929 659 2041; x_wconf 49' lang='grc' dir='ltr'>ήξιοντας,</span> <span class='ocrx_word' id='word_1_148' title='bbox 692 1928 728 1999; x_wconf 75' lang='grc' dir='ltr'><strong>ἢ</strong></span> <span class='ocrx_word' id='word_1_149' title='bbox 767 1928 925 2002; x_wconf 78' lang='grc' dir='ltr'>οὐσίᾳ</span> <span class='ocrx_word' id='word_1_150' title='bbox 971 1932 1132 2003; x_wconf 81' lang='grc' dir='ltr'>ἡμῶν</span> <span class='ocrx_word' id='word_1_151' title='bbox 1185 1930 1358 2006; x_wconf 72' lang='grc' dir='ltr'>λέγω,</span> <span class='ocrx_word' id='word_1_152' title='bbox 1389 1931 1425 2001; x_wconf 75' lang='grc' dir='ltr'><strong>ἢ</strong></span> <span class='ocrx_word' id='word_1_153' title='bbox 1459 1933 1634 2010; x_wconf 74' lang='grc' dir='ltr'>φύσει,</span> <span class='ocrx_word' id='word_1_154' title='bbox 1666 1934 1700 2003; x_wconf 81' lang='grc' dir='ltr'><strong>ἢ</strong></span> <span class='ocrx_word' id='word_1_155' title='bbox 1735 1929 1958 2005; x_wconf 77' lang='grc' dir='ltr'>δυνάμει</span> <span class='ocrx_word' id='word_1_156' title='bbox 1989 1937 2057 2007; x_wconf 77' lang='grc' dir='ltr'><strong>τῇ</strong></span> <span class='ocrx_word' id='word_1_157' title='bbox 2089 1975 2138 2041; x_wconf 83' lang='lat' dir='ltr'><strong>B</strong></span> 
     </span>
    </p>
   </div>
   <div class='ocr_carea' id='block_1_21' title="bbox 403 2016 2061 2098">
    <p class='ocr_par' dir='ltr' id='par_1_21' title="bbox 403 2016 2061 2098">
     <span class='ocr_line' id='line_1_21' title="bbox 403 2016 2061 2098; baseline 0.003 -27"><span class='ocrx_word' id='word_1_158' title='bbox 403 2016 579 2092; x_wconf 78' lang='grc' dir='ltr'>οἰκείᾳ</span> <span class='ocrx_word' id='word_1_159' title='bbox 606 2025 706 2089; x_wconf 84' lang='grc' dir='ltr'><strong>τῆς</strong></span> <span class='ocrx_word' id='word_1_160' title='bbox 741 2019 926 2082; x_wconf 76' lang='grc' dir='ltr'>οὖσίας</span> <span class='ocrx_word' id='word_1_161' title='bbox 959 2021 1141 2094; x_wconf 80' lang='grc' dir='ltr'>ἡμῶν·</span> <span class='ocrx_word' id='word_1_162' title='bbox 1181 2021 1332 2096; x_wconf 86' lang='grc' dir='ltr'>μόνῳ</span> <span class='ocrx_word' id='word_1_163' title='bbox 1358 2019 1415 2078; x_wconf 73' lang='grc' dir='ltr'><strong>δὶ</strong></span> <span class='ocrx_word' id='word_1_164' title='bbox 1465 2025 1545 2094; x_wconf 80' lang='grc' dir='ltr'><strong>τῷ</strong></span> <span class='ocrx_word' id='word_1_165' title='bbox 1576 2018 1734 2098; x_wconf 73' lang='grc' dir='ltr'>ἔργον</span> <span class='ocrx_word' id='word_1_166' title='bbox 1777 2024 1914 2076; x_wconf 83' lang='grc' dir='ltr'>εἶναι</span> <span class='ocrx_word' id='word_1_167' title='bbox 1963 2026 2061 2077; x_wconf 80' lang='grc' dir='ltr'><strong>τοῦ</strong></span> 
     </span>
    </p>
   </div>
   <div class='ocr_carea' id='block_1_22' title="bbox 404 2107 2066 2184">
    <p class='ocr_par' dir='ltr' id='par_1_22' title="bbox 404 2107 2066 2184">
     <span class='ocr_line' id='line_1_22' title="bbox 404 2107 2066 2184; baseline 0.003 -22"><span class='ocrx_word' id='word_1_168' title='bbox 404 2107 720 2181; x_wconf 83' lang='grc' dir='ltr'>Θελήματος</span> <span class='ocrx_word' id='word_1_169' title='bbox 751 2109 943 2166; x_wconf 78' lang='grc' dir='ltr'>αὐτοῦ·</span> <span class='ocrx_word' id='word_1_170' title='bbox 989 2110 1080 2166; x_wconf 84' lang='grc' dir='ltr'><strong>καὶ</strong></span> <span class='ocrx_word' id='word_1_171' title='bbox 1113 2109 1180 2179; x_wconf 79' lang='grc' dir='ltr'><strong>δὴ</strong></span> <span class='ocrx_word' id='word_1_172' title='bbox 1211 2112 1304 2166; x_wconf 86' lang='grc' dir='ltr'>τὸν</span> <span class='ocrx_word' id='word_1_173' title='bbox 1336 2111 1528 2167; x_wconf 73' lang='grc' dir='ltr'>ἑκόντα</span> <span class='ocrx_word' id='word_1_174' title='bbox 1589 2110 1726 2184; x_wconf 74' lang='grc' dir='ltr'>μετὰ</span> <span class='ocrx_word' id='word_1_175' title='bbox 1781 2113 2066 2182; x_wconf 84' lang='grc' dir='ltr'>ἀσκήσεως</span> 
     </span>
    </p>
   </div>
   <div class='ocr_carea' id='block_1_23' title="bbox 403 2195 2062 2276">
    <p class='ocr_par' dir='ltr' id='par_1_23' title="bbox 403 2195 2062 2276">
     <span class='ocr_line' id='line_1_23' title="bbox 403 2195 2062 2276; baseline 0.003 -25"><span class='ocrx_word' id='word_1_176' title='bbox 403 2195 492 2252; x_wconf 82' lang='grc' dir='ltr'>καί</span> <span class='ocrx_word' id='word_1_177' title='bbox 525 2195 883 2262; x_wconf 80' lang='grc' dir='ltr'>διδασκαλίας</span> <span class='ocrx_word' id='word_1_178' title='bbox 921 2201 1021 2270; x_wconf 81' lang='grc' dir='ltr'><strong>τήν</strong></span> <span class='ocrx_word' id='word_1_179' title='bbox 1079 2204 1278 2274; x_wconf 83' lang='grc' dir='ltr'>γνῶσιν</span> <span class='ocrx_word' id='word_1_180' title='bbox 1332 2207 1436 2270; x_wconf 81' lang='grc' dir='ltr'><strong>τῆς</strong></span> <span class='ocrx_word' id='word_1_181' title='bbox 1488 2198 1750 2272; x_wconf 81' lang='grc' dir='ltr'>ἀληθείας</span> <span class='ocrx_word' id='word_1_182' title='bbox 1781 2198 2062 2276; x_wconf 76' lang='grc' dir='ltr'>ἐπανῃρη-</span> 
     </span>
    </p>
   </div>
   <div class='ocr_carea' id='block_1_24' title="bbox 405 2287 2061 2366">
    <p class='ocr_par' dir='ltr' id='par_1_24' title="bbox 405 2287 2061 2366">
     <span class='ocr_line' id='line_1_24' title="bbox 405 2287 2061 2366; baseline 0.002 -25"><span class='ocrx_word' id='word_1_183' title='bbox 405 2288 564 2359; x_wconf 75' lang='grc' dir='ltr'>μένον</span> <span class='ocrx_word' id='word_1_184' title='bbox 615 2287 692 2351; x_wconf 83' lang='grc' dir='ltr'><strong>εἰς</strong></span> <span class='ocrx_word' id='word_1_185' title='bbox 737 2288 1006 2344; x_wconf 75' lang='grc' dir='ltr'>υἱοθεσίαν</span> <span class='ocrx_word' id='word_1_186' title='bbox 1051 2288 1232 2360; x_wconf 82' lang='grc' dir='ltr'>καλεῖ,</span> <span class='ocrx_word' id='word_1_187' title='bbox 1259 2291 1358 2360; x_wconf 81' lang='grc' dir='ltr'><strong>τήν</strong></span> <span class='ocrx_word' id='word_1_188' title='bbox 1404 2290 1662 2366; x_wconf 88' lang='grc' dir='ltr'>μεγίστην</span> <span class='ocrx_word' id='word_1_189' title='bbox 1693 2295 1876 2345; x_wconf 80' lang='grc' dir='ltr'>πασῶν</span> <span class='ocrx_word' id='word_1_190' title='bbox 1924 2311 2061 2365; x_wconf 83' lang='grc' dir='ltr'>προ-</span> 
     </span>
    </p>
   </div>
   <div class='ocr_carea' id='block_1_25' title="bbox 396 2377 2062 2456">
    <p class='ocr_par' dir='ltr' id='par_1_25' title="bbox 396 2377 2062 2456">
     <span class='ocr_line' id='line_1_25' title="bbox 396 2377 2062 2456; baseline 0.002 -25"><span class='ocrx_word' id='word_1_191' title='bbox 396 2380 598 2449; x_wconf 89' lang='grc' dir='ltr'>κοπήν.</span> <span class='ocrx_word' id='word_1_192' title='bbox 656 2379 999 2454; x_wconf 72' lang='grc' dir='ltr'>Παρανομίαι</span> <span class='ocrx_word' id='word_1_193' title='bbox 1034 2378 1091 2435; x_wconf 79' lang='grc' dir='ltr'><strong>δὲ</strong></span> <span class='ocrx_word' id='word_1_194' title='bbox 1121 2377 1289 2456; x_wconf 77' lang='grc' dir='ltr'>ἄνδρα</span> <span class='ocrx_word' id='word_1_195' title='bbox 1337 2380 1661 2456; x_wconf 74' lang='grc' dir='ltr'>ἀγορεύουσι</span> <span class='ocrx_word' id='word_1_196' title='bbox 1855 2384 2062 2454; x_wconf 79' lang='grc' dir='ltr'>σειραῖς</span> 
     </span>
    </p>
   </div>
   <div class='ocr_carea' id='block_1_26' title="bbox 396 2463 2057 2545">
    <p class='ocr_par' dir='ltr' id='par_1_26' title="bbox 396 2463 2057 2545">
     <span class='ocr_line' id='line_1_26' title="bbox 396 2463 2054 2524; baseline 0.002 -3"><span class='ocrx_word' id='word_1_197' title='bbox 396 2463 453 2521; x_wconf 72' lang='grc'><strong>8⁵·</strong></span> <span class='ocrx_word' id='word_1_198' title='bbox 549 2471 602 2506; x_wconf 73' lang='grc'><strong>”’·</strong></span> <span class='ocrx_word' id='word_1_199' title='bbox 678 2469 702 2523; x_wconf 76' lang='grc' dir='ltr'>ἒ</span> <span class='ocrx_word' id='word_1_200' title='bbox 842 2473 867 2504; x_wconf 57' lang='grc' dir='ltr'>τ</span> <span class='ocrx_word' id='word_1_201' title='bbox 929 2471 961 2524; x_wconf 82' lang='grc' dir='ltr'>ἁ</span> <span class='ocrx_word' id='word_1_202' title='bbox 1144 2475 1171 2486; x_wconf 76' lang='grc'><em>”</em></span> <span class='ocrx_word' id='word_1_203' title='bbox 1271 2466 1298 2524; x_wconf 73' lang='grc' dir='ltr'><strong>ἐ</strong></span> <span class='ocrx_word' id='word_1_204' title='bbox 1651 2469 1664 2523; x_wconf 87' lang='grc' dir='ltr'><strong>ί</strong></span> <span class='ocrx_word' id='word_1_205' title='bbox 2040 2469 2054 2508; x_wconf 59' lang='grc'>³</span> 
     </span>
     <span class='ocr_line' id='line_1_27' title="bbox 432 2489 2057 2545; baseline 0.001 -24"><span class='ocrx_word' id='word_1_206' title='bbox 432 2501 456 2521; x_wconf 72' lang='grc' dir='ltr'><strong>ο</strong></span> <span class='ocrx_word' id='word_1_207' title='bbox 511 2489 618 2522; x_wconf 59' lang='grc' dir='ltr'><strong>των</strong></span> <span class='ocrx_word' id='word_1_208' title='bbox 706 2490 871 2524; x_wconf 76' lang='grc' dir='ltr'>αυτου</span> <span class='ocrx_word' id='word_1_209' title='bbox 969 2491 1212 2545; x_wconf 83' lang='grc' dir='ltr'>μαρτιων</span> <span class='ocrx_word' id='word_1_210' title='bbox 1300 2491 1498 2525; x_wconf 82' lang='grc' dir='ltr'>καστος</span> <span class='ocrx_word' id='word_1_211' title='bbox 1571 2491 1640 2544; x_wconf 81' lang='grc' dir='ltr'><strong>σφ</strong></span> <span class='ocrx_word' id='word_1_212' title='bbox 1668 2491 1856 2545; x_wconf 87' lang='grc' dir='ltr'>γγεται</span> <span class='ocrx_word' id='word_1_213' title='bbox 1895 2514 1910 2540; x_wconf 83' lang='grc'><strong>,</strong></span> <span class='ocrx_word' id='word_1_214' title='bbox 1965 2490 2057 2524; x_wconf 81' lang='grc' dir='ltr'><strong>κα.</strong></span> 
     </span>
    </p>
   </div>
   <div class='ocr_carea' id='block_1_27' title="bbox 396 2551 2058 2636">
    <p class='ocr_par' dir='ltr' id='par_1_27' title="bbox 396 2551 2058 2636">
     <span class='ocr_line' id='line_1_28' title="bbox 396 2551 2058 2636; baseline 0.001 -25"><span class='ocrx_word' id='word_1_215' title='bbox 396 2551 537 2613; x_wconf 72' lang='grc' dir='ltr'>ἔστιν</span> <span class='ocrx_word' id='word_1_216' title='bbox 597 2559 624 2612; x_wconf 84' lang='grc' dir='ltr'>ὁ</span> <span class='ocrx_word' id='word_1_217' title='bbox 676 2558 807 2620; x_wconf 87' lang='grc' dir='ltr'>Θεὸς</span> <span class='ocrx_word' id='word_1_218' title='bbox 867 2559 1109 2623; x_wconf 87' lang='grc' dir='ltr'>ἀναίτιος</span> <span class='ocrx_word' id='word_1_219' title='bbox 1168 2562 1272 2633; x_wconf 89' lang='grc'><strong>(8)·</strong></span> <span class='ocrx_word' id='word_1_220' title='bbox 1335 2559 1425 2614; x_wconf 83' lang='grc' dir='ltr'><strong>καὶ</strong></span> <span class='ocrx_word' id='word_1_221' title='bbox 1481 2564 1563 2632; x_wconf 75' lang='grc' dir='ltr'>τῷ</span> <span class='ocrx_word' id='word_1_222' title='bbox 1619 2555 1734 2615; x_wconf 73' lang='grc' dir='ltr'>ὄντι</span> <span class='ocrx_word' id='word_1_223' title='bbox 1791 2560 2058 2636; x_wconf 86' lang='grc' dir='ltr'>μακάριος</span> 
     </span>
    </p>
   </div>
   <div class='ocr_carea' id='block_1_28' title="bbox 395 2644 1680 2721">
    <p class='ocr_par' dir='ltr' id='par_1_28' title="bbox 395 2644 1680 2721">
     <span class='ocr_line' id='line_1_29' title="bbox 395 2644 1680 2721; baseline 0.003 -21"><span class='ocrx_word' id='word_1_224' title='bbox 395 2646 553 2721; x_wconf 75' lang='grc' dir='ltr'>ἀνὴρ,</span> <span class='ocrx_word' id='word_1_225' title='bbox 586 2647 647 2712; x_wconf 82' lang='grc' dir='ltr'>ὃς</span> <span class='ocrx_word' id='word_1_226' title='bbox 674 2651 1040 2719; x_wconf 83' lang='grc' dir='ltr'>καταπτήσσει</span> <span class='ocrx_word' id='word_1_227' title='bbox 1073 2648 1244 2704; x_wconf 87' lang='grc' dir='ltr'>πάντα</span> <span class='ocrx_word' id='word_1_228' title='bbox 1267 2646 1339 2704; x_wconf 84' lang='grc' dir='ltr'><strong>δι’</strong></span> <span class='ocrx_word' id='word_1_229' title='bbox 1369 2644 1680 2718; x_wconf 78' lang='grc' dir='ltr'>εὐλάϐειαν,</span> 
     </span>
    </p>
   </div>
   <div class='ocr_carea' id='block_1_29' title="bbox 2181 667 3841 742">
    <p class='ocr_par' dir='ltr' id='par_1_29' title="bbox 2181 667 3841 742">
     <span class='ocr_line' id='line_1_30' title="bbox 2181 667 3841 742; baseline -0.005 -12"><span class='ocrx_word' id='word_1_230' title='bbox 2181 672 2679 730; x_wconf 90' lang='lat' dir='ltr'><strong>materiafecerit:</strong></span> <span class='ocrx_word' id='word_1_231' title='bbox 2701 669 3184 742; x_wconf 83' lang='lat' dir='ltr'><strong>quandoquidem</strong></span> <span class='ocrx_word' id='word_1_232' title='bbox 3201 668 3351 724; x_wconf 91' lang='lat' dir='ltr'><strong>illud</strong></span> <span class='ocrx_word' id='word_1_233' title='bbox 3365 667 3608 738; x_wconf 85' lang='lat' dir='ltr'><strong>quidem</strong></span> <span class='ocrx_word' id='word_1_234' title='bbox 3623 683 3697 722; x_wconf 91' lang='lat' dir='ltr'><strong>ne</strong></span> <span class='ocrx_word' id='word_1_235' title='bbox 3713 684 3841 722; x_wconf 85' lang='lat' dir='ltr'><strong>om-</strong></span> 
     </span>
    </p>
   </div>
   <div class='ocr_carea' id='block_1_30' title="bbox 2181 756 3841 835">
    <p class='ocr_par' dir='ltr' id='par_1_30' title="bbox 2181 756 3841 835">
     <span class='ocr_line' id='line_1_31' title="bbox 2181 756 3841 835; baseline -0.005 -16"><span class='ocrx_word' id='word_1_236' title='bbox 2181 765 2323 819; x_wconf 92' lang='lat' dir='ltr'><strong>nino</strong></span> <span class='ocrx_word' id='word_1_237' title='bbox 2356 763 2600 835; x_wconf 86' lang='lat' dir='ltr'><strong>quidem</strong></span> <span class='ocrx_word' id='word_1_238' title='bbox 2630 766 2738 829; x_wconf 88' lang='lat' dir='ltr'><strong>est,</strong></span> <span class='ocrx_word' id='word_1_239' title='bbox 2772 761 2898 815; x_wconf 64' lang='lat' dir='ltr'><strong>haec</strong></span> <span class='ocrx_word' id='word_1_240' title='bbox 2915 777 3049 814; x_wconf 87' lang='lat' dir='ltr'><strong>vero</strong></span> <span class='ocrx_word' id='word_1_241' title='bbox 3067 763 3207 814; x_wconf 89' lang='lat' dir='ltr'><strong>esta</strong></span> <span class='ocrx_word' id='word_1_242' title='bbox 3237 760 3354 813; x_wconf 91' lang='lat' dir='ltr'><strong>Deo</strong></span> <span class='ocrx_word' id='word_1_243' title='bbox 3378 757 3611 812; x_wconf 88' lang='lat' dir='ltr'><strong>diversa</strong></span> <span class='ocrx_word' id='word_1_244' title='bbox 3633 756 3693 810; x_wconf 90' lang='lat' dir='ltr'><strong>in</strong></span> <span class='ocrx_word' id='word_1_245' title='bbox 3717 773 3841 812; x_wconf 84' lang='lat' dir='ltr'><strong>om-</strong></span> 
     </span>
    </p>
   </div>
   <div class='ocr_carea' id='block_1_31' title="bbox 2180 845 3838 922">
    <p class='ocr_par' dir='ltr' id='par_1_31' title="bbox 2180 845 3838 922">
     <span class='ocr_line' id='line_1_32' title="bbox 2180 845 3838 922; baseline -0.005 -14"><span class='ocrx_word' id='word_1_246' title='bbox 2180 855 2378 920; x_wconf 89' lang='lat' dir='ltr'><strong>nibus;</strong></span> <span class='ocrx_word' id='word_1_247' title='bbox 2398 852 2514 907; x_wconf 90' lang='lat' dir='ltr'><strong>nisi</strong></span> <span class='ocrx_word' id='word_1_248' title='bbox 2529 852 2663 922; x_wconf 84' lang='lat' dir='ltr'><strong>quis</strong></span> <span class='ocrx_word' id='word_1_249' title='bbox 2677 867 2785 905; x_wconf 92' lang='lat' dir='ltr'><strong>nos</strong></span> <span class='ocrx_word' id='word_1_250' title='bbox 2799 850 2849 922; x_wconf 87' lang='lat' dir='ltr'><strong>ej</strong></span> <span class='ocrx_word' id='word_1_251' title='bbox 2861 867 2929 904; x_wconf 92' lang='lat' dir='ltr'><strong>us</strong></span> <span class='ocrx_word' id='word_1_252' title='bbox 2945 851 3400 920; x_wconf 90' lang='lat' dir='ltr'><strong>essepartem,et</strong></span> <span class='ocrx_word' id='word_1_253' title='bbox 3413 845 3684 918; x_wconf 86' lang='lat' dir='ltr'><strong>ejusdem</strong></span> <span class='ocrx_word' id='word_1_254' title='bbox 3701 863 3838 901; x_wconf 89' lang='lat' dir='ltr'><strong>cum</strong></span> 
     </span>
    </p>
   </div>
   <div class='ocr_carea' id='block_1_32' title="bbox 2180 935 3836 1006">
    <p class='ocr_par' dir='ltr' id='par_1_32' title="bbox 2180 935 3836 1006">
     <span class='ocr_line' id='line_1_33' title="bbox 2180 935 3836 1006; baseline -0.005 -8"><span class='ocrx_word' id='word_1_255' title='bbox 2180 945 2297 998; x_wconf 92' lang='lat' dir='ltr'><strong>Deo</strong></span> <span class='ocrx_word' id='word_1_256' title='bbox 2329 944 2602 998; x_wconf 84' lang='lat' dir='ltr'><strong>essentiae</strong></span> <span class='ocrx_word' id='word_1_257' title='bbox 2635 940 2793 996; x_wconf 87' lang='lat' dir='ltr'><strong>ausit</strong></span> <span class='ocrx_word' id='word_1_258' title='bbox 2820 939 3037 994; x_wconf 84' lang='lat' dir='ltr'><strong>dicere.</strong></span> <span class='ocrx_word' id='word_1_259' title='bbox 3071 937 3278 993; x_wconf 87' lang='lat' dir='ltr'><strong>Nescio</strong></span> <span class='ocrx_word' id='word_1_260' title='bbox 3305 942 3504 992; x_wconf 80' lang='lat' dir='ltr'><strong>autem</strong></span> <span class='ocrx_word' id='word_1_261' title='bbox 3537 935 3836 1006; x_wconf 89' lang='lat' dir='ltr'><strong>quomodo</strong></span> 
     </span>
    </p>
   </div>
   <div class='ocr_carea' id='block_1_33' title="bbox 2179 1027 3836 1106">
    <p class='ocr_par' dir='ltr' id='par_1_33' title="bbox 2179 1027 3836 1106">
     <span class='ocr_line' id='line_1_34' title="bbox 2179 1027 3836 1106; baseline -0.005 -17"><span class='ocrx_word' id='word_1_262' title='bbox 2179 1035 2333 1106; x_wconf 89' lang='lat' dir='ltr'><strong>quis,</strong></span> <span class='ocrx_word' id='word_1_263' title='bbox 2350 1035 2449 1106; x_wconf 90' lang='lat' dir='ltr'><strong>qui</strong></span> <span class='ocrx_word' id='word_1_264' title='bbox 2465 1035 2649 1088; x_wconf 92' lang='lat' dir='ltr'><strong>Deum</strong></span> <span class='ocrx_word' id='word_1_265' title='bbox 2673 1033 2850 1099; x_wconf 87' lang='lat' dir='ltr'><strong>novit,</strong></span> <span class='ocrx_word' id='word_1_266' title='bbox 2870 1047 3038 1101; x_wconf 70' lang='lat' dir='ltr'><strong>aequo</strong></span> <span class='ocrx_word' id='word_1_267' title='bbox 3053 1029 3116 1093; x_wconf 75' lang='lat' dir='ltr'><strong>&gt;X&lt;</strong></span> <span class='ocrx_word' id='word_1_268' title='bbox 3132 1030 3245 1084; x_wconf 92' lang='lat' dir='ltr'><strong>hoc</strong></span> <span class='ocrx_word' id='word_1_269' title='bbox 3257 1029 3464 1084; x_wconf 89' lang='lat' dir='ltr'><strong>audire</strong></span> <span class='ocrx_word' id='word_1_270' title='bbox 3484 1027 3682 1083; x_wconf 89' lang='lat' dir='ltr'><strong>animo</strong></span> <span class='ocrx_word' id='word_1_271' title='bbox 3700 1044 3836 1098; x_wconf 89' lang='lat' dir='ltr'><strong>pos-</strong></span> 
     </span>
    </p>
   </div>
   <div class='ocr_carea' id='block_1_34' title="bbox 2178 1119 3838 1195">
    <p class='ocr_par' dir='ltr' id='par_1_34' title="bbox 2178 1119 3838 1195">
     <span class='ocr_line' id='line_1_35' title="bbox 2178 1119 3838 1195; baseline -0.006 -16"><span class='ocrx_word' id='word_1_272' title='bbox 2178 1125 2273 1192; x_wconf 91' lang='lat' dir='ltr'><strong>sit,</strong></span> <span class='ocrx_word' id='word_1_273' title='bbox 2292 1125 2339 1179; x_wconf 90' lang='lat' dir='ltr'><strong>si</strong></span> <span class='ocrx_word' id='word_1_274' title='bbox 2356 1124 2682 1195; x_wconf 87' lang='lat' dir='ltr'><strong>respiciens</strong></span> <span class='ocrx_word' id='word_1_275' title='bbox 2699 1123 2772 1178; x_wconf 90' lang='lat' dir='ltr'><strong>ad</strong></span> <span class='ocrx_word' id='word_1_276' title='bbox 2791 1127 3055 1176; x_wconf 90' lang='lat' dir='ltr'><strong>nostram</strong></span> <span class='ocrx_word' id='word_1_277' title='bbox 3073 1121 3272 1186; x_wconf 89' lang='lat' dir='ltr'><strong>vitam,</strong></span> <span class='ocrx_word' id='word_1_278' title='bbox 3290 1119 3350 1173; x_wconf 93' lang='lat' dir='ltr'><strong>in</strong></span> <span class='ocrx_word' id='word_1_279' title='bbox 3370 1122 3515 1190; x_wconf 91' lang='lat' dir='ltr'><strong>quot</strong></span> <span class='ocrx_word' id='word_1_280' title='bbox 3532 1133 3838 1173; x_wconf 84' lang='lat' dir='ltr'><strong>versemur</strong></span> 
     </span>
    </p>
   </div>
   <div class='ocr_carea' id='block_1_35' title="bbox 2175 1207 3838 1282">
    <p class='ocr_par' dir='ltr' id='par_1_35' title="bbox 2175 1207 3838 1282">
     <span class='ocr_line' id='line_1_36' title="bbox 2175 1207 3838 1282; baseline -0.006 -13"><span class='ocrx_word' id='word_1_281' title='bbox 2175 1215 2374 1282; x_wconf 89' lang='lat' dir='ltr'><strong>malis,</strong></span> <span class='ocrx_word' id='word_1_282' title='bbox 2408 1213 2761 1269; x_wconf 86' lang='lat' dir='ltr'><strong>consideret.</strong></span> <span class='ocrx_word' id='word_1_283' title='bbox 2801 1213 2893 1267; x_wconf 91' lang='lat' dir='ltr'><strong>Sic</strong></span> <span class='ocrx_word' id='word_1_284' title='bbox 2919 1211 3101 1278; x_wconf 93' lang='lat' dir='ltr'><strong>enim,</strong></span> <span class='ocrx_word' id='word_1_285' title='bbox 3137 1209 3295 1282; x_wconf 92' lang='lat' dir='ltr'><strong>quod</strong></span> <span class='ocrx_word' id='word_1_286' title='bbox 3320 1209 3488 1264; x_wconf 85' lang='lat' dir='ltr'><strong>nefas</strong></span> <span class='ocrx_word' id='word_1_287' title='bbox 3519 1213 3609 1263; x_wconf 90' lang='lat' dir='ltr'><strong>est</strong></span> <span class='ocrx_word' id='word_1_288' title='bbox 3639 1207 3838 1261; x_wconf 90' lang='lat' dir='ltr'><strong>dicere</strong></span> 
     </span>
    </p>
   </div>
   <div class='ocr_carea' id='block_1_36' title="bbox 2176 1295 3836 1376">
    <p class='ocr_par' dir='ltr' id='par_1_36' title="bbox 2176 1295 3836 1376">
     <span class='ocr_line' id='line_1_37' title="bbox 2176 1295 3836 1376; baseline -0.006 -16"><span class='ocrx_word' id='word_1_289' title='bbox 2176 1306 2330 1360; x_wconf 85' lang='lat' dir='ltr'><strong>Deus</strong></span> <span class='ocrx_word' id='word_1_290' title='bbox 2358 1309 2634 1376; x_wconf 86' lang='lat' dir='ltr'><strong>peccaret</strong></span> <span class='ocrx_word' id='word_1_291' title='bbox 2671 1304 2733 1358; x_wconf 94' lang='lat' dir='ltr'><strong>in</strong></span> <span class='ocrx_word' id='word_1_292' title='bbox 2782 1301 3139 1374; x_wconf 90' lang='lat' dir='ltr'><strong>quibusdam</strong></span> <span class='ocrx_word' id='word_1_293' title='bbox 3193 1299 3482 1372; x_wconf 89' lang='lat' dir='ltr'><strong>partibus,</strong></span> <span class='ocrx_word' id='word_1_294' title='bbox 3534 1295 3836 1368; x_wconf 89' lang='lat' dir='ltr'><strong>siquidem</strong></span> 
     </span>
    </p>
   </div>
   <div class='ocr_carea' id='block_1_37' title="bbox 2173 1385 3839 1465">
    <p class='ocr_par' dir='ltr' id='par_1_37' title="bbox 2173 1385 3839 1465">
     <span class='ocr_line' id='line_1_38' title="bbox 2173 1385 3839 1465; baseline -0.007 -16"><span class='ocrx_word' id='word_1_295' title='bbox 2173 1388 2372 1465; x_wconf 88' lang='lat' dir='ltr'><strong>partes</strong></span> <span class='ocrx_word' id='word_1_296' title='bbox 2405 1400 2546 1450; x_wconf 92' lang='lat' dir='ltr'><strong>sunt</strong></span> <span class='ocrx_word' id='word_1_297' title='bbox 2575 1393 2757 1448; x_wconf 81' lang='lat' dir='ltr'><strong>totius</strong></span> <span class='ocrx_word' id='word_1_298' title='bbox 2786 1397 3006 1464; x_wconf 90' lang='lat' dir='ltr'><strong>partes,</strong></span> <span class='ocrx_word' id='word_1_299' title='bbox 3037 1396 3094 1448; x_wconf 93' lang='lat' dir='ltr'><strong>et</strong></span> <span class='ocrx_word' id='word_1_300' title='bbox 3123 1395 3312 1445; x_wconf 89' lang='lat' dir='ltr'><strong>totum</strong></span> <span class='ocrx_word' id='word_1_301' title='bbox 3358 1387 3680 1460; x_wconf 89' lang='lat' dir='ltr'><strong>complent.</strong></span> <span class='ocrx_word' id='word_1_302' title='bbox 3731 1385 3839 1439; x_wconf 88' lang='lat' dir='ltr'><strong>Sin</strong></span> 
     </span>
    </p>
   </div>
   <div class='ocr_carea' id='block_1_38' title="bbox 2173 1475 3840 1556">
    <p class='ocr_par' dir='ltr' id='par_1_38' title="bbox 2173 1475 3840 1556">
     <span class='ocr_line' id='line_1_39' title="bbox 2173 1475 3840 1556; baseline -0.007 -17"><span class='ocrx_word' id='word_1_303' title='bbox 2173 1490 2371 1539; x_wconf 90' lang='lat' dir='ltr'><strong>autem</strong></span> <span class='ocrx_word' id='word_1_304' title='bbox 2399 1501 2521 1539; x_wconf 90' lang='lat' dir='ltr'><strong>non</strong></span> <span class='ocrx_word' id='word_1_305' title='bbox 2553 1483 2874 1556; x_wconf 90' lang='lat' dir='ltr'><strong>complent,</strong></span> <span class='ocrx_word' id='word_1_306' title='bbox 2922 1498 2998 1536; x_wconf 90' lang='lat' dir='ltr'><strong>ne</strong></span> <span class='ocrx_word' id='word_1_307' title='bbox 3047 1485 3245 1553; x_wconf 89' lang='lat' dir='ltr'><strong>partes</strong></span> <span class='ocrx_word' id='word_1_308' title='bbox 3292 1479 3536 1550; x_wconf 91' lang='lat' dir='ltr'><strong>quidem</strong></span> <span class='ocrx_word' id='word_1_309' title='bbox 3584 1475 3840 1531; x_wconf 84' lang='lat' dir='ltr'><strong>fuerint.</strong></span> 
     </span>
    </p>
   </div>
   <div class='ocr_carea' id='block_1_39' title="bbox 2173 1565 3836 1628">
    <p class='ocr_par' dir='ltr' id='par_1_39' title="bbox 2173 1565 3836 1628">
     <span class='ocr_line' id='line_1_40' title="bbox 2173 1565 3836 1628; baseline -0.005 -2"><span class='ocrx_word' id='word_1_310' title='bbox 2173 1574 2388 1628; x_wconf 90' lang='lat' dir='ltr'><strong>Verum</strong></span> <span class='ocrx_word' id='word_1_311' title='bbox 2407 1574 2567 1628; x_wconf 88' lang='lat' dir='ltr'><strong>enim</strong></span> <span class='ocrx_word' id='word_1_312' title='bbox 2587 1590 2722 1628; x_wconf 89' lang='lat' dir='ltr'><strong>vero</strong></span> <span class='ocrx_word' id='word_1_313' title='bbox 2742 1589 2877 1628; x_wconf 89' lang='lat' dir='ltr'><strong>cum</strong></span> <span class='ocrx_word' id='word_1_314' title='bbox 2898 1576 3114 1626; x_wconf 89' lang='lat' dir='ltr'><strong>natura</strong></span> <span class='ocrx_word' id='word_1_315' title='bbox 3137 1571 3290 1625; x_wconf 91' lang='lat' dir='ltr'><strong>Deus</strong></span> <span class='ocrx_word' id='word_1_316' title='bbox 3313 1570 3390 1624; x_wconf 93' lang='lat' dir='ltr'><strong>sit</strong></span> <span class='ocrx_word' id='word_1_317' title='bbox 3415 1568 3576 1623; x_wconf 88' lang='lat' dir='ltr'><strong>dives</strong></span> <span class='ocrx_word' id='word_1_318' title='bbox 3598 1565 3836 1620; x_wconf 84' lang='lat' dir='ltr'><strong>miseri-</strong></span> 
     </span>
    </p>
   </div>
   <div class='ocr_carea' id='block_1_40' title="bbox 2173 1655 3834 1733">
    <p class='ocr_par' dir='ltr' id='par_1_40' title="bbox 2173 1655 3834 1733">
     <span class='ocr_line' id='line_1_41' title="bbox 2173 1655 3834 1733; baseline -0.007 -15"><span class='ocrx_word' id='word_1_319' title='bbox 2173 1663 2394 1730; x_wconf 89' lang='lat' dir='ltr'><strong>cordia,</strong></span> <span class='ocrx_word' id='word_1_320' title='bbox 2425 1663 2614 1718; x_wconf 87' lang='lat' dir='ltr'><strong>nostri</strong></span> <span class='ocrx_word' id='word_1_321' title='bbox 2633 1666 2877 1733; x_wconf 87' lang='lat' dir='ltr'><strong>propter</strong></span> <span class='ocrx_word' id='word_1_322' title='bbox 2898 1677 3066 1716; x_wconf 91' lang='lat' dir='ltr'><strong>suam</strong></span> <span class='ocrx_word' id='word_1_323' title='bbox 3083 1660 3412 1715; x_wconf 85' lang='lat' dir='ltr'><strong>bonitatem</strong></span> <span class='ocrx_word' id='word_1_324' title='bbox 3432 1673 3635 1713; x_wconf 89' lang='lat' dir='ltr'><strong>curam</strong></span> <span class='ocrx_word' id='word_1_325' title='bbox 3657 1655 3834 1728; x_wconf 86' lang='lat' dir='ltr'><strong>gerit,</strong></span> 
     </span>
    </p>
   </div>
   <div class='ocr_carea' id='block_1_41' title="bbox 2173 1748 3834 1823">
    <p class='ocr_par' dir='ltr' id='par_1_41' title="bbox 2173 1748 3834 1823">
     <span class='ocr_line' id='line_1_42' title="bbox 2173 1748 3834 1823; baseline -0.005 -16"><span class='ocrx_word' id='word_1_326' title='bbox 2173 1753 2274 1823; x_wconf 93' lang='lat' dir='ltr'><strong>qui</strong></span> <span class='ocrx_word' id='word_1_327' title='bbox 2306 1768 2416 1808; x_wconf 91' lang='lat' dir='ltr'><strong>nec</strong></span> <span class='ocrx_word' id='word_1_328' title='bbox 2449 1769 2655 1807; x_wconf 91' lang='lat' dir='ltr'><strong>sumus</strong></span> <span class='ocrx_word' id='word_1_329' title='bbox 2687 1752 2816 1821; x_wconf 82' lang='lat' dir='ltr'><strong>ejus</strong></span> <span class='ocrx_word' id='word_1_330' title='bbox 2847 1756 3068 1822; x_wconf 85' lang='lat' dir='ltr'><strong>partes,</strong></span> <span class='ocrx_word' id='word_1_331' title='bbox 3102 1765 3212 1804; x_wconf 90' lang='lat' dir='ltr'><strong>nec</strong></span> <span class='ocrx_word' id='word_1_332' title='bbox 3244 1749 3352 1804; x_wconf 82' lang='lat' dir='ltr'><strong>ﬁlii</strong></span> <span class='ocrx_word' id='word_1_333' title='bbox 3383 1752 3615 1803; x_wconf 88' lang='lat' dir='ltr'><strong>natura.</strong></span> <span class='ocrx_word' id='word_1_334' title='bbox 3644 1748 3714 1800; x_wconf 88' lang='lat' dir='ltr'><strong>Et</strong></span> <span class='ocrx_word' id='word_1_335' title='bbox 3743 1749 3834 1799; x_wconf 89' lang='lat' dir='ltr'><strong>est</strong></span> 
     </span>
    </p>
   </div>
   <div class='ocr_carea' id='block_1_42' title="bbox 2172 1834 3830 1913">
    <p class='ocr_par' dir='ltr' id='par_1_42' title="bbox 2172 1834 3830 1913">
     <span class='ocr_line' id='line_1_43' title="bbox 2172 1834 3830 1913; baseline -0.006 -16"><span class='ocrx_word' id='word_1_336' title='bbox 2172 1843 2283 1897; x_wconf 87' lang='lat' dir='ltr'><strong>hoc</strong></span> <span class='ocrx_word' id='word_1_337' title='bbox 2315 1843 2556 1913; x_wconf 91' lang='lat' dir='ltr'><strong>quidem</strong></span> <span class='ocrx_word' id='word_1_338' title='bbox 2588 1846 2747 1896; x_wconf 90' lang='lat' dir='ltr'><strong>certe</strong></span> <span class='ocrx_word' id='word_1_339' title='bbox 2787 1839 3113 1895; x_wconf 82' lang='lat' dir='ltr'><strong>maximum</strong></span> <span class='ocrx_word' id='word_1_340' title='bbox 3163 1837 3266 1893; x_wconf 88' lang='lat' dir='ltr'><strong>Dei</strong></span> <span class='ocrx_word' id='word_1_341' title='bbox 3310 1837 3371 1891; x_wconf 91' lang='lat' dir='ltr'><strong>in</strong></span> <span class='ocrx_word' id='word_1_342' title='bbox 3402 1853 3511 1891; x_wconf 91' lang='lat' dir='ltr'><strong>nos</strong></span> <span class='ocrx_word' id='word_1_343' title='bbox 3543 1834 3830 1889; x_wconf 87' lang='lat' dir='ltr'><strong>bonitatis</strong></span> 
     </span>
    </p>
   </div>
   <div class='ocr_carea' id='block_1_43' title="bbox 2171 1927 3832 2002">
    <p class='ocr_par' dir='ltr' id='par_1_43' title="bbox 2171 1927 3832 2002">
     <span class='ocr_line' id='line_1_44' title="bbox 2171 1927 3832 2002; baseline -0.007 -15"><span class='ocrx_word' id='word_1_344' title='bbox 2171 1933 2482 1997; x_wconf 91' lang='lat' dir='ltr'><strong>indicium,</strong></span> <span class='ocrx_word' id='word_1_345' title='bbox 2515 1931 2674 2002; x_wconf 91' lang='lat' dir='ltr'><strong>quod</strong></span> <span class='ocrx_word' id='word_1_346' title='bbox 2699 1947 2833 1986; x_wconf 90' lang='lat' dir='ltr'><strong>cum</strong></span> <span class='ocrx_word' id='word_1_347' title='bbox 2858 1929 2942 1984; x_wconf 91' lang='lat' dir='ltr'><strong>sic</strong></span> <span class='ocrx_word' id='word_1_348' title='bbox 2977 1929 3039 1983; x_wconf 93' lang='lat' dir='ltr'><strong>in</strong></span> <span class='ocrx_word' id='word_1_349' title='bbox 3072 1928 3271 2000; x_wconf 89' lang='lat' dir='ltr'><strong>ipsum</strong></span> <span class='ocrx_word' id='word_1_350' title='bbox 3303 1944 3414 1981; x_wconf 90' lang='lat' dir='ltr'><strong>nos</strong></span> <span class='ocrx_word' id='word_1_351' title='bbox 3445 1940 3738 1997; x_wconf 83' lang='lat' dir='ltr'><strong>geramus,</strong></span> <span class='ocrx_word' id='word_1_352' title='bbox 3774 1927 3832 1976; x_wconf 91' lang='lat' dir='ltr'><strong>et</strong></span> 
     </span>
    </p>
   </div>
   <div class='ocr_carea' id='block_1_44' title="bbox 2175 2016 3831 2087">
    <p class='ocr_par' dir='ltr' id='par_1_44' title="bbox 2175 2016 3831 2087">
     <span class='ocr_line' id='line_1_45' title="bbox 2175 2016 3831 2087; baseline -0.007 -9"><span class='ocrx_word' id='word_1_353' title='bbox 2175 2027 2391 2078; x_wconf 88' lang='lat' dir='ltr'><strong>natura</strong></span> <span class='ocrx_word' id='word_1_354' title='bbox 2423 2022 2611 2077; x_wconf 91' lang='lat' dir='ltr'><strong>simus</strong></span> <span class='ocrx_word' id='word_1_355' title='bbox 2642 2020 2888 2076; x_wconf 90' lang='lat' dir='ltr'><strong>omnino</strong></span> <span class='ocrx_word' id='word_1_356' title='bbox 2920 2018 3124 2087; x_wconf 91' lang='lat' dir='ltr'><strong>alieni,</strong></span> <span class='ocrx_word' id='word_1_357' title='bbox 3156 2016 3345 2072; x_wconf 88' lang='lat' dir='ltr'><strong>nostri</strong></span> <span class='ocrx_word' id='word_1_358' title='bbox 3392 2021 3594 2069; x_wconf 89' lang='lat' dir='ltr'><strong>tamen</strong></span> <span class='ocrx_word' id='word_1_359' title='bbox 3626 2029 3831 2068; x_wconf 88' lang='lat' dir='ltr'><strong>curam</strong></span> 
     </span>
    </p>
   </div>
   <div class='ocr_carea' id='block_1_45' title="bbox 2174 2104 3830 2186">
    <p class='ocr_par' dir='ltr' id='par_1_45' title="bbox 2174 2104 3830 2186">
     <span class='ocr_line' id='line_1_46' title="bbox 2174 2104 3830 2186; baseline -0.007 -18"><span class='ocrx_word' id='word_1_360' title='bbox 2174 2117 2357 2186; x_wconf 82' lang='lat' dir='ltr'><strong>gerat.</strong></span> <span class='ocrx_word' id='word_1_361' title='bbox 2381 2113 2462 2168; x_wconf 77' lang='lat' dir='ltr'><strong>Ac</strong></span> <span class='ocrx_word' id='word_1_362' title='bbox 2489 2110 2780 2167; x_wconf 86' lang='lat' dir='ltr'><strong>naturalis</strong></span> <span class='ocrx_word' id='word_1_363' title='bbox 2803 2109 3050 2180; x_wconf 90' lang='lat' dir='ltr'><strong>quidem</strong></span> <span class='ocrx_word' id='word_1_364' title='bbox 3072 2113 3162 2162; x_wconf 91' lang='lat' dir='ltr'><strong>est</strong></span> <span class='ocrx_word' id='word_1_365' title='bbox 3177 2105 3584 2162; x_wconf 88' lang='lat' dir='ltr'><strong>animantibus</strong></span> <span class='ocrx_word' id='word_1_366' title='bbox 3605 2104 3666 2158; x_wconf 91' lang='lat' dir='ltr'><strong>in</strong></span> <span class='ocrx_word' id='word_1_367' title='bbox 3690 2119 3830 2157; x_wconf 88' lang='lat' dir='ltr'><strong>suos</strong></span> 
     </span>
    </p>
   </div>
   <div class='ocr_carea' id='block_1_46' title="bbox 2171 2191 3834 2272">
    <p class='ocr_par' dir='ltr' id='par_1_46' title="bbox 2171 2191 3834 2272">
     <span class='ocr_line' id='line_1_47' title="bbox 2171 2191 3834 2272; baseline -0.007 -15"><span class='ocrx_word' id='word_1_368' title='bbox 2171 2203 2328 2257; x_wconf 91' lang='lat' dir='ltr'><strong>fetus</strong></span> <span class='ocrx_word' id='word_1_369' title='bbox 2346 2203 2601 2270; x_wconf 73' lang='lat' dir='ltr'><strong>affectio,</strong></span> <span class='ocrx_word' id='word_1_370' title='bbox 2635 2205 2696 2256; x_wconf 92' lang='lat' dir='ltr'><strong>et</strong></span> <span class='ocrx_word' id='word_1_371' title='bbox 2718 2217 2850 2272; x_wconf 62' lang='lat' dir='ltr'><strong>quas</strong></span> <span class='ocrx_word' id='word_1_372' title='bbox 2873 2216 2944 2255; x_wconf 82' lang='lat' dir='ltr'><strong>ex</strong></span> <span class='ocrx_word' id='word_1_373' title='bbox 2966 2196 3398 2253; x_wconf 89' lang='lat' dir='ltr'><strong>consuetudine</strong></span> <span class='ocrx_word' id='word_1_374' title='bbox 3421 2195 3613 2249; x_wconf 87' lang='lat' dir='ltr'><strong>oritur</strong></span> <span class='ocrx_word' id='word_1_375' title='bbox 3633 2191 3834 2248; x_wconf 89' lang='lat' dir='ltr'><strong>amici-</strong></span> 
     </span>
    </p>
   </div>
   <div class='ocr_carea' id='block_1_47' title="bbox 2173 2281 3825 2362">
    <p class='ocr_par' dir='ltr' id='par_1_47' title="bbox 2173 2281 3825 2362">
     <span class='ocr_line' id='line_1_48' title="bbox 2173 2281 3825 2362; baseline -0.007 -16"><span class='ocrx_word' id='word_1_376' title='bbox 2173 2292 2254 2347; x_wconf 90' lang='lat' dir='ltr'><strong>tia</strong></span> <span class='ocrx_word' id='word_1_377' title='bbox 2283 2292 2376 2361; x_wconf 89' lang='lat' dir='ltr'><strong>iis,</strong></span> <span class='ocrx_word' id='word_1_378' title='bbox 2408 2291 2510 2362; x_wconf 92' lang='lat' dir='ltr'><strong>qui</strong></span> <span class='ocrx_word' id='word_1_379' title='bbox 2542 2295 2682 2345; x_wconf 93' lang='lat' dir='ltr'><strong>sunt</strong></span> <span class='ocrx_word' id='word_1_380' title='bbox 2714 2287 2986 2361; x_wconf 83' lang='lat' dir='ltr'><strong>ejusdem</strong></span> <span class='ocrx_word' id='word_1_381' title='bbox 3018 2287 3351 2342; x_wconf 67' lang='lat' dir='ltr'><strong>sententiae.</strong></span> <span class='ocrx_word' id='word_1_382' title='bbox 3385 2286 3486 2340; x_wconf 87' lang='lat' dir='ltr'><strong>Est</strong></span> <span class='ocrx_word' id='word_1_383' title='bbox 3514 2286 3714 2339; x_wconf 90' lang='lat' dir='ltr'><strong>autem</strong></span> <span class='ocrx_word' id='word_1_384' title='bbox 3762 2281 3825 2334; x_wconf 91' lang='lat' dir='ltr'><strong>in</strong></span> 
     </span>
    </p>
   </div>
   <div class='ocr_carea' id='block_1_48' title="bbox 2169 2372 3832 2453">
    <p class='ocr_par' dir='ltr' id='par_1_48' title="bbox 2169 2372 3832 2453">
     <span class='ocr_line' id='line_1_49' title="bbox 2169 2372 3832 2453; baseline -0.006 -18"><span class='ocrx_word' id='word_1_385' title='bbox 2169 2398 2280 2436; x_wconf 90' lang='lat' dir='ltr'><strong>nos</strong></span> <span class='ocrx_word' id='word_1_386' title='bbox 2313 2381 2556 2453; x_wconf 87' lang='lat' dir='ltr'><strong>copiosa</strong></span> <span class='ocrx_word' id='word_1_387' title='bbox 2585 2379 2688 2435; x_wconf 93' lang='lat' dir='ltr'><strong>Dei</strong></span> <span class='ocrx_word' id='word_1_388' title='bbox 2722 2376 3153 2443; x_wconf 84' lang='lat' dir='ltr'><strong>misericordia,</strong></span> <span class='ocrx_word' id='word_1_389' title='bbox 3182 2375 3284 2446; x_wconf 92' lang='lat' dir='ltr'><strong>qui</strong></span> <span class='ocrx_word' id='word_1_390' title='bbox 3307 2374 3458 2429; x_wconf 87' lang='lat' dir='ltr'><strong>nihil</strong></span> <span class='ocrx_word' id='word_1_391' title='bbox 3481 2372 3555 2428; x_wconf 91' lang='lat' dir='ltr'><strong>ad</strong></span> <span class='ocrx_word' id='word_1_392' title='bbox 3579 2388 3715 2427; x_wconf 92' lang='lat' dir='ltr'><strong>eum</strong></span> <span class='ocrx_word' id='word_1_393' title='bbox 3740 2375 3832 2425; x_wconf 82' lang='lat' dir='ltr'><strong>at-</strong></span> 
     </span>
    </p>
   </div>
   <div class='ocr_carea' id='block_1_49' title="bbox 2168 2461 3825 2540">
    <p class='ocr_par' dir='ltr' id='par_1_49' title="bbox 2168 2461 3825 2540">
     <span class='ocr_line' id='line_1_50' title="bbox 2168 2461 3825 2540; baseline -0.007 -15"><span class='ocrx_word' id='word_1_394' title='bbox 2168 2471 2452 2540; x_wconf 84' lang='lat' dir='ltr'><strong>tinemus,</strong></span> <span class='ocrx_word' id='word_1_395' title='bbox 2484 2469 2575 2523; x_wconf 94' lang='lat' dir='ltr'><strong>vel</strong></span> <span class='ocrx_word' id='word_1_396' title='bbox 2609 2468 2889 2538; x_wconf 87' lang='lat' dir='ltr'><strong>essentia,</strong></span> <span class='ocrx_word' id='word_1_397' title='bbox 2925 2466 3191 2536; x_wconf 90' lang='lat' dir='ltr'><strong>inquam,</strong></span> <span class='ocrx_word' id='word_1_398' title='bbox 3224 2469 3450 2529; x_wconf 88' lang='lat' dir='ltr'><strong>nostra,</strong></span> <span class='ocrx_word' id='word_1_399' title='bbox 3476 2461 3569 2517; x_wconf 86' lang='lat' dir='ltr'><strong>vel</strong></span> <span class='ocrx_word' id='word_1_400' title='bbox 3591 2465 3825 2528; x_wconf 88' lang='lat' dir='ltr'><strong>natura,</strong></span> 
     </span>
    </p>
   </div>
   <div class='ocr_carea' id='block_1_50' title="bbox 2167 2554 3826 2633">
    <p class='ocr_par' dir='ltr' id='par_1_50' title="bbox 2167 2554 3826 2633">
     <span class='ocr_line' id='line_1_51' title="bbox 2167 2554 3826 2633; baseline -0.005 -19"><span class='ocrx_word' id='word_1_401' title='bbox 2167 2562 2257 2616; x_wconf 87' lang='lat' dir='ltr'><strong>vel</strong></span> <span class='ocrx_word' id='word_1_402' title='bbox 2272 2561 2512 2633; x_wconf 92' lang='lat' dir='ltr'><strong>propria</strong></span> <span class='ocrx_word' id='word_1_403' title='bbox 2526 2566 2749 2615; x_wconf 64' lang='lat' dir='ltr'><strong>nostra:</strong></span> <span class='ocrx_word' id='word_1_404' title='bbox 2776 2558 3054 2613; x_wconf 71' lang='lat' dir='ltr'><strong>essentiaa</strong></span> <span class='ocrx_word' id='word_1_405' title='bbox 3070 2555 3370 2625; x_wconf 83' lang='lat' dir='ltr'><strong>facultate,</strong></span> <span class='ocrx_word' id='word_1_406' title='bbox 3391 2554 3575 2609; x_wconf 90' lang='lat' dir='ltr'><strong>sedeo</strong></span> <span class='ocrx_word' id='word_1_407' title='bbox 3594 2557 3826 2607; x_wconf 87' lang='lat' dir='ltr'><strong>tantum</strong></span> 
     </span>
    </p>
   </div>
   <div class='ocr_carea' id='block_1_51' title="bbox 2165 2643 3824 2721">
    <p class='ocr_par' dir='ltr' id='par_1_51' title="bbox 2165 2643 3824 2721">
     <span class='ocr_line' id='line_1_52' title="bbox 2165 2643 3824 2721; baseline -0.005 -17"><span class='ocrx_word' id='word_1_408' title='bbox 2165 2649 2326 2721; x_wconf 93' lang='lat' dir='ltr'><strong>quod</strong></span> <span class='ocrx_word' id='word_1_409' title='bbox 2359 2649 2544 2704; x_wconf 88' lang='lat' dir='ltr'><strong>simus</strong></span> <span class='ocrx_word' id='word_1_410' title='bbox 2578 2665 2728 2720; x_wconf 90' lang='lat' dir='ltr'><strong>opus</strong></span> <span class='ocrx_word' id='word_1_411' title='bbox 2759 2649 2887 2720; x_wconf 87' lang='lat' dir='ltr'><strong>ejus</strong></span> <span class='ocrx_word' id='word_1_412' title='bbox 2908 2646 3251 2702; x_wconf 88' lang='lat' dir='ltr'><strong>voluntatis.</strong></span> <span class='ocrx_word' id='word_1_413' title='bbox 3277 2647 3469 2716; x_wconf 83' lang='lat' dir='ltr'><strong>Atque</strong></span> <span class='ocrx_word' id='word_1_414' title='bbox 3490 2643 3636 2698; x_wconf 92' lang='lat' dir='ltr'><strong>adeo</strong></span> <span class='ocrx_word' id='word_1_415' title='bbox 3661 2658 3824 2710; x_wconf 90' lang='lat' dir='ltr'><strong>eum,</strong></span> 
     </span>
    </p>
   </div>
   <div class='ocr_carea' id='block_1_52' title="bbox 400 2732 3822 2814">
    <p class='ocr_par' dir='ltr' id='par_1_52' title="bbox 400 2732 3822 2814">
     <span class='ocr_line' id='line_1_53' title="bbox 400 2732 3822 2814; baseline -0.002 -22"><span class='ocrx_word' id='word_1_416' title='bbox 400 2737 500 2808; x_wconf 94' lang='lat' dir='ltr'><strong>qui</strong></span> <span class='ocrx_word' id='word_1_417' title='bbox 535 2755 641 2794; x_wconf 88' lang='lat' dir='ltr'><strong>sua</strong></span> <span class='ocrx_word' id='word_1_418' title='bbox 672 2743 883 2810; x_wconf 87' lang='lat' dir='ltr'><strong>sponte</strong></span> <span class='ocrx_word' id='word_1_419' title='bbox 915 2757 1050 2795; x_wconf 92' lang='lat' dir='ltr'><strong>cum</strong></span> <span class='ocrx_word' id='word_1_420' title='bbox 1101 2741 1558 2796; x_wconf 83' lang='lat' dir='ltr'><strong>excercitatione</strong></span> <span class='ocrx_word' id='word_1_421' title='bbox 1600 2747 1658 2796; x_wconf 89' lang='lat' dir='ltr'><strong>et</strong></span> <span class='ocrx_word' id='word_1_422' title='bbox 1704 2740 1977 2796; x_wconf 87' lang='lat' dir='ltr'><strong>doctrina</strong></span> <span class='ocrx_word' id='word_1_423' title='bbox 2007 2741 2410 2814; x_wconf 84' lang='lat' dir='ltr'><strong>cognitionem</strong></span> <span class='ocrx_word' id='word_1_424' title='bbox 2443 2739 2674 2810; x_wconf 89' lang='lat' dir='ltr'><strong>accepit</strong></span> <span class='ocrx_word' id='word_1_425' title='bbox 2725 2737 3011 2802; x_wconf 85' lang='lat' dir='ltr'><strong>veritatis,</strong></span> <span class='ocrx_word' id='word_1_426' title='bbox 3065 2739 3235 2792; x_wconf 89' lang='lat' dir='ltr'><strong>vocat</strong></span> <span class='ocrx_word' id='word_1_427' title='bbox 3284 2735 3359 2790; x_wconf 90' lang='lat' dir='ltr'><strong>ad</strong></span> <span class='ocrx_word' id='word_1_428' title='bbox 3417 2732 3822 2804; x_wconf 87' lang='lat' dir='ltr'><strong>adoptionem,</strong></span> 
     </span>
    </p>
   </div>
   <div class='ocr_carea' id='block_1_53' title="bbox 400 2828 3822 2902">
    <p class='ocr_par' dir='ltr' id='par_1_53' title="bbox 400 2828 3822 2902">
     <span class='ocr_line' id='line_1_54' title="bbox 400 2828 3822 2902; baseline -0.002 -21"><span class='ocrx_word' id='word_1_429' title='bbox 400 2843 532 2897; x_wconf 75' lang='lat' dir='ltr'><strong>quaa</strong></span> <span class='ocrx_word' id='word_1_430' title='bbox 561 2833 650 2884; x_wconf 91' lang='lat' dir='ltr'><strong>est</strong></span> <span class='ocrx_word' id='word_1_431' title='bbox 695 2829 991 2885; x_wconf 82' lang='lat' dir='ltr'><strong>maximus</strong></span> <span class='ocrx_word' id='word_1_432' title='bbox 1035 2832 1306 2886; x_wconf 89' lang='lat' dir='ltr'><strong>omnium</strong></span> <span class='ocrx_word' id='word_1_433' title='bbox 1365 2831 1686 2902; x_wconf 84' lang='lat' dir='ltr'><strong>profectus.</strong></span> <span class='ocrx_word' id='word_1_434' title='bbox 1745 2834 2074 2902; x_wconf 86' lang='lat' dir='ltr'><strong>Loquuntur</strong></span> <span class='ocrx_word' id='word_1_435' title='bbox 2130 2837 2315 2885; x_wconf 87' lang='lat' dir='ltr'><strong>autem</strong></span> <span class='ocrx_word' id='word_1_436' title='bbox 2344 2831 2525 2884; x_wconf 77' lang='lat' dir='ltr'><strong>virum</strong></span> <span class='ocrx_word' id='word_1_437' title='bbox 2552 2829 2921 2898; x_wconf 76' lang='lat' dir='ltr'><strong>iniquitates:</strong></span> <span class='ocrx_word' id='word_1_438' title='bbox 2953 2842 3178 2881; x_wconf 82' lang='lat' dir='ltr'><strong>suorum</strong></span> <span class='ocrx_word' id='word_1_439' title='bbox 3235 2831 3417 2880; x_wconf 88' lang='lat' dir='ltr'><strong>autem</strong></span> <span class='ocrx_word' id='word_1_440' title='bbox 3463 2828 3822 2892; x_wconf 79' lang='lat' dir='ltr'><strong>peccatorum</strong></span> 
     </span>
    </p>
   </div>
   <div class='ocr_carea' id='block_1_54' title="bbox 393 2913 3824 2995">
    <p class='ocr_par' dir='ltr' id='par_1_54' title="bbox 393 2913 3824 2995">
     <span class='ocr_line' id='line_1_55' title="bbox 393 2913 3824 2995; baseline -0.002 -24"><span class='ocrx_word' id='word_1_441' title='bbox 393 2920 601 2973; x_wconf 82' lang='lat' dir='ltr'><strong>catenis</strong></span> <span class='ocrx_word' id='word_1_442' title='bbox 649 2921 1023 2990; x_wconf 80' lang='lat' dir='ltr'><strong>unusquisque</strong></span> <span class='ocrx_word' id='word_1_443' title='bbox 1080 2920 1415 2991; x_wconf 77' lang='lat' dir='ltr'><strong>astringitur</strong></span> <span class='ocrx_word' id='word_1_444' title='bbox 1441 2921 1560 2995; x_wconf 90' lang='lat' dir='ltr'><strong>(a);</strong></span> <span class='ocrx_word' id='word_1_445' title='bbox 1593 2938 1704 2978; x_wconf 92' lang='lat' dir='ltr'><strong>nec</strong></span> <span class='ocrx_word' id='word_1_446' title='bbox 1756 2937 1962 2978; x_wconf 90' lang='lat' dir='ltr'><strong>eorum</strong></span> <span class='ocrx_word' id='word_1_447' title='bbox 2013 2936 2190 2978; x_wconf 88' lang='lat' dir='ltr'><strong>causa</strong></span> <span class='ocrx_word' id='word_1_448' title='bbox 2219 2922 2339 2976; x_wconf 93' lang='lat' dir='ltr'><strong>Deo</strong></span> <span class='ocrx_word' id='word_1_449' title='bbox 2373 2923 2460 2975; x_wconf 90' lang='lat' dir='ltr'><strong>est</strong></span> <span class='ocrx_word' id='word_1_450' title='bbox 2489 2917 2878 2987; x_wconf 86' lang='lat' dir='ltr'><strong>ascribenda;</strong></span> <span class='ocrx_word' id='word_1_451' title='bbox 2927 2921 2986 2972; x_wconf 89' lang='lat' dir='ltr'><strong>et</strong></span> <span class='ocrx_word' id='word_1_452' title='bbox 3012 2931 3217 2972; x_wconf 86' lang='lat' dir='ltr'><strong>revera</strong></span> <span class='ocrx_word' id='word_1_453' title='bbox 3248 2915 3432 2970; x_wconf 82' lang='lat' dir='ltr'><strong>beatus</strong></span> <span class='ocrx_word' id='word_1_454' title='bbox 3461 2919 3539 2969; x_wconf 86' lang='lat' dir='ltr'><strong>est</strong></span> <span class='ocrx_word' id='word_1_455' title='bbox 3586 2914 3690 2980; x_wconf 82' lang='lat' dir='ltr'><strong>vir,</strong></span> <span class='ocrx_word' id='word_1_456' title='bbox 3725 2913 3824 2980; x_wconf 89' lang='lat' dir='ltr'><strong>qui</strong></span> 
     </span>
    </p>
   </div>
   <div class='ocr_carea' id='block_1_55' title="bbox 395 3009 1491 3083">
    <p class='ocr_par' dir='ltr' id='par_1_55' title="bbox 395 3009 1491 3083">
     <span class='ocr_line' id='line_1_56' title="bbox 395 3009 1491 3083; baseline 0.006 -22"><span class='ocrx_word' id='word_1_457' title='bbox 395 3009 581 3063; x_wconf 87' lang='lat' dir='ltr'><strong>omnia</strong></span> <span class='ocrx_word' id='word_1_458' title='bbox 601 3016 820 3067; x_wconf 83' lang='lat' dir='ltr'><strong>veretur</strong></span> <span class='ocrx_word' id='word_1_459' title='bbox 839 3017 1074 3081; x_wconf 80' lang='lat' dir='ltr'><strong>propter</strong></span> <span class='ocrx_word' id='word_1_460' title='bbox 1094 3012 1362 3082; x_wconf 82' lang='lat' dir='ltr'><strong>pietatem</strong></span> <span class='ocrx_word' id='word_1_461' title='bbox 1393 3011 1491 3083; x_wconf 89' lang='lat' dir='ltr'><strong>(b).</strong></span> 
     </span>
    </p>
   </div>
   <div class='ocr_carea' id='block_1_56' title="bbox 1887 3186 2328 3248">
    <p class='ocr_par' dir='ltr' id='par_1_56' title="bbox 1887 3186 2328 3248">
     <span class='ocr_line' id='line_1_57' title="bbox 1887 3186 2328 3248; baseline -0.007 -2"><span class='ocrx_word' id='word_1_462' title='bbox 1887 3187 2120 3248; x_wconf 83' lang='lat' dir='ltr'><strong>CAPUT</strong></span> <span class='ocrx_word' id='word_1_463' title='bbox 2157 3186 2328 3248; x_wconf 87' lang='lat' dir='ltr'><strong>XVII.</strong></span> 
     </span>
    </p>
   </div>
   <div class='ocr_carea' id='block_1_57' title="bbox 1603 3303 2616 3377">
    <p class='ocr_par' dir='ltr' id='par_1_57' title="bbox 1603 3303 2616 3377">
     <span class='ocr_line' id='line_1_58' title="bbox 1603 3303 2616 3377; baseline -0.001 -15"><span class='ocrx_word' id='word_1_464' title='bbox 1603 3307 1682 3362; x_wconf 88' lang='lat' dir='ltr'><strong>De</strong></span> <span class='ocrx_word' id='word_1_465' title='bbox 1708 3307 1880 3362; x_wconf 80' lang='lat' dir='ltr'><strong>variis</strong></span> <span class='ocrx_word' id='word_1_466' title='bbox 1919 3306 2264 3377; x_wconf 81' lang='lat' dir='ltr'><strong>Cognitionis</strong></span> <span class='ocrx_word' id='word_1_467' title='bbox 2293 3303 2616 3376; x_wconf 82' lang='lat' dir='ltr'><strong>generibus.-</strong></span> 
     </span>
    </p>
   </div>
   <div class='ocr_carea' id='block_1_58' title="bbox 459 3444 2054 3526">
    <p class='ocr_par' dir='ltr' id='par_1_58' title="bbox 459 3444 2042 3526">
     <span class='ocr_line' id='line_1_59' title="bbox 459 3444 2042 3526; baseline 0.004 -27"><span class='ocrx_word' id='word_1_468' title='bbox 459 3446 550 3510; x_wconf 81' lang='grc' dir='ltr'>Ὠς</span> <span class='ocrx_word' id='word_1_469' title='bbox 577 3445 667 3500; x_wconf 81' lang='grc' dir='ltr'>οὖν</span> <span class='ocrx_word' id='word_1_470' title='bbox 698 3447 733 3516; x_wconf 83' lang='grc' dir='ltr'>ἡ</span> <span class='ocrx_word' id='word_1_471' title='bbox 767 3444 1046 3520; x_wconf 79' lang='grc' dir='ltr'>ἐπιστήμη</span> <span class='ocrx_word' id='word_1_472' title='bbox 1107 3445 1432 3520; x_wconf 85' lang='grc' dir='ltr'>ἐπιστητική</span> <span class='ocrx_word' id='word_1_473' title='bbox 1489 3446 1632 3504; x_wconf 86' lang='grc' dir='ltr'>ἐστιν</span> <span class='ocrx_word' id='word_1_474' title='bbox 1693 3448 1822 3520; x_wconf 67' lang='grc' dir='ltr'>ἕξις,</span> <span class='ocrx_word' id='word_1_475' title='bbox 1855 3450 1946 3526; x_wconf 82' lang='grc' dir='ltr'><strong>ἀφ’</strong></span> <span class='ocrx_word' id='word_1_476' title='bbox 1975 3450 2042 3519; x_wconf 84' lang='grc' dir='ltr'><strong>ἧς</strong></span> 
     </span>
    </p>
   </div>
   <div class='ocr_carea' id='block_1_59' title="bbox 2174 3444 3819 3526">
    <p class='ocr_par' dir='ltr' id='par_1_59' title="bbox 2223 3445 3819 3523">
     <span class='ocr_line' id='line_1_60' title="bbox 2223 3445 3819 3523; baseline -0.001 -19"><span class='ocrx_word' id='word_1_477' title='bbox 2223 3449 2736 3514; x_wconf 84' lang='lat' dir='ltr'><strong>Quemadmodum</strong></span> <span class='ocrx_word' id='word_1_478' title='bbox 2758 3465 2894 3523; x_wconf 90' lang='lat' dir='ltr'><strong>ergo</strong></span> <span class='ocrx_word' id='word_1_479' title='bbox 2919 3448 3171 3506; x_wconf 90' lang='lat' dir='ltr'><strong>scientia</strong></span> <span class='ocrx_word' id='word_1_480' title='bbox 3192 3452 3282 3504; x_wconf 90' lang='lat' dir='ltr'><strong>est</strong></span> <span class='ocrx_word' id='word_1_481' title='bbox 3297 3447 3537 3503; x_wconf 88' lang='lat' dir='ltr'><strong>habitus</strong></span> <span class='ocrx_word' id='word_1_482' title='bbox 3561 3445 3819 3512; x_wconf 88' lang='lat' dir='ltr'><strong>sciendi,</strong></span> 
     </span>
    </p>
   </div>
   <div class='ocr_carea' id='block_1_60' title="bbox 389 3532 2054 3613">
    <p class='ocr_par' dir='ltr' id='par_1_60' title="bbox 389 3532 2043 3613">
     <span class='ocr_line' id='line_1_61' title="bbox 389 3532 2043 3613; baseline 0.004 -24"><span class='ocrx_word' id='word_1_483' title='bbox 389 3535 454 3590; x_wconf 88' lang='grc' dir='ltr'>τὸ</span> <span class='ocrx_word' id='word_1_484' title='bbox 487 3535 807 3600; x_wconf 85' lang='grc' dir='ltr'>ἐπίστασθαι</span> <span class='ocrx_word' id='word_1_485' title='bbox 856 3532 1162 3611; x_wconf 80' lang='grc' dir='ltr'>συμϐαίνει.</span> <span class='ocrx_word' id='word_1_486' title='bbox 1212 3538 1421 3612; x_wconf 85' lang='grc' dir='ltr'>γίνεται</span> <span class='ocrx_word' id='word_1_487' title='bbox 1455 3535 1512 3593; x_wconf 78' lang='grc' dir='ltr'><strong>δὲ</strong></span> <span class='ocrx_word' id='word_1_488' title='bbox 1538 3541 1573 3608; x_wconf 84' lang='grc' dir='ltr'><strong>ἡ</strong></span> <span class='ocrx_word' id='word_1_489' title='bbox 1599 3538 1908 3613; x_wconf 78' lang='grc' dir='ltr'>κατάληψις</span> <span class='ocrx_word' id='word_1_490' title='bbox 1965 3541 2043 3613; x_wconf 87' lang='grc'><strong>(9)</strong></span> 
     </span>
    </p>
   </div>
   <div class='ocr_carea' id='block_1_61' title="bbox 2174 3532 3815 3613">
    <p class='ocr_par' dir='ltr' id='par_1_61' title="bbox 2174 3536 3815 3610">
     <span class='ocr_line' id='line_1_62' title="bbox 2174 3536 3815 3610; baseline -0.002 -16"><span class='ocrx_word' id='word_1_491' title='bbox 2174 3559 2186 3594; x_wconf 87' lang='grc' dir='ltr'><strong>ι</strong></span> <span class='ocrx_word' id='word_1_492' title='bbox 2215 3555 2332 3610; x_wconf 92' lang='lat' dir='ltr'><strong>quo</strong></span> <span class='ocrx_word' id='word_1_493' title='bbox 2357 3539 2509 3595; x_wconf 90' lang='lat' dir='ltr'><strong>scire</strong></span> <span class='ocrx_word' id='word_1_494' title='bbox 2539 3540 2735 3594; x_wconf 88' lang='lat' dir='ltr'><strong>evenit</strong></span> <span class='ocrx_word' id='word_1_495' title='bbox 2759 3557 2772 3594; x_wconf 90' lang='lat'><strong>:</strong></span> <span class='ocrx_word' id='word_1_496' title='bbox 2793 3541 2860 3594; x_wconf 82' lang='lat' dir='ltr'><strong>fit</strong></span> <span class='ocrx_word' id='word_1_497' title='bbox 2880 3544 3081 3595; x_wconf 91' lang='lat' dir='ltr'><strong>autem</strong></span> <span class='ocrx_word' id='word_1_498' title='bbox 3104 3538 3156 3593; x_wconf 91' lang='lat' dir='ltr'><strong>ei</strong></span> <span class='ocrx_word' id='word_1_499' title='bbox 3179 3536 3655 3610; x_wconf 89' lang='lat' dir='ltr'><strong>comprehensio,</strong></span> <span class='ocrx_word' id='word_1_500' title='bbox 3683 3554 3815 3608; x_wconf 63' lang='lat' dir='ltr'><strong>qua}</strong></span> 
     </span>
    </p>
   </div>
   <div class='ocr_carea' id='block_1_62' title="bbox 386 3623 2054 3704">
    <p class='ocr_par' dir='ltr' id='par_1_62' title="bbox 386 3623 2041 3704">
     <span class='ocr_line' id='line_1_63' title="bbox 386 3623 2041 3704; baseline 0.004 -26"><span class='ocrx_word' id='word_1_501' title='bbox 386 3623 524 3698; x_wconf 76' lang='grc' dir='ltr'>αὐτῇ</span> <span class='ocrx_word' id='word_1_502' title='bbox 581 3629 692 3698; x_wconf 89' lang='grc'><strong>(10)</strong></span> <span class='ocrx_word' id='word_1_503' title='bbox 749 3626 1144 3700; x_wconf 80' lang='grc' dir='ltr'>ἀμετάπτωτος</span> <span class='ocrx_word' id='word_1_504' title='bbox 1218 3627 1321 3682; x_wconf 82' lang='grc' dir='ltr'>ὑπὸ</span> <span class='ocrx_word' id='word_1_505' title='bbox 1379 3626 1551 3704; x_wconf 86' lang='grc' dir='ltr'>λόγου</span> <span class='ocrx_word' id='word_1_506' title='bbox 1588 3647 1602 3661; x_wconf 94' lang='grc'><strong>·</strong></span> <span class='ocrx_word' id='word_1_507' title='bbox 1656 3627 1801 3684; x_wconf 74' lang='grc' dir='ltr'>οὕτω</span> <span class='ocrx_word' id='word_1_508' title='bbox 1857 3628 1949 3684; x_wconf 85' lang='grc' dir='ltr'><strong>καὶ</strong></span> <span class='ocrx_word' id='word_1_509' title='bbox 2005 3631 2041 3698; x_wconf 79' lang='grc' dir='ltr'>ἡ</span> 
     </span>
    </p>
   </div>
   <div class='ocr_carea' id='block_1_63' title="bbox 2174 3623 3818 3704">
    <p class='ocr_par' dir='ltr' id='par_1_63' title="bbox 2174 3626 3818 3701">
     <span class='ocr_line' id='line_1_64' title="bbox 2174 3626 3818 3701; baseline -0.001 -19"><span class='ocrx_word' id='word_1_510' title='bbox 2174 3628 2443 3684; x_wconf 88' lang='lat' dir='ltr'><strong>limoveri</strong></span> <span class='ocrx_word' id='word_1_511' title='bbox 2476 3646 2598 3684; x_wconf 92' lang='lat' dir='ltr'><strong>non</strong></span> <span class='ocrx_word' id='word_1_512' title='bbox 2627 3635 2824 3701; x_wconf 91' lang='lat' dir='ltr'><strong>potest</strong></span> <span class='ocrx_word' id='word_1_513' title='bbox 2852 3645 2887 3685; x_wconf 89' lang='lat' dir='ltr'><strong>a</strong></span> <span class='ocrx_word' id='word_1_514' title='bbox 2915 3629 3182 3684; x_wconf 88' lang='lat' dir='ltr'><strong>ratione:</strong></span> <span class='ocrx_word' id='word_1_515' title='bbox 3216 3628 3298 3683; x_wconf 80' lang='lat' dir='ltr'><strong>ita</strong></span> <span class='ocrx_word' id='word_1_516' title='bbox 3327 3627 3507 3682; x_wconf 89' lang='lat' dir='ltr'><strong>etiam</strong></span> <span class='ocrx_word' id='word_1_517' title='bbox 3527 3626 3818 3699; x_wconf 83' lang='lat' dir='ltr'><strong>ignoratio</strong></span> 
     </span>
    </p>
   </div>
   <div class='ocr_carea' id='block_1_64' title="bbox 387 3712 2054 3793">
    <p class='ocr_par' dir='ltr' id='par_1_64' title="bbox 387 3712 2048 3793">
     <span class='ocr_line' id='line_1_65' title="bbox 387 3712 2048 3793; baseline 0.003 -24"><span class='ocrx_word' id='word_1_518' title='bbox 387 3712 582 3788; x_wconf 80' lang='grc' dir='ltr'>ἄγνοια</span> <span class='ocrx_word' id='word_1_519' title='bbox 643 3716 904 3793; x_wconf 75' lang='grc' dir='ltr'>φαντασία</span> <span class='ocrx_word' id='word_1_520' title='bbox 963 3716 1106 3772; x_wconf 84' lang='grc' dir='ltr'>ἐστὶν</span> <span class='ocrx_word' id='word_1_521' title='bbox 1166 3714 1388 3772; x_wconf 71' lang='grc' dir='ltr'>ε’ίκουσα</span> <span class='ocrx_word' id='word_1_522' title='bbox 1422 3759 1436 3784; x_wconf 88' lang='grc'><strong>,</strong></span> <span class='ocrx_word' id='word_1_523' title='bbox 1497 3719 1882 3791; x_wconf 78' lang='grc' dir='ltr'>μεταπτωτικὴ</span> <span class='ocrx_word' id='word_1_524' title='bbox 1945 3718 2048 3774; x_wconf 83' lang='grc' dir='ltr'><strong>ὑπὸ</strong></span> 
     </span>
    </p>
   </div>
   <div class='ocr_carea' id='block_1_65' title="bbox 2174 3712 3813 3793">
    <p class='ocr_par' dir='ltr' id='par_1_65' title="bbox 2174 3718 3813 3792">
     <span class='ocr_line' id='line_1_66' title="bbox 2174 3718 3813 3792; baseline -0.001 -18"><span class='ocrx_word' id='word_1_525' title='bbox 2174 3724 2250 3774; x_wconf 66' lang='lat' dir='ltr'><strong>est</strong></span> <span class='ocrx_word' id='word_1_526' title='bbox 2264 3721 2574 3792; x_wconf 88' lang='lat' dir='ltr'><strong>conceptio</strong></span> <span class='ocrx_word' id='word_1_527' title='bbox 2593 3720 2832 3787; x_wconf 88' lang='lat' dir='ltr'><strong>cedens,</strong></span> <span class='ocrx_word' id='word_1_528' title='bbox 2859 3738 2990 3792; x_wconf 69' lang='lat' dir='ltr'><strong>quae</strong></span> <span class='ocrx_word' id='word_1_529' title='bbox 3008 3720 3291 3775; x_wconf 85' lang='lat' dir='ltr'><strong>dimoveri</strong></span> <span class='ocrx_word' id='word_1_530' title='bbox 3311 3718 3813 3791; x_wconf 87' lang='lat' dir='ltr'><strong>potestaratione.</strong></span> 
     </span>
    </p>
   </div>
   <div class='ocr_carea' id='block_1_66' title="bbox 386 3801 2048 3882">
    <p class='ocr_par' dir='ltr' id='par_1_66' title="bbox 386 3801 2048 3882">
     <span class='ocr_line' id='line_1_67' title="bbox 386 3801 2048 3882; baseline 0.002 -23"><span class='ocrx_word' id='word_1_531' title='bbox 386 3801 559 3878; x_wconf 86' lang='grc' dir='ltr'>λόγου</span> <span class='ocrx_word' id='word_1_532' title='bbox 590 3805 652 3859; x_wconf 89' lang='grc' dir='ltr'>τὸ</span> <span class='ocrx_word' id='word_1_533' title='bbox 685 3803 744 3860; x_wconf 70' lang='grc' dir='ltr'><strong>δὲ</strong></span> <span class='ocrx_word' id='word_1_534' title='bbox 785 3807 1144 3880; x_wconf 86' lang='grc' dir='ltr'>μεταπίπτον,</span> <span class='ocrx_word' id='word_1_535' title='bbox 1203 3808 1278 3870; x_wconf 84' lang='grc' dir='ltr'>ὡς</span> <span class='ocrx_word' id='word_1_536' title='bbox 1335 3807 1426 3863; x_wconf 88' lang='grc' dir='ltr'><strong>καὶ</strong></span> <span class='ocrx_word' id='word_1_537' title='bbox 1475 3809 1538 3863; x_wconf 91' lang='grc' dir='ltr'>τὸ</span> <span class='ocrx_word' id='word_1_538' title='bbox 1590 3807 2048 3882; x_wconf 81' lang='grc' dir='ltr'>συνασκούμενον,</span> 
     </span>
    </p>
   </div>
   <div class='ocr_carea' id='block_1_67' title="bbox 383 3891 2049 3973">
    <p class='ocr_par' dir='ltr' id='par_1_67' title="bbox 383 3891 2049 3973">
     <span class='ocr_line' id='line_1_68' title="bbox 383 3891 2049 3973; baseline 0.004 -25"><span class='ocrx_word' id='word_1_539' title='bbox 383 3892 446 3948; x_wconf 86' lang='grc' dir='ltr'><strong>ἐκ</strong></span> <span class='ocrx_word' id='word_1_540' title='bbox 477 3891 650 3969; x_wconf 88' lang='grc' dir='ltr'>λόγου</span> <span class='ocrx_word' id='word_1_541' title='bbox 684 3894 768 3968; x_wconf 80' lang='grc' dir='ltr'>ἐφ’</span> <span class='ocrx_word' id='word_1_542' title='bbox 799 3897 959 3969; x_wconf 79' lang='grc' dir='ltr'>ἡμῖν.</span> <span class='ocrx_word' id='word_1_543' title='bbox 1021 3895 1346 3972; x_wconf 77' lang='grc' dir='ltr'>Παράκειται</span> <span class='ocrx_word' id='word_1_544' title='bbox 1403 3895 1462 3952; x_wconf 75' lang='grc' dir='ltr'><strong>δὲ</strong></span> <span class='ocrx_word' id='word_1_545' title='bbox 1514 3902 1584 3973; x_wconf 81' lang='grc' dir='ltr'><strong>τῇ</strong></span> <span class='ocrx_word' id='word_1_546' title='bbox 1639 3899 1917 3973; x_wconf 77' lang='grc' dir='ltr'>ἐπιστήμῃ</span> <span class='ocrx_word' id='word_1_547' title='bbox 1940 3900 1974 3968; x_wconf 85' lang='grc' dir='ltr'>ἣ</span> <span class='ocrx_word' id='word_1_548' title='bbox 2001 3899 2049 3954; x_wconf 89' lang='grc' dir='ltr'>τ’</span> 
     </span>
    </p>
   </div>
   <div class='ocr_carea' id='block_1_68' title="bbox 388 3983 2048 4062">
    <p class='ocr_par' dir='ltr' id='par_1_68' title="bbox 388 3983 2048 4062">
     <span class='ocr_line' id='line_1_69' title="bbox 388 3983 2048 4062; baseline 0.004 -23"><span class='ocrx_word' id='word_1_549' title='bbox 388 3983 650 4062; x_wconf 73' lang='grc' dir='ltr'>ἐμπειρία</span> <span class='ocrx_word' id='word_1_550' title='bbox 696 3985 786 4040; x_wconf 82' lang='grc' dir='ltr'>καὶ</span> <span class='ocrx_word' id='word_1_551' title='bbox 827 3989 863 4057; x_wconf 78' lang='grc' dir='ltr'>ἡ</span> <span class='ocrx_word' id='word_1_552' title='bbox 913 3985 1144 4058; x_wconf 70' lang='grc' dir='ltr'>ἐίδησις,</span> <span class='ocrx_word' id='word_1_553' title='bbox 1206 3989 1410 4052; x_wconf 76' lang='grc' dir='ltr'>σόνεσίς</span> <span class='ocrx_word' id='word_1_554' title='bbox 1440 4011 1499 4045; x_wconf 89' lang='grc' dir='ltr'><strong>τε</strong></span> <span class='ocrx_word' id='word_1_555' title='bbox 1553 3990 1643 4045; x_wconf 83' lang='grc' dir='ltr'>καὶ</span> <span class='ocrx_word' id='word_1_556' title='bbox 1699 3990 1910 4062; x_wconf 86' lang='grc' dir='ltr'>νόησις,</span> <span class='ocrx_word' id='word_1_557' title='bbox 1959 3993 2048 4045; x_wconf 85' lang='grc' dir='ltr'>κσί</span> 
     </span>
    </p>
   </div>
   <div class='ocr_carea' id='block_1_69' title="bbox 389 4074 2049 4151">
    <p class='ocr_par' dir='ltr' id='par_1_69' title="bbox 389 4074 2049 4151">
     <span class='ocr_line' id='line_1_70' title="bbox 389 4074 2049 4151; baseline 0.005 -25"><span class='ocrx_word' id='word_1_558' title='bbox 389 4077 613 4149; x_wconf 79' lang='grc' dir='ltr'>γνῶσις.</span> <span class='ocrx_word' id='word_1_559' title='bbox 646 4075 753 4130; x_wconf 82' lang='grc' dir='ltr'>Καὶ</span> <span class='ocrx_word' id='word_1_560' title='bbox 784 4077 818 4145; x_wconf 81' lang='grc' dir='ltr'>ἡ</span> <span class='ocrx_word' id='word_1_561' title='bbox 856 4077 950 4149; x_wconf 76' lang='grc' dir='ltr'>μὲν</span> <span class='ocrx_word' id='word_1_562' title='bbox 995 4074 1202 4146; x_wconf 79' lang='grc' dir='ltr'>ε’ίδησις</span> <span class='ocrx_word' id='word_1_563' title='bbox 1259 4077 1537 4151; x_wconf 88' lang='grc' dir='ltr'>ἐπιστήμη</span> <span class='ocrx_word' id='word_1_564' title='bbox 1590 4083 1698 4133; x_wconf 82' lang='grc' dir='ltr'><strong>τῶν</strong></span> <span class='ocrx_word' id='word_1_565' title='bbox 1748 4080 1864 4134; x_wconf 81' lang='grc' dir='ltr'>καθ’</span> <span class='ocrx_word' id='word_1_566' title='bbox 1914 4078 2049 4134; x_wconf 82' lang='grc' dir='ltr'>ὅλου</span> 
     </span>
    </p>
   </div>
   <div class='ocr_carea' id='block_1_70' title="bbox 387 4160 2051 4244">
    <p class='ocr_par' dir='ltr' id='par_1_70' title="bbox 387 4160 2051 4244">
     <span class='ocr_line' id='line_1_71' title="bbox 387 4160 2051 4244; baseline 0.005 -29"><span class='ocrx_word' id='word_1_567' title='bbox 387 4167 503 4215; x_wconf 90' lang='grc' dir='ltr'>κατ’</span> <span class='ocrx_word' id='word_1_568' title='bbox 534 4160 677 4226; x_wconf 76' lang='grc' dir='ltr'>εἶδος</span> <span class='ocrx_word' id='word_1_569' title='bbox 710 4162 794 4236; x_wconf 68' lang='grc' dir='ltr'>ε’ίη</span> <span class='ocrx_word' id='word_1_570' title='bbox 829 4161 912 4235; x_wconf 83' lang='grc' dir='ltr'><strong>ἃν,</strong></span> <span class='ocrx_word' id='word_1_571' title='bbox 965 4168 1000 4235; x_wconf 81' lang='grc' dir='ltr'><strong>ἡ</strong></span> <span class='ocrx_word' id='word_1_572' title='bbox 1060 4164 1117 4220; x_wconf 72' lang='grc' dir='ltr'><strong>δὲ</strong></span> <span class='ocrx_word' id='word_1_573' title='bbox 1163 4165 1416 4244; x_wconf 80' lang='grc' dir='ltr'>ἐμπειρία</span> <span class='ocrx_word' id='word_1_574' title='bbox 1474 4167 1752 4241; x_wconf 74' lang='grc' dir='ltr'>ἐπιστήμη</span> <span class='ocrx_word' id='word_1_575' title='bbox 1812 4168 2051 4244; x_wconf 86' lang='grc' dir='ltr'>περιλη-</span> 
     </span>
    </p>
   </div>
   <div class='ocr_carea' id='block_1_71' title="bbox 385 4250 2045 4332">
    <p class='ocr_par' dir='ltr' id='par_1_71' title="bbox 385 4250 2045 4332">
     <span class='ocr_line' id='line_1_72' title="bbox 385 4250 2045 4332; baseline 0.005 -27"><span class='ocrx_word' id='word_1_576' title='bbox 385 4250 576 4321; x_wconf 81' lang='grc' dir='ltr'>πτίκὴ·</span> <span class='ocrx_word' id='word_1_577' title='bbox 616 4252 756 4309; x_wconf 84' lang='grc' dir='ltr'>ὥστε</span> <span class='ocrx_word' id='word_1_578' title='bbox 785 4255 875 4310; x_wconf 83' lang='grc' dir='ltr'><strong>καὶ</strong></span> <span class='ocrx_word' id='word_1_579' title='bbox 908 4255 1027 4310; x_wconf 78' lang='grc' dir='ltr'>οἷόν</span> <span class='ocrx_word' id='word_1_580' title='bbox 1061 4253 1204 4310; x_wconf 85' lang='grc' dir='ltr'>ἐστιν</span> <span class='ocrx_word' id='word_1_581' title='bbox 1264 4252 1486 4311; x_wconf 75' lang='grc' dir='ltr'>ἕκαστον</span> <span class='ocrx_word' id='word_1_582' title='bbox 1538 4257 2045 4332; x_wconf 85' lang='grc' dir='ltr'>πολυπραγμονεῖν·</span> 
     </span>
    </p>
   </div>
   <div class='ocr_carea' id='block_1_72' title="bbox 386 4339 2044 4421">
    <p class='ocr_par' dir='ltr' id='par_1_72' title="bbox 386 4339 2044 4421">
     <span class='ocr_line' id='line_1_73' title="bbox 386 4339 2044 4421; baseline 0.005 -28"><span class='ocrx_word' id='word_1_583' title='bbox 386 4340 580 4410; x_wconf 87' lang='grc' dir='ltr'>νόησις</span> <span class='ocrx_word' id='word_1_584' title='bbox 629 4339 687 4398; x_wconf 73' lang='grc' dir='ltr'><strong>δὲ</strong></span> <span class='ocrx_word' id='word_1_585' title='bbox 736 4342 1017 4418; x_wconf 86' lang='grc' dir='ltr'>ἐπιστήμη</span> <span class='ocrx_word' id='word_1_586' title='bbox 1077 4349 1298 4416; x_wconf 78' lang='grc' dir='ltr'>νοητοῦ,</span> <span class='ocrx_word' id='word_1_587' title='bbox 1357 4346 1450 4400; x_wconf 81' lang='grc' dir='ltr'><strong>καὶ</strong></span> <span class='ocrx_word' id='word_1_588' title='bbox 1498 4345 1707 4408; x_wconf 82' lang='grc' dir='ltr'>σύνεσις</span> <span class='ocrx_word' id='word_1_589' title='bbox 1766 4345 2044 4421; x_wconf 82' lang='grc' dir='ltr'>ἐπιστήμη</span> 
     </span>
    </p>
   </div>
   <div class='ocr_carea' id='block_1_73' title="bbox 387 4425 2048 4510">
    <p class='ocr_par' dir='ltr' id='par_1_73' title="bbox 387 4425 2048 4510">
     <span class='ocr_line' id='line_1_74' title="bbox 387 4425 2048 4510; baseline 0.004 -26"><span class='ocrx_word' id='word_1_590' title='bbox 387 4425 735 4504; x_wconf 78' lang='grc' dir='ltr'>συμϐλητοῦ,</span> <span class='ocrx_word' id='word_1_591' title='bbox 780 4433 815 4503; x_wconf 75' lang='grc' dir='ltr'><strong>ἢ</strong></span> <span class='ocrx_word' id='word_1_592' title='bbox 868 4429 1183 4508; x_wconf 77' lang='grc' dir='ltr'>σόμϐλησις</span> <span class='ocrx_word' id='word_1_593' title='bbox 1238 4435 1668 4508; x_wconf 81' lang='grc' dir='ltr'>ἀμετάπτωτος,</span> <span class='ocrx_word' id='word_1_594' title='bbox 1712 4434 1747 4504; x_wconf 74' lang='grc' dir='ltr'><strong>ἢ</strong></span> <span class='ocrx_word' id='word_1_595' title='bbox 1798 4431 2048 4510; x_wconf 74' lang='grc' dir='ltr'>συμϐλη-</span> 
     </span>
    </p>
   </div>
   <div class='ocr_carea' id='block_1_74' title="bbox 379 4517 2045 4602">
    <p class='ocr_par' dir='ltr' id='par_1_74' title="bbox 379 4517 2045 4602">
     <span class='ocr_line' id='line_1_75' title="bbox 379 4517 2045 4602; baseline 0.004 -28"><span class='ocrx_word' id='word_1_596' title='bbox 379 4520 512 4589; x_wconf 79' lang='grc' dir='ltr'><strong>τική</strong></span> <span class='ocrx_word' id='word_1_597' title='bbox 556 4517 807 4595; x_wconf 79' lang='grc' dir='ltr'>δύναμις,</span> <span class='ocrx_word' id='word_1_598' title='bbox 855 4524 932 4578; x_wconf 85' lang='grc' dir='ltr'><strong>ὧν</strong></span> <span class='ocrx_word' id='word_1_599' title='bbox 991 4522 1256 4602; x_wconf 79' lang='grc' dir='ltr'>φρόνησίς</span> <span class='ocrx_word' id='word_1_600' title='bbox 1313 4523 1422 4579; x_wconf 90' lang='grc' dir='ltr'>ἐστι</span> <span class='ocrx_word' id='word_1_601' title='bbox 1476 4525 1566 4580; x_wconf 80' lang='grc' dir='ltr'><strong>καὶ</strong></span> <span class='ocrx_word' id='word_1_602' title='bbox 1599 4523 1901 4600; x_wconf 82' lang='grc' dir='ltr'>ἐπιστήμη,</span> <span class='ocrx_word' id='word_1_603' title='bbox 1955 4528 2045 4582; x_wconf 80' lang='grc' dir='ltr'><strong>καὶ</strong></span> 
     </span>
    </p>
   </div>
   <div class='ocr_carea' id='block_1_75' title="bbox 387 4608 2043 4694">
    <p class='ocr_par' dir='ltr' id='par_1_75' title="bbox 387 4608 2043 4694">
     <span class='ocr_line' id='line_1_76' title="bbox 387 4608 2043 4694; baseline 0.007 -32"><span class='ocrx_word' id='word_1_604' title='bbox 387 4608 508 4673; x_wconf 74' lang='grc' dir='ltr'>ἐνὸς</span> <span class='ocrx_word' id='word_1_605' title='bbox 531 4609 622 4665; x_wconf 80' lang='grc' dir='ltr'><strong>καὶ</strong></span> <span class='ocrx_word' id='word_1_606' title='bbox 683 4612 930 4683; x_wconf 71' lang='grc' dir='ltr'>ἑκάστου,</span> <span class='ocrx_word' id='word_1_607' title='bbox 990 4612 1082 4669; x_wconf 79' lang='grc' dir='ltr'><strong>καὶ</strong></span> <span class='ocrx_word' id='word_1_608' title='bbox 1138 4615 1355 4670; x_wconf 83' lang='grc' dir='ltr'>πάντων</span> <span class='ocrx_word' id='word_1_609' title='bbox 1408 4615 1517 4670; x_wconf 76' lang='grc' dir='ltr'>τῶν</span> <span class='ocrx_word' id='word_1_610' title='bbox 1579 4613 1654 4679; x_wconf 67' lang='grc' dir='ltr'><strong>εἲς</strong></span> <span class='ocrx_word' id='word_1_611' title='bbox 1708 4609 1800 4671; x_wconf 75' lang='grc' dir='ltr'>ἕνα</span> <span class='ocrx_word' id='word_1_612' title='bbox 1855 4614 2043 4694; x_wconf 84' lang='grc' dir='ltr'>λόγον·</span> 
     </span>
    </p>
   </div>
   <div class='ocr_carea' id='block_1_76' title="bbox 384 4697 2042 4781">
    <p class='ocr_par' dir='ltr' id='par_1_76' title="bbox 384 4697 2042 4781">
     <span class='ocr_line' id='line_1_77' title="bbox 384 4697 2042 4781; baseline 0.006 -29"><span class='ocrx_word' id='word_1_613' title='bbox 384 4702 586 4772; x_wconf 82' lang='grc' dir='ltr'>γνῶσις</span> <span class='ocrx_word' id='word_1_614' title='bbox 645 4697 702 4756; x_wconf 73' lang='grc' dir='ltr'><strong>δὲ</strong></span> <span class='ocrx_word' id='word_1_615' title='bbox 761 4702 1040 4776; x_wconf 87' lang='grc' dir='ltr'>ἐπιστήμη</span> <span class='ocrx_word' id='word_1_616' title='bbox 1095 4708 1193 4759; x_wconf 83' lang='grc' dir='ltr'><strong>τοῦ</strong></span> <span class='ocrx_word' id='word_1_617' title='bbox 1247 4700 1402 4766; x_wconf 72' lang='grc' dir='ltr'>ὄντος</span> <span class='ocrx_word' id='word_1_618' title='bbox 1458 4704 1646 4776; x_wconf 75' lang='grc' dir='ltr'>αὐτοῦ,</span> <span class='ocrx_word' id='word_1_619' title='bbox 1693 4704 1729 4775; x_wconf 73' lang='grc' dir='ltr'><strong>ἢ</strong></span> <span class='ocrx_word' id='word_1_620' title='bbox 1764 4704 2042 4781; x_wconf 84' lang='grc' dir='ltr'>ἐπιστήμη</span> 
     </span>
    </p>
   </div>
   <div class='ocr_carea' id='block_1_77' title="bbox 2159 3808 3817 3881">
    <p class='ocr_par' dir='ltr' id='par_1_77' title="bbox 2159 3808 3817 3881">
     <span class='ocr_line' id='line_1_78' title="bbox 2159 3808 3817 3881; baseline -0.001 -17"><span class='ocrx_word' id='word_1_621' title='bbox 2159 3808 2326 3874; x_wconf 90' lang='lat' dir='ltr'><strong>Quod</strong></span> <span class='ocrx_word' id='word_1_622' title='bbox 2356 3815 2556 3865; x_wconf 90' lang='lat' dir='ltr'><strong>autem</strong></span> <span class='ocrx_word' id='word_1_623' title='bbox 2586 3809 2938 3881; x_wconf 89' lang='lat' dir='ltr'><strong>dimovetur,</strong></span> <span class='ocrx_word' id='word_1_624' title='bbox 2971 3816 3037 3865; x_wconf 91' lang='lat' dir='ltr'><strong>ut</strong></span> <span class='ocrx_word' id='word_1_625' title='bbox 3057 3809 3138 3877; x_wconf 93' lang='lat' dir='ltr'><strong>id,</strong></span> <span class='ocrx_word' id='word_1_626' title='bbox 3163 3808 3323 3880; x_wconf 92' lang='lat' dir='ltr'><strong>quod</strong></span> <span class='ocrx_word' id='word_1_627' title='bbox 3344 3808 3729 3864; x_wconf 88' lang='lat' dir='ltr'><strong>constituitur</strong></span> <span class='ocrx_word' id='word_1_628' title='bbox 3750 3823 3817 3862; x_wconf 89' lang='lat' dir='ltr'><strong>ac</strong></span> 
     </span>
    </p>
   </div>
   <div class='ocr_carea' id='block_1_78' title="bbox 2165 3900 3820 3972">
    <p class='ocr_par' dir='ltr' id='par_1_78' title="bbox 2165 3900 3820 3972">
     <span class='ocr_line' id='line_1_79' title="bbox 2165 3900 3820 3972; baseline -0.001 -18"><span class='ocrx_word' id='word_1_629' title='bbox 2165 3900 2575 3972; x_wconf 88' lang='lat' dir='ltr'><strong>confirmatur,</strong></span> <span class='ocrx_word' id='word_1_630' title='bbox 2626 3917 2662 3955; x_wconf 90' lang='lat' dir='ltr'><strong>a</strong></span> <span class='ocrx_word' id='word_1_631' title='bbox 2709 3902 2960 3969; x_wconf 89' lang='lat' dir='ltr'><strong>ratione,</strong></span> <span class='ocrx_word' id='word_1_632' title='bbox 3015 3905 3105 3955; x_wconf 89' lang='lat' dir='ltr'><strong>est</strong></span> <span class='ocrx_word' id='word_1_633' title='bbox 3147 3900 3208 3953; x_wconf 91' lang='lat' dir='ltr'><strong>in</strong></span> <span class='ocrx_word' id='word_1_634' title='bbox 3256 3904 3460 3954; x_wconf 88' lang='lat' dir='ltr'><strong>nostra</strong></span> <span class='ocrx_word' id='word_1_635' title='bbox 3507 3903 3820 3970; x_wconf 87' lang='lat' dir='ltr'><strong>potestate.</strong></span> 
     </span>
    </p>
   </div>
   <div class='ocr_carea' id='block_1_79' title="bbox 2163 3990 3820 4063">
    <p class='ocr_par' dir='ltr' id='par_1_79' title="bbox 2163 3990 3820 4063">
     <span class='ocr_line' id='line_1_80' title="bbox 2163 3990 3820 4063; baseline -0.001 -18"><span class='ocrx_word' id='word_1_636' title='bbox 2163 3991 2435 4046; x_wconf 69' lang='lat' dir='ltr'><strong>Scientiae</strong></span> <span class='ocrx_word' id='word_1_637' title='bbox 2468 3997 2665 4048; x_wconf 87' lang='lat' dir='ltr'><strong>autem</strong></span> <span class='ocrx_word' id='word_1_638' title='bbox 2690 3998 2782 4047; x_wconf 91' lang='lat' dir='ltr'><strong>est</strong></span> <span class='ocrx_word' id='word_1_639' title='bbox 2801 3992 3084 4063; x_wconf 90' lang='lat' dir='ltr'><strong>adjuncta</strong></span> <span class='ocrx_word' id='word_1_640' title='bbox 3114 3996 3172 4046; x_wconf 88' lang='lat' dir='ltr'><strong>et</strong></span> <span class='ocrx_word' id='word_1_641' title='bbox 3201 3990 3585 4061; x_wconf 84' lang='lat' dir='ltr'><strong>experientia,</strong></span> <span class='ocrx_word' id='word_1_642' title='bbox 3611 3995 3669 4043; x_wconf 92' lang='lat' dir='ltr'><strong>et</strong></span> <span class='ocrx_word' id='word_1_643' title='bbox 3689 4007 3820 4060; x_wconf 66' lang='lat' dir='ltr'><strong>quas</strong></span> 
     </span>
    </p>
   </div>
   <div class='ocr_carea' id='block_1_80' title="bbox 2163 4078 3824 4152">
    <p class='ocr_par' dir='ltr' id='par_1_80' title="bbox 2163 4078 3824 4152">
     <span class='ocr_line' id='line_1_81' title="bbox 2163 4078 3824 4152; baseline -0.001 -16"><span class='ocrx_word' id='word_1_644' title='bbox 2163 4082 2359 4137; x_wconf 72' lang='lat' dir='ltr'><strong>Graace</strong></span> <span class='ocrx_word' id='word_1_645' title='bbox 2388 4082 2608 4137; x_wconf 89' lang='lat' dir='ltr'><strong>dicitur</strong></span> <span class='ocrx_word' id='word_1_646' title='bbox 2638 4079 2871 4151; x_wconf 84' lang='grc' dir='ltr'>εἷ’δησις,</span> <span class='ocrx_word' id='word_1_647' title='bbox 2904 4086 2965 4137; x_wconf 90' lang='lat' dir='ltr'><strong>et</strong></span> <span class='ocrx_word' id='word_1_648' title='bbox 2993 4099 3125 4152; x_wconf 65' lang='lat' dir='ltr'><strong>qua)</strong></span> <span class='ocrx_word' id='word_1_649' title='bbox 3159 4078 3367 4142; x_wconf 84' lang='grc' dir='ltr'>σύνεσις</span> <span class='ocrx_word' id='word_1_650' title='bbox 3397 4086 3455 4136; x_wconf 94' lang='lat' dir='ltr'><strong>et</strong></span> <span class='ocrx_word' id='word_1_651' title='bbox 3485 4080 3824 4151; x_wconf 88' lang='lat' dir='ltr'><strong>intelligen-</strong></span> 
     </span>
    </p>
   </div>
   <div class='ocr_carea' id='block_1_81' title="bbox 2160 4167 3814 4246">
    <p class='ocr_par' dir='ltr' id='par_1_81' title="bbox 2160 4167 3814 4246">
     <span class='ocr_line' id='line_1_82' title="bbox 2160 4167 3814 4246; baseline 0 -20"><span class='ocrx_word' id='word_1_652' title='bbox 2160 4171 2261 4241; x_wconf 91' lang='lat' dir='ltr'><strong>tia,</strong></span> <span class='ocrx_word' id='word_1_653' title='bbox 2297 4179 2354 4228; x_wconf 92' lang='lat' dir='ltr'><strong>et</strong></span> <span class='ocrx_word' id='word_1_654' title='bbox 2385 4173 2661 4246; x_wconf 89' lang='lat' dir='ltr'><strong>cognitio.</strong></span> <span class='ocrx_word' id='word_1_655' title='bbox 2694 4176 2765 4228; x_wconf 91' lang='lat' dir='ltr'><strong>Et</strong></span> <span class='ocrx_word' id='word_1_656' title='bbox 2793 4174 2905 4229; x_wconf 91' lang='lat' dir='ltr'><strong>erit</strong></span> <span class='ocrx_word' id='word_1_657' title='bbox 2935 4173 3179 4244; x_wconf 92' lang='lat' dir='ltr'><strong>quidem</strong></span> <span class='ocrx_word' id='word_1_658' title='bbox 3211 4167 3445 4241; x_wconf 81' lang='grc' dir='ltr'>εἷ’δησις,</span> <span class='ocrx_word' id='word_1_659' title='bbox 3497 4171 3814 4226; x_wconf 87' lang='lat' dir='ltr'><strong>universo-</strong></span> 
     </span>
    </p>
   </div>
   <div class='ocr_carea' id='block_1_82' title="bbox 2158 4261 3819 4335">
    <p class='ocr_par' dir='ltr' id='par_1_82' title="bbox 2158 4261 3819 4335">
     <span class='ocr_line' id='line_1_83' title="bbox 2158 4261 3819 4335; baseline -0.001 -18"><span class='ocrx_word' id='word_1_660' title='bbox 2158 4279 2293 4317; x_wconf 85' lang='lat' dir='ltr'><strong>rum</strong></span> <span class='ocrx_word' id='word_1_661' title='bbox 2318 4263 2569 4318; x_wconf 89' lang='lat' dir='ltr'><strong>scientia</strong></span> <span class='ocrx_word' id='word_1_662' title='bbox 2589 4281 2696 4334; x_wconf 93' lang='lat' dir='ltr'><strong>per</strong></span> <span class='ocrx_word' id='word_1_663' title='bbox 2717 4263 2964 4335; x_wconf 89' lang='lat' dir='ltr'><strong>species.</strong></span> <span class='ocrx_word' id='word_1_664' title='bbox 2990 4261 3369 4334; x_wconf 85' lang='lat' dir='ltr'><strong>Experientia</strong></span> <span class='ocrx_word' id='word_1_665' title='bbox 3384 4266 3607 4330; x_wconf 87' lang='lat' dir='ltr'><strong>autem,</strong></span> <span class='ocrx_word' id='word_1_666' title='bbox 3625 4262 3819 4318; x_wconf 89' lang='lat' dir='ltr'><strong>scien-</strong></span> 
     </span>
    </p>
   </div>
   <div class='ocr_carea' id='block_1_83' title="bbox 2159 4351 3818 4423">
    <p class='ocr_par' dir='ltr' id='par_1_83' title="bbox 2159 4351 3818 4423">
     <span class='ocr_line' id='line_1_84' title="bbox 2159 4351 3818 4423; baseline -0.001 -17"><span class='ocrx_word' id='word_1_667' title='bbox 2159 4351 2244 4407; x_wconf 86' lang='lat' dir='ltr'><strong>tia</strong></span> <span class='ocrx_word' id='word_1_668' title='bbox 2292 4352 2804 4423; x_wconf 88' lang='lat' dir='ltr'><strong>comprehensiva,</strong></span> <span class='ocrx_word' id='word_1_669' title='bbox 2857 4369 2987 4423; x_wconf 84' lang='lat' dir='ltr'><strong>quae</strong></span> <span class='ocrx_word' id='word_1_670' title='bbox 3038 4351 3366 4423; x_wconf 85' lang='lat' dir='ltr'><strong>singularia</strong></span> <span class='ocrx_word' id='word_1_671' title='bbox 3407 4355 3818 4423; x_wconf 87' lang='lat' dir='ltr'><strong>perscrutatur</strong></span> 
     </span>
    </p>
   </div>
   <div class='ocr_carea' id='block_1_84' title="bbox 2158 4441 3813 4515">
    <p class='ocr_par' dir='ltr' id='par_1_84' title="bbox 2158 4441 3813 4515">
     <span class='ocr_line' id='line_1_85' title="bbox 2158 4441 3813 4515; baseline -0.001 -19"><span class='ocrx_word' id='word_1_672' title='bbox 2158 4441 2453 4513; x_wconf 90' lang='lat' dir='ltr'><strong>quomodo</strong></span> <span class='ocrx_word' id='word_1_673' title='bbox 2478 4459 2540 4498; x_wconf 92' lang='lat' dir='ltr'><strong>se</strong></span> <span class='ocrx_word' id='word_1_674' title='bbox 2561 4441 2841 4499; x_wconf 87' lang='lat' dir='ltr'><strong>habeant.</strong></span> <span class='ocrx_word' id='word_1_675' title='bbox 2870 4442 3270 4515; x_wconf 89' lang='lat' dir='ltr'><strong>Intelligentia</strong></span> <span class='ocrx_word' id='word_1_676' title='bbox 3290 4445 3487 4498; x_wconf 92' lang='lat' dir='ltr'><strong>autem</strong></span> <span class='ocrx_word' id='word_1_677' title='bbox 3511 4446 3602 4497; x_wconf 89' lang='lat' dir='ltr'><strong>est</strong></span> <span class='ocrx_word' id='word_1_678' title='bbox 3621 4441 3813 4496; x_wconf 90' lang='lat' dir='ltr'><strong>scien-</strong></span> 
     </span>
    </p>
   </div>
   <div class='ocr_carea' id='block_1_85' title="bbox 2157 4528 3821 4605">
    <p class='ocr_par' dir='ltr' id='par_1_85' title="bbox 2157 4528 3821 4605">
     <span class='ocr_line' id='line_1_86' title="bbox 2157 4528 3821 4605; baseline 0 -19"><span class='ocrx_word' id='word_1_679' title='bbox 2157 4533 2240 4587; x_wconf 86' lang='lat' dir='ltr'><strong>tia</strong></span> <span class='ocrx_word' id='word_1_680' title='bbox 2269 4533 2421 4605; x_wconf 90' lang='lat' dir='ltr'><strong>ejus,</strong></span> <span class='ocrx_word' id='word_1_681' title='bbox 2446 4533 2604 4604; x_wconf 92' lang='lat' dir='ltr'><strong>quod</strong></span> <span class='ocrx_word' id='word_1_682' title='bbox 2628 4533 2756 4589; x_wconf 91' lang='lat' dir='ltr'><strong>sola</strong></span> <span class='ocrx_word' id='word_1_683' title='bbox 2775 4538 2976 4589; x_wconf 90' lang='lat' dir='ltr'><strong>mente</strong></span> <span class='ocrx_word' id='word_1_684' title='bbox 3007 4532 3354 4605; x_wconf 88' lang='lat' dir='ltr'><strong>percipitur.</strong></span> <span class='ocrx_word' id='word_1_685' title='bbox 3388 4534 3458 4586; x_wconf 89' lang='lat' dir='ltr'><strong>Et</strong></span> <span class='ocrx_word' id='word_1_686' title='bbox 3486 4528 3696 4592; x_wconf 79' lang='grc' dir='ltr'>σύνεσις</span> <span class='ocrx_word' id='word_1_687' title='bbox 3731 4537 3821 4586; x_wconf 93' lang='lat' dir='ltr'><strong>est</strong></span> 
     </span>
    </p>
   </div>
   <div class='ocr_carea' id='block_1_86' title="bbox 2159 4618 3817 4697">
    <p class='ocr_par' dir='ltr' id='par_1_86' title="bbox 2159 4618 3817 4697">
     <span class='ocr_line' id='line_1_87' title="bbox 2159 4618 3817 4697; baseline -0.001 -19"><span class='ocrx_word' id='word_1_688' title='bbox 2159 4623 2410 4679; x_wconf 89' lang='lat' dir='ltr'><strong>scientia</strong></span> <span class='ocrx_word' id='word_1_689' title='bbox 2441 4624 2591 4697; x_wconf 90' lang='lat' dir='ltr'><strong>ejus,</strong></span> <span class='ocrx_word' id='word_1_690' title='bbox 2625 4623 2786 4696; x_wconf 92' lang='lat' dir='ltr'><strong>quod</strong></span> <span class='ocrx_word' id='word_1_691' title='bbox 2817 4629 3014 4697; x_wconf 90' lang='lat' dir='ltr'><strong>potest</strong></span> <span class='ocrx_word' id='word_1_692' title='bbox 3044 4623 3106 4678; x_wconf 92' lang='lat' dir='ltr'><strong>in</strong></span> <span class='ocrx_word' id='word_1_693' title='bbox 3159 4639 3347 4679; x_wconf 89' lang='lat' dir='ltr'><strong>unum</strong></span> <span class='ocrx_word' id='word_1_694' title='bbox 3398 4621 3678 4690; x_wconf 89' lang='lat' dir='ltr'><strong>conferri,</strong></span> <span class='ocrx_word' id='word_1_695' title='bbox 3713 4618 3817 4677; x_wconf 76' lang='lat' dir='ltr'><strong>aut</strong></span> 
     </span>
    </p>
   </div>
   <div class='ocr_carea' id='block_1_87' title="bbox 2158 4711 3817 4786">
    <p class='ocr_par' dir='ltr' id='par_1_87' title="bbox 2158 4711 3817 4786">
     <span class='ocr_line' id='line_1_88' title="bbox 2158 4711 3817 4786; baseline -0.002 -18"><span class='ocrx_word' id='word_1_696' title='bbox 2158 4729 2464 4786; x_wconf 89' lang='lat' dir='ltr'><strong>compago,</strong></span> <span class='ocrx_word' id='word_1_697' title='bbox 2499 4730 2630 4785; x_wconf 67' lang='lat' dir='ltr'><strong>quas</strong></span> <span class='ocrx_word' id='word_1_698' title='bbox 2661 4713 2946 4769; x_wconf 88' lang='lat' dir='ltr'><strong>dimoveri</strong></span> <span class='ocrx_word' id='word_1_699' title='bbox 2988 4729 3108 4768; x_wconf 90' lang='lat' dir='ltr'><strong>non</strong></span> <span class='ocrx_word' id='word_1_700' title='bbox 3138 4717 3368 4784; x_wconf 89' lang='lat' dir='ltr'><strong>potest:</strong></span> <span class='ocrx_word' id='word_1_701' title='bbox 3418 4717 3519 4768; x_wconf 91' lang='lat' dir='ltr'><strong>aut</strong></span> <span class='ocrx_word' id='word_1_702' title='bbox 3565 4711 3817 4767; x_wconf 87' lang='lat' dir='ltr'><strong>facultas</strong></span> 
     </span>
    </p>
   </div>
   <div class='ocr_carea' id='block_1_88' title="bbox 384 4783 2054 4876">
    <p class='ocr_par' dir='ltr' id='par_1_88' title="bbox 384 4792 2045 4871">
     <span class='ocr_line' id='line_1_89' title="bbox 384 4792 2045 4871; baseline 0.007 -30"><span class='ocrx_word' id='word_1_703' title='bbox 384 4808 682 4868; x_wconf 75' lang='grc' dir='ltr'>συμφωνος</span> <span class='ocrx_word' id='word_1_704' title='bbox 711 4797 828 4856; x_wconf 86' lang='grc' dir='ltr'>τοῖς</span> <span class='ocrx_word' id='word_1_705' title='bbox 860 4792 1197 4869; x_wconf 73' lang='grc' dir='ltr'>γινομένοις·</span> <span class='ocrx_word' id='word_1_706' title='bbox 1230 4793 1464 4866; x_wconf 79' lang='grc' dir='ltr'>ἀλήθειά</span> <span class='ocrx_word' id='word_1_707' title='bbox 1486 4816 1546 4850; x_wconf 88' lang='grc' dir='ltr'><strong>τε</strong></span> <span class='ocrx_word' id='word_1_708' title='bbox 1593 4795 1870 4871; x_wconf 86' lang='grc' dir='ltr'>ἐπιστήμη</span> <span class='ocrx_word' id='word_1_709' title='bbox 1907 4794 2045 4870; x_wconf 86' lang='grc' dir='ltr'>ἀλη-</span> 
     </span>
    </p>
   </div>
   <div class='ocr_carea' id='block_1_89' title="bbox 2174 4783 3819 4876">
    <p class='ocr_par' dir='ltr' id='par_1_89' title="bbox 2174 4783 3819 4876">
     <span class='ocr_line' id='line_1_90' title="bbox 2174 4783 3819 4876; baseline -0.002 -19"><span class='ocrx_word' id='word_1_710' title='bbox 2174 4783 2338 4857; x_wconf 69' lang='lat' dir='ltr'><strong>simul</strong></span> <span class='ocrx_word' id='word_1_711' title='bbox 2354 4783 2700 4858; x_wconf 72' lang='lat' dir='ltr'><strong>conferendi</strong></span> <span class='ocrx_word' id='word_1_712' title='bbox 2719 4819 2810 4873; x_wconf 90' lang='lat' dir='ltr'><strong>eo,</strong></span> <span class='ocrx_word' id='word_1_713' title='bbox 2836 4804 2994 4860; x_wconf 89' lang='lat' dir='ltr'><strong>circa</strong></span> <span class='ocrx_word' id='word_1_714' title='bbox 3011 4783 3479 4876; x_wconf 19' lang='lat' dir='ltr'><strong>quaaiversantur</strong></span> <span class='ocrx_word' id='word_1_715' title='bbox 3499 4800 3819 4875; x_wconf 88' lang='lat' dir='ltr'><strong>prudentia</strong></span> 
     </span>
    </p>
   </div>
   <div class='ocr_carea' id='block_1_90' title="bbox 453 4947 2054 5030">
    <p class='ocr_par' dir='ltr' id='par_1_90' title="bbox 453 4947 2054 5030">
     <span class='ocr_line' id='line_1_91' title="bbox 453 4947 2054 5030; baseline 0.008 -31"><span class='ocrx_word' id='word_1_716' title='bbox 453 4957 517 5021; x_wconf 78' lang='grc' dir='ltr'><strong>›χ‹</strong></span> <span class='ocrx_word' id='word_1_717' title='bbox 547 4947 610 5002; x_wconf 91' lang='grc' dir='ltr'><strong>Ρ.</strong></span> <span class='ocrx_word' id='word_1_718' title='bbox 636 4947 740 5003; x_wconf 76' lang='grc'><strong>468</strong></span> <span class='ocrx_word' id='word_1_719' title='bbox 773 4949 884 5003; x_wconf 92' lang='lat' dir='ltr'><strong>ED.</strong></span> <span class='ocrx_word' id='word_1_720' title='bbox 921 4949 1214 5019; x_wconf 84' lang='lat' dir='ltr'><strong>POTTER,</strong></span> <span class='ocrx_word' id='word_1_721' title='bbox 1248 4953 1486 5007; x_wconf 83' lang='lat'><strong>392-393</strong></span> <span class='ocrx_word' id='word_1_722' title='bbox 1513 4953 1625 5009; x_wconf 87' lang='grc' dir='ltr'><strong>ΕΙ).</strong></span> <span class='ocrx_word' id='word_1_723' title='bbox 1659 4954 1891 5013; x_wconf 82' lang='lat' dir='ltr'><strong>PARIS.</strong></span> <span class='ocrx_word' id='word_1_724' title='bbox 1913 4955 1993 5030; x_wconf 89' lang='lat' dir='ltr'><strong>(a)</strong></span> <span class='ocrx_word' id='word_1_725' title='bbox 2025 4957 2054 5012; x_wconf 63' lang='grc' dir='ltr'><strong>ἓ</strong></span> 
     </span>
    </p>
   </div>
   <div class='ocr_carea' id='block_1_91' title="bbox 2174 4947 3057 5030">
    <p class='ocr_par' dir='ltr' id='par_1_91' title="bbox 2179 4958 3057 5030">
     <span class='ocr_line' id='line_1_92' title="bbox 2179 4958 3057 5030; baseline 0.007 -16"><span class='ocrx_word' id='word_1_726' title='bbox 2179 5002 2192 5014; x_wconf 93' lang='grc'><strong>.</strong></span> <span class='ocrx_word' id='word_1_727' title='bbox 2225 4975 2277 5027; x_wconf 90' lang='lat' dir='ltr'><strong>v,</strong></span> <span class='ocrx_word' id='word_1_728' title='bbox 2310 4959 2399 5014; x_wconf 88' lang='lat'><strong>22.</strong></span> <span class='ocrx_word' id='word_1_729' title='bbox 2432 4958 2509 5030; x_wconf 88' lang='lat' dir='ltr'><strong>(b)</strong></span> <span class='ocrx_word' id='word_1_730' title='bbox 2536 4961 2709 5018; x_wconf 89' lang='lat' dir='ltr'><strong>Prov.</strong></span> <span class='ocrx_word' id='word_1_731' title='bbox 2741 4976 2934 5028; x_wconf 80' lang='lat' dir='ltr'><strong>xxvm,</strong></span> <span class='ocrx_word' id='word_1_732' title='bbox 2967 4962 3057 5020; x_wconf 75' lang='grc'><strong>14.</strong></span> 
     </span>
    </p>
   </div>
   <div class='ocr_carea' id='block_1_92' title="bbox 383 5101 2045 5179">
    <p class='ocr_par' dir='ltr' id='par_1_92' title="bbox 383 5101 2045 5179">
     <span class='ocr_line' id='line_1_93' title="bbox 383 5101 2045 5179; baseline 0.005 -23"><span class='ocrx_word' id='word_1_733' title='bbox 383 5101 669 5179; x_wconf 58' lang='lat' dir='ltr'><strong>mundum</strong></span> <span class='ocrx_word' id='word_1_734' title='bbox 683 5103 853 5179; x_wconf 81' lang='lat' dir='ltr'><strong>Deum</strong></span> <span class='ocrx_word' id='word_1_735' title='bbox 870 5117 992 5179; x_wconf 72' lang='lat' dir='ltr'><strong>esse</strong></span> <span class='ocrx_word' id='word_1_736' title='bbox 1040 5101 1233 5157; x_wconf 86' lang='lat' dir='ltr'><strong>dicunt</strong></span> <span class='ocrx_word' id='word_1_737' title='bbox 1260 5121 1288 5179; x_wconf 84' lang='lat'><strong>;_</strong></span> <span class='ocrx_word' id='word_1_738' title='bbox 1328 5105 1502 5179; x_wconf 78' lang='lat' dir='ltr'><strong>Stoici</strong></span> <span class='ocrx_word' id='word_1_739' title='bbox 1555 5108 1777 5176; x_wconf 87' lang='lat' dir='ltr'><strong>quidem</strong></span> <span class='ocrx_word' id='word_1_740' title='bbox 1821 5110 2045 5179; x_wconf 80' lang='lat' dir='ltr'><strong>prima-</strong></span> 
     </span>
    </p>
   </div>
   <div class='ocr_carea' id='block_1_93' title="bbox 386 5173 2048 5252">
    <p class='ocr_par' dir='ltr' id='par_1_93' title="bbox 386 5173 2048 5252">
     <span class='ocr_line' id='line_1_94' title="bbox 386 5173 2048 5252; baseline 0.005 -24"><span class='ocrx_word' id='word_1_741' title='bbox 386 5175 573 5252; x_wconf 81' lang='lat' dir='ltr'><strong>rium;</strong></span> <span class='ocrx_word' id='word_1_742' title='bbox 601 5173 881 5252; x_wconf 65' lang='lat' dir='ltr'><strong>Piatonici</strong></span> <span class='ocrx_word' id='word_1_743' title='bbox 908 5189 1037 5252; x_wconf 70' lang='lat' dir='ltr'><strong>vero</strong></span> <span class='ocrx_word' id='word_1_744' title='bbox 1084 5175 1470 5252; x_wconf 78' lang='lat' dir='ltr'><strong>secundarium</strong></span> <span class='ocrx_word' id='word_1_745' title='bbox 1501 5193 1521 5237; x_wconf 85' lang='lat'><em>;</em></span> <span class='ocrx_word' id='word_1_746' title='bbox 1562 5173 1917 5252; x_wconf 23' lang='lat' dir='ltr'><strong>inecudesu—nt,</strong></span> <span class='ocrx_word' id='word_1_747' title='bbox 1949 5183 2048 5252; x_wconf 86' lang='lat' dir='ltr'><strong>qui</strong></span> 
     </span>
    </p>
   </div>
   <div class='ocr_carea' id='block_1_94' title="bbox 390 5244 2047 5323">
    <p class='ocr_par' dir='ltr' id='par_1_94' title="bbox 390 5244 2047 5323">
     <span class='ocr_line' id='line_1_95' title="bbox 390 5244 2047 5323; baseline 0.005 -24"><span class='ocrx_word' id='word_1_748' title='bbox 390 5244 614 5323; x_wconf 60' lang='lat' dir='ltr'><strong>tertium</strong></span> <span class='ocrx_word' id='word_1_749' title='bbox 643 5248 792 5323; x_wconf 61' lang='lat' dir='ltr'><strong>inter</strong></span> <span class='ocrx_word' id='word_1_750' title='bbox 820 5245 944 5300; x_wconf 87' lang='lat' dir='ltr'><strong>deos</strong></span> <span class='ocrx_word' id='word_1_751' title='bbox 975 5245 1150 5323; x_wconf 84' lang='lat' dir='ltr'><strong>locum</strong></span> <span class='ocrx_word' id='word_1_752' title='bbox 1172 5247 1223 5300; x_wconf 86' lang='lat' dir='ltr'><strong>ei</strong></span> <span class='ocrx_word' id='word_1_753' title='bbox 1244 5250 1544 5323; x_wconf 61' lang='lat' dir='ltr'><strong>assignent.</strong></span> <span class='ocrx_word' id='word_1_754' title='bbox 1571 5250 1857 5321; x_wconf 81' lang='lat' dir='ltr'><strong>Dydimus</strong></span> <span class='ocrx_word' id='word_1_755' title='bbox 1889 5244 2047 5323; x_wconf 71' lang='lat' dir='ltr'><strong>apud</strong></span> 
     </span>
    </p>
   </div>
   <div class='ocr_carea' id='block_1_95' title="bbox 382 5307 2048 5406">
    <p class='ocr_par' dir='ltr' id='par_1_95' title="bbox 382 5307 2048 5406">
     <span class='ocr_line' id='line_1_96' title="bbox 382 5307 2048 5406; baseline 0.004 -36"><span class='ocrx_word' id='word_1_756' title='bbox 382 5317 708 5406; x_wconf 42' lang='lat' dir='ltr'><strong>Eu‘se‘biu&#39;r‘n</strong></span> <span class='ocrx_word' id='word_1_757' title='bbox 740 5319 811 5373; x_wconf 90' lang='lat' dir='ltr'><strong>De</strong></span> <span class='ocrx_word' id='word_1_758' title='bbox 825 5321 1244 5406; x_wconf 65' lang='lat' dir='ltr'><strong>prmparationc</strong></span> <span class='ocrx_word' id='word_1_759' title='bbox 1291 5307 1553 5406; x_wconf 50' lang='lat' dir='ltr'><strong>Epvanglel.</strong></span> <span class='ocrx_word' id='word_1_760' title='bbox 1607 5307 1845 5406; x_wconf 31' lang='lat' dir='ltr'><strong>l‘ib.‘xv_:</strong></span> <span class='ocrx_word' id='word_1_761' title='bbox 1881 5307 2048 5378; x_wconf 58' lang='grc' dir='ltr'><strong>Εὶοϊζ-</strong></span> 
     </span>
    </p>
   </div>
   <div class='ocr_carea' id='block_1_96' title="bbox 391 5385 2045 5469">
    <p class='ocr_par' dir='ltr' id='par_1_96' title="bbox 391 5385 2045 5469">
     <span class='ocr_line' id='line_1_97' title="bbox 391 5385 2045 5469; baseline 0.005 -28"><span class='ocrx_word' id='word_1_762' title='bbox 391 5387 479 5442; x_wconf 77' lang='grc' dir='ltr'><strong>καὶ</strong></span> <span class='ocrx_word' id='word_1_763' title='bbox 513 5385 754 5469; x_wconf 41' lang='grc' dir='ltr'>δὶηὸλον</span> <span class='ocrx_word' id='word_1_764' title='bbox 784 5385 1234 5469; x_wconf 35' lang='grc' dir='ltr'>τδνικόσμονισὺν</span> <span class='ocrx_word' id='word_1_765' title='bbox 1266 5394 1385 5450; x_wconf 88' lang='grc' dir='ltr'>τοῖς</span> <span class='ocrx_word' id='word_1_766' title='bbox 1419 5385 1632 5466; x_wconf 68' lang='grc' dir='ltr'>μέρεσιν</span> <span class='ocrx_word' id='word_1_767' title='bbox 1676 5392 1865 5463; x_wconf 76' lang='grc' dir='ltr'>αὐτοῦ,</span> <span class='ocrx_word' id='word_1_768' title='bbox 1905 5415 2045 5469; x_wconf 81' lang='grc' dir='ltr'>προ-</span> 
     </span>
    </p>
   </div>
   <div class='ocr_carea' id='block_1_97' title="bbox 389 5458 2043 5536">
    <p class='ocr_par' dir='ltr' id='par_1_97' title="bbox 389 5458 2043 5536">
     <span class='ocr_line' id='line_1_98' title="bbox 389 5458 2043 5536; baseline 0.006 -23"><span class='ocrx_word' id='word_1_769' title='bbox 389 5458 743 5536; x_wconf 12' lang='grc' dir='ltr'>σαγορεύουῄσι</span> <span class='ocrx_word' id='word_1_770' title='bbox 804 5460 952 5536; x_wconf 73' lang='grc' dir='ltr'>Θεόν.</span> <span class='ocrx_word' id='word_1_771' title='bbox 1013 5458 1187 5536; x_wconf 72' lang='lat' dir='ltr'><strong>Stoici</strong></span> <span class='ocrx_word' id='word_1_772' title='bbox 1244 5458 1428 5517; x_wconf 77' lang='lat' dir='ltr'><strong>autem</strong></span> <span class='ocrx_word' id='word_1_773' title='bbox 1444 5505 1457 5530; x_wconf 92' lang='lat'><strong>,</strong></span> <span class='ocrx_word' id='word_1_774' title='bbox 1490 5458 1696 5520; x_wconf 56' lang='lat' dir='ltr'><strong>&#39;totum</strong></span> <span class='ocrx_word' id='word_1_775' title='bbox 1749 5458 2043 5536; x_wconf 74' lang='lat' dir='ltr'><strong>mundum,</strong></span> 
     </span>
    </p>
   </div>
   <div class='ocr_carea' id='block_1_98' title="bbox 385 5534 2040 5612">
    <p class='ocr_par' dir='ltr' id='par_1_98' title="bbox 385 5534 2040 5612">
     <span class='ocr_line' id='line_1_99' title="bbox 385 5534 2040 5612; baseline 0.003 -24"><span class='ocrx_word' id='word_1_776' title='bbox 385 5549 506 5612; x_wconf 65' lang='lat' dir='ltr'><strong>gum</strong></span> <span class='ocrx_word' id='word_1_777' title='bbox 531 5534 791 5612; x_wconf 68' lang='lat' dir='ltr'><strong>partibus</strong></span> <span class='ocrx_word' id='word_1_778' title='bbox 851 5535 988 5604; x_wconf 79' lang='lat' dir='ltr'><strong>ejus,</strong></span> <span class='ocrx_word' id='word_1_779' title='bbox 1024 5535 1188 5612; x_wconf 78' lang='lat' dir='ltr'><strong>Deum</strong></span> <span class='ocrx_word' id='word_1_780' title='bbox 1235 5536 1543 5606; x_wconf 82' lang='lat' dir='ltr'><strong>appellant.</strong></span> <span class='ocrx_word' id='word_1_781' title='bbox 1599 5538 1822 5594; x_wconf 88' lang='lat' dir='ltr'><strong>Seneca</strong></span> <span class='ocrx_word' id='word_1_782' title='bbox 1869 5534 2040 5612; x_wconf 72' lang='lat' dir='ltr'><strong>epist.</strong></span> 
     </span>
    </p>
   </div>
   <div class='ocr_carea' id='block_1_99' title="bbox 385 5607 2045 5678">
    <p class='ocr_par' dir='ltr' id='par_1_99' title="bbox 385 5607 2045 5678">
     <span class='ocr_line' id='line_1_100' title="bbox 385 5607 2045 5678; baseline 0.005 -19"><span class='ocrx_word' id='word_1_783' title='bbox 385 5608 452 5659; x_wconf 86' lang='grc'><strong>97</strong></span> <span class='ocrx_word' id='word_1_784' title='bbox 481 5621 492 5660; x_wconf 90' lang='lat'>:</span> <span class='ocrx_word' id='word_1_785' title='bbox 534 5608 727 5661; x_wconf 91' lang='lat' dir='ltr'><strong>Totum</strong></span> <span class='ocrx_word' id='word_1_786' title='bbox 761 5607 860 5660; x_wconf 87' lang='lat' dir='ltr'><strong>hoc</strong></span> <span class='ocrx_word' id='word_1_787' title='bbox 891 5623 1001 5677; x_wconf 90' lang='lat' dir='ltr'><strong>quo</strong></span> <span class='ocrx_word' id='word_1_788' title='bbox 1033 5608 1363 5675; x_wconf 73' lang='lat' dir='ltr'><strong>continetur,</strong></span> <span class='ocrx_word' id='word_1_789' title='bbox 1401 5614 1450 5661; x_wconf 88' lang='lat' dir='ltr'><strong>ct</strong></span> <span class='ocrx_word' id='word_1_790' title='bbox 1475 5625 1646 5664; x_wconf 89' lang='lat' dir='ltr'><strong>unum</strong></span> <span class='ocrx_word' id='word_1_791' title='bbox 1682 5616 1778 5678; x_wconf 87' lang='lat' dir='ltr'><strong>est,</strong></span> <span class='ocrx_word' id='word_1_792' title='bbox 1812 5619 1864 5666; x_wconf 86' lang='lat' dir='ltr'><strong>et</strong></span> <span class='ocrx_word' id='word_1_793' title='bbox 1904 5607 2045 5667; x_wconf 84' lang='lat' dir='ltr'><strong>Deus</strong></span> 
     </span>
    </p>
   </div>
   <div class='ocr_carea' id='block_1_100' title="bbox 386 5679 1504 5748">
    <p class='ocr_par' dir='ltr' id='par_1_100' title="bbox 386 5679 1504 5748">
     <span class='ocr_line' id='line_1_101' title="bbox 386 5679 1504 5748; baseline 0.003 -16"><span class='ocrx_word' id='word_1_794' title='bbox 386 5682 464 5732; x_wconf 85' lang='lat' dir='ltr'><strong>est</strong></span> <span class='ocrx_word' id='word_1_795' title='bbox 486 5694 506 5740; x_wconf 90' lang='lat'><em>;</em></span> <span class='ocrx_word' id='word_1_796' title='bbox 539 5684 590 5732; x_wconf 86' lang='lat' dir='ltr'><strong>et</strong></span> <span class='ocrx_word' id='word_1_797' title='bbox 618 5680 916 5748; x_wconf 11' lang='lat' dir='ltr'><strong>sociigejus,</strong></span> <span class='ocrx_word' id='word_1_798' title='bbox 950 5686 1003 5732; x_wconf 87' lang='lat' dir='ltr'><strong>et</strong></span> <span class='ocrx_word' id='word_1_799' title='bbox 1032 5679 1274 5733; x_wconf 85' lang='lat' dir='ltr'><strong>membra</strong></span> <span class='ocrx_word' id='word_1_800' title='bbox 1302 5696 1504 5736; x_wconf 89' lang='lat' dir='ltr'><strong>sumus.</strong></span> 
     </span>
    </p>
   </div>
   <div class='ocr_carea' id='block_1_101' title="bbox 462 5746 2040 5874">
    <p class='ocr_par' dir='ltr' id='par_1_101' title="bbox 462 5746 2040 5874">
     <span class='ocr_line' id='line_1_102' title="bbox 462 5746 2040 5874; baseline 0.004 -71"><span class='ocrx_word' id='word_1_801' title='bbox 462 5749 538 5874; x_wconf 59' lang='lat'><strong>(241)</strong></span> <span class='ocrx_word' id='word_1_802' title='bbox 574 5746 1173 5824; x_wconf 76' lang='grc' dir='ltr'>Ἀπηλλοτριωμένων.</span> <span class='ocrx_word' id='word_1_803' title='bbox 1210 5751 1521 5823; x_wconf 79' lang='lat' dir='ltr'><strong>Respicere</strong></span> <span class='ocrx_word' id='word_1_804' title='bbox 1546 5753 1779 5809; x_wconf 90' lang='lat' dir='ltr'><strong>videtur</strong></span> <span class='ocrx_word' id='word_1_805' title='bbox 1815 5755 2040 5812; x_wconf 91' lang='lat' dir='ltr'><strong>Coloss.</strong></span> 
     </span>
    </p>
   </div>
   <div class='ocr_carea' id='block_1_102' title="bbox 388 5837 560 5876">
    <p class='ocr_par' dir='ltr' id='par_1_102' title="bbox 388 5837 560 5876">
     <span class='ocr_line' id='line_1_103' title="bbox 388 5837 560 5876; baseline -0.012 0"><span class='ocrx_word' id='word_1_806' title='bbox 388 5837 429 5876; x_wconf 86' lang='grc' dir='ltr'><strong>Ῑ.</strong></span> <span class='ocrx_word' id='word_1_807' title='bbox 467 5837 560 5875; x_wconf 72' lang='grc' dir='ltr'><strong>ΖΙ.</strong></span> 
     </span>
    </p>
   </div>
   <div class='ocr_carea' id='block_1_103' title="bbox 414 5862 2046 5972">
    <p class='ocr_par' dir='ltr' id='par_1_103' title="bbox 414 5862 2046 5972">
     <span class='ocr_line' id='line_1_104' title="bbox 414 5862 2046 5972; baseline -0.01 -14"><span class='ocrx_word' id='word_1_808' title='bbox 414 5862 686 5967; x_wconf 52' lang='grc' dir='ltr'>,(ΞλΤοῖς</span> <span class='ocrx_word' id='word_1_809' title='bbox 744 5891 1108 5968; x_wconf 82' lang='grc' dir='ltr'>ὁμογνώμοσι</span> <span class='ocrx_word' id='word_1_810' title='bbox 1164 5890 1344 5971; x_wconf 64' lang='grc' dir='ltr'>ιριλία.</span> <span class='ocrx_word' id='word_1_811' title='bbox 1405 5897 1658 5954; x_wconf 84' lang='lat' dir='ltr'><strong>Catilina</strong></span> <span class='ocrx_word' id='word_1_812' title='bbox 1699 5899 1856 5972; x_wconf 90' lang='lat' dir='ltr'><strong>apud</strong></span> <span class='ocrx_word' id='word_1_813' title='bbox 1919 5899 2046 5956; x_wconf 82' lang='lat' dir='ltr'><strong>Sal-</strong></span> 
     </span>
    </p>
   </div>
   <div class='ocr_carea' id='block_1_104' title="bbox 2157 5111 3812 5193">
    <p class='ocr_par' dir='ltr' id='par_1_104' title="bbox 2157 5111 3812 5193">
     <span class='ocr_line' id='line_1_105' title="bbox 2157 5111 3812 5193; baseline -0.001 -28"><span class='ocrx_word' id='word_1_814' title='bbox 2157 5111 2406 5193; x_wconf 73' lang='lat' dir='ltr'><strong>lustium</strong></span> <span class='ocrx_word' id='word_1_815' title='bbox 2433 5128 2445 5166; x_wconf 92' lang='lat'><strong>:</strong></span> <span class='ocrx_word' id='word_1_816' title='bbox 2475 5112 2627 5168; x_wconf 90' lang='lat' dir='ltr'><strong>Idem</strong></span> <span class='ocrx_word' id='word_1_817' title='bbox 2657 5113 2792 5169; x_wconf 83' lang='lat' dir='ltr'><strong>velle</strong></span> <span class='ocrx_word' id='word_1_818' title='bbox 2822 5130 2884 5169; x_wconf 93' lang='lat' dir='ltr'><strong>ac</strong></span> <span class='ocrx_word' id='word_1_819' title='bbox 2913 5112 3080 5182; x_wconf 81' lang='lat' dir='ltr'><strong>nolle,</strong></span> <span class='ocrx_word' id='word_1_820' title='bbox 3133 5129 3197 5170; x_wconf 86' lang='lat' dir='ltr'><strong>ea</strong></span> <span class='ocrx_word' id='word_1_821' title='bbox 3241 5115 3454 5169; x_wconf 89' lang='lat' dir='ltr'><strong>demum</strong></span> <span class='ocrx_word' id='word_1_822' title='bbox 3481 5116 3643 5184; x_wconf 78' lang='lat' dir='ltr'><strong>ﬁrma</strong></span> <span class='ocrx_word' id='word_1_823' title='bbox 3672 5111 3812 5166; x_wconf 88' lang='lat' dir='ltr'><strong>ami-</strong></span> 
     </span>
    </p>
   </div>
   <div class='ocr_carea' id='block_1_105' title="bbox 2159 5185 2416 5238">
    <p class='ocr_par' dir='ltr' id='par_1_105' title="bbox 2159 5185 2416 5238">
     <span class='ocr_line' id='line_1_106' title="bbox 2159 5185 2416 5238; baseline -0.004 0"><span class='ocrx_word' id='word_1_824' title='bbox 2159 5185 2296 5238; x_wconf 82' lang='lat' dir='ltr'><strong>citia</strong></span> <span class='ocrx_word' id='word_1_825' title='bbox 2320 5189 2416 5238; x_wconf 89' lang='lat' dir='ltr'><strong>est.</strong></span> 
     </span>
    </p>
   </div>
   <div class='ocr_carea' id='block_1_106' title="bbox 2230 5251 3628 5324">
    <p class='ocr_par' dir='ltr' id='par_1_106' title="bbox 2230 5251 3628 5324">
     <span class='ocr_line' id='line_1_107' title="bbox 2230 5251 3628 5324; baseline -0.001 -15"><span class='ocrx_word' id='word_1_826' title='bbox 2230 5256 2304 5324; x_wconf 88' lang='lat'><strong>(6)</strong></span> <span class='ocrx_word' id='word_1_827' title='bbox 2331 5251 2642 5317; x_wconf 86' lang='grc' dir='ltr'>Πλουσίως.</span> <span class='ocrx_word' id='word_1_828' title='bbox 2675 5259 2740 5311; x_wconf 88' lang='grc' dir='ltr'><strong>Α.</strong></span> <span class='ocrx_word' id='word_1_829' title='bbox 2775 5255 3000 5312; x_wconf 79' lang='lat' dir='ltr'><strong>mavult</strong></span> <span class='ocrx_word' id='word_1_830' title='bbox 3028 5252 3316 5314; x_wconf 75' lang='grc' dir='ltr'>πλούσιος.</span> <span class='ocrx_word' id='word_1_831' title='bbox 3353 5255 3628 5310; x_wconf 79' lang='lat' dir='ltr'><strong>SYLBURG.</strong></span> 
     </span>
    </p>
   </div>
   <div class='ocr_carea' id='block_1_107' title="bbox 2231 5325 3809 5401">
    <p class='ocr_par' dir='ltr' id='par_1_107' title="bbox 2231 5325 3809 5401">
     <span class='ocr_line' id='line_1_108' title="bbox 2231 5325 3809 5401; baseline -0.001 -20"><span class='ocrx_word' id='word_1_832' title='bbox 2231 5325 2307 5401; x_wconf 73' lang='grc'><strong>(7)</strong></span> <span class='ocrx_word' id='word_1_833' title='bbox 2342 5326 2709 5401; x_wconf 76' lang='grc' dir='ltr'>Ἀγορε·3ουσι.</span> <span class='ocrx_word' id='word_1_834' title='bbox 2745 5331 2810 5383; x_wconf 91' lang='grc' dir='ltr'><strong>Α.</strong></span> <span class='ocrx_word' id='word_1_835' title='bbox 2847 5329 3086 5384; x_wconf 84' lang='lat' dir='ltr'><strong>Rectius</strong></span> <span class='ocrx_word' id='word_1_836' title='bbox 3123 5325 3465 5401; x_wconf 86' lang='grc' dir='ltr'>ἆγρεύουσιν,</span> <span class='ocrx_word' id='word_1_837' title='bbox 3514 5332 3809 5393; x_wconf 80' lang='lat' dir='ltr'><strong>venantur,</strong></span> 
     </span>
    </p>
   </div>
   <div class='ocr_carea' id='block_1_108' title="bbox 2161 5399 3040 5467">
    <p class='ocr_par' dir='ltr' id='par_1_108' title="bbox 2161 5399 3040 5467">
     <span class='ocr_line' id='line_1_109' title="bbox 2161 5399 3040 5467; baseline 0.005 -15"><span class='ocrx_word' id='word_1_838' title='bbox 2161 5414 2228 5452; x_wconf 83' lang='lat' dir='ltr'><strong>ex</strong></span> <span class='ocrx_word' id='word_1_839' title='bbox 2255 5399 2530 5455; x_wconf 91' lang='lat' dir='ltr'><strong>Proverb.</strong></span> <span class='ocrx_word' id='word_1_840' title='bbox 2565 5418 2614 5467; x_wconf 78' lang='grc' dir='ltr'><strong>ν,</strong></span> <span class='ocrx_word' id='word_1_841' title='bbox 2645 5404 2735 5467; x_wconf 89' lang='grc'><strong>22,</strong></span> <span class='ocrx_word' id='word_1_842' title='bbox 2769 5402 3040 5456; x_wconf 80' lang='lat' dir='ltr'><strong>SYLBURG.</strong></span> 
     </span>
    </p>
   </div>
   <div class='ocr_carea' id='block_1_109' title="bbox 2229 5469 3810 5540">
    <p class='ocr_par' dir='ltr' id='par_1_109' title="bbox 2229 5469 3810 5540">
     <span class='ocr_line' id='line_1_110' title="bbox 2229 5469 3810 5540; baseline 0.001 -18"><span class='ocrx_word' id='word_1_843' title='bbox 2229 5470 2307 5540; x_wconf 87' lang='grc'><strong>(8)</strong></span> <span class='ocrx_word' id='word_1_844' title='bbox 2336 5470 2396 5526; x_wconf 88' lang='lat'><strong>&#39;0</strong></span> <span class='ocrx_word' id='word_1_845' title='bbox 2455 5472 2584 5531; x_wconf 84' lang='grc' dir='ltr'>Θεὸς</span> <span class='ocrx_word' id='word_1_846' title='bbox 2644 5470 2904 5530; x_wconf 80' lang='grc' dir='ltr'>ἀναίτιος.</span> <span class='ocrx_word' id='word_1_847' title='bbox 2966 5470 3227 5540; x_wconf 82' lang='lat' dir='ltr'><strong>Respicit</strong></span> <span class='ocrx_word' id='word_1_848' title='bbox 3283 5470 3527 5536; x_wconf 89' lang='lat' dir='ltr'><strong>dictum,</strong></span> <span class='ocrx_word' id='word_1_849' title='bbox 3573 5469 3646 5524; x_wconf 92' lang='lat' dir='ltr'><strong>de</strong></span> <span class='ocrx_word' id='word_1_850' title='bbox 3695 5486 3810 5540; x_wconf 93' lang='lat' dir='ltr'><strong>quo</strong></span> 
     </span>
    </p>
   </div>
   <div class='ocr_carea' id='block_1_110' title="bbox 2158 5541 3810 5614">
    <p class='ocr_par' dir='ltr' id='par_1_110' title="bbox 2158 5541 3810 5614">
     <span class='ocr_line' id='line_1_111' title="bbox 2158 5541 3810 5614; baseline 0.001 -19"><span class='ocrx_word' id='word_1_851' title='bbox 2158 5541 2313 5596; x_wconf 90' lang='lat' dir='ltr'><strong>conf.</strong></span> <span class='ocrx_word' id='word_1_852' title='bbox 2349 5560 2480 5614; x_wconf 82' lang='lat' dir='ltr'><strong>quae</strong></span> <span class='ocrx_word' id='word_1_853' title='bbox 2522 5543 2801 5600; x_wconf 86' lang='lat' dir='ltr'><strong>adnotata</strong></span> <span class='ocrx_word' id='word_1_854' title='bbox 2858 5549 2996 5598; x_wconf 87' lang='lat' dir='ltr'><strong>sunt</strong></span> <span class='ocrx_word' id='word_1_855' title='bbox 3039 5541 3113 5597; x_wconf 92' lang='lat' dir='ltr'><strong>ad</strong></span> <span class='ocrx_word' id='word_1_856' title='bbox 3163 5543 3388 5610; x_wconf 70' lang='lat' dir='ltr'><strong>Poedag.</strong></span> <span class='ocrx_word' id='word_1_857' title='bbox 3440 5541 3544 5598; x_wconf 88' lang='lat' dir='ltr'><strong>lib.</strong></span> <span class='ocrx_word' id='word_1_858' title='bbox 3593 5557 3720 5614; x_wconf 89' lang='lat' dir='ltr'><strong>cap.</strong></span> <span class='ocrx_word' id='word_1_859' title='bbox 3754 5543 3810 5609; x_wconf 84' lang='lat'><strong>8,</strong></span> 
     </span>
    </p>
   </div>
   <div class='ocr_carea' id='block_1_111' title="bbox 2155 5615 3360 5683">
    <p class='ocr_par' dir='ltr' id='par_1_111' title="bbox 2155 5615 3360 5683">
     <span class='ocr_line' id='line_1_112' title="bbox 2155 5615 3360 5683; baseline -0.003 -13"><span class='ocrx_word' id='word_1_860' title='bbox 2155 5615 2359 5670; x_wconf 83' lang='lat' dir='ltr'><strong>Strom.</strong></span> <span class='ocrx_word' id='word_1_861' title='bbox 2395 5632 2434 5683; x_wconf 81' lang='grc' dir='ltr'><strong>ι,</strong></span> <span class='ocrx_word' id='word_1_862' title='bbox 2467 5631 2522 5683; x_wconf 90' lang='lat' dir='ltr'><strong>p.</strong></span> <span class='ocrx_word' id='word_1_863' title='bbox 2557 5619 2683 5681; x_wconf 78' lang='lat'><strong>271,</strong></span> <span class='ocrx_word' id='word_1_864' title='bbox 2714 5616 2851 5671; x_wconf 90' lang='lat' dir='ltr'><strong>edii.</strong></span> <span class='ocrx_word' id='word_1_865' title='bbox 2884 5615 3069 5669; x_wconf 82' lang='lat' dir='ltr'><strong>Paris.</strong></span> <span class='ocrx_word' id='word_1_866' title='bbox 3357 5631 3360 5634; x_wconf 64' lang='lat'><strong><em>&#39;</em></strong></span> 
     </span>
    </p>
   </div>
   <div class='ocr_carea' id='block_1_112' title="bbox 2230 5684 3806 5758">
    <p class='ocr_par' dir='ltr' id='par_1_112' title="bbox 2230 5684 3806 5758">
     <span class='ocr_line' id='line_1_113' title="bbox 2230 5684 3806 5758; baseline 0.003 -18"><span class='ocrx_word' id='word_1_867' title='bbox 2230 5686 2307 5758; x_wconf 88' lang='lat'><strong>(9)</strong></span> <span class='ocrx_word' id='word_1_868' title='bbox 2342 5684 2683 5758; x_wconf 84' lang='grc' dir='ltr'>Κατάληψις.</span> <span class='ocrx_word' id='word_1_869' title='bbox 2718 5689 2798 5742; x_wconf 92' lang='lat' dir='ltr'><strong>De</strong></span> <span class='ocrx_word' id='word_1_870' title='bbox 2833 5688 2945 5741; x_wconf 88' lang='lat' dir='ltr'><strong>hac</strong></span> <span class='ocrx_word' id='word_1_871' title='bbox 2977 5685 3240 5758; x_wconf 74' lang='lat' dir='ltr'><strong>scientiae</strong></span> <span class='ocrx_word' id='word_1_872' title='bbox 3268 5684 3616 5758; x_wconf 78' lang='lat' dir='ltr'><strong>definitione</strong></span> <span class='ocrx_word' id='word_1_873' title='bbox 3649 5686 3806 5744; x_wconf 82' lang='lat' dir='ltr'><strong>conf.</strong></span> 
     </span>
    </p>
   </div>
   <div class='ocr_carea' id='block_1_113' title="bbox 2158 5757 3697 5831">
    <p class='ocr_par' dir='ltr' id='par_1_113' title="bbox 2158 5757 3697 5831">
     <span class='ocr_line' id='line_1_114' title="bbox 2158 5757 3697 5831; baseline 0.001 -19"><span class='ocrx_word' id='word_1_874' title='bbox 2158 5757 2289 5828; x_wconf 66' lang='lat' dir='ltr'><strong>quas</strong></span> <span class='ocrx_word' id='word_1_875' title='bbox 2323 5757 2595 5831; x_wconf 72' lang='lat' dir='ltr'><strong>superius</strong></span> <span class='ocrx_word' id='word_1_876' title='bbox 2625 5758 2948 5831; x_wconf 77' lang='lat' dir='ltr'><strong>dicta:sunt</strong></span> <span class='ocrx_word' id='word_1_877' title='bbox 2978 5757 3132 5831; x_wconf 39' lang='lat' dir='ltr'><strong>adup.</strong></span> <span class='ocrx_word' id='word_1_878' title='bbox 3167 5758 3293 5831; x_wconf 71' lang='lat'><strong>362,</strong></span> <span class='ocrx_word' id='word_1_879' title='bbox 3327 5757 3468 5831; x_wconf 82' lang='lat' dir='ltr'><strong>edit.</strong></span> <span class='ocrx_word' id='word_1_880' title='bbox 3511 5759 3697 5831; x_wconf 87' lang='lat' dir='ltr'><strong>Paris.</strong></span> 
     </span>
    </p>
   </div>
   <div class='ocr_carea' id='block_1_114' title="bbox 2229 5826 3803 5904">
    <p class='ocr_par' dir='ltr' id='par_1_114' title="bbox 2229 5826 3803 5904">
     <span class='ocr_line' id='line_1_115' title="bbox 2229 5826 3803 5904; baseline 0.001 -21"><span class='ocrx_word' id='word_1_881' title='bbox 2229 5833 2339 5902; x_wconf 88' lang='grc'><strong>(10)</strong></span> <span class='ocrx_word' id='word_1_882' title='bbox 2373 5826 2545 5904; x_wconf 59' lang='lat' dir='ltr'><strong>Ani-cr].</strong></span> <span class='ocrx_word' id='word_1_883' title='bbox 2571 5831 2757 5886; x_wconf 89' lang='lat' dir='ltr'><strong>Scribi</strong></span> <span class='ocrx_word' id='word_1_884' title='bbox 2782 5826 2977 5902; x_wconf 70' lang='lat' dir='ltr'><strong>possit</strong></span> <span class='ocrx_word' id='word_1_885' title='bbox 3011 5826 3170 5899; x_wconf 76' lang='grc' dir='ltr'>αὕτη,</span> <span class='ocrx_word' id='word_1_886' title='bbox 3205 5828 3296 5884; x_wconf 89' lang='lat' dir='ltr'><strong>vel</strong></span> <span class='ocrx_word' id='word_1_887' title='bbox 3317 5826 3478 5900; x_wconf 82' lang='grc' dir='ltr'>αὐτή,</span> <span class='ocrx_word' id='word_1_888' title='bbox 3519 5830 3580 5886; x_wconf 91' lang='lat' dir='ltr'><strong>in</strong></span> <span class='ocrx_word' id='word_1_889' title='bbox 3611 5830 3803 5886; x_wconf 83' lang='lat' dir='ltr'><strong>nomi-</strong></span> 
     </span>
    </p>
   </div>
   <div class='ocr_carea' id='block_1_115' title="bbox 2157 5907 3544 5958">
    <p class='ocr_par' dir='ltr' id='par_1_115' title="bbox 2157 5907 3544 5958">
     <span class='ocr_line' id='line_1_116' title="bbox 2157 5907 3544 5958; baseline 0 -1"><span class='ocrx_word' id='word_1_890' title='bbox 2157 5907 2278 5958; x_wconf 86' lang='lat' dir='ltr'><strong>nat.</strong></span> <span class='ocrx_word' id='word_1_891' title='bbox 2313 5919 2473 5958; x_wconf 91' lang='lat' dir='ltr'><strong>casu.</strong></span> <span class='ocrx_word' id='word_1_892' title='bbox 3542 5923 3544 5925; x_wconf 42' lang='lat'><strong><em>‘</em></strong></span> 
     </span>
    </p>
   </div>
  </div>
