4144 6398
346 432 490 492 1015

1575 422 1984 482 W8
2017 418 2523 480 ALEXANDBI‘N!

3629 413 3765 470 1016

339 565 399 614 et
437 554 709 626 scientia,
745 558 803 610 et
828 551 1028 618 unius,
1062 555 1119 605 et
1165 548 1554 621 singulorum,
1607 554 1663 603 et
1704 547 1995 613 omnium,

2132 546 2260 606 ἰοῦς’
2299 545 2334 612 ἡ
2369 539 2428 597 δὲ
2455 538 2562 614 θέεις
2589 545 2689 611 τῆς
2716 535 2977 612 ἀληθείας
3004 537 3194 610 έπιστη
3209 558 3284 612 μη
3317 536 3562 610 ἀληθῶν.
3592 537 3657 592 Ἦ
3708 534 3768 626 δὲ

339 663 474 719 qua)
505 646 567 699 in
599 659 780 699 unam
812 640 1204 696 conferuntur
1245 639 1561 694 rationem.
1597 636 1863 710 Cognitio
1893 651 1996 692 au-

338 744 456 792 tem
489 739 579 790 est
609 735 696 788 rei
719 737 894 804 prout
919 736 1009 785 est
1031 730 1281 785 scientia
1308 747 1320 795 ;
1346 734 1442 785 aut
1467 729 1713 784 scientia
1739 728 1834 791 iis,
1865 743 1997 798 qua;

339 828 514 891 ﬁunt,
549 839 828 895 congrua.
857 821 1084 876 Veritas
1115 826 1337 888 autem,
1370 821 1488 875 veri
1523 820 1795 875 scientia.
1830 817 1998 872 llabi—

337 920 431 970 tus
458 918 657 969 autem
689 912 977 977 veritatis,
1013 916 1102 966 est
1137 911 1388 966 scientia
1416 927 1711 966 verorum.
1742 908 2000 964 Scientia

334 1009 532 1060 autem
562 1002 836 1058 consistit
892 1018 999 1072 per
1047 1001 1362 1069 rationem,
1399 1006 1458 1055 et
1509 1000 1627 1056 alia
1677 996 1999 1060 rationei'

337 1094 622 1149 dimoveri
659 1109 779 1146 non
815 1096 1042 1162 potest;
1078 1096 1136 1145 et
1167 1091 1260 1145 hic
1293 1090 1693 1163 cognitionem
1727 1087 1997 1158 inquirit.

337 1185 476 1249 Qua:
494 1189 693 1238 autem
720 1198 840 1236 non
871 1181 1148 1248 facimus,
1173 1197 1242 1236 ea
1263 1187 1365 1234 aut
1394 1197 1514 1235 non
1541 1179 1792 1235 facimus
1822 1193 2000 1250 prop-

338 1279 502 1329 terea
523 1273 682 1344 quod
713 1289 835 1327 non
868 1272 1192 1343 possimus,
1220 1277 1325 1326 aut
1353 1276 1668 1344 propterea
1707 1268 1866 1341 quod
1894 1284 2000 1322 no-

340 1365 544 1431 limus,
575 1368 677 1418 aut
707 1367 950 1434 propter
975 1366 1318 1432 utrumque.
1341 1363 1467 1416 Non
1488 1360 1755 1415 volamus
1777 1359 1997 1429 itaque,

342 1455 627 1526 quoniam
657 1469 770 1508 nec
814 1466 1155 1524 possumus,
1191 1468 1301 1508 nec
1332 1450 1628 1506 volumus.
1661 1454 1788 1505 Non
1832 1452 1999 1504 nata-

343 1561 476 1600 mus
507 1548 706 1599 autem
737 1541 954 1610 adhuc,
987 1541 1148 1597 verbi
1195 1541 1403 1613 gratia,
1453 1539 1736 1611 quoniam
1789 1553 2000 1610 possu-

343 1651 478 1689 mus
509 1633 773 1705 quidem,
805 1631 909 1688 sed
941 1649 1061 1687 non
1087 1630 1383 1686 volumus.
1417 1633 1546 1686 Non
1573 1645 1779 1686 sumus
1801 1633 2001 1684 autem

343 1724 498 1779 sicut
553 1723 864 1790 Dominus,
927 1721 1211 1792 quoniam
1261 1720 1538 1776 volumus
1587 1719 1851 1790 quidem,
1897 1715 2002 1772 sed

346 1831 467 1869 non
528 1829 868 1884 possumus.
929 1812 1124 1866 Nullus
1171 1818 1248 1866 est
1309 1813 1451 1866 enim
1495 1809 1796 1880 discipulus
1839 1823 2003 1878 super

347 1907 723 1974 magistrum:
765 1903 902 1959 satis
945 1909 1019 1958 est
1067 1910 1270 1970 autem,
1315 1905 1362 1957 si
1407 1903 1544 1970 facti
1599 1903 1866 1970 fuerimus
1924 1897 2003 1952 εἰ·
2035 1928 2080 1993 Β

348 2002 438 2048 cut
471 1997 732 2063 magister
751 1995 846 2062 (a),
879 2009 1000 2046 non
1033 1992 1293 2047 essentia
1319 1991 1471 2062 (ﬁeri
1519 1990 1678 2044 enim
1727 2006 1847 2044 non
1896 2005 2004 2059 po-

349 2088 488 2154 test,
515 2090 579 2138 ut
609 2084 670 2138 id
697 2081 857 2154 quod
887 2087 977 2136 est
1006 2081 1345 2153 adoptione,
1379 2081 1457 2135 sit
1486 2079 1746 2136 essentia
1775 2077 2004 2148 aequale

353 2173 429 2242 ei,
463 2173 623 2243 quod
654 2179 744 2227 est
773 2172 1034 2242 natura,)
1066 2170 1168 2226 sed
1201 2170 1359 2241 quod
1389 2169 1527 2225 facti
1558 2169 1746 2224 simus
1786 2166 2004 2238 sempi-

351 2263 532 2332 terni,
553 2268 612 2318 et
631 2261 706 2316 ad
728 2259 1297 2332 contemplationem
1318 2276 1548 2324 eorum,
1572 2275 1705 2329 quas
1729 2261 1886 2322 suut,
1901 2255 2003 2311 ad-

351 2352 544 2422 missi,
577 2356 635 2406 et
666 2351 774 2405 lilii
806 2349 1089 2422 appellati
1123 2349 1331 2417 simus,
1355 2353 1414 2404 et
1442 2353 1673 2420 patrem
1705 2363 1776 2402 ex
1806 2345 1878 2400 iis
1901 2361 2004 2399 so-

349 2441 497 2510 lum,
531 2457 663 2512 quaa
691 2445 829 2495 sunt
861 2441 914 2495 ei
946 2439 1288 2512 conjuncta,
1322 2439 1648 2493 videamus.
1683 2435 1840 2492 Velle
1868 2451 2005 2507 ergo

348 2532 551 2586 omnia
575 2530 912 2586 antecedit:
949 2529 1278 2584 rationales
1308 2529 1470 2584 enim
1509 2527 1825 2582 facultates
1872 2529 2010 2581 sunt

346 2620 670 2675 voluntatis
702 2619 1197 2686 ministrm.Velis,
1229 2618 1445 2688 inquit,
1493 2624 1546 2672 et
1570 2619 1799 2687 poteris.
1852 2617 2008 2671 Gno-

348 2711 479 2766 stici
513 2715 714 2766 autem
750 2715 809 2765 et
837 2709 1138 2779 voluntas,
1163 2707 1550 2778 etjudicium,
1575 2712 1634 2761 et
1663 2705 2006 2762 exercitatio

2109 626 2410 703 έπιστήμη
2441 628 2532 686 διὰ
2572 634 2670 686 τοῦ
2702 631 2869 708 Λόγου
2914 629 3241 702 συνίσταται,
3284 629 3372 684 καὶ
3407 625 3765 702 ἀμετάπωτός

2107 721 2250 776 ἐστιν
2279 720 2440 794 ἀλλῳ
2473 720 2646 797 λόγῳ·
2683 719 2908 784 ἐνταῦθα
2954 722 3054 790 τήν
3107 723 3307 795 γνῶσιν
3365 717 3764 793 πολυπραγμο-

2104 818 2186 866 νεῖ
2218 814 2348 885 (il).
2380 815 2451 870 "A
2505 809 2562 867 δὶ
2599 812 2673 885 μὴ
2723 815 3012 885 ποιοῦμεν,
3062 808 3186 880 ’ἤτοι
3237 808 3328 864 διὰ
3379 809 3444 864 τὸ
3495 809 3570 883 μὴ
3605 806 3766 862 δύναο

2109 902 2232 955 σθαι
2291 902 2354 956 ού
2415 905 2708 974 ποιοῦμεν,
2758 900 2793 970 ἢ
2846 899 2935 954 διὰ
2991 899 3054 955 τὸ
3108 901 3185 973 μῆ
3248 897 3562 974 βούλεσθαι,
3611 897 3647 966 ἢ
3699 894 3770 951 δι’

2107 991 2410 1069 ἀμφότερα.
2463 991 2584 1067 Οὐχ
2639 992 2915 1065 ἱπτάμεθα
2975 991 3070 1064 μὶν
3123 989 3238 1063 οὖν,
3294 988 3483 1060 ἐπειδὴ
3517 987 3640 1044 οὔτε
3671 986 3766 1042 δν-

2107 1083 2316 1155 νάμεθα
2347 1078 2470 1136 οὔτε
2503 1080 2840 1158 βουλόμεθα’
2877 1081 2938 1135 ού
2975 1080 3262 1154 νηχόμεθα
3293 1077 3372 1150 δὲ,
3405 1082 3532 1157 φέρε
3555 1079 3598 1134 εἰ
3627 1083 3770 1147 πεῖν,

2107 1171 2253 1248 ἄρτι,
2307 1170 2498 1242 ἐπειδὴ
2560 1171 2834 1246 δυνάμεθα
2895 1173 3010 1247 μὲν,
3070 1171 3132 1228 ού
3185 1172 3502 1248 βουλόμεθα
3559 1169 3636 1226 δὲ·
3673 1171 3775 1226 οὐκ

2109 1260 2270 1336 ἐσμὲν
2303 1260 2363 1317 δὲ
2418 1263 2494 1325 ὡς
2549 1263 2578 1317 ὁ
2628 1261 2852 1336 Κύριος,
2913 1259 3105 1332 ἐπειδὴ
3170 1259 3488 1338 βουλόμεθα
3539 1261 3658 1334 μὶν,
3708 1259 3771 1314 ού

2111 1350 2384 1426 δυνάμεθα
2445 1350 2548 1411 δὶ.
2607 1349 2802 1415 Οὐδεὶς
2851 1351 2956 1428 γὰρ
3023 1353 3275 1426 μαθητὴς
3349 1352 3480 1429 ὑπὲρ
3536 1352 3628 1407 τὸν
3688 1347 3774 1405 δι-

2111 1439 2383 1498 δάσκαλον
2417 1463 2430 1477 ·
2494 1441 2715 1514 ἀρκετὸν
2777 1439 2881 1515 δὲ,
2949 1441 3038 1498 ἰὰν
3096 1443 3406 1516 γενώμεθαι
3462 1442 3538 1506 ὡς
3596 1441 3624 1497 6
3683 1439 3763 1496 δι-

2110 1529 2402 1601 δάσκαλος,
2438 1532 2500 1587 ού
2547 1534 2663 1588 κατ’
2718 1533 2935 1588 οὐσίαν·
2989 1530 3250 1588 ἀδύνατον
3309 1533 3410 1607 γάρ
3456 1530 3578 1588 ’ἶσον
3637 1534 3772 1588 εἶναι

2109 1622 2246 1696 πρὸς
2303 1623 2402 1691 τήν
2462 1621 2684 1697 ὕπαρξιν
2733 1623 2797 1678 τὸ
2854 1623 2995 1677 θὶσει
3062 1627 3141 1693 τῷ
3199 1621 3376 1700 φύσει·
3431 1623 3494 1677 τὸ
3544 1619 3602 1677 δὲ
3657 1625 3772 1696 (12)

2109 1709 2318 1774 ἀϊδίους
2343 1713 2651 1788 γεγονέναι,
2681 1712 2773 1768 καὶ
2804 1714 2904 1782 τὴν
2944 1716 3049 1767 τῶν
3103 1708 3273 1767 ὄντων
3321 1712 3554 1787 θεωρίαν
3600 1711 3773 1779 ἐγνω-

2109 1801 2297 1872 κέναι,
2348 1802 2439 1858 καὶ
2494 1802 2645 1865 υἱοὺς
2703 1806 3206 1878 προσηγορεῦσθαι,
3268 1802 3358 1857 καὶ
3420 1804 3513 1857 τὸν
3570 1801 3777 1877 πατέρα

2111 1893 2218 1948 ἀπὸ
2247 1897 2353 1948 τῶν
2396 1892 2609 1948 οἰκείων
2666 1895 2900 1968 καθορᾷν
2960 1893 3141 1966 μόνον.
3200 1898 3535 1967 ΙΙροηγεῖται
3593 1893 3776 1947 τοίνυν

2112 1982 2326 2038 πάντων
2375 1983 2436 2037 τὸ
2498 1980 2831 2059 βούλεσθαι·
2871 1983 2924 2036 αἱ
2953 1984 3054 2058 γὰρ
3093 1981 3313 2057 λογικαὶ
3369 1979 3626 2056 δυνάμεις
3678 1985 3776 2037 τοῦ

2117 2072 2409 2148 βούλεσθαι
2463 2069 2706 2127 διάκονοι
2760 2071 3048 2149 πεφύκασι’
3103 2069 3274 2141 Θελε,
3327 2073 3502 2150 φησὶ,
3534 2073 3623 2127 καὶ
3681 2068 3774 2126 δυο

2111 2164 2250 2238 νήσῃ
2282 2165 2413 2236 (13)·
2459 2167 2555 2218 τοῦ
2603 2165 2913 2238 γνωστικοῦ
2959 2159 3016 2218 δὲ
3044 2161 3136 2217 καὶ
3180 2165 3216 2232 ἡ
3254 2160 3547 2239 βούλησις,
3593 2161 3686 2217 καὶ
3731 2163 3767 2231 ἡ

2113 2252 2309 2326 κρίσις,
2358 2251 2446 2307 καὶ
2477 2254 2512 2322 ἡ
2545 2250 2771 2324 ἄσκησις
2802 2255 2837 2323 ἡ
2869 2251 3027 2323 αὐτή.
3082 2252 3146 2309 Ei
3193 2253 3295 2329 γὰρ
3345 2253 3399 2307 αἱ
3444 2251 3598 2308 αὐταὶ
3631 2272 3771 2328 προ-

2115 2340 2311 2410 θέσεις,
2339 2343 2406 2396 τὰ
2451 2341 2586 2397 αύτά
2614 2341 2803 2398 καὶτὰ
2853 2339 3105 2418 δόγματα
3161 2343 3251 2398 καὶ
3313 2343 3369 2398 αἱ
3423 2341 3654 2418 κρίσεις,
3683 2342 3772 2396 ἳνα

2115 2428 2184 2501 δὴ
2217 2429 2347 2486 ὦσιν
2383 2432 2528 2504 αύτῷ
2576 2431 2667 2488 xui
2699 2433 2751 2488 oi
2793 2431 2971 2508 λόγοι,
3021 2431 3109 2488 καὶ
3143 2433 3172 2487 6
3201 2431 3342 2507 βίος,
3393 2431 3483 2488 καὶ
3515 2433 3543 2488 6
3571 2431 3776 2507 τρόπος

2114 2519 2410 2577 ἀκόλουθοι
2465 2525 2535 2595 τῇ
2586 2521 2822 2578 ένστάσει
2858 2567 2870 2580 .
2941 2521 3149 2597 Καρδία
3208 2520 3266 2578 δὲ
3323 2522 3502 2577 εύθεῖα
3562 2509 3778 2594 ἐκζητεῖ

2115 2613 2369 2686 γνώσεις,
2401 2611 2492 2667 καὶ
2517 2611 2735 2667 ἐκείνων
2765 2610 2940 2668 έπαίει
2973 2615 3104 2687 (14).
3157 2613 3218 2670 Ὀ
3249 2614 3383 2675 Θεὸς
3418 2609 3678 2686 δεδίδαγέ
3712 2633 3780 2686 με

2123 2705 2341 2782 σοφίαν,
2370 2703 2462 2760 καὶ
2493 2708 2696 2780 γνῶσιν
2728 2705 2895 2779 ἁγίων
2927 2703 3154 2781 ἔγνωκα.

350 2807 440 2855 est
471 2801 700 2856 eadem.
735 2801 792 2855 Si
820 2804 960 2856 sunt
987 2799 1148 2855 enim
1180 2798 1406 2854 eaadem
1435 2797 1621 2854 animi
1662 2795 2123 2868 propositiones,
2155 2795 2363 2852 eadem
2397 2812 2633 2867 quoque
2665 2801 2843 2851 erunt
2871 2801 2930 2850 et
2957 2795 3232 2869 dogmata
3263 2802 3320 2852 et
3340 2795 3593 2868 judicia,
3626 2799 3692 2850 ut
3721 2799 3782 2850 et

348 2889 546 2956 verba,
581 2896 641 2944 et
667 2891 806 2959 vita,
841 2894 899 2944 et
927 2905 1123 2944 mores
1155 2887 1275 2944 sint
1305 2887 1435 2958 ejus
1489 2886 1760 2942 instituto
1805 2891 2225 2944 consentanea.
2259 2887 2365 2944 Cor
2403 2891 2584 2942 autem
2614 2892 2823 2942 rectum
2867 2889 3113 2958 exquirit
3157 2888 3518 2956 cognitiones,
3563 2891 3612 2940 et
3650 2885 3778 2939 illas

351 2981 600 3036 exaudit.
633 2981 775 3036 Deus
804 2980 990 3034 docuit
1019 2995 1104 3033 me
1130 2979 1478 3048 sapientiam,
1511 2981 1562 3032 et
1589 2977 1718 3031 novi
1745 2981 2056 3032 sanctorum
2085 2979 2451 3047 cognitionem
2480 2975 2588 3048 (b).

1827 3111 2058 3169 CAPUT
2100 3112 2300 3168 XVIII.

606 3225 802 3295 Legem
831 3221 1122 3279 Mosaicam
1153 3221 1326 3278 omnis
1355 3220 1625 3277 doctrinm
1670 3222 1895 3277 moralis
1927 3237 2034 3276 esse
2061 3222 2291 3291 fontem,
2325 3225 2490 3291 atque
2519 3218 2648 3274 inde
2677 3221 2887 3277 Grmcos
2915 3220 3099 3276 ethica
3128 3236 3229 3276 sua
3258 3219 3521 3277 hausisse.

430 3353 668 3409 Clarum
702 3355 791 3406 est
820 3367 978 3424 ergo,
1029 3367 1238 3405 omnes
1293 3366 1532 3421 quoque
1566 3350 1713 3405 alias
1745 3349 2012 3418 virtutes,

364 3460 496 3514 qum
529 3442 763 3513 scriptae
796 3445 938 3495 sunt
966 3439 1122 3512 apud
1148 3442 1426 3510 Moysem,
1451 3439 1777 3510 praebuisse
1799 3437 2016 3492 Graecis

357 3532 722 3604 principium
755 3530 935 3584 totius
985 3529 1100 3584 loci
1153 3529 1420 3595 moralis,
1449 3529 1884 3596 fortitudinem,
1916 3527 2016 3581 in-

363 3637 567 3692 quam,
599 3626 658 3674 et
699 3617 1180 3688 temperantiam,
1214 3623 1274 3672 et
1318 3617 1720 3688 prudentiam,
1755 3622 1812 3671 et
1843 3615 2020 3688 justi-

364 3712 532 3775 tiam,
566 3713 624 3763 et
647 3707 1028 3762 tolerantiam
1053 3707 1255 3772 etiam,
1271 3711 1332 3759 et
1351 3706 1722 3776 patientiam,
1748 3711 1806 3760 et
1825 3704 2024 3761 mode-

369 3800 568 3865 stiam,
595 3803 652 3852 et
680 3799 1076 3862 honestatem,
1105 3801 1164 3850 et
1185 3796 1640 3862 continentiam,
1665 3800 1742 3862 et,
1767 3811 1898 3866 qum
1925 3811 2024 3850 eas

2196 3349 2499 3424 Προφανεῖς
2561 3345 2656 3419 μὲν
2713 3343 2803 3400 οὖν
2859 3344 2949 3402 xui
2979 3352 3145 3401 πᾶσαι
3204 3344 3370 3402 ἄλλαι
3431 3346 3664 3420 ἀρεταὶ,
3726 3348 3785 3401 αἱ

2127 3435 2275 3510 παρά
2333 3439 2414 3508 τῷ
2471 3440 2676 3490 Μοϋσεῖ
2733 3435 3245 3513 ἀναγεγραμμέναι,
3304 3437 3485 3512 ἀρχὴν
3541 3434 3782 3506 Ἕλλησι

2127 3524 2328 3588 παντὸς
2385 3529 2481 3579 τοῦ
2537 3526 2735 3596 ἠθικοῦ
2789 3526 2962 3582 τόπου
3019 3526 3458 3603 παρασχόμεναι.
3539 3523 3785 3602 ἀνδρείαν

2129 3612 2302 3689 λέγω,
2355 3614 2446 3670 xui
2501 3616 2853 3693 σωφροσύνην
2889 3661 2902 3687 ,
2963 3616 3054 3672 xui
3105 3617 3388 3694 φρόνησιν,
3422 3616 3512 3672 καὶ
3571 3613 3786 3670 δικαιο-

2134 3705 2325 3776 σύνην,
2373 3706 2658 3782 καρτερίαν
2717 3728 2775 3762 τε
2825 3707 2915 3761 xui
2976 3707 3286 3780 ὑπομονὴν,
3343 3707 3433 3761 xui
3488 3706 3588 3776 τήν
3652 3726 3786 3779 σεμ-

2132 3794 2354 3867 νότητα,
2413 3795 2505 3850 καὶ
2559 3796 2898 3871 ἐγκράτειαν,
2946 3798 3048 3866 τήν
3099 3818 3157 3851 τε
3214 3796 3302 3852 ἰπὶ
3360 3796 3576 3858 τούτοις
3635 3795 3786 3850 εύσέ-

371 3892 633 3960 superat.
666 3887 970 3958 pietatem.
1004 3884 1115 3939 Sed
1147 3885 1218 3940 de
1250 3885 1468 3956 pietate
1502 3885 1741 3956 quidem
1787 3890 1876 3940 est
1895 3885 2015 3940 cui-

2133 3879 2305 3940 ϐειαν.
2339 3881 2495 3942 Ἀλλ’
2526 3887 2561 3955 ἡ
2599 3885 2694 3959 μὶν
2728 3881 2969 3942 εὐσέϐεια
3009 3885 3170 3942 παντί
3199 3906 3305 3940 που
3354 3883 3500 3956 δήλη
3549 3885 3613 3940 τὸ
3643 3885 3785 3940 ἀνω-

371 3978 519 4033 libet
561 3976 967 4044 manifestum,
998 3973 1155 4046 quod
1203 3991 1542 4046 supremam
1576 3981 1635 4030 et
1672 3975 2021 4046 antiquissi-

371 4084 534 4124 mam
566 4082 807 4122 causam
846 4065 1056 4120 doceat
1107 4065 1302 4120 colere
1333 4070 1392 4120 et
1448 4065 1764 4120 honorare.
1808 4065 2026 4121 Eadem

374 4174 611 4230 quoque
642 4157 737 4212 lex
767 4154 1007 4211 exhibet
1024 4155 1324 4227 justitiam
1351 4171 1363 4210 :
1399 4161 1457 4210 et
1488 4155 1661 4210 docet
1691 4155 1868 4210 etiam
1899 4174 2029 4228 pru-

371 4249 635 4304 dentiam
668 4263 775 4318 per
797 4245 1228 4302 abstinentiam
1251 4262 1286 4301 a
1313 4245 1648 4301 simulacris
1679 4246 2024 4314 sensilibus,

373 4345 432 4394 et
460 4337 535 4394 ad
565 4337 980 4392 universorum
1014 4336 1359 4391 effectorem
1392 4341 1451 4390 et
1481 4342 1711 4408 patrem
1739 4337 2028 4392 evocatio-

2135 3973 2281 4029 τάτω
2328 3975 2416 4030 καὶ
2478 3970 2846 4052 πρεσϐύτατον
2905 3975 3077 4031 αἶ’τιον
3113 3978 3227 4050 (15)
3268 3970 3441 4030 σέϐειν
3486 3975 3576 4030 xui
3621 3979 3786 4048 τιμᾷν

2137 4060 2466 4120 διδάσκουσα
2522 4069 2654 4138 (16),
2708 4065 2799 4121 καὶ
2857 4063 3206 4137 δικαιοσύνην
3266 4063 3323 4121 δὲ
3365 4065 3524 4128 αὐτὸς
3557 4067 3584 4120 6
3615 4060 3789 4138 νόμος

2137 4154 2472 4229 παρίστησι,
2523 4153 2794 4211 παιδεύων
2841 4157 2942 4225 τήν
2996 4177 3054 4211 τε
3103 4155 3361 4234 φρόνησιν
3403 4153 3494 4210 διὰ
3521 4161 3622 4225 τῆς
3678 4159 3788 4209 τῶν

2136 4243 2408 4313 αἶ’σθητῶν
2451 4241 2698 4299 εἰδώλων
2752 4243 2974 4320 ἀποχῆς
3017 4245 3236 4315 καὶτῆς
3293 4245 3429 4319 πρὸς
3479 4247 3570 4300 τὸν
3619 4265 3792 4314 ποιη-

2139 4335 2239 4404 τήι
2272 4333 2362 4390 xui
2397 4335 2606 4411 Πατέρα
2635 4339 2743 4390 τῶν
2776 4334 2923 4391 ὅλων
2974 4333 3370 4410 προσκλήσεως
3421 4339 3554 4410 (17).
3605 4335 3693 4413 ἀφ’
3723 4334 3793 4404 ἧς

441 4462 505 4528 ἧι
533 4457 594 4509 Ρ.
629 4456 732 4508 469
762 4453 874 4508 ED.
906 4453 1200 4516 POTTER,
1231 4452 1335 4507 392
1363 4454 1464 4508 394
1494 4454 1606 4508 ED.
1639 4453 1868 4509 PARIS.
1929 4451 2004 4527 (a)

2132 4453 2238 4509 tth.
2270 4471 2326 4524 x,
2361 4455 2449 4516 24,
2483 4456 2548 4508 25
2575 4474 2589 4524 ;
2623 4455 2759 4510 Luc.
2791 4470 2866 4523 vx,
2896 4457 2983 4508 40.
3016 4454 3092 4527 (ὁ)
3124 4456 3292 4511 Prov.
3322 4472 3454 4521 xxx,
3488 4457 3541 4509 3.

447 4573 562 4656 (11)
625 4571 898 4656 Ἐνταῦθα.
940 4571 1040 4656 ei?
1090 4574 1288 4655 γνῶφιν
1357 4567 1864 4656 πιλυπρξιγμῖλνεῖ·
1913 4572 2032 4656 ἐα·

383 4642 579 4718 ερίοοι*
599 4643 858 4718 aliquem
885 4642 945 4697 in
969 4642 1112 4718 libri
1131 4645 1220 4698 sui
1242 4645 1509 4718 margine
1533 4642 1849 4700 adnotasse
1876 4661 1888 4698 :
1913 4643 2032 4718 Ἐντ

2140 4569 2230 4626 καὶ
2259 4564 2625 4644 πρεσϐύτατον
2663 4567 2834 4626 αἴτιον
2866 4571 3037 4628 Philo
3068 4571 3128 4627 in
3159 4572 3290 4628 loco
3319 4589 3458 4644 mox
3489 4588 3799 4643 apponen-

2142 4645 2238 4700 do.
2285 4642 2396 4698 Sed
2427 4642 2682 4697 ἀνωτάτω
2714 4662 2848 4699 cum
2889 4644 3140 4716 articulo
3189 4662 3296 4716 pro
3343 4642 3618 4716 ἀνώτατος
3649 4644 3798 4716 alias

379 4711 678 4802 xgsoafﬁv
702 4711 910 4808 γγῶσιν
961 4711 1439 4808 πολυπραγμόνει.
1627 4719 1870 4781 observa.
1898 4718 2015 4786 (luit

2143 4717 2294 4806 dixit
2316 4716 2591 4808 (pergens
2617 4733 2629 4770 :
2663 4715 3169 4787 quemadmodum
3291 4717 3388 4771 381
3418 4733 3430 4772 :
3465 4717 3500 4785 ἡ
3525 4713 3629 4791 γὰρ
3660 4715 3796 4769 ἀνω-

385 4793 455 4845 sit
482 4791 704 4863 γνῶσις.
728 4787 810 4842 de
843 4804 960 4863 qua
990 4787 1221 4844 scilicet
1238 4787 1426 4863 toties
1457 4805 1491 4842 a
1520 4789 1822 4844 Clemente
1862 4803 2034 4843 men-

391 4864 471 4916 tio
499 4860 659 4916 facta
688 4865 814 4931 est:
850 4860 1028 4931 idque
1079 4867 1288 4931 postea
1336 4861 1395 4914 in
1455 4867 1679 4915 textum
1727 4867 2035 4931 receptum

388 4934 594 5001 fuisse,
644 4929 1113 5006 πολυπραγμόνεῐ,
1150 4932 1430 5006 imperat,
1487 4938 1712 4988 mutato
1757 4933 1820 5006 in
1862 4929 2036 5006 πολυ-

389 5007 693 5080 πραγμονεῖ
732 5003 973 5060 indicat.
1030 5004 1214 5071 modi,
1247 5009 1314 5058 ut
1367 5019 1504 5059 cum
1561 5003 2038 5076 prmcedentibus

391 5079 739 5135 cOhmreret.

464 5154 570 5222 (t2)
601 5149 676 5204 Τὸ
717 5145 793 5203 δὲ.
826 5147 1017 5203 Etiam
1049 5146 1241 5202 dativo
1286 5162 1427 5202 casu
1458 5146 1571 5220 legi
1602 5152 1797 5219 potest
1839 5151 1920 5220 τῷ
1961 5145 2036 5204 δέ.

389 5225 806 5366 syi‘ladiagike...
839 5289 928 5344 xui
960 5285 1186 5366 δυνήσῃ.
1382 5291 1493 5366 hoc
1513 5364 1525 5366 _
1549 5291 1772 5348 dictum
1806 5294 1832 5348 ?
1871 5295 2041 5349 Forte

389 5363 634 5438 respicit
663 5369 872 5438 auctor
891 5363 1408 5438 verba_Christi_ad
1433 5364 1759 5438 inﬁrmum,
1787 5366 2038 5438 Joan,iv,

391 5441 422 5492 6
449 5456 460 5492 :
491 5433 684 5499 Θέλεις
715 5434 877 5508 ὐγιής
911 5433 1186 5508 γενέσθαις
1243 5436 1333 5490 vel
1383 5437 1579 5508 potius
1617 5437 1836 5508 leprosi
1867 5437 2043 5492 verba

391 5511 464 5564 ad
495 5504 816 5581 Christum,
854 5504 1027 5563 Marc.
1081 5525 1118 5576 I,
1154 5510 1264 5562 402
1307 5504 1429 5563 Ἑάν
1464 5504 1652 5581 θέλῃς.
1677 5504 1923 5561 ’δύνασαί
1977 5527 2044 5580 με

393 5579 709 5651 καθαμίσαι.
802 5579 807 5581 ’
1574 5579 1583 5581 “
1980 5579 1987 5580 ί

465 5655 578 5723 (ίὺ)
608 5649 874 5726 Καρδίᾳ...
909 5648 1104 5726 ἐπαΐει.
1141 5652 1302 5707 llanc
1335 5653 1692 5708 sententiam
1715 5653 1776 5708 in
1808 5653 1863 5726 Si.
1897 5652 2042 5706 Scri-

401 5727 576 5796 ptura
603 5723 865 5794 reperire
899 5723 1164 5780 nondum
1199 5725 1384 5795 potui.
1411 5727 1491 5779 Ea
1521 5742 1652 5796 qum
1687 5725 1978 5796 sequitur,
2011 5739 2046 5778 a

395 5793 699 5864 plerisque
728 5799 834 5866 τῷν
869 5797 926 5849 O’
949 5793 1342 5866 interpretum
1378 5793 1737 5852 editiouihus
1768 5793 1954 5851 abest.

473 5869 581 5937 (15)
639 5866 710 5918 Τὸ
769 5865 1023 5919 ἀνωτάτω
1073 5865 1165 5919 καὶ
1219 5887 1293 5944 πρ
1329 5910 1341 5924 .
1397 5866 1591 5925 αἴτιον.
1649 5869 1720 5922 Τὸ
1769 5866 2042 5921 ἀνώτατον

2143 4787 2290 4842 τάτω
2329 4783 2621 4857 ἀπόδείξις.

2219 4861 2330 4932 (16)
2387 4854 2557 4931 Τιμᾷν
2618 4854 2944 4912 διδάσκουσα
2979 4901 2991 4913 .
3042 4859 3218 4916 Flor.
3282 4860 3445 4926 edit.,
3497 4858 3586 4913 xui
3647 4854 3798 4932 διδά-

2149 4931 2482 5022 σκορσαηιιεξ
2513 4931 2814 5022 ᾳυίάθθξεο
2847 4948 2877 4987 e
2908 4933 3202 5022 corr‘uptis
3235 4932 3496 5005 vestigiis
3527 4931 3796 5000 decedat,

2145 5004 2262 5076 legi
2293 5009 2489 5076 potest
2513 4999 2998 5076 καταδιδάσκουσα.
3023 4999 3298 5062 δίωωιϐ.

2222 5073 2336 5149 (1³7)
2398 5074 2798 5149 Προσκλήσεως
2834 5119 2872 5149 ._
2916 5076 3156 5149 Aptius,
3199 5073 3602 5148 προσκλίσεως.
3663 5077 3800 5149 δτι.-

2149 5145 2327 5224 nunc;
2351 5145 2600 5224 —7Yera
2629 5154 2827 5224 autem
2858 5145 3487 5224 lectio_vidituri_esse
3517 5145 3802 5224 προσκλη-

2151 5219 2392 5294 ρώσεως,
2427 5222 2564 5277 Vult
2580 5221 2743 5294 enim
2779 5225 2997 5294 auctor
3052 5219 3243 5294 legem
3303 5222 3514 5291 Moysis
3562 5219 3804 5294 'ludseos

2149 5292 2262 5351 Deo
2283 5292 2611 5349 universalis
2652 5293 2947 5355 conditori,
2970 5295 3028 5347 in
3078 5292 3457 5347 hwreditatem
3504 5293 3804 5348 addixisse.

2154 5368 2274 5422 Hoc
2301 5367 2383 5420 ita
2405 5383 2466 5421 se
2488 5367 2728 5425 habere.
2749 5363 3069 5420 didicimus
3091 5381 3121 5419 e
3143 5365 3335 5419 verbis
3356 5364 3644 5424 Philonis.
3675 5380 3808 5425 quea

2153 5438 2419 5494 imitatus
2443 5444 2532 5493 est
2552 5438 2847 5492 Clemens.
2885 5437 2979 5508 Ea,
2996 5451 3130 5491 vero
3162 5442 3395 5508 exstant
3414 5438 3475 5490 in
3499 5438 3628 5508 ejus
3649 5436 3803 5508 libro

2153 5511 2610 5584 Defortitudine,
2646 5528 2702 5582 p.
2736 5511 2832 5563 741
2873 5507 3249 5584 :_95‘_t0t_1t96¢
3284 5501 3808 5584 'Espulo'o'cdcp‘iianf

2155 5575 2299 5655 ἄχθη
2313 5581 2492 5654 μόνως
2525 5575 2773 5655 ἔχοντες
2793 5622 2807 5645 ,
2839 5575 3057 5655 οὐδενᾷς
3099 5575 3282 5655 ἐτέρου
3317 5575 3535 5655 μᾶλλονΔ
3562 5575 3714 5655 ἢῖδτι
3746 5577 3809 5630 τὸ

2155 5646 2418 5707 statim
2452 5653 2541 5706 xui
2567 5646 2940 5726 ,πρεσϐύτατον
2969 5651 3143 5726 αἴτιον
3187 5646 3408 5706 σέϐουσι
3451 5651 3541 5726 καὶ
3571 5652 3798 5724 τίμῶσι,

2154 5730 2233 5795 τῷ
2257 5728 2462 5797 ποιητῇ
2493 5724 2583 5779 καὶ
2616 5723 2815 5798 “Πατρὶ
2870 5728 2997 5798 τῶν,
3027 5724 3173 5778 ὅλων
3219 5723 3804 5798 προσκεκληρωμένοι.

2154 5796 2454 5854 Madianaei
2493 5799 2618 5853 odio
2664 5796 2922 5852 Hebraeos
2977 5796 3082 5851 hac
3123 5799 3406 5867 przccipue
3461 5796 3626 5853 causa
3675 5811 3809 5866 pro-

2155 5872 2348 5940 secuti,
2382 5870 2532 5940 quod
2576 5885 2841 5926 summam
2873 5874 2926 5925 et
2954 5871 3395 5939 antiquissimam
3448 5885 3668 5926 causam
3715 5882 3808 5922 co-
