4144 6426
346 414 498 472 1019

1613 415 2023 473 οωητω
2054 414 2535 472 ΔιωΝΠΒΙΝ
2537 414 2563 467 Ι

3528 366 3779 470 ἰοεο

360 538 680 596 declinatio
708 554 844 595 cum
873 539 1128 595 ratione.
1160 538 1442 595 Custodia
1459 544 1660 597 autem
1685 543 2017 612 pracepto-

2140 534 2271 591 ἕστιν
2326 531 2449 592 ἄνευ
2539 530 2787 610 ἀνδρείας
2839 532 3159 610 καρτερικὸν
3211 535 3379 608 εἶναι,
3464 530 3591 589 ούδὶ
3668 537 3777 610 μὴν

357 645 516 699 rum,
536 645 671 684 cum
692 629 769 684 sit
798 628 1087 684 innocens
1104 644 1311 684 eorum
1334 628 1686 697 observatio,
1719 634 1810 685 est
1837 645 2010 686 secu—

356 718 549 773 ritatis
581 718 709 773 vitae
749 718 1103 774 conciliatio.
1136 720 1253 774 Nec
1301 724 1499 791 potest
1534 736 1665 776 esse
1697 720 1832 791 quis
1865 719 2010 775 tole-

358 823 497 861 rans
526 806 749 877 absque
778 807 1148 876 fortitudine,
1181 825 1377 880 neque
1429 809 1744 865 continens
1785 809 2009 880 absque

355 897 769 967 temperantia.
803 897 873 953 Se
899 903 1100 953 autem
1133 899 1385 954 invicem
1415 904 1865 971 consequuntur
1892 899 2013 953 vir-

355 991 511 1040 tutes
545 1006 559 1053 ;
592 990 651 1040 et
678 987 835 1058 apud
875 1004 1053 1058 quem
1105 994 1247 1044 sunt
1296 990 1581 1045 virtutum
1638 1005 2014 1061 consequen-

355 1075 473 1143 tiae,
532 1074 692 1147 apud
749 1093 886 1132 eum
935 1082 1027 1133 est
1080 1080 1260 1134 etiam
1305 1079 1487 1151 salus,
1549 1097 1681 1151 quae
1730 1085 1822 1136 est
1870 1075 2013 1135 boni

355 1168 545 1219 status
574 1167 967 1223 conservatio.
998 1169 1135 1223 lure
1168 1184 1305 1241 ergo
1337 1169 1385 1224 si
1418 1168 1490 1225 de
1547 1168 1642 1225 his
1698 1168 2015 1225 virtutibus

354 1253 549 1309 adhuc
580 1257 1052 1324 tractaverimus,
1105 1257 1178 1313 de
1228 1258 1507 1314 omnibus
1547 1258 2017 1315 consideraveri-

354 1356 487 1395 mus
514 1357 527 1394 :
560 1342 845 1414 quoniam
872 1344 973 1415 qui
1003 1345 1269 1416 gnostice
1299 1346 1482 1401 habet
1505 1362 1687 1402 unam
1712 1347 2017 1414 virtutem,

354 1446 563 1486 omnes
619 1448 728 1503 per
782 1438 1054 1489 mutuam
1109 1434 1291 1489 habet
1344 1436 1860 1507 consequentiam.
1886 1436 2017 1492 Jam

356 1520 727 1577 continentia
755 1529 847 1578 est
874 1524 1133 1593 affectio,
1175 1541 1308 1595 quae
1340 1541 1460 1580 non
1518 1525 1871 1582 transilierit
1924 1541 2016 1596 ea,

358 1627 490 1681 quae
540 1618 717 1669 rectae
764 1614 983 1670 rationi
1039 1621 1444 1672 consentanea
1499 1616 1795 1673 videntur.
1826 1617 2022 1672 Conti-

359 1716 511 1758 nens
568 1708 768 1759 autem
836 1710 928 1759 est
973 1704 1047 1771 is,
1103 1705 1205 1777 qui
1281 1706 1548 1762 continet
1632 1723 1731 1762 eas
1788 1707 2023 1779 appeti-

359 1790 575 1859 tiones,
636 1810 768 1863 quae
826 1800 969 1849 sunt
1016 1799 1234 1865 praeter
1289 1800 1516 1852 rectam
1554 1796 1848 1853 rationem
1883 1814 1895 1851 :
1928 1785 2023 1855 vel

2119 626 2246 680 ἄνευ
2349 621 2706 697 σωφροσύνης
2784 619 3018 699 ἐγκρατῆ
3082 665 3098 681 .
3159 620 3652 681 Ἀντακολουθοῢσι
3721 621 3781 679 δὶ

2119 711 2401 786 ἀλλήλαις
2458 713 2514 768 αἱ
2566 712 2772 789 ἀρεταί·
2833 712 2925 768 καὶ
2980 713 3110 788 παρ’
3166 712 3214 785 ᾧ
3265 714 3321 768 αἱ
3399 718 3512 768 τῶν
3573 713 3778 789 ἀρετῶν

2120 802 2466 874 ἀκολουθίαι,
2516 804 2664 873 παρά
2718 803 2898 877 τούτῳ
2952 802 3043 858 καὶ
3101 805 3137 873 ἡ
3223 803 3489 880 σωτηρία,
3542 805 3780 880 τήρησις

2122 893 2256 949 οὖσα
2283 896 2382 949 τοῦ
2412 892 2469 948 εὗ
2500 889 2752 968 ἔχοντος.
2784 890 3032 957 Εΐκότως
3056 890 3135 947 ἔτι
3165 892 3292 968 περὶ
3342 891 3553 949 τούτων
3587 889 3784 948 διαλα-

2123 977 2311 1045 ϐόντες
2343 986 2451 1038 τῶν
2509 981 2739 1054 ἀρετῶν,
2797 981 2924 1058 περί
2981 986 3165 1038 πασῶν
3223 980 3284 1037 ἄν
3339 982 3529 1057 εἴημεν
3586 981 3786 1056 ἐσκεμ-

2128 1073 2301 1145 μένοι,
2361 1073 2446 1128 ὅτι
2494 1074 2525 1128 ὁ
2577 1070 2705 1146 μίαν
2764 1068 2910 1147 ἔχων
2969 1072 3166 1150 ἀρετὴν
3243 1076 3558 1148 γνωστικῶς
3611 1073 3786 1135 πάσας

2125 1161 2243 1237 ἔχει
2305 1159 2396 1219 διὰ
2448 1162 2548 1232 τὴν
2609 1159 3054 1218 ἀντακολουθίαν.
3113 1160 3317 1220 Δύτίκα
3388 1164 3424 1233 ἡ
3501 1160 3791 1239 ἐγκράτεια

2127 1249 2361 1315 διάθεσίς
2392 1252 2535 1308 ἔστιν
2559 1246 2931 1327 ἀνυπέρϐατος
2979 1255 3089 1307 τῶν
3147 1252 3285 1308 κατᾶ
3337 1252 3431 1307 τὸν
3463 1250 3625 1328 ὀρθὰν
3683 1249 3792 1306 λό-

2124 1364 2220 1419 γον
2253 1341 2543 1420 φανέντων.
2579 1342 2988 1419 Ἐγκρατεύεται
3020 1339 3078 1398 δὲ
3129 1343 3159 1397 ὁ
3205 1340 3456 1418 κατέχων
3512 1343 3609 1405 τὰς
3640 1342 3791 1419 παρά

2127 1433 2218 1488 τὸν
2234 1431 2395 1507 ὀρθὸν
2425 1429 2594 1507 λόγον
2626 1432 2827 1506 ὁρμὰς,
2868 1433 2905 1503 ἢ
2956 1432 2984 1486 ὁ
3043 1429 3293 1507 κατέχων
3322 1432 3506 1500 αὐτὸν,
3539 1429 3680 1486 ὥστε
3710 1430 3788 1505 μὴ

2130 1522 2308 1598 ὁρμᾷν
2339 1520 2487 1597 παρά
2513 1521 2605 1576 τὸν
2639 1519 2800 1596 ὀρθὰν
2831 1519 3020 1596 λόγον.
3055 1519 3395 1600 Σωφροσύνη
3425 1523 3539 1595 (29)
3562 1517 3622 1576 δὲ
3650 1519 3788 1590 αύτή

2132 1613 2234 1669 οὐκ
2261 1611 2385 1669 ἄνευ
2416 1610 2682 1687 ἀνδρείαςο
2729 1610 2919 1683 ἐπειδὴ
2978 1613 3031 1685 ἐξ
3088 1611 3326 1670 ἐντολῶν
3379 1614 3608 1691 γίνεται,
3667 1613 3792 1668 ἑπο-

2138 1704 2273 1777 μένη
2320 1707 2403 1776 τῷ
2434 1700 2845 1779 διατεταγμένῳ
2870 1707 3012 1776 Θεῷ,
3043 1702 3308 1779 φρόνησίς
3336 1724 3397 1760 τε
3425 1702 3515 1758 καὶ
3541 1705 3577 1773 ἡ
3614 1722 3791 1776 μιμη-

2131 1794 2260 1862 τική
2313 1798 2416 1858 τῆς
2471 1792 2615 1857 θείας
2668 1788 2957 1854 διαθέσεως
3013 1789 3355 1863 δικαιοσύνη·
3414 1794 3531 1857 καθ’
3589 1792 3658 1862 ἢν
3699 1790 3795 1867 ιγ-

357 1879 422 1943 ›Χ‹
453 1882 553 1951 qui
587 1882 851 1953 seipsum
882 1885 1166 1952 continet,
1215 1902 1289 1939 ne
1347 1886 1712 1957 appetitione
1744 1888 2026 1944 efferatur

2140 1881 2548 1957 κρατευόμενοι,
2573 1882 2805 1956 καθαροὶ
2848 1881 2985 1951 πρὸς
3039 1875 3312 1937 εὐσέϐειαν
3365 1881 3457 1937 καὶ
3506 1881 3608 1951 τήν
3663 1880 3792 1936 ἑπο-

363 1975 582 2040 praeter
607 1976 831 2028 rectam
862 1973 1176 2029 rationem.
1205 1975 1622 2046 Temperantia
1663 1983 1863 2033 autem
1894 1977 2023 2051 ipsa

2140 1971 2302 2047 μένην
2335 1968 2660 2035 ἀκολούθως
2708 1974 2791 2044 τῷ
2845 1974 2964 2042 Θεῷ
3014 1973 3207 2046 πρᾶξιν
3247 1967 3616 2044 στελλόμεθα,
3666 1968 3792 2041 ἰξο-

363 2075 487 2114 non
500 2065 591 2115 est
609 2060 738 2118 sine
750 2061 1097 2119 fortitudine
1106 2063 1612 2135 ;quandoquidem
1628 2082 1700 2121 ex
1710 2067 2023 2138 praeceptis

364 2149 555 2204 oritur
573 2150 913 2222 prudentia,
947 2169 1079 2223 quae
1109 2154 1319 2220 Deum,
1340 2154 1442 2224 qui
1474 2155 1679 2211 omnia
1706 2156 2024 2228 disposuit,

364 2239 672 2309 sequitur;
705 2247 764 2296 et
783 2241 1041 2314 justitia,
1082 2260 1215 2314 quas
1271 2243 1533 2300 divinam
1560 2245 2021 2317 dispositionem

362 2326 633 2384 imitatur
659 2347 674 2397 ;
697 2348 997 2403 perquam
1025 2348 1161 2388 cum
1192 2332 1378 2388 simus
1409 2335 2022 2404 continentes,mundi

365 2415 440 2472 ad
471 2418 753 2489 pietatem
771 2421 1105 2477 etactiones
1128 2422 1398 2494 exemplo
1417 2424 1521 2478 Dei
1536 2423 1876 2482 conformes
1899 2431 2024 2482 ten-

366 2506 575 2578 dimus,
608 2510 883 2578 Domino,
925 2510 1122 2582 quoad
1151 2528 1186 2567 a
1215 2512 1571 2569 mortalibus
1629 2513 1757 2569 ﬁeri
1807 2520 2025 2588 potest,

367 2598 705 2655 assimilati.
739 2600 803 2655 1d
834 2606 1035 2656 autem
1080 2606 1188 2669 est,
1240 2601 1473 2673 justum
1501 2608 1561 2658 et
1591 2608 1864 2661 sanctum
1896 2607 2028 2663 fieri

368 2703 503 2742 cum
530 2689 867 2759 prudentia.
900 2690 1057 2746 Deus
1086 2690 1247 2746 enim
1279 2691 1507 2747 nullius
1537 2693 1625 2748 rei
1669 2693 1918 2767 indiget,
1969 2702 2032 2754 et

369 2776 679 2833 aﬂ‘ectibus
709 2795 833 2835 non
864 2784 956 2835 est
984 2779 1277 2836 obnoxius
1303 2781 1496 2838 :unde
1525 2798 1638 2837 nec
1669 2787 1760 2839 est
1786 2786 2029 2857 proprie

368 2866 704 2925 continens.
741 2868 810 2924 In
828 2885 965 2926 eum
994 2869 1157 2926 enim
1186 2870 1355 2926 nulla
1383 2887 1650 2942 unquam
1680 2872 1841 2929 cadit
1880 2876 2029 2931 aﬂ‘e-

368 2956 485 3011 ctio
517 2961 621 3012 aut
647 2958 1225 3030 perturbatio,quam
1255 2961 1800 3019 contineat.Nostra
1828 2969 2029 3019 autem

370 3051 606 3117 natura,
639 3060 770 3119 quae
802 3054 892 3104 est
917 3048 1175 3106 obnoxia
1204 3050 1640 3119 affectionibus,
1674 3068 1825 3124 opus
1853 3052 2036 3109 habet

371 3135 761 3208 continentia,
792 3155 901 3211 per
921 3156 1100 3211 quam
1153 3139 1296 3195 dum
1351 3145 1680 3210 exercetur,
1732 3147 1801 3198 ut
1828 3143 2033 3215 paucis

369 3225 652 3300 indigeat,
685 3234 935 3285 conatur
962 3229 1172 3285 habitu
1202 3229 1277 3285 ad
1308 3229 1571 3287 divinam
1622 3237 1901 3288 naturam
1934 3249 2035 3289 ac-

370 3291 604 3372 cedevre.
640 3291 739 3371 Vir
768 3319 930 3374 enim
957 3318 1154 3374 bonus
1186 3319 1393 3391 paucis
1423 3318 1671 3392 indiget,
1702 3326 1770 3376 ut
1815 3321 1920 3393 qui
1955 3322 2032 3378 sit
2062 3291 2109 3359 θ

368 3403 431 3459 in
458 3405 721 3462 confinio
747 3411 976 3463 naturaa
1005 3408 1279 3465 mortalis
1311 3412 1371 3464 et
1416 3407 1818 3479 immortalis;
1851 3427 2034 3485 agens

369 3493 634 3565 quidem,
667 3501 727 3551 et
749 3502 993 3569 prapter
1029 3514 1267 3571 corpus,
1300 3503 1359 3554 et
1414 3505 1661 3570 propter
1717 3501 2034 3557 mortalem

371 3583 662 3656 originem
688 3602 702 3652 ;
733 3586 938 3656 paucis
959 3590 1158 3642 autem
1190 3603 1360 3659 egere
1392 3586 1882 3660 doctus,propter
1904 3606 2037 3645 sus-

371 3678 605 3744 ceptam
635 3674 867 3730 ratione
900 3674 1355 3731 continentiam.
1375 3676 1708 3740 Quamnam
1742 3677 1900 3732 enim
1934 3678 2034 3733 ha-

370 3761 474 3817 bet
502 3762 820 3833 rationem,
855 3763 1014 3837 quod
1070 3763 1166 3821 lex
1220 3764 1344 3821 viro
1386 3765 1687 3837 prohibet,
1719 3782 1788 3822 ne
1838 3773 2037 3823 vestem

371 3852 575 3907 induat
600 3853 922 3910 muliebrem
952 3854 1029 3927 (a)
1048 3854 1077 3909 ?
1106 3856 1322 3910 Annon
1353 3871 1461 3911 nos
1491 3853 1617 3910 vult
1639 3872 1769 3912 esse
1794 3855 2041 3922 viros,et

373 3956 485 3996 nec
513 3958 783 4013 corpore,
817 3959 927 3999 nec
982 3943 1176 4011 factis,
1238 3961 1349 4001 nec
1398 3949 1623 4012 mente,
1672 3961 1784 4001 nec
1842 3946 2038 4002 verbis

377 4030 758 4087 effeminari?
790 4033 925 4088 Vult
969 4034 1133 4090 enim
1165 4051 1303 4091 eum
1361 4051 1491 4091 esse
1545 4034 1906 4105 masculum,
1933 4034 2038 4107 qui

374 4120 606 4176 veritati
636 4120 739 4176 dat
768 4138 1034 4193 operam,
1068 4122 1130 4178 in
1156 4122 1420 4179 ferendis
1450 4121 1759 4179 laboribus
1805 4128 1863 4180 et
1893 4142 2037 4197 per-

374 4209 773 4280 pessionibus,
805 4211 868 4267 in
893 4212 1011 4267 vita
1041 4216 1100 4267 et
1130 4213 1416 4281 moribus,
1450 4216 1510 4268 et
1556 4212 1621 4268 in
1672 4229 1951 4270 sermone
1983 4219 2043 4271 et

2137 2060 2566 2136 μοιούμενοιτῷ
2596 2058 2777 2135 Κυρίῳ
2801 2060 2942 2115 κατά
2993 2060 3056 2116 τὸ
3109 2057 3336 2117 δυνατὸν
3391 2062 3553 2134 ἡμῖν,
3595 2059 3793 2131 ἐπική-

2135 2172 2253 2225 ροις
2289 2152 2388 2221 τὴν
2451 2149 2608 2228 φύσιν
2658 2148 3018 2226 ὑπάρχουσιν.
3071 2152 3250 2208 Τοῦτο
3301 2147 3359 2206 δέ
3415 2148 3528 2206 ἰστι
3585 2147 3792 2205 δίκαιον

2133 2240 2225 2295 καὶ
2284 2238 2434 2294 ὅσιον
2493 2238 2631 2311 μετά
2686 2240 3004 2315 φρονήσεως
3058 2240 3325 2314 γενέσθαι.
3380 2236 3652 2302 Ἀνενδεὶς
3703 2239 3799 2314 μὶν

2132 2329 2237 2405 γὰρ
2264 2329 2329 2384 τὸ
2350 2333 2504 2383 Θεῖον
2535 2327 2626 2383 καὶ
2646 2326 2868 2392 ἀπαθές·
2901 2328 3022 2394 ὅθεν
3076 2327 3204 2385 οὐδὲ
3256 2328 3515 2405 ἐγκρατὲς
3573 2328 3802 2404 κυρίωςο

2139 2418 2202 2474 οὐ
2261 2417 2363 2494 γὰρ
2426 2416 2721 2474 ὑποπίπτει
2779 2418 2940 2472 πάθει
3000 2418 3154 2489 ποτὶ,
3226 2416 3322 2475 ἵνα
3376 2419 3467 2475 καὶ
3552 2420 3803 2494 κρατήσῃ

2135 2504 2317 2563 τοῦδεο
2350 2508 2386 2577 ἡ
2451 2503 2512 2561 δὲ
2562 2506 2809 2583 ἡμετέρα
2857 2506 3039 2583 φύσις,
3093 2507 3343 2582 ἐμπαθὴς
3397 2508 3554 2580 οὗσα,
3606 2506 3810 2584 έγκρα-

2134 2598 2284 2660 τείας
2318 2593 2512 2666 δεῖται,
2541 2593 2612 2651 δι’
2642 2596 2712 2665 ἧς
2742 2598 2881 2672 πρὸς
2910 2598 2974 2654 τὸ
3028 2595 3314 2673 ὀλιγοδεὶς
3364 2598 3803 2670 συνασκουμένη,

2140 2686 2467 2763 συνεγγίζειν
2526 2690 2782 2763 πειρᾶται
2841 2687 2979 2742 κατά
3036 2684 3274 2752 διάθεσιν
3331 2690 3403 2763 τῇ
3453 2686 3571 2759 θείᾳ
3626 2686 3805 2766 φύσει⁹

2140 2779 2170 2834 ὁ
2199 2778 2305 2853 γὰρ
2330 2773 2627 2839 σπουδαῖος
2659 2778 2771 2850 (30)
2824 2774 3139 2852 ὀλιγοδεὴς,
3187 2776 3450 2834 ἀθανάτου
3479 2778 3569 2833 καὶ
3604 2782 3811 2849 θνητῆς

2141 2866 2356 2946 φύσεως
2390 2865 2667 2942 μεθόριος·
2700 2866 2763 2922 τὸ
2800 2868 2895 2941 μὲν
2922 2864 3099 2932 ἐνδεὶς
3149 2865 3239 2923 διά
3291 2889 3352 2924 τε
3396 2868 3462 2924 τὸ
3515 2872 3677 2942 σῶμα
3717 2864 3811 2922 διὰ

2140 2978 2200 3013 τε
2229 2958 2332 3027 τὴν
2363 2956 2571 3030 γένεσιν
2600 2955 2768 3026 αὐτὴν
2802 2952 2971 3032 ἔχων·
3027 2956 3233 3033 ὀλίγων
3294 2954 3354 3014 δὶ
3383 2955 3477 3014 διὰ
3499 2958 3602 3028 τήν
3647 2954 3806 3034 λογι-

2141 3047 2243 3117 κήν
2324 3045 2638 3123 ἐγκράτειαν
2721 3042 2927 3102 δεῖσθαι
3013 3043 3428 3124 δεδιδαγμένος’
3516 3045 3605 3104 ἐπὶ
3686 3045 3809 3103 τίνα

2144 3135 2309 3212 λόγον
2369 3129 2490 3211 ἔχει
2540 3135 2604 3192 τὸ
2652 3134 2902 3191 ἀπειπεῖν
2972 3136 3065 3192 τὸν
3138 3136 3326 3211 Νόμον
3403 3133 3560 3214 ἀνδρὶ
3618 3156 3808 3213 γυναι-

2142 3226 2240 3289 κὸς
2270 3224 2602 3302 ἀμπεχόνην
2659 3228 2769 3299 (3|)
2829 3221 3231 3300 ἀναλαμϐάνειν
3267 3229 3383 3298 ;⁶Ή
3439 3224 3571 3304 ούχὶ
3626 3222 3816 3304 ἀνδρί-

2149 3317 2504 3390 ζεσθαιήμᾶς
2535 3314 2818 3393 βούλεται,
2875 3317 3016 3390 μήτε
3070 3317 3209 3373 κατά
3262 3316 3328 3373 τὸ
3382 3320 3545 3390 σῶμα
3593 3315 3685 3372 καὶ
3740 3316 3814 3372 τὰ

2142 3401 2297 3482 ἔργα,
2332 3405 2472 3479 μήτε
2499 3404 2636 3461 κατά
2661 3406 2762 3476 τήν
2792 3402 3035 3462 διάνοιαν
3090 3404 3183 3462 καὶ
3229 3406 3322 3462 τὸν
3376 3404 3541 3483 λόγον
3576 3403 3816 3476 έκθηλυ-

2141 3495 2452 3569 νομὲνουςς
2510 3494 2851 3572 ήρῥενῶσθαι
2909 3495 3013 3572 γὰρ
3073 3495 3165 3551 τὸν
3196 3493 3432 3569 ἀληθείᾳ
3461 3494 3817 3573 σχολάζοντα

2145 3581 2197 3641 ἔν
2237 3606 2296 3640 τε
2358 3586 2683 3659 ὑπομοναῖς.
2742 3581 2796 3640 ἕν
2851 3605 2911 3640 τε
2975 3584 3311 3662 καρτερίαις,
3368 3586 3468 3641 κάν
3517 3585 3598 3658 τῷ
3686 3584 3814 3661 βίῳ,

2143 3674 2243 3730 κάν
2272 3677 2353 3747 τῷ
2380 3674 2593 3749 τρόπῳ,
2623 3673 2720 3730 κάν
2751 3672 2831 3749 τῷ
2864 3673 3037 3750 Λόγῳ,
3060 3675 3156 3732 κάν
3213 3677 3282 3751 τῇ
3315 3676 3565 3747 ἀσκήσει,
3595 3674 3816 3749 νύκτωρ

2142 3784 2203 3819 τε
2231 3762 2321 3818 καὶ
2356 3764 2475 3836 μεθ’
2506 3763 2741 3837 ἡμέραν,
2772 3763 2861 3819 καὶ
2894 3761 2941 3819 εἹ
2990 3785 3098 3819 που
3161 3763 3464 3842 μαρτυρίου
3516 3762 3587 3819 δι’
3640 3760 3820 3838 α’ίμα-

2144 3872 2242 3914 τος
2273 3855 2591 3928 χωροῦντος
2644 3847 3040 3909 έπικαταλάϐοι
3072 3853 3258 3929 χρεία,
3294 3852 3573 3929 βούλεται.
3610 3852 3814 3924 Πάλιν,

2147 3939 2327 4004 Ε’ἶτις
2383 3944 2525 4011 (32),
2586 3943 2745 4020 φησὶ,
2804 3943 3000 3998 νεωστὶ
3058 3940 3391 4017 δειμάμενος
3447 3942 3646 4012 οἰκίαν,
3707 3942 3811 3999 οὐκ

2149 4027 2281 4109 ἔφθη
2344 4029 2758 4087 εἷσοικίσασθαι·
2848 4030 2877 4102 ἢ
2964 4030 3269 4106 ἀμπελῶνα
3324 4031 3585 4100 νεόφυτον
3647 4030 3814 4110 ἔργα·

2150 4122 2405 4195 σάμενος,
2471 4118 2703 4195 μηδέπω
2761 4125 2859 4177 τοῦ
2917 4125 3131 4197 καρποῦ
3163 4119 3516 4200 μετείληφεν,
3546 4123 3582 4195 ἢ
3612 4120 3815 4199 παρθέ-

2148 4231 2243 4267 νον
2299 4208 2737 4287 ἐγγυησάμενος,
2797 4208 3020 4267 οὐδέπω
3106 4206 3335 4289 ἔγημεν
3380 4210 3609 4274 τούτους
3664 4209 3816 4290 ἀφεῖ·

445 4345 510 4411 ›ι‹
539 4340 601 4395 Ρ.
633 4341 734 4394 471
769 4340 888 4399 ED.
918 4341 1218 4411 PUTTEB,
1243 4341 1485 4396 395-396
1514 4340 1632 4399 El).
1661 4341 1891 4399 PARIS.
1926 4341 2003 4415 (a)
2032 4342 2202 4399 Deut.
2234 4357 2370 4408 nu,
2404 4343 2455 4395 5.

447 4480 555 4552 (29)
607 4481 968 4556 Σωφροσύνη.
1009 4486 1190 4556 ‘Ante
1248 4483 1645 4556 Clementem_
1688 4484 1852 4541 Philo
1924 4485 2035 4556 has

377 4550 646 4633 virtuhtes,
679 4550 952 4633 atypus“,
1006 4551 1336 4633 ἐγκράτειαν,
1395 4550 1776 4633 σωφροσύνην,
1830 4555 2034 4633 φρόνη-

381 4642 487 4701 σιν,
520 4619 869 4701 δικαιοσύνην
892 4619 1298 4701 ἐὶ-καρτερίανξ
1321 4619 1683 4701 'conjtihctas
1707 4619 1852 4701 'eSse'
1865 4619 2033 4701 dixit,

382 4695 441 4775 i_d
471 4695 1121 4775 prmtereasubj‘iciens,
1145 4695 1303 4775 quod
1319 4695 1620 4775 virbonus
1631 4695 1975 4775 subiti-{98515
1985 4695 2033 4775 ςξ

386 4767 597 4843 Debita
618 4769 839 4843 Mog/sis,
871 4766 979 4843 lib.
1016 4766 1194 4843 Imp.
1230 4773 1352 4840 680,
1405 4772 1502 4843 681
1533 4786 1546 4825 :
1609 4766 1768 4843 um:
1815 4766 1861 4825 εἰ

386 4767 460 4819 De
473 4752 597 4854 πίει
618 4769 839 4854 Mog/sis,
871 4752 979 4826 rat.
1016 4752 1768 4843 at5."e§o,"esﬁ"vmv
1815 4752 1867 4825 ei
1889 4752 2033 4897 τῷ
2067 4752 2114 4818 n

384 4833 621 4916 τάληθές
654 4837 934 4916 εἱπεινηὸ
992 4843 1307 4916 φρονήσεως
1364 4842 1456 4916 καὶ
1514 4840 1895 4916 σωφροσύνης,
1975 4861 2039 4894 ν-

387 4904 571 4994 δρείας
600 4929 659 4964 τε
711 4909 802 4994 καὶ
839 4904 1212 4994 δικαιοσύνης
1264 4913 1563 4994 ξερώτατος
1608 4904 2041 4994 ’θίασοςΓάσκη-

384 4982 482 5043 τὰς
517 4982 844 5060 μὶετατρέχει
898 4984 989 5039 καὶ
1042 4982 1176 5060 boot
1218 4982 1491 5060 αὐστηρὸν
1544 4984 1646 5060 καὶ
1679 4982 2040 5060 σκληροδίαι-

384 5001 482 5043 τας
564 5001 687 5036 ετατ
728 5001 844 5058 εχει
898 5001 989 5039 και
1043 5005 1161 5040 οσοι
1218 5001 1491 5060 αὐστηρὸν
1544 5001 1636 5039 και
1679 5001 2040 5060 σκΑηροσιαι-

383 5072 476 5133 τον
513 5001 658 5133 gini,
680 5002 990 5133 ξγκράτειαν
1022 5057 1111 5112 καὶ
1147 5056 1428 5133 καρτερίαν
1457 5052 1746 5133 ﬁniebat,
1769 5055 1898 5133 ⁸σὺν
1960 5057 2041 5133 εύ-

383 5122 587 5198 τελείᾳ,
621 5122 693 5182 δι’
719 5122 795 5182 ὧν
826 5130 889 5185 τὸ
913 5122 1251 5204 κυριώτατόν
1300 5122 1408 5184 τῶν
1455 5122 1515 5181 έν
1539 5129 1676 5252 ημῖν
1711 5122 1740 5182 ὅ
1769 5126 2043 5206 λογισμὸς

390 5197 465 5252 εἰς
502 5198 706 5252 ὑγίειαν
761 5198 954 5252 ἄνοσον
1009 5201 1100 5252 καὶ
1153 5198 1358 5252 εὐεξίαν
1426 5195 1549 5252 ἐπιδ
1611 5220 1736 5252 ωσι.
1768 5208 1877 5252 etc-
1931 5206 2041 5252 Ima

390 5148 587 5198 τεΛειᾳ,
621 5148 687 5182 οιν
721 5148 795 5182 ων
826 5148 889 5185 το
913 5148 1251 5204 κυριωτατον
1300 5149 1408 5184 των
1455 5148 1507 5181 εν
1539 5148 1574 5252 η
1633 5149 1676 5182 ιν
1711 5148 1740 5182 ο
1771 5148 2041 5206 Λογισμος

390 5197 465 5260 εἰς
502 5198 706 5274 ὑγίειαν
761 5198 954 5256 ἄνοσον
1009 5201 1100 5255 καὶ
1153 5195 1550 5274 εύεξίαννηέπιδ
1578 5148 1736 5269 ἔωσι,
1768 5208 1877 5259 etc.
1924 5206 2041 5259 Imo

388 5274 435 5325 si
462 5273 651 5328 verum
679 5275 973 5344 fatendum
1002 5280 1102 5341 est,
1158 5289 1310 5328 sacer
1360 5273 1455 5327 ille
1500 5273 1769 5328 virtutum
1821 5275 2039 5343 chorus,

380 5345 725 5418 prudentiae,
777 5347 1158 5415 temperantia:
1190 5388 1206 5412 ,
1252 5344 1620 5413 fortitudinis,
1671 5344 2039 5418 justitiwque,

390 5416 539 5470 ult-ro
569 5416 677 5472 sibi
706 5419 930 5487 quaerit,
962 5431 1097 5486 quos
1134 5421 1403 5482 exerceat,
1422 5418 1733 5489 prcesertim
1781 5433 1888 5484 eos,
1922 5416 2044 5489 _qui

392 5489 642 5542 tetricum
674 5490 978 5557 duramqne
1006 5490 1175 5542 vitam
1210 5493 1531 5557 sequuntur,
1553 5488 1903 5557 conjunctam
1923 5488 2045 5545 cum

385 5560 665 5629 patientia
691 5561 1155 5629 continentiaque,
1189 5558 1541 5629 simplicitate
1571 5573 1808 5627 quoque,
1840 5565 1890 5613 et
1919 5563 2040 5628 fru-

394 5627 624 5694 galitate
637 5633 834 5700 paucis
865 5627 1121 5686 contenta
1153 5647 1170 5685 :
1215 5627 1410 5700 quibus
1468 5631 1682 5684 artibus
1705 5646 1841 5699 pars
1870 5632 2048 5686 nostri

389 5701 699 5769 praecipua,
762 5703 967 5757 scilicet
1013 5705 1180 5769 ratio,
1238 5704 1532 5758 sanitatem
1593 5706 1778 5756 tuetur
1829 5701 2049 5758 bonam-

396 5781 500 5840 que
527 5769 926 5840 habitudinem,

468 5839 582 5913 (30)
617 5839 680 5896 Ὁ
729 5841 830 5917 γὰρ
877 5841 1193 5907 σπουδαῖος.
1252 5846 1386 5902 Hinc
1436 5842 1643 5929 didicit
1694 5845 1969 5902 Clemens
2019 5861 2051 5901 e

2144 4483 2413 4558 Philonis
2443 4482 2599 4558 libro
2630 4483 2704 4558 De
2731 4485 3087 4558 fortitudine,
3146 4502 3204 4558 p.
3263 4484 3401 4540 337:
3450 4486 3509 4558 ‘_0
3539 4477 3598 4538 δὶ
3628 4502 3807 4558 σπου-

2145 4551 2298 4617 δαῖος
2331 4551 2949 4632 ὀ-λιγ-οδεῂςιάθανᾴτου
3002 4551 3093 4632 καὶ
3147 4551 3355 4627 θνητῆς
3403 4553 3616 4632 φύσεως
3652 4556 3818 4632 μεθέξ-

2145 4644 2285 4701 ριος⁶
2317 4625 2379 4681 τὸ
2413 4623 2508 4701 μὲν
2552 4623 2761 4688 ἐπιδεὶς
2816 4623 2852 4681 ἔ’
2888 4647 2961 4683 ων
3000 4624 3091 4683 διὰ
3145 4623 3322 4702 σῶμα
3357 4623 3580 4697 θνήτὸν,
3634 4623 3697 4683 τὸ
3755 4623 3817 4681 δὲ

2147 4699 2224 4768 μὴ
2258 4695 2563 4760 πολυτελὲς
2596 4695 2687 4754 διὰ
2737 4647 2925 4768 ψυχὲν
2985 4699 3277 4768 ἐφιεμένην
3327 4698 3640 4763 ἀθανασίας,
3708 4700 3817 4755 Vir

2147 4698 2563 4785 πολυτελὶς
2596 4698 2687 4754 διὰ
2737 4698 2925 4785 ψυχὴν
2961 4698 3277 4785 ,ἐφιεμένην
3327 4698 3662 4785 ἀθανασίαςᾷ
3708 4700 3819 4785 Vir

2142 4770 2556 4857 autemnbonus
2593 4770 2995 4857 paucis'eget,
3024 4770 3119 4828 'in'
3167 4770 3385 4857 natura:
3434 4772 3817 4857 mortalis

2146 4843 2505 4912 mortalisque
2558 4843 2697 4900 situs
2741 4843 3025 4914 conﬁnio:
3070 4850 3297 4916 propter
3352 4860 3551 4915 corpus
3592 4843 3815 4915 quidem

2149 4914 2380 4996 mortale
2399 4917 2631 4996 egestati
2661 4916 2931 4996 obnoxius
2961 4921 3061 4996 est,
3102 4919 3303 4996 paucis
3338 4932 3476 4996 uero
3524 4922 3815 4996 contentus

2141 5002 2250 5057 pro
2294 4992 2377 5041 ter
2414 4988 2675 5058 animam,
2748 4989 2930 5044 uaead
2958 4989 3435 5044 immortalitatem
3455 4988 3707 5070 aspirat._

2222 5002 2334 5112 (in
2392 5057 2654 5112 Γυναικὸς
2710 5005 2853 5112 ἀμπ.
2928 5060 3099 5112 Philo
3176 5059 3437 5112 Judaaus.
3495 5057 3635 5112 libri
3691 5076 3707 5112 ι

2222 5057 2334 5131 (3_l)
2392 5057 2654 5121 Γυναικὸς
2713 5057 2853 5131 ἆμπ.
2928 5060 3115 5131 Philo
3176 5059 3437 5131 Judaaus,
3495 5057 3635 5131 libri

2151 5127 2292 5183 dicti
2481 5132 2583 5185 738
2618 5148 2631 5186 :
2659 5127 2909 5197 Τοσαύτη
2958 5127 3016 5185 δέ
3064 5129 3149 5192 τίς
3181 5128 3292 5185 ἐστι
3321 5133 3402 5202 τῷ
3425 5127 3610 5202 ’Νόμῳ
3643 5127 3812 5218 σπου-

2152 5195 2218 5258 δῆ
2251 5219 2423 5258 καιφι
2469 5201 2661 5258 οτιμία
2716 5200 2840 5258 περί
2896 5206 2993 5257 τοῦ
3052 5201 3320 5258 γυμνάσαι
3359 5200 3449 5256 καὶ
3505 5221 3814 5258 συγκροτη-

2152 5220 2218 5268 οη
2251 5220 2341 5253 και
2366 5220 2661 5276 φιλοτιμία
2716 5220 2840 5276 περι
2896 5222 2993 5257 του
3052 5223 3320 5277 γυμνάσαι
3359 5220 3449 5256 και
3505 5221 3807 5291 συγκροτη-

2151 5273 2622 5367 nuntiaris
2653 5271 2925 5367 ἀνέἒείοένν
2959 5274 3097 5367 ὥσξε
3123 5273 3222 5367 “si
3267 5272 3393 5367 ἐπερῖ
3420 5270 3807 5367 ,έετθριιατιενε

2153 5342 2317 5397 ὁποῖα
2348 5342 2542 5420 ’ἔχρῆν
2594 5342 2960 5420 ἀμπέχεσθαι,
3049 5342 3349 5419 διετάξατοξ
3410 5342 3655 5400 ἀπειπὼν
3712 5344 3815 5400 ἀνά

2151 5413 2349 5501 κράτος
2434 5414 2589 5491 ἀνδρὶ
2663 5417 2920 5501 γυναικὸς
2974 5419 3299 5501 ἀμπεχόνην
3386 5411 3814 5501 ἀναλαμϐάνειν.

2158 5491 2338 5545 Tanta
2360 5507 2541 5575 parra
2592 5491 2934 5576 contentione
2983 5492 3073 5576 lea:
3118 5491 3297 5576 studet
3341 5507 3593 5576 exercere
3618 5494 3813 5576 eonﬁr-

2153 5565 2652 5643 marequeanimos
2673 5563 2747 5643 act
2774 5564 3187 5643 fortitudinem,
3214 5568 3279 5643 ut
3299 5562 3481 5643 _et_
3522 5565 3813 5643 uestimen-

2156 5634 2245 5699 tis,
2277 5633 2534 5703 qualibus
2572 5635 2835 5690 utendum
2881 5637 2975 5702 sit,
3013 5636 3332 5708 praecipiat,
3363 5633 3818 5690 diserteinterdi-

2156 5719 2297 5762 cens.
2339 5721 2409 5759 ne
2442 5707 2531 5761 vir
2559 5712 2741 5762 sumat
2770 5703 3080 5762 muliebria.

2154 5719 2297 5770 cens,
2339 5721 2409 5759 ne
2442 5712 2531 5761 vir
2559 5712 2741 5762 sumat
2770 5712 3080 5763 muliebria.

2173 5845 2189 5861 ἱ
2226 5776 2336 5857 (βὲ)
2451 5777 3298 5861 1:4.ngcpr0piusaccedunt
3322 5774 3401 5861 ad
3426 5775 3698 5861 Philouni_s
3712 5778 3814 5835 Ju-

2156 5845 2270 5902 dmi
2296 5846 2493 5922 verba,
2526 5867 2583 5923 p.
2618 5845 2747 5920 740,
2778 5845 2959 5922 quam
2986 5851 3225 5926 Moysis,
3257 5850 3429 5908 Deut.
3460 5865 3558 5921 xx,
3591 5852 3703 5910 5-7.
