4144 6406
370 366 542 463 ⁷1021

1758 408 2212 467 STROMATUM
2248 412 2384 468 LIB.
2428 413 2501 472 II.

3702 419 3841 476 1022

392 510 528 596 ’σθαι
558 534 660 600 τῆς
692 522 998 606 στρατείας,
1051 528 1079 582 6
1137 525 1527 606 φιλάνθρωπος
1585 530 1798 587 κελεύει
1853 530 2064 606 Νόμος·

2194 538 2637 607 exercitatione,
2664 543 2844 596 noctu
2905 545 2962 596 et
3019 541 3300 609 interdiu,
3353 547 3412 597 et
3457 541 3647 599 sicubi
3678 545 3848 598 testi-

408 623 791 698 στρατηγικῶς
855 618 973 693 μὲν,
1034 618 1110 681 ὡς
1172 617 1249 691 μὴ
1308 620 1722 694 περισπώμενοι
1779 621 1921 694 πρὸς
1971 622 2068 684 τὰς

405 710 724 783 ἐπιθυμίας,
781 708 1096 784 ἀπρόθυμοι
1160 711 1241 780 τῷ
1327 705 1567 782 πολέμῳ
1626 709 2063 785 ἐξυπηρετῶμεψ

407 798 690 876 ἐλεύθεροι
721 800 830 871 (33)
861 798 963 872 γὰρ
1009 797 1104 859 τὰς
1163 797 1338 872 ὁρμὰς
1400 798 1451 852 οἱ
1504 798 1923 872 ἀπροφασίστως
1949 804 2067 861 τοῖς

410 886 611 951 δεινοῖς
663 885 1125 959 ἐπαποδυόμενοιο
1187 883 1589 964 φιλανθρώπως
1645 886 1725 954 δὲ,
1781 887 1970 958 ἐπειδὴ
2001 891 2070 944 τὰ

402 983 542 1038 κατά
571 979 697 1042 τοὺς
741 977 1028 1051 πολέμους
1077 973 1278 1046 ἅδηλα’
1336 975 1521 1033 ἄδικον
1573 978 1708 1034 εἶναι
1759 979 2069 1054 λογισάμε-

402 1094 513 1145 νος,
545 1072 638 1126 τὸν
676 1071 771 1143 μὲν
829 1070 905 1142 μὴ
962 1063 1184 1123 ὄνασθαι
1238 1072 1347 1122 τῶν
1412 1068 1576 1123 αὐτοῦ
1634 1068 1837 1137 πόνων,
1881 1066 2067 1145 ἕτερον

407 1160 464 1218 δὶ
520 1161 587 1216 τὰ
641 1162 751 1216 τῶν
811 1158 1100 1232 καμόντων
1161 1157 1564 1234 ἀταλαιπώρως
1624 1154 1834 1216 λαϐεῖν.
1880 1161 2069 1217 Ἔοικε

406 1251 465 1308 δὲ
497 1254 524 1307 6
551 1250 744 1324 Νόμος
789 1251 878 1304 καὶ
938 1249 1038 1318 τὴν
1096 1255 1205 1318 τῆσ
1261 1250 1448 1323 ψυχῆς
1485 1247 1764 1325 ἐμφαίνειν
1793 1247 2064 1326 ἀνδρείαν,

403 1341 511 1398 δεῖν
545 1344 864 1413 νομοθετῶν
921 1338 1015 1393 τὸν
1075 1337 1409 1417 φυτεύσαντα
1459 1340 1828 1414 καρποῦσθαι,
1854 1338 1943 1393 καὶ
1974 1339 2067 1394 τὸν

406 1428 916 1504 οῗκοδομησάμενον
964 1427 1155 1497 οἰκεῖν,
1212 1426 1302 1482 καὶ
1359 1428 1452 1483 τὸν
1515 1427 1800 1500 μνώμενον
1842 1433 2063 1501 γαμεῖνο

406 1520 472 1575 οὐ
499 1521 602 1596 γὰρ
634 1521 747 1593 (34)
779 1517 992 1578 ἀτελεῖς
1041 1516 1138 1580 τὰς
1193 1514 1420 1580 ἐλπίδας
1475 1521 1595 1579 τοῖς
1636 1517 1903 1587 ἀσκήσασι
1930 1517 2067 1572 κατά

405 1613 494 1665 τὸν
556 1609 720 1686 λόγον
780 1611 872 1664 τὸν
933 1608 1232 1684 γνωστικὸν
1310 1608 1716 1676 κατασκευάζει·
1787 1606 2068 1677 Τελευτή-

406 1723 601 1766 σαντος
844 1700 948 1774 γὰρ
1030 1698 1119 1754 καὶ
1195 1701 1399 1768 ζῶντος
1453 1695 1650 1772 ἀνδρὸς
1704 1697 1905 1774 ἀγαθοῦ
1964 1698 2066 1752 οὐκ

404 1793 714 1850 ἀπόλλυται
775 1791 955 1854 ἐλπίς,
1039 1792 1200 1867 Ἐγὼ,
1263 1791 1418 1866 φησί,
1499 1789 1630 1852 τοὺς
1683 1789 1780 1863 ἐμὲ
1833 1790 2064 1867 φιλοῦν-

2179 628 2404 696 monio,
2439 645 2542 683 seu
2572 629 2884 701 martyrio,
2918 646 3068 702 opus
3100 631 3196 699 sit,
3241 632 3399 702 quod
3430 633 3713 704 procedat
3739 651 3847 704 per

2180 719 2552 790 sanguinem.
2601 723 2862 776 Rursus:
2913 722 2973 776 Si
3022 721 3164 792 quis,
3214 722 3433 792 inquit,
3477 724 3695 778 domum
3728 741 3761 778 α
3790 739 3844 778 se

2179 823 2357 878 nuper
2406 810 2730 879 zdiﬁcatam
2778 813 3023 866 nondum
3080 812 3379 876 habitavit,
3416 820 3513 867 aut
3537 815 3700 868 vitem
3729 830 3840 866 nu-

2170 911 2276 963 per
2300 897 2616 966 plantatam
2643 907 2917 969 operatus,
2951 903 3168 969 fructus
3212 902 3458 955 nondum
3499 904 3609 970 fuit
3655 903 3840 971 parti-

2179 1001 2321 1056 ceps,
2351 993 2447 1040 aut
2488 989 2594 1041 sibi
2640 990 2918 1060 desponsa
2965 991 3176 1059 virgini
3226 991 3471 1044 nondum
3500 994 3686 1060 nupsit
3717 993 3791 1062 (a)
3817 1008 3836 1046 :

2180 1089 2279 1128 eos
2311 1075 2437 1130 vult
2467 1076 2730 1133 humana
2753 1078 2847 1132 lex
2872 1095 3000 1133 esse
3034 1079 3334 1134 immunes
3364 1096 3398 1134 a
3431 1080 3667 1147 militia,
3697 1097 3841 1151 pru-

2179 1161 2392 1218 denter
2422 1171 2480 1220 et
2510 1166 2918 1239 imperatorie,
2943 1185 3017 1223 ne
3044 1168 3185 1224 dum
3217 1169 3532 1224 avellimur
3552 1186 3586 1224 a
3608 1170 3839 1241 cupidi-

2179 1253 2422 1323 tatibus,
2454 1255 2670 1326 ignavo
2720 1261 2779 1311 et
2832 1256 3062 1329 dejecto
3123 1257 3322 1312 animo
3353 1257 3562 1314 demus
3594 1275 3838 1331 cperam

2177 1344 2443 1412 militia);
2479 1353 2620 1402 sunt
2658 1349 2820 1403 enim
2868 1347 3038 1403 liberi
3090 1348 3162 1403 ab
3213 1349 3701 1420 appetitionibus,
3732 1350 3833 1420 qui

2177 1433 2356 1489 alacri
2388 1437 2588 1492 animo
2623 1439 2845 1509 quaevis
2888 1439 3086 1511 gravia
3133 1439 3400 1510 pericula
3430 1440 3689 1507 adeunt;
3723 1439 3838 1493 hu-

2175 1539 2350 1580 mane
2381 1531 2603 1596 autem,
2665 1527 2948 1599 quoniam
3008 1529 3268 1583 incertos
3325 1527 3620 1583 bellorum
3661 1545 3834 1584 casus

2175 1619 2478 1686 reputans,
2509 1617 2783 1688 iniquum
2818 1635 2947 1673 esse
2979 1617 3167 1686 duxit,
3199 1622 3264 1672 ut
3295 1618 3392 1672 hic
3433 1618 3675 1689 quidem
3710 1617 3832 1672 suis

2176 1719 2297 1758 non
2324 1704 2621 1761 frueretur
2648 1706 2974 1778 laboribus,
3018 1707 3170 1762 alter
3213 1712 3414 1762 autem
3471 1707 3619 1763 citra
3643 1707 3834 1762 ullum

2174 1791 2440 1849 laborem
2474 1811 2543 1850 ea
2572 1797 3064 1868 perciperet,quaa
3092 1797 3194 1852 alii
3218 1813 3430 1869 magno
3453 1797 3655 1852 labore
3678 1813 3834 1852 com-

405 1906 502 1948 τας
561 1884 779 1960 ἀγαπῶ,
829 1883 864 1952 ἡ
929 1880 1103 1959 Σοφία
1162 1879 1330 1957 λέγει·
1390 1881 1442 1934 οἱ
1502 1877 1559 1935 δὲ
1617 1879 1714 1953 ἐμὲ
1775 1884 2061 1950 ζητοῦντες

2182 1890 2408 1953 parant°
2445 1884 2690 1940 Videtur
2715 1885 2779 1949 ᾖ(
2808 1892 3008 1941 autem
3033 1887 3124 1940 lex
3146 1903 3386 1957 quoque
3416 1886 3834 1941 fortitudinem

411 1975 738 2049 εὑρήσουσιν
795 1973 1018 2047 εἰρήνην
1074 1973 1209 2044 (36),
1262 1970 1353 2025 καὶ
1405 1971 1472 2024 τά
1527 1970 1672 2041 ἑξῆς.
1706 1968 1775 2026 Τί
1831 1967 1888 2024 δέ
1932 1968 2063 2044 οὐχὶ

405 2065 460 2119 αἱ
520 2061 875 2134 Μαδιηναίων
937 2066 1186 2135 γυναῖκες
1239 2065 1318 2133 τῷ
1370 2059 1569 2116 κάλλει
1621 2063 1701 2132 τῷ
1757 2063 1905 2134 σφῶν
1959 2080 2064 2114 πο-

405 2154 711 2228 λεμοῦντας
757 2151 882 2215 τοὺς
939 2146 1224 2227 Ἑϐραίους
1284 2149 1343 2204 ἐκ
1398 2150 1752 2224 σωφροσύνης
1795 2147 1864 2204 δι’
1894 2148 2064 2224 ἀκρα-

401 2245 518 2299 σίαν
597 2243 675 2306 εἷς
761 2237 1031 2312 ἀθεότητα
1094 2241 1490 2316 ὑπηγάγοντος
1553 2239 2061 2315 Προσεταιρισάμε-

397 2355 485 2389 ναι
514 2334 613 2408 γὰρ
643 2331 771 2394 τοὺς
803 2334 917 2404 (37)
967 2331 1028 2385 ἐκ
1079 2337 1178 2400 τῆς
1235 2337 1439 2402 σεμνῆς
1500 2329 1784 2400 ἀσκήσεως
1814 2328 1891 2391 εἷς
1921 2326 2064 2398 ἡδο-

401 2423 494 2485 νὰς
551 2423 828 2494 ἒταιρικάς
884 2425 965 2493 τῷ
1025 2417 1220 2476 κάλλει
1302 2417 1643 2488 δελεάσασαι,
1705 2417 1792 2474 ἐπὶ
1853 2439 1912 2474 τε
1967 2421 2063 2483 τὰς

401 2514 510 2568 τῶν
571 2510 820 2567 εἰδώλων
877 2510 1061 2572 θυσίας
1119 2509 1206 2564 ἐπὶ
1273 2530 1333 2564 τε
1409 2508 1506 2571 τάς
1564 2505 1886 2571 ἀλλοδαπὰς
1940 2507 2059 2579 ἐξέ-

410 2623 585 2677 μηναν
619 2606 901 2678 γυναῖκας’
961 2603 1230 2675 γυναικῶν
1290 2597 1348 2653 δὲ
1406 2599 1521 2671 ἅμα
1571 2598 1663 2652 καὶ
1718 2595 1924 2668 ἡδονῆς
1957 2600 2060 2667 ἡτ-

404 2690 682 2762 τηθέντες,
757 2690 1064 2760 ἀπέστησαν
1153 2689 1248 2760 μὲν
1328 2691 1426 2743 τοῦ
1511 2690 1668 2755 Θεοῦ,
1753 2687 2059 2757 ἀπέστησαν

412 2779 585 2836 δὲκαὶ
618 2784 717 2836 τοῦ
745 2781 942 2853 νόμουο
992 2777 1083 2833 καὶ
1147 2778 1340 2853 μικρὸν
1398 2774 1509 2830 δεῖν
1541 2779 1651 2847 (38)
1701 2776 1728 2830 6
1784 2782 1887 2831 πᾶς
1921 2773 2061 2837 λεὼς

409 2868 728 2945 ὑποχείριος
770 2875 886 2931 τοῖς
945 2867 1262 2940 πολεμίοις,
1321 2865 1613 2940 γυναικείῳ
1640 2867 2060 2940 στρατηγήματι

407 2958 664 3034 ἐγεγόνει,
750 2956 856 3022 ἕως
937 2955 1133 3020 αὐτοὺς
1238 2952 1651 3019 κινδυνεύοντας
1751 2954 2063 3030 ἀνεχαίτισε

403 3051 732 3120 νουθετήσας
775 3043 964 3112 φόϐος.
1026 3047 1238 3102 Αὐτίκα
1295 3047 1350 3100 οἱ
1406 3045 1863 3122 περιγειφθέντες,
1897 3042 2059 3123 φιλοο

403 3137 667 3201 κινδύνως
725 3137 820 3192 τὸν
883 3138 1016 3212 ὑπὲρ
1078 3133 1347 3198 εὐσεϐείας
1405 3137 1591 3210 ἀγῶνα
1646 3133 1909 3210 ἀράμενοι
1965 3134 2062 3188 κύ·

2175 1972 2466 2044 indicare,
2525 1981 2792 2030 statuens
2848 1981 3124 2047 oportere
3174 1993 3334 2044 eum,
3391 1975 3491 2047 qui
3522 1975 3836 2047 plantavit,

2171 2062 2433 2120 fructum
2464 2066 2772 2137 percipere
2799 2084 2814 2133 ;
2861 2071 2921 2120 et
2972 2082 3128 2133 eum,
3165 2065 3266 2136 qui
3299 2064 3636 2134 aediﬁcavit,
3667 2065 3838 2120 habi-

2173 2157 2296 2208 tare
2323 2172 2337 2220 ;
2373 2159 2431 2209 et
2461 2171 2618 2223 eum,
2644 2155 2745 2226 qui
2768 2154 3031 2226 puellam
3063 2155 3296 2226 ambiit,
3315 2171 3560 2210 uxorem
3593 2154 3828 2209 ducere.

2171 2243 2250 2296 Iis
2283 2244 2466 2311 enim,
2501 2245 2598 2315 qui
2662 2261 2722 2299 se
2782 2244 3117 2300 secundum
3175 2245 3507 2317 gnosticam
3535 2245 3830 2299 rationem

2173 2337 2588 2401 exercuerunt,
2643 2351 2777 2406 spes
2836 2351 2957 2389 non
3012 2334 3209 2391 reddit
3257 2335 3492 2389 irritas:
3527 2351 3665 2389 nam
3699 2333 3831 2388 boni

2169 2421 2299 2488 viri,
2333 2438 2442 2477 nec
2474 2425 2699 2491 mortui,
2742 2440 2852 2478 nec
2895 2424 3162 2489 viventis,
3208 2439 3330 2494 spes
3372 2426 3543 2494 perit.
3576 2425 3688 2491 Ego
3719 2437 3826 2489 eos,

2171 2508 2272 2576 qui
2299 2528 2384 2565 me
2413 2512 2681 2582 diligunt,
2714 2529 2856 2580 amo,
2905 2513 3101 2584 inquit
3147 2513 3484 2584 Sapientia:
3516 2514 3615 2582 qui
3643 2518 3828 2566 autem

2169 2615 2252 2653 me
2269 2607 2544 2671 quae-runt,
2563 2604 2854 2656 inveniunt
2867 2619 3066 2672 pacem
3082 2602 3176 2673 (ὁ)
3193 2619 3205 2655 :
3223 2607 3282 2658 et
3297 2607 3551 2673 ea,‘quaa
3575 2618 3831 2672 sequun-

2171 2693 2286 2744 tur.
2325 2690 2475 2754 Quid
2501 2707 2640 2745 vero
2662 2690 2689 2745 ?
2712 2708 2913 2746 annon
2934 2691 3217 2746 mulieres
3242 2691 3698 2746 Madianitarum
3723 2707 3831 2745 sua

2169 2779 2616 2850 pulchritudine
2639 2780 2932 2836 bellantes
2955 2781 3232 2836 Hebraeos
3251 2797 3284 2835 a
3302 2780 3703 2852 temperantia
3722 2796 3830 2851 per

2171 2867 2668 2925 incontinentiam
2705 2869 3081 2926 deduxerunt
3101 2869 3174 2924 ad
3196 2870 3564 2942 impietatem
3586 2869 3614 2924 ‘2
3643 2872 3829 2924 Mere—

2173 2958 2361 3012 triciis
2405 2958 2567 3013 enim
2616 2958 2915 3015 illecebris
2965 2959 3231 3026 allectos,
3266 2964 3324 3014 et
3353 2975 3388 3015 a
3417 2959 3573 3032 gravi
3619 2974 3688 3014 ac
3719 2958 3830 3012 ho-

2171 3052 2343 3102 nesta
2362 3048 2784 3104 exercitatione
2803 3048 2878 3103 ad
2896 3048 3265 3104 meretricias
3285 3048 3616 3120 voluptates
3637 3046 3830 3102 forma

2172 3137 2491 3204 inescatos,
2525 3137 2600 3192 ad
2629 3137 2924 3193 sacrificia
2955 3136 3271 3205 idolorum,
3297 3142 3356 3192 et
3379 3137 3454 3192 ad
3484 3137 3830 3210 peregrinas

405 3248 515 3305 ριοι
545 3228 874 3296 κατέστησαν
925 3232 1032 3282 τῶν
1079 3224 1385 3298 πολεμίων.
1418 3225 1598 3301 Ἀρχὴ
1656 3227 1766 3298 (39)
1821 3221 1912 3279 οῦν
1965 3243 2061 3278 σο-

2182 3226 2482 3294 mulieres,
2516 3225 2696 3280 veluti
2729 3225 2987 3298 quodam
3027 3225 3227 3281 furore
3257 3226 3536 3298 percitos,
3571 3225 3832 3280 deduxe-

403 3319 529 3391 φίας
589 3311 884 3380 θεοσέϐεια-
946 3316 1156 3377 σύνεσις
1235 3311 1292 3368 δὲ
1376 3312 1540 3388 ἁγίων
1607 3313 1940 3389 προμήθεια·
1999 3312 2062 3367 τὸ

412 3403 471 3460 δὲ
545 3410 748 3481 γνῶναι
831 3405 1044 3478 Νόμον,
1127 3401 1368 3464 διανοίας
1456 3401 1598 3456 ἐστὶν
1677 3402 1910 3476 ἀγαθῆς.
1998 3403 2068 3459 Οἱ

415 3494 594 3550 τοίνυν
655 3493 935 3568 ἐμπαθοῦς
1004 3487 1178 3572 φόϐου
1253 3491 1670 3568 περιποιητικὸν
1729 3492 1820 3546 τὸν
1879 3490 2070 3565 Νόμον

421 3579 816 3657 ὑπολαϐόντες,
868 3583 991 3639 οὕτε
1039 3581 1228 3657 ἀγαθοὶ
1269 3581 1501 3637 συνιέναι
1533 3584 1664 3655 (40),
1697 3577 1820 3636 οὔτε
1851 3580 2070 3652 ἐνενόη-

420 3695 512 3728 σαν
570 3679 653 3746 τῷ
711 3669 826 3728 ὄντι
880 3672 975 3728 τὸν
1029 3673 1240 3746 Νόμον·
1303 3666 1486 3734 Φόϐος
1545 3674 1652 3743 (41)
1704 3670 1804 3745 γὰρ
1863 3669 2066 3746 Κυρίου

417 3764 562 3833 ζωὴν
621 3768 792 3818 ποιεῖ’
870 3765 926 3817 '0
1004 3760 1062 3817 δὲ
1131 3760 1492 3835 πλανώμενος
1563 3759 1960 3832 ὁδυνηθιζσεται
2013 3759 2064 3814 ἐν

415 3853 629 3924 πόνοις,
716 3857 799 3916 οἷς
878 3853 979 3909 οὐκ
1078 3850 1454 3907 ἐπισκέπτεται
1539 3856 1757 3927 γνῶσις.
1840 3849 2068 3924 Ἀμέλει

419 3947 695 4016 μυστικῶς
757 3943 785 3997 ὁ
843 3937 1145 4018 Βαρνάϐας,
1204 3943 1260 3997 Ὀ
1319 3938 1378 3996 δὶ
1434 3941 1564 4005 Θεὸς
1783 3939 1811 3994 ὁ
1864 3939 2063 4002 παντὸς

413 4034 626 4106 κόσμου
657 4036 771 4107 (43)
826 4031 1112 4108 κυριεύων,
1174 4031 1328 4110 φησὶ.
1391 4028 1507 4104 δῴη
1561 4031 1652 4086 καὶ
1709 4031 1836 4104 ὑμῖν
1875 4029 2061 4108 σοφίαν

407 4124 496 4178 καὶ
587 4123 819 4194 σύνεσιν,
906 4121 1242 4195 ἐπιστήμην,
1301 4125 1502 4196 γνῶσιν
1585 4124 1692 4174 τῶν
1755 4116 2064 4192 δικαιωμά-

405 4233 514 4267 των
575 4211 759 4287 αύτοῦ,
847 4213 1154 4286 ὑπομονήν.
1241 4210 1458 4275 Γίνεσθε
1539 4206 1631 4265 οῦν
1700 4205 2063 4282 θεοδίδακτοι,

409 4301 762 4374 ἐκζητοῦντες
801 4303 854 4358 τί
890 4306 1042 4373 ζητεῖ
1094 4301 1122 4356 6
1179 4300 1375 4376 Κύριος
1434 4299 1524 4377 ἀφ’
1583 4299 1758 4374 ὑμῶν,
1783 4295 1874 4354 ’ίνα
1903 4297 2063 4374 εὕρη-

2179 3323 2338 3372 runt.
2372 3321 2419 3372 A
2449 3317 2802 3372 mulieribus
2835 3323 3034 3373 autem
3067 3317 3244 3372 simul
3267 3317 3402 3372 victi
3427 3323 3485 3372 et
3509 3317 3833 3388 voluptate,

2179 3423 2214 3462 a
2243 3408 2361 3462 Deo
2393 3407 2635 3478 quidem
2665 3406 3014 3462 defecerunt
3046 3411 3106 3461 et
3151 3423 3186 3461 a
3231 3407 3394 3478 lege:
3429 3411 3489 3461 et
3516 3423 3834 3477 propemo-

2179 3495 2321 3550 dum
2353 3495 2664 3551 universus
2692 3495 2948 3566 populus
2970 3495 3030 3549 in
3053 3495 3315 3550 hostium
3342 3512 3557 3550 manus
3582 3495 3742 3550 venit
3764 3511 3832 3549 ac

2178 3589 2536 3657 potestatem
2566 3584 2844 3640 muliebri
2878 3589 3316 3658 stratagemate,
3349 3585 3536 3640 donec
3575 3585 3735 3656 ipsos
3766 3584 3828 3638 in

2177 3675 2512 3747 periculum
2535 3674 2819 3730 adductos
2845 3675 3110 3729 coercuit
3131 3675 3308 3729 timor
3328 3674 3831 3730 admonens.Tum

2177 3763 2240 3833 ii,
2274 3764 2377 3835 qui
2407 3764 2623 3834 reliqui
2657 3768 2847 3830 erant,
2874 3763 3158 3819 audacter
3185 3780 3292 3835 pro
3339 3764 3560 3836 pietate
3592 3780 3659 3818 ac
3688 3764 3834 3818 reli-

2175 3852 2348 3926 gione
2382 3858 2683 3908 certamen
2743 3853 3156 3924 suscipientes,
3215 3859 3532 3908 evaserunt
3559 3853 3832 3908 hostibus

2177 3942 2534 4014 superiores.
2596 3943 2896 4015 Sapientia:
2952 3959 3080 4011 ergo
3125 3944 3476 4012 principium
3505 3949 3581 3998 est
3612 3943 3828 4012 religio.

2173 4031 2554 4101 Intelligentia
2609 4037 2792 4085 autem
2847 4037 2925 4086 est
2983 4047 3168 4085 rerum
3219 4037 3539 4086 sanctarum
3595 4047 3731 4085 cura
3777 4037 3831 4084 et

2166 4122 2719 4191 providentia.Nosse
2736 4126 2918 4174 autem
2938 4119 3108 4189 legem
3129 4125 3207 4175 est
3235 4120 3387 4175 bona
3406 4122 3603 4174 mentis
3625 4119 3830 4189 (c).Qui

2175 4227 2311 4283 ergo
2338 4211 2804 4266 existimaruntl
2820 4211 2858 4264 7
2871 4212 2910 4264 l
2934 4209 3125 4282 legem
3148 4208 3383 4265 efficere
3404 4209 3681 4264 timorem
3695 4225 3831 4265 cum

2173 4316 2352 4372 prava
2395 4299 2846 4372 perturbatione
2877 4299 3286 4372 conjunctum,
3318 4315 3432 4354 nec
3462 4303 3602 4354 sunt
3631 4298 3702 4354 ad
3734 4299 3828 4354 in-

511 4476 573 4540 .x.
600 4467 666 4524 p.
697 4469 804 4522 472
831 4467 944 4522 ED.
978 4467 1272 4534 POTTER,
1307 4464 1384 4539 (a)
1414 4466 1584 4522 Dent.
1615 4481 1710 4534 xx,
1739 4467 1792 4534 5,
1825 4465 1878 4534 6,
1911 4468 1963 4520 7.
1999 4464 2064 4538 (ιχ

2182 4481 2276 4520 ιον.
2307 4481 2386 4533 x1,
2418 4467 2487 4534 7;
2522 4482 2637 4536 vm,
2669 4467 2756 4522 17.
2790 4464 2856 4538 (c)
2890 4467 3058 4523 Prov.
3091 4482 3169 4532 xx,
3209 4468 3296 4520 10.

480 4642 590 4712 "33)
651 4638 988 4716 Ἐλεύθεροι.
1075 4639 1285 4698 Philo:
1355 4639 1548 4701 ’Όπως
1609 4638 1918 4713 ἐλευθέροις
1974 4638 2062 4691 καὶ

406 4686 872 4840 ἓφῇῖᾜιθρμαῖς
929 4711 1351 4787 ἀπροφασίστως
1429 4715 1546 4773 τοῖς
1604 4707 1800 4772 δεινοῖς
1859 4709 2062 4765 ἐπαπο-

443 4805 666 4842 οωνται.

472 4879 593 5007 (34)
624 4875 701 4934 Οὐ
731 4874 854 4950 γὰρ.
889 4875 1101 4932 Philo:
1159 4875 1249 4936 Ὠς
1306 4875 1371 4931 οὐ
1431 4873 1542 4930 δεῖν
1596 4871 1808 4936 ἀτελεῖς
1853 4872 1948 4935 τὰς
1977 4871 2068 4928 ἐλ-

506 4970 564 5007 ας
593 4946 1012 5007 κατασκευάζειν
1077 4950 1194 5007 τοῖς
1249 4948 1469 5007 γρηστά
1514 4950 1622 5001 τῶν
1672 4947 1810 5000 κατὰ
1828 4946 1918 5001 τὸν
1948 4946 2064 5007 βίον

405 4946 1021 5022 πίδαζκατασκευάζειν
1077 4950 1194 5008 τοῖς
1249 4948 1469 5021 χρηστά
1514 4950 1622 5001 τῶν
1669 4946 1918 5022 κατὰ-τὸν
1947 4946 2064 5022 βίον

407 5020 865 5100 προσδοκήσασιν.
899 5020 1172 5100 Reliqua.
1193 5019 1688 5100 et’iam,g_quae__ad
1726 5019 2066 5100 Iudaeorum

408 5091 684 5154 instituta
704 5091 1209 5166 spectant,paucis
1230 5093 1534 5163 mutatis,e
1557 5092 1805 5147 Philone
1830 5097 2068 5164 sumpta

413 5175 570 5226 sunt.

479 5257 593 5327 (33)
637 5251 1106 5327 ΔΤελευτήσαντος.
1154 5321 1166 5327 _
1199 5251 1473 5327 Proverb.
1510 5270 1591 5327 __x,
1624 5255 1679 5327 A7
1707 5268 1720 5305 ε

407 5318 594 5389 σαντος
624 5321 818 5399 ἀνδρὸς
848 5318 1080 5392 δικαίου,
1114 5321 1213 5377 οὐκ
1242 5318 1474 5377 ὄλλυται
1507 5318 1684 5385 ἐλπίς.

477 5420 587 5491 (36)
646 5416 980 5491 Εὑρή-σουσιν
1043 5412 1289 5491 εἰρήνην.
1342 5414 1462 5491 Hoc
1519 5413 1736 5491 legitur
1784 5411 2058 5491 Proverb.

405 5481 533 5564 cap.
556 5481 669 5564 ivi.
695 5481 806 5545 Sed
828 5481 1128 5564 Prov._vui,_
1146 5481 1305 5541 unde
1326 5487 1550 5564 petitus
1571 5481 1667 5539 hic
1690 5484 1878 5564 locus,
1898 5481 2061 5555 εὑρή-

405 5558 558 5618 σουσι
579 5563 764 5635 χάριν.
787 5565 853 5616 Α.
880 5559 1338 5635 Madianitarunl
1358 5558 1680 5635 mulierum
1704 5560 2062 5635 strategema

405 5626 798 5692 exstat'Num.
835 5649 964 5696 xxv,
999 5632 1164 5685 Deut.
1198 5647 1269 5694 ιν,
1304 5629 1521 5684 Psalm.
1557 5646 1646 5692 cv,
1670 5627 1827 5699 apud
1858 5626 2062 5681 Philo-

405 5725 544 5763 nem
578 5724 635 5779 p.
669 5708 792 5779 411.
827 5706 948 5757 506.
1001 5702 1402 5779 Chrysostom.
1426 5700 1684 5779 homilia
1713 5703 1920 5755 contra
1947 5715 2057 5753 no-

407 5773 614 5837 vilunii
645 5777 1072 5841 observatores,
1107 5791 1164 5844 p.
1201 5777 1283 5828 16.
1322 5773 1390 5828 Η.
1423 5773 1697 5828 SYLBURG.

477 5869 586 5944 (37)
614 5863 773 5930 Τοὺς.
807 5863 1004 5920 Malim
1036 5860 1255 5936 αὐτοὺς,
1285 5862 1430 5918 illos.

1788 5249 2065 5321 Τελευτή-

1075 4639 1285 4727 Philo:
1355 4639 1548 4726 ’Ὅπως
1608 4634 1918 4727 ιἐλευθέροις
1974 4636 2144 4727 καὶ.Π

2247 4637 2360 4710 (38)
2421 4635 2636 4710 Μικρὸν
2695 4630 2826 4690 δεῖν.
2890 4637 3172 4694 Usitatius
3231 4639 3431 4711 μικροῦ
3489 4635 3622 4692 δεῖν.
3685 4636 3828 4692 SYL-

2173 4726 2337 4766 BURG.

2252 4783 2367 4856 (39)
2408 4778 2611 4856 ᾋρχῆο
2669 4778 2849 4856 ᾊρχὴ
2927 4777 3120 4856 σρφίοες
3204 4773 3374 4856 φὸεος
3449 4779 3831 4856 ΚῬΡί⁰υ’-καῖ

2175 4848 2356 4981 ἓουλὴ
2417 4848 2589 4925 ἁγίων
2642 4848 2867 4910 σύνεσὶς·
2921 4848 3139 4925 τὸ’γάρ
3193 4848 3400 4926 γνῶναι
3456 4848 3630 4924 νόμον
3689 4848 3830 4910 διαν,

2224 4923 2452 4981 roverb.
2485 4940 2562 4981 ix.
2597 4925 2683 4977 10.

2224 4923 2452 4981 roverb.
2467 4923 2562 4990 VII,
2597 4925 2683 4977 10.

2394 4994 2613 5086 Ἄγειθοὶ
2630 5012 2777 5086 1ῐῖσυν.
2827 4993 3312 5086 ξυῢιιιιάίθῌᾱιιω
3341 4993 3829 5086 έσίνζνδγρθῠιις.

2247 5061 2609 5140 (41)Ῠ(Ῐξόῦοςη
2630 5065 2909 5140 Ρεονςξῐῒ)Δ
2939 5069 3179 5140 xxx,__23
3205 5085 3218 5123 :
3243 5139 3249 5140 ί
3275 5061 3460 5140 Φόϐος
3512 5066 3711 5140 Κυρίου
3752 5066 3831 5140 είς⁵

2179 5131 2532 5213 ζωῆνάνδρὶ,
2590 5137 2617 5191 6
2668 5134 2726 5191 δὲ
2768 5131 3403 5213 ἅφοϐοςῖαύλισθήσεται
3435 5131 3730 5213 ἐν-τόποις,
3765 5137 3828 5192 οῦ

2175 5211 2274 5266 οὐκ
2303 5209 2680 5266 ἐπισκόπεῖται
2717 5209 2941 5284 γνῶσις.
2989 5211 3314 5266 Flaminius
3346 5210 3612 5284 Nobilius
3643 5209 3830 5284 adno-

2174 5285 2348 5373 tavit,
2369 5290 2599 5373 partem
2640 5281 3052 5373 posteriorem,
3088 5298 3123 5337 a
3151 5282 3626 5373 Ἴιιοιληὶιιυίελιοε
3647 5281 3825 5373 modo

2174 5349 2397 5412 scribi}
2463 5349 2833 5425 Πλανώμενος
2888 5352 2978 5406 καὶ
3035 5350 3374 5425 ἐμπλησθεὶς
3431 5349 3823 5422 αὐλισθήσεται

2172 5426 2295 5481 ἄνευ
2326 5425 2626 5498 ἐπιςκοπῆς
2655 5445 2791 5498 πονη
2803 5429 2915 5498 ρᾶς.

2245 5503 2355 5572 (42)
2386 5501 2446 5555 Ὁ
2479 5496 2537 5553 δὲ
2567 5495 2714 5560 Θεός.
2749 5495 2883 5553 Hinc
2927 5495 3035 5550 sub
3081 5497 3263 5553 finem
3295 5495 3562 5568 epistolae
3594 5496 3648 5551 S.
3682 5496 3821 5552 Bar-

2170 5571 2344 5628 nabas
2373 5576 2626 5628 exstant.

2244 5645 2352 5768 (43g
2405 5645 2519 5700 Τοῦ
2567 5661 2624 5696 π.
2676 5659 2731 5695 κ.
2774 5636 2979 5698 Παντὸς
3007 5640 3104 5690 τοῦ
3134 5639 3332 5710 κόμου,
3368 5640 3618 5696 Barnab.
3671 5642 3821 5712 Mox,

2244 5735 2288 5768 m
2361 5719 2475 5768 μῖν-
2507 5713 2730 5768 omissa
2775 5709 2864 5764 καὶ
2897 5710 3209 5768 particula.
3245 5709 3414 5768 Dein.
3455 5711 3668 5768 σοφίαν.
3702 5709 3819 5766 ἐπι-

2171 5709 2288 5789 δῴη
2323 5709 2730 5789 ὑμῖνλοῐηὶεεθ,
2775 5709 2864 5789 καὶ
2897 5709 3215 5789 particula.
3245 5709 3414 5789 Dein,
3455 5711 3668 5789 φυτείαν,
3702 5709 3819 5789 ἐπέ

2171 5778 2925 5866 στήμηνησύνειῃνιὶγνῶσιν
2977 5783 3086 5836 τῶν
3133 5778 3182 5839 δ.
3237 5779 3422 5857 αὐτοῦ,
3455 5783 3508 5840 ἐν
3535 5778 3816 5858 ’ὑπομονῇ.

2169 5853 2384 5922 Γίνεσθε
2400 5853 2471 5912 ’δὶ
2496 5853 2641 5912 θεοδ.
2665 5853 2815 5911 Ibid.
