4144 6392
358 436 497 498 1047

1588 436 2001 499 CLEMENTIS
2038 438 2545 502 ALEXANDRINI

3643 429 3781 491 1048

356 570 532 626 detur
560 569 895 626 describere
926 565 1259 623 amicitias:
1317 569 1435 622 Una
1490 567 1713 637 quidem
1766 576 1865 637 est,
1916 568 2007 623 in-

2130 564 2189 622 oii
2223 590 2356 646 φησι
2381 574 2462 643 τῷ
2487 566 2715 628 διδόντι.
2749 564 2946 630 Καλῶς
2996 558 3227 633 ἕδῶκας,
3277 560 3443 635 sine,
3477 559 3676 623 Καλῶς
3705 557 3781 615 εἷς

359 659 506 730 quit,
537 676 605 713 ex
633 659 863 713 scientia
893 656 1115 711 deorum
1148 674 1169 720 ;
1218 655 1397 711 altera
1452 672 1600 725 vero,
1631 673 1700 712 ea:
1732 657 2013 714 hominum

358 748 856 818 suppeditatione;
907 748 1072 800 tertia
1117 760 1264 813 vero,
1317 762 1386 799 ea:
1442 746 1728 817 voluptate
1757 748 2016 802 animan-

361 840 520 894 tium.
555 839 656 893 Est
685 854 823 909 crgo
858 853 979 891 una
1002 834 1244 907 quidem
1265 836 1604 908 philosophi
1637 837 2012 904 amicitia,al-

360 932 488 981 tera
518 943 653 982 vero
683 925 968 994 hominis,
1000 925 1176 981 tertia
1207 929 1411 981 autem
1461 925 1761 982 animalis.
1796 928 2019 982 Revera

363 1016 525 1071 enim
558 1016 661 1071 Dei
692 1021 782 1071 est
814 1016 1002 1088 imago
1033 1016 1210 1071 homo
1237 1015 1657 1071 benefaciens:
1698 1032 1815 1086 qua
1866 1017 1925 1071 in
1950 1031 2014 1070 re

359 1104 488 1176 ipse
519 1106 696 1161 etiam
725 1105 1018 1161 beneﬁcio
1032 1105 1293 1161 afﬁcitur
1316 1124 1330 1171 ;
1355 1121 1507 1173 nam,
1542 1105 1696 1161 sicut
1722 1105 2016 1178 guberna-

360 1198 472 1263 tor,
506 1194 685 1251 simul
718 1199 910 1251 servat
940 1200 1000 1251 et
1031 1199 1317 1251 servatur.
1351 1197 1421 1250 Et
1441 1195 1573 1251 ideo
1604 1211 1739 1251 cum
1763 1196 1896 1267 quis
1908 1211 2014 1267 pe-

360 1288 494 1339 tens
523 1284 1103 1353 fueritconsecutus,
1136 1301 1260 1340 non
1292 1284 1438 1340 dicit
1487 1284 1676 1354 danti,
1711 1287 1887 1341 Recte
1918 1284 2017 1340 de-

358 1373 523 1445 disti,
555 1374 681 1443 sed,
708 1377 887 1431 Recte
919 1374 1222 1446 accepisti.
1249 1375 1336 1430 Ita
1365 1374 1582 1446 accipit
1612 1374 1877 1446 quidem,
1912 1373 2013 1446 qui

355 1463 494 1531 dat;
530 1463 631 1519 dat
659 1470 883 1531 autem,
917 1465 1017 1537 qui
1057 1464 1292 1536 accipit.
1326 1466 1475 1520 Justi
1529 1470 1716 1520 autem
1755 1466 2014 1520 miseren-

356 1560 449 1608 tur
478 1551 555 1625 (a)
583 1571 606 1620 ;
637 1555 859 1624 benigni
887 1560 1246 1610 autemerunt
1275 1553 1613 1609 habitatores
1631 1560 1791 1609 teri-ce
1812 1555 2014 1619 ;inno-

357 1650 536 1699 centes
565 1650 749 1699 autem
779 1644 1166 1714 relinquentur
1192 1645 1253 1698 in
1282 1660 1347 1698 ea
1375 1661 1396 1707 ;
1428 1645 1526 1714 qui
1550 1650 1736 1699 autem
1756 1645 1944 1713 inique
1959 1659 2014 1699 se

360 1739 586 1802 gerunt,
614 1733 1134 1788 extm‘minabuntur
1164 1732 1231 1787 ab
1262 1749 1325 1787 ea
1354 1732 1448 1804 (b).
1492 1734 1574 1788 Ac
1605 1733 1752 1788 mihi
1783 1731 2014 1788 videtur

360 1822 652 1877 Homerus
684 1821 922 1877 ﬁdelem
955 1821 1381 1893 praedivinans,
1414 1821 1635 1878 dixisse
1661 1823 1778 1877 :Da
1813 1823 2012 1879 amico.

359 1910 613 1966 Inimico
645 1917 847 1966 autem
877 1911 1188 1966 ferendum
1212 1918 1303 1966 est
1340 1912 1651 1983 auxilium,
1682 1928 1757 1968 ne
1778 1915 2017 1968 maneat

363 2000 667 2056 inimicus.
684 2000 915 2056 Auxilio
950 2001 1110 2056 enim
1123 2001 1379 2056 vincitur
1399 2001 1641 2073 quidem
1663 2001 2015 2057 benevolen-

364 2090 470 2157 tia,
502 2088 912 2144 dissolvuntur
937 2105 1073 2144 vero
1105 2089 1457 2145 inimicitiae.
1491 2090 1603 2146 Sed
1647 2093 1695 2146 si
1718 2091 1863 2146 adsit
1892 2091 2014 2160 qui-

363 2178 487 2234 dem
509 2180 899 2249 promptitudo
923 2181 1114 2247 animi,
1139 2186 1410 2249 quatenus
1452 2180 1634 2248 habet,
1666 2186 1744 2235 est
1769 2185 2011 2249 accepta,

357 2284 472 2323 non
504 2275 776 2338 quatenus
804 2284 914 2324 non
945 2268 1126 2324 habet.
1158 2270 1277 2325 Non
1298 2271 1449 2324 enim
1478 2276 1539 2325 ut
1589 2269 1718 2325 aliis
1744 2271 2011 2338 remissio,

364 2359 516 2414 vobis
547 2364 731 2413 autem
751 2359 1006 2428 afﬂictio,
1044 2359 1140 2414 sed
1168 2376 1238 2413 ea:
1288 2358 1613 2429 aequalitate
1669 2361 1728 2414 in
1749 2361 2015 2430 praesenti

358 2454 601 2519 tempore
630 2448 722 2519 (ο),
756 2452 815 2502 et
839 2464 971 2519 quae
1002 2452 1353 2518 sequuntur.
1387 2450 1671 2518 Dispersit,
1704 2449 1855 2504 dedit
1864 2467 2011 2521 pau-

2123 656 2325 735 ληφας.
2360 656 2515 713 Οὕτω
2546 652 2815 732 λαμϐάνει
2852 656 2947 730 μὲν
2981 656 3008 711 6
3041 652 3247 723 διδοὺς,
3283 649 3475 708 δίδωσι
3503 648 3560 706 δὲ
3590 650 3620 705 6
3642 647 3784 723 λαμ-

2129 745 2327 822 βάνων.
2389 746 2598 803 Δίκαιοι
2658 748 2772 820 (49)
2832 743 2890 801 δὲ
2948 743 3284 821 οἰκτείρουσι
3320 786 3335 813 ,
3393 739 3484 797 καὶ
3542 739 3779 796 ἐλεοῦσι·

2129 836 2359 913 χρηστοὶ
2433 834 2491 893 δὲ
2558 835 2769 893 ἔσονται
2866 834 3152 911 οἰκήτορες
3235 839 3362 907 γῆς’
3446 828 3641 887 ἄκακοι
3724 827 3782 884 δὲ

2128 924 2627 1004 ὑπολειφθήσονται
2685 925 2777 981 ἀπ’
2836 924 3001 994 αὐτῆς
3034 942 3047 955 ⁸
3113 923 3167 979 οἱ
3226 919 3284 977 δὲ
3340 923 3785 997 παρανομοῦντες

2125 1012 2676 1091 ἐξολοθρευθήσονται
2734 1015 2823 1070 ἀπ’
2880 1012 3046 1084 αὐτῆς
3080 1056 3094 1070 .
3163 1010 3269 1068 Καί
3341 1029 3433 1085 μοι
3488 1007 3640 1064 δοκεῖ
3689 1007 3782 1063 τὸν

2125 1106 2313 1160 πιστὸν
2366 1105 2885 1181 προμαντευόμενος
2943 1107 3057 1178 (50)
3123 1104 3380 1175 Ὄμηρος
3458 1098 3784 1172 εἰρηκέναι,

2126 1195 2226 1257 Δὸς
2279 1192 2449 1273 φίλῳ·
2511 1195 2697 1271 ἐχθρῷ
2750 1192 2808 1250 δὲ
2865 1190 3275 1269 ἐπικουρητέον,
3325 1187 3418 1245 ’ἶνα
3480 1188 3555 1261 μὴ
3623 1186 3779 1262 μείνῃ

2123 1281 2342 1360 ἐχθρός·
2376 1282 2659 1361 ἐπικουρία
2688 1284 2791 1360 γὰρ
2826 1285 2936 1358 (51)
2969 1281 3152 1352 εὐνοίᾳ
3189 1281 3282 1353 μὶν
3326 1275 3618 1346 συνδεῖται,
3652 1274 3785 1333 λύε·

2121 1394 2210 1429 ται
2265 1371 2323 1429 δὲ
2378 1373 2552 1451 ἔχθρα
2587 1418 2600 1431 .
2655 1372 2811 1431 Ἀλλ’
2870 1372 2923 1428 εἶ’
2973 1372 3064 1428 καὶ
3136 1368 3415 1448 προθυμία
3497 1365 3785 1451 πρόκειται

2124 1464 2260 1529 καθὸ
2312 1462 2400 1520 ἐὰν
2461 1450 2567 1541 ἔχῃ
2599 1505 2614 1533 ,
2672 1460 3089 1541 εὖπροσδεκτος,
3143 1459 3205 1517 οὗ
3259 1460 3395 1519 καθὸ
3451 1457 3553 1513 οὐκ
3613 1450 3731 1531 ἔχει
3765 1473 3781 1490 ·

2124 1554 2187 1610 οὐ
2236 1554 2337 1630 γὰρ
2391 1552 2485 1609 ’ἱνα
2542 1551 2739 1616 ἄλλοις
2797 1551 3031 1624 ἅντεσις,
3102 1552 3232 1624 ὑμῖν
3290 1545 3349 1603 δὲ
3407 1543 3621 1621 θλίψις,
3652 1542 3784 1601 ἀλλ’

2124 1643 2177 1715 ἐξ
2241 1643 2495 1715 ἰσότητος
2585 1642 2640 1700 ἐν
2700 1647 2780 1717 τῷ
2870 1647 2960 1699 νῦν
3020 1644 3196 1718 καιρῷ
3230 1661 3243 1674 ’
3321 1636 3411 1696 καὶ
3476 1636 3545 1692 τὰ
3609 1636 3780 1709 ἑξῆςο

2125 1734 2475 1811 Ἐσκόρπισεν
2510 1781 2528 1809 ,
2580 1726 2782 1789 ἔδωκεν
2858 1737 2977 1795 τοῖς
3033 1730 3257 1802 πένησιν
3293 1747 3306 1763 ⁸
3463 1723 3781 1795 δικαιοσύνη

2124 1822 2290 1879 αὐτοῦ
2330 1824 2475 1899 μένει
2537 1824 2615 1882 εἰς
2671 1823 2764 1878 τὸν
2820 1823 3015 1889 αἰῶνα,
3045 1822 3082 1892 ἡ
3115 1820 3302 1898 Γραφή
3360 1816 3534 1894 λέγει.
3567 1813 3647 1873 Τὸ
3677 1814 3785 1889 γὰρ

2124 1914 2240 1968 κατ’
2293 1912 2476 1969 εἰκόνα
2534 1915 2646 1988 (52)
2677 1912 2771 1969 καὶ
2829 1910 3124 1985 ὁμοίωσιν,
3184 1910 3260 1972 ὡς
3315 1906 3406 1964 καὶ
3436 1905 3670 1981 πρόσθεν
3704 1901 3786 1958 εἰ-

2131 2003 2497 2078 ρήκαμεν.οὖ
2536 2002 2599 2057 τὸ
2655 2002 2795 2058 κατᾶ
2849 2004 3011 2074 σῶμα
3072 1999 3335 2072 μηνύεται
3397 1994 3482 2071 (οὗ
3538 1992 3640 2069 γὰρ
3692 1992 3783 2046 θὲ-

2126 2113 2217 2165 μις
2276 2089 2467 2163 θνητὸν
2518 2090 2768 2165 ἀθανάτῳ
2827 2089 3232 2164 ἐξομοιοῦσθαι)
3266 2129 3281 2156 ,
3352 2082 3480 2141 ἀλλ’
3548 2082 3584 2153 ἢ
3642 2081 3782 2137 κατᾶ

2120 2185 2243 2237 νοῦν
2300 2181 2389 2236 καὶ
2448 2179 2737 2255 λογισμόν·
2786 2180 2952 2253 ᾦκαὶ
3009 2179 3109 2249 τήν
3167 2178 3304 2253 πρὸς
3351 2175 3415 2231 τὸ
3472 2172 3775 2250 εὐεργετεῖν

2121 2272 2210 2327 καὶ
2240 2271 2340 2340 τήν
2389 2270 2528 2347 πρὸς
2577 2271 2641 2326 τὸ
2700 2268 2889 2347 ἄρχειν
2949 2268 3258 2343 ὁμοιότητα
3319 2262 3711 2342 προσηκόντως
3745 2261 3774 2316 6

2120 2360 2325 2435 Κύριος
2359 2358 2783 2438 ἐνσφραγίζεταν
2826 2359 2889 2415 οὐ
2937 2359 3042 2434 γὰρ
3074 2358 3130 2413 αἰ
3176 2353 3473 2432 ἡγεμονίαι
3504 2352 3774 2426 σωμάτων

2120 2449 2432 2521 ποιότησιν,
2456 2448 2607 2505 ἀλλᾶ
2628 2446 3088 2523 διανοίαςκρίσεσι
3107 2445 3518 2521 κατορθοῦνοαι·
3547 2439 3776 2517 βουλαῖς

345 2538 576 2608 peribus
601 2554 613 2591 ε
628 2537 859 2607 justitia
884 2538 1002 2609 ejus
1030 2545 1213 2593 manet
1242 2540 1302 2593 in
1329 2538 1589 2593 saeculum
1617 2540 1804 2596 saeculi
1823 2540 2015 2610 (d),ait

2130 2539 2224 2616 γὰρ
2256 2535 2462 2614 ἀνδρῶν
2491 2538 2656 2594 ὁσίων
2690 2538 2748 2595 εὗ
2773 2538 2869 2612 μὶν
2903 2536 3176 2593 οἰκοῦνται
3207 2534 3421 2607 πόλεις,
3447 2531 3503 2588 εῦ
3529 2529 3574 2587 δ’
3607 2531 3775 2593 οἶκος.

353 2625 679 2697 Scriptura.
710 2625 877 2691 Quod
907 2625 1068 2681 enim
1099 2630 1189 2680 est
1208 2625 1282 2681 ad
1312 2626 1635 2699 imaginem
1667 2632 1727 2681 et
1756 2626 2235 2697 similitudinem,
2269 2628 2424 2685 sicut
2453 2628 2632 2684 etiam
2662 2629 2829 2701 prius
2860 2627 3140 2695 diximus,
3161 2643 3281 2683 non
3308 2625 3503 2680 elucet
3533 2636 3780 2694 corpore

351 2714 551 2786 (nefas
583 2715 743 2771 enim
774 2721 884 2786 est,
918 2715 1169 2772 mortale
1201 2715 1519 2772 assimilari
1543 2717 1911 2789 immortali),
1934 2717 2040 2774 sed
2071 2724 2269 2774 mente
2301 2734 2369 2774 ac
2400 2720 2630 2776 ratione
2661 2735 2676 2776 :
2711 2736 2831 2791 qua
2860 2724 2919 2775 et
2968 2735 3123 2785 eam,
3158 2734 3289 2790 quas
3321 2721 3412 2773 est
3440 2714 3501 2770 in
3534 2713 3782 2770 benefa-

360 2802 595 2873 ciendo,
631 2809 689 2860 et
718 2820 870 2873 eam,
902 2821 1033 2876 quas
1064 2805 1126 2859 in
1153 2805 1524 2877 imperando,
1558 2805 1834 2879 obsignat
1862 2807 2151 2863 Dominus
2185 2808 2662 2864 similitudinem.
2695 2810 2823 2864 Non
2869 2808 3029 2864 enim
3061 2806 3432 2880 principatus
3463 2818 3782 2876 corporum

357 2894 767 2966 qualitatibus,
796 2894 901 2950 sed
923 2894 1153 2967 judicio
1184 2896 1403 2951 mentis
1433 2902 1592 2952 recte
1614 2902 1923 2969 geruntur.
1956 2899 2310 2955 Sanctorum
2371 2899 2535 2956 enim
2593 2899 2856 2955 virorum
2913 2898 3182 2955 consiliis
3208 2896 3273 2961 »14
3320 2895 3589 2952 civitates
3618 2897 3781 2949 recte

354 2984 876 3057 administrantur,
910 2988 969 3040 et
996 2989 1156 3042 recte
1187 2984 1419 3042 domus.

1875 3130 2108 3189 CAPUT
2133 3130 2254 3188 XX.

1184 3234 1388 3293 Verum
1435 3237 1750 3295 Gnosticum
1776 3238 2127 3295 tolerantiam
2167 3244 2220 3294 et
2250 3237 2639 3295 abstinentiam
2679 3252 2949 3296 exercere.

429 3364 611 3420 Porro
635 3369 833 3420 autem
859 3361 1320 3435 tolerantiaipsa
1346 3379 1583 3435 quoque
1613 3363 1923 3419 contendit
1942 3364 2018 3420 ad

2195 3363 2265 3420 Ἦ
2322 3383 2385 3437 γε
2427 3364 2535 3436 μὴν
2594 3361 2852 3439 καρτερία
2905 3361 2997 3419 καὶ
3049 3361 3185 3433 αὐτὴ
3237 3360 3315 3426 εἰς
3353 3363 3456 3432 τὴν
3487 3360 3631 3418 θείαν
3661 3358 3782 3434 ἑξο-

355 3453 620 3509 divinam
647 3453 1129 3522 similitudinem,
1160 3458 1228 3508 ut
1249 3469 1380 3524 qua)
1404 3452 1847 3525 impatibilitate
1869 3470 2018 3525 quo-

2130 3451 2359 3525 μοίωσιν
2414 3452 2675 3527 βιάζεται,
2739 3448 2808 3507 δι’
2869 3451 3156 3525 ὑπομονῆς
3211 3450 3471 3517 ἀπάθειαν
3502 3453 3617 3526 (53)
3645 3470 3785 3525 καρ-

361 3542 679 3599 dammodo
709 3542 944 3599 fruatur
964 3558 1071 3614 per
1095 3542 1467 3614 patientiam,
1493 3542 1540 3597 si
1560 3541 1692 3613 quis
1716 3542 1777 3598 in
1790 3560 2017 3599 memo-

2130 3543 2400 3615 πουμὲνη,
2451 3540 2506 3597 εἷ’
2555 3562 2637 3615 τῳ
2695 3534 2896 3598 ἔναυλα
2949 3542 3017 3597 τὰ.
3074 3540 3159 3597 ἐπὶ
3210 3541 3302 3595 τὸν
3362 3541 3607 3599 Ἀνανίαν
3668 3544 3784 3615 (54)

355 3635 449 3690 ria
478 3640 679 3691 teneat
699 3650 786 3701 ea,
821 3652 952 3706 quae
984 3639 1305 3690 narrantur
1352 3633 1425 3689 de
1455 3633 1723 3689 Anania:
1757 3650 2012 3705 quorum

2130 3630 2527 3707 ἱστορούμεναο
2589 3631 2664 3686 ὧν
2723 3631 2795 3693 εἷς
2844 3630 2933 3687 καὶ
2992 3630 3197 3701 Δανιὴλ
3255 3631 3283 3686 6
3340 3632 3631 3707 προφήτης
3687 3629 3782 3700 ἦν,

360 3740 522 3779 unus
554 3740 793 3795 quoque
824 3724 940 3779 fuit
959 3724 1169 3779 Daniel
1192 3723 1711 3795 propheta,divina
1741 3724 1856 3779 ﬁde
1878 3723 2015 3795 ple-

2130 3719 2271 3784 θείας
2302 3720 2539 3783 πίστεως
2595 3718 3059 3797 πεπληρωμένος.
3120 3715 3426 3779 Βαϐυλῶνα
3481 3718 3615 3792 ᾤκει
3671 3727 3786 3775 Δα-

363 3828 501 3869 nus.
527 3813 888 3885 Babylonem
920 3811 1229 3868 habitabat
1258 3811 1487 3881 Daniel,
1549 3812 1703 3867 sicut
1731 3814 1837 3868 Lot
1885 3813 2018 3885 qui-

2130 3806 2278 3879 νιῆλ,
2308 3810 2549 3885 καθάπερ
2581 3810 2610 3865 6
2645 3810 2742 3883 μὶν
2773 3811 2899 3866 Λὼτ
2941 3810 3008 3866 τὰ
3064 3807 3310 3885 Σόδομα,
3364 3811 3467 3880 τήν
3522 3808 3781 3869 Χαλαίων

366 3901 504 3957 dem
534 3902 812 3973 Sodoma,
825 3901 1235 3958 Chaldaaorum
1250 3906 1450 3957 autem
1463 3907 1681 3957 terram
1696 3902 2016 3972 Abraham,

2130 3896 2188 3954 δὲ
2226 3905 2329 3974 γῆν
2387 3899 2415 3953 6
2470 3893 2745 3973 Ἀϐραὰμ,
2779 3900 2807 3955 6
2840 3900 2956 3973 μετ’
3015 3897 3204 3975 ὀλίγον
3264 3899 3427 3975 φίλος
3474 3902 3572 3955 τοῦ
3624 3900 3782 3955 Θεοῦ.

368 3992 471 4062 qui
500 3991 680 4063 paulo
713 3996 848 4063 post
895 3990 1010 4046 fuit
1056 3991 1159 4046 Dei
1209 3992 1456 4047 amicus.
1510 3992 1575 4048 In
1608 3996 1847 4048 antrum
1876 3992 2018 4047 feris

2130 3990 2444 4066 Κατήγαγεν
2476 3986 2568 4043 οὖν
2604 3988 2682 4051 εἰς
2739 3984 2954 4066 ὄρυγμα
3002 3989 3214 4063 θηρίων
3246 3982 3501 4063 ἔμπλεων
3526 3989 3620 4044 τὸν
3678 3996 3783 4043 Δα-

367 4081 615 4154 plenum
645 4080 894 4136 adduxit
923 4080 1233 4153 Danielem
1263 4098 1369 4136 rex
1398 4080 1861 4152 Babyloniorum
1889 4097 1900 4136 :
1934 4081 2018 4153 ip-

2130 4076 2256 4147 νιήλ
2315 4078 2342 4132 ὁ
2405 4073 2767 4155 βαϐυλωνίων
2850 4077 3105 4154 βασιλεύς
3135 4099 3148 4112 ·
3215 4078 3449 4155 ἀνήγαγε
3504 4075 3564 4135 δὲ
3618 4076 3781 4133 αὐτὸν

368 4187 501 4227 sum
523 4174 723 4226 autem
756 4169 961 4225 eduxit
981 4169 1238 4225 illzesum
1261 4188 1363 4225 rex
1381 4170 2018 4239 universorum,ﬁdelis

2130 4161 2348 4237 ἀϐλαϐῆ
2382 4168 2410 4222 6
2446 4167 2697 4243 βπάντων
2752 4165 3027 4244 βασιλεὺς,
3058 4167 3087 4223 6
3117 4168 3310 4230 πιστὸς
3365 4167 3581 4243 Κύριος.
3639 4165 3789 4222 Ταύ-

364 4261 673 4317 Dominus.
707 4260 868 4315 Hanc
895 4259 1228 4332 possidebit
1266 4260 1644 4317 tolerantiam
1692 4261 2020 4335 gnosticus,

365 4355 660 4422 quatenus
683 4354 775 4406 est
804 4349 1119 4422 ejusmodi.
1154 4350 1213 4405 Si
1246 4355 1528 4422 tentatur,
1576 4349 1910 4418 benedicet,
1954 4355 2023 4405 ut

364 4457 691 4514 generosus
711 4440 817 4496 Job
845 4457 859 4508 ;
894 4439 942 4496 si
979 4438 1295 4496 devoretur
1317 4457 1351 4496 a
1382 4446 1531 4507 cete,
1566 4445 1635 4495 ut
1678 4442 1855 4496 Jonas
1886 4457 2024 4513 pre-

367 4530 618 4598 cabitur,
652 4534 712 4584 et
730 4529 879 4585 ﬁdes
906 4545 1036 4585 eum
1062 4532 1339 4585 restituet
1357 4529 1782 4602 praedicentem
1806 4528 2019 4585 Ninivi-

367 4620 445 4675 tis
479 4637 493 4687 ;
527 4624 586 4674 et
608 4618 880 4674 inclusus
909 4618 1092 4674 fuerit
1140 4636 1278 4675 cum
1324 4618 1620 4687 leonibus,
1670 4619 1829 4675 feras
1858 4636 2024 4676 mane

371 4708 695 4775 suefaciet;
728 4713 787 4763 et
817 4708 867 4762 si
898 4708 960 4763 in
987 4709 1186 4781 ignem
1216 4709 1396 4765 fuerit
1434 4710 1712 4782 injectus,
1745 4725 1879 4765 rore
1927 4726 2021 4765 re-

372 4796 694 4869 creabitur,
734 4813 858 4853 non
887 4797 1024 4870 igne
1056 4804 1356 4854 exuretur.
1393 4801 1580 4855 Noctu
1631 4799 1747 4854 erit
1775 4803 2024 4871 martyr,

374 4886 638 4946 interdiu
673 4886 990 4961 martyr,in
1022 4887 1605 4958 sermone,invita,in
1628 4888 1896 4944 moribus
1917 4888 2030 4944 erit
2059 4872 2104 4939 D

2130 4280 2229 4329 την
2261 4261 2496 4331 κτήσετα
2547 4259 2647 4329 τήν
2685 4258 2985 4333 ὑπομομήν
3027 4259 3056 4314 6
3105 4258 3425 4334 γνωστικὸς,
3547 4278 3786 4335 γνωστιο

2132 4348 2247 4414 κός*
2308 4347 2603 4425 εὖλογήσει
2658 4347 3072 4424 πειραζόμενος,
3132 4348 3207 4412 ὡς
3257 4348 3287 4403 6
3337 4353 3583 4424 γενναῖος
3629 4341 3786 4418 Ἰὼϐ,

2132 4438 2208 4501 ὡς
2242 4439 2428 4501 Ἰωνᾶς
2460 4434 2663 4510 εὔξεται
2719 4438 3155 4514 καταπινόμενος
3214 4437 3317 4495 ὑπὸ
3372 4437 3598 4511 κήτους,
3628 4436 3720 4493 καὶ
3749 4438 3789 4508 ἠ

2133 4526 2317 4591 πίστις
2345 4526 2504 4583 αὐτὸν
2538 4527 2974 4600 ἀποκαταστήσει
2998 4526 3309 4591 Νινευίταις
3347 4526 3789 4608 προφητεύοντα’

2134 4614 2231 4672 κᾶν
2294 4616 2430 4690 μετὰ
2485 4614 2723 4674 λεόντων
2777 4621 3108 4693 καθειρχθῆ,
3173 4620 3454 4695 ἡμερώσει
3505 4618 3574 4674 τὰ
3605 4614 3791 4694 θηρία⁸

2134 4705 2230 4762 κᾶν
2263 4705 2341 4771 εἰς
2369 4710 2478 4782 πῦρ
2499 4702 2780 4782 ἐμϐληθῇ,
2822 4704 3260 4781 δροσισθήσεται,
3310 4704 3439 4764 ἀλλ’
3478 4708 3577 4764 οὐκ
3627 4704 3793 4764 ἐκπυ-

2139 4797 2440 4874 ρωθήσεται
2476 4816 2488 4829 ·
2553 4798 2886 4872 μαρτυρήσει
2932 4797 3146 4873 νύκτωρ
3181 4840 3196 4868 ,
3262 4800 3599 4875 μαρτυρήσει
3672 4798 3794 4871 μεθ’

2133 4886 2369 4960 ἡμέραν*
2430 4883 2482 4940 ὲν
2537 4883 2708 4961 λόγῳ,
2766 4883 2819 4941 ἐν
2884 4883 3011 4961 βίῳ,
3071 4885 3123 4942 ἐν
3181 4887 3370 4964 τρόπῳ
3430 4888 3792 4964 μαρτυρήσει·

446 5022 507 5090 -χ‹
535 5026 599 5081 Ρ.
631 5024 738 5081 tsi
766 5024 880 5081 ED.
904 5024 1201 5096 porum,
1233 5025 1336 5082 tos
1359 5024 1474 5083 ED.
1507 5023 1737 5081 PARIS.
1769 5022 1851 5097 (a)
1879 5024 2018 5081 Prov

2130 5039 2203 5096 ιι,
2235 5022 2325 5081 26.
2357 5022 2435 5096 (ὸ)
2468 5024 2638 5079 Prov.
2670 5038 2730 5091 ιι,
2763 5024 2853 5091 21,
2884 5022 2974 5078 22.
3035 5022 3106 5096 (c)
3152 5024 3204 5078 II
3260 5024 3390 5081 Cor.
3422 5039 3541 5093 vm,
3576 5025 3664 5093 i2,
3700 5021 3790 5081 13.

369 5097 449 5173 (α)
472 5096 626 5155 Psal.
661 5113 775 5168 cxi,
804 5098 860 5153 9.

466 5232 556 5295 49)
615 5228 856 5287 Αἰκαιοι.
889 5228 1166 5289 Proverb.
1198 5248 1294 5295 xx.
1326 5230 1442 5290 26:
1501 5226 1558 5285 ⁸0
1617 5220 1827 5295 δίκαιος
1882 5223 2028 5288 tua

368 5276 1456 5382 gat‘Jt...;%g;_';;.{satiatéyzztf’ig
1486 5276 1578 5382 αἱ,
1619 5276 2029 5382 ’έὲῗόἰμρῆἒέξὶ

371 5375 590 5454 ἔσονται
640 5373 930 5454 οἰκήτορες
948 5378 1100 5454 μγῆς,
1161 5376 1355 5454 ἄκακοι
1413 5374 1472 5430 δὲ
1530 5373 2027 5454 ὑπολειφθήξσρνται

372 5448 426 5505 ἓν
459 5447 616 5521 αὐτῇ.
652 5445 793 5521 (Ὅτι
825 5445 1000 5521 ε’ὐθ-εῖς
1044 5448 1525 5521 καταπηνῴσουσι
1582 5454 1711 5521 γῆν,
1741 5445 1852 5521 ’καί
1883 5448 2026 5503 ’ὀσιοι

377 5489 686 5597 uastat
694 5489 997 5597 ἔοζτὲιῖῖνῖ
1014 5489 1525 5597 αῐὲᾐῗῖξίὸἆέῗδῖ
1575 5489 2026 5597 ἐᾶξξέῶῗὲκᾬξὲ

375 5588 653 5665 όλσῦντάιο
676 5588 732 5646 οἰ
761 5589 821 5647 δὲ
844 5588 1157 5665 παρανομόι
1181 5588 1191 5593 ’
1213 5588 1612 5663 ἐξωσθήσονται
1642 5591 1695 5662 ἐξ
1726 5590 1916 5665 αὐτῆςἶ

447 5664 559 5790 (5Οέ
611 5661 1152 5739 Προμαντευόμενος.
1183 5661 1276 5722 .Η.
1361 5661 1498 5735 1113.,
1563 5661 2026 5741 πραγματευόμε-

447 5753 490 5790 c.
563 5751 799 5790 unum.
1199 5762 1205 5769 ι

376 5753 490 5796 νος.
524 5751 799 5794 δΥῙιΒΟΒῧο
1199 5762 1205 5769 ’

450 5806 912 5898 (ὕηΈπικουρία
953 5827 1009 5898 η
1066 5810 1322 5898 Inversjs
1369 5808 1626 5898 casibus,
1685 5806 2027 5898 legendum,

377 5874 700 5953 Ἐπικουρίᾳ
770 5874 874 5955 γὰρ
953 5874 1134 5935 εὔνοια
1216 5881 1312 5954 μὶν
1362 5874 1657 5956 συνδεῖται,
1726 5874 1912 5937 λνύεται
1970 5874 2028 5934 δὶ

2134 5224 2527 5316 ἔχθραειρυοά
2560 5248 2697 5289 cum
2729 5230 3063 5305 interpreti,
3095 5236 3219 5288 tum
3269 5232 3449 5289 etiam
3480 5230 3790 5305 Sylburgio

2137 5310 2552 5451 plggg‘bydp
2580 5376 2697 5431 κατ’
2750 5372 2951 5433 εἰκόνα.
2983 5375 3150 5433 Conf.
3206 5394 3266 5449 Ρ,
3318 5378 3443 5444 133,
3489 5375 3617 5445 266,
3663 5377 3791 5449 “8,

2137 5452 2262 5518 645,
2296 5448 2388 5505 ed.
2423 5448 2609 5504 Paris.

2208 5523 2315 5592 (53)
2360 5518 2669 5592 ’Am’ioeiav,
2730 5520 3062 5592 Stoicorum
3118 5535 3283 5576 more
3312 5518 3628 5592 ﬁloquitur,
3686 5517 3789 5592 qui

2138 5590 2471 5676 sapientem
2499 5609 2628 5676 esse
2648 5590 2828 5676 ἀπαθῆ
2849 5591 3339 5676 ἀίςρῦερῐηοοηὶ.
3359 5590 3493 5664 quae
3513 5591 3789 5664 superius

2136 5662 2297 5720 dicta
2324 5669 2467 5720 sunt
2492 5663 2568 5720 ad
2597 5679 2731 5737 pag.
2759 5666 2828 5720 80
2860 5662 3001 5719 edit.
3034 5664 3221 5720 Paris.
3380 5662 3397 5664 ἡ
3586 5662 3605 5664 “

2207 5737 2325 5819 (ξιξ)
2378 5735 2666 5819 ᾌνανίανη
2714 5735 2946 5792 Similia
2993 5736 3269 5809 superius
3313 5734 3466 5792 dixit
3510 5736 3713 5794 Strom.
3746 5752 3786 5812 ι,

2135 5820 2194 5879 p.
2218 5806 2330 5863 329
2363 5806 2503 5864 edit.
2536 5809 2722 5864 Paris.
