4144 6414
412 416 555 501 loto

1743 435 2189 503 STROMATUM
2227 440 2361 498 LIB.
2402 432 2474 497 ῘῘ.

3697 436 3839 498 1050

405 570 654 633 σύνοικος
688 569 740 625 ἐν
771 574 849 643 τῷ
878 570 1065 644 Κυρίῳ
1096 573 1210 646 (55)
1247 571 1505 647 ὀαριστής
1550 591 1606 625 τε
1648 570 1739 626 καὶ
1785 569 2061 632 συνέστιος

2178 574 2417 641 martyr.
2450 570 2596 624 Cum
2628 566 2877 624 Domino
2905 564 3278 636 cohabitans,
3313 566 3838 638 eoque'lamiliari-

404 660 543 715 κατὰ
571 659 633 714 τὸ
686 658 900 732 πνεῦμα
958 656 1223 733 διαμένειο
1273 658 1505 734 καθαρὸς
1566 660 1661 734 μὲν
1718 661 1817 729 τήν
1872 660 2062 736 σάρκα,

402 748 641 826 καθαρὸς
701 745 759 803 δὲ
810 749 910 818 τήν
968 747 1216 824 καρδίαν·
1271 748 1611 824 ἡγιασμένος
1652 750 1744 805 τὸν
1779 747 1973 825 λόγον.
2003 749 2065 806 Ὁ

401 837 612 912 κόσμος
665 836 869 910 τούτῳ,
917 837 1083 912 φησὶν
1119 882 1134 908 ,
1189 837 1565 914 ἐσταύρωται,
1622 838 1711 894 καὶ
1771 838 1933 900 αὐτὸς
1986 842 2068 910 τῷ

401 927 617 1000 κόσμῳ.
677 925 871 997 Οὗτος,
904 928 995 982 τὸν
1017 928 1245 1004 σταυρὸν
1275 932 1372 983 τοῦ
1423 934 1686 1003 Σωτῆρος
1732 926 2064 1005 περιφέρων,

399 1013 585 1071 ἕπεται
648 1014 838 1087 Κυρίῳ
896 1014 1013 1087 μετ’
1062 1013 1275 1091 ἳχνιον,
1335 1013 1474 1070 ὥστε
1530 1016 1660 1080 Θεὸς
1712 1017 1851 1090 (56),
1908 1014 2065 1090 ἅγιος

404 1105 575 1181 ἁγίων
605 1103 919 1180 γενόμενος.
962 1107 1147 1176 Πασης
1192 1104 1374 1160 τοίνυν
1422 1105 1620 1179 ἀρετῆς
1650 1102 2004 1178 μεμνημένος
2036 1102 2065 1159 ὁ

402 1199 546 1260 θεῖος
589 1192 785 1267 νόμος,
843 1191 1057 1272 ἀλείφει
1101 1192 1346 1267 μάλεστα
1392 1193 1485 1249 τὸν
1529 1191 1812 1270 ἄνθρωπον
1845 1191 1934 1248 ἐπὶ
1963 1192 2064 1261 τήν

400 1285 738 1363 ἐγκράτειαν,
790 1284 1047 1359 θεμέλιον
1101 1285 1308 1359 ἀρετῶν
1366 1286 1788 1359 κατατιθέμενος
1836 1282 2063 1353 ταύτην

401 1375 495 1432 καὶ
545 1372 613 1444 δή
666 1371 1024 1451 προπαιδεύει
1074 1377 1225 1449 ἡμᾶς
1281 1374 1361 1438 είς
1415 1376 1515 1445 τὴν
1565 1373 1914 1452 περιποίησιν
1962 1375 2064 1440 τῆς

400 1462 732 1541 ἐγκρατείας,
764 1462 870 1518 ἀπὸ
900 1470 1002 1533 τῆς
1048 1468 1161 1519 τῶν
1212 1464 1368 1534 ζώων
1399 1465 1658 1540 χρήσεως
1706 1461 2064 1540 ἀπαγορεύων

401 1547 840 1628 μεταλαμϐάνειν
872 1556 978 1607 τῶν
1021 1549 1120 1607 ὅσα
1149 1551 1306 1630 φύσει
1334 1552 1519 1627 πίονα,
1566 1551 1808 1628 καθάπερ
1857 1552 1922 1608 τὸ
1951 1556 2062 1608 τῶν

400 1646 543 1698 συῶν
603 1642 782 1718 γέθος,
857 1641 1250 1717 εύσαρκότατον
1332 1641 1610 1719 τυγχάνον
1645 1660 1658 1673 ⁸
1717 1646 2062 1721 τρυφητιῶσι

398 1730 501 1807 γὰρ
533 1733 570 1801 ἠ
599 1730 827 1801 τοιαύτη
860 1738 1066 1806 χρῆσις
1112 1736 1456 1808 χορηγεῐται.
1501 1731 1723 1808 Λέγεται
1754 1735 1912 1807 γοῦν,
1941 1730 2066 1787 τινὰ

397 1824 509 1874 τῶν
540 1818 992 1899 φιλοσοφούντων
1017 1822 1128 1893 (57)
1160 1818 1614 1896 ἒτυμολογοῦντα
1650 1820 1749 1890 τήν
1799 1820 1920 1890 οὗν,
1968 1824 2061 1885 θῦν

2174 663 2265 714 ter
2292 664 2489 728 utens,
2522 657 2584 713 in
2616 658 2830 730 spiritu
2872 662 3185 730 permanet
3214 674 3227 724 ;
3279 656 3541 713 mundus
3591 655 3836 729 quidem

2181 765 2381 817 carne,
2396 748 2656 804 mundus
2682 753 2881 804 autem
2906 748 3084 803 corde
3106 748 3514 803 sanctiﬁcatus
3537 764 3834 804 sermone.

2172 840 2429 907 Mundus,
2481 839 2695 909 inquit,
2730 840 2782 893 ei
2812 841 3108 909 cruciﬁxus
3138 845 3238 904 est,
3265 844 3318 892 ct
3348 840 3463 909 ipse
3489 838 3695 893 mundo
3726 838 3826 910 (a).

2170 929 2227 983 Is
2258 944 2496 984 crucem
2524 928 2852 984 Servatoris
2883 927 3330 995 circumferens,
3365 926 3602 983 Domini
3633 928 3836 999 sequi-

2172 1020 2270 1071 tur
2298 1017 2561 1089 vestigia,
2595 1022 2879 1089 tanquam
2912 1019 3087 1087 Deus,
3131 1018 3376 1074 effectus
3408 1022 3650 1074 sanctus
3700 1034 3834 1074 san-

2169 1108 2633 1164 ctorum.0mnis
2663 1124 2801 1181 ergo
2831 1107 3064 1164 virtutis
3091 1125 3225 1164 cum
3250 1108 3598 1164 meminerit
3621 1107 3717 1164 lex
3738 1108 3831 1164 di-

2166 1196 2323 1265 vina,
2356 1196 2664 1253 hominem
2700 1198 2955 1254 maxime
3009 1202 3246 1255 exercet
3269 1198 3345 1254 ad
3376 1198 3830 1268 continentiam,

2170 1300 2300 1341 eam
2328 1290 2594 1343 statuens
2623 1286 3085 1343 fundamentum
3113 1286 3399 1343 virtutum
3426 1302 3439 1342 :
3473 1292 3651 1359 atque
3681 1288 3830 1344 adeo

2167 1390 2279 1431 nos
2290 1376 2616 1447 prazerudit
2627 1375 2703 1432 ad
2715 1376 3152 1433 continentiam
3173 1377 3345 1449 acqui
3357 1377 3704 1446 rendam,ex
3719 1394 3833 1433 usu

2167 1464 2586 1532 animantium,
2620 1466 2692 1521 iis
2721 1466 2878 1522 vesci
2907 1466 3256 1538 prohibens,
3290 1483 3422 1538 quas
3446 1471 3589 1523 sunt
3617 1471 3833 1522 natura

2166 1554 2436 1627 pinguia,
2471 1554 2975 1626 quemadmodum
3007 1572 3196 1629 genus
3219 1572 3414 1623 suum,
3439 1555 3600 1627 quod
3630 1557 3836 1613 carnis

2167 1643 2349 1699 habet
2370 1644 3005 1716 plurimum.Delicatis
3019 1646 3182 1701 enim
3199 1661 3266 1701 ac
3285 1645 3610 1701 luxuriosis
3622 1662 3838 1719 suppe-

2167 1732 2391 1789 ditatur
2402 1733 2538 1790 talis
2548 1734 2952 1791 usus.Dicitur
2962 1735 2979 1788 i
2990 1740 3167 1806 taque
3181 1734 3425 1806 quidam
3439 1735 3830 1808 philosophus

2168 1823 2292 1879 suis
2314 1823 2570 1879 afferens
2593 1823 3143 1896 etymologiam,qui
3174 1822 3235 1884 ὗς
3258 1824 3498 1892 dicitur,
3525 1822 3585 1876 ὗν
3611 1823 3831 1879 dixisse

398 1909 532 1963 εἶναι
563 1910 748 1987 φάναι,
781 1908 855 1970 ὡς
886 1908 962 1971 είς
996 1908 1146 1973 θύσιν
1181 1909 1272 1965 καὶ
1305 1910 1518 1987 σφαγὴν
1579 1909 1740 1984 μόνον
1771 1912 1882 1985 (58)
1941 1908 2059 1965 ἔπι-

2178 1912 2341 1984 quasi
2373 1914 2488 1979 θῦν,
2523 1918 2588 1968 ut
2613 1911 2715 1984 qui
2745 1912 2819 1968 ad
2864 1910 3037 1980 θύσιν,
3102 1913 3214 1968 hoc
3271 1918 3364 1968 est
3417 1916 3834 1981 mactationem,

400 1994 642 2068 τήδειον²
680 1993 933 2052 δεδόσθαι
962 1997 1069 2073 γὰρ
1098 1994 1244 2070 τῷδε
1292 2002 1371 2070 τῷ
1404 1996 1530 2071 ζώῳ
1558 1998 1744 2074 ψυχὴν
1776 1999 1915 2073 πρὸς
1966 1997 2057 2054 οὐ·

403 2082 490 2141 δὶν
516 2081 699 2161 ἕτερον
731 2086 769 2155 ἢ
799 2082 955 2141 ἕνεκα
1006 2090 1104 2141 τοῦ
1142 2086 1240 2150 τὰς
1293 2088 1495 2164 σάρκας
1527 2091 1777 2163 σφριγᾷν.
1833 2090 1951 2142 Τῶν
2002 2106 2061 2142 τε

405 2172 615 2250 ἰχθύων
671 2172 884 2249 ὁμοίως
934 2174 1280 2251 ἀπηγόρευσε
1314 2171 1779 2250 μεταλαμϐάνειν,
1813 2174 2058 2232 στέλλων

402 2266 566 2336 ἡμῶν
623 2264 721 2329 τὰς
778 2262 1110 2338 ἐπιθυμίας,
1182 2262 1404 2320 ἐκείνων
1465 2267 1548 2328 οἷς
1601 2266 1741 2339 μήτε
1795 2264 2061 2340 πτερύγια

404 2356 546 2428 μήτε
603 2352 824 2420 λεπίδες
876 2354 1030 2410 εἰσίν·
1092 2354 1348 2432 εὖσαρκίᾳ
1401 2355 1502 2432 γὶρ
1550 2355 1639 2411 καὶ
1671 2354 1894 2427 πιότητι
1949 2359 2061 2411 τῶν

398 2442 589 2501 ἄλλων
621 2444 833 2521 ἰχθύων
864 2446 1014 2502 οὗτοι
1074 2442 1438 2524 διαφέρουσιν.
1473 2444 1747 2511 Ἐντεῦθεν
1785 2446 1939 2517 οἶμαι
1969 2447 2060 2502 καὶ

397 2533 496 2598 τὰς
565 2532 789 2597 τελετὰς
864 2533 926 2590 ού
1006 2535 1187 2609 μόνων
1264 2538 1429 2590 τινῶν
1487 2535 1641 2604 ζώων
1700 2533 2059 2611 ἀπαγορεύειν

398 2620 682 2696 ἅπτεσθαι,
715 2620 842 2680 ἀλλ’
871 2619 1012 2679 ἔστιν
1048 2623 1079 2679 ἃ
1132 2623 1223 2679 καὶ
1279 2627 1388 2679 τῶν
1427 2624 1849 2698 καταθυομένων
1904 2624 2063 2696 ὑπεξ-

400 2712 575 2768 είλιτο
605 2719 708 2783 τῆς
755 2714 1010 2788 χρήσεως
1065 2711 1203 2789 μέρη
1240 2714 1375 2786 (59),
1438 2709 1508 2767 δι’
1557 2711 1734 2774 αἰτίας
1783 2710 1846 2775 ἂς
1879 2710 2060 2767 ’ίσασιν

402 2801 455 2856 οἱ
487 2801 708 2875 μύσται.
744 2801 811 2859 Εἰ
840 2798 907 2871 δὴ
937 2803 1167 2879 γαστρὸς
1216 2802 1307 2857 καὶ
1349 2805 1460 2857 τῶν
1508 2801 1611 2857 ὑπὸ
1656 2800 1889 2876 γαστέρα
1926 2820 2062 2877 κρα-

296 2948 301 2949 ,
399 2891 616 2963 τητὲον,
677 2887 851 2961 δῆλον
912 2891 987 2954 ὡς
1035 2892 1239 2947 ἄνωθεν
1296 2889 1715 2970 παρειλήφαμεν
1765 2891 1914 2967 παρὰ
1962 2894 2061 2947 τοῦ

400 2980 631 3055 Κυρίου,
666 2976 755 3034 διὰ
783 2982 878 3034 τοῦ
907 2977 1082 3052 νόμου
1110 2980 1210 3049 τήν
1267 2977 1559 3053 ἐπιθυμίαν
1602 2977 1904 3036 ἐκκόπτειν.
1962 2976 2064 3034 Γὲ-

404 3088 553 3123 νοιτο
587 3065 632 3123 δ’
662 3065 724 3122 ἃν
773 3065 1001 3131 τελείως
1043 3070 1230 3138 τοῦτο,
1264 3067 1309 3122 εί
1359 3071 1457 3123 τοῦ
1494 3066 1910 3141 ὑπεκκαύματος
1964 3073 2065 3138 τῆς

406 3155 735 3232 ἐπιθυμίας,
794 3162 895 3220 τῖς
954 3154 1161 3227 ἡδονῆς
1220 3156 1366 3233 λέγω
1399 3202 1417 3229 ,
1469 3156 1851 3231 ἆνυποκρίτως
1897 3177 2066 3212 κατα-

404 3246 688 3324 γνοίημεν.
742 3245 882 3302 Φασὶ
929 3243 988 3301 δὶ
1036 3245 1205 3317 αὐτῆς
1254 3247 1390 3302 εἶναι
1436 3247 1538 3316 τήν
1569 3241 1802 3322 ἔννοιαν,
1846 3245 2060 3317 κίνησιν

2168 2006 2341 2073 aptus
2363 2006 2522 2058 esset
2540 2002 2947 2057 solummodo:
2981 2001 3181 2058 datam
3204 2002 3365 2057 enim
3383 2018 3515 2059 esse
3540 2002 3679 2058 huic
3703 2003 3837 2058 ani—

2168 2090 2312 2147 mali
2334 2091 2407 2147 ad
2429 2091 2583 2147 nihil
2604 2091 2767 2147 aliud
2796 2091 3080 2157 animam,
3117 2107 3300 2163 quam
3329 2096 3396 2146 ut
3424 2107 3636 2147 carnes
3655 2091 3833 2147 luxu-

2170 2180 2415 2236 riarent.
2435 2182 2507 2236 Et
2534 2181 2811 2236 similiter
2839 2186 3077 2237 nostras
3108 2179 3463 2252 cupiditates
3491 2180 3827 2253 reprimens

2168 2270 2475 2342 prohibuit
2503 2270 2625 2326 illis
2672 2271 2828 2326 vesci
2878 2270 3167 2342 piscibus,
3199 2270 3301 2341 qui
3332 2286 3443 2326 nec
3472 2271 3690 2341 pinnas
3719 2270 3831 2325 ha-

2169 2358 2335 2427 bent,
2368 2376 2478 2416 nec
2511 2376 2811 2432 squamas.
2854 2361 3004 2418 I75
3046 2360 3326 2416 Carnium
3358 2359 3518 2416 enim
3562 2359 3828 2415 bonitate

2171 2452 2232 2504 et
2258 2447 2623 2521 pinguedine
2655 2449 2716 2505 hi
2768 2448 2904 2505 aliis
2946 2448 3209 2521 piscibus
3262 2448 3649 2505 antecellunt.
3684 2449 3831 2505 Hinc

2172 2538 2447 2593 existimo
2478 2538 2763 2610 mysteria
2792 2553 3031 2609 quoque
3062 2553 3184 2593 non
3216 2537 3411 2593 solum
3440 2536 3832 2609 prohibere»?

2167 2625 2373 2698 aliqua
2400 2631 2642 2700 tangere
2673 2626 2980 2693 animalia,
3015 2625 3120 2682 sed
3152 2627 3333 2682 etiam
3363 2626 3688 2682 nonnullas
3720 2641 3830 2681 eo-

2169 2732 2328 2781 rum,
2388 2732 2521 2786 quaa
2572 2716 3007 2787 sacrificantur,
3043 2716 3305 2772 eximere
3345 2714 3418 2771 ab
3445 2731 3559 2771 usu
3607 2721 3828 2787 partes,

2169 2810 2414 2878 propter
2443 2821 2729 2877 eas,quas
2760 2810 2969 2877 mystae
3000 2805 3199 2861 sciunt
3225 2821 3455 2862 causas.
3492 2805 3548 2859 Si
3590 2809 3683 2860 est
3718 2805 3832 2860 ita-

2172 2910 2287 2966 que
2318 2898 2523 2950 venter
2551 2893 2973 2963 continendus,
3006 2899 3066 2950 et
3082 2910 3173 2965 ea,
3204 2911 3338 2965 qum
3371 2897 3511 2949 sunt
3538 2892 3648 2950 sub
3679 2910 3825 2949 ven-

2172 2990 2283 3052 tre,
2316 2983 2543 3040 clarum
2568 2990 2678 3055 est,
2711 2982 2871 3056 quod
2899 2982 3030 3055 jam
3060 2983 3202 3039 olim
3235 2998 3271 3037 a
3318 2982 3568 3038 Domino
3599 2982 3833 3054 accepi-

2171 3090 2440 3145 mus,per
2453 3073 2646 3148 legem
2674 3072 3020 3129 exscindere
3042 3071 3257 3128 debere
3288 3089 3399 3127 nos
3420 3070 3830 3143 cupiditatem.

2172 3163 2237 3219 Id
2269 3166 2467 3218 autem
2491 3162 2753 3235 perfecte
2784 3161 2907 3233 ﬂet,
2940 3160 2989 3218 si
3022 3160 3367 3234 cupiditatis
3406 3160 3698 3230 fomitem,
3730 3178 3831 3217 vo-

2171 3251 2485 3324 luptatem,
2539 3252 2807 3324 inquam,
2857 3268 2979 3308 non
3025 3251 3161 3308 ficte
3190 3250 3696 3308 damnaverimus.
3728 3250 3834 3305 Di-

387 3311 701 3410 ’λείαν’(60)
731 3334 822 3391 καὶ
847 3338 1102 3411 προσηνῆ
1136 3311 1271 3410 μετά
1296 3356 1448 3401 τινος
1495 3311 1822 3407 αἰσθήσεως.
1880 3311 2058 3412 Ταύτῃ

2178 3347 2318 3398 cunt
2345 3341 2474 3414 ejus
2501 3342 2654 3397 hanc
2683 3357 2812 3397 esse
2842 3341 3175 3412 notionem,
3205 3345 3273 3396 ut
3302 3340 3379 3396 sit
3397 3340 3551 3396 lenis
3573 3344 3633 3395 et
3660 3339 3834 3395 blan-

406 3421 737 3481 δουλεύοντα
760 3425 850 3481 τὸν
882 3424 1195 3496 Μενέλεων,
1256 3425 1393 3499 μετᾶ
1446 3426 1549 3495 τήν
1607 3424 1776 3484 Ἰλίου
1829 3423 2059 3496 ἅλωσιν,

401 3511 559 3592 φασὶν
620 3514 942 3588 ὁρμήσαντα
995 3513 1096 3583 τὴν
1149 3511 1377 3583 Ἑλένην
1430 3512 1643 3569 ἀνελεῖν
1676 3557 1689 3583 ,
1748 3512 1824 3577 ὡς
1877 3517 2063 3569 κακῶν

399 3604 678 3661 τοσούτων
710 3602 885 3660 αῐτίαν
916 3605 1233 3680 γενομένην,
1265 3603 1419 3679 ὅμως
1456 3602 1517 3661 οὗ
1548 3609 1875 3682 κατισχῦσαι
1922 3610 2062 3683 πρᾶ-

403 3693 511 3765 ξαι,
537 3694 841 3767 ἡττηθέντα
866 3697 947 3767 τῷ
980 3690 1198 3766 κάλλει,
1254 3689 1322 3748 δι’
1373 3693 1436 3750 οὗ
1490 3692 1576 3749 ἐπὶ
1609 3696 1710 3765 τήν
1759 3693 2060 3769 ἀνάμνησιν

400 3787 501 3853 τῆς
532 3780 742 3853 ἡδονῆς
769 3781 1013 3856 ἀφίκετο.
1045 3782 1196 3837 *Οθεν
1230 3781 1667 3846 ἐπισκώπτοντες
1700 3784 1751 3839 οἳ
1783 3779 2061 3860 τραγῳδο-

404 3870 582 3943 ποιοὶ,
615 3867 988 3934 δνειδιστικῶς
1013 3864 1319 3943 ἐπεϐόησαν
1346 3871 1516 3946 αὐτῷ.

481 4158 698 4242 illum)
731 4156 906 4242 ιὼς
934 4152 1137 4242 ἐσεῖδε-ς
1173 4150 1680 4242 μαστὸχκέκϐαλὼν
1709 4140 1882 4242 ξίφυςέ
1930 4136 1938 4143 ⁸

484 4232 631 4306 Φίλή
643 4232 700 4310 μδ
728 4232 910 4307 ἐδέξω,
941 4232 1200 4312 προδότιν
1233 4233 1514 4292 αἶκάλλων
1543 4234 1701 4292 κύνα.

2170 3431 2281 3487 dus
2302 3435 2500 3487 motus
2523 3447 2656 3487 cum
2679 3429 2880 3503 aliquo
2912 3445 3113 3487 sensu.
3144 3429 3209 3484 Ei
3242 3428 3600 3485 servientem
3632 3429 3835 3484 Mene-

2169 3522 2333 3577 laum
2365 3525 2501 3593 post
2520 3520 2757 3592 Trojam
2784 3525 3018 3592 captam
3040 3519 3268 3584 dicunt,
3295 3535 3430 3575 cum
3462 3518 3689 3590 impetu
3709 3517 3832 3573 fer-

2170 3615 2337 3665 retur
2366 3609 2441 3665 ad
2472 3607 2861 3665 occidendam
2887 3607 3195 3675 Helenam,
3241 3606 3402 3678 quod
3432 3611 3520 3663 tot
3548 3612 3608 3662 et
3635 3610 3834 3661 tanto-

2169 3716 2305 3756 rum
2324 3699 2539 3755 fuisset
2567 3714 2747 3756 causa
2773 3697 3092 3766 malorum,
3116 3697 3177 3753 id
3198 3702 3400 3752 tamen
3421 3712 3545 3752 non
3567 3696 3831 3769 potuisse

2173 3788 2414 3845 efficere
2442 3787 2665 3843 victum
2719 3786 3189 3859 pulchritudine,
3221 3803 3331 3859 per
3358 3802 3540 3858 quam
3570 3785 3631 3841 in
3659 3801 3834 3841 men-

2172 3882 2295 3934 tem
2325 3876 2489 3933 venit
2515 3876 2849 3933 recordatio
2869 3874 3138 3948 pristinae
3168 3876 3509 3949 voluptatis.
3544 3874 3712 3931 Unde
3739 3874 3838 3930 lu-

2173 3966 2485 4023 diﬁcantes
2518 3965 2750 4040 tragici,
2778 3982 2915 4022 cum
2943 3966 3162 4038 probro
3192 3982 3261 4022 ac
3283 3965 3574 4022 dedecore
3604 3964 3667 4020 in
3698 3979 3836 4020 eum

2173 4051 2514 4110 exclamant
2537 4068 2552 4107 :

2241 4162 2317 4218 Αι
2351 4164 2411 4216 lu
2431 4158 2712 4231 papillam
2753 4164 3014 4215 contuens
3044 4159 3293 4230 gladium
3322 4158 3542 4230 abjicis,

2241 4234 2315 4289 Et
2335 4232 2640 4303 proditrici
2665 4232 2790 4301 ﬁgis
2820 4231 3063 4287 osculum
3092 4234 3244 4287 cani.

475 4390 539 4454 .x‘
568 4383 631 4438 p.
662 4384 766 4438 485
797 4384 909 4439 ED.
942 4384 1239 4453 poma,
1269 4384 1374 4438 406
1399 4384 1514 4440 El).
1546 4381 1776 4438 PARIS.
1853 4380 1930 4455 (a)
1952 4380 2064 4438 Fel;

2178 4398 2245 4453 γι,
2284 4377 2370 4438 14.

481 4526 591 4597 (55)
624 4523 886 4588 Σύνοικος
915 4523 967 4581 ἐν
1000 4529 1078 4599 τῷ
1107 4529 1179 4584 Κ.
1220 4530 1354 4585 Haec
1399 4527 1485 4585 sic
1533 4526 1794 4599 scribere
1843 4531 1903 4583 et
1949 4526 2073 4584 dis-

413 4597 685 4674 tinguere
714 4600 923 4674 malim
950 4617 963 4655 :
998 4597 1261 4674 Σύνοικος
1294 4599 1367 4655 ὥν
1406 4603 1487 4672 τῷ
1512 4597 1748 4674 ΔΚυρίῳ,
1808 4598 2072 4674 ὀαριστής

408 4688 469 4744 τε
491 4667 583 4724 ἰαὶ
641 4669 918 4734 συνέστιος
965 4670 1101 4726 κατὰ
1124 4672 1188 4727 τὸ
1236 4667 1473 4744 πνεῦμα,
1508 4667 1753 4743 διαμίνει
1782 4667 1903 4727 καθ’.
1938 4667 2072 4728 Cum

2183 4528 2499 4601 sumptum,
2520 4516 2754 4601 videtur
2776 4536 2789 4581 ι
2818 4518 2989 4600 cujus
3010 4518 3440 4601 Vestigia,quod
3462 4518 3651 4583 initiis
3673 4523 3840 4583 Cere-

2180 4600 2265 4656 ris
2296 4598 2459 4673 porci
2484 4598 2947 4673 immolantur.)
2968 4601 3032 4653 P.
3058 4598 3397 4656 Victorinus
3418 4599 3480 4673 in
3492 4602 3840 4673 Varronem,

2181 4668 2341 4745 hunc
2371 4672 2515 4727 citat
2542 4671 2865 4745 Qlementis
2894 4668 3119 4745 locum,
3173 4673 3376 4745 etJos.
3411 4671 3672 4745 Scaliger
3699 4671 3844 4745 legit

412 4743 634 4826 Domini
660 4744 1134 4826 sit-cohabitalor,
1165 4741 1656 4826 etconfalgulator,
1689 4750 1740 4799 et
1788 4745 2072 4826 convictor
2107 4795 2150 4826 η
2306 4741 2390 4813 ὗς,
2423 4741 2581 4826 quod
2631 4742 3080 4826 LatineAYarrp
3134 4741 3659 4826 scripsitmthysus.
3698 4741 3842 4826 yide

449 4886 700 4969 αριστής,
732 4886 891 4957 quod
919 4903 1232 4959 perperam
1279 4887 1307 4942 6
1364 4887 1615 4970 ἀριστῆς.
1651 4893 1743 4943 est
1796 4886 1859 4944 in
1909 4887 2069 4943 Flor.

454 4956 540 5012 dit
568 4998 585 5015 .
611 4974 682 5013 ex
704 4958 960 5013 Homero
983 4963 1286 5015 sumntum
1311 4966 1399 5015 est
1420 4961 1522 5015 aui
1545 4961 1801 5015 Minoem
1827 4960 2069 5015 Creten-

416 4966 540 5012 edit
568 4998 585 5025 ,
611 4974 682 5013 ex
706 4966 960 5013 Homero
983 4966 1286 5031 sumptum
1311 4966 1399 5015 est
1420 4966 1522 5032 qui
1545 4966 1801 5015 Minoem
1827 4966 2074 5015 Creten-

426 5046 551 5085 sem
586 5029 833 5104 _vo_cavit
889 5025 1012 5086 Διός
1077 5027 1320 5104 μεγάλου
1370 5029 1627 5104 ὀαριστήν
1683 5030 1835 5087 Iovis
1880 5033 2074 5102 magni

416 5101 906 5173 confabulatorem.
967 5101 1252 5163 Συνέστιος
1284 5101 1512 5156 κατὰτὸ
1563 5103 1778 5173 πνεῦμα
1835 5101 2074 5159 contra-

415 5171 802 5255 distinguitur
858 5171 934 5240 ei,
981 5174 1115 5255 ‘qui_
1145 5178 1236 5229 est
1287 5174 1558 5255 συνέστιος
1613 5171 1751 5228 κατὰ
1790 5173 1853 5228 τὸ
1885 5177 2067 5255 σῶμα.

414 5244 515 5319 γῆν
544 5242 705 5300 enim
736 5242 947 5319 bonus,
981 5242 1124 5301 licet
1161 5262 1408 5319 corpore
1438 5246 1687 5315 distans,
1720 5245 1919 5319 quoad
1951 5242 2070 5319 spi-

411 5317 594 5372 ritum
625 5332 761 5390 cum
793 5315 1415 5390 Christohconjuuctus
1457 5323 1566 5390 est.

622 5388 784 5441 Ὥστε
815 5386 968 5462 Θερς.
1011 5388 1114 5462 Sic
1165 5386 1441 5462 superius
1495 5389 1642 5462 dixit
1699 5388 2068 5452 θεοποιεῖσθαι

407 5457 509 5543 civ.
530 5457 838 5543 ἄνθρωπον,
872 5458 1144 5543 hominem
1172 5457 1345 5518 Deum
1380 5461 1526 5532 ﬁeri,
1556 5463 1879 5533 Proptrept.
1911 5464 2067 5533 p.71,

408 5531 512 5588 ubi
541 5530 696 5587 conf.
732 5530 1032 5588 adnotata.
1381 5530 1388 5532 “
1664 5530 1685 5533 “
1788 5530 1809 5533 ’
1912 5530 1933 5533 ”

484 5600 763 5681 (571T_t\li_
805 5604 914 5656 τῶν
975 5597 1236 5681 φιλοσοφ.
1296 5604 1707 5681 Is_Cleanthes
1765 5608 1857 5681 est
1911 5603 2070 5660 infra

410 5691 542 5802 pag.
576 5678 699 5731 304.
731 5675 1004 5759 Summe;
1027 5707 1097 5757 7-
1124 5675 1434 5759 varrolib.
1459 5695 1498 5734 ιι
1521 5680 1595 5733 De
1622 5695 1683 5734 re
1697 5679 2064 5760 rusticamap.

470 5765 482 5802 :
518 5771 543 5797 υ
571 5747 680 5802 Sus
703 5748 897 5803 Graece
924 5745 1142 5803 dieitur
1162 5747 1221 5806 ὗς
1252 5749 1393 5805 olim
1419 5750 1623 5806 thvsus
1641 5748 1841 5806 abillo
1863 5746 2064 5806 verbo.

415 5768 445 5802 ὖ
470 5768 482 5802 ξ
518 5771 543 5797 υ
572 5768 680 5802 aus
703 5768 897 5803 bI‘iIICB
924 5768 1142 5803 αισιῐιπ
1162 5768 1221 5809 υς
1252 5768 1393 5805 011m
1419 5768 1623 5823 Ulysus
1641 5768 1714 5806 an
1737 5768 1841 5804 lllO
1863 5768 2065 5817 νει-00,

415 5820 575 5891 quod
605 5815 1017 5887 diciturﬂz’nw,
1051 5820 1207 5891 quod
1256 5826 1347 5876 est
1390 5821 1695 5891 immolare.
1746 5820 1832 5876 Ab
1888 5820 2064 5876 suillo

400 5890 574 5951 'enim
596 5906 811 5967 genere
837 5890 1070 5963 pecoris
1115 5890 1468 5950 immolandi
1514 5892 1754 5951 initium
1800 5892 2063 5965 primum

452 4795 642 4870 adias
663 4795 901 4883 sum:
915 4795 929 4798 ⁷
940 4795 1235 4886 ῥὲὶέἦὲἇτὶἐι
1250 4795 1740 4883 ’ἱήἆῆᾱᾶζὶᾶνῖηὲζ
1771 4795 1888 4872 ἑιέξ
1900 4795 2074 4871 una
2103 4795 2151 4862 D
2182 4795 2335 4871 nam
2352 4795 2460 4870 'v'n‘
2470 4795 2698 4882 έξνοηῖ,

452 4831 700 4956 αριστήιὲ,
732 4886 891 4956 quod
919 4903 1232 4956 perperam
1279 4887 1307 4942 6
1364 4887 1593 4956 ἀριστής
1651 4893 1743 4943 est
1796 4886 1859 4944 in
1909 4887 2069 4943 Flor.
2181 4889 2378 4956 Esop;
2409 4886 2566 4942 dicta
2595 4886 2698 4941 in]

2731 4831 2790 4886 p.
2819 4815 2944 4883 707,
3001 4813 3329 4882 Cleanthis,
3378 4813 3746 4871 Philemonis
3777 4818 3837 4870 et

2181 4889 2378 4959 Esopr
2409 4886 2566 4942 dicta
2595 4886 2658 4941 in
2688 4886 3250 4959 hancsententiam.
3271 4888 3537 4944 COLLECT.
3562 4918 3630 4929 —
3656 4889 3839 4959 Porro

2182 4959 2255 5014 de
2284 4955 2580 5031 praecepto
2612 4974 2733 5031 quo
2759 4955 2945 5013 Judaai
2966 4957 3169 5031 suillae
3190 4960 3390 5015 carnis
3434 4976 3537 5015 esu
3587 4957 3837 5014 interdi-

2182 5028 2500 5159 cgbéméur,
2525 5028 2680 5086 conf.
2714 5029 3056 5085 Lactantius
3100 5029 3206 5086 lib.
3238 5047 3319 5103 ιν,
3359 5047 3489 5104 cap.
3528 5034 3612 5099 1⁸7,
3645 5047 3701 5102 p.
3735 5031 3839 5084 367

2182 5119 2213 5159 e
2260 5119 2278 5156 ι
2311 5145 2323 5157 .
2400 5118 2538 5158 xon.

2182 5102 2323 5159 edit.
2353 5102 2538 5159 Oxon.

2253 5173 2364 5247 (58)
2394 5170 2597 5247 Movoy.
2626 5170 2821 5247 Μάνην
2871 5171 3097 5247 mavult
3123 5173 3555 5247 Rittershusius
3585 5173 3647 5247 in
3676 5172 3840 5229 Notis

2180 5243 2597 5318 ad'POrphyrii
2626 5243 2848 5318 librum
2878 5246 2954 5300 De
2982 5246 3100 5318 vita
3128 5245 3486 5315 Pythagora.
3519 5262 3579 5318 p.
3609 5245 3664 5299 8.

2251 5318 2360 5389 (59)
2400 5314 2597 5391 Ἧξρη.
2658 5315 2897 5391 Scilicet
2955 5314 3239 5391 adipem,_
3271 5314 3330 5391 e_t
3367 5314 3657 5388 quasdam
3688 5314 3838 5372 alias

2177 5386 2407 5462 partes,
2419 5386 2576 5462 quas
2607 5387 2921 5462 comedere
2936 5386 3492 5462 nefas‘habebatiur.

2249 5463 2355 5532 (60)
2389 5454 2614 5532 Κίνησιν
2647 5456 2821 5513 λείαν.
2851 5458 3189 5532 Aristipphs
3224 5457 3496 5532 definivit
3538 5457 3639 5527 τὴν
3699 5454 3838 5526 ἡδο-

2174 5528 2273 5605 νὴν
2333 5528 2481 5587 λείαν
2514 5528 2771 5599 ’κίνησιν
2816 5528 2910 5583 τὸν
2942 5528 3111 5605 «dies
3135 5533 3397 5605 τραχεῖαν
3426 5528 3659 5601 κίνησιν.
3728 5532 3840 5587 Vo-

2178 5604 2473 5687 luptatem,
2498 5605 2689 5687 lenem.
2715 5607 2926 5687 ruptum
2946 5617 2981 5687 ε’
2991 5602 3281 5687 “dolorem
3306 5619 3577 5687 asperum.
3610 5608 3835 5660 motum.

2175 5675 2379 5732 Cicero
2411 5677 2516 5732 lib.
2549 5678 2626 5732 De
2651 5675 2836 5747 Ῑὶῃίὸη
2866 5690 2917 5728 ο.
2953 5675 3021 5728 65
3048 5690 3092 5747 :_
3122 5675 3322 5747 Omnes
3354 5675 3668 5747 jucundum
3719 5691 3843 5731 mo-

2174 5753 2310 5819 tum,
2343 5765 2452 5819 quo
2480 5741 2663 5819 sensus
2693 5745 3023 5816 hilarentur,
3050 5745 3240 5802 Graece
3258 5741 3485 5819 ἡδονήν,
3519 5749 3716 5804 Latine
3743 5763 3843 5806 υο-

2176 5818 2439 5891 luptatcm
2451 5818 2774 5891 appellant.

2244 5886 2358 5965 (61)
2388 5886 2915 5962 Σύ.Ἐυι-ἰι›.‹1οεὶιι
2944 5887 3343 5963 Andromach.,
3372 5907 3424 5948 v.
3454 5890 3832 5964 627,Peleum
