  <div class='ocr_page' id='page_1' title='image "/cluster/home/n/w/nwhite01/storage/ocr_20150623/8/coo.31924054872878/533.png"; bbox 0 0 4144 6394; ppageno 0'>
   <div class='ocr_carea' id='block_1_1' title="bbox 427 381 567 449">
    <p class='ocr_par' dir='ltr' id='par_1_1' title="bbox 427 381 567 449">
     <span class='ocr_line' id='line_1_1' title="bbox 427 381 567 449; baseline 0.007 -12"><span class='ocrx_word' id='word_1_1' title='bbox 427 381 567 449; x_wconf 73' lang='grc'><strong>1055</strong></span> 
     </span>
    </p>
   </div>
   <div class='ocr_carea' id='block_1_2' title="bbox 1653 380 2605 441">
    <p class='ocr_par' dir='ltr' id='par_1_2' title="bbox 1653 380 2605 441">
     <span class='ocr_line' id='line_1_2' title="bbox 1653 380 2605 441; baseline -0.003 0"><span class='ocrx_word' id='word_1_2' title='bbox 1653 382 2065 441; x_wconf 63' lang='lat' dir='ltr'><strong>CLEMENTIS</strong></span> <span class='ocrx_word' id='word_1_3' title='bbox 2097 380 2605 440; x_wconf 67' lang='lat' dir='ltr'><strong>ALEXANDBINI</strong></span> 
     </span>
    </p>
   </div>
   <div class='ocr_carea' id='block_1_3' title="bbox 3709 389 3852 444">
    <p class='ocr_par' dir='ltr' id='par_1_3' title="bbox 3709 389 3852 444">
     <span class='ocr_line' id='line_1_3' title="bbox 3709 389 3852 444; baseline -0.007 0"><span class='ocrx_word' id='word_1_4' title='bbox 3709 389 3852 444; x_wconf 77' lang='grc'><strong>1056</strong></span> 
     </span>
    </p>
   </div>
   <div class='ocr_carea' id='block_1_4' title="bbox 422 499 2073 583">
    <p class='ocr_par' dir='ltr' id='par_1_4' title="bbox 422 505 2073 580">
     <span class='ocr_line' id='line_1_4' title="bbox 422 505 2073 580; baseline -0.002 -19"><span class='ocrx_word' id='word_1_5' title='bbox 422 505 613 573; x_wconf 90' lang='lat' dir='ltr'><strong>tes,ad</strong></span> <span class='ocrx_word' id='word_1_6' title='bbox 631 521 911 562; x_wconf 84' lang='lat' dir='ltr'><strong>coronam</strong></span> <span class='ocrx_word' id='word_1_7' title='bbox 928 519 1116 576; x_wconf 87' lang='lat' dir='ltr'><strong>usque</strong></span> <span class='ocrx_word' id='word_1_8' title='bbox 1138 505 1496 578; x_wconf 88' lang='lat' dir='ltr'><strong>perveniunt</strong></span> <span class='ocrx_word' id='word_1_9' title='bbox 1521 525 1536 578; x_wconf 88' lang='lat'><strong>;</strong></span> <span class='ocrx_word' id='word_1_10' title='bbox 1558 506 1857 580; x_wconf 79' lang='lat' dir='ltr'><strong>praedictae</strong></span> <span class='ocrx_word' id='word_1_11' title='bbox 1875 509 2073 562; x_wconf 87' lang='lat' dir='ltr'><strong>autem</strong></span> 
     </span>
    </p>
   </div>
   <div class='ocr_carea' id='block_1_5' title="bbox 2185 499 3852 583">
    <p class='ocr_par' dir='ltr' id='par_1_5' title="bbox 2193 499 3852 583">
     <span class='ocr_line' id='line_1_5' title="bbox 2193 499 3852 583; baseline 0.006 -27"><span class='ocrx_word' id='word_1_12' title='bbox 2193 522 2312 574; x_wconf 87' lang='grc' dir='ltr'>μεις</span> <span class='ocrx_word' id='word_1_13' title='bbox 2343 501 2395 558; x_wconf 76' lang='grc' dir='ltr'>ἐν</span> <span class='ocrx_word' id='word_1_14' title='bbox 2429 499 2628 575; x_wconf 90' lang='grc' dir='ltr'>πολλῷ</span> <span class='ocrx_word' id='word_1_15' title='bbox 2655 506 2736 576; x_wconf 79' lang='grc' dir='ltr'>τῷ</span> <span class='ocrx_word' id='word_1_16' title='bbox 2758 500 2969 579; x_wconf 81' lang='grc' dir='ltr'>λύθρῷ,</span> <span class='ocrx_word' id='word_1_17' title='bbox 2996 504 3123 560; x_wconf 89' lang='grc' dir='ltr'>τότε</span> <span class='ocrx_word' id='word_1_18' title='bbox 3180 502 3246 573; x_wconf 82' lang='grc' dir='ltr'><strong>δὴ</strong></span> <span class='ocrx_word' id='word_1_19' title='bbox 3304 503 3610 576; x_wconf 80' lang='grc' dir='ltr'>ἆπαυδῶσι,</span> <span class='ocrx_word' id='word_1_20' title='bbox 3637 510 3852 583; x_wconf 84' lang='grc' dir='ltr'>θαυμά-</span> 
     </span>
    </p>
   </div>
   <div class='ocr_carea' id='block_1_6' title="bbox 424 595 2073 668">
    <p class='ocr_par' dir='ltr' id='par_1_6' title="bbox 424 595 2073 668">
     <span class='ocr_line' id='line_1_6' title="bbox 424 595 2073 668; baseline -0.002 -18"><span class='ocrx_word' id='word_1_21' title='bbox 424 602 746 668; x_wconf 89' lang='lat' dir='ltr'><strong>potestates</strong></span> <span class='ocrx_word' id='word_1_22' title='bbox 776 597 835 650; x_wconf 92' lang='lat' dir='ltr'>in</span> <span class='ocrx_word' id='word_1_23' title='bbox 859 595 1046 651; x_wconf 89' lang='lat' dir='ltr'><strong>multo</strong></span> <span class='ocrx_word' id='word_1_24' title='bbox 1071 595 1285 652; x_wconf 89' lang='lat' dir='ltr'><strong>sudore</strong></span> <span class='ocrx_word' id='word_1_25' title='bbox 1307 601 1367 653; x_wconf 89' lang='lat' dir='ltr'><strong>et</strong></span> <span class='ocrx_word' id='word_1_26' title='bbox 1384 614 1592 654; x_wconf 85' lang='lat' dir='ltr'><strong>cruore</strong></span> <span class='ocrx_word' id='word_1_27' title='bbox 1610 602 1751 653; x_wconf 88' lang='lat' dir='ltr'><strong>tunc</strong></span> <span class='ocrx_word' id='word_1_28' title='bbox 1763 595 2073 665; x_wconf 77' lang='lat' dir='ltr'><strong>deﬁciunt,</strong></span> 
     </span>
    </p>
   </div>
   <div class='ocr_carea' id='block_1_7' title="bbox 420 685 2075 759">
    <p class='ocr_par' dir='ltr' id='par_1_7' title="bbox 420 685 2075 759">
     <span class='ocr_line' id='line_1_7' title="bbox 420 685 2075 759; baseline -0.001 -21"><span class='ocrx_word' id='word_1_29' title='bbox 420 687 671 740; x_wconf 81' lang='lat' dir='ltr'><strong>victores</strong></span> <span class='ocrx_word' id='word_1_30' title='bbox 693 685 1074 740; x_wconf 80' lang='lat' dir='ltr'><strong>admirantes.</strong></span> <span class='ocrx_word' id='word_1_31' title='bbox 1100 689 1317 742; x_wconf 90' lang='lat' dir='ltr'><strong>Eorum</strong></span> <span class='ocrx_word' id='word_1_32' title='bbox 1363 689 1545 755; x_wconf 91' lang='lat' dir='ltr'><strong>enim,</strong></span> <span class='ocrx_word' id='word_1_33' title='bbox 1579 705 1709 759; x_wconf 75' lang='lat' dir='ltr'><strong>quae</strong></span> <span class='ocrx_word' id='word_1_34' title='bbox 1740 689 2075 754; x_wconf 78' lang='lat' dir='ltr'><strong>moventur,</strong></span> 
     </span>
    </p>
   </div>
   <div class='ocr_carea' id='block_1_8' title="bbox 425 774 2079 846">
    <p class='ocr_par' dir='ltr' id='par_1_8' title="bbox 425 774 2079 846">
     <span class='ocr_line' id='line_1_8' title="bbox 425 774 2079 846; baseline -0.001 -17"><span class='ocrx_word' id='word_1_35' title='bbox 425 776 541 829; x_wconf 93' lang='lat' dir='ltr'>alia</span> <span class='ocrx_word' id='word_1_36' title='bbox 572 775 814 844; x_wconf 87' lang='lat' dir='ltr'><strong>quidem</strong></span> <span class='ocrx_word' id='word_1_37' title='bbox 848 792 916 828; x_wconf 82' lang='lat' dir='ltr'><strong>ex</strong></span> <span class='ocrx_word' id='word_1_38' title='bbox 947 776 1310 846; x_wconf 77' lang='lat' dir='ltr'><strong>appetitione</strong></span> <span class='ocrx_word' id='word_1_39' title='bbox 1338 783 1653 832; x_wconf 78' lang='lat' dir='ltr'><strong>moventur</strong></span> <span class='ocrx_word' id='word_1_40' title='bbox 1683 781 1742 831; x_wconf 89' lang='lat' dir='ltr'><strong>et</strong></span> <span class='ocrx_word' id='word_1_41' title='bbox 1786 774 2079 846; x_wconf 78' lang='lat' dir='ltr'><strong>imagina—</strong></span> 
     </span>
    </p>
   </div>
   <div class='ocr_carea' id='block_1_9' title="bbox 422 864 2075 938">
    <p class='ocr_par' dir='ltr' id='par_1_9' title="bbox 422 864 2075 938">
     <span class='ocr_line' id='line_1_9' title="bbox 422 864 2075 938; baseline -0.002 -20"><span class='ocrx_word' id='word_1_42' title='bbox 422 864 764 930; x_wconf 87' lang='lat' dir='ltr'><strong>tione,sicut</strong></span> <span class='ocrx_word' id='word_1_43' title='bbox 780 864 1066 919; x_wconf 81' lang='lat' dir='ltr'><strong>animalia</strong></span> <span class='ocrx_word' id='word_1_44' title='bbox 1090 883 1102 931; x_wconf 95' lang='lat'><strong>;</strong></span> <span class='ocrx_word' id='word_1_45' title='bbox 1119 865 1236 920; x_wconf 89' lang='lat' dir='ltr'>alia</span> <span class='ocrx_word' id='word_1_46' title='bbox 1257 872 1455 921; x_wconf 90' lang='lat' dir='ltr'><strong>autem</strong></span> <span class='ocrx_word' id='word_1_47' title='bbox 1479 884 1585 938; x_wconf 90' lang='lat' dir='ltr'><strong>per</strong></span> <span class='ocrx_word' id='word_1_48' title='bbox 1602 864 2075 929; x_wconf 79' lang='lat' dir='ltr'><strong>translationem,</strong></span> 
     </span>
    </p>
   </div>
   <div class='ocr_carea' id='block_1_10' title="bbox 421 953 2077 1026">
    <p class='ocr_par' dir='ltr' id='par_1_10' title="bbox 421 953 2077 1026">
     <span class='ocr_line' id='line_1_10' title="bbox 421 953 2077 1026; baseline -0.001 -19"><span class='ocrx_word' id='word_1_49' title='bbox 421 954 574 1008; x_wconf 89' lang='lat' dir='ltr'><strong>sicut</strong></span> <span class='ocrx_word' id='word_1_50' title='bbox 604 953 971 1020; x_wconf 88' lang='lat' dir='ltr'><strong>inanimata;</strong></span> <span class='ocrx_word' id='word_1_51' title='bbox 1008 972 1078 1009; x_wconf 81' lang='lat' dir='ltr'><strong>ex</strong></span> <span class='ocrx_word' id='word_1_52' title='bbox 1105 955 1386 1011; x_wconf 90' lang='lat' dir='ltr'><strong>inanimis</strong></span> <span class='ocrx_word' id='word_1_53' title='bbox 1435 962 1634 1010; x_wconf 89' lang='lat' dir='ltr'><strong>autem</strong></span> <span class='ocrx_word' id='word_1_54' title='bbox 1667 955 1901 1026; x_wconf 89' lang='lat' dir='ltr'><strong>plantas</strong></span> <span class='ocrx_word' id='word_1_55' title='bbox 1932 968 2077 1022; x_wconf 90' lang='lat' dir='ltr'><strong>quo-</strong></span> 
     </span>
    </p>
   </div>
   <div class='ocr_carea' id='block_1_11' title="bbox 420 1042 2078 1114">
    <p class='ocr_par' dir='ltr' id='par_1_11' title="bbox 420 1042 2078 1114">
     <span class='ocr_line' id='line_1_11' title="bbox 420 1042 2078 1114; baseline -0.001 -18"><span class='ocrx_word' id='word_1_56' title='bbox 420 1059 532 1113; x_wconf 91' lang='lat' dir='ltr'><strong>que</strong></span> <span class='ocrx_word' id='word_1_57' title='bbox 565 1042 806 1112; x_wconf 87' lang='lat' dir='ltr'><strong>quidam</strong></span> <span class='ocrx_word' id='word_1_58' title='bbox 830 1042 1037 1098; x_wconf 89' lang='lat' dir='ltr'><strong>dicunt</strong></span> <span class='ocrx_word' id='word_1_59' title='bbox 1059 1045 1276 1099; x_wconf 88' lang='lat' dir='ltr'><strong>moveri</strong></span> <span class='ocrx_word' id='word_1_60' title='bbox 1302 1045 1666 1100; x_wconf 89' lang='lat' dir='ltr'><strong>transeundo</strong></span> <span class='ocrx_word' id='word_1_61' title='bbox 1698 1043 1772 1098; x_wconf 91' lang='lat' dir='ltr'><strong>ad</strong></span> <span class='ocrx_word' id='word_1_62' title='bbox 1793 1057 2078 1114; x_wconf 54' lang='lat' dir='ltr'><strong>augmen.</strong></span> 
     </span>
    </p>
   </div>
   <div class='ocr_carea' id='block_1_12' title="bbox 420 1131 2076 1207">
    <p class='ocr_par' dir='ltr' id='par_1_12' title="bbox 420 1131 2076 1207">
     <span class='ocr_line' id='line_1_12' title="bbox 420 1131 2076 1207; baseline -0.001 -21"><span class='ocrx_word' id='word_1_63' title='bbox 420 1134 624 1201; x_wconf 90' lang='lat' dir='ltr'><strong>tum,si</strong></span> <span class='ocrx_word' id='word_1_64' title='bbox 651 1133 784 1204; x_wconf 88' lang='lat' dir='ltr'><strong>quis</strong></span> <span class='ocrx_word' id='word_1_65' title='bbox 815 1134 900 1189; x_wconf 90' lang='lat' dir='ltr'><strong>eis</strong></span> <span class='ocrx_word' id='word_1_66' title='bbox 933 1151 1061 1191; x_wconf 90' lang='lat' dir='ltr'><strong>esse</strong></span> <span class='ocrx_word' id='word_1_67' title='bbox 1089 1137 1323 1207; x_wconf 83' lang='lat' dir='ltr'>plantas</span> <span class='ocrx_word' id='word_1_68' title='bbox 1360 1137 1657 1192; x_wconf 89' lang='lat' dir='ltr'><strong>inanimas</strong></span> <span class='ocrx_word' id='word_1_69' title='bbox 1695 1131 2076 1190; x_wconf 88' lang='lat' dir='ltr'><strong>concesserit.</strong></span> 
     </span>
    </p>
   </div>
   <div class='ocr_carea' id='block_1_13' title="bbox 422 1222 2078 1297">
    <p class='ocr_par' dir='ltr' id='par_1_13' title="bbox 422 1222 2078 1297">
     <span class='ocr_line' id='line_1_13' title="bbox 422 1222 2078 1297; baseline -0.001 -20"><span class='ocrx_word' id='word_1_70' title='bbox 422 1222 774 1278; x_wconf 89' lang='lat' dir='ltr'><strong>Ethabitum</strong></span> <span class='ocrx_word' id='word_1_71' title='bbox 787 1224 1030 1294; x_wconf 88' lang='lat' dir='ltr'><strong>quidem</strong></span> <span class='ocrx_word' id='word_1_72' title='bbox 1052 1225 1314 1296; x_wconf 88' lang='lat' dir='ltr'><strong>lapides;</strong></span> <span class='ocrx_word' id='word_1_73' title='bbox 1335 1232 1606 1281; x_wconf 90' lang='lat' dir='ltr'><strong>naturam</strong></span> <span class='ocrx_word' id='word_1_74' title='bbox 1631 1225 1849 1297; x_wconf 64' lang='lat' dir='ltr'><strong>planta)</strong></span> <span class='ocrx_word' id='word_1_75' title='bbox 1866 1241 1879 1290; x_wconf 90' lang='lat'><strong>;</strong></span> <span class='ocrx_word' id='word_1_76' title='bbox 1899 1238 2078 1294; x_wconf 90' lang='lat' dir='ltr'><strong>appe-</strong></span> 
     </span>
    </p>
   </div>
   <div class='ocr_carea' id='block_1_14' title="bbox 421 1311 2076 1386">
    <p class='ocr_par' dir='ltr' id='par_1_14' title="bbox 421 1311 2076 1386">
     <span class='ocr_line' id='line_1_14' title="bbox 421 1311 2076 1386; baseline -0.001 -20"><span class='ocrx_word' id='word_1_77' title='bbox 421 1313 692 1367; x_wconf 87' lang='lat' dir='ltr'><strong>titionem</strong></span> <span class='ocrx_word' id='word_1_78' title='bbox 715 1329 850 1368; x_wconf 83' lang='lat' dir='ltr'><strong>vero</strong></span> <span class='ocrx_word' id='word_1_79' title='bbox 874 1319 932 1368; x_wconf 90' lang='lat' dir='ltr'><strong>et</strong></span> <span class='ocrx_word' id='word_1_80' title='bbox 951 1314 1526 1386; x_wconf 81' lang='lat' dir='ltr'><strong>imaginationem,et</strong></span> <span class='ocrx_word' id='word_1_81' title='bbox 1546 1331 1615 1370; x_wconf 91' lang='lat' dir='ltr'>ea</span> <span class='ocrx_word' id='word_1_82' title='bbox 1635 1318 1923 1386; x_wconf 56' lang='lat' dir='ltr'><strong>praeterea</strong></span> <span class='ocrx_word' id='word_1_83' title='bbox 1938 1311 2076 1376; x_wconf 90' lang='lat' dir='ltr'><strong>duo,</strong></span> 
     </span>
    </p>
   </div>
   <div class='ocr_carea' id='block_1_15' title="bbox 422 1401 2081 1476">
    <p class='ocr_par' dir='ltr' id='par_1_15' title="bbox 422 1401 2081 1476">
     <span class='ocr_line' id='line_1_15' title="bbox 422 1401 2081 1476; baseline -0.001 -20"><span class='ocrx_word' id='word_1_84' title='bbox 422 1419 554 1473; x_wconf 71' lang='lat' dir='ltr'><strong>quae</strong></span> <span class='ocrx_word' id='word_1_85' title='bbox 585 1403 750 1473; x_wconf 91' lang='lat' dir='ltr'><strong>prius</strong></span> <span class='ocrx_word' id='word_1_86' title='bbox 777 1403 935 1459; x_wconf 90' lang='lat' dir='ltr'><strong>dicta</strong></span> <span class='ocrx_word' id='word_1_87' title='bbox 967 1404 1306 1474; x_wconf 89' lang='lat' dir='ltr'><strong>sunt,bruta</strong></span> <span class='ocrx_word' id='word_1_88' title='bbox 1324 1421 1561 1476; x_wconf 88' lang='lat' dir='ltr'><strong>quoque</strong></span> <span class='ocrx_word' id='word_1_89' title='bbox 1582 1401 2081 1476; x_wconf 81' lang='lat' dir='ltr'><strong>participant.Ra-</strong></span> 
     </span>
    </p>
   </div>
   <div class='ocr_carea' id='block_1_16' title="bbox 426 1492 2078 1566">
    <p class='ocr_par' dir='ltr' id='par_1_16' title="bbox 426 1492 2078 1566">
     <span class='ocr_line' id='line_1_16' title="bbox 426 1492 2078 1566; baseline -0.001 -20"><span class='ocrx_word' id='word_1_90' title='bbox 426 1492 751 1547; x_wconf 90' lang='lat' dir='ltr'><strong>tiocinandi</strong></span> <span class='ocrx_word' id='word_1_91' title='bbox 775 1498 975 1548; x_wconf 91' lang='lat' dir='ltr'><strong>autem</strong></span> <span class='ocrx_word' id='word_1_92' title='bbox 997 1499 1418 1566; x_wconf 73' lang='lat' dir='ltr'><strong>potestas,qua:</strong></span> <span class='ocrx_word' id='word_1_93' title='bbox 1445 1501 1533 1549; x_wconf 88' lang='lat' dir='ltr'><strong>est</strong></span> <span class='ocrx_word' id='word_1_94' title='bbox 1547 1493 1786 1566; x_wconf 83' lang='lat' dir='ltr'><strong>prepria</strong></span> <span class='ocrx_word' id='word_1_95' title='bbox 1803 1492 2078 1546; x_wconf 70' lang='lat' dir='ltr'><strong>humanm</strong></span> 
     </span>
    </p>
   </div>
   <div class='ocr_carea' id='block_1_17' title="bbox 423 1580 2082 1655">
    <p class='ocr_par' dir='ltr' id='par_1_17' title="bbox 423 1580 2082 1655">
     <span class='ocr_line' id='line_1_17' title="bbox 423 1580 2082 1655; baseline -0.001 -21"><span class='ocrx_word' id='word_1_96' title='bbox 423 1581 786 1652; x_wconf 72' lang='lat' dir='ltr'><strong>animae,non</strong></span> <span class='ocrx_word' id='word_1_97' title='bbox 819 1581 997 1638; x_wconf 89' lang='lat' dir='ltr'><strong>debet</strong></span> <span class='ocrx_word' id='word_1_98' title='bbox 1017 1584 1296 1640; x_wconf 89' lang='lat' dir='ltr'><strong>similiter</strong></span> <span class='ocrx_word' id='word_1_99' title='bbox 1312 1584 1734 1655; x_wconf 89' lang='lat' dir='ltr'><strong>impelliatque</strong></span> <span class='ocrx_word' id='word_1_100' title='bbox 1751 1580 2082 1637; x_wconf 88' lang='lat' dir='ltr'>animantia</span> 
     </span>
    </p>
   </div>
   <div class='ocr_carea' id='block_1_18' title="bbox 421 1670 2079 1745">
    <p class='ocr_par' dir='ltr' id='par_1_18' title="bbox 421 1670 2079 1745">
     <span class='ocr_line' id='line_1_18' title="bbox 421 1670 2079 1745; baseline 0 -22"><span class='ocrx_word' id='word_1_101' title='bbox 421 1671 656 1725; x_wconf 86' lang='lat' dir='ltr'><strong>ratione</strong></span> <span class='ocrx_word' id='word_1_102' title='bbox 679 1671 1077 1739; x_wconf 88' lang='lat' dir='ltr'><strong>carentia,sed</strong></span> <span class='ocrx_word' id='word_1_103' title='bbox 1099 1674 1525 1745; x_wconf 80' lang='lat' dir='ltr'>imaginatione</span> <span class='ocrx_word' id='word_1_104' title='bbox 1555 1676 1835 1744; x_wconf 89' lang='lat' dir='ltr'><strong>percepta</strong></span> <span class='ocrx_word' id='word_1_105' title='bbox 1856 1670 2079 1724; x_wconf 84' lang='lat' dir='ltr'><strong>discer-</strong></span> 
     </span>
    </p>
   </div>
   <div class='ocr_carea' id='block_1_19' title="bbox 420 1759 2078 1834">
    <p class='ocr_par' dir='ltr' id='par_1_19' title="bbox 420 1759 2078 1834">
     <span class='ocr_line' id='line_1_19' title="bbox 420 1759 2078 1834; baseline -0.001 -20"><span class='ocrx_word' id='word_1_106' title='bbox 420 1765 653 1826; x_wconf 89' lang='lat' dir='ltr'><strong>nere,et</strong></span> <span class='ocrx_word' id='word_1_107' title='bbox 678 1777 799 1815; x_wconf 92' lang='lat' dir='ltr'><strong>non</strong></span> <span class='ocrx_word' id='word_1_108' title='bbox 830 1761 903 1816; x_wconf 88' lang='lat' dir='ltr'><strong>ab</strong></span> <span class='ocrx_word' id='word_1_109' title='bbox 935 1763 1021 1816; x_wconf 92' lang='lat' dir='ltr'><strong>eis</strong></span> <span class='ocrx_word' id='word_1_110' title='bbox 1043 1762 1276 1817; x_wconf 92' lang='lat' dir='ltr'><strong>abduci.</strong></span> <span class='ocrx_word' id='word_1_111' title='bbox 1305 1764 1402 1817; x_wconf 73' lang='lat' dir='ltr'><strong>Hae</strong></span> <span class='ocrx_word' id='word_1_112' title='bbox 1429 1764 1636 1834; x_wconf 82' lang='lat' dir='ltr'><strong>ergo,l</strong></span> <span class='ocrx_word' id='word_1_113' title='bbox 1653 1763 1748 1816; x_wconf 77' lang='lat'><strong>76</strong></span> <span class='ocrx_word' id='word_1_114' title='bbox 1768 1761 1841 1815; x_wconf 90' lang='lat' dir='ltr'><strong>de</strong></span> <span class='ocrx_word' id='word_1_115' title='bbox 1865 1759 2078 1831; x_wconf 87' lang='lat' dir='ltr'><strong>quibus</strong></span> 
     </span>
    </p>
   </div>
   <div class='ocr_carea' id='block_1_20' title="bbox 421 1848 2080 1922">
    <p class='ocr_par' dir='ltr' id='par_1_20' title="bbox 421 1848 2080 1922">
     <span class='ocr_line' id='line_1_20' title="bbox 421 1848 2080 1922; baseline 0.001 -20"><span class='ocrx_word' id='word_1_116' title='bbox 421 1848 700 1916; x_wconf 87' lang='lat' dir='ltr'><strong>diximus,</strong></span> <span class='ocrx_word' id='word_1_117' title='bbox 735 1856 1078 1921; x_wconf 89' lang='lat' dir='ltr'><strong>potestates,</strong></span> <span class='ocrx_word' id='word_1_118' title='bbox 1114 1852 1592 1922; x_wconf 89' lang='lat' dir='ltr'><strong>pulchritudines</strong></span> <span class='ocrx_word' id='word_1_119' title='bbox 1624 1857 1681 1905; x_wconf 87' lang='lat' dir='ltr'><strong>et</strong></span> <span class='ocrx_word' id='word_1_120' title='bbox 1730 1851 1970 1922; x_wconf 83' lang='lat' dir='ltr'><strong>glorias,</strong></span> <span class='ocrx_word' id='word_1_121' title='bbox 2022 1854 2080 1903; x_wconf 88' lang='lat' dir='ltr'><strong>et</strong></span> 
     </span>
    </p>
   </div>
   <div class='ocr_carea' id='block_1_21' title="bbox 417 1938 2078 2013">
    <p class='ocr_par' dir='ltr' id='par_1_21' title="bbox 417 1938 2078 2013">
     <span class='ocr_line' id='line_1_21' title="bbox 417 1938 2078 2013; baseline 0 -21"><span class='ocrx_word' id='word_1_122' title='bbox 417 1938 712 1993; x_wconf 88' lang='lat' dir='ltr'><strong>adulteria</strong></span> <span class='ocrx_word' id='word_1_123' title='bbox 735 1945 794 1994; x_wconf 91' lang='lat' dir='ltr'><strong>et</strong></span> <span class='ocrx_word' id='word_1_124' title='bbox 813 1941 1228 2012; x_wconf 89' lang='lat' dir='ltr'><strong>voluptates,et</strong></span> <span class='ocrx_word' id='word_1_125' title='bbox 1255 1941 1401 1996; x_wconf 87' lang='lat' dir='ltr'><strong>tales</strong></span> <span class='ocrx_word' id='word_1_126' title='bbox 1427 1940 1719 2013; x_wconf 87' lang='lat' dir='ltr'><strong>ejusmodi</strong></span> <span class='ocrx_word' id='word_1_127' title='bbox 1743 1941 2078 1995; x_wconf 89' lang='lat' dir='ltr'><strong>inescantes</strong></span> 
     </span>
    </p>
   </div>
   <div class='ocr_carea' id='block_1_22' title="bbox 418 2027 2078 2101">
    <p class='ocr_par' dir='ltr' id='par_1_22' title="bbox 418 2027 2078 2101">
     <span class='ocr_line' id='line_1_22' title="bbox 418 2027 2078 2101; baseline 0.001 -19"><span class='ocrx_word' id='word_1_128' title='bbox 418 2027 831 2100; x_wconf 85' lang='lat' dir='ltr'><strong>imagines,iis,</strong></span> <span class='ocrx_word' id='word_1_129' title='bbox 858 2047 989 2100; x_wconf 79' lang='lat' dir='ltr'><strong>quae</strong></span> <span class='ocrx_word' id='word_1_130' title='bbox 1021 2030 1195 2086; x_wconf 86' lang='lat' dir='ltr'>facile</span> <span class='ocrx_word' id='word_1_131' title='bbox 1230 2030 1431 2086; x_wconf 90' lang='lat' dir='ltr'><strong>seduci</strong></span> <span class='ocrx_word' id='word_1_132' title='bbox 1463 2036 1734 2101; x_wconf 87' lang='lat' dir='ltr'><strong>possunt,</strong></span> <span class='ocrx_word' id='word_1_133' title='bbox 1767 2027 2078 2084; x_wconf 88' lang='lat' dir='ltr'><strong>animabus</strong></span> 
     </span>
    </p>
   </div>
   <div class='ocr_carea' id='block_1_23' title="bbox 417 2118 2078 2192">
    <p class='ocr_par' dir='ltr' id='par_1_23' title="bbox 417 2118 2078 2192">
     <span class='ocr_line' id='line_1_23' title="bbox 417 2118 2078 2192; baseline 0.001 -20"><span class='ocrx_word' id='word_1_134' title='bbox 417 2118 1320 2190; x_wconf 89' lang='lat' dir='ltr'><strong>protendunt,quemadmodum</strong></span> <span class='ocrx_word' id='word_1_135' title='bbox 1343 2121 1443 2191; x_wconf 91' lang='lat' dir='ltr'><strong>qui</strong></span> <span class='ocrx_word' id='word_1_136' title='bbox 1476 2137 1690 2192; x_wconf 91' lang='lat' dir='ltr'><strong>pecora</strong></span> <span class='ocrx_word' id='word_1_137' title='bbox 1721 2119 2078 2191; x_wconf 83' lang='lat' dir='ltr'><strong>abigunt,eis</strong></span> 
     </span>
    </p>
   </div>
   <div class='ocr_carea' id='block_1_24' title="bbox 415 2207 2078 2281">
    <p class='ocr_par' dir='ltr' id='par_1_24' title="bbox 415 2207 2078 2281">
     <span class='ocr_line' id='line_1_24' title="bbox 415 2207 2078 2281; baseline 0.001 -20"><span class='ocrx_word' id='word_1_138' title='bbox 415 2207 659 2262; x_wconf 82' lang='lat' dir='ltr'><strong>frondes</strong></span> <span class='ocrx_word' id='word_1_139' title='bbox 690 2210 1017 2281; x_wconf 81' lang='lat' dir='ltr'><strong>porrigunt.</strong></span> <span class='ocrx_word' id='word_1_140' title='bbox 1042 2209 1265 2264; x_wconf 91' lang='lat' dir='ltr'><strong>Deinde</strong></span> <span class='ocrx_word' id='word_1_141' title='bbox 1297 2227 1431 2264; x_wconf 90' lang='lat' dir='ltr'><strong>cum</strong></span> <span class='ocrx_word' id='word_1_142' title='bbox 1463 2227 1563 2265; x_wconf 90' lang='lat' dir='ltr'><strong>eos</strong></span> <span class='ocrx_word' id='word_1_143' title='bbox 1593 2215 1725 2265; x_wconf 91' lang='lat' dir='ltr'><strong>astu</strong></span> <span class='ocrx_word' id='word_1_144' title='bbox 1752 2210 2078 2264; x_wconf 85' lang='lat' dir='ltr'><strong>circumve-</strong></span> 
     </span>
    </p>
   </div>
   <div class='ocr_carea' id='block_1_25' title="bbox 417 2297 2080 2370">
    <p class='ocr_par' dir='ltr' id='par_1_25' title="bbox 417 2297 2080 2370">
     <span class='ocr_line' id='line_1_25' title="bbox 417 2297 2080 2370; baseline 0.001 -19"><span class='ocrx_word' id='word_1_145' title='bbox 417 2297 639 2363; x_wconf 90' lang='lat' dir='ltr'><strong>nerint,</strong></span> <span class='ocrx_word' id='word_1_146' title='bbox 673 2299 772 2368; x_wconf 91' lang='lat' dir='ltr'><strong>qui</strong></span> <span class='ocrx_word' id='word_1_147' title='bbox 806 2315 928 2353; x_wconf 92' lang='lat' dir='ltr'><strong>non</strong></span> <span class='ocrx_word' id='word_1_148' title='bbox 959 2304 1208 2370; x_wconf 86' lang='lat' dir='ltr'><strong>passunt</strong></span> <span class='ocrx_word' id='word_1_149' title='bbox 1239 2315 1437 2355; x_wconf 87' lang='lat' dir='ltr'>veram</span> <span class='ocrx_word' id='word_1_150' title='bbox 1473 2299 1836 2370; x_wconf 88' lang='lat' dir='ltr'><strong>voluptatem</strong></span> <span class='ocrx_word' id='word_1_151' title='bbox 1868 2314 1902 2353; x_wconf 91' lang='lat' dir='ltr'><strong>a</strong></span> <span class='ocrx_word' id='word_1_152' title='bbox 1928 2297 2080 2352; x_wconf 88' lang='lat' dir='ltr'><strong>falsa</strong></span> 
     </span>
    </p>
   </div>
   <div class='ocr_carea' id='block_1_26' title="bbox 416 2385 2078 2460">
    <p class='ocr_par' dir='ltr' id='par_1_26' title="bbox 416 2385 2078 2460">
     <span class='ocr_line' id='line_1_26' title="bbox 416 2385 2078 2460; baseline 0 -20"><span class='ocrx_word' id='word_1_153' title='bbox 416 2387 779 2453; x_wconf 88' lang='lat' dir='ltr'><strong>discernere,</strong></span> <span class='ocrx_word' id='word_1_154' title='bbox 806 2386 1144 2459; x_wconf 85' lang='lat' dir='ltr'><strong>ﬂuxamque</strong></span> <span class='ocrx_word' id='word_1_155' title='bbox 1177 2405 1244 2444; x_wconf 88' lang='lat' dir='ltr'><strong>ac</strong></span> <span class='ocrx_word' id='word_1_156' title='bbox 1275 2388 1560 2444; x_wconf 89' lang='lat' dir='ltr'><strong>caducam</strong></span> <span class='ocrx_word' id='word_1_157' title='bbox 1593 2388 1949 2460; x_wconf 71' lang='lat' dir='ltr'><strong>injuriaaque</strong></span> <span class='ocrx_word' id='word_1_158' title='bbox 1973 2385 2078 2440; x_wconf 93' lang='lat' dir='ltr'><strong>ob-</strong></span> 
     </span>
    </p>
   </div>
   <div class='ocr_carea' id='block_1_27' title="bbox 413 2474 2076 2546">
    <p class='ocr_par' dir='ltr' id='par_1_27' title="bbox 413 2474 2076 2546">
     <span class='ocr_line' id='line_1_27' title="bbox 413 2474 2076 2546; baseline -0.001 -17"><span class='ocrx_word' id='word_1_159' title='bbox 413 2475 656 2530; x_wconf 83' lang='lat' dir='ltr'><strong>noxiam</strong></span> <span class='ocrx_word' id='word_1_160' title='bbox 686 2491 720 2530; x_wconf 90' lang='lat' dir='ltr'><strong>a</strong></span> <span class='ocrx_word' id='word_1_161' title='bbox 754 2481 958 2530; x_wconf 82' lang='lat' dir='ltr'><strong>sancta</strong></span> <span class='ocrx_word' id='word_1_162' title='bbox 986 2476 1456 2546; x_wconf 90' lang='lat' dir='ltr'><strong>pulchritudine,</strong></span> <span class='ocrx_word' id='word_1_163' title='bbox 1489 2476 1715 2531; x_wconf 91' lang='lat' dir='ltr'><strong>ducunt</strong></span> <span class='ocrx_word' id='word_1_164' title='bbox 1745 2475 1806 2530; x_wconf 91' lang='lat' dir='ltr'><strong>in</strong></span> <span class='ocrx_word' id='word_1_165' title='bbox 1827 2474 2076 2529; x_wconf 89' lang='lat' dir='ltr'><strong>servitu-</strong></span> 
     </span>
    </p>
   </div>
   <div class='ocr_carea' id='block_1_28' title="bbox 411 2565 2076 2637">
    <p class='ocr_par' dir='ltr' id='par_1_28' title="bbox 411 2565 2076 2637">
     <span class='ocr_line' id='line_1_28' title="bbox 411 2565 2076 2637; baseline -0.001 -19"><span class='ocrx_word' id='word_1_166' title='bbox 411 2570 554 2620; x_wconf 89' lang='lat' dir='ltr'><strong>tem.</strong></span> <span class='ocrx_word' id='word_1_167' title='bbox 590 2565 973 2636; x_wconf 75' lang='lat' dir='ltr'><strong>Unaquaaque</strong></span> <span class='ocrx_word' id='word_1_168' title='bbox 997 2570 1198 2620; x_wconf 90' lang='lat' dir='ltr'><strong>autem</strong></span> <span class='ocrx_word' id='word_1_169' title='bbox 1234 2565 1504 2637; x_wconf 91' lang='lat' dir='ltr'><strong>deceptio</strong></span> <span class='ocrx_word' id='word_1_170' title='bbox 1536 2565 1774 2620; x_wconf 90' lang='lat' dir='ltr'><strong>assidue</strong></span> <span class='ocrx_word' id='word_1_171' title='bbox 1798 2579 2076 2636; x_wconf 90' lang='lat' dir='ltr'><strong>premens</strong></span> 
     </span>
    </p>
   </div>
   <div class='ocr_carea' id='block_1_29' title="bbox 415 2653 2076 2727">
    <p class='ocr_par' dir='ltr' id='par_1_29' title="bbox 415 2653 2076 2727">
     <span class='ocr_line' id='line_1_29' title="bbox 415 2653 2076 2727; baseline -0.001 -17"><span class='ocrx_word' id='word_1_172' title='bbox 415 2653 700 2719; x_wconf 88' lang='lat' dir='ltr'><strong>animam,</strong></span> <span class='ocrx_word' id='word_1_173' title='bbox 728 2654 790 2708; x_wconf 93' lang='lat' dir='ltr'><strong>in</strong></span> <span class='ocrx_word' id='word_1_174' title='bbox 823 2671 892 2710; x_wconf 88' lang='lat' dir='ltr'><strong>ea</strong></span> <span class='ocrx_word' id='word_1_175' title='bbox 922 2654 1213 2726; x_wconf 90' lang='lat' dir='ltr'><strong>imprimit</strong></span> <span class='ocrx_word' id='word_1_176' title='bbox 1243 2656 1565 2727; x_wconf 77' lang='lat' dir='ltr'>imaginem</span> <span class='ocrx_word' id='word_1_177' title='bbox 1600 2671 1613 2708; x_wconf 92' lang='lat'>:</span> <span class='ocrx_word' id='word_1_178' title='bbox 1647 2659 1707 2708; x_wconf 90' lang='lat' dir='ltr'><strong>et</strong></span> <span class='ocrx_word' id='word_1_179' title='bbox 1729 2653 2076 2725; x_wconf 88' lang='lat' dir='ltr'><strong>imprudens</strong></span> 
     </span>
    </p>
   </div>
   <div class='ocr_carea' id='block_1_30' title="bbox 413 2743 2073 2815">
    <p class='ocr_par' dir='ltr' id='par_1_30' title="bbox 413 2743 2073 2815">
     <span class='ocr_line' id='line_1_30' title="bbox 413 2743 2073 2815; baseline -0.001 -17"><span class='ocrx_word' id='word_1_180' title='bbox 413 2744 797 2815; x_wconf 89' lang='lat' dir='ltr'><strong>insciensque</strong></span> <span class='ocrx_word' id='word_1_181' title='bbox 828 2743 1033 2799; x_wconf 88' lang='lat' dir='ltr'><strong>anima</strong></span> <span class='ocrx_word' id='word_1_182' title='bbox 1084 2746 1333 2800; x_wconf 68' lang='lat' dir='ltr'><strong>allectus</strong></span> <span class='ocrx_word' id='word_1_183' title='bbox 1359 2744 1702 2800; x_wconf 82' lang='lat' dir='ltr'><strong>circumfert</strong></span> <span class='ocrx_word' id='word_1_184' title='bbox 1731 2743 2073 2814; x_wconf 79' lang='lat' dir='ltr'>imaginem,</span> 
     </span>
    </p>
   </div>
   <div class='ocr_carea' id='block_1_31' title="bbox 411 2834 2074 2904">
    <p class='ocr_par' dir='ltr' id='par_1_31' title="bbox 411 2834 2074 2904">
     <span class='ocr_line' id='line_1_31' title="bbox 411 2834 2074 2904; baseline 0 -16"><span class='ocrx_word' id='word_1_185' title='bbox 411 2850 543 2904; x_wconf 69' lang='lat' dir='ltr'><strong>quae</strong></span> <span class='ocrx_word' id='word_1_186' title='bbox 577 2850 649 2888; x_wconf 82' lang='lat' dir='ltr'><strong>ex</strong></span> <span class='ocrx_word' id='word_1_187' title='bbox 678 2834 1041 2890; x_wconf 89' lang='lat' dir='ltr'><strong>inescatione</strong></span> <span class='ocrx_word' id='word_1_188' title='bbox 1075 2839 1132 2889; x_wconf 90' lang='lat' dir='ltr'>et</span> <span class='ocrx_word' id='word_1_189' title='bbox 1160 2840 1365 2890; x_wconf 90' lang='lat' dir='ltr'><strong>nostra</strong></span> <span class='ocrx_word' id='word_1_190' title='bbox 1385 2835 1731 2890; x_wconf 88' lang='lat' dir='ltr'><strong>assensione</strong></span> <span class='ocrx_word' id='word_1_191' title='bbox 1751 2834 2074 2890; x_wconf 89' lang='lat' dir='ltr'><strong>oritur.Ba-</strong></span> 
     </span>
    </p>
   </div>
   <div class='ocr_carea' id='block_1_32' title="bbox 413 2923 2077 2988">
    <p class='ocr_par' dir='ltr' id='par_1_32' title="bbox 413 2923 2077 2988">
     <span class='ocr_line' id='line_1_32' title="bbox 413 2923 2077 2988; baseline -0.002 -9"><span class='ocrx_word' id='word_1_192' title='bbox 413 2923 606 2979; x_wconf 87' lang='lat' dir='ltr'><strong>silidis</strong></span> <span class='ocrx_word' id='word_1_193' title='bbox 649 2927 713 2988; x_wconf 81' lang='grc' dir='ltr'><strong>›ι‹</strong></span> <span class='ocrx_word' id='word_1_194' title='bbox 761 2929 960 2979; x_wconf 88' lang='lat' dir='ltr'><strong>autem</strong></span> <span class='ocrx_word' id='word_1_195' title='bbox 1011 2929 1333 2979; x_wconf 82' lang='lat' dir='ltr'><strong>sectatores</strong></span> <span class='ocrx_word' id='word_1_196' title='bbox 1363 2925 1610 2979; x_wconf 66' lang='lat' dir='ltr'><strong>allectus</strong></span> <span class='ocrx_word' id='word_1_197' title='bbox 1639 2925 2077 2978; x_wconf 90' lang='lat' dir='ltr'><strong>consueverunt</strong></span> 
     </span>
    </p>
   </div>
   <div class='ocr_carea' id='block_1_33' title="bbox 409 3013 2075 3086">
    <p class='ocr_par' dir='ltr' id='par_1_33' title="bbox 409 3013 2075 3086">
     <span class='ocr_line' id='line_1_33' title="bbox 409 3013 2075 3086; baseline 0.001 -20"><span class='ocrx_word' id='word_1_198' title='bbox 409 3029 618 3068; x_wconf 85' lang='lat' dir='ltr'><strong>vocare</strong></span> <span class='ocrx_word' id='word_1_199' title='bbox 649 3013 930 3086; x_wconf 76' lang='grc' dir='ltr'>προσαρτή</span> <span class='ocrx_word' id='word_1_200' title='bbox 942 3032 1105 3084; x_wconf 89' lang='grc' dir='ltr'>ματα,</span> <span class='ocrx_word' id='word_1_201' title='bbox 1137 3013 1197 3068; x_wconf 93' lang='lat' dir='ltr'><strong>id</strong></span> <span class='ocrx_word' id='word_1_202' title='bbox 1220 3019 1331 3081; x_wconf 87' lang='lat' dir='ltr'><strong>est,</strong></span> <span class='ocrx_word' id='word_1_203' title='bbox 1363 3013 1758 3085; x_wconf 90' lang='lat' dir='ltr'><strong>appendices:</strong></span> <span class='ocrx_word' id='word_1_204' title='bbox 1783 3017 1842 3068; x_wconf 91' lang='lat' dir='ltr'><strong>et</strong></span> <span class='ocrx_word' id='word_1_205' title='bbox 1859 3029 1927 3069; x_wconf 92' lang='lat' dir='ltr'><strong>ea</strong></span> <span class='ocrx_word' id='word_1_206' title='bbox 1945 3029 2075 3068; x_wconf 89' lang='lat' dir='ltr'><strong>esse</strong></span> 
     </span>
    </p>
   </div>
   <div class='ocr_carea' id='block_1_34' title="bbox 410 3101 2073 3174">
    <p class='ocr_par' dir='ltr' id='par_1_34' title="bbox 410 3101 2073 3174">
     <span class='ocr_line' id='line_1_34' title="bbox 410 3101 2073 3174; baseline 0 -18"><span class='ocrx_word' id='word_1_207' title='bbox 410 3101 605 3172; x_wconf 90' lang='lat' dir='ltr'><strong>quoad</strong></span> <span class='ocrx_word' id='word_1_208' title='bbox 643 3103 965 3158; x_wconf 91' lang='lat' dir='ltr'><strong>essentiam</strong></span> <span class='ocrx_word' id='word_1_209' title='bbox 998 3101 1244 3174; x_wconf 90' lang='lat' dir='ltr'><strong>spiritus</strong></span> <span class='ocrx_word' id='word_1_210' title='bbox 1275 3118 1571 3174; x_wconf 91' lang='lat' dir='ltr'><strong>appensos</strong></span> <span class='ocrx_word' id='word_1_211' title='bbox 1602 3101 1817 3158; x_wconf 68' lang='lat' dir='ltr'><strong>animm</strong></span> <span class='ocrx_word' id='word_1_212' title='bbox 1843 3101 2073 3156; x_wconf 89' lang='lat' dir='ltr'><strong>ratione</strong></span> 
     </span>
    </p>
   </div>
   <div class='ocr_carea' id='block_1_35' title="bbox 405 3189 2071 3262">
    <p class='ocr_par' dir='ltr' id='par_1_35' title="bbox 405 3189 2071 3262">
     <span class='ocr_line' id='line_1_35' title="bbox 405 3189 2071 3262; baseline 0.001 -19"><span class='ocrx_word' id='word_1_213' title='bbox 405 3189 805 3262; x_wconf 67' lang='lat' dir='ltr'><strong>praeditaa,per</strong></span> <span class='ocrx_word' id='word_1_214' title='bbox 816 3190 1132 3261; x_wconf 89' lang='lat' dir='ltr'><strong>quamdam</strong></span> <span class='ocrx_word' id='word_1_215' title='bbox 1150 3190 1666 3246; x_wconf 87' lang='lat' dir='ltr'><strong>conturbationem</strong></span> <span class='ocrx_word' id='word_1_216' title='bbox 1688 3196 1747 3245; x_wconf 89' lang='lat' dir='ltr'><strong>et</strong></span> <span class='ocrx_word' id='word_1_217' title='bbox 1767 3189 2071 3246; x_wconf 86' lang='lat' dir='ltr'><strong>confusio-</strong></span> 
     </span>
    </p>
   </div>
   <div class='ocr_carea' id='block_1_36' title="bbox 407 3279 2069 3354">
    <p class='ocr_par' dir='ltr' id='par_1_36' title="bbox 407 3279 2069 3354">
     <span class='ocr_line' id='line_1_36' title="bbox 407 3279 2069 3354; baseline -0.001 -19"><span class='ocrx_word' id='word_1_218' title='bbox 407 3297 545 3335; x_wconf 90' lang='lat' dir='ltr'><strong>nem</strong></span> <span class='ocrx_word' id='word_1_219' title='bbox 564 3280 980 3352; x_wconf 78' lang='lat' dir='ltr'><strong>primigeniam</strong></span> <span class='ocrx_word' id='word_1_220' title='bbox 1003 3297 1015 3336; x_wconf 89' lang='lat'>:</span> <span class='ocrx_word' id='word_1_221' title='bbox 1037 3287 1096 3336; x_wconf 90' lang='lat' dir='ltr'><strong>et</strong></span> <span class='ocrx_word' id='word_1_222' title='bbox 1115 3281 1262 3337; x_wconf 88' lang='lat' dir='ltr'><strong>alias</strong></span> <span class='ocrx_word' id='word_1_223' title='bbox 1280 3297 1486 3337; x_wconf 90' lang='lat' dir='ltr'><strong>rursus</strong></span> <span class='ocrx_word' id='word_1_224' title='bbox 1505 3281 1821 3354; x_wconf 89' lang='lat' dir='ltr'><strong>spirituum</strong></span> <span class='ocrx_word' id='word_1_225' title='bbox 1838 3279 2069 3336; x_wconf 91' lang='lat' dir='ltr'><strong>adulte-</strong></span> 
     </span>
    </p>
   </div>
   <div class='ocr_carea' id='block_1_37' title="bbox 367 3363 2069 3443">
    <p class='ocr_par' dir='ltr' id='par_1_37' title="bbox 367 3363 2069 3443">
     <span class='ocr_line' id='line_1_37' title="bbox 367 3363 2069 3443; baseline -0.001 -19"><span class='ocrx_word' id='word_1_226' title='bbox 367 3363 373 3372; x_wconf 76' lang='grc'><strong>’</strong></span> <span class='ocrx_word' id='word_1_227' title='bbox 407 3369 570 3425; x_wconf 88' lang='lat' dir='ltr'><strong>rinas</strong></span> <span class='ocrx_word' id='word_1_228' title='bbox 603 3374 663 3424; x_wconf 91' lang='lat' dir='ltr'><strong>et</strong></span> <span class='ocrx_word' id='word_1_229' title='bbox 691 3369 906 3424; x_wconf 84' lang='lat' dir='ltr'><strong>diversi</strong></span> <span class='ocrx_word' id='word_1_230' title='bbox 938 3371 1171 3443; x_wconf 79' lang='lat' dir='ltr'><strong>generis</strong></span> <span class='ocrx_word' id='word_1_231' title='bbox 1193 3377 1438 3426; x_wconf 90' lang='lat' dir='ltr'><strong>naturas</strong></span> <span class='ocrx_word' id='word_1_232' title='bbox 1466 3371 1538 3426; x_wconf 92' lang='lat' dir='ltr'><strong>iis</strong></span> <span class='ocrx_word' id='word_1_233' title='bbox 1568 3371 1834 3437; x_wconf 87' lang='lat' dir='ltr'><strong>adnasci,</strong></span> <span class='ocrx_word' id='word_1_234' title='bbox 1863 3375 2069 3442; x_wconf 90' lang='lat' dir='ltr'><strong>utpote</strong></span> 
     </span>
    </p>
   </div>
   <div class='ocr_carea' id='block_1_38' title="bbox 409 3458 2071 3532">
    <p class='ocr_par' dir='ltr' id='par_1_38' title="bbox 409 3458 2071 3532">
     <span class='ocr_line' id='line_1_38' title="bbox 409 3458 2071 3532; baseline 0.001 -19"><span class='ocrx_word' id='word_1_235' title='bbox 409 3458 557 3531; x_wconf 92' lang='lat' dir='ltr'><strong>lupi,</strong></span> <span class='ocrx_word' id='word_1_236' title='bbox 621 3460 832 3527; x_wconf 67' lang='lat' dir='ltr'><strong>simiae,</strong></span> <span class='ocrx_word' id='word_1_237' title='bbox 888 3460 1106 3527; x_wconf 88' lang='lat' dir='ltr'><strong>leonis,</strong></span> <span class='ocrx_word' id='word_1_238' title='bbox 1165 3461 1312 3528; x_wconf 88' lang='lat' dir='ltr'><strong>ursi,</strong></span> <span class='ocrx_word' id='word_1_239' title='bbox 1363 3477 1620 3531; x_wconf 91' lang='lat' dir='ltr'><strong>quorum</strong></span> <span class='ocrx_word' id='word_1_240' title='bbox 1676 3459 2071 3532; x_wconf 90' lang='lat' dir='ltr'><strong>proprietates</strong></span> 
     </span>
    </p>
   </div>
   <div class='ocr_carea' id='block_1_39' title="bbox 411 3548 2072 3622">
    <p class='ocr_par' dir='ltr' id='par_1_39' title="bbox 411 3548 2072 3622">
     <span class='ocr_line' id='line_1_39' title="bbox 411 3548 2072 3622; baseline -0.001 -18"><span class='ocrx_word' id='word_1_241' title='bbox 411 3549 626 3604; x_wconf 71' lang='lat' dir='ltr'><strong>animai</strong></span> <span class='ocrx_word' id='word_1_242' title='bbox 659 3549 912 3604; x_wconf 87' lang='lat' dir='ltr'><strong>subinde</strong></span> <span class='ocrx_word' id='word_1_243' title='bbox 944 3555 1347 3617; x_wconf 89' lang='lat' dir='ltr'><strong>occurrentes,</strong></span> <span class='ocrx_word' id='word_1_244' title='bbox 1383 3549 1512 3622; x_wconf 88' lang='lat' dir='ltr'><strong>ejus</strong></span> <span class='ocrx_word' id='word_1_245' title='bbox 1539 3550 1894 3621; x_wconf 89' lang='lat' dir='ltr'><strong>cupiditates</strong></span> <span class='ocrx_word' id='word_1_246' title='bbox 1941 3548 2072 3605; x_wconf 90' lang='lat' dir='ltr'><strong>ani-</strong></span> 
     </span>
    </p>
   </div>
   <div class='ocr_carea' id='block_1_40' title="bbox 409 3638 2072 3705">
    <p class='ocr_par' dir='ltr' id='par_1_40' title="bbox 409 3638 2072 3705">
     <span class='ocr_line' id='line_1_40' title="bbox 409 3638 2072 3705; baseline -0.001 -11"><span class='ocrx_word' id='word_1_247' title='bbox 409 3639 716 3694; x_wconf 87' lang='lat' dir='ltr'><strong>mantibus</strong></span> <span class='ocrx_word' id='word_1_248' title='bbox 744 3638 952 3694; x_wconf 90' lang='lat' dir='ltr'><strong>dicunt</strong></span> <span class='ocrx_word' id='word_1_249' title='bbox 980 3640 1336 3695; x_wconf 88' lang='lat' dir='ltr'><strong>assimilare.</strong></span> <span class='ocrx_word' id='word_1_250' title='bbox 1373 3641 1632 3705; x_wconf 91' lang='lat' dir='ltr'><strong>Quarum</strong></span> <span class='ocrx_word' id='word_1_251' title='bbox 1671 3639 1831 3694; x_wconf 90' lang='lat' dir='ltr'><strong>enim</strong></span> <span class='ocrx_word' id='word_1_252' title='bbox 1870 3639 2072 3694; x_wconf 84' lang='lat' dir='ltr'><strong>ferunt</strong></span> 
     </span>
    </p>
   </div>
   <div class='ocr_carea' id='block_1_41' title="bbox 407 3727 2070 3800">
    <p class='ocr_par' dir='ltr' id='par_1_41' title="bbox 407 3727 2070 3800">
     <span class='ocr_line' id='line_1_41' title="bbox 407 3727 2070 3800; baseline 0 -18"><span class='ocrx_word' id='word_1_253' title='bbox 407 3728 1038 3799; x_wconf 90' lang='lat' dir='ltr'><strong>proprietates,earum</strong></span> <span class='ocrx_word' id='word_1_254' title='bbox 1055 3728 1518 3800; x_wconf 84' lang='lat' dir='ltr'><strong>operafactaque</strong></span> <span class='ocrx_word' id='word_1_255' title='bbox 1532 3727 1936 3784; x_wconf 88' lang='lat' dir='ltr'><strong>imitantur.Et</strong></span> <span class='ocrx_word' id='word_1_256' title='bbox 1949 3744 2070 3784; x_wconf 92' lang='lat' dir='ltr'><strong>non</strong></span> 
     </span>
    </p>
   </div>
   <div class='ocr_carea' id='block_1_42' title="bbox 411 3816 2070 3890">
    <p class='ocr_par' dir='ltr' id='par_1_42' title="bbox 411 3816 2070 3890">
     <span class='ocr_line' id='line_1_42' title="bbox 411 3816 2070 3890; baseline -0.001 -17"><span class='ocrx_word' id='word_1_257' title='bbox 411 3817 606 3873; x_wconf 88' lang='lat' dir='ltr'><strong>solum</strong></span> <span class='ocrx_word' id='word_1_258' title='bbox 637 3834 773 3873; x_wconf 91' lang='lat' dir='ltr'><strong>cum</strong></span> <span class='ocrx_word' id='word_1_259' title='bbox 801 3816 1051 3872; x_wconf 85' lang='lat' dir='ltr'><strong>rationis</strong></span> <span class='ocrx_word' id='word_1_260' title='bbox 1071 3817 1402 3890; x_wconf 86' lang='lat' dir='ltr'><strong>expertium</strong></span> <span class='ocrx_word' id='word_1_261' title='bbox 1425 3817 1821 3873; x_wconf 91' lang='lat' dir='ltr'><strong>animantium</strong></span> <span class='ocrx_word' id='word_1_262' title='bbox 1844 3818 2070 3889; x_wconf 90' lang='lat' dir='ltr'><strong>appeti-</strong></span> 
     </span>
    </p>
   </div>
   <div class='ocr_carea' id='block_1_43' title="bbox 410 3906 2071 3978">
    <p class='ocr_par' dir='ltr' id='par_1_43' title="bbox 410 3906 2071 3978">
     <span class='ocr_line' id='line_1_43' title="bbox 410 3906 2071 3978; baseline 0.002 -18"><span class='ocrx_word' id='word_1_263' title='bbox 410 3906 676 3962; x_wconf 92' lang='lat' dir='ltr'><strong>tionibus</strong></span> <span class='ocrx_word' id='word_1_264' title='bbox 707 3911 767 3962; x_wconf 89' lang='lat' dir='ltr'><strong>et</strong></span> <span class='ocrx_word' id='word_1_265' title='bbox 812 3906 1173 3978; x_wconf 80' lang='lat' dir='ltr'><strong>imaginibus</strong></span> <span class='ocrx_word' id='word_1_266' title='bbox 1187 3907 1732 3978; x_wconf 89' lang='lat' dir='ltr'><strong>accommodantur,</strong></span> <span class='ocrx_word' id='word_1_267' title='bbox 1759 3906 1862 3963; x_wconf 90' lang='lat' dir='ltr'><strong>sed</strong></span> <span class='ocrx_word' id='word_1_268' title='bbox 1893 3907 2071 3964; x_wconf 86' lang='lat' dir='ltr'><strong>etiam</strong></span> 
     </span>
    </p>
   </div>
   <div class='ocr_carea' id='block_1_44' title="bbox 409 3996 2072 4069">
    <p class='ocr_par' dir='ltr' id='par_1_44' title="bbox 409 3996 2072 4069">
     <span class='ocr_line' id='line_1_44' title="bbox 409 3996 2072 4069; baseline 0.001 -19"><span class='ocrx_word' id='word_1_269' title='bbox 409 3996 750 4069; x_wconf 88' lang='lat' dir='ltr'><strong>plantarum</strong></span> <span class='ocrx_word' id='word_1_270' title='bbox 773 3996 1133 4052; x_wconf 63' lang='lat' dir='ltr'><strong>aemulantur</strong></span> <span class='ocrx_word' id='word_1_271' title='bbox 1144 4001 1340 4052; x_wconf 90' lang='lat' dir='ltr'><strong>motus</strong></span> <span class='ocrx_word' id='word_1_272' title='bbox 1362 3996 2072 4069; x_wconf 88' lang='lat' dir='ltr'><strong>etpulchritudines,pro-</strong></span> 
     </span>
    </p>
   </div>
   <div class='ocr_carea' id='block_1_45' title="bbox 412 4085 2073 4159">
    <p class='ocr_par' dir='ltr' id='par_1_45' title="bbox 412 4085 2073 4159">
     <span class='ocr_line' id='line_1_45' title="bbox 412 4085 2073 4159; baseline 0 -17"><span class='ocrx_word' id='word_1_273' title='bbox 412 4091 620 4159; x_wconf 87' lang='lat' dir='ltr'><strong>pterea</strong></span> <span class='ocrx_word' id='word_1_274' title='bbox 645 4085 804 4158; x_wconf 90' lang='lat' dir='ltr'><strong>quod</strong></span> <span class='ocrx_word' id='word_1_275' title='bbox 849 4086 1190 4158; x_wconf 87' lang='lat' dir='ltr'><strong>plantarum</strong></span> <span class='ocrx_word' id='word_1_276' title='bbox 1213 4102 1449 4158; x_wconf 91' lang='lat' dir='ltr'><strong>quoque</strong></span> <span class='ocrx_word' id='word_1_277' title='bbox 1475 4086 1790 4158; x_wconf 84' lang='lat' dir='ltr'><strong>adjunctas</strong></span> <span class='ocrx_word' id='word_1_278' title='bbox 1811 4086 2073 4142; x_wconf 89' lang='lat' dir='ltr'><strong>habeant</strong></span> 
     </span>
    </p>
   </div>
   <div class='ocr_carea' id='block_1_46' title="bbox 479 4237 1920 4310">
    <p class='ocr_par' dir='ltr' id='par_1_46' title="bbox 479 4237 1920 4310">
     <span class='ocr_line' id='line_1_46' title="bbox 479 4237 1920 4310; baseline -0.004 -8"><span class='ocrx_word' id='word_1_279' title='bbox 479 4237 544 4303; x_wconf 55' lang='grc' dir='ltr'><strong>ἦ(</strong></span> <span class='ocrx_word' id='word_1_280' title='bbox 581 4242 644 4297; x_wconf 91' lang='grc' dir='ltr'><strong>Ρ.</strong></span> <span class='ocrx_word' id='word_1_281' title='bbox 677 4241 782 4296; x_wconf 78' lang='grc'><strong>488</strong></span> <span class='ocrx_word' id='word_1_282' title='bbox 812 4241 925 4296; x_wconf 90' lang='lat' dir='ltr'><strong>ED.</strong></span> <span class='ocrx_word' id='word_1_283' title='bbox 958 4241 1252 4310; x_wconf 82' lang='lat' dir='ltr'><strong>POTTER,</strong></span> <span class='ocrx_word' id='word_1_284' title='bbox 1279 4239 1514 4295; x_wconf 65' lang='lat'><strong>408-409</strong></span> <span class='ocrx_word' id='word_1_285' title='bbox 1547 4240 1659 4296; x_wconf 89' lang='grc' dir='ltr'><strong>ΕΙ).</strong></span> <span class='ocrx_word' id='word_1_286' title='bbox 1692 4240 1920 4298; x_wconf 84' lang='lat' dir='ltr'><strong>PARIS.</strong></span> 
     </span>
    </p>
   </div>
   <div class='ocr_carea' id='block_1_47' title="bbox 410 4393 2073 4467">
    <p class='ocr_par' dir='ltr' id='par_1_47' title="bbox 410 4393 2073 4467">
     <span class='ocr_line' id='line_1_47' title="bbox 410 4393 2073 4467; baseline 0 -17"><span class='ocrx_word' id='word_1_287' title='bbox 410 4394 593 4451; x_wconf 80' lang='lat' dir='ltr'><strong>veteri</strong></span> <span class='ocrx_word' id='word_1_288' title='bbox 621 4394 900 4463; x_wconf 90' lang='lat' dir='ltr'><strong>lectione,</strong></span> <span class='ocrx_word' id='word_1_289' title='bbox 933 4395 1044 4450; x_wconf 91' lang='lat' dir='ltr'><strong>hoc</strong></span> <span class='ocrx_word' id='word_1_290' title='bbox 1073 4393 1251 4450; x_wconf 89' lang='lat' dir='ltr'><strong>modo</strong></span> <span class='ocrx_word' id='word_1_291' title='bbox 1288 4393 1551 4466; x_wconf 82' lang='lat' dir='ltr'><strong>poterint</strong></span> <span class='ocrx_word' id='word_1_292' title='bbox 1598 4395 1725 4450; x_wconf 65' lang='lat' dir='ltr'><strong>haec</strong></span> <span class='ocrx_word' id='word_1_293' title='bbox 1748 4394 2030 4467; x_wconf 83' lang='lat' dir='ltr'><strong>explicari</strong></span> <span class='ocrx_word' id='word_1_294' title='bbox 2059 4410 2073 4451; x_wconf 90' lang='lat'><strong>:</strong></span> 
     </span>
    </p>
   </div>
   <div class='ocr_carea' id='block_1_48' title="bbox 409 4467 2071 4537">
    <p class='ocr_par' dir='ltr' id='par_1_48' title="bbox 409 4467 2071 4537">
     <span class='ocr_line' id='line_1_48' title="bbox 409 4467 2071 4537; baseline -0.001 -14"><span class='ocrx_word' id='word_1_295' title='bbox 409 4470 732 4537; x_wconf 81' lang='lat' dir='ltr'><strong>Quicunque</strong></span> <span class='ocrx_word' id='word_1_296' title='bbox 759 4483 888 4522; x_wconf 81' lang='lat' dir='ltr'><strong>vero</strong></span> <span class='ocrx_word' id='word_1_297' title='bbox 915 4467 1178 4522; x_wconf 81' lang='lat' dir='ltr'><strong>athletice</strong></span> <span class='ocrx_word' id='word_1_298' title='bbox 1209 4484 1272 4522; x_wconf 89' lang='lat' dir='ltr'><strong>ac</strong></span> <span class='ocrx_word' id='word_1_299' title='bbox 1292 4469 1515 4535; x_wconf 80' lang='lat' dir='ltr'><strong>fortiter</strong></span> <span class='ocrx_word' id='word_1_300' title='bbox 1558 4473 1832 4522; x_wconf 76' lang='lat' dir='ltr'><strong>certamen</strong></span> <span class='ocrx_word' id='word_1_301' title='bbox 1855 4471 2071 4536; x_wconf 86' lang='lat' dir='ltr'><strong>ineunt,</strong></span> 
     </span>
    </p>
   </div>
   <div class='ocr_carea' id='block_1_49' title="bbox 410 4537 2075 4610">
    <p class='ocr_par' dir='ltr' id='par_1_49' title="bbox 410 4537 2075 4610">
     <span class='ocr_line' id='line_1_49' title="bbox 410 4537 2075 4610; baseline 0 -16"><span class='ocrx_word' id='word_1_302' title='bbox 410 4540 506 4594; x_wconf 87' lang='lat' dir='ltr'><strong>hos</strong></span> <span class='ocrx_word' id='word_1_303' title='bbox 525 4540 790 4610; x_wconf 73' lang='lat' dir='ltr'><strong>praedicti</strong></span> <span class='ocrx_word' id='word_1_304' title='bbox 812 4537 1044 4608; x_wconf 76' lang='lat' dir='ltr'><strong>spiritus</strong></span> <span class='ocrx_word' id='word_1_305' title='bbox 1073 4537 1224 4593; x_wconf 86' lang='lat' dir='ltr'><strong>omni</strong></span> <span class='ocrx_word' id='word_1_306' title='bbox 1252 4556 1448 4608; x_wconf 84' lang='lat' dir='ltr'><strong>genere</strong></span> <span class='ocrx_word' id='word_1_307' title='bbox 1471 4555 1678 4610; x_wconf 58' lang='lat' dir='ltr'><strong>pugna</strong></span> <span class='ocrx_word' id='word_1_308' title='bbox 1710 4539 1971 4606; x_wconf 85' lang='lat' dir='ltr'><strong>adorti,et</strong></span> <span class='ocrx_word' id='word_1_309' title='bbox 2001 4540 2075 4594; x_wconf 90' lang='lat' dir='ltr'><strong>ad</strong></span> 
     </span>
    </p>
   </div>
   <div class='ocr_carea' id='block_1_50' title="bbox 409 4611 2073 4681">
    <p class='ocr_par' dir='ltr' id='par_1_50' title="bbox 409 4611 2073 4681">
     <span class='ocr_line' id='line_1_50' title="bbox 409 4611 2073 4681; baseline 0.001 -17"><span class='ocrx_word' id='word_1_310' title='bbox 409 4613 585 4681; x_wconf 89' lang='lat' dir='ltr'><strong>ipsam</strong></span> <span class='ocrx_word' id='word_1_311' title='bbox 624 4627 794 4680; x_wconf 87' lang='lat' dir='ltr'><strong>usque</strong></span> <span class='ocrx_word' id='word_1_312' title='bbox 851 4626 1126 4674; x_wconf 88' lang='lat' dir='ltr'><strong>coronam,</strong></span> <span class='ocrx_word' id='word_1_313' title='bbox 1184 4627 1297 4664; x_wconf 91' lang='lat' dir='ltr'><strong>non</strong></span> <span class='ocrx_word' id='word_1_314' title='bbox 1354 4613 1470 4665; x_wconf 83' lang='lat' dir='ltr'><strong>sine</strong></span> <span class='ocrx_word' id='word_1_315' title='bbox 1525 4611 1698 4665; x_wconf 85' lang='lat' dir='ltr'><strong>multo</strong></span> <span class='ocrx_word' id='word_1_316' title='bbox 1757 4612 1954 4666; x_wconf 88' lang='lat' dir='ltr'><strong>sudore</strong></span> <span class='ocrx_word' id='word_1_317' title='bbox 2010 4627 2073 4666; x_wconf 89' lang='lat' dir='ltr'><strong>ac</strong></span> 
     </span>
    </p>
   </div>
   <div class='ocr_carea' id='block_1_51' title="bbox 412 4665 2149 4753">
    <p class='ocr_par' dir='ltr' id='par_1_51' title="bbox 412 4665 2149 4753">
     <span class='ocr_line' id='line_1_51' title="bbox 412 4665 2149 4753; baseline -0.003 -16"><span class='ocrx_word' id='word_1_318' title='bbox 412 4665 624 4749; x_wconf 61' lang='lat' dir='ltr'><strong>Eruere,</strong></span> <span class='ocrx_word' id='word_1_319' title='bbox 669 4665 1086 4752; x_wconf 65' lang='lat' dir='ltr'><strong>persequentes,</strong></span> <span class='ocrx_word' id='word_1_320' title='bbox 1114 4665 1354 4737; x_wconf 50' lang='lat' dir='ltr'><strong>&#39;tandem</strong></span> <span class='ocrx_word' id='word_1_321' title='bbox 1411 4683 1695 4753; x_wconf 78' lang='lat' dir='ltr'><strong>deﬁciunt,</strong></span> <span class='ocrx_word' id='word_1_322' title='bbox 1747 4665 1800 4737; x_wconf 82' lang='lat' dir='ltr'><strong>et</strong></span> <span class='ocrx_word' id='word_1_323' title='bbox 1842 4665 2072 4738; x_wconf 84' lang='lat' dir='ltr'><strong>victores</strong></span> <span class='ocrx_word' id='word_1_324' title='bbox 2104 4665 2149 4732; x_wconf 80' lang='grc' dir='ltr'><strong>Ι)</strong></span> 
     </span>
    </p>
   </div>
   <div class='ocr_carea' id='block_1_52' title="bbox 411 4753 783 4808">
    <p class='ocr_par' dir='ltr' id='par_1_52' title="bbox 411 4753 783 4808">
     <span class='ocr_line' id='line_1_52' title="bbox 411 4753 783 4808; baseline 0 0"><span class='ocrx_word' id='word_1_325' title='bbox 411 4753 783 4808; x_wconf 80' lang='lat' dir='ltr'><strong>admirantur.</strong></span> 
     </span>
    </p>
   </div>
   <div class='ocr_carea' id='block_1_53' title="bbox 487 4823 2066 4897">
    <p class='ocr_par' dir='ltr' id='par_1_53' title="bbox 487 4823 2066 4897">
     <span class='ocr_line' id='line_1_53' title="bbox 487 4823 2066 4897; baseline 0.003 -20"><span class='ocrx_word' id='word_1_326' title='bbox 487 4825 603 4896; x_wconf 82' lang='grc'>(79)</span> <span class='ocrx_word' id='word_1_327' title='bbox 630 4823 1048 4897; x_wconf 30' lang='grc' dir='ltr'><strong>’Ἑξεωςτ-Ρῒιὶιο</strong></span> <span class='ocrx_word' id='word_1_328' title='bbox 1079 4827 1234 4894; x_wconf 87' lang='lat' dir='ltr'><strong>Legis</strong></span> <span class='ocrx_word' id='word_1_329' title='bbox 1291 4825 1685 4897; x_wconf 72' lang='lat' dir='ltr'><strong>allegorian</strong></span> <span class='ocrx_word' id='word_1_330' title='bbox 1737 4824 1846 4897; x_wconf 79' lang='lat' dir='ltr'><strong>_1ib_.</strong></span> <span class='ocrx_word' id='word_1_331' title='bbox 1892 4842 1976 4897; x_wconf 70' lang='lat' dir='ltr'><strong>in,</strong></span> <span class='ocrx_word' id='word_1_332' title='bbox 2009 4844 2066 4897; x_wconf 91' lang='lat' dir='ltr'><strong>p.</strong></span> 
     </span>
    </p>
   </div>
   <div class='ocr_carea' id='block_1_54' title="bbox 416 4893 2066 4971">
    <p class='ocr_par' dir='ltr' id='par_1_54' title="bbox 416 4893 2066 4971">
     <span class='ocr_line' id='line_1_54' title="bbox 416 4893 2066 4971; baseline -0.001 -20"><span class='ocrx_word' id='word_1_333' title='bbox 416 4898 546 4971; x_wconf 63' lang='lat' dir='ltr'><strong>iOQl</strong></span> <span class='ocrx_word' id='word_1_334' title='bbox 580 4893 682 4971; x_wconf 58' lang='lat' dir='ltr'><strong>§_&#39;l{</strong></span> <span class='ocrx_word' id='word_1_335' title='bbox 717 4897 810 4971; x_wconf 53' lang='grc' dir='ltr'>μὲν</span> <span class='ocrx_word' id='word_1_336' title='bbox 841 4894 1125 4971; x_wconf 58' lang='grc' dir='ltr'>ἕξιςκοινή</span> <span class='ocrx_word' id='word_1_337' title='bbox 1157 4893 1248 4971; x_wconf 82' lang='grc' dir='ltr'>καὶ</span> <span class='ocrx_word' id='word_1_338' title='bbox 1293 4893 1418 4971; x_wconf 23' lang='grc' dir='ltr'>,τῶν</span> <span class='ocrx_word' id='word_1_339' title='bbox 1471 4895 1701 4971; x_wconf 71' lang='grc' dir='ltr'>ᾄψύχων</span> <span class='ocrx_word' id='word_1_340' title='bbox 1732 4895 1842 4971; x_wconf 77' lang='grc' dir='ltr'>ἐστὶ</span> <span class='ocrx_word' id='word_1_341' title='bbox 1891 4893 2066 4971; x_wconf 71' lang='grc' dir='ltr'>λίθων</span> 
     </span>
    </p>
   </div>
   <div class='ocr_carea' id='block_1_55' title="bbox 412 4965 2070 5042">
    <p class='ocr_par' dir='ltr' id='par_1_55' title="bbox 412 4965 2070 5042">
     <span class='ocr_line' id='line_1_55' title="bbox 412 4965 2070 5042; baseline 0 -20"><span class='ocrx_word' id='word_1_342' title='bbox 412 4965 738 5042; x_wconf 22' lang='grc' dir='ltr'>καὶμξύλων,</span> <span class='ocrx_word' id='word_1_343' title='bbox 765 4967 848 5042; x_wconf 30' lang='grc' dir='ltr'><strong>ἧς-</strong></span> <span class='ocrx_word' id='word_1_344' title='bbox 872 4965 1093 5042; x_wconf 56' lang='grc' dir='ltr'>μετέχει</span> <span class='ocrx_word' id='word_1_345' title='bbox 1123 4967 1212 5042; x_wconf 79' lang='grc' dir='ltr'><strong>καὶ</strong></span> <span class='ocrx_word' id='word_1_346' title='bbox 1250 4965 1343 5042; x_wconf 39' lang='grc' dir='ltr'><strong>τὰ.</strong></span> <span class='ocrx_word' id='word_1_347' title='bbox 1373 4966 1423 5042; x_wconf 70' lang='grc' dir='ltr'>ἰν</span> <span class='ocrx_word' id='word_1_348' title='bbox 1457 4965 1862 5042; x_wconf 71' lang='grc' dir='ltr'>ἐοικότα</span> <span class='ocrx_word' id='word_1_349' title='bbox 1891 4965 2070 5042; x_wconf 80' lang='grc' dir='ltr'>λίθοις</span> 
     </span>
    </p>
   </div>
   <div class='ocr_carea' id='block_1_56' title="bbox 417 5035 2065 5117">
    <p class='ocr_par' dir='ltr' id='par_1_56' title="bbox 417 5035 2065 5117">
     <span class='ocr_line' id='line_1_56' title="bbox 417 5035 2065 5117; baseline 0 -23"><span class='ocrx_word' id='word_1_350' title='bbox 417 5035 671 5117; x_wconf 51' lang='lat' dir='ltr'><strong>deria;</strong></span> <span class='ocrx_word' id='word_1_351' title='bbox 695 5035 752 5094; x_wconf 68' lang='grc' dir='ltr'>δὲ</span> <span class='ocrx_word' id='word_1_352' title='bbox 783 5035 937 5117; x_wconf 69' lang='grc' dir='ltr'>φύσις</span> <span class='ocrx_word' id='word_1_353' title='bbox 969 5035 1517 5117; x_wconf 27' lang='grc' dir='ltr'>διατείνει-Ακαίυέπὶξ</span> <span class='ocrx_word' id='word_1_354' title='bbox 1547 5040 1616 5094; x_wconf 78' lang='grc' dir='ltr'>τὰ</span> <span class='ocrx_word' id='word_1_355' title='bbox 1674 5042 1834 5117; x_wconf 71' lang='grc' dir='ltr'>φυτά·</span> <span class='ocrx_word' id='word_1_356' title='bbox 1892 5040 1981 5117; x_wconf 79' lang='grc' dir='ltr'><strong>καὶ</strong></span> <span class='ocrx_word' id='word_1_357' title='bbox 2015 5039 2065 5094; x_wconf 79' lang='grc' dir='ltr'>ἐν</span> 
     </span>
    </p>
   </div>
   <div class='ocr_carea' id='block_1_57' title="bbox 411 5105 2066 5186">
    <p class='ocr_par' dir='ltr' id='par_1_57' title="bbox 411 5105 2066 5186">
     <span class='ocr_line' id='line_1_57' title="bbox 411 5105 2066 5186; baseline 0 -20"><span class='ocrx_word' id='word_1_358' title='bbox 411 5114 548 5185; x_wconf 77' lang='grc' dir='ltr'>ἡμῖν</span> <span class='ocrx_word' id='word_1_359' title='bbox 573 5105 808 5186; x_wconf 41' lang='grc' dir='ltr'>δ-εέστινί</span> <span class='ocrx_word' id='word_1_360' title='bbox 833 5111 1050 5186; x_wconf 61' lang='grc' dir='ltr'>ἐοικότα</span> <span class='ocrx_word' id='word_1_361' title='bbox 1091 5114 1300 5186; x_wconf 73' lang='grc' dir='ltr'>φυτοῖς,</span> <span class='ocrx_word' id='word_1_362' title='bbox 1357 5105 1552 5186; x_wconf 65' lang='grc' dir='ltr'>ὄνυχες</span> <span class='ocrx_word' id='word_1_363' title='bbox 1598 5129 1658 5164; x_wconf 84' lang='grc' dir='ltr'><strong>τε</strong></span> <span class='ocrx_word' id='word_1_364' title='bbox 1686 5105 1798 5186; x_wconf 83' lang='grc' dir='ltr'>’καὶ</span> <span class='ocrx_word' id='word_1_365' title='bbox 1846 5112 2066 5186; x_wconf 59' lang='grc' dir='ltr'>τρίχες.</span> 
     </span>
    </p>
   </div>
   <div class='ocr_carea' id='block_1_58' title="bbox 411 5179 2067 5258">
    <p class='ocr_par' dir='ltr' id='par_1_58' title="bbox 411 5179 2067 5258">
     <span class='ocr_line' id='line_1_58' title="bbox 411 5179 2067 5258; baseline 0.001 -20"><span class='ocrx_word' id='word_1_366' title='bbox 411 5179 563 5258; x_wconf 70' lang='grc' dir='ltr'>Ἔστι</span> <span class='ocrx_word' id='word_1_367' title='bbox 592 5181 650 5237; x_wconf 72' lang='grc' dir='ltr'>δὲ</span> <span class='ocrx_word' id='word_1_368' title='bbox 675 5186 710 5252; x_wconf 81' lang='grc' dir='ltr'>ἡ</span> <span class='ocrx_word' id='word_1_369' title='bbox 743 5184 900 5258; x_wconf 79' lang='grc' dir='ltr'>φύσις</span> <span class='ocrx_word' id='word_1_370' title='bbox 954 5179 1062 5253; x_wconf 69' lang='grc' dir='ltr'>ἕξις</span> <span class='ocrx_word' id='word_1_371' title='bbox 1092 5179 1200 5254; x_wconf 62' lang='grc' dir='ltr'>ἤδη</span> <span class='ocrx_word' id='word_1_372' title='bbox 1241 5179 1559 5258; x_wconf 55' lang='grc' dir='ltr'>κινουμένη.</span> <span class='ocrx_word' id='word_1_373' title='bbox 1611 5184 1799 5258; x_wconf 23' lang='grc' dir='ltr'><strong>Ψυχήή</strong></span> <span class='ocrx_word' id='word_1_374' title='bbox 1842 5179 1898 5239; x_wconf 69' lang='grc' dir='ltr'>δέ</span> <span class='ocrx_word' id='word_1_375' title='bbox 1951 5179 2067 5258; x_wconf 65' lang='grc' dir='ltr'>ἵστι</span> 
     </span>
    </p>
   </div>
   <div class='ocr_carea' id='block_1_59' title="bbox 413 5253 2065 5336">
    <p class='ocr_par' dir='ltr' id='par_1_59' title="bbox 413 5253 2065 5336">
     <span class='ocr_line' id='line_1_59' title="bbox 413 5253 2065 5336; baseline 0 -25"><span class='ocrx_word' id='word_1_376' title='bbox 413 5254 1336 5336; x_wconf 35' lang='grc' dir='ltr'>φύσιςῌπροσειληφυῖα,φαντασίαν</span> <span class='ocrx_word' id='word_1_377' title='bbox 1370 5253 1471 5336; x_wconf 40' lang='grc' dir='ltr'><strong>’Καὶ</strong></span> <span class='ocrx_word' id='word_1_378' title='bbox 1503 5253 1870 5336; x_wconf 51' lang='grc' dir='ltr'>ὁρμήνίᾶῧτη</span> <span class='ocrx_word' id='word_1_379' title='bbox 1905 5257 2065 5336; x_wconf 67' lang='grc' dir='ltr'>κοινὴ</span> 
     </span>
    </p>
   </div>
   <div class='ocr_carea' id='block_1_60' title="bbox 410 5321 2068 5404">
    <p class='ocr_par' dir='ltr' id='par_1_60' title="bbox 410 5321 2068 5404">
     <span class='ocr_line' id='line_1_60' title="bbox 410 5321 2068 5404; baseline -0.001 -20"><span class='ocrx_word' id='word_1_380' title='bbox 410 5321 1089 5404; x_wconf 36' lang='grc' dir='ltr'>καὶ-τῶνάλόγωνίέστίν.</span> <span class='ocrx_word' id='word_1_381' title='bbox 1151 5321 1425 5404; x_wconf 35' lang='grc' dir='ltr'><strong>’Ἑχᾳῃδὶ</strong></span> <span class='ocrx_word' id='word_1_382' title='bbox 1470 5321 1586 5404; x_wconf 35' lang='grc' dir='ltr'><strong>καὶ.⁷</strong></span> <span class='ocrx_word' id='word_1_383' title='bbox 1619 5321 1886 5404; x_wconf 72' lang='grc' dir='ltr'>ἡμέτερος</span> <span class='ocrx_word' id='word_1_384' title='bbox 1914 5321 2068 5404; x_wconf 41' lang='grc' dir='ltr'><strong>-νοῦς</strong></span> 
     </span>
    </p>
   </div>
   <div class='ocr_carea' id='block_1_61' title="bbox 414 5393 2068 5475">
    <p class='ocr_par' dir='ltr' id='par_1_61' title="bbox 414 5393 2068 5475">
     <span class='ocr_line' id='line_1_61' title="bbox 414 5393 2068 5475; baseline -0.008 -19"><span class='ocrx_word' id='word_1_385' title='bbox 414 5401 716 5475; x_wconf 73' lang='grc' dir='ltr'>ἀναλογοῦν</span> <span class='ocrx_word' id='word_1_386' title='bbox 737 5393 802 5454; x_wconf 77' lang='grc' dir='ltr'>τι’</span> <span class='ocrx_word' id='word_1_387' title='bbox 821 5399 1011 5475; x_wconf 67' lang='grc' dir='ltr'>ἀλόγῳ</span> <span class='ocrx_word' id='word_1_388' title='bbox 1041 5393 1418 5475; x_wconf 30' lang='grc' dir='ltr'>ψυχῇίᾘάιλιν</span> <span class='ocrx_word' id='word_1_389' title='bbox 1465 5398 1522 5475; x_wconf 35' lang='grc' dir='ltr'>ἡ.</span> <span class='ocrx_word' id='word_1_390' title='bbox 1552 5393 1874 5475; x_wconf 66' lang='grc' dir='ltr'>διανοητική</span> <span class='ocrx_word' id='word_1_391' title='bbox 1910 5396 2068 5454; x_wconf 74' lang='grc' dir='ltr'>δύνα-</span> 
     </span>
    </p>
   </div>
   <div class='ocr_carea' id='block_1_62' title="bbox 420 5466 2070 5546">
    <p class='ocr_par' dir='ltr' id='par_1_62' title="bbox 420 5466 2070 5546">
     <span class='ocr_line' id='line_1_62' title="bbox 420 5466 2070 5546; baseline 0.002 -21"><span class='ocrx_word' id='word_1_392' title='bbox 420 5494 510 5546; x_wconf 79' lang='grc' dir='ltr'>μις,</span> <span class='ocrx_word' id='word_1_393' title='bbox 547 5466 660 5528; x_wconf 73' lang='grc' dir='ltr'>ἰδ’ία</span> <span class='ocrx_word' id='word_1_394' title='bbox 688 5476 790 5528; x_wconf 80' lang='grc' dir='ltr'>τοῦ</span> <span class='ocrx_word' id='word_1_395' title='bbox 816 5475 912 5526; x_wconf 79' lang='grc' dir='ltr'><strong>νοῦ</strong></span> <span class='ocrx_word' id='word_1_396' title='bbox 943 5466 1077 5546; x_wconf 60' lang='grc' dir='ltr'>ἐστι’,</span> <span class='ocrx_word' id='word_1_397' title='bbox 1109 5466 1198 5524; x_wconf 68' lang='grc' dir='ltr'><strong>καὶ</strong></span> <span class='ocrx_word' id='word_1_398' title='bbox 1225 5470 1287 5546; x_wconf 21' lang='grc' dir='ltr'><strong>*ἡ</strong></span> <span class='ocrx_word' id='word_1_399' title='bbox 1321 5466 1546 5546; x_wconf 62' lang='grc' dir='ltr'>λογικῇ.</span> <span class='ocrx_word' id='word_1_400' title='bbox 1581 5466 1815 5528; x_wconf 78' lang='lat' dir='ltr'><strong>Habitus</strong></span> <span class='ocrx_word' id='word_1_401' title='bbox 1835 5475 2070 5546; x_wconf 70' lang='lat' dir='ltr'><strong>quidem</strong></span> 
     </span>
    </p>
   </div>
   <div class='ocr_carea' id='block_1_63' title="bbox 417 5542 2071 5614">
    <p class='ocr_par' dir='ltr' id='par_1_63' title="bbox 417 5542 2071 5614">
     <span class='ocr_line' id='line_1_63' title="bbox 417 5542 2071 5614; baseline 0.001 -14"><span class='ocrx_word' id='word_1_402' title='bbox 417 5542 714 5602; x_wconf 83' lang='lat' dir='ltr'><strong>communis</strong></span> <span class='ocrx_word' id='word_1_403' title='bbox 744 5553 821 5602; x_wconf 90' lang='lat' dir='ltr'><strong>est</strong></span> <span class='ocrx_word' id='word_1_404' title='bbox 852 5551 903 5600; x_wconf 88' lang='lat' dir='ltr'><strong>et</strong></span> <span class='ocrx_word' id='word_1_405' title='bbox 936 5543 1282 5608; x_wconf 84' lang='lat' dir='ltr'><strong>inanimatis,</strong></span> <span class='ocrx_word' id='word_1_406' title='bbox 1315 5542 1592 5614; x_wconf 80' lang='lat' dir='ltr'><strong>lapidibus</strong></span> <span class='ocrx_word' id='word_1_407' title='bbox 1621 5549 1672 5597; x_wconf 91' lang='lat' dir='ltr'><strong>et</strong></span> <span class='ocrx_word' id='word_1_408' title='bbox 1704 5542 1890 5614; x_wconf 86' lang='lat' dir='ltr'><strong>lignis,</strong></span> <span class='ocrx_word' id='word_1_409' title='bbox 1913 5547 2071 5614; x_wconf 84' lang='lat' dir='ltr'><strong>cujus</strong></span> 
     </span>
    </p>
   </div>
   <div class='ocr_carea' id='block_1_64' title="bbox 412 5613 2069 5687">
    <p class='ocr_par' dir='ltr' id='par_1_64' title="bbox 412 5613 2069 5687">
     <span class='ocr_line' id='line_1_64' title="bbox 412 5613 2069 5687; baseline 0.002 -18"><span class='ocrx_word' id='word_1_410' title='bbox 412 5620 777 5687; x_wconf 84' lang='lat' dir='ltr'><strong>participant,</strong></span> <span class='ocrx_word' id='word_1_411' title='bbox 812 5632 940 5687; x_wconf 73' lang='lat' dir='ltr'><strong>quae</strong></span> <span class='ocrx_word' id='word_1_412' title='bbox 994 5619 1054 5670; x_wconf 89' lang='lat' dir='ltr'><strong>in</strong></span> <span class='ocrx_word' id='word_1_413' title='bbox 1111 5615 1267 5669; x_wconf 83' lang='lat' dir='ltr'><strong>nobis</strong></span> <span class='ocrx_word' id='word_1_414' title='bbox 1312 5613 1519 5668; x_wconf 82' lang='lat' dir='ltr'><strong>similia</strong></span> <span class='ocrx_word' id='word_1_415' title='bbox 1575 5622 1700 5687; x_wconf 81' lang='lat' dir='ltr'><strong>sunt</strong></span> <span class='ocrx_word' id='word_1_416' title='bbox 1751 5613 2069 5686; x_wconf 78' lang='lat' dir='ltr'><strong>lapidibus,</strong></span> 
     </span>
    </p>
   </div>
   <div class='ocr_carea' id='block_1_65' title="bbox 418 5685 2072 5756">
    <p class='ocr_par' dir='ltr' id='par_1_65' title="bbox 418 5685 2072 5756">
     <span class='ocr_line' id='line_1_65' title="bbox 418 5685 2072 5756; baseline 0.001 -16"><span class='ocrx_word' id='word_1_417' title='bbox 418 5685 535 5741; x_wconf 84' lang='lat' dir='ltr'><strong>ossa</strong></span> <span class='ocrx_word' id='word_1_418' title='bbox 561 5705 578 5740; x_wconf 89' lang='lat'><strong><em>:</em></strong></span> <span class='ocrx_word' id='word_1_419' title='bbox 606 5685 1025 5743; x_wconf 16' lang='lat' dir='ltr'><strong>naturalautem</strong></span> <span class='ocrx_word' id='word_1_420' title='bbox 1047 5687 1292 5741; x_wconf 74' lang='lat' dir='ltr'><strong>extendit</strong></span> <span class='ocrx_word' id='word_1_421' title='bbox 1347 5699 1455 5739; x_wconf 85' lang='lat' dir='ltr'><strong>sese</strong></span> <span class='ocrx_word' id='word_1_422' title='bbox 1522 5685 1595 5738; x_wconf 88' lang='lat' dir='ltr'><strong>ad</strong></span> <span class='ocrx_word' id='word_1_423' title='bbox 1643 5685 1866 5756; x_wconf 86' lang='lat' dir='ltr'><strong>plantas</strong></span> <span class='ocrx_word' id='word_1_424' title='bbox 1895 5704 1912 5746; x_wconf 87' lang='lat'><strong><em>:</em></strong></span> <span class='ocrx_word' id='word_1_425' title='bbox 1937 5694 1988 5742; x_wconf 89' lang='lat' dir='ltr'><strong>et</strong></span> <span class='ocrx_word' id='word_1_426' title='bbox 2012 5691 2072 5742; x_wconf 89' lang='lat' dir='ltr'><strong>in</strong></span> 
     </span>
    </p>
   </div>
   <div class='ocr_carea' id='block_1_66' title="bbox 418 5759 2072 5828">
    <p class='ocr_par' dir='ltr' id='par_1_66' title="bbox 418 5759 2072 5828">
     <span class='ocr_line' id='line_1_66' title="bbox 418 5759 2072 5828; baseline 0.001 -17"><span class='ocrx_word' id='word_1_427' title='bbox 418 5759 577 5811; x_wconf 84' lang='lat' dir='ltr'><strong>nobis</strong></span> <span class='ocrx_word' id='word_1_428' title='bbox 601 5759 808 5814; x_wconf 86' lang='lat' dir='ltr'><strong>similia</strong></span> <span class='ocrx_word' id='word_1_429' title='bbox 827 5766 954 5814; x_wconf 86' lang='lat' dir='ltr'><strong>sunt</strong></span> <span class='ocrx_word' id='word_1_430' title='bbox 981 5759 1212 5828; x_wconf 84' lang='lat' dir='ltr'><strong>plantis,</strong></span> <span class='ocrx_word' id='word_1_431' title='bbox 1245 5771 1456 5825; x_wconf 83' lang='lat' dir='ltr'><strong>ungues</strong></span> <span class='ocrx_word' id='word_1_432' title='bbox 1486 5761 1536 5810; x_wconf 84' lang='lat' dir='ltr'><strong>et</strong></span> <span class='ocrx_word' id='word_1_433' title='bbox 1576 5759 1786 5826; x_wconf 83' lang='lat' dir='ltr'><strong>capilli.</strong></span> <span class='ocrx_word' id='word_1_434' title='bbox 1820 5761 1916 5814; x_wconf 86' lang='lat' dir='ltr'><strong>Est</strong></span> <span class='ocrx_word' id='word_1_435' title='bbox 1945 5776 2072 5813; x_wconf 81' lang='lat' dir='ltr'><strong>vero</strong></span> 
     </span>
    </p>
   </div>
   <div class='ocr_carea' id='block_1_67' title="bbox 419 5828 2070 5902">
    <p class='ocr_par' dir='ltr' id='par_1_67' title="bbox 419 5828 2070 5902">
     <span class='ocr_line' id='line_1_67' title="bbox 419 5828 2070 5902; baseline -0.001 -15"><span class='ocrx_word' id='word_1_436' title='bbox 419 5835 647 5900; x_wconf 80' lang='lat' dir='ltr'><strong>natura,</strong></span> <span class='ocrx_word' id='word_1_437' title='bbox 681 5830 898 5885; x_wconf 84' lang='lat' dir='ltr'><strong>habitus</strong></span> <span class='ocrx_word' id='word_1_438' title='bbox 910 5831 1034 5902; x_wconf 85' lang='lat' dir='ltr'><strong>jam</strong></span> <span class='ocrx_word' id='word_1_439' title='bbox 1063 5835 1260 5886; x_wconf 86' lang='lat' dir='ltr'><strong>motus.</strong></span> <span class='ocrx_word' id='word_1_440' title='bbox 1285 5828 1494 5883; x_wconf 83' lang='lat' dir='ltr'><strong>Anima</strong></span> <span class='ocrx_word' id='word_1_441' title='bbox 1523 5833 1703 5885; x_wconf 85' lang='lat' dir='ltr'><strong>antem</strong></span> <span class='ocrx_word' id='word_1_442' title='bbox 1729 5836 1807 5886; x_wconf 86' lang='lat' dir='ltr'><strong>est</strong></span> <span class='ocrx_word' id='word_1_443' title='bbox 1842 5837 2070 5900; x_wconf 85' lang='lat' dir='ltr'><strong>natura,</strong></span> 
     </span>
    </p>
   </div>
   <div class='ocr_carea' id='block_1_68' title="bbox 2189 592 3843 674">
    <p class='ocr_par' dir='ltr' id='par_1_68' title="bbox 2189 592 3843 674">
     <span class='ocr_line' id='line_1_68' title="bbox 2189 592 3843 674; baseline 0.005 -28"><span class='ocrx_word' id='word_1_444' title='bbox 2189 597 2373 662; x_wconf 79' lang='grc' dir='ltr'>ζουσαι</span> <span class='ocrx_word' id='word_1_445' title='bbox 2403 592 2536 656; x_wconf 80' lang='grc' dir='ltr'>τοὺς</span> <span class='ocrx_word' id='word_1_446' title='bbox 2567 592 2922 672; x_wconf 75' lang='grc' dir='ltr'>νικηφόρους.</span> <span class='ocrx_word' id='word_1_447' title='bbox 2979 596 3100 652; x_wconf 81' lang='grc' dir='ltr'><strong>Τῶν</strong></span> <span class='ocrx_word' id='word_1_448' title='bbox 3158 595 3261 670; x_wconf 69' lang='grc' dir='ltr'>γὰρ</span> <span class='ocrx_word' id='word_1_449' title='bbox 3304 596 3642 669; x_wconf 71' lang='grc' dir='ltr'><strong>κινουμένων</strong></span> <span class='ocrx_word' id='word_1_450' title='bbox 3679 598 3710 652; x_wconf 81' lang='grc' dir='ltr'><strong>ἆ</strong></span> <span class='ocrx_word' id='word_1_451' title='bbox 3745 600 3843 674; x_wconf 74' lang='grc' dir='ltr'>μὶν</span> 
     </span>
    </p>
   </div>
   <div class='ocr_carea' id='block_1_69' title="bbox 2184 682 3855 761">
    <p class='ocr_par' dir='ltr' id='par_1_69' title="bbox 2184 682 3855 761">
     <span class='ocr_line' id='line_1_69' title="bbox 2184 682 3855 761; baseline 0.005 -25"><span class='ocrx_word' id='word_1_452' title='bbox 2184 684 2305 746; x_wconf 84' lang='grc' dir='ltr'>καθ’</span> <span class='ocrx_word' id='word_1_453' title='bbox 2337 684 2517 757; x_wconf 67' lang='grc' dir='ltr'>ὁρμὴν</span> <span class='ocrx_word' id='word_1_454' title='bbox 2557 682 2645 738; x_wconf 78' lang='grc' dir='ltr'><strong>καὶ</strong></span> <span class='ocrx_word' id='word_1_455' title='bbox 2679 684 2971 761; x_wconf 71' lang='grc' dir='ltr'>φαντασίαν</span> <span class='ocrx_word' id='word_1_456' title='bbox 3030 690 3276 755; x_wconf 88' lang='grc' dir='ltr'>κινεῖται,</span> <span class='ocrx_word' id='word_1_457' title='bbox 3337 686 3415 748; x_wconf 85' lang='grc' dir='ltr'>ὡς</span> <span class='ocrx_word' id='word_1_458' title='bbox 3469 687 3536 741; x_wconf 80' lang='grc' dir='ltr'>τὰ</span> <span class='ocrx_word' id='word_1_459' title='bbox 3596 692 3726 757; x_wconf 73' lang='grc' dir='ltr'><strong>ζῶαο</strong></span> <span class='ocrx_word' id='word_1_460' title='bbox 3785 689 3855 744; x_wconf 75' lang='grc' dir='ltr'>τὰ</span> 
     </span>
    </p>
   </div>
   <div class='ocr_carea' id='block_1_70' title="bbox 2188 769 3854 850">
    <p class='ocr_par' dir='ltr' id='par_1_70' title="bbox 2188 769 3854 850">
     <span class='ocr_line' id='line_1_70' title="bbox 2188 769 3854 850; baseline 0.005 -25"><span class='ocrx_word' id='word_1_461' title='bbox 2188 769 2246 826; x_wconf 78' lang='grc' dir='ltr'>δὶ</span> <span class='ocrx_word' id='word_1_462' title='bbox 2271 772 2406 826; x_wconf 84' lang='grc' dir='ltr'><strong>κατὰ</strong></span> <span class='ocrx_word' id='word_1_463' title='bbox 2442 774 2748 845; x_wconf 82' lang='grc' dir='ltr'>μετάθεσιν,</span> <span class='ocrx_word' id='word_1_464' title='bbox 2806 773 2882 837; x_wconf 84' lang='grc' dir='ltr'>ὡς</span> <span class='ocrx_word' id='word_1_465' title='bbox 2926 773 2994 828; x_wconf 73' lang='grc' dir='ltr'>τὰ</span> <span class='ocrx_word' id='word_1_466' title='bbox 3051 772 3256 850; x_wconf 75' lang='grc' dir='ltr'>ἄψυχα.</span> <span class='ocrx_word' id='word_1_467' title='bbox 3311 777 3588 840; x_wconf 85' lang='grc' dir='ltr'>Κινεῖσθαι</span> <span class='ocrx_word' id='word_1_468' title='bbox 3645 775 3703 832; x_wconf 75' lang='grc' dir='ltr'>δὲ</span> <span class='ocrx_word' id='word_1_469' title='bbox 3761 779 3854 833; x_wconf 78' lang='grc' dir='ltr'><strong>καὶ</strong></span> 
     </span>
    </p>
   </div>
   <div class='ocr_carea' id='block_1_71' title="bbox 2185 858 3850 941">
    <p class='ocr_par' dir='ltr' id='par_1_71' title="bbox 2185 858 3850 941">
     <span class='ocr_line' id='line_1_71' title="bbox 2185 858 3850 941; baseline 0.004 -26"><span class='ocrx_word' id='word_1_470' title='bbox 2185 866 2295 915; x_wconf 80' lang='grc' dir='ltr'>τῶν</span> <span class='ocrx_word' id='word_1_471' title='bbox 2327 861 2556 935; x_wconf 70' lang='grc' dir='ltr'>ἀψύχων</span> <span class='ocrx_word' id='word_1_472' title='bbox 2585 863 2649 916; x_wconf 77' lang='grc' dir='ltr'>τὰ</span> <span class='ocrx_word' id='word_1_473' title='bbox 2680 863 2819 939; x_wconf 79' lang='grc' dir='ltr'>φυτὰ</span> <span class='ocrx_word' id='word_1_474' title='bbox 2853 858 3226 936; x_wconf 77' lang='grc' dir='ltr'>μεταϐατικῶς</span> <span class='ocrx_word' id='word_1_475' title='bbox 3260 865 3419 941; x_wconf 75' lang='grc' dir='ltr'>φασὶν</span> <span class='ocrx_word' id='word_1_476' title='bbox 3480 865 3556 928; x_wconf 85' lang='grc' dir='ltr'>εἷς</span> <span class='ocrx_word' id='word_1_477' title='bbox 3602 864 3850 939; x_wconf 68' lang='grc' dir='ltr'>αὔξησιν,</span> 
     </span>
    </p>
   </div>
   <div class='ocr_carea' id='block_1_72' title="bbox 2189 949 3850 1034">
    <p class='ocr_par' dir='ltr' id='par_1_72' title="bbox 2189 949 3850 1034">
     <span class='ocr_line' id='line_1_72' title="bbox 2189 949 3850 1034; baseline 0.005 -30"><span class='ocrx_word' id='word_1_478' title='bbox 2189 949 2242 1004; x_wconf 79' lang='grc' dir='ltr'><strong>εἷ’</strong></span> <span class='ocrx_word' id='word_1_479' title='bbox 2294 971 2376 1012; x_wconf 89' lang='grc' dir='ltr'><strong>τις</strong></span> <span class='ocrx_word' id='word_1_480' title='bbox 2435 951 2622 1013; x_wconf 81' lang='grc' dir='ltr'>αὐτοῖς</span> <span class='ocrx_word' id='word_1_481' title='bbox 2680 949 2870 1026; x_wconf 80' lang='grc' dir='ltr'>ἄψυχα</span> <span class='ocrx_word' id='word_1_482' title='bbox 2926 953 3059 1006; x_wconf 74' lang='grc' dir='ltr'>εἶναι</span> <span class='ocrx_word' id='word_1_483' title='bbox 3116 956 3473 1028; x_wconf 70' lang='grc' dir='ltr'>συγχωρήσει</span> <span class='ocrx_word' id='word_1_484' title='bbox 3545 955 3612 1010; x_wconf 78' lang='grc' dir='ltr'>τὰ</span> <span class='ocrx_word' id='word_1_485' title='bbox 3686 958 3850 1034; x_wconf 68' lang='grc' dir='ltr'>φυτά.</span> 
     </span>
    </p>
   </div>
   <div class='ocr_carea' id='block_1_73' title="bbox 2187 1041 3855 1123">
    <p class='ocr_par' dir='ltr' id='par_1_73' title="bbox 2187 1041 3855 1123">
     <span class='ocr_line' id='line_1_73' title="bbox 2187 1041 3855 1123; baseline 0.002 -25"><span class='ocrx_word' id='word_1_486' title='bbox 2187 1041 2388 1111; x_wconf 78' lang='grc' dir='ltr'>Ἕξεως</span> <span class='ocrx_word' id='word_1_487' title='bbox 2421 1044 2534 1115; x_wconf 84' lang='grc'>(79)</span> <span class='ocrx_word' id='word_1_488' title='bbox 2568 1041 2664 1115; x_wconf 76' lang='grc' dir='ltr'><strong>μὶν</strong></span> <span class='ocrx_word' id='word_1_489' title='bbox 2689 1041 2779 1097; x_wconf 84' lang='grc' dir='ltr'>οὗν</span> <span class='ocrx_word' id='word_1_490' title='bbox 2818 1043 2869 1096; x_wconf 75' lang='grc' dir='ltr'>οὶ</span> <span class='ocrx_word' id='word_1_491' title='bbox 2899 1041 3064 1112; x_wconf 88' lang='grc' dir='ltr'>λίθοι,</span> <span class='ocrx_word' id='word_1_492' title='bbox 3099 1042 3308 1120; x_wconf 69' lang='grc' dir='ltr'>φύσεως</span> <span class='ocrx_word' id='word_1_493' title='bbox 3341 1041 3400 1099; x_wconf 69' lang='grc' dir='ltr'>δὲ</span> <span class='ocrx_word' id='word_1_494' title='bbox 3449 1045 3516 1099; x_wconf 77' lang='grc' dir='ltr'>τὰ</span> <span class='ocrx_word' id='word_1_495' title='bbox 3558 1046 3718 1123; x_wconf 77' lang='grc' dir='ltr'>φυτὰ,</span> <span class='ocrx_word' id='word_1_496' title='bbox 3753 1047 3855 1122; x_wconf 86' lang='grc' dir='ltr'><strong>ὁρ-</strong></span> 
     </span>
    </p>
   </div>
   <div class='ocr_carea' id='block_1_74' title="bbox 2193 1130 3853 1210">
    <p class='ocr_par' dir='ltr' id='par_1_74' title="bbox 2193 1130 3853 1210">
     <span class='ocr_line' id='line_1_74' title="bbox 2193 1130 3853 1210; baseline 0.002 -24"><span class='ocrx_word' id='word_1_497' title='bbox 2193 1137 2301 1203; x_wconf 82' lang='grc' dir='ltr'>μῆς</span> <span class='ocrx_word' id='word_1_498' title='bbox 2322 1152 2380 1186; x_wconf 91' lang='grc' dir='ltr'><strong>τε</strong></span> <span class='ocrx_word' id='word_1_499' title='bbox 2411 1130 2500 1186; x_wconf 84' lang='grc' dir='ltr'>καὶ</span> <span class='ocrx_word' id='word_1_500' title='bbox 2533 1131 2848 1209; x_wconf 74' lang='grc' dir='ltr'>φαντασίας,</span> <span class='ocrx_word' id='word_1_501' title='bbox 2879 1136 2986 1187; x_wconf 80' lang='grc' dir='ltr'><strong>τῶν</strong></span> <span class='ocrx_word' id='word_1_502' title='bbox 3018 1153 3077 1188; x_wconf 87' lang='grc' dir='ltr'><strong>τε</strong></span> <span class='ocrx_word' id='word_1_503' title='bbox 3117 1133 3180 1187; x_wconf 80' lang='grc' dir='ltr'>αὗ</span> <span class='ocrx_word' id='word_1_504' title='bbox 3212 1130 3356 1188; x_wconf 85' lang='grc' dir='ltr'>δυεῖν</span> <span class='ocrx_word' id='word_1_505' title='bbox 3413 1139 3520 1188; x_wconf 81' lang='grc' dir='ltr'>τῶν</span> <span class='ocrx_word' id='word_1_506' title='bbox 3581 1155 3853 1210; x_wconf 85' lang='grc' dir='ltr'>προειρη-</span> 
     </span>
    </p>
   </div>
   <div class='ocr_carea' id='block_1_75' title="bbox 2191 1217 3848 1301">
    <p class='ocr_par' dir='ltr' id='par_1_75' title="bbox 2191 1217 3848 1301">
     <span class='ocr_line' id='line_1_75' title="bbox 2191 1217 3848 1301; baseline 0.004 -28"><span class='ocrx_word' id='word_1_507' title='bbox 2191 1217 2368 1293; x_wconf 68' lang='grc' dir='ltr'>μένων</span> <span class='ocrx_word' id='word_1_508' title='bbox 2397 1223 2529 1294; x_wconf 86' lang='grc'>(80),</span> <span class='ocrx_word' id='word_1_509' title='bbox 2561 1221 2652 1276; x_wconf 84' lang='grc' dir='ltr'><strong>καὶ</strong></span> <span class='ocrx_word' id='word_1_510' title='bbox 2702 1221 2770 1276; x_wconf 82' lang='grc' dir='ltr'>τὰ</span> <span class='ocrx_word' id='word_1_511' title='bbox 2816 1219 2990 1298; x_wconf 77' lang='grc' dir='ltr'>ἃλογα</span> <span class='ocrx_word' id='word_1_512' title='bbox 3051 1221 3270 1298; x_wconf 68' lang='grc' dir='ltr'>μετέχει</span> <span class='ocrx_word' id='word_1_513' title='bbox 3332 1227 3464 1292; x_wconf 83' lang='grc' dir='ltr'>ζῶα.</span> <span class='ocrx_word' id='word_1_514' title='bbox 3524 1225 3587 1278; x_wconf 89' lang='grc' dir='ltr'>Ἡ</span> <span class='ocrx_word' id='word_1_515' title='bbox 3645 1223 3848 1301; x_wconf 84' lang='grc' dir='ltr'>λογικὴ</span> 
     </span>
    </p>
   </div>
   <div class='ocr_carea' id='block_1_76' title="bbox 2190 1307 3854 1391">
    <p class='ocr_par' dir='ltr' id='par_1_76' title="bbox 2190 1307 3854 1391">
     <span class='ocr_line' id='line_1_76' title="bbox 2190 1307 3854 1391; baseline 0.002 -25"><span class='ocrx_word' id='word_1_516' title='bbox 2190 1308 2248 1366; x_wconf 72' lang='grc' dir='ltr'><strong>δὲ</strong></span> <span class='ocrx_word' id='word_1_517' title='bbox 2293 1307 2520 1384; x_wconf 89' lang='grc' dir='ltr'>δύναμις</span> <span class='ocrx_word' id='word_1_518' title='bbox 2577 1308 2688 1365; x_wconf 76' lang='grc' dir='ltr'>ἰδία</span> <span class='ocrx_word' id='word_1_519' title='bbox 2745 1309 2876 1366; x_wconf 77' lang='grc' dir='ltr'>οὖσα</span> <span class='ocrx_word' id='word_1_520' title='bbox 2933 1319 3034 1382; x_wconf 77' lang='grc' dir='ltr'>τῆς</span> <span class='ocrx_word' id='word_1_521' title='bbox 3090 1313 3432 1386; x_wconf 78' lang='grc' dir='ltr'>ἀνθρωπείας</span> <span class='ocrx_word' id='word_1_522' title='bbox 3477 1317 3685 1390; x_wconf 80' lang='grc' dir='ltr'>ψυχῆς,</span> <span class='ocrx_word' id='word_1_523' title='bbox 3741 1314 3854 1391; x_wconf 81' lang='grc' dir='ltr'><strong>οὐχ</strong></span> 
     </span>
    </p>
   </div>
   <div class='ocr_carea' id='block_1_77' title="bbox 2189 1399 3850 1480">
    <p class='ocr_par' dir='ltr' id='par_1_77' title="bbox 2189 1399 3850 1480">
     <span class='ocr_line' id='line_1_77' title="bbox 2189 1399 3850 1480; baseline 0.001 -24"><span class='ocrx_word' id='word_1_524' title='bbox 2189 1399 2450 1462; x_wconf 79' lang='grc' dir='ltr'><strong>ὡσαύτως</strong></span> <span class='ocrx_word' id='word_1_525' title='bbox 2479 1407 2597 1463; x_wconf 91' lang='grc' dir='ltr'>τοῖς</span> <span class='ocrx_word' id='word_1_526' title='bbox 2635 1399 2860 1478; x_wconf 79' lang='grc' dir='ltr'>ἀλόγοις</span> <span class='ocrx_word' id='word_1_527' title='bbox 2892 1401 3054 1470; x_wconf 82' lang='grc' dir='ltr'>ζώοις</span> <span class='ocrx_word' id='word_1_528' title='bbox 3083 1403 3257 1478; x_wconf 79' lang='grc' dir='ltr'>ὁρμᾷν</span> <span class='ocrx_word' id='word_1_529' title='bbox 3315 1401 3547 1480; x_wconf 69' lang='grc' dir='ltr'>ὀφείλει,</span> <span class='ocrx_word' id='word_1_530' title='bbox 3579 1402 3729 1460; x_wconf 82' lang='grc' dir='ltr'><strong>ἀλλά</strong></span> <span class='ocrx_word' id='word_1_531' title='bbox 3756 1403 3850 1460; x_wconf 81' lang='grc' dir='ltr'><strong>καὶ</strong></span> 
     </span>
    </p>
   </div>
   <div class='ocr_carea' id='block_1_78' title="bbox 2191 1489 3851 1571">
    <p class='ocr_par' dir='ltr' id='par_1_78' title="bbox 2191 1489 3851 1571">
     <span class='ocr_line' id='line_1_78' title="bbox 2191 1489 3851 1571; baseline 0.002 -25"><span class='ocrx_word' id='word_1_532' title='bbox 2191 1489 2482 1568; x_wconf 83' lang='grc' dir='ltr'>διακρίνειν</span> <span class='ocrx_word' id='word_1_533' title='bbox 2537 1492 2634 1553; x_wconf 77' lang='grc' dir='ltr'>τὰς</span> <span class='ocrx_word' id='word_1_534' title='bbox 2692 1490 2984 1569; x_wconf 70' lang='grc' dir='ltr'>φαντασίας</span> <span class='ocrx_word' id='word_1_535' title='bbox 3021 1535 3035 1561; x_wconf 93' lang='grc'><strong>,</strong></span> <span class='ocrx_word' id='word_1_536' title='bbox 3095 1492 3187 1547; x_wconf 87' lang='grc' dir='ltr'><strong>καὶ</strong></span> <span class='ocrx_word' id='word_1_537' title='bbox 3248 1494 3324 1566; x_wconf 82' lang='grc' dir='ltr'>μὴ</span> <span class='ocrx_word' id='word_1_538' title='bbox 3385 1490 3851 1571; x_wconf 77' lang='grc' dir='ltr'>συναποφέρεσθαι</span> 
     </span>
    </p>
   </div>
   <div class='ocr_carea' id='block_1_79' title="bbox 2189 1577 3848 1658">
    <p class='ocr_par' dir='ltr' id='par_1_79' title="bbox 2189 1577 3848 1658">
     <span class='ocr_line' id='line_1_79' title="bbox 2189 1577 3848 1658; baseline 0.002 -23"><span class='ocrx_word' id='word_1_539' title='bbox 2189 1580 2398 1642; x_wconf 78' lang='grc' dir='ltr'>αὐταῖς.</span> <span class='ocrx_word' id='word_1_540' title='bbox 2454 1581 2524 1637; x_wconf 69' lang='grc' dir='ltr'><strong>Αἱ</strong></span> <span class='ocrx_word' id='word_1_541' title='bbox 2579 1581 2764 1636; x_wconf 84' lang='grc' dir='ltr'>τοίνυν</span> <span class='ocrx_word' id='word_1_542' title='bbox 2839 1577 3121 1653; x_wconf 86' lang='grc' dir='ltr'>δυνάμεις,</span> <span class='ocrx_word' id='word_1_543' title='bbox 3181 1583 3306 1656; x_wconf 87' lang='grc' dir='ltr'>περί</span> <span class='ocrx_word' id='word_1_544' title='bbox 3389 1584 3465 1637; x_wconf 83' lang='grc' dir='ltr'><strong>ὧν</strong></span> <span class='ocrx_word' id='word_1_545' title='bbox 3523 1582 3848 1658; x_wconf 73' lang='grc' dir='ltr'>εἰρήκαμεν,</span> 
     </span>
    </p>
   </div>
   <div class='ocr_carea' id='block_1_80' title="bbox 2188 1665 3853 1744">
    <p class='ocr_par' dir='ltr' id='par_1_80' title="bbox 2188 1665 3853 1744">
     <span class='ocr_line' id='line_1_80' title="bbox 2188 1665 3853 1744; baseline 0.001 -20"><span class='ocrx_word' id='word_1_546' title='bbox 2188 1666 2397 1739; x_wconf 81' lang='grc' dir='ltr'>κάλλη,</span> <span class='ocrx_word' id='word_1_547' title='bbox 2455 1668 2545 1722; x_wconf 81' lang='grc' dir='ltr'><strong>καὶ</strong></span> <span class='ocrx_word' id='word_1_548' title='bbox 2605 1665 2786 1739; x_wconf 79' lang='grc' dir='ltr'>δόξας,</span> <span class='ocrx_word' id='word_1_549' title='bbox 2839 1668 2930 1722; x_wconf 87' lang='grc' dir='ltr'><strong>καὶ</strong></span> <span class='ocrx_word' id='word_1_550' title='bbox 2983 1669 3260 1744; x_wconf 76' lang='grc' dir='ltr'>μοιχείας,</span> <span class='ocrx_word' id='word_1_551' title='bbox 3332 1671 3420 1726; x_wconf 87' lang='grc' dir='ltr'><strong>καὶ</strong></span> <span class='ocrx_word' id='word_1_552' title='bbox 3473 1668 3698 1741; x_wconf 74' lang='grc' dir='ltr'>ἡδονὰς,</span> <span class='ocrx_word' id='word_1_553' title='bbox 3755 1671 3853 1727; x_wconf 86' lang='grc' dir='ltr'><strong>καὶ</strong></span> 
     </span>
    </p>
   </div>
   <div class='ocr_carea' id='block_1_81' title="bbox 2187 1755 3855 1835">
    <p class='ocr_par' dir='ltr' id='par_1_81' title="bbox 2187 1755 3855 1835">
     <span class='ocr_line' id='line_1_81' title="bbox 2187 1755 3855 1835; baseline 0.001 -22"><span class='ocrx_word' id='word_1_554' title='bbox 2187 1758 2442 1820; x_wconf 79' lang='grc' dir='ltr'>τοιαύτας</span> <span class='ocrx_word' id='word_1_555' title='bbox 2499 1758 2654 1821; x_wconf 80' lang='grc' dir='ltr'>τινὰς</span> <span class='ocrx_word' id='word_1_556' title='bbox 2714 1757 3004 1832; x_wconf 77' lang='grc' dir='ltr'>φαντασίας</span> <span class='ocrx_word' id='word_1_557' title='bbox 3064 1755 3417 1823; x_wconf 79' lang='grc' dir='ltr'>δελεαστικάς</span> <span class='ocrx_word' id='word_1_558' title='bbox 3490 1761 3855 1835; x_wconf 75' lang='grc' dir='ltr'>περιτείνουσι</span> 
     </span>
    </p>
   </div>
   <div class='ocr_carea' id='block_1_82' title="bbox 2108 1847 3860 1940">
    <p class='ocr_par' dir='ltr' id='par_1_82' title="bbox 2108 1847 3860 1940">
     <span class='ocr_line' id='line_1_82' title="bbox 2108 1847 3860 1940; baseline 0.001 -37"><span class='ocrx_word' id='word_1_559' title='bbox 2108 1854 2307 1940; x_wconf 82' lang='grc' dir='ltr'>Βταῖς</span> <span class='ocrx_word' id='word_1_560' title='bbox 2365 1847 2713 1925; x_wconf 80' lang='grc' dir='ltr'>εὐεπιφόροις</span> <span class='ocrx_word' id='word_1_561' title='bbox 2771 1851 2999 1924; x_wconf 84' lang='grc' dir='ltr'>ψυχαῖς,</span> <span class='ocrx_word' id='word_1_562' title='bbox 3060 1849 3300 1925; x_wconf 81' lang='grc' dir='ltr'>καθάπερ</span> <span class='ocrx_word' id='word_1_563' title='bbox 3352 1849 3403 1903; x_wconf 75' lang='grc' dir='ltr'>οἱ</span> <span class='ocrx_word' id='word_1_564' title='bbox 3459 1849 3860 1914; x_wconf 80' lang='grc' dir='ltr'>ἀπελαύνοντες</span> 
     </span>
    </p>
   </div>
   <div class='ocr_carea' id='block_1_83' title="bbox 2183 1933 3855 2014">
    <p class='ocr_par' dir='ltr' id='par_1_83' title="bbox 2183 1933 3855 2014">
     <span class='ocr_line' id='line_1_83' title="bbox 2183 1933 3855 2014; baseline 0.001 -24"><span class='ocrx_word' id='word_1_565' title='bbox 2183 1936 2250 1990; x_wconf 82' lang='grc' dir='ltr'>τὰ</span> <span class='ocrx_word' id='word_1_566' title='bbox 2281 1934 2590 2010; x_wconf 84' lang='grc' dir='ltr'>θρέμματα,</span> <span class='ocrx_word' id='word_1_567' title='bbox 2623 1933 2867 1997; x_wconf 81' lang='grc' dir='ltr'>θαλλοὺς</span> <span class='ocrx_word' id='word_1_568' title='bbox 2918 1936 3254 2009; x_wconf 85' lang='grc' dir='ltr'>προσιὲντες·</span> <span class='ocrx_word' id='word_1_569' title='bbox 3316 1937 3430 1991; x_wconf 76' lang='grc' dir='ltr'>εἶτα</span> <span class='ocrx_word' id='word_1_570' title='bbox 3480 1939 3855 2014; x_wconf 78' lang='grc' dir='ltr'>κατασοφισά-</span> 
     </span>
    </p>
   </div>
   <div class='ocr_carea' id='block_1_84' title="bbox 2189 2021 3849 2100">
    <p class='ocr_par' dir='ltr' id='par_1_84' title="bbox 2189 2021 3849 2100">
     <span class='ocr_line' id='line_1_84' title="bbox 2189 2021 3849 2100; baseline 0.002 -21"><span class='ocrx_word' id='word_1_571' title='bbox 2189 2046 2346 2098; x_wconf 88' lang='grc' dir='ltr'>μεναι</span> <span class='ocrx_word' id='word_1_572' title='bbox 2370 2024 2500 2086; x_wconf 83' lang='grc' dir='ltr'>τοὺς</span> <span class='ocrx_word' id='word_1_573' title='bbox 2534 2025 2610 2098; x_wconf 82' lang='grc' dir='ltr'>μὴ</span> <span class='ocrx_word' id='word_1_574' title='bbox 2657 2021 2950 2100; x_wconf 84' lang='grc' dir='ltr'>διακρίνειν</span> <span class='ocrx_word' id='word_1_575' title='bbox 3011 2022 3335 2095; x_wconf 74' lang='grc' dir='ltr'>δυνηθέντας</span> <span class='ocrx_word' id='word_1_576' title='bbox 3366 2027 3464 2095; x_wconf 78' lang='grc' dir='ltr'>τήν</span> <span class='ocrx_word' id='word_1_577' title='bbox 3520 2026 3706 2097; x_wconf 83' lang='grc' dir='ltr'>ἀληθῆ</span> <span class='ocrx_word' id='word_1_578' title='bbox 3739 2027 3849 2082; x_wconf 84' lang='grc' dir='ltr'><strong>ἀπὸ</strong></span> 
     </span>
    </p>
   </div>
   <div class='ocr_carea' id='block_1_85' title="bbox 2182 2110 3851 2194">
    <p class='ocr_par' dir='ltr' id='par_1_85' title="bbox 2182 2110 3851 2194">
     <span class='ocr_line' id='line_1_85' title="bbox 2182 2110 3851 2194; baseline 0.001 -25"><span class='ocrx_word' id='word_1_579' title='bbox 2182 2112 2414 2189; x_wconf 85' lang='grc' dir='ltr'>ψεύδους</span> <span class='ocrx_word' id='word_1_580' title='bbox 2449 2117 2561 2186; x_wconf 89' lang='grc'><strong>(81)</strong></span> <span class='ocrx_word' id='word_1_581' title='bbox 2587 2110 2815 2185; x_wconf 74' lang='grc' dir='ltr'>ἡδονὴν,</span> <span class='ocrx_word' id='word_1_582' title='bbox 2846 2112 2934 2168; x_wconf 84' lang='grc' dir='ltr'><strong>καὶ</strong></span> <span class='ocrx_word' id='word_1_583' title='bbox 2985 2117 3048 2169; x_wconf 92' lang='grc' dir='ltr'>τὸ</span> <span class='ocrx_word' id='word_1_584' title='bbox 3079 2113 3341 2191; x_wconf 80' lang='grc' dir='ltr'>ἐπίκηρόν</span> <span class='ocrx_word' id='word_1_585' title='bbox 3387 2138 3446 2171; x_wconf 88' lang='grc' dir='ltr'><strong>τε</strong></span> <span class='ocrx_word' id='word_1_586' title='bbox 3497 2117 3585 2171; x_wconf 76' lang='grc' dir='ltr'><strong>καὶ</strong></span> <span class='ocrx_word' id='word_1_587' title='bbox 3619 2111 3851 2194; x_wconf 76' lang='grc' dir='ltr'>ἐφύϐρι-</span> 
     </span>
    </p>
   </div>
   <div class='ocr_carea' id='block_1_86' title="bbox 2183 2202 3848 2280">
    <p class='ocr_par' dir='ltr' id='par_1_86' title="bbox 2183 2202 3848 2280">
     <span class='ocr_line' id='line_1_86' title="bbox 2183 2202 3848 2280; baseline 0.004 -22"><span class='ocrx_word' id='word_1_588' title='bbox 2183 2224 2311 2258; x_wconf 85' lang='grc' dir='ltr'>στον</span> <span class='ocrx_word' id='word_1_589' title='bbox 2345 2203 2448 2258; x_wconf 81' lang='grc' dir='ltr'><strong>ἀπὸ</strong></span> <span class='ocrx_word' id='word_1_590' title='bbox 2477 2207 2574 2259; x_wconf 81' lang='grc' dir='ltr'><strong>τοῦ</strong></span> <span class='ocrx_word' id='word_1_591' title='bbox 2609 2203 2769 2278; x_wconf 79' lang='grc' dir='ltr'>ἁγίου</span> <span class='ocrx_word' id='word_1_592' title='bbox 2802 2202 3070 2273; x_wconf 77' lang='grc' dir='ltr'>κάλλους,</span> <span class='ocrx_word' id='word_1_593' title='bbox 3127 2203 3349 2280; x_wconf 71' lang='grc' dir='ltr'>ἄγουσιν</span> <span class='ocrx_word' id='word_1_594' title='bbox 3407 2202 3848 2278; x_wconf 64' lang='grc' dir='ltr'>δουλωσάμεναι.</span> 
     </span>
    </p>
   </div>
   <div class='ocr_carea' id='block_1_87' title="bbox 2181 2289 3847 2369">
    <p class='ocr_par' dir='ltr' id='par_1_87' title="bbox 2181 2289 3847 2369">
     <span class='ocr_line' id='line_1_87' title="bbox 2181 2289 3847 2369; baseline -0.001 -20"><span class='ocrx_word' id='word_1_595' title='bbox 2181 2292 2414 2363; x_wconf 81' lang='grc' dir='ltr'>Ἑκάστη</span> <span class='ocrx_word' id='word_1_596' title='bbox 2449 2290 2506 2348; x_wconf 68' lang='grc' dir='ltr'>δὲ</span> <span class='ocrx_word' id='word_1_597' title='bbox 2538 2291 2715 2362; x_wconf 81' lang='grc' dir='ltr'>ἀπάτη</span> <span class='ocrx_word' id='word_1_598' title='bbox 2751 2297 2995 2366; x_wconf 82' lang='grc' dir='ltr'>συνεχῶς</span> <span class='ocrx_word' id='word_1_599' title='bbox 3055 2289 3513 2367; x_wconf 78' lang='grc' dir='ltr'>ἐναπερειδομένη</span> <span class='ocrx_word' id='word_1_600' title='bbox 3563 2298 3632 2368; x_wconf 78' lang='grc' dir='ltr'>τῇ</span> <span class='ocrx_word' id='word_1_601' title='bbox 3664 2298 3847 2369; x_wconf 78' lang='grc' dir='ltr'>ψυχῇ,</span> 
     </span>
    </p>
   </div>
   <div class='ocr_carea' id='block_1_88' title="bbox 2181 2380 3850 2459">
    <p class='ocr_par' dir='ltr' id='par_1_88' title="bbox 2181 2380 3850 2459">
     <span class='ocr_line' id='line_1_88' title="bbox 2181 2380 3850 2459; baseline 0.002 -23"><span class='ocrx_word' id='word_1_602' title='bbox 2181 2383 2279 2450; x_wconf 81' lang='grc' dir='ltr'>τήν</span> <span class='ocrx_word' id='word_1_603' title='bbox 2316 2381 2606 2459; x_wconf 75' lang='grc' dir='ltr'>φαντασίαν</span> <span class='ocrx_word' id='word_1_604' title='bbox 2664 2380 2718 2437; x_wconf 75' lang='grc' dir='ltr'>ἐν</span> <span class='ocrx_word' id='word_1_605' title='bbox 2768 2382 2904 2456; x_wconf 80' lang='grc' dir='ltr'>αὐτῇ</span> <span class='ocrx_word' id='word_1_606' title='bbox 2960 2387 3246 2438; x_wconf 83' lang='grc' dir='ltr'>τυποῦται·</span> <span class='ocrx_word' id='word_1_607' title='bbox 3278 2384 3369 2438; x_wconf 77' lang='grc' dir='ltr'><strong>καὶ</strong></span> <span class='ocrx_word' id='word_1_608' title='bbox 3402 2380 3469 2452; x_wconf 76' lang='grc' dir='ltr'>δὴ</span> <span class='ocrx_word' id='word_1_609' title='bbox 3501 2385 3601 2454; x_wconf 79' lang='grc' dir='ltr'>τήν</span> <span class='ocrx_word' id='word_1_610' title='bbox 3666 2383 3850 2440; x_wconf 74' lang='grc' dir='ltr'>εἰκόνα</span> 
     </span>
    </p>
   </div>
   <div class='ocr_carea' id='block_1_89' title="bbox 2181 2467 3843 2548">
    <p class='ocr_par' dir='ltr' id='par_1_89' title="bbox 2181 2467 3843 2548">
     <span class='ocr_line' id='line_1_89' title="bbox 2181 2467 3843 2548; baseline 0.002 -23"><span class='ocrx_word' id='word_1_611' title='bbox 2181 2467 2370 2536; x_wconf 75' lang='grc' dir='ltr'>ἔλαθεν</span> <span class='ocrx_word' id='word_1_612' title='bbox 2405 2467 2772 2548; x_wconf 76' lang='grc' dir='ltr'>περιφέρουσα</span> <span class='ocrx_word' id='word_1_613' title='bbox 2801 2476 2898 2527; x_wconf 78' lang='grc' dir='ltr'>τοῦ</span> <span class='ocrx_word' id='word_1_614' title='bbox 2955 2472 3163 2536; x_wconf 82' lang='grc' dir='ltr'>πάθους</span> <span class='ocrx_word' id='word_1_615' title='bbox 3193 2474 3228 2543; x_wconf 74' lang='grc' dir='ltr'>ἡ</span> <span class='ocrx_word' id='word_1_616' title='bbox 3288 2475 3444 2548; x_wconf 83' lang='grc' dir='ltr'>ψυχή</span> <span class='ocrx_word' id='word_1_617' title='bbox 3473 2480 3574 2543; x_wconf 81' lang='grc' dir='ltr'><strong>τῆς</strong></span> <span class='ocrx_word' id='word_1_618' title='bbox 3639 2472 3843 2543; x_wconf 77' lang='grc' dir='ltr'>αἶ’τίας,</span> 
     </span>
    </p>
   </div>
   <div class='ocr_carea' id='block_1_90' title="bbox 2181 2559 3843 2637">
    <p class='ocr_par' dir='ltr' id='par_1_90' title="bbox 2181 2559 3843 2637">
     <span class='ocr_line' id='line_1_90' title="bbox 2181 2559 3843 2637; baseline 0.001 -21"><span class='ocrx_word' id='word_1_619' title='bbox 2181 2560 2286 2616; x_wconf 85' lang='grc' dir='ltr'>ἀπό</span> <span class='ocrx_word' id='word_1_620' title='bbox 2325 2582 2384 2616; x_wconf 79' lang='grc' dir='ltr'><strong>τε</strong></span> <span class='ocrx_word' id='word_1_621' title='bbox 2407 2566 2504 2617; x_wconf 80' lang='grc' dir='ltr'>τοῦ</span> <span class='ocrx_word' id='word_1_622' title='bbox 2536 2559 2814 2632; x_wconf 73' lang='grc' dir='ltr'>δελέατος,</span> <span class='ocrx_word' id='word_1_623' title='bbox 2872 2561 2964 2617; x_wconf 83' lang='grc' dir='ltr'><strong>καὶ</strong></span> <span class='ocrx_word' id='word_1_624' title='bbox 3014 2568 3117 2631; x_wconf 80' lang='grc' dir='ltr'>τῆς</span> <span class='ocrx_word' id='word_1_625' title='bbox 3174 2565 3338 2635; x_wconf 73' lang='grc' dir='ltr'>ἡμῶν</span> <span class='ocrx_word' id='word_1_626' title='bbox 3399 2562 3843 2637; x_wconf 70' lang='grc' dir='ltr'>συγκαταθέσεως</span> 
     </span>
    </p>
   </div>
   <div class='ocr_carea' id='block_1_91' title="bbox 2181 2647 3844 2727">
    <p class='ocr_par' dir='ltr' id='par_1_91' title="bbox 2181 2647 3844 2727">
     <span class='ocr_line' id='line_1_91' title="bbox 2181 2647 3844 2727; baseline 0.001 -23"><span class='ocrx_word' id='word_1_627' title='bbox 2181 2647 2496 2726; x_wconf 79' lang='grc' dir='ltr'>γινομένης.</span> <span class='ocrx_word' id='word_1_628' title='bbox 2533 2652 2599 2709; x_wconf 74' lang='grc' dir='ltr'><strong>Οἱ</strong></span> <span class='ocrx_word' id='word_1_629' title='bbox 2633 2648 2677 2706; x_wconf 86' lang='grc' dir='ltr'>δ’</span> <span class='ocrx_word' id='word_1_630' title='bbox 2709 2648 2850 2727; x_wconf 76' lang='grc' dir='ltr'>ἀμφὶ</span> <span class='ocrx_word' id='word_1_631' title='bbox 2892 2651 2984 2706; x_wconf 83' lang='grc' dir='ltr'>τὸν</span> <span class='ocrx_word' id='word_1_632' title='bbox 3036 2648 3357 2721; x_wconf 87' lang='grc' dir='ltr'>Βασιλείδην</span> <span class='ocrx_word' id='word_1_633' title='bbox 3408 2653 3844 2727; x_wconf 76' lang='grc' dir='ltr'>προσαρτήματα</span> 
     </span>
    </p>
   </div>
   <div class='ocr_carea' id='block_1_92' title="bbox 2178 2738 3842 2814">
    <p class='ocr_par' dir='ltr' id='par_1_92' title="bbox 2178 2738 3842 2814">
     <span class='ocr_line' id='line_1_92' title="bbox 2178 2738 3842 2814; baseline 0 -18"><span class='ocrx_word' id='word_1_634' title='bbox 2178 2740 2244 2796; x_wconf 83' lang='grc' dir='ltr'>τὰ</span> <span class='ocrx_word' id='word_1_635' title='bbox 2274 2739 2420 2810; x_wconf 87' lang='grc' dir='ltr'>πάθη</span> <span class='ocrx_word' id='word_1_636' title='bbox 2453 2739 2641 2795; x_wconf 84' lang='grc' dir='ltr'>καλεῖν</span> <span class='ocrx_word' id='word_1_637' title='bbox 2706 2738 2983 2795; x_wconf 80' lang='grc' dir='ltr'>εἷώθασιν·</span> <span class='ocrx_word' id='word_1_638' title='bbox 3043 2739 3327 2814; x_wconf 84' lang='grc' dir='ltr'>πνεύματά</span> <span class='ocrx_word' id='word_1_639' title='bbox 3355 2761 3477 2796; x_wconf 88' lang='grc' dir='ltr'>τινα</span> <span class='ocrx_word' id='word_1_640' title='bbox 3505 2745 3674 2796; x_wconf 81' lang='grc' dir='ltr'>ταῦτα</span> <span class='ocrx_word' id='word_1_641' title='bbox 3724 2741 3842 2796; x_wconf 84' lang='grc' dir='ltr'>κατ’</span> 
     </span>
    </p>
   </div>
   <div class='ocr_carea' id='block_1_93' title="bbox 2181 2824 3846 2907">
    <p class='ocr_par' dir='ltr' id='par_1_93' title="bbox 2181 2824 3846 2907">
     <span class='ocr_line' id='line_1_93' title="bbox 2181 2824 3846 2907; baseline -0.001 -21"><span class='ocrx_word' id='word_1_642' title='bbox 2181 2829 2369 2886; x_wconf 81' lang='grc' dir='ltr'>οὐσίαν</span> <span class='ocrx_word' id='word_1_643' title='bbox 2411 2830 2676 2906; x_wconf 78' lang='grc' dir='ltr'>ὑπάρχειν</span> <span class='ocrx_word' id='word_1_644' title='bbox 2705 2824 3138 2906; x_wconf 68' lang='grc' dir='ltr'>προσηρτημένα</span> <span class='ocrx_word' id='word_1_645' title='bbox 3166 2834 3234 2905; x_wconf 77' lang='grc' dir='ltr'>τῇ</span> <span class='ocrx_word' id='word_1_646' title='bbox 3269 2829 3468 2907; x_wconf 83' lang='grc' dir='ltr'>λογικῇ</span> <span class='ocrx_word' id='word_1_647' title='bbox 3497 2833 3676 2906; x_wconf 78' lang='grc' dir='ltr'>ψυχῇ,</span> <span class='ocrx_word' id='word_1_648' title='bbox 3706 2831 3846 2886; x_wconf 86' lang='grc' dir='ltr'>κατά</span> 
     </span>
    </p>
   </div>
   <div class='ocr_carea' id='block_1_94' title="bbox 2177 2917 3843 2996">
    <p class='ocr_par' dir='ltr' id='par_1_94' title="bbox 2177 2917 3843 2996">
     <span class='ocr_line' id='line_1_94' title="bbox 2177 2917 3843 2996; baseline -0.001 -21"><span class='ocrx_word' id='word_1_649' title='bbox 2177 2941 2294 2976; x_wconf 85' lang='grc' dir='ltr'>τινα</span> <span class='ocrx_word' id='word_1_650' title='bbox 2339 2922 2583 2996; x_wconf 81' lang='grc' dir='ltr'>τάραχον</span> <span class='ocrx_word' id='word_1_651' title='bbox 2653 2919 2746 2976; x_wconf 88' lang='grc' dir='ltr'><strong>καὶ</strong></span> <span class='ocrx_word' id='word_1_652' title='bbox 2805 2921 3069 2995; x_wconf 85' lang='grc' dir='ltr'>σύγχυσιν</span> <span class='ocrx_word' id='word_1_653' title='bbox 3117 2921 3378 2994; x_wconf 76' lang='grc' dir='ltr'>ἀρχικήν·</span> <span class='ocrx_word' id='word_1_654' title='bbox 3440 2917 3617 2982; x_wconf 76' lang='grc' dir='ltr'>ἂλΛας</span> <span class='ocrx_word' id='word_1_655' title='bbox 3669 2941 3726 2975; x_wconf 92' lang='grc' dir='ltr'><strong>τε</strong></span> <span class='ocrx_word' id='word_1_656' title='bbox 3777 2917 3843 2974; x_wconf 81' lang='grc' dir='ltr'>αὗ</span> 
     </span>
    </p>
   </div>
   <div class='ocr_carea' id='block_1_95' title="bbox 2178 3008 3845 3088">
    <p class='ocr_par' dir='ltr' id='par_1_95' title="bbox 2178 3008 3845 3088">
     <span class='ocr_line' id='line_1_95' title="bbox 2178 3008 3845 3088; baseline -0.002 -22"><span class='ocrx_word' id='word_1_657' title='bbox 2178 3010 2502 3083; x_wconf 85' lang='grc' dir='ltr'>πνευμάτων</span> <span class='ocrx_word' id='word_1_658' title='bbox 2552 3009 2746 3072; x_wconf 88' lang='grc' dir='ltr'>νόθους</span> <span class='ocrx_word' id='word_1_659' title='bbox 2797 3008 2888 3064; x_wconf 86' lang='grc' dir='ltr'><strong>καὶ</strong></span> <span class='ocrx_word' id='word_1_660' title='bbox 2946 3009 3278 3085; x_wconf 67' lang='grc' dir='ltr'>ἑτερογενεῖς</span> <span class='ocrx_word' id='word_1_661' title='bbox 3337 3008 3521 3088; x_wconf 77' lang='grc' dir='ltr'>φύσεις</span> <span class='ocrx_word' id='word_1_662' title='bbox 3576 3029 3845 3082; x_wconf 85' lang='grc' dir='ltr'>προσεπι-</span> 
     </span>
    </p>
   </div>
   <div class='ocr_carea' id='block_1_96' title="bbox 2179 3095 3849 3179">
    <p class='ocr_par' dir='ltr' id='par_1_96' title="bbox 2179 3095 3849 3179">
     <span class='ocr_line' id='line_1_96' title="bbox 2179 3095 3849 3179; baseline -0.002 -23"><span class='ocrx_word' id='word_1_663' title='bbox 2179 3101 2401 3179; x_wconf 75' lang='grc' dir='ltr'>φύεσθαι</span> <span class='ocrx_word' id='word_1_664' title='bbox 2432 3099 2674 3168; x_wconf 83' lang='grc' dir='ltr'>ταύταις,</span> <span class='ocrx_word' id='word_1_665' title='bbox 2708 3102 2832 3154; x_wconf 80' lang='grc' dir='ltr'>οἷον</span> <span class='ocrx_word' id='word_1_666' title='bbox 2866 3097 3060 3169; x_wconf 86' lang='grc' dir='ltr'>λύκου,</span> <span class='ocrx_word' id='word_1_667' title='bbox 3117 3101 3378 3170; x_wconf 72' lang='grc' dir='ltr'>πιθήκου,</span> <span class='ocrx_word' id='word_1_668' title='bbox 3432 3095 3679 3168; x_wconf 72' lang='grc' dir='ltr'>λέοντος,</span> <span class='ocrx_word' id='word_1_669' title='bbox 3710 3100 3849 3172; x_wconf 82' lang='grc' dir='ltr'>τρά-</span> 
     </span>
    </p>
   </div>
   <div class='ocr_carea' id='block_1_97' title="bbox 2183 3187 3848 3267">
    <p class='ocr_par' dir='ltr' id='par_1_97' title="bbox 2183 3187 3848 3267">
     <span class='ocr_line' id='line_1_97' title="bbox 2183 3187 3848 3267; baseline -0.001 -23"><span class='ocrx_word' id='word_1_670' title='bbox 2183 3210 2305 3267; x_wconf 90' lang='grc' dir='ltr'>γου·</span> <span class='ocrx_word' id='word_1_671' title='bbox 2340 3191 2412 3244; x_wconf 80' lang='grc' dir='ltr'>ὧν</span> <span class='ocrx_word' id='word_1_672' title='bbox 2443 3189 2510 3244; x_wconf 78' lang='grc' dir='ltr'>τὰ</span> <span class='ocrx_word' id='word_1_673' title='bbox 2540 3187 2816 3262; x_wconf 67' lang='grc' dir='ltr'>ἰδιώματα</span> <span class='ocrx_word' id='word_1_674' title='bbox 2865 3188 2990 3265; x_wconf 88' lang='grc' dir='ltr'>περὶ</span> <span class='ocrx_word' id='word_1_675' title='bbox 3047 3189 3148 3258; x_wconf 83' lang='grc' dir='ltr'>τήν</span> <span class='ocrx_word' id='word_1_676' title='bbox 3207 3189 3392 3264; x_wconf 74' lang='grc' dir='ltr'>ψυχήν</span> <span class='ocrx_word' id='word_1_677' title='bbox 3445 3187 3848 3265; x_wconf 74' lang='grc' dir='ltr'>φανταζόμενα,</span> 
     </span>
    </p>
   </div>
   <div class='ocr_carea' id='block_1_98' title="bbox 2183 3277 3847 3356">
    <p class='ocr_par' dir='ltr' id='par_1_98' title="bbox 2183 3277 3847 3356">
     <span class='ocr_line' id='line_1_98' title="bbox 2183 3277 3847 3356; baseline -0.002 -21"><span class='ocrx_word' id='word_1_678' title='bbox 2183 3280 2277 3342; x_wconf 75' lang='grc' dir='ltr'>τὰς</span> <span class='ocrx_word' id='word_1_679' title='bbox 2309 3277 2599 3351; x_wconf 81' lang='grc' dir='ltr'>ἐπιθυμίας</span> <span class='ocrx_word' id='word_1_680' title='bbox 2644 3285 2746 3349; x_wconf 73' lang='grc' dir='ltr'>τῆς</span> <span class='ocrx_word' id='word_1_681' title='bbox 2805 3281 2992 3353; x_wconf 82' lang='grc' dir='ltr'>ψυχῆς</span> <span class='ocrx_word' id='word_1_682' title='bbox 3038 3282 3154 3340; x_wconf 91' lang='grc' dir='ltr'>τοῖς</span> <span class='ocrx_word' id='word_1_683' title='bbox 3213 3279 3374 3348; x_wconf 85' lang='grc' dir='ltr'>ζώοις</span> <span class='ocrx_word' id='word_1_684' title='bbox 3433 3277 3687 3356; x_wconf 67' lang='grc' dir='ltr'>ἐμφερῶς</span> <span class='ocrx_word' id='word_1_685' title='bbox 3728 3277 3847 3348; x_wconf 77' lang='grc' dir='ltr'><strong>ἐξο-</strong></span> 
     </span>
    </p>
   </div>
   <div class='ocr_carea' id='block_1_99' title="bbox 2184 3365 3843 3444">
    <p class='ocr_par' dir='ltr' id='par_1_99' title="bbox 2184 3365 3843 3444">
     <span class='ocr_line' id='line_1_99' title="bbox 2184 3365 3843 3444; baseline -0.001 -20"><span class='ocrx_word' id='word_1_686' title='bbox 2184 3373 2375 3442; x_wconf 76' lang='grc' dir='ltr'>μοιοῦν</span> <span class='ocrx_word' id='word_1_687' title='bbox 2406 3367 2684 3444; x_wconf 77' lang='grc' dir='ltr'>λέγουσιν’</span> <span class='ocrx_word' id='word_1_688' title='bbox 2718 3369 2813 3422; x_wconf 85' lang='grc' dir='ltr'>Ὧν</span> <span class='ocrx_word' id='word_1_689' title='bbox 2867 3368 2968 3444; x_wconf 82' lang='grc' dir='ltr'>γὰρ</span> <span class='ocrx_word' id='word_1_690' title='bbox 3003 3365 3281 3441; x_wconf 77' lang='grc' dir='ltr'>ἰδιώματα</span> <span class='ocrx_word' id='word_1_691' title='bbox 3334 3367 3578 3442; x_wconf 71' lang='grc' dir='ltr'>φέρουσι,</span> <span class='ocrx_word' id='word_1_692' title='bbox 3633 3367 3843 3422; x_wconf 89' lang='grc' dir='ltr'>τούτων</span> 
     </span>
    </p>
   </div>
   <div class='ocr_carea' id='block_1_100' title="bbox 2177 3453 3845 3533">
    <p class='ocr_par' dir='ltr' id='par_1_100' title="bbox 2177 3453 3845 3533">
     <span class='ocr_line' id='line_1_100' title="bbox 2177 3453 3845 3533; baseline -0.001 -20"><span class='ocrx_word' id='word_1_693' title='bbox 2177 3459 2246 3513; x_wconf 73' lang='grc' dir='ltr'>τὰ</span> <span class='ocrx_word' id='word_1_694' title='bbox 2283 3453 2412 3533; x_wconf 77' lang='grc' dir='ltr'>ἔργα</span> <span class='ocrx_word' id='word_1_695' title='bbox 2468 3461 2784 3530; x_wconf 77' lang='grc' dir='ltr'>μιμοῦνται·</span> <span class='ocrx_word' id='word_1_696' title='bbox 2836 3457 2926 3512; x_wconf 87' lang='grc' dir='ltr'><strong>καὶ</strong></span> <span class='ocrx_word' id='word_1_697' title='bbox 2985 3457 3048 3512; x_wconf 85' lang='grc' dir='ltr'><strong>ού</strong></span> <span class='ocrx_word' id='word_1_698' title='bbox 3101 3457 3268 3529; x_wconf 91' lang='grc' dir='ltr'>μόνον</span> <span class='ocrx_word' id='word_1_699' title='bbox 3321 3463 3441 3520; x_wconf 84' lang='grc' dir='ltr'>ταῖς</span> <span class='ocrx_word' id='word_1_700' title='bbox 3497 3458 3697 3532; x_wconf 82' lang='grc' dir='ltr'>ὁρμαῖς</span> <span class='ocrx_word' id='word_1_701' title='bbox 3753 3455 3845 3512; x_wconf 83' lang='grc' dir='ltr'><strong>καὶ</strong></span> 
     </span>
    </p>
   </div>
   <div class='ocr_carea' id='block_1_101' title="bbox 2180 3545 3846 3626">
    <p class='ocr_par' dir='ltr' id='par_1_101' title="bbox 2180 3545 3846 3626">
     <span class='ocr_line' id='line_1_101' title="bbox 2180 3545 3846 3626; baseline -0.001 -23"><span class='ocrx_word' id='word_1_702' title='bbox 2180 3547 2492 3626; x_wconf 76' lang='grc' dir='ltr'>φαντασίαις</span> <span class='ocrx_word' id='word_1_703' title='bbox 2521 3551 2628 3601; x_wconf 82' lang='grc' dir='ltr'><strong>τῶν</strong></span> <span class='ocrx_word' id='word_1_704' title='bbox 2667 3545 2883 3622; x_wconf 84' lang='grc' dir='ltr'>ἀλόγων</span> <span class='ocrx_word' id='word_1_705' title='bbox 2947 3547 3101 3616; x_wconf 81' lang='grc' dir='ltr'>ζώων</span> <span class='ocrx_word' id='word_1_706' title='bbox 3151 3550 3644 3620; x_wconf 80' lang='grc' dir='ltr'>προσοικειοῦνται,</span> <span class='ocrx_word' id='word_1_707' title='bbox 3696 3545 3846 3602; x_wconf 75' lang='grc' dir='ltr'>ἀλλὰ</span> 
     </span>
    </p>
   </div>
   <div class='ocr_carea' id='block_1_102' title="bbox 2178 3633 3843 3712">
    <p class='ocr_par' dir='ltr' id='par_1_102' title="bbox 2178 3633 3843 3712">
     <span class='ocr_line' id='line_1_102' title="bbox 2178 3633 3843 3712; baseline -0.002 -19"><span class='ocrx_word' id='word_1_708' title='bbox 2178 3636 2269 3693; x_wconf 84' lang='grc' dir='ltr'><strong>καὶ</strong></span> <span class='ocrx_word' id='word_1_709' title='bbox 2297 3640 2477 3712; x_wconf 72' lang='grc' dir='ltr'>φυτῶν</span> <span class='ocrx_word' id='word_1_710' title='bbox 2509 3638 2787 3710; x_wconf 80' lang='grc' dir='ltr'>κινήματα</span> <span class='ocrx_word' id='word_1_711' title='bbox 2813 3635 2903 3691; x_wconf 81' lang='grc' dir='ltr'><strong>καὶ</strong></span> <span class='ocrx_word' id='word_1_712' title='bbox 2950 3634 3133 3707; x_wconf 83' lang='grc' dir='ltr'>κάλλη</span> <span class='ocrx_word' id='word_1_713' title='bbox 3197 3634 3452 3709; x_wconf 84' lang='grc' dir='ltr'>ζηλοῦσι,</span> <span class='ocrx_word' id='word_1_714' title='bbox 3513 3633 3604 3692; x_wconf 75' lang='grc' dir='ltr'>διὰ</span> <span class='ocrx_word' id='word_1_715' title='bbox 3656 3636 3720 3690; x_wconf 87' lang='grc' dir='ltr'>τὸ</span> <span class='ocrx_word' id='word_1_716' title='bbox 3750 3635 3843 3690; x_wconf 83' lang='grc' dir='ltr'><strong>καὶ</strong></span> 
     </span>
    </p>
   </div>
   <div class='ocr_carea' id='block_1_103' title="bbox 2181 3722 3844 3804">
    <p class='ocr_par' dir='ltr' id='par_1_103' title="bbox 2181 3722 3844 3804">
     <span class='ocr_line' id='line_1_103' title="bbox 2181 3722 3844 3804; baseline -0.001 -23"><span class='ocrx_word' id='word_1_717' title='bbox 2181 3731 2359 3804; x_wconf 74' lang='grc' dir='ltr'>φυτῶν</span> <span class='ocrx_word' id='word_1_718' title='bbox 2395 3724 2669 3800; x_wconf 77' lang='grc' dir='ltr'>ἰδιώματα</span> <span class='ocrx_word' id='word_1_719' title='bbox 2725 3725 3155 3802; x_wconf 77' lang='grc' dir='ltr'>προσηρτημὲνα</span> <span class='ocrx_word' id='word_1_720' title='bbox 3185 3722 3389 3801; x_wconf 81' lang='grc' dir='ltr'>φέρειν.</span> <span class='ocrx_word' id='word_1_721' title='bbox 3422 3727 3582 3801; x_wconf 84' lang='grc' dir='ltr'>Ἔχει</span> <span class='ocrx_word' id='word_1_722' title='bbox 3635 3723 3692 3780; x_wconf 62' lang='grc' dir='ltr'>δὲ</span> <span class='ocrx_word' id='word_1_723' title='bbox 3748 3724 3844 3780; x_wconf 86' lang='grc' dir='ltr'><strong>καὶ</strong></span> 
     </span>
    </p>
   </div>
   <div class='ocr_carea' id='block_1_104' title="bbox 2177 3812 3843 3888">
    <p class='ocr_par' dir='ltr' id='par_1_104' title="bbox 2177 3812 3843 3888">
     <span class='ocr_line' id='line_1_104' title="bbox 2177 3812 3843 3888; baseline -0.001 -17"><span class='ocrx_word' id='word_1_724' title='bbox 2177 3815 2340 3888; x_wconf 67' lang='grc' dir='ltr'>ἕξεως</span> <span class='ocrx_word' id='word_1_725' title='bbox 2373 3814 2668 3888; x_wconf 77' lang='grc' dir='ltr'>ἰδιώματα,</span> <span class='ocrx_word' id='word_1_726' title='bbox 2695 3817 2812 3870; x_wconf 84' lang='grc' dir='ltr'>οἷον</span> <span class='ocrx_word' id='word_1_727' title='bbox 2845 3812 3152 3887; x_wconf 77' lang='grc' dir='ltr'>ἀδάμαντος</span> <span class='ocrx_word' id='word_1_728' title='bbox 3186 3812 3477 3888; x_wconf 87' lang='grc' dir='ltr'>σκληρίαν.</span> <span class='ocrx_word' id='word_1_729' title='bbox 3537 3814 3715 3871; x_wconf 82' lang='grc' dir='ltr'><strong>Ἀλλᾶ</strong></span> <span class='ocrx_word' id='word_1_730' title='bbox 3743 3815 3843 3887; x_wconf 76' lang='grc' dir='ltr'><strong>μὶν</strong></span> 
     </span>
    </p>
   </div>
   <div class='ocr_carea' id='block_1_105' title="bbox 2179 3901 3844 3982">
    <p class='ocr_par' dir='ltr' id='par_1_105' title="bbox 2179 3901 3844 3982">
     <span class='ocr_line' id='line_1_105' title="bbox 2179 3901 3844 3982; baseline -0.001 -20"><span class='ocrx_word' id='word_1_731' title='bbox 2179 3905 2315 3982; x_wconf 90' lang='grc' dir='ltr'>πρὸς</span> <span class='ocrx_word' id='word_1_732' title='bbox 2346 3905 2408 3960; x_wconf 84' lang='grc' dir='ltr'>τὸ</span> <span class='ocrx_word' id='word_1_733' title='bbox 2441 3902 2618 3982; x_wconf 87' lang='grc' dir='ltr'>δόγμα</span> <span class='ocrx_word' id='word_1_734' title='bbox 2661 3909 2824 3960; x_wconf 79' lang='grc' dir='ltr'>τοῦτο</span> <span class='ocrx_word' id='word_1_735' title='bbox 2885 3901 3248 3979; x_wconf 80' lang='grc' dir='ltr'>διαλεξόμεθα</span> <span class='ocrx_word' id='word_1_736' title='bbox 3298 3904 3540 3980; x_wconf 77' lang='grc' dir='ltr'>ὕστερον,</span> <span class='ocrx_word' id='word_1_737' title='bbox 3601 3903 3844 3974; x_wconf 75' lang='grc' dir='ltr'>ὁπηνίκα</span> 
     </span>
    </p>
   </div>
   <div class='ocr_carea' id='block_1_106' title="bbox 2181 3987 3843 4070">
    <p class='ocr_par' dir='ltr' id='par_1_106' title="bbox 2181 3987 3843 4070">
     <span class='ocr_line' id='line_1_106' title="bbox 2181 3987 3843 4070; baseline -0.001 -20"><span class='ocrx_word' id='word_1_738' title='bbox 2181 3993 2305 4069; x_wconf 79' lang='grc' dir='ltr'>περὶ</span> <span class='ocrx_word' id='word_1_739' title='bbox 2337 3996 2522 4070; x_wconf 78' lang='grc' dir='ltr'>ψυχῆς</span> <span class='ocrx_word' id='word_1_740' title='bbox 2554 3987 3020 4066; x_wconf 72' lang='grc' dir='ltr'>διαλαμϐάνομενο</span> <span class='ocrx_word' id='word_1_741' title='bbox 3054 3996 3142 4048; x_wconf 80' lang='grc' dir='ltr'>νῦν</span> <span class='ocrx_word' id='word_1_742' title='bbox 3201 3990 3259 4049; x_wconf 77' lang='grc' dir='ltr'>δὶ</span> <span class='ocrx_word' id='word_1_743' title='bbox 3303 3997 3470 4050; x_wconf 79' lang='grc' dir='ltr'>τοῦτο</span> <span class='ocrx_word' id='word_1_744' title='bbox 3522 3994 3690 4068; x_wconf 91' lang='grc' dir='ltr'>μόνον</span> <span class='ocrx_word' id='word_1_745' title='bbox 3729 4014 3843 4048; x_wconf 90' lang='grc' dir='ltr'>πα-</span> 
     </span>
    </p>
   </div>
   <div class='ocr_carea' id='block_1_107' title="bbox 2181 4081 3847 4161">
    <p class='ocr_par' dir='ltr' id='par_1_107' title="bbox 2181 4081 3847 4161">
     <span class='ocr_line' id='line_1_107' title="bbox 2181 4081 3847 4161; baseline -0.001 -21"><span class='ocrx_word' id='word_1_746' title='bbox 2181 4081 2616 4161; x_wconf 74' lang='grc' dir='ltr'>ρασημειωτέον,</span> <span class='ocrx_word' id='word_1_747' title='bbox 2672 4082 2746 4146; x_wconf 84' lang='grc' dir='ltr'>ὡς</span> <span class='ocrx_word' id='word_1_748' title='bbox 2793 4084 3053 4159; x_wconf 85' lang='grc' dir='ltr'>Δουρείου</span> <span class='ocrx_word' id='word_1_749' title='bbox 3107 4083 3256 4146; x_wconf 89' lang='grc' dir='ltr'>τινὸς</span> <span class='ocrx_word' id='word_1_750' title='bbox 3281 4081 3458 4140; x_wconf 65' lang='grc' dir='ltr'>Ἵππου</span> <span class='ocrx_word' id='word_1_751' title='bbox 3515 4086 3648 4159; x_wconf 83' lang='lat'><strong>(82),</strong></span> <span class='ocrx_word' id='word_1_752' title='bbox 3703 4084 3847 4139; x_wconf 75' lang='grc' dir='ltr'>κατὰ</span> 
     </span>
    </p>
   </div>
   <div class='ocr_carea' id='block_1_108' title="bbox 2185 4394 3847 4467">
    <p class='ocr_par' dir='ltr' id='par_1_108' title="bbox 2185 4394 3847 4467">
     <span class='ocr_line' id='line_1_108' title="bbox 2185 4394 3847 4467; baseline -0.001 -17"><span class='ocrx_word' id='word_1_753' title='bbox 2185 4409 2314 4466; x_wconf 54' lang='lat' dir='ltr'><strong>qua</strong></span> <span class='ocrx_word' id='word_1_754' title='bbox 2344 4396 2572 4452; x_wconf 85' lang='lat' dir='ltr'><strong>assumit</strong></span> <span class='ocrx_word' id='word_1_755' title='bbox 2623 4394 3077 4467; x_wconf 85' lang='lat' dir='ltr'><strong>imaginationem</strong></span> <span class='ocrx_word' id='word_1_756' title='bbox 3107 4399 3161 4451; x_wconf 89' lang='lat' dir='ltr'><strong>et</strong></span> <span class='ocrx_word' id='word_1_757' title='bbox 3207 4395 3472 4466; x_wconf 84' lang='lat' dir='ltr'><strong>impetum</strong></span> <span class='ocrx_word' id='word_1_758' title='bbox 3494 4413 3515 4460; x_wconf 84' lang='lat'><strong><em>;</em></strong></span> <span class='ocrx_word' id='word_1_759' title='bbox 3543 4394 3666 4465; x_wconf 82' lang='lat' dir='ltr'><strong>ipsa</strong></span> <span class='ocrx_word' id='word_1_760' title='bbox 3695 4410 3847 4450; x_wconf 87' lang='lat' dir='ltr'><strong>com-</strong></span> 
     </span>
    </p>
   </div>
   <div class='ocr_carea' id='block_1_109' title="bbox 2183 4467 3841 4524">
    <p class='ocr_par' dir='ltr' id='par_1_109' title="bbox 2183 4467 3841 4524">
     <span class='ocr_line' id='line_1_109' title="bbox 2183 4467 3841 4524; baseline -0.002 -1"><span class='ocrx_word' id='word_1_761' title='bbox 2183 4471 2364 4523; x_wconf 86' lang='lat' dir='ltr'><strong>munis</strong></span> <span class='ocrx_word' id='word_1_762' title='bbox 2393 4475 2444 4523; x_wconf 87' lang='lat' dir='ltr'><strong>et</strong></span> <span class='ocrx_word' id='word_1_763' title='bbox 2476 4467 2899 4524; x_wconf 77' lang='lat' dir='ltr'><strong>irrationalium</strong></span> <span class='ocrx_word' id='word_1_764' title='bbox 2925 4475 3023 4523; x_wconf 85' lang='lat' dir='ltr'><strong>est.</strong></span> <span class='ocrx_word' id='word_1_765' title='bbox 3056 4469 3232 4523; x_wconf 86' lang='lat' dir='ltr'><strong>Habet</strong></span> <span class='ocrx_word' id='word_1_766' title='bbox 3260 4476 3444 4523; x_wconf 89' lang='lat' dir='ltr'><strong>autem</strong></span> <span class='ocrx_word' id='word_1_767' title='bbox 3475 4473 3524 4522; x_wconf 89' lang='lat' dir='ltr'><strong>et</strong></span> <span class='ocrx_word' id='word_1_768' title='bbox 3556 4483 3710 4522; x_wconf 87' lang='lat' dir='ltr'><strong>mens</strong></span> <span class='ocrx_word' id='word_1_769' title='bbox 3738 4483 3841 4520; x_wconf 90' lang='lat' dir='ltr'><strong>no-</strong></span> 
     </span>
    </p>
   </div>
   <div class='ocr_carea' id='block_1_110' title="bbox 2181 4537 3840 4610">
    <p class='ocr_par' dir='ltr' id='par_1_110' title="bbox 2181 4537 3840 4610">
     <span class='ocr_line' id='line_1_110' title="bbox 2181 4537 3840 4610; baseline -0.001 -16"><span class='ocrx_word' id='word_1_770' title='bbox 2181 4547 2299 4594; x_wconf 87' lang='lat' dir='ltr'><strong>stra</strong></span> <span class='ocrx_word' id='word_1_771' title='bbox 2320 4539 2615 4610; x_wconf 88' lang='lat' dir='ltr'><strong>analogum</strong></span> <span class='ocrx_word' id='word_1_772' title='bbox 2647 4542 2785 4610; x_wconf 85' lang='lat' dir='ltr'><strong>quid</strong></span> <span class='ocrx_word' id='word_1_773' title='bbox 2830 4540 3153 4595; x_wconf 83' lang='lat' dir='ltr'><strong>irrationali</strong></span> <span class='ocrx_word' id='word_1_774' title='bbox 3211 4542 3429 4594; x_wconf 62' lang='lat' dir='ltr'><strong>animm.</strong></span> <span class='ocrx_word' id='word_1_775' title='bbox 3463 4539 3625 4593; x_wconf 90' lang='lat' dir='ltr'><strong>Idem</strong></span> <span class='ocrx_word' id='word_1_776' title='bbox 3656 4537 3840 4594; x_wconf 84' lang='lat' dir='ltr'><strong>latius</strong></span> 
     </span>
    </p>
   </div>
   <div class='ocr_carea' id='block_1_111' title="bbox 2181 4611 3838 4738">
    <p class='ocr_par' dir='ltr' id='par_1_111' title="bbox 2181 4611 3838 4738">
     <span class='ocr_line' id='line_1_111' title="bbox 2181 4611 3838 4738; baseline -0.001 -72"><span class='ocrx_word' id='word_1_777' title='bbox 2181 4612 2563 4738; x_wconf 50' lang='lat' dir='ltr'><strong>(persequitur</strong></span> <span class='ocrx_word' id='word_1_778' title='bbox 2602 4611 2702 4694; x_wconf 79' lang='lat' dir='ltr'><strong>lib.</strong></span> <span class='ocrx_word' id='word_1_779' title='bbox 2731 4613 2887 4676; x_wconf 86' lang='lat' dir='ltr'><strong>Quod</strong></span> <span class='ocrx_word' id='word_1_780' title='bbox 2916 4615 3056 4694; x_wconf 61' lang='lat' dir='ltr'><strong>Deus</strong></span> <span class='ocrx_word' id='word_1_781' title='bbox 3102 4613 3173 4666; x_wconf 85' lang='lat' dir='ltr'><strong>sit</strong></span> <span class='ocrx_word' id='word_1_782' title='bbox 3219 4614 3456 4677; x_wconf 88' lang='lat' dir='ltr'><strong>immut.,</strong></span> <span class='ocrx_word' id='word_1_783' title='bbox 3491 4627 3620 4696; x_wconf 69' lang='lat' dir='ltr'><strong>pag.</strong></span> <span class='ocrx_word' id='word_1_784' title='bbox 3684 4612 3788 4663; x_wconf 83' lang='lat'><strong>299</strong></span> <span class='ocrx_word' id='word_1_785' title='bbox 3822 4650 3838 4665; x_wconf 94' lang='lat'><strong>.</strong></span> 
     </span>
     <span class='ocr_line' id='line_1_112' title="bbox 2225 4683 3835 4738; baseline -0.002 0"><span class='ocrx_word' id='word_1_786' title='bbox 2225 4683 2345 4738; x_wconf 85' lang='lat' dir='ltr'><strong>onf.</strong></span> <span class='ocrx_word' id='word_1_787' title='bbox 2380 4688 2559 4738; x_wconf 79' lang='lat' dir='ltr'><strong>etiam</strong></span> <span class='ocrx_word' id='word_1_788' title='bbox 2592 4683 2863 4738; x_wconf 80' lang='lat' dir='ltr'><strong>eiusdem</strong></span> <span class='ocrx_word' id='word_1_789' title='bbox 2893 4683 2999 4738; x_wconf 79' lang='lat' dir='ltr'><strong>lib.</strong></span> <span class='ocrx_word' id='word_1_790' title='bbox 3033 4684 3187 4738; x_wconf 81' lang='lat' dir='ltr'><strong>Quod</strong></span> <span class='ocrx_word' id='word_1_791' title='bbox 3212 4684 3449 4738; x_wconf 87' lang='lat' dir='ltr'><strong>mundus</strong></span> <span class='ocrx_word' id='word_1_792' title='bbox 3477 4688 3549 4738; x_wconf 75' lang='grc' dir='ltr'>διε</span> <span class='ocrx_word' id='word_1_793' title='bbox 3581 4698 3835 4737; x_wconf 79' lang='lat' dir='ltr'><strong>incorru-</strong></span> 
     </span>
    </p>
   </div>
   <div class='ocr_carea' id='block_1_112' title="bbox 2225 4683 3835 4809">
    <p class='ocr_par' dir='ltr' id='par_1_112' title="bbox 2225 4683 3835 4809">
     <span class='ocr_line' id='line_1_113' title="bbox 2225 4683 3835 4809; baseline -0.002 -71"><span class='ocrx_word' id='word_1_794' title='bbox 2225 4683 2559 4809; x_wconf 28' lang='lat' dir='ltr'><strong>gzt‘iuetiam</strong></span> <span class='ocrx_word' id='word_1_795' title='bbox 2592 4683 2863 4755; x_wconf 81' lang='lat' dir='ltr'><strong>ejusdem</strong></span> <span class='ocrx_word' id='word_1_796' title='bbox 2893 4683 2999 4739; x_wconf 89' lang='lat' dir='ltr'><strong>lib.</strong></span> <span class='ocrx_word' id='word_1_797' title='bbox 3033 4684 3187 4748; x_wconf 85' lang='lat' dir='ltr'><strong>Quod</strong></span> <span class='ocrx_word' id='word_1_798' title='bbox 3212 4684 3449 4738; x_wconf 87' lang='lat' dir='ltr'><strong>mundus</strong></span> <span class='ocrx_word' id='word_1_799' title='bbox 3477 4686 3549 4738; x_wconf 88' lang='lat' dir='ltr'><strong>sit</strong></span> <span class='ocrx_word' id='word_1_800' title='bbox 3581 4684 3835 4737; x_wconf 83' lang='lat' dir='ltr'><strong>incorru-</strong></span> 
     </span>
     <span class='ocr_line' id='line_1_114' title="bbox 2301 4771 2410 4809; baseline 0 0"><span class='ocrx_word' id='word_1_801' title='bbox 2301 4774 2322 4809; x_wconf 85' lang='grc' dir='ltr'><strong>ι</strong></span> <span class='ocrx_word' id='word_1_802' title='bbox 2345 4771 2410 4809; x_wconf 79' lang='grc' dir='ltr'>ιε.</span> 
     </span>
    </p>
   </div>
   <div class='ocr_carea' id='block_1_113' title="bbox 2219 4754 2410 4811">
    <p class='ocr_par' dir='ltr' id='par_1_113' title="bbox 2219 4754 2410 4811">
     <span class='ocr_line' id='line_1_115' title="bbox 2219 4754 2410 4811; baseline -0.005 0"><span class='ocrx_word' id='word_1_803' title='bbox 2219 4754 2410 4811; x_wconf 74' lang='lat' dir='ltr'><strong>tibitis.</strong></span> 
     </span>
    </p>
   </div>
   <div class='ocr_carea' id='block_1_114' title="bbox 2170 4773 3600 4901">
    <p class='ocr_par' dir='ltr' id='par_1_114' title="bbox 2170 4773 3600 4901">
     <span class='ocr_line' id='line_1_116' title="bbox 2170 4773 3600 4901; baseline 0.001 -21"><span class='ocrx_word' id='word_1_804' title='bbox 2170 4773 2544 4901; x_wconf 49' lang='grc' dir='ltr'><strong>Ριῗθῖςεξνεῖν</strong></span> <span class='ocrx_word' id='word_1_805' title='bbox 2574 4827 2682 4901; x_wconf 62' lang='grc' dir='ltr'><strong>τῶν</strong></span> <span class='ocrx_word' id='word_1_806' title='bbox 2715 4821 3252 4901; x_wconf 35' lang='grc' dir='ltr'>πρκΝοιῐιΡθ-ἕξεως</span> <span class='ocrx_word' id='word_1_807' title='bbox 3281 4830 3340 4901; x_wconf 66' lang='lat' dir='ltr'><strong>e_t</strong></span> <span class='ocrx_word' id='word_1_808' title='bbox 3369 4823 3600 4901; x_wconf 76' lang='grc' dir='ltr'>φύσεως.</span> 
     </span>
    </p>
   </div>
   <div class='ocr_carea' id='block_1_115' title="bbox 2248 4894 3834 4971">
    <p class='ocr_par' dir='ltr' id='par_1_115' title="bbox 2248 4894 3834 4971">
     <span class='ocr_line' id='line_1_117' title="bbox 2248 4894 3834 4971; baseline -0.004 -16"><span class='ocrx_word' id='word_1_809' title='bbox 2248 4894 2362 4968; x_wconf 83' lang='grc'>(81)</span> <span class='ocrx_word' id='word_1_810' title='bbox 2393 4897 2508 4971; x_wconf 78' lang='grc' dir='ltr'><strong>Τὴν</strong></span> <span class='ocrx_word' id='word_1_811' title='bbox 2569 4894 2781 4971; x_wconf 62' lang='grc' dir='ltr'><strong>ιίιληθῆ⁸</strong></span> <span class='ocrx_word' id='word_1_812' title='bbox 2813 4897 2918 4952; x_wconf 79' lang='grc' dir='ltr'><strong>ἇπὸ</strong></span> <span class='ocrx_word' id='word_1_813' title='bbox 2976 4894 3228 4971; x_wconf 73' lang='grc' dir='ltr'>ψεύδους.</span> <span class='ocrx_word' id='word_1_814' title='bbox 3260 4894 3673 4971; x_wconf 31' lang='grc' dir='ltr'>,Οοὶιοξηῐιὶιιὴ</span> <span class='ocrx_word' id='word_1_815' title='bbox 3731 4895 3834 4971; x_wconf 73' lang='grc' dir='ltr'>τὴν</span> 
     </span>
    </p>
   </div>
   <div class='ocr_carea' id='block_1_116' title="bbox 2175 4963 3832 5046">
    <p class='ocr_par' dir='ltr' id='par_1_116' title="bbox 2175 4963 3832 5046">
     <span class='ocr_line' id='line_1_118' title="bbox 2175 4963 3832 5046; baseline -0.001 -23"><span class='ocrx_word' id='word_1_816' title='bbox 2175 4963 2495 5046; x_wconf 43' lang='grc' dir='ltr'>ἀληθῆ-ἀπὸ</span> <span class='ocrx_word' id='word_1_817' title='bbox 2515 4971 2624 5046; x_wconf 52' lang='grc' dir='ltr'>τῆς</span> <span class='ocrx_word' id='word_1_818' title='bbox 2655 4963 2910 5042; x_wconf 79' lang='grc' dir='ltr'>ψευδοῦς·</span> <span class='ocrx_word' id='word_1_819' title='bbox 2946 4963 3014 5026; x_wconf 79' lang='lat' dir='ltr'><strong>ut</strong></span> <span class='ocrx_word' id='word_1_820' title='bbox 3033 4988 3190 5041; x_wconf 86' lang='lat' dir='ltr'><strong>mox,</strong></span> <span class='ocrx_word' id='word_1_821' title='bbox 3221 4968 3284 5024; x_wconf 90' lang='grc' dir='ltr'>τὸ</span> <span class='ocrx_word' id='word_1_822' title='bbox 3340 4963 3663 5046; x_wconf 77' lang='grc' dir='ltr'>ἐφύϐριστον</span> <span class='ocrx_word' id='word_1_823' title='bbox 3725 4967 3832 5022; x_wconf 81' lang='grc' dir='ltr'><strong>ἀπὸ</strong></span> 
     </span>
    </p>
   </div>
   <div class='ocr_carea' id='block_1_117' title="bbox 2177 5039 2781 5114">
    <p class='ocr_par' dir='ltr' id='par_1_117' title="bbox 2177 5039 2781 5114">
     <span class='ocr_line' id='line_1_119' title="bbox 2177 5039 2781 5114; baseline 0.008 -20"><span class='ocrx_word' id='word_1_824' title='bbox 2177 5044 2272 5094; x_wconf 76' lang='grc' dir='ltr'>τοῦ</span> <span class='ocrx_word' id='word_1_825' title='bbox 2303 5039 2477 5114; x_wconf 80' lang='grc' dir='ltr'>ἁγίου.</span> <span class='ocrx_word' id='word_1_826' title='bbox 2511 5039 2781 5114; x_wconf 59' lang='grc' dir='ltr'><strong>δἰξιυύῆῦ.</strong></span> 
     </span>
    </p>
   </div>
   <div class='ocr_carea' id='block_1_118' title="bbox 2249 5109 3835 5186">
    <p class='ocr_par' dir='ltr' id='par_1_118' title="bbox 2249 5109 3835 5186">
     <span class='ocr_line' id='line_1_120' title="bbox 2249 5109 3835 5186; baseline -0.001 -19"><span class='ocrx_word' id='word_1_827' title='bbox 2249 5109 2361 5184; x_wconf 85' lang='grc'>(82)</span> <span class='ocrx_word' id='word_1_828' title='bbox 2394 5111 2657 5186; x_wconf 84' lang='grc' dir='ltr'>Δουρείου</span> <span class='ocrx_word' id='word_1_829' title='bbox 2694 5114 2842 5177; x_wconf 84' lang='grc' dir='ltr'>τινὸς</span> <span class='ocrx_word' id='word_1_830' title='bbox 2891 5109 3087 5170; x_wconf 69' lang='grc' dir='ltr'>Ἵππου.</span> <span class='ocrx_word' id='word_1_831' title='bbox 3146 5115 3318 5186; x_wconf 82' lang='lat' dir='ltr'><strong>Durei</strong></span> <span class='ocrx_word' id='word_1_832' title='bbox 3364 5113 3652 5186; x_wconf 84' lang='lat' dir='ltr'><strong>cujusdam</strong></span> <span class='ocrx_word' id='word_1_833' title='bbox 3707 5111 3835 5186; x_wconf 71' lang='lat' dir='ltr'><strong>equi</strong></span> 
     </span>
    </p>
   </div>
   <div class='ocr_carea' id='block_1_119' title="bbox 2175 5183 3831 5257">
    <p class='ocr_par' dir='ltr' id='par_1_119' title="bbox 2175 5183 3831 5257">
     <span class='ocr_line' id='line_1_121' title="bbox 2175 5183 3831 5257; baseline -0.002 -17"><span class='ocrx_word' id='word_1_834' title='bbox 2175 5183 2404 5255; x_wconf 79' lang='lat' dir='ltr'><strong>speciem</strong></span> <span class='ocrx_word' id='word_1_835' title='bbox 2465 5183 2692 5257; x_wconf 64' lang='lat' dir='ltr'><strong>prefert</strong></span> <span class='ocrx_word' id='word_1_836' title='bbox 2749 5187 2872 5242; x_wconf 92' lang='lat' dir='ltr'><strong>Dici</strong></span> <span class='ocrx_word' id='word_1_837' title='bbox 2927 5191 3124 5257; x_wconf 90' lang='lat' dir='ltr'><strong>potest</strong></span> <span class='ocrx_word' id='word_1_838' title='bbox 3179 5185 3251 5240; x_wconf 90' lang='lat' dir='ltr'><strong>de</strong></span> <span class='ocrx_word' id='word_1_839' title='bbox 3327 5185 3569 5240; x_wconf 89' lang='lat' dir='ltr'><strong>homine</strong></span> <span class='ocrx_word' id='word_1_840' title='bbox 3629 5183 3831 5239; x_wconf 90' lang='lat' dir='ltr'><strong>multi-</strong></span> 
     </span>
    </p>
   </div>
   <div class='ocr_carea' id='block_1_120' title="bbox 2176 5257 3833 5314">
    <p class='ocr_par' dir='ltr' id='par_1_120' title="bbox 2176 5257 3833 5314">
     <span class='ocr_line' id='line_1_122' title="bbox 2176 5257 3833 5314; baseline -0.001 -2"><span class='ocrx_word' id='word_1_841' title='bbox 2176 5257 2342 5312; x_wconf 80' lang='lat' dir='ltr'><strong>fariis</strong></span> <span class='ocrx_word' id='word_1_842' title='bbox 2374 5261 2433 5312; x_wconf 87' lang='lat' dir='ltr'>et</span> <span class='ocrx_word' id='word_1_843' title='bbox 2479 5258 2727 5314; x_wconf 90' lang='lat' dir='ltr'><strong>diversis</strong></span> <span class='ocrx_word' id='word_1_844' title='bbox 2786 5258 2944 5312; x_wconf 89' lang='lat' dir='ltr'><strong>inter</strong></span> <span class='ocrx_word' id='word_1_845' title='bbox 2988 5275 3050 5313; x_wconf 93' lang='lat' dir='ltr'><strong>se</strong></span> <span class='ocrx_word' id='word_1_846' title='bbox 3098 5257 3256 5312; x_wconf 89' lang='lat' dir='ltr'><strong>vitiis</strong></span> <span class='ocrx_word' id='word_1_847' title='bbox 3306 5257 3583 5312; x_wconf 81' lang='lat' dir='ltr'><strong>obnoxio.</strong></span> <span class='ocrx_word' id='word_1_848' title='bbox 3644 5257 3833 5310; x_wconf 88' lang='lat' dir='ltr'><strong>Dureo</strong></span> 
     </span>
    </p>
   </div>
   <div class='ocr_carea' id='block_1_121' title="bbox 2178 5328 3836 5402">
    <p class='ocr_par' dir='ltr' id='par_1_121' title="bbox 2178 5328 3836 5402">
     <span class='ocr_line' id='line_1_123' title="bbox 2178 5328 3836 5402; baseline -0.002 -18"><span class='ocrx_word' id='word_1_849' title='bbox 2178 5345 2329 5400; x_wconf 88' lang='lat' dir='ltr'><strong>equo</strong></span> <span class='ocrx_word' id='word_1_850' title='bbox 2381 5329 2576 5402; x_wconf 80' lang='lat' dir='ltr'><strong>ligneo</strong></span> <span class='ocrx_word' id='word_1_851' title='bbox 2635 5330 2707 5385; x_wconf 85' lang='lat' dir='ltr'><strong>ab</strong></span> <span class='ocrx_word' id='word_1_852' title='bbox 2767 5333 2923 5401; x_wconf 91' lang='lat' dir='ltr'><strong>Epeo</strong></span> <span class='ocrx_word' id='word_1_853' title='bbox 2981 5329 3269 5384; x_wconf 86' lang='lat' dir='ltr'><strong>fabricato</strong></span> <span class='ocrx_word' id='word_1_854' title='bbox 3327 5329 3550 5384; x_wconf 90' lang='lat' dir='ltr'><strong>multos</strong></span> <span class='ocrx_word' id='word_1_855' title='bbox 3604 5328 3836 5402; x_wconf 68' lang='lat' dir='ltr'><strong>Graeco-</strong></span> 
     </span>
    </p>
   </div>
   <div class='ocr_carea' id='block_1_122' title="bbox 2175 5401 3833 5472">
    <p class='ocr_par' dir='ltr' id='par_1_122' title="bbox 2175 5401 3833 5472">
     <span class='ocr_line' id='line_1_124' title="bbox 2175 5401 3833 5472; baseline -0.001 -16"><span class='ocrx_word' id='word_1_856' title='bbox 2175 5417 2308 5456; x_wconf 88' lang='lat' dir='ltr'><strong>rum</strong></span> <span class='ocrx_word' id='word_1_857' title='bbox 2342 5401 2617 5472; x_wconf 88' lang='lat' dir='ltr'><strong>proceres</strong></span> <span class='ocrx_word' id='word_1_858' title='bbox 2669 5402 2852 5457; x_wconf 86' lang='lat' dir='ltr'><strong>fuisse</strong></span> <span class='ocrx_word' id='word_1_859' title='bbox 2903 5402 3188 5466; x_wconf 82' lang='lat' dir='ltr'><strong>inclusos,</strong></span> <span class='ocrx_word' id='word_1_860' title='bbox 3248 5407 3457 5455; x_wconf 90' lang='lat' dir='ltr'><strong>notum</strong></span> <span class='ocrx_word' id='word_1_861' title='bbox 3517 5405 3626 5455; x_wconf 89' lang='lat' dir='ltr'><strong>est.</strong></span> <span class='ocrx_word' id='word_1_862' title='bbox 3689 5401 3833 5454; x_wconf 88' lang='lat' dir='ltr'><strong>Hen.</strong></span> 
     </span>
    </p>
   </div>
   <div class='ocr_carea' id='block_1_123' title="bbox 2177 5473 3837 5545">
    <p class='ocr_par' dir='ltr' id='par_1_123' title="bbox 2177 5473 3837 5545">
     <span class='ocr_line' id='line_1_125' title="bbox 2177 5473 3837 5545; baseline -0.002 -16"><span class='ocrx_word' id='word_1_863' title='bbox 2177 5473 2388 5529; x_wconf 83' lang='lat' dir='ltr'><strong>Junius</strong></span> <span class='ocrx_word' id='word_1_864' title='bbox 2419 5479 2576 5528; x_wconf 90' lang='lat' dir='ltr'><strong>cent.</strong></span> <span class='ocrx_word' id='word_1_865' title='bbox 2606 5475 2658 5540; x_wconf 90' lang='lat'><strong>3,</strong></span> <span class='ocrx_word' id='word_1_866' title='bbox 2692 5473 2961 5545; x_wconf 83' lang='lat' dir='ltr'><strong>proverb.</strong></span> <span class='ocrx_word' id='word_1_867' title='bbox 2996 5477 3083 5529; x_wconf 86' lang='lat'><strong>&#39;77.</strong></span> <span class='ocrx_word' id='word_1_868' title='bbox 3121 5473 3432 5545; x_wconf 88' lang='lat' dir='ltr'><strong>Hominem</strong></span> <span class='ocrx_word' id='word_1_869' title='bbox 3467 5488 3603 5545; x_wconf 82' lang='lat' dir='ltr'><strong>ergo</strong></span> <span class='ocrx_word' id='word_1_870' title='bbox 3627 5488 3837 5545; x_wconf 45' lang='lat' dir='ltr'><strong>quem:-</strong></span> 
     </span>
    </p>
   </div>
   <div class='ocr_carea' id='block_1_124' title="bbox 2176 5541 3838 5617">
    <p class='ocr_par' dir='ltr' id='par_1_124' title="bbox 2176 5541 3838 5617">
     <span class='ocr_line' id='line_1_126' title="bbox 2176 5541 3838 5617; baseline -0.002 -19"><span class='ocrx_word' id='word_1_871' title='bbox 2176 5545 2262 5600; x_wconf 88' lang='lat' dir='ltr'><strong>vis</strong></span> <span class='ocrx_word' id='word_1_872' title='bbox 2295 5544 2576 5617; x_wconf 74' lang='lat' dir='ltr'>intelligit</span> <span class='ocrx_word' id='word_1_873' title='bbox 2603 5541 2844 5615; x_wconf 77' lang='lat' dir='ltr'><strong>qualem</strong></span> <span class='ocrx_word' id='word_1_874' title='bbox 2876 5545 3251 5600; x_wconf 90' lang='lat' dir='ltr'><strong>describebat</strong></span> <span class='ocrx_word' id='word_1_875' title='bbox 3277 5541 3606 5617; x_wconf 56' lang='lat' dir='ltr'><strong>Basilides,</strong></span> <span class='ocrx_word' id='word_1_876' title='bbox 3639 5543 3673 5617; x_wconf 71' lang='grc' dir='ltr'>ῥ</span> <span class='ocrx_word' id='word_1_877' title='bbox 3703 5541 3838 5596; x_wconf 74' lang='grc' dir='ltr'>κατὰ</span> 
     </span>
    </p>
   </div>
   <div class='ocr_carea' id='block_1_125' title="bbox 2177 5611 3834 5689">
    <p class='ocr_par' dir='ltr' id='par_1_125' title="bbox 2177 5611 3834 5689">
     <span class='ocr_line' id='line_1_127' title="bbox 2177 5611 3834 5689; baseline -0.001 -20"><span class='ocrx_word' id='word_1_878' title='bbox 2177 5611 2861 5689; x_wconf 53' lang='grc' dir='ltr'>Βασιλείδην”ὰνθ-ρωπος;</span> <span class='ocrx_word' id='word_1_879' title='bbox 2901 5617 3134 5682; x_wconf 83' lang='lat' dir='ltr'><strong>Suidas,</strong></span> <span class='ocrx_word' id='word_1_880' title='bbox 3171 5613 3451 5689; x_wconf 66' lang='grc' dir='ltr'><strong>ΔΔούρειος</strong></span> <span class='ocrx_word' id='word_1_881' title='bbox 3508 5614 3536 5668; x_wconf 85' lang='grc' dir='ltr'>ὁ</span> <span class='ocrx_word' id='word_1_882' title='bbox 3595 5612 3834 5689; x_wconf 79' lang='grc' dir='ltr'>ξύλινος.</span> 
     </span>
    </p>
   </div>
   <div class='ocr_carea' id='block_1_126' title="bbox 2177 5635 3836 5761">
    <p class='ocr_par' dir='ltr' id='par_1_126' title="bbox 2177 5635 3836 5761">
     <span class='ocr_line' id='line_1_128' title="bbox 2177 5635 3834 5689; baseline -0.001 -20"><span class='ocrx_word' id='word_1_883' title='bbox 2177 5635 2502 5685; x_wconf 71' lang='grc' dir='ltr'>υασιΑειοην</span> <span class='ocrx_word' id='word_1_884' title='bbox 2535 5635 2629 5679; x_wconf 81' lang='grc' dir='ltr'><strong>ανθ</strong></span> <span class='ocrx_word' id='word_1_885' title='bbox 2670 5635 2861 5678; x_wconf 75' lang='grc' dir='ltr'>ωποςε</span> <span class='ocrx_word' id='word_1_886' title='bbox 2901 5635 3134 5682; x_wconf 68' lang='lat' dir='ltr'><strong>auidas,</strong></span> <span class='ocrx_word' id='word_1_887' title='bbox 3194 5635 3451 5689; x_wconf 77' lang='grc' dir='ltr'>Δούρειος</span> <span class='ocrx_word' id='word_1_888' title='bbox 3508 5635 3536 5668; x_wconf 92' lang='grc' dir='ltr'><strong>ο</strong></span> <span class='ocrx_word' id='word_1_889' title='bbox 3625 5635 3834 5677; x_wconf 83' lang='grc' dir='ltr'>υΛινος.</span> 
     </span>
     <span class='ocr_line' id='line_1_129' title="bbox 2177 5635 3836 5761; baseline -0.002 -20"><span class='ocrx_word' id='word_1_890' title='bbox 2177 5689 2376 5761; x_wconf 83' lang='grc' dir='ltr'>Ἵππος</span> <span class='ocrx_word' id='word_1_891' title='bbox 2397 5691 2506 5741; x_wconf 82' lang='grc' dir='ltr'><strong>τῶν</strong></span> <span class='ocrx_word' id='word_1_892' title='bbox 2531 5635 2818 5757; x_wconf 56' lang='grc' dir='ltr'>Ἑλλήνων</span> <span class='ocrx_word' id='word_1_893' title='bbox 2844 5688 3148 5756; x_wconf 85' lang='lat' dir='ltr'><strong>dicitur,et</strong></span> <span class='ocrx_word' id='word_1_894' title='bbox 3169 5683 3473 5761; x_wconf 86' lang='grc' dir='ltr'>δουράτεοι,</span> <span class='ocrx_word' id='word_1_895' title='bbox 3509 5635 3836 5761; x_wconf 49' lang='grc' dir='ltr'>θμδούριος.</span> 
     </span>
    </p>
   </div>
   <div class='ocr_carea' id='block_1_127' title="bbox 2178 5753 3829 5851">
    <p class='ocr_par' dir='ltr' id='par_1_127' title="bbox 2178 5753 3829 5851">
     <span class='ocr_line' id='line_1_130' title="bbox 2178 5753 3829 5851; baseline 0 -37"><span class='ocrx_word' id='word_1_896' title='bbox 2178 5760 2546 5851; x_wconf 56' lang='lat' dir='ltr'><strong>Epiphanius</strong></span> <span class='ocrx_word' id='word_1_897' title='bbox 2578 5753 2790 5851; x_wconf 63' lang='lat' dir='ltr'><strong>haeresi</strong></span> <span class='ocrx_word' id='word_1_898' title='bbox 2821 5764 2911 5850; x_wconf 49' lang='grc' dir='ltr'><strong>ἢ).</strong></span> <span class='ocrx_word' id='word_1_899' title='bbox 2943 5753 3471 5851; x_wconf 52' lang='lat' dir='ltr'><strong>Simonianorum&#39;i</strong></span> <span class='ocrx_word' id='word_1_900' title='bbox 3501 5753 3585 5811; x_wconf 79' lang='grc' dir='ltr'><strong>Διΐ</strong></span> <span class='ocrx_word' id='word_1_901' title='bbox 3617 5753 3707 5850; x_wconf 59' lang='grc' dir='ltr'><strong>καῖ</strong></span> <span class='ocrx_word' id='word_1_902' title='bbox 3739 5757 3829 5814; x_wconf 84' lang='grc' dir='ltr'>τὸν</span> 
     </span>
    </p>
   </div>
   <div class='ocr_carea' id='block_1_128' title="bbox 2179 5828 3832 5907">
    <p class='ocr_par' dir='ltr' id='par_1_128' title="bbox 2179 5828 3832 5907">
     <span class='ocr_line' id='line_1_131' title="bbox 2179 5828 3832 5907; baseline 0.002 -23"><span class='ocrx_word' id='word_1_903' title='bbox 2179 5828 2306 5905; x_wconf 74' lang='grc' dir='ltr'>παρ’</span> <span class='ocrx_word' id='word_1_904' title='bbox 2335 5830 2568 5906; x_wconf 79' lang='grc' dir='ltr'>Ὁμήρῳ</span> <span class='ocrx_word' id='word_1_905' title='bbox 2595 5828 3020 5907; x_wconf 52' lang='grc' dir='ltr'>Δούριοντίππον</span> <span class='ocrx_word' id='word_1_906' title='bbox 3071 5831 3567 5907; x_wconf 69' lang='grc' dir='ltr'>μεμηχανημένον,</span> <span class='ocrx_word' id='word_1_907' title='bbox 3625 5830 3684 5885; x_wconf 78' lang='grc' dir='ltr'><strong>’ὸν</strong></span> <span class='ocrx_word' id='word_1_908' title='bbox 3740 5849 3832 5888; x_wconf 82' lang='grc' dir='ltr'>νο·-</span> 
     </span>
    </p>
   </div>
  </div>
