4144 6398
371 443 510 500 1079

1635 436 2046 493 CLEMENTIB
2080 435 2557 491 ALEXANDBIN
2564 435 2587 486 Ι

3666 432 3812 488 1080

369 568 682 643 proprium
724 584 853 623 esse
878 566 1079 635 ﬁnem,
1103 580 1320 635 nempe
1351 578 1503 626 eam,
1525 578 1657 633 qum
1689 577 1761 615 ex
1791 559 2024 615 actione

2166 561 2218 629 iii
2258 554 2390 630 Περὶ
2448 558 2550 612 τοῦ
2610 557 2836 630 μείζονα
2894 555 3029 612 εἶναι
3079 556 3180 626 τὴν
3238 555 3365 631 παρ’
3423 556 3575 629 ἡμᾶς
3627 554 3807 612 αἴτίαν

371 661 652 727 efﬁcitur,
677 657 1062 713 voluntatem.
1092 656 1157 709 Hi
1182 653 1488 725 Cyrenaici
1505 652 1743 725 Epicuri
1761 651 2026 723 volupta-

375 751 451 805 tis
482 747 915 813 deﬁnitionem,
951 746 1061 800 hoc
1091 748 1201 812 est,
1234 744 1457 798 doloris
1481 742 1867 807 ablationem,
1895 741 2029 813 reji-

374 839 561 903 ciunt,
605 852 735 891 eam
796 834 1286 889 constitutionem
1341 832 1559 888 mortui
1615 830 2024 902 appellantes:

2138 648 2276 722 πρὸς
2333 643 2681 720 εὐδαιμονίαν
2735 653 2835 717 τῆς
2908 644 2968 701 ἐκ
3049 650 3157 701 τῶν
3213 647 3574 722 πραγμάτων,
3634 647 3806 722 ’Δγα-

2137 737 2227 792 θὸν
2261 740 2394 811 (61),
2426 737 2583 813 φησί,
2615 739 2801 812 ψυχῆς
2850 735 2903 792 τί
2952 732 3117 807 ἄλλο,
3149 737 3185 808 ἢ
3215 736 3279 791 τὸ
3324 736 3522 812 σαρκὸς
3553 735 3807 801 εὐσταθὲς

2135 826 2459 899 κατάστημα
2528 826 2619 881 καὶ
2673 827 2737 881 τὸ
2802 826 2927 900 περὶ
3005 825 3208 896 ταύτης
3267 825 3458 880 πιστὸν
3517 822 3807 900 ἔλπισμας

371 945 491 984 non
524 926 718 982 solum
746 925 910 980 enim
936 942 1044 979 nos
1074 924 1288 997 gaudio
1337 923 1495 978 afﬁci
1550 928 1793 994 pr0pter
1845 920 2197 991 voluptates,
2257 919 2361 975 sed
2419 919 2599 975 etiam
2657 923 2900 991 propter
2927 918 3395 975 consuetudines
3434 923 3493 973 et
3521 918 3801 974 honores.

369 1017 660 1088 Epicurus
690 1020 889 1069 autem
922 1013 1242 1078 existimat,
1277 1028 1517 1067 omnem
1573 1011 1789 1066 animas
1838 1009 2107 1064 lmtitiam
2138 1024 2209 1064 ex
2248 1009 2610 1080 praecedenti
2661 1009 2859 1065 carnis
2887 1009 3202 1065 aﬂ'ectione
3232 1008 3397 1064 oriri.
3431 1008 3801 1065 Metrodorus

370 1110 569 1161 autem
602 1103 663 1157 in
694 1119 893 1175 Opere,
920 1100 1081 1173 quod
1114 1100 1481 1169 inscribitur,
1514 1101 1783 1169 Majorem
1840 1114 1949 1153 esse
2004 1114 2224 1154 causam
2282 1098 2356 1154 ad
2409 1099 2732 1167 felicitatem
2789 1114 2909 1153 eam
2965 1114 3086 1168 qua
3144 1104 3222 1153 est
3267 1114 3336 1153 ea:
3382 1098 3559 1165 nobis,
3586 1113 3651 1152 ea
3680 1113 3803 1168 qua

368 1213 440 1251 ea:
467 1196 626 1250 rebus
656 1195 836 1248 oritur
861 1208 873 1246 :
907 1194 1147 1256 Animw,
1180 1191 1393 1261 inquit,
1430 1191 1629 1245 bonum
1659 1188 1798 1258 quid
1826 1194 1905 1243 est
1935 1187 2110 1257 aliud,
2145 1204 2313 1259 quam
2357 1189 2572 1244 stabilis
2614 1205 2680 1244 ac
2710 1189 2854 1245 bona
2880 1190 3066 1246 carnis
3094 1189 3439 1256 constitutio,
3468 1194 3523 1242 et
3549 1202 3670 1258 spes
3693 1186 3803 1256 ﬁde

368 1287 558 1358 digna,
592 1284 743 1355 quod
768 1300 831 1339 ea
861 1284 939 1338 sic
967 1285 1165 1351 futura
1183 1284 1303 1338 sit?

1864 1413 2099 1469 CAPUT
2136 1413 2309 1470 XXII.

511 1528 673 1583 Plato
700 1542 970 1582 summum
1003 1527 1201 1581 bonum
1231 1526 1290 1580 in
1318 1523 1718 1581 assimilatione
1764 1538 1888 1578 cum
1931 1523 2038 1577 Deo
2085 1520 2381 1579 consistere
2409 1525 2514 1591 ait,
2544 1538 2780 1593 quocum
2809 1522 3141 1581 concordant
3168 1523 3315 1577 sacri
3343 1521 3657 1592 scriptores.

443 1688 507 1751 ,μ
536 1682 609 1735 Αι
638 1696 774 1735 vero
806 1679 972 1734 Plato
1030 1678 1421 1750 philosophus
1479 1677 1660 1732 ﬁnem
1720 1675 1863 1731 dicit
1910 1692 2039 1731 esse

376 1768 718 1840 duplicem:
754 1784 941 1822 unum
973 1766 1240 1837 quidem,
1294 1765 1351 1819 id
1408 1765 1566 1835 quod
1601 1770 1690 1819 est
1720 1765 2039 1836 participa-

375 1859 497 1914 bile
530 1864 589 1913 et
621 1858 880 1930 primum
929 1856 988 1911 in
1028 1857 1175 1928 ipsis
1204 1856 1436 1926 formis,
1470 1855 1630 1927 quod
1662 1855 1901 1926 quidem
1934 1871 2038 1909 no-

2220 1675 2327 1730 Ναί
2360 1676 2469 1748 μὴν
2497 1673 2731 1731 Πλάτων
2764 1675 2793 1730 ό
2823 1672 3128 1753 φιλόσοφος
3160 1669 3343 1728 διττὸν
3389 1671 3522 1727 εἶναι
3552 1671 3617 1727 τὸ
3644 1669 3807 1734 τέλος

2149 1766 2338 1844 φησὶν,
2391 1767 2454 1821 τὸ
2512 1766 2607 1839 μὶν
2668 1765 2927 1838 μεθεκτόν
2978 1786 3037 1821 τε
3091 1765 3181 1820 καὶ
3238 1768 3456 1840 πρῶτον
3517 1762 3571 1818 ἐν
3618 1762 3807 1825 αὐτοῖς

2152 1853 2397 1929 ὑπάρχον
2456 1859 2572 1917 τοῖς
2632 1851 2853 1923 εἷ’δεσιν,
2912 1850 2944 1908 ὅ
3000 1850 3068 1921 δὴ
3127 1851 3217 1907 καὶ
3269 1852 3502 1928 τάγαθὸν
3533 1869 3808 1926 προσονο-

377 1949 572 2003 minat
602 1947 863 2013 bonum;
897 1946 1153 2001 alterum
1208 1950 1407 2000 autem
1452 1945 1534 2009 id,
1566 1943 1724 2015 quod
1759 1950 1848 1998 est
1877 1943 2040 1998 illius

2166 1946 2330 2014 ιάζειο
2380 1946 2442 2000 τὸ
2500 1941 2559 1999 δὲ
2609 1950 2841 2020 μετέχον
2896 1943 3127 2013 ἐκεινου,
3183 1944 3275 1998 καὶ
3331 1943 3429 2011 τὴν
3488 1941 3582 1997 ἀπ’
3639 1940 3807 1997 αὐτοῦ

379 2037 699 2108 particeps,
727 2036 973 2107 ejusque
997 2035 1214 2107 accipit
1234 2035 1712 2101 similitudinem,
1734 2032 1893 2103 quod
1915 2034 2041 2104 qui-

378 2127 517 2183 dem
548 2133 640 2183 est
664 2127 726 2181 in
756 2126 1123 2193 hominibus,
1150 2126 1253 2196 qui
1282 2126 1563 2180 virtutem
1596 2130 1655 2179 et
1685 2140 1882 2178 veram
1911 2124 2043 2195 phi-

376 2216 715 2289 1080phiam
749 2216 861 2271 sibi
890 2216 1212 2271 vindicant.
1238 2217 1428 2280 Quare
1456 2215 1773 2270 Cleanthes
1806 2230 2042 2284 quoque

377 2306 443 2361 in
495 2305 756 2361 secundo
802 2306 875 2360 De
926 2305 1232 2374 voluptate.
1284 2303 1430 2359 dicit
1479 2303 1780 2358 Socratem
1820 2302 2043 2373 ubique

382 2395 617 2461 docere,
672 2393 950 2450 eumdem
1000 2409 1129 2449 esse
1177 2393 1361 2447 virum
1402 2394 1635 2464 justum
1690 2397 1750 2445 et
1779 2391 2041 2455 beatum,

382 2500 639 2555 eumque
672 2484 967 2539 exsecrari
1023 2482 1125 2553 qui
1186 2483 1417 2554 primus
1466 2480 1668 2536 divisit
1700 2481 1935 2553 justum
1968 2479 2042 2535 ab

385 2573 540 2637 utili,
563 2580 631 2627 ut
661 2573 762 2643 qui
785 2589 909 2627 rem
933 2571 1142 2627 fecerit
1165 2572 1434 2642 impiam.
1459 2573 1681 2625 Revera
1709 2570 1871 2625 enim
1904 2575 2045 2625 sunt

388 2663 579 2734 impii,
613 2663 715 2733 qui
746 2662 890 2718 utile
915 2662 1149 2733 ajusto,
1174 2661 1331 2732 quod
1355 2666 1444 2716 est
1466 2660 1795 2715 secundum
1826 2660 2042 2732 legem,

390 2758 686 2823 separant.
717 2752 734 2806 l
745 2770 849 2823 pse
872 2758 1071 2807 autem
1094 2751 1259 2806 Plato
1284 2751 1429 2807 dicit
1448 2750 2043 2820 beatitudinem,quaa

390 2848 481 2897 est
508 2838 851 2913 εὐδαιμονία,
894 2858 1046 2907 esse,
1110 2842 1240 2895 bene
1296 2840 1494 2895 habere
1550 2840 1895 2901 damonem;
1927 2837 2043 2893 dici

389 2936 591 2986 autem
621 2930 980 2999 daemonem,
1005 2929 1400 3002 principalem
1423 2929 1640 2983 animm
1662 2933 1882 2984 nostrm
1909 2943 2047 2999 par-

388 3023 548 3086 tem;
604 3019 1037 3075 beatitudinem
1096 3025 1295 3073 autem
1355 3034 1485 3073 esse
1544 3017 2045 3089 perfectissimum

387 3107 611 3163 bonum
641 3114 701 3163 et
721 3108 1159 3179 plenissimum.
1184 3107 1522 3178 Aliquando
1554 3113 1750 3161 autem
1784 3122 1915 3161 eam
1944 3121 2044 3160 vo-

391 3202 489 3252 cat
517 3197 699 3251 vitam
730 3198 843 3252 sibi
876 3197 1357 3253 consentientem
1390 3202 1449 3251 et
1486 3196 1957 3261 convenientem,
1991 3200 2051 3249 et

2152 2032 2452 2109 δεγόμενον
2486 2033 2814 2106 ὁμοιότητα,
2846 2032 2878 2088 ὅ
2905 2032 3030 2107 περῖ
3063 2031 3386 2107 ἀνθρώπους
3419 2030 3647 2106 γίνεται,
3676 2029 3809 2092 τοὺς

2156 2125 2655 2198 μεταποιουμένους
2706 2124 2903 2198 ἀρετῆς
2958 2145 3017 2179 τε
3070 2122 3163 2178 καὶ
3216 2129 3318 2187 τῆς
3370 2120 3613 2193 ἀληθοῦς
3646 2122 3809 2200 φιλο-

2154 2212 2368 2287 σοφίας.
2400 2212 2493 2267 Διὸ
2522 2213 2613 2267 καὶ
2662 2210 2948 2283 Κλεάνθης
3005 2214 3058 2267 ἐν
3114 2216 3195 2284 τῷ
3248 2210 3484 2284 δευτέρῳ
3510 2213 3643 2276 Περί
3675 2208 3811 2281 ἡδο-

2151 2308 2251 2370 νῆς
2278 2301 2369 2356 τὸν
2405 2301 2701 2377 Σωκράτην
2763 2303 2897 2380 φησὶ
2955 2302 3085 2376 παρ’
3141 2298 3338 2357 ἕκαστα
3395 2296 3687 2368 διδάσκειν,
3736 2299 3813 2363 ὡς

2154 2391 2182 2446 ὁ
2213 2390 2373 2453 αὐτὸς
2406 2387 2615 2454 δίκαιός
2659 2411 2718 2445 τε
2764 2389 2853 2445 καὶ
2904 2387 3179 2463 εὐδαίμων
3224 2388 3385 2463 ἀνήρ.
3416 2387 3508 2443 καὶ
3538 2392 3618 2460 τῷ
3648 2386 3810 2461 πρὼ-

2151 2501 2231 2552 τῳ
2263 2477 2498 2535 διελόντι
2527 2479 2590 2534 τὸ
2649 2476 2859 2534 δίκαιον
2920 2477 3027 2533 ἀπὸ
3082 2483 3180 2533 τοῦ
3238 2476 3611 2555 συμφέροντος
3642 2495 3808 2531 κατα-

2154 2575 2370 2645 ρᾶσθαι,
2428 2569 2503 2630 ὡς
2561 2563 2748 2631 ἀσεϐές
2820 2590 2873 2623 τι
2948 2571 3173 2643 πρᾶγμα
3234 2563 3539 2640 δεδρακότι·
3594 2559 3809 2627 ἀσεϐεῖς

2152 2660 2253 2735 γὰρ
2283 2663 2364 2730 τῷ
2424 2652 2539 2713 ὄντι
2599 2659 2652 2713 οἱ
2701 2659 2764 2713 τὸ
2820 2658 3096 2737 συμφέρον
3157 2655 3263 2711 ἀπὸ
3311 2659 3409 2711 τοῦ
3468 2652 3682 2710 δικαίου
3710 2658 3811 2710 τοῦ

2152 2748 2291 2803 κατὰ
2344 2746 2518 2820 νόμον
2575 2747 2928 2823 χωρίζοντες.
2987 2744 3162 2808 Αὐτὸς
3222 2742 3281 2800 δὲ
3328 2746 3358 2800 ὁ
3419 2741 3650 2800 Πλάτων
3706 2744 3807 2813 τὴν

2155 2834 2504 2908 εὐδαιμονίαν
2562 2835 2625 2889 τὸ
2684 2832 2741 2890 εὖ
2793 2835 2887 2889 τὸν
2950 2831 3187 2907 δαίμονα
3233 2831 3380 2909 ἔχειν
3411 2835 3548 2906 (62),
3578 2829 3813 2906 δαίμονα

2156 2922 2215 2980 δὲ
2246 2922 2496 2999 λέγεσθαι
2525 2925 2589 2979 τὸ
2645 2931 2746 2993 τῆς
2804 2926 2991 2998 ψυχῆς
3044 2925 3206 2995 ἡμῶν
3238 2921 3587 2998 ἡγεμονικόν
3619 2922 3719 2992 τὴν
3755 2918 3814 2976 δὲ

2156 3012 2502 3087 εὐδαιμονίαν
2554 3013 2618 3068 τὸ
2662 3013 3009 3068 τελειότατον
3059 3011 3257 3088 ἀγαθὸν
3303 3011 3393 3067 καὶ
3433 3009 3812 3087 πληρέστατον

2157 3103 2322 3177 λέγει.
2379 3102 2502 3160 Ὀτὶ
2559 3098 2616 3157 δὶ
2672 3101 2786 3179 βίον
2871 3098 3323 3177 ὁμολογούμενον
3376 3099 3467 3155 καὶ
3526 3099 3818 3177 σύμφωνον

2158 3193 2327 3261 αὐτὴν
2360 3189 2649 3248 ἀποκαλεῖ·
2682 3190 2772 3246 καὶ
2829 3187 2936 3245 ἔσθ’
2990 3187 3081 3244 ὅτε
3126 3189 3188 3244 τὸ
3227 3190 3344 3244 κατ’
3375 3190 3570 3265 ἀρετὴν
3604 3186 3817 3244 τελειό-

392 3302 828 3357 nonnunquam
866 3285 947 3353 id,
982 3285 1141 3356 quod
1197 3291 1287 3340 est
1342 3302 1412 3340 ex
1443 3285 1655 3340 virtute
1684 3284 2048 3357 perfectissi-

2166 3300 2345 3336 τατον·
2404 3284 2567 3335 τοῦτο
2622 3277 2681 3334 δὶ
2728 3278 2781 3334 ἐν
2843 3279 3122 3353 ἐπιστήμῃ
3180 3282 3279 3332 τοῦ
3329 3278 3536 3352 ἀγαθοῦ
3589 3275 3819 3349 τίθεται,

392 3391 579 3430 mum.
613 3375 675 3430 Id
708 3380 906 3430 autem
937 3374 1106 3446 ponit
1154 3375 1215 3429 in
1275 3374 1525 3429 scientia
1554 3373 1714 3442 boni,
1752 3379 1811 3429 et
1863 3374 1925 3428 in
1958 3390 2049 3440 ea,

402 3481 535 3535 quas
562 3469 653 3519 est
673 3481 809 3519 cum
835 3465 974 3528 Deo,
1000 3464 1415 3531 similitudine,
1440 3462 1894 3518 similitudinem
1920 3479 2055 3534 pro-

398 3553 688 3609 nuntians
722 3553 780 3607 in
840 3569 907 3607 eo
972 3552 1322 3615 consistere,
1381 3558 1447 3605 ut
1504 3552 1638 3622 quis
1670 3552 1746 3606 sit
1768 3552 1967 3623 justus
2000 3556 2059 3606 et

402 3648 645 3697 sanctus
676 3658 809 3695 cum
832 3640 1172 3712 prudentia.
1200 3643 1414 3695 Annon
1438 3640 1523 3695 sic
1545 3639 1786 3710 quidem
1811 3640 1965 3695 180
1987 3658 2057 3695 ex

401 3731 623 3786 nostris
654 3729 826 3791 illud,
856 3729 929 3784 ad
958 3729 1257 3799 imaginem
1297 3728 1561 3800 quidem,
1597 3729 1796 3783 statim
1828 3730 1890 3783 in
1924 3734 2056 3785 ortu

396 3819 699 3890 accepisse
737 3818 1078 3885 hominem;
1131 3819 1205 3873 ad
1249 3818 1670 3873 similitudinem
1696 3823 1914 3886 autem,
1950 3835 2057 3890 per

398 3907 828 3980 perfectionem
854 3914 1064 3979 postea
1082 3924 1212 3962 esse
1236 3913 1641 3978 accepturum,
1670 3907 2058 3980 intelligunt?

395 3999 522 4053 Jam
552 4013 688 4053 vero
751 3995 973 4052 docens
1026 3995 1193 4051 Plato
1251 3996 1407 4051 hanc
1440 3996 1900 4053 similitudinem
1928 3997 2054 4052 viro

464 4184 529 4249 ›ι‹
558 4186 621 4241 Ρ.
651 4184 758 4240 499
787 4186 898 4240 ED.
932 4186 1228 4254 POTTER,
1252 4187 1494 4242 417-418
1521 4188 1634 4243 ED.
1664 4187 1894 4243 PARIS.

399 4368 624 4438 ejusque
654 4367 1056 4421 constitutionis
1106 4381 1199 4436 spe
1254 4367 1564 4437 e.z:plorata,
1598 4373 1660 4421 ut
1691 4384 1724 4421 a
1750 4366 2059 4421 Metrodoro

400 4440 666 4507 scriptum
696 4444 793 4503 est,
822 4441 1153 4493 continetur.
1214 4438 1560 4493 Plutarchus
1606 4440 1683 4492 De
1721 4441 1837 4492 vita
1866 4454 2060 4493 secun-

403 4510 533 4582 dum
561 4511 863 4582 Epicurum
885 4507 1006 4582 :_T6
1039 4507 1142 4582 γὰρ
1179 4507 1427 4582 εὐσταθες
1487 4508 1686 4582 σαρκὸς
1736 4507 2058 4582 κατάστημα

401 4578 491 4632 καὶ
527 4576 637 4654 ab;
657 4577 780 4652 περὶ
832 4576 1062 4654 ταύτῃ(
1094 4576 1281 4633 πιστὸν
1343 4576 1588 4652 ἔλπισμα
1615 4580 1715 4647 τήν
1747 4576 2055 4654 ἀκροτάτην

403 4648 576 4777 ξαρὰν
611 4642 739 4721 ἔχει’
760 4649 849 4702 καὶ
887 4642 1276 4734 βεϐαιοτάτην.
1314 4642 1539 4708 Gellius
1569 4642 1683 4708 lib;
1712 4669 1787 4719 lx,
1820 4642 1949 4724 cap.
1983 4642 2056 4719 5';

449 4723 509 4777 h.
544 4722 831 4777 Canterus
861 4722 964 4777 Ιώ.
997 4740 1051 4777 ιι.
1084 4739 1215 4777 can.
1249 4727 1300 4777 6.
1335 4726 1600 4777 COLLECT.

449 4722 509 4777 h’.
544 4722 831 4793 Canterus
861 4722 964 4779 lib.
997 4740 1051 4790 ιι,
1084 4739 1215 4793 cap.
1249 4727 1300 4780 6.
1335 4726 1600 4781 COLanr.

2165 3368 2257 3424 καὶ
2288 3368 2340 3423 ἐν
2375 3368 2695 3441 ἐξομοιώσει
2748 3370 2864 3442 (63)
2916 3370 2984 3440 τῇ
3045 3366 3182 3440 πρὸς
3227 3366 3319 3421 τὸν
3367 3365 3519 3422 Θεόν·
3553 3365 3820 3439 ὁμοίωσιν

2165 3457 2606 3534 ἀποφαινόμενος
2666 3453 2874 3512 δίκαιον
2940 3456 3029 3510 καὶ
3102 3456 3248 3509 ὅσιον
3313 3456 3449 3529 μετὰ
3506 3457 3824 3532 φρονήσεως

2167 3548 2323 3605 εἶναι.
2356 3548 2425 3602 Ἦ
2452 3547 2552 3621 γὰρ
2582 3547 2694 3621 οὐχ
2743 3545 2917 3607 οὕτως
2970 3545 3113 3609 τινες
3160 3549 3268 3599 τῶν
3315 3546 3601 3621 ἡμετέρων
3628 3544 3690 3599 τὸ
3725 3544 3821 3616 μὶν

2164 3638 2281 3691 κατ’
2312 3635 2495 3691 εἰκόνα
2549 3638 2664 3709 (64)
2712 3634 2912 3699 εὐθέως
2965 3634 3103 3690 κατᾶ
3152 3636 3253 3704 τὴν
3298 3642 3507 3708 γένεσιν
3536 3631 3822 3711 εἰληφέναι

2162 3725 2254 3779 τὸν
2306 3722 2612 3798 ἄνθρωποι,
2669 3723 2734 3778 τὸ
2790 3724 2908 3787 καθ’
2967 3721 3234 3796 ὁμοίωσιν
3297 3719 3357 3778 δὲ
3406 3721 3626 3796 ὕστερον
3686 3721 3828 3777 κατὰ

2162 3814 2263 3883 τήν
2327 3812 2609 3869 τελείωσιν
2690 3810 2914 3886 μέλλειν
2987 3806 3398 3885 ἀπολαμϐάνειν
3455 3809 3822 3886 ἰκδέχονται;

2165 3902 2368 3960 Αὐτίκα
2416 3903 2444 3957 ὁ
2499 3900 2731 3958 Πλάτων
2793 3903 2930 3975 (65),
2989 3902 3088 3970 τὴν
3150 3899 3418 3974 ὁμοίωσιν
3450 3899 3651 3970 ταύτην
3672 3896 3825 3972 “μετᾶ

2162 3989 2664 4069 ταπεινοφροσύνης
2745 3987 2957 4055 ἔσεσθαι
3061 3995 3143 4063 τῷ
3227 3988 3463 4065 ἐναρέτῳ
3550 3986 3823 4044 διδάσκων

2171 4366 2381 4421 daemon
2413 4364 2603 4431 bonus,
2636 4364 2697 4418 id
2754 4369 2831 4419 est
2886 4364 3103 4417 animus
3149 4364 3355 4417 virtute
3385 4365 3668 4431 perfectus
3724 4367 3823 4417 est.

2170 4440 2317 4491 ltem
2349 4435 2617 4489 Platonis
2645 4434 2974 4506 discipulus
3014 4435 3372 4506 Xenocrates
3401 4432 3558 4506 apud
3573 4432 3821 4506 ΔΑτίειοο

2168 4508 2349 4563 telem
2387 4508 2575 4576 Tppic.
2610 4506 2712 4576 lib.
2749 4499 2815 4571 II,
2845 4523 2887 4576 ο.
2921 4508 2952 4559 6
2979 4522 2992 4558 :
3023 4504 3267 4576 Ὁμοίως
3298 4500 3357 4557 δὲ
3385 4499 3474 4576 καὶ
3506 4499 3823 4576 εὐδαίμονα,

2169 4578 2231 4632 οὐ
2261 4576 2325 4651 ἂν
2357 4572 2628 4651 ὁ-δᾶίμων
2660 4575 2696 4651 ᾗ
2725 4572 3038 4651 σπουδαῖος·
3072 4572 3339 4651 ⁸’καθάπερ
3474 4573 3827 4647 Ξενοκράτης

2209 4649 2334 4717 ησὶν
2368 4644 2837 4720 εὐδαί’μοναέἶναι
2886 4647 2980 4701 τὸν
3028 4647 3125 4720 τήν
3173 4644 3359 4720 ψυχὴν
3411 4644 3610 4720 ἔχοντα
3653 4644 3824 4700 σπου-

2209 4671 2334 4717 ησιν
2368 4671 2659 4719 ευοαιμονα
2704 4671 2837 4702 ειναι
2886 4671 2980 4701 τον
3028 4671 3125 4713 την
3173 4671 3359 4720 ψυγην
3411 4671 3610 4720 εχοντα
3653 4671 3824 4700 σπου·

2167 4671 2344 4805 ἔαξαν·
2390 4720 2593 4789 ταύτην
2652 4719 3024 4805 γὰρέκάστῳ
3076 4719 3210 4772 εἶναι
3265 4709 3518 4805 δαίμονα.
3553 4720 3827 4805 Similiter

475 4794 585 4873 (6t)
617 4790 875 4865 Ἀγαθῶν.
907 4795 1019 4873 _Si_c
1040 4778 1051 4790 ⁷
1076 4778 1371 4873 superius,
1390 4778 1722 4873 illieﬂtrodori
1754 4795 2057 4873 magister,
2092 4778 2135 4841 D
2168 4790 2471 4873 εὐδαίμονα
2502 4778 2645 4858 eum,
2667 4778 2853 4873 "cujus
2905 4778 3116 4873 daemon
3173 4798 3250 4847 est
3309 4778 3476 4846 bdnus
3501 4809 3519 4872 ς
3548 4791 3823 4873 quemad-

404 4864 708 4935 Epicurus
728 4878 855 4935 pag.
897 4866 1001 4918 4-12
1031 4864 1169 4920 edit:
1197 4864 1412 4933 Paris.,
1434 4868 1579 4923 dicit
1606 4864 1766 4928 τέλος
1801 4864 1932 4920 εἶναι
1960 4868 2057 4919 τοῦ

407 4881 447 4918 IS
498 4881 698 4919 lcurus
728 4881 855 4935 pa".
897 4881 1001 4918 4-12
1031 4881 1169 4920 edit.
1197 4881 1412 4933 l’i‘ll‘lS.,
1434 4881 1579 4923 (110“.
1606 4881 1766 4928 τέλος
1801 4881 1932 4920 εἰναι
1960 4884 2022 4919 το

407 4881 713 5016 φξλοσόφου
758 4902 1231 5016 ἰὴδρν-ήνκθειάζει
1266 4942 1422 5016 γοῦν-
1448 4938 1644 5016 σαρκὸς
1676 4937 1928 5001 εὐσταθὲς
1958 4957 2027 4991 κα

404 5004 571 5076 τάστη
584 5004 775 5080 (sanati
802 5007 865 5080 τὸ
893 5007 1017 5080 περί
1043 5004 1245 5078 ταύτης
1275 5004 1464 5063 πιστὸν
1490 5004 1758 5080 ἔλπισμα.

478 5074 593 5149 (62)
613 5078 691 5134 Τὸ
722 5074 778 5131 εὗ
805 5079 897 5132 τὸν
940 5074 1005 5133 δ”.
1040 5074 1270 5137 Similia
1320 5082 1599 5137 dixerunt
1645 5074 1822 5137 etiam
1855 5080 2053 5149 Stoici.

408 5147 672 5225 Laertius
732 5151 793 5205 in
825 5152 1249 5225 _Zenone,ulib
1308 5169 1405 5220 vn,
1458 5168 1637 5225 segm.
1684 5156 1752 5208 88
1773 5169 1802 5225 :_
1821 5150 1968 5225 Elysii
2001 5147 2058 5205 δὲ

405 5220 534 5295 αὐτὸ
563 5225 725 5295 τοῦτο
758 5220 881 5295 ,τὴν
934 5224 1031 5275 τοῦ
1090 5219 1409 5295 εὐδαίμονος
1468 5219 1685 5295 ἀρὶτήν,
1720 5223 1807 5277 καὶ
1841 5220 2057 5295 εὔροιαν

411 5291 556 5369 βίου,
617 5291 749 5369 ὅταν
804 5291 1333 5369 πάνταλπράττηται
1394 5291 1527 5348 κατὰ
1581 5291 1680 5363 τὴν
1736 5291 2055 5369 συμφωνίαν

404 5361 501 5417 τοῦ
556 5369 683 5435 παρ’
736 5363 946 5437 ἑκάστῳ,
992 5361 1279 5435 δαίμονος.
1342 5368 1466 5421 Esse
1523 5361 1706 5423 autem
1747 5361 2059 5437 hoc'ipsum

403 5436 585 5505 felicis
626 5438 860 5491 hominis
888 5436 1174 5503 virtutem,
1228 5444 1279 5493 et
1321 5439 1537 5505 felicem
1586 5442 1712 5494 vitae
1749 5436 2056 5506 decursum,

404 5524 526 5563 eum
558 5510 746 5562 omnia
774 5513 1045 5576 geruntur
1073 5525 1143 5563 θαι
1195 5526 1454 5565 consensu
1494 5509 1755 5566 (Immonis
1782 5511 1881 5580 qui
1909 5510 2060 5578 apud

406 5594 853 5649 unumquemque
868 5585 962 5633 est.
984 5580 1130 5635 Eum
1155 5580 1508 5636 Antoninus.
1534 5582 1636 5636 lib.
1665 5599 1745 5647 ιιι,
1770 5587 2055 5648 extremo,

406 5646 719 5726 ῐοοτιῑίτὸν
750 5646 927 5726 ίὲνδον
951 5724 960 5726 _
987 5649 1038 5704 ἐν
1092 5654 1173 5721 τῷ
1231 5653 1415 5726 στήθει
1460 5646 1768 5726 ἱδρυμένον
1807 5646 2054 5726 δαίμονα,

408 5720 893 5796 Daemonemintys
939 5724 999 5776 in
1040 5731 1287 5796 pectore,
1315 5720 1529 5780 situmf
1564 5720 1848 5796 Apuleius
1878 5722 2056 5796 etiam

408 5805 466 5867 ut
501 5792 777 5859 Apologia
807 5792 1058 5848 Socratis
1079 5795 1205 5867 haec
1236 5795 1380 5867 dicit
1405 5813 1423 5867 τ,
1472 5792 1631 5851 Bona
1658 5796 1859 5867 cupido
1890 5795 2057 5850 bonus

408 5861 550 5914 Deus
581 5868 699 5915 est:
757 5868 819 5916 et
867 5878 1003 5918 mox
1052 5865 1219 5921 addit
1273 5862 1599 5942 εὐδαίμονας
1655 5861 1786 5937 diei,
1818 5882 2053 5940 quorum

2171 4858 2389 4921 modum
2420 4858 2850 4919 Xenocrates'ait
2909 4858 3204 4933 εὐδαίμονα
3260 4878 3389 4928 esse,
3417 4858 3578 4933 cuius
3605 4863 3825 4918 animus

2168 4940 2241 4992 sit
2264 4938 2434 4991 bonus
2456 4952 2476 4999 ;
2508 4937 2650 5005 hunc
2679 4937 2822 4989 enim
2841 4937 3039 5005 cuique
3066 4949 3177 4990 esse
3204 4935 3530 4991 daemonem.

2239 5009 2349 5078 (63)
2383 5007 2471 5061 Ἐν
2502 5004 2849 5077 ἐξομοιώσει.
2910 5004 3076 5062 Conf.
3137 5022 3317 5077 supra
3368 5022 3501 5077 pag.
3533 5006 3662 5071 403,
3692 5006 3823 5069 404,

2166 5081 2294 5145 405,
2324 5078 2463 5133 edit.
2498 5079 2682 5134 Paris.

2238 5152 2354 5233 (64)
2407 5149 2538 5233 Κατ’
2596 5146 2794 5203 εἰκόνα.
2856 5148 3021 5204 Conf.
3077 5149 3301 5219 Paadag.
3361 5147 3465 5203 lib.
3497 5164 3539 5216 ι,
3592 5163 3721 5219 cap.
3753 5149 3823 5201 12

2211 5237 2481 5277 Πηοιῡιο.

2167 5238 2636 5361 Priiiziiliiiem.
2697 5291 2964 5347 Platonis
3013 5290 3180 5347 locus
3228 5291 3339 5346 iste
3393 5290 3608 5346 citatus
3640 5305 3824 5361 supra

2166 5367 2465 5435 Protrept.,
2526 5381 2656 5437 pag.
2717 5366 2805 5418 20.
2858 5365 3069 5437 Exstat
3111 5368 3308 5437 autem
3360 5362 3465 5417 lib.
3498 5380 3552 5437 iv
3579 5364 3656 5416 De
3686 5362 3819 5430 leg.,

2167 5452 2299 5509 pag.
2334 5434 2436 5509 7’15
2462 5455 2476 5502 ;
2503 5434 2694 5509 exstat
2709 5442 2769 5489 et
2786 5434 2944 5509 apud
2975 5435 3319 5509 Aristot._De
3350 5435 3573 5497 mundo.
3594 5437 3818 5509 cap._7_;

2167 5505 2325 5579 apud
2358 5508 2655 5563 Plutarch.
2690 5505 2832 5579 pag.
2854 5508 2978 5579 636,
3015 5506 3310 5579 et_J_usti_n.
3354 5511 3527 5579 mart.
3562 5521 3708 5579 pag._
3728 5505 3819 5559 23.

2225 5622 2235 5634 .
2271 5581 2506 5665 Legitur
2534 5571 2732 5664 autem
2850 5578 2986 5665 vulg
3032 5577 3199 5661 edit.,
3229 5575 3410 5665 ἀρχήν
3432 5596 3491 5630 τε
3511 5571 3603 5629 mil
3629 5571 3824 5665 {Exson-

2165 5650 2265 5716 τὴν
2294 5651 2385 5704 καὶ
2423 5649 2584 5722 μέσαν
2611 5653 2720 5702 τῶν
2752 5647 2923 5703 ὅντων
2953 5647 3226 5722 ἅπαντων.
3256 5647 3532 5705 Simone.
3558 5679 3626 5722 -έ
3649 5648 3819 5703 Conf.

2169 5724 2348 5795 etiam
2381 5722 2652 5795 Origines
2685 5722 2817 5795 Ade.
2851 5722 3060 5795 Celsum
3089 5721 3192 5795 lib.
3224 5737 3391 5795 visp.
3419 5722 3543 5774 285.
3577 5721 3826 5774 Exstant

2168 5794 2296 5849 haec
2325 5795 2386 5848 in
2417 5793 2679 5849 Platonis
2709 5794 2849 5849 edit.
2882 5793 3149 5848 Francof.
3181 5809 3239 5863 p.
3272 5793 3398 5847 831.
