4144 6426
419 447 556 504 1081

1773 444 2216 503 ΒΤΒΟΜΔἸὋΜ
2257 446 2391 499 LIB.
2434 442 2505 499 ΙΙ.

3706 443 3850 500 1082

416 567 590 626 ἐκεῖνό
673 588 781 624 που
857 568 1167 646 ἑρμηνεύειο
1254 571 1366 630 Πᾶς
1450 569 1480 623 ὁ
1561 570 1828 623 ταπεινῶν
1885 567 2059 623 έαυτὸπ

2186 567 2343 624 bono
2372 565 2635 623 futuram
2657 583 2787 623 esse
2805 583 2941 624 cum
2958 567 3320 640 humilitate,
3345 567 3498 624 illud
3527 569 3733 641 utique
3756 569 3855 624 in-

419 660 797 734 ὁψωθήσεται.
832 660 994 734 Λέγει
1025 656 1118 713 οὖν
1152 657 1204 713 έν
1261 662 1379 720 τοῖς
1439 656 1675 731 Νόμοις·
1735 658 1797 715 Ὀ
1856 656 1949 729 μὲν
2006 654 2073 727 δὴ

415 750 570 821 Θεὸς,
606 747 789 825 ὥσπερ
846 747 939 803 καὶ
998 748 1027 802 ὁ
1073 746 1311 810 παλαιὸς
1380 746 1565 824 λόγος,
1608 746 1792 823 ἀρχήν
1848 767 1908 802 τε
1986 747 2076 801 καὶ

419 838 557 912 μέσα
604 839 693 893 καὶ
786 838 1045 906 τεΑευτήν
1123 841 1230 893 τῶν
1318 836 1534 892 πάντων
1607 832 1793 912 ἔχων,
1866 835 2073 901 εὐθεῖαν

411 928 657 1004 περαίνει
742 928 880 983 κατὰ
963 925 1121 1004 φύσιν
1204 927 1705 1003 περιπορευόμενος
1739 946 1751 958 ·
1853 930 1934 999 τῷ
2020 922 2077 980 δὲ

413 1017 525 1073 αἰεὶ
593 1021 708 1091 (66)
765 1015 1039 1090 ξυνέπεται
1099 1013 1249 1087 δίκη,
1300 1020 1407 1071 τῶν
1462 1014 1925 1089 ἀπολειπομένων
1978 1018 2077 1071 τοῦ

410 1106 557 1164 θείου
587 1106 764 1181 νόμου
791 1104 1060 1180 τιμωρός.
1092 1106 1253 1181 Ὁρᾷς
1287 1105 1437 1167 ὅπως
1468 1104 1557 1160 καὶ
1588 1103 1754 1167 αὐτὸς
1786 1099 2074 1161 εὐλάϐειαν

410 1196 674 1274 προσάγει
704 1200 783 1268 τῷ
812 1195 946 1269 θείῳ
972 1195 1151 1269 νόμῳ.
1186 1196 1465 1273 Ἐπιφέρει
1519 1199 1674 1270 γοῦν
1724 1198 1828 1258 Ἥς
1889 1195 1917 1250 6
1977 1194 2072 1269 μὶν

411 1283 833 1360 εὐδαιμονήσειν
892 1283 1115 1358 μέλλων
1176 1283 1467 1360 ἐχόμενος,
1530 1284 1810 1354 ξυνέπεται
1882 1304 2072 1339 ταπει-

408 1377 505 1440 νὸς
532 1377 622 1433 καὶ
655 1396 899 1450 κεκοσμη
912 1374 1093 1448 μένος.
1128 1374 1258 1430 Εἶτα
1280 1374 1497 1438 τούτοις
1528 1374 1595 1430 τὰ
1637 1372 1914 1429 ἀκόλουθα
1945 1395 2072 1429 συν-

407 1467 571 1542 άψας,
603 1466 694 1522 καὶ
733 1470 813 1539 τῷ
844 1459 1002 1545 φόϐῳ
1031 1466 1385 1535 νουθετήσας,
1416 1463 1680 1544 ἐπιφέρεισ
1716 1464 1812 1527 Τίς
1843 1462 1934 1521 οὖν
1968 1469 2074 1539 (67)

409 1554 479 1628 δὴ
537 1556 734 1633 πρᾶξις
792 1554 927 1633 φίλη
987 1556 1075 1611 καὶ
1137 1553 1442 1620 ἀκόλουθος
1492 1559 1649 1628 Θεῷ;
1714 1553 1814 1624 μία
1840 1556 1928 1611 καὶ
1985 1552 2076 1609 ἔνα

405 1647 581 1723 λόγον
615 1644 822 1722 ἔχουσα
880 1644 1135 1721 ἀρχαῖον·
1169 1643 1253 1701 ὅτι
1309 1645 1390 1717 τῷ
1424 1645 1520 1718 μὲν
1552 1644 1735 1718 ὁμοίῳ
1763 1644 1827 1700 τὸ
1853 1644 2075 1718 ὅμοιον,

409 1731 527 1790 ὄντι
562 1733 792 1810 μετρίῳ,
824 1731 987 1812 φίλον
1015 1730 1075 1788 ἅν
1138 1732 1245 1804 είήο
1276 1734 1345 1789 τὰ
1402 1730 1460 1787 δὲ
1499 1730 1707 1810 ἄμετρα
1738 1728 1860 1788 οὕτε
1893 1730 2075 1802 ἀλλή-

410 1822 533 1887 λοις
564 1819 690 1879 οὐτε
716 1827 834 1887 τοῖς
867 1822 1166 1900 ἐμμέτροις
1215 1824 1350 1899 (68).
1386 1823 1502 1885 ,Τὸν
1535 1821 1626 1877 οὖν
1673 1826 1755 1896 τῷ
1812 1826 1928 1895 Θεῷ
1958 1825 2073 1896 (69)

411 1912 697 1991 προσφιλῆ
782 1911 1170 1988 γενησόμενον,
1258 1911 1336 1976 εἷς
1418 1910 1648 1986 δύναμιν
1709 1910 1792 1967 ὅτι
1834 1909 2073 1985 μάλιστα

411 2002 501 2058 καὶ
555 2002 715 2057 αὐτὸν
774 2005 1022 2057 τοιοῦτον
1104 2001 1396 2076 ἀναγκαῖον
1448 1999 1713 2077 γίνεσθαι.
1782 2001 1879 2055 Καὶ
1937 2001 2074 2056 κατᾶ

409 2094 602 2146 τοῦτον
661 2088 728 2161 δὴ
790 2092 880 2147 τὸν
960 2090 1128 2166 λόγον
1187 2092 1216 2147 6
1278 2091 1371 2165 μὶν
1430 2089 1662 2168 σώφρων
1720 2092 1882 2164 ἡμῶν
1956 2093 2072 2161 Θεῷ

415 2178 595 2256 φίλος’
630 2176 823 2256 ὅμοιος
856 2181 981 2257 γάρ’
1022 2180 1051 2236 ’ὁ
1089 2201 1150 2236 τε
1206 2183 1318 2255 (70)
1381 2180 1457 2253 μή
1521 2180 1751 2257 σώφρων
1811 2178 2074 2252 ἀνόμοιός

407 2290 467 2324 τε
525 2268 613 2325 καὶ
699 2267 981 2349 διάφορος.
1070 2273 1243 2327 Τοῦτο
1291 2269 1523 2345 ἀρχαῖον
1584 2268 1719 2324 εἶναι
1779 2270 1957 2347 φήσας
2008 2268 2071 2324 τὸ

406 2355 608 2437 δόγμα,
639 2361 741 2430 τήν
773 2357 834 2415 ἐκ
863 2364 960 2415 τοῦ
1015 2357 1210 2434 Νόμου
1268 2358 1346 2423 είς
1399 2359 1562 2415 αὐτὸν
1619 2358 1859 2429 ἤκουσαν
1914 2356 2062 2414 διδα-

401 2448 626 2504 σκαλίαν
657 2448 903 2525 ᾐνίξατο.
949 2450 1060 2507 Κάν
1117 2453 1196 2521 τῷ
1258 2450 1540 2521 Θεαιτήτῳ
1588 2450 1656 2505 τὰ
1711 2449 1851 2504 κακᾶ
1927 2447 2068 2526 ἀμφὶ

396 2539 497 2608 τὴν
529 2538 733 2610 θνητὴν
764 2538 920 2617 φύσιν
953 2537 1042 2594 καὶ
1074 2534 1233 2594 τόνδε
1283 2538 1376 2593 τὸν
1433 2537 1601 2593 τόπον
1660 2535 1981 2615 περιπολεῖν
2016 2537 2066 2612 ἐξ

396 2628 640 2705 ἀνάγκης
706 2625 857 2697 δοὺς,
917 2627 1182 2705 ἐπιφέρειδ
1240 2628 1356 2684 Διὸ.
1444 2629 1556 2702 (71)
1639 2626 1728 2682 καὶ
1778 2628 2065 2704 πειρᾶσθαι

397 2717 513 2792 χρὴ
598 2715 808 2774 ἐνθένδε
891 2716 1064 2774 ἐκεῖσε
1147 2716 1360 2793 φεύγειν
1419 2718 1503 2772 ’ὁτι
1560 2716 1816 2793 τάχιστα,
1898 2718 2060 2792 ψυγή

403 2803 463 2862 δὲ
520 2806 790 2881 ὁμοίωσις
847 2811 966 2880 Θεῷ
1019 2806 1158 2863 κατᾶ
1204 2806 1269 2863 τὸ
1354 2803 1602 2862 δυνατόν’
1687 2805 1953 2880 ὁμοίωσις
2008 2803 2066 2862 δὶ

400 2892 609 2951 δίκαιον
715 2896 807 2951 καὶ
892 2894 1044 2952 ὅσιον
1134 2898 1270 2970 μετᾶ
1380 2888 1695 2972 φρονήσεως
1793 2894 2061 2971 γενέσθαι.

398 2984 756 3049 Σπεύσιππός
793 3007 873 3058 τε,
928 2987 956 3041 ὁ
1014 2984 1309 3049 Πλάτωνος
1396 2983 1728 3064 ἀδελφιδοῦς
1785 2988 1922 3059 (72),
1963 2986 2064 3057 τήν

399 3071 750 3149 εὐδαιμονίαν
778 3074 943 3155 φησὶν
1005 3073 1110 3149 ἕξιν
1168 3076 1299 3131 εἶναι
1356 3074 1568 3131 τελείαν
1643 3072 1698 3130 έν
1751 3078 1870 3137 τοῖς
1927 3076 2064 3131 κατὰ

400 3163 556 3241 φύσιν
590 3162 836 3239 ἔχουσιν·
866 3164 901 3236 ἢ
960 3158 1067 3235 ἕξιν
1152 3163 1399 3239 ἀγαθῶν
1454 3165 1522 3233 ἧς
1570 3161 1638 3233 δὴ
1684 3165 2063 3227 καταστάσεως

399 3251 640 3317 ’ἅπαντας
707 3252 802 3327 μὶν
859 3253 1179 3327 ἀνθρώπους
1235 3247 1409 3329 ὄρεξιν
1468 3249 1636 3329 ἔχειν,
1697 3255 2056 3330 στοχάζεσθαι

396 3339 456 3397 δὲ
481 3342 610 3405 τοὺς
642 3341 876 3419 ἀγαθοὺς
901 3349 1001 3413 τῆς
1028 3343 1358 3418 ἀοχλησίας’
1396 3342 1498 3399 εἶεν
1557 3341 1602 3398 δ’
1651 3340 1710 3399 ἄν
1766 3344 1823 3398 αἱ
1870 3343 2055 3418 ἀρεταὶ

392 3437 494 3502 τῆς
552 3429 902 3507 εὐδαιμονίας
962 3432 1368 3508 ἀπεργαστικαί.
1474 3433 1824 3508 Ξενοκράτης
1892 3452 1951 3488 τε
2024 3434 2053 3488 ὁ

390 3519 770 3592 Χαλκηδόνιος
800 3524 912 3596 (73)
940 3523 1039 3592 τήν
1101 3519 1449 3597 εὐδαιμονίαν
1507 3519 1810 3577 ἀποδίδωσι
1861 3529 2051 3592 κτῆσιν

388 3616 490 3679 τῆς
531 3609 734 3674 οἲκείας
765 3613 963 3686 ἀρετῆς
1021 3610 1112 3666 καὶ
1169 3617 1271 3680 τῆς
1332 3612 1669 3688 ὑπηρετικῆς
1716 3610 1853 3686 αὐτῇ
1895 3608 2054 3667 δυνά-

394 3720 560 3773 μεως.
593 3701 727 3757 Εἶτα
755 3700 829 3762 ὡς
864 3701 960 3774 μὲν
994 3700 1047 3755 έν
1078 3701 1124 3774 ᾦ
1164 3700 1395 3776 γίνεται,
1442 3701 1689 3778 φαίνεται
1721 3698 1893 3775 λέγων
1950 3702 2051 3771 τήν

387 3791 596 3866 ψυχήν·
629 3789 731 3859 ὡς,
754 3787 802 3845 δ’
835 3789 924 3869 ὑφ’
954 3791 1053 3858 ὧν,
1084 3791 1182 3855 τὰς
1209 3790 1424 3865 ἁρετάς’
1479 3791 1556 3851 ὡς
1614 3787 1662 3844 δ’
1721 3789 1773 3864 ἐξ
1833 3791 1928 3864 ὧν,
1979 3792 2054 3856 ὡς

392 3882 597 3953 μερῶν,
627 3880 723 3941 τὰς
748 3877 921 3941 καλὰς
948 3881 1190 3953 πράξεις,
1220 3880 1310 3935 καὶ
1339 3881 1435 3944 τὰς
1485 3877 1786 3942 σπουδαίας
1834 3875 1968 3954 ἔξεις
1996 3901 2054 3936 τε

385 3967 477 4023 καὶ
509 3964 795 4036 διαθέσεις,
825 3969 913 4024 καὶ
948 3970 1315 4040 κινήσεις,καὶ
1337 3969 1574 4045 σχέσεις·
1608 3970 1684 4033 ὡς
1712 3969 1919 4026 τούτων
1954 3969 2053 4026 οὐκ

385 4053 511 4113 ἃνευ
538 4058 605 4113 τὰ
635 4058 924 4131 σωματικᾶ
952 4058 1045 4113 καὶ
1082 4059 1151 4113 τὰ
1182 4056 1356 4123 ἐκτός.
1415 4061 1474 4117 Ὀ
1528 4059 1629 4136 γὰρ
1670 4060 2048 4136 Ξενοκράτους

381 4146 665 4223 γνώριμος
701 4144 969 4220 Πολέμων
1030 4146 1275 4225 φαίνεται
1305 4148 1404 4217 τὴν
1449 4144 1794 4221 εὐδαιμονίαν
1851 4147 2045 4223 αὐτάρ-

380 4255 534 4291 κειαν
556 4236 692 4292 εἶναι
724 4233 1070 4313 βουλόμενος
1124 4237 1340 4313 ἀγαθῶν
1400 4240 1641 4309 πάντων,
1673 4237 1710 4307 ἢ
1740 4241 1850 4293 τῶν
1878 4234 2011 4292 πλεί
2030 4269 2045 4279 -

381 4345 522 4380 στων
577 4325 670 4379 καὶ
733 4325 1022 4401 μεγίστων.
1112 4326 1440 4399 Δογματίξει
1500 4330 1630 4401 γοῦν
1713 4327 1893 4403 χωρὶς
1952 4325 2047 4399 μὶν

380 4413 578 4489 ἀρετῆς
611 4410 892 4486 μηδέποτε
946 4412 1007 4468 ἂν
1070 4411 1418 4488 εὐδαιμονίαν
1465 4414 1752 4490 ὑπάρχειν,
1802 4414 1935 4472 δίχα
1988 4414 2048 4474 δὲ

376 4501 469 4557 καὶ
525 4506 638 4558 τῶν
718 4506 1051 4574 σωματικῶν
1116 4502 1207 4557 καὶ
1262 4508 1370 4558 τῶν
1453 4502 1605 4566 ἐκτὸς
1689 4506 1788 4575 τὴν
1846 4506 2041 4581 ἀρετὴν

376 4589 618 4667 αὐτάρκη
653 4592 792 4666 πρὸς
848 4589 1201 4664 εὐδαιμονίαν
1288 4594 1446 4650 εἶναι.
1500 4593 1604 4651 Καὶ
1664 4596 1731 4649 τὰ
1786 4595 1880 4667 μὲν
1936 4593 2044 4651 ὧδε

2192 662 2587 730 terpretatur:
2623 658 2807 714 Omnis
2837 657 2939 729 qui
2988 661 3224 729 seipsum
3256 659 3537 725 humiliat,
3580 660 3847 715 exaltabi-

2192 754 2285 801 tur
2312 748 2412 817 (a).
2442 746 2596 800 Dicit
2624 746 2823 817 itaque
2849 747 2911 802 in
2940 748 3175 818 Legibus
3204 764 3222 801 :
3252 750 3393 803 Deus
3434 748 3655 818 quidem
3686 755 3849 816 certe,

2188 842 2251 890 ut
2282 842 2429 891 vetus
2459 841 2537 890 est
2567 839 2770 899 oratio,
2826 839 3107 893 continens
3146 840 3495 908 principium
3526 845 3579 893 et
3612 839 3851 893 medium

2190 932 2239 981 et
2257 930 2420 994 ﬁnem
2459 927 2858 994 universorum,
2919 933 3071 981 recta
3110 928 3299 997 pergit
3356 927 3652 983 secundum
3681 935 3853 982 natu-

2187 1031 2310 1070 ram
2361 1017 2706 1070 circumiens.
2767 1016 2906 1069 Eum
2975 1022 3156 1071 autem
3233 1032 3445 1087 semper
3501 1020 3852 1087 consequitur

2179 1103 2432 1174 justitia,
2464 1105 2641 1159 uitrico
2662 1120 2867 1172 eorum,
2903 1107 3001 1174 qui
3029 1123 3063 1160 a
3093 1105 3210 1175 lege
3256 1106 3447 1161 divina
3495 1106 3845 1161 desciverint.

2187 1193 2387 1263 Vides,
2413 1192 2711 1266 quomodo
2744 1193 2872 1266 ipse
2899 1211 3139 1265 quoque
3169 1194 3285 1267 legi
3328 1194 3541 1249 divina;
3573 1195 3667 1267 adj
3681 1196 3848 1268 ungit

2187 1284 2546 1351 cautionem,
2600 1300 2705 1338 seu
2762 1283 3062 1339 timorem.
3123 1282 3663 1357 Subjungititaque
3699 1301 3711 1339 :
3746 1286 3848 1343 Cui

2186 1375 2286 1444 qui
2315 1373 2500 1441 beatus
2545 1374 2765 1444 quidem
2819 1379 2897 1429 est
2940 1376 3184 1443 futurus,
3245 1373 3548 1439 adhaerens,
3597 1374 3849 1445 sequitur

2187 1465 2412 1523 humilis
2468 1473 2518 1522 et
2567 1468 2913 1538 compositus.
2975 1465 3200 1523 Deinde
3258 1484 3393 1522 cum
3426 1467 3519 1521 his
3563 1483 3666 1535 ea,
3714 1484 3845 1539 qua:

2187 1562 2327 1613 sunt
2356 1557 3307 1630 consequentia,conjunxisset,et
3338 1558 3549 1613 timore
3580 1557 3845 1613 adhibito

2185 1646 2617 1715 admonuisset,
2660 1646 3014 1720 subjungit:
3059 1649 3320 1713 Quaenam
3373 1653 3451 1703 est
3507 1664 3638 1717 ergo
3671 1650 3842 1717 actio,

2185 1753 2363 1808 quam
2392 1739 2499 1793 Deo
2524 1744 2732 1805 amata,
2786 1743 2840 1792 et
2895 1754 3017 1792 eum
3056 1739 3410 1808 consequitur
3438 1740 3466 1792 7
3510 1739 3630 1793 Una
3677 1743 3842 1803 certe,

2181 1825 2456 1882 rationem
2495 1843 2663 1882 unam
2688 1829 2979 1897 antiquam
3002 1827 3202 1882 habens
3232 1833 3285 1881 et
3307 1829 3673 1896 praecipuam,
3695 1828 3845 1898 quod

2105 1950 2150 2016 Β
2179 1916 2369 1987 simili,
2429 1917 2577 1987 quod
2632 1915 2854 1987 quidem
2918 1922 2997 1971 est
3050 1916 3414 1983 moderatum,
3438 1915 3617 1969 simile
3669 1917 3842 1985 fuerit

2181 2008 2462 2070 amicum;
2487 2022 2609 2077 quae
2665 2012 2794 2060 sunt
2850 2012 3031 2060 autem
3080 2005 3458 2072 immoderata,
3517 2020 3694 2074 neque
3739 2005 3844 2060 sibi

2177 2098 2432 2161 invicem,
2464 2113 2642 2167 neque
2662 2096 2960 2151 moderatis
2987 2094 3051 2160 ›Χ‹
3103 2096 3284 2150 amica
3335 2100 3482 2150 sunt.
3531 2095 3637 2161 Qui
3665 2097 3845 2166 igitur

2176 2187 2287 2241 Deo
2317 2187 2447 2242 talis
2471 2189 2678 2242 amicus
2705 2190 2827 2256 fore
2877 2186 3081 2253 studet,
3140 2201 3350 2241 necesse
3405 2191 3506 2251 est,
3557 2190 3621 2239 ut
3674 2201 3840 2255 quam

2175 2278 2415 2331 maxime
2441 2292 2546 2347 pro
2575 2277 2787 2331 viribus
2843 2277 3123 2346 efﬁciatur
3166 2274 3312 2329 talis.
3375 2275 3493 2329 Hac
3525 2273 3715 2345 itaque
3743 2292 3840 2330 ra—

2178 2366 2326 2420 tione
2342 2367 2594 2435 quisquis
2623 2370 2700 2420 est
2752 2371 3079 2435 temperans,
3139 2370 3217 2419 est
3268 2365 3377 2418 Deo
3434 2365 3641 2419 amicus
3678 2382 3701 2429 ;
3758 2371 3838 2419 est

2174 2455 2321 2509 enim
2360 2454 2556 2509 similis
2588 2470 2603 2521 ;
2634 2456 3030 2524 intemperatus
3079 2458 3284 2516 autem,
3326 2450 3608 2507 dissimilis
3666 2459 3717 2506 et
3748 2453 3838 2506 di-

2173 2559 2375 2599 versus.
2422 2543 2540 2598 Hoc
2582 2548 2782 2598 autem
2837 2548 3002 2597 vetus
3061 2541 3366 2597 decretum
3411 2557 3543 2595 esse
3602 2540 3829 2607 dicens,

2172 2647 2328 2697 eam,
2352 2649 2484 2703 quin
2516 2632 2707 2705 alege
2758 2632 2833 2686 ad
2890 2631 3087 2703 ipsum
3147 2630 3436 2703 pervenit,
3492 2629 3828 2687 doctrinam

2171 2721 2348 2776 tacite
2380 2720 2750 2794 signiﬁcavit.
2778 2722 2849 2775 Et
2878 2720 2940 2775 in
2971 2719 3236 2775 Thewteto
3266 2738 3288 2785 ;
3319 2736 3451 2774 cum
3486 2719 3645 2775 mala
3677 2720 3835 2776 circa

2170 2810 2484 2867 mortalem
2516 2815 2791 2865 naturam
2815 2810 3044 2865 ethunc
3074 2809 3272 2865 locum
3287 2809 3625 2865 necessario
3637 2809 3832 2883 vagari

2171 2900 2587 2969 concessisset,
2613 2899 2923 2973 subjungit
2955 2916 2968 2954 :
3002 2902 3183 2967 Quare
3213 2905 3428 2971 oportet
3460 2904 3671 2954 tentare
3701 2899 3830 2955 hinc

2169 2989 2303 3045 illuc
2329 2992 2523 3060 fugere
2574 3006 2741 3061 quam
2770 2989 3070 3045 celerrime.
3122 2990 3279 3059 Fuga
3329 2994 3513 3043 autem
3542 2994 3639 3057 est,
3698 2991 3830 3056 Deo,

2169 3080 2356 3150 quoad
2395 3082 2520 3150 ﬁeri
2568 3085 2770 3151 potest,
2823 3080 3203 3143 assimilatio;
3255 3078 3582 3134 assimilatio
3623 3084 3831 3147 autem,

2158 3170 2376 3240 justum
2397 3175 2448 3224 et
2470 3175 2720 3226 sanctum
2749 3171 2871 3240 ﬁeri
2902 3185 3023 3225 cum
3056 3169 3385 3240 prudentia.
3429 3169 3500 3223 Et
3553 3167 3830 3241 Speusip-

2169 3275 2304 3330 pus,
2337 3258 2603 3314 Platonis
2634 3275 2704 3313 ex
2735 3275 2937 3314 sorore
2968 3257 3149 3323 ﬁlius,
3212 3256 3355 3313 dicit
3400 3256 3835 3313 beatitudinem

2170 3366 2300 3405 esse
2332 3349 2662 3421 perfectum
2692 3348 2961 3405 habitum
2985 3349 3048 3403 in
3089 3348 3182 3415 iis,
3228 3348 3330 3419 qui
3364 3364 3426 3403 se
3482 3346 3708 3403 habent
3738 3364 3829 3402 se-

2166 3437 2431 3495 cundum
2462 3443 2777 3494 naturam:
2811 3442 2913 3493 aut
2955 3435 3225 3493 habitum
3269 3436 3563 3491 bonorum
3600 3452 3612 3489 :
3647 3452 3825 3507 quam

2163 3527 2650 3584 constitutionem
2684 3543 2893 3583 omnes
2920 3525 3163 3599 quidem
3194 3525 3473 3581 homines
3504 3530 3820 3597 appetere;

2166 3617 2324 3674 solos
2355 3623 2555 3674 autem
2584 3617 2773 3673 bonos
2795 3615 3081 3688 consequi
3114 3613 3406 3671 molestias
3436 3614 3823 3670 vacuitatem:

2166 3712 2225 3763 et
2252 3707 2411 3779 quod
2440 3708 2686 3763 virtutes
2717 3706 3065 3761 felicitatem
3120 3703 3405 3760 efﬁciant.
3460 3704 3824 3759 Xenocrates

2163 3813 2300 3853 vero
2331 3795 2836 3853 Chalcedonensis
2868 3795 3080 3850 deﬁnit
3108 3793 3564 3859 beatitudinem,
3599 3810 3822 3850 conve-

2162 3887 2389 3943 nientis
2418 3885 2652 3941 virtutis
2668 3885 3203 3958 possessionem,et
3223 3883 3374 3957 ejus,
3409 3899 3539 3955 quae
3563 3882 3616 3937 ei
3640 3882 3827 3938 inser-

2159 3975 2568 4044 vit,facultatis
2594 3991 2609 4042 ;
2640 3973 2877 4040 deinde,
2907 3978 2973 4028 ut
3002 3974 3064 4028 in
3095 3990 3212 4046 quo
3245 3971 3487 4043 quidem
3519 3972 3617 4040 sit,
3641 3988 3826 4043 appa-

2160 4069 2254 4119 ret
2284 4063 2481 4120 dicere
2513 4063 2774 4118 animam
2801 4080 2816 4130 ;
2847 4067 2915 4117 ut
2948 4068 3147 4118 autem
3196 4078 3231 4116 a
3262 4061 3498 4132 quibus,
3531 4060 3778 4116 virtutes
3808 4077 3822 4121 ς

2158 4158 2227 4208 ut
2256 4169 2327 4208 ex
2352 4153 2567 4224 quibus
2601 4158 2885 4224 tanquam
2914 4150 3206 4223 partibus,
3239 4150 3426 4205 bonas
3457 4150 3745 4209 actiones,
3764 4152 3824 4203 et

2157 4241 2444 4297 honestos
2475 4241 2739 4306 habitus,
2768 4246 2827 4295 et
2855 4240 3225 4304 affectiones,
3254 4244 3314 4294 et
3343 4243 3627 4303 motus,et
3650 4236 3824 4294 habi-

2158 4330 2394 4387 tudines
2414 4335 2648 4403 ;utpote
2680 4328 2837 4402 quod
2859 4346 2978 4384 non
3009 4328 3141 4384 sine
3164 4327 3257 4383 his
3288 4327 3410 4382 sint
3438 4343 3665 4401 ea,qu_aa
3683 4331 3827 4381 sunt

2156 4421 2425 4493 corporis
2459 4426 2518 4477 et
2548 4425 2813 4477 externa.
2867 4418 3223 4474 Xenocratis
3280 4417 3441 4472 enim
3493 4414 3823 4488 discipulus

2153 4509 2419 4578 Polemo,
2451 4510 2683 4565 videtur
2710 4508 2862 4563 velle
2892 4506 3333 4563 beatitudinem
3359 4522 3489 4561 esse
3521 4505 3824 4561 sufﬁcien‘

2156 4600 2302 4655 tiam
2333 4599 2600 4655 omnium
2630 4598 2950 4665 bonorum,
2971 4597 3063 4653 vel
3096 4597 3502 4669 plurimorum
3534 4602 3594 4651 et
3621 4594 3822 4651 maxi-

380 4679 578 4757 ἐχέτωο
639 4682 695 4736 αἱ
756 4679 816 4737 δὲ
869 4680 1213 4759 ἀντιῤῥήσεις
1272 4684 1328 4738 αἱ
1401 4685 1539 4758 πρὸς
1594 4685 1690 4746 τὰς
1751 4683 2045 4760 εἰρημένας

2174 4705 2411 4745 norum.
2445 4689 2722 4745 Decernit
2749 4689 2975 4759 itaque,
3006 4688 3136 4742 siue
3167 4687 3382 4742 virtute
3413 4685 3656 4757 quidem
3699 4701 3822 4741 non

380 4767 540 4841 δόξας
590 4771 729 4826 κατᾶ
768 4770 956 4846 καιρὸν
1013 4773 1357 4843 τεθήσονται*
1419 4775 1555 4847 ἡμῖν
1615 4770 1672 4828 δὲ
1728 4773 1912 4837 αὐτοῖς
1964 4774 2040 4837 εἷς

375 4856 542 4923 τελος
567 4857 928 4929 ἀτελεύτητον
989 4860 1272 4932 ἁφικεσθαι
1329 4861 1639 4936 πρόκειται,
1692 4864 2043 4937 πειθομενοις

373 4952 499 5012 ταῖς
551 4945 829 5020 ἐντολαῖς,
888 4967 1135 5004 τουτεστι
1204 4954 1285 5022 τῷ
1350 4955 1488 5024 Θεῷ,
1546 4972 1637 5007 και
1695 4952 1813 5007 κατ’
1874 4952 2039 5016 αὐτὰς

2152 4777 2416 4833 futuram
2432 4793 2697 4849 unquam
2712 4776 3175 4843 beatitudinem;
3194 4775 3420 4847 absque
3438 4775 3612 4830 bonis
3624 4779 3822 4830 autem

2152 4867 2420 4938 corporis
2444 4872 2502 4922 et
2525 4865 2809 4935 externis,
2827 4869 3106 4921 virtutem
3140 4881 3270 4922 esse
3303 4865 3702 4921 sufﬁcientem
3747 4863 3820 4919 ad

2151 4954 2606 5012 beatitudinem.
2631 4958 2701 5011 Et
2729 4956 2856 5012 haec
2887 4954 3135 5028 quidem
3157 4954 3242 5011 sic
3273 4953 3552 5011 habeant.
3585 4954 3724 5018 Qum
3749 4967 3826 5007 au

441 5132 506 5197 .1.
533 5124 598 5181 P.
630 5126 736 5179 500
765 5124 878 5178 ED.
911 5123 1207 5192 POTTER,
1238 5125 1481 5180 418-419
1513 5127 1628 5181 El).
1652 5127 1883 5184 PARIS.
1916 5126 1996 5201 (a)
2020 5129 2157 5187 Luc.
2196 5146 2308 5198 m,
2343 5130 2429 5184 ιι.

444 5294 555 5363 (66)
575 5294 666 5365 Τῷ
696 5290 912 5365 δεξαίεί.
956 5293 1262 5365 Ριᾶιο,Τῷ
1288 5291 1336 5348 δ’
1365 5295 1495 5351 nisi.

445 5368 558 5436 (67)
591 5364 689 5424 Τίς
721 5363 837 5420 οὖν.
874 5366 1009 5421 Haec
1040 5363 1278 5422 exstant
1323 5368 1386 5423 in
1418 5369 1570 5425 libro
1602 5369 1868 5427 Platonis
1909 5370 2039 5443 jam

373 5437 553 5494 dicto.
588 5455 647 5494 ι).
679 5438 804 5494 832.

414 5454 553 5504 ιοιο,
588 5455 647 5504 p.
679 5454 804 5494 662.

442 5455 945 5584 ῗξξέ’)Ριὲιῗιῗέὲρρις.
974 5507 1194 5579 Adjicit
1242 5511 1458 5584 Plato:
1532 5511 1596 5584 fc
1627 5508 1685 5566 δὲ
1738 5512 1869 5575 Θεὸς
1897 5513 2034 5584 ἡμῖν

373 5578 624 5655 ἁπᾴντων
652 5578 985 5655 χρημάτων.
1009 5578 1206 5652 μετρον
1240 5579 1298 5655 ἓν
1329 5579 1432 5655 νεῖ¹η
1472 5581 1734 5655 μάλιστα,
1766 5585 1853 5639 καὶ
1890 5578 2034 5638 πολῦ

381 5597 624 5633 απαντων
702 5598 966 5652 ρηματων
1009 5599 1206 5652 μετρον
1240 5597 1298 5635 αν
1351 5597 1432 5653 εἴη
1472 5597 1734 5655 μάλιστα,
1766 5597 1853 5639 καί
1890 5597 2034 5638 πολὺ

381 5648 597 5737 μᾶλλον
631 5597 783 5721 ﬁxit-ou
815 5648 922 5736 τῖςἶ
946 5649 1022 5712 ὥς
1044 5672 1226 5737 φασιν,
1251 5652 1557 5737 ἄνθρωπος.
1591 5660 1733 5713 Deus
1788 5660 2037 5737 profecto

370 5724 530 5800 nobis
557 5741 751 5781 rerum
772 5725 1013 5800 omnium
1057 5724 1300 5781 maxime
1346 5724 1418 5784 sit
1449 5746 1720 5797 mensura,
1754 5724 2036 5800 multoque

373 5799 568 5864 magis,
638 5814 766 5852 uam
797 5796 998 5864 quivis,
1022 5801 1081 5850 ut
1108 5800 1318 5865 ferunt,
1351 5800 1530 5857 homo.

444 5866 559 5925 (69)
589 5814 686 5925 ’θῶ
717 5868 857 5925 Θεῷ.
890 5863 1078 5925 Plato.
1115 5870 1194 5925 τῷ
1222 5870 1482 5925 τοιούτω.

444 5863 559 5939 (69)
589 5863 686 5940 Τῷ
717 5863 857 5938 Θεῷ.
890 5863 1078 5937 Plato,
1110 5863 1194 5939 τῷ
1222 5870 1482 5941 τοιούτῳ.

2221 5300 2541 5428 ξ’]ἓέιὲἳςτε.
2575 5300 2764 5372 Plato,
2826 5301 2856 5355 ὁ
2908 5296 2986 5355 δέ.
3018 5299 3246 5356 Ibidem
3276 5313 3435 5364 mox,
3469 5290 3729 5370 διάφορός
3752 5311 3814 5350 τε

2148 5390 2240 5424 και
2271 5390 2335 5428 αο
2345 5391 2483 5433 ικος.

2222 5444 2332 5516 (71)
2367 5442 2480 5499 Διό.
2517 5446 2652 5501 Haec
2676 5449 2912 5516 exstant
2942 5443 3200 5516 Theaeteti
3224 5457 3307 5516 pL
3351 5441 3470 5516 igt).
3515 5436 3815 5516 _Superius

2150 5508 2630 5585 ea'recitavimus
2660 5515 2732 5571 ad
2765 5514 3088 5585 Clementis
3110 5531 3181 5585 γρ.
3212 5508 3314 5567 £03
3339 5509 3476 5585 edit.
3515 5508 3700 5585 Paris:

2219 5584 2747 5663 (72)’A327§q180_5¢.
2782 5588 3001 5656 Nempe
3043 5577 3158 5663 υίὸς
3182 5588 3299 5663 τῇς,
3347 5578 3590 5663 ἀδελφῆς
3644 5577 3809 5663 αὐτῷ

2146 5652 2432 5731 notam,
2464 5652 2613 5731 ﬁlius
2645 5660 2877 5731 Potones
2920 5652 3129 5731 sororis
3182 5654 3465 5731 Platonis,
3496 5652 3591 5707 'ut
3618 5652 3806 5707 refert

2146 5726 2375 5789 Suidas.
2402 5726 2473 5787 et
2491 5730 2755 5787 Laertius
2783 5729 2841 5783 in
2878 5727 3170 5800 principio
3194 5726 3295 5782 lib.
3320 5742 3394 5800 IV.

2218 5806 2331 5875 (73)
2365 5800 2768 5870 Χαλκηδόνιος.
2805 5796 3131 5875 βοαί-ηυξ)
3192 5799 3468 5875 superius
3524 5796 3810 5853 adnotata

2147 5870 2288 5930 sunt
2310 5870 2384 5932 ad
2420 5877 2691 5945 Protrept.
2726 5890 2784 5945 ρ.
2818 5873 2887 5926 44
2918 5870 3060 5927 edit.
3093 5870 3281 5927 Paris.
