4144 6390
421 414 562 470 1085

415 537 506 591 καὶ
593 535 982 617 ἐπιστραφήτω
1067 544 1203 621 πρὸς
1287 546 1486 621 Κύριον
1530 590 1545 616 ,

422 647 619 699 σεται,
692 626 845 701 ἕως,
930 633 1027 688 Καὶ
1085 634 1151 691 τὰ
1207 631 1555 711 διανοήματα
1614 638 1768 710 ὑμῶν
1823 637 1928 692 ἀπὸ
1981 639 2079 706 τῆς

424 714 670 781 διανοίας
753 742 860 794 μου
892 766 906 779 .
984 723 1179 796 Ἡμεῖς
1250 725 1430 780 τοίνυν
1501 727 1638 782 κατᾶ
1686 727 1777 782 τὸν
1836 731 2080 801 γενναῖον

426 806 789 879 Ἀπόστολον,
852 810 912 866 ἐκ
966 812 1201 877 πίστεως
1253 813 1447 870 ἐλπίδα
1504 813 1856 886 δικαιοσύνης
1912 816 2076 870 ἀπεκ-

427 895 742 973 δεχόμεθα·
805 900 857 955 Ξν
912 902 1014 978 γὰρ
1072 903 1289 977 Χριστῷ
1345 908 1458 978 (81)
1517 902 1639 961 οὔτε
1695 907 1965 981 περιτομή
2024 925 2077 960 τι

428 986 630 1062 ίσχὺει,
692 987 818 1044 οὔτε
874 987 1204 1068 ἀκροϐυστία
1237 1039 1251 1065 ,
1309 993 1456 1050 ἀλλᾶ
1500 994 1678 1058 πίστις
1737 992 1809 1050 δι’
1860 995 2076 1069 ἀγάπης

423 1076 787 1151 ἐνεργουμένη
825 1123 838 1135 .
941 1080 1356 1155 Ἐπιθυμοῦμεν
1461 1080 1518 1138 δὲ
1617 1080 1841 1139 ἕκαστον
1927 1084 2079 1157 ὑμῶν

422 1166 521 1233 τὴν
625 1166 793 1237 αὑτὴν
899 1167 1268 1235 ἐνδείκνυσθαι
1381 1170 1625 1242 σπουδὴν
1737 1173 1875 1250 πρὸς
1976 1175 2075 1243 τὴν

420 1255 809 1334 πληροφορίαν
866 1264 969 1328 τῆς
1028 1258 1294 1334 ἐλπίδος,
1352 1259 1457 1325 ἕως
1493 1308 1506 1320 .
1567 1263 1718 1319 Κατὰ
1772 1264 1873 1333 τὴν
1929 1260 2075 1334 τάξιν

421 1344 772 1421 Μελχισεδὲκ
844 1347 1134 1425 ἀρχιερεὺς
1203 1350 1496 1429 γενόμενος
1569 1352 1646 1416 είς
1707 1353 1800 1408 τὸν
1856 1351 2028 1408 αίῶνα
2061 1396 2075 1410 .

419 1434 501 1492 Τὰ
557 1433 724 1507 ὅμοια
751 1441 831 1510 τῷ
862 1438 1064 1513 Παύλῳ
1109 1443 1144 1511 ἠ
1176 1440 1476 1515 πανάρετος
1528 1445 1702 1520 Σοφία
1759 1444 1872 1517 (82)
1906 1440 2073 1519 λέγει.

416 1526 478 1582 Ὀ
534 1522 593 1580 δὲ
650 1524 787 1599 ἐμοῦ
844 1531 958 1602 (83)
997 1529 1234 1601 ἀκούων,
1293 1532 1701 1603 κατασκηνώσει
1756 1530 1839 1587 ἐπ’
1894 1529 2077 1587 ἐλπίδι

421 1616 703 1680 πεποιθώς
762 1620 892 1691 (84)⁸
948 1622 983 1689 ἡ
1040 1622 1141 1699 γὰρ
1196 1627 1300 1693 τῆς
1359 1619 1585 1686 ἐλπίδος
1644 1621 2079 1685 ἀποκατάστασις

422 1704 742 1778 ὁμωνύμως
815 1706 977 1771 ἐλπὶς
1034 1708 1249 1782 εἷ’ρηται
1284 1730 1298 1745 ⁸
1362 1709 1453 1767 διὰ
1515 1716 1617 1767 τοῦ
1669 1712 2075 1784 κατασκηνώσει

420 1798 490 1870 τῇ
545 1793 684 1866 λιεει
740 1799 852 1871 (85)
906 1799 1206 1877 παγγάλως
1266 1804 1574 1879 προσέθηκε
1626 1804 1690 1858 τὸ
1749 1803 2027 1868 πεποιθώς
2060 1846 2075 1871 ,

423 1881 634 1947 δεικνὺς
680 1886 772 1940 τὸν
829 1893 1076 1944 τοιοῦτον
1136 1891 1555 1961 ἀναπεπαῦσθαι,
1605 1885 1957 1947 ἀπολαϐόντα
2010 1893 2073 1962 ἣν
2109 1929 2152 1993 Β

424 1970 485 1993 ,λ
570 1978 596 1993 υ
715 1972 760 1993 9‘
827 1973 871 1993 ’δ
1017 1975 1042 1993 δ
1076 1980 1089 1993 ι
1230 1979 1245 1993 \
1308 1979 1322 1993 ς
1454 1976 1463 1993 Ι
1659 1988 1694 1993 __
1739 1980 1754 1993 ι
1819 1981 1833 1993 ι
1973 1981 1985 1993 ι

418 1970 650 2059 ἤλπιζεν
711 1972 953 2031 ἐλπίδα⁶
1014 1975 1098 2033 διὸ
1155 1979 1245 2035 καὶ
1305 1976 1599 2059 ἐπιφέρει,
1659 1980 1755 2036 Καὶ
1805 1981 2073 2056 ἠσυχάσει

424 2056 642 2138 ἀφόϐως
700 2063 808 2119 ἀπὸ
863 2065 1066 2130 παντὸς
1122 2073 1314 2127 κακοῦ.
1373 2056 1655 2146 ’Ᾰντικρυς
1716 2067 1773 2125 δὲ
1830 2071 1858 2125 ὁ
1904 2070 2077 2129 Ἀπό-

421 2152 622 2219 στολος
658 2156 710 2213 ἐν
738 2160 806 2233 τῇ
838 2159 1076 2235 προτέρᾳ
1103 2165 1209 2217 τῶν
1251 2162 1389 2239 πρὸς
1419 2162 1740 2239 Κορινθίους
1771 2160 2071 2239 διαρρήδην

421 2245 572 2324 φησί’
632 2249 887 2322 Μιμηταί
948 2272 1053 2324 μου
1083 2251 1313 2327 γίνεσθε,
1371 2254 1551 2316 καθὼς
1605 2253 1755 2330 κάγὼ
1812 2256 2070 2328 Χριστοῦο

413 2332 506 2389 ’ίνα
557 2336 777 2412 γένηται
832 2337 1006 2395 ἐκεῖνο
1041 2359 1053 2372 ⁸
1116 2340 1179 2395 El
1240 2342 1399 2416 ὑμεῖς
1456 2344 1568 2417 (86)
1625 2341 1801 2416 ἐμοῦ,
1851 2342 1957 2419 ἐγὼ
2016 2339 2074 2397 δὶ

416 2425 673 2500 Χριστοῦ*
734 2427 891 2501 ὑμεῖς
941 2429 1033 2484 οὗν
1094 2430 1331 2505 μιμηταὶ
1363 2430 1597 2508 Χριστοῦ
1654 2432 1887 2507 γίνεσθε,
1939 2437 2072 2503 Χρι-

417 2514 542 2579 στὸς
598 2512 657 2571 δὶ
712 2520 869 2574 Θεοῦ.
925 2519 1040 2588 Τήν
1094 2518 1416 2593 ἐξομοίωσιν
1452 2524 1565 2595 (87)
1619 2520 1796 2576 τοίνυν
1828 2525 1908 2593 τῷ
1934 2524 2070 2593 Θεῷ,

420 2600 496 2666 είς
555 2606 679 2660 ὅσον
736 2607 941 2664 οἷόντε
991 2608 1059 2677 ἦν
1116 2606 1327 2665 δίκαιον
1386 2610 1477 2666 καὶ
1536 2610 1687 2666 ὅσιον
1754 2611 1889 2684 μετὰ
1942 2631 2075 2687 φρο-

417 2693 630 2763 νήσεως
701 2695 968 2771 γενέσθαι,
1054 2696 1254 2752 σκοπὸν
1320 2704 1422 2769 τῆς
1495 2699 1731 2761 πίστεως
1822 2700 2071 2755 ὑποτίθε-

416 2800 535 2838 ται·
594 2779 754 2845 τέλος
811 2781 869 2840 δὶ
924 2787 1024 2855 τὴν
1082 2785 1177 2842 ἐπὶ
1230 2791 1298 2863 τῇ
1356 2789 1537 2845 πίστει
1592 2795 1695 2860 τῆς
1745 2788 2071 2867 ἐπαγγελίας

418 2869 877 2931 ἀποκατάστασιν.
930 2877 1026 2931 Ἕκ
1071 2876 1279 2933 τούτων
1330 2878 1426 2933 οὗν
1480 2879 1535 2933 αἱ
1592 2880 1765 2954 πηγαὶ
1806 2883 1914 2935 τῶν
1947 2881 2073 2956 περὶ

1769 428 2214 485 ΒΤΒΟΠΔἸἯΜ
2254 429 2388 483 LIB.
2431 424 2507 483 Il.

3702 425 3841 483 1086

1639 546 1731 602 καὶ
1834 545 2074 618 ἐλεηθή-

2189 556 2317 621 quat
2360 548 2565 622 impius
2612 551 2729 607 vias
2775 566 2923 619 suas,
2954 557 3007 606 et
3037 554 3391 607 convertatur
3419 550 3495 605 ad
3522 550 3843 618 Dominum,

2186 645 2238 695 et
2265 638 2703 696 misericordiam
2741 646 3122 711 consequetur,
3172 655 3362 711 usque
3411 639 3525 694 ad:
3589 640 3845 709 Cogitata

2184 735 2364 785 vestra
2391 746 2427 785 a
2456 729 2793 799 cogitatione
2821 746 2941 785 mea
2967 731 3062 800 (a).
3095 731 3200 786 Nos
3249 745 3408 802 ergo,
3456 746 3526 784 ex
3569 728 3840 800 praeclari

2185 819 2451 892 Apostoli
2485 819 2802 887 sententia,
2835 836 2904 874 ea:
2932 820 3039 889 ﬁde
3083 835 3234 890 spem
3270 819 3512 889 justitiee
3558 824 3844 889 exspecta-

2185 926 2345 964 mus:
2379 912 2438 964 in
2470 908 2686 964 Christo
2725 911 2869 963 enim
2915 925 3093 979 neque
3140 908 3283 965 181
3344 910 3685 964 circumcisio
3734 908 3843 963 ati-

2186 1000 2324 1071 quid
2350 998 2515 1066 valet,
2545 1015 2723 1069 neque
2744 1001 3104 1070 praeputium,
3129 999 3223 1054 sed
3261 1000 3413 1068 ﬁdes,
3445 1015 3567 1069 qua:
3590 1015 3695 1070 per
3741 1000 3839 1055 di-

2189 1091 2472 1147 lectionem
2501 1090 2874 1160 operatumb).
2908 1091 3167 1159 Cupimus
3190 1095 3373 1144 autem
3401 1106 3841 1161 unumquemque

2184 1185 2424 1235 vestrum
2451 1178 2693 1234 eamdem
2735 1180 3015 1234 ostendere
3060 1178 3494 1234 sollicitudinem
3540 1180 3614 1233 ad
3641 1179 3840 1249 exple-

2188 1272 2386 1325 tionem
2437 1270 2572 1340 spei,
2633 1284 2820 1340 usque
2878 1267 2953 1324 ad
3010 1267 3200 1324 illud:
3233 1269 3545 1325 Secundum
3589 1269 3842 1324 ordinem

2184 1358 2574 1416 Melchisedech
2602 1361 2785 1427 factus
2808 1361 3070 1429 pontifex
3098 1359 3156 1412 in
3194 1363 3464 1415 aeternum
3509 1358 3603 1429 (c).
3656 1357 3839 1414 Paulo

2187 1465 2422 1522 quoque
2446 1448 2669 1504 similia
2689 1448 2836 1504 dicit
2865 1448 3165 1521 Sapientia
3193 1448 3356 1503 omni
3388 1448 3601 1503 virtute
3620 1448 3836 1521 plena:

2185 1540 2293 1605 Qui
2338 1544 2521 1593 autem
2549 1554 2633 1593 me
2676 1536 2857 1604 audit,
2906 1536 3181 1593 habitabit
3228 1537 3289 1593 in
3317 1552 3412 1607 spe
3440 1537 3836 1609 conﬁdens(d).

2185 1629 2320 1701 Spei
2352 1628 2513 1684 enim
2547 1628 2867 1698 restitutio,
2896 1643 3019 1698 spes
3048 1626 3207 1682 dicta
3236 1633 3329 1682 est
3343 1626 3641 1698 aaquivoce
3666 1642 3680 1680 :
3703 1641 3840 1699 pro-

2184 1723 2389 1791 pterea
2445 1717 2584 1773 huic
2651 1717 2921 1785 dictioni,
2976 1716 3041 1780 ᾧ
3097 1716 3395 1772 habitabit.
3436 1715 3840 1787 pulcherrime

2184 1807 2421 1881 adjecit,
2456 1808 2766 1878 confidens:
2818 1805 3142 1861 ostendens
3193 1820 3351 1873 eum,
3385 1805 3487 1876 qui
3521 1809 3610 1860 est
3638 1805 3844 1876 hujus-

2186 1897 2369 1963 modi,
2399 1896 2785 1969 requievisse,
2808 1900 3048 1967 recepta
3077 1911 3145 1951 ea
3175 1910 3301 1966 spe,
3333 1909 3513 1965 quam
3542 1893 3840 1965 sperabat.

2183 1990 2374 2054 Quare
2399 1987 2578 2043 etiam
2610 1986 2917 2059 subjungit
2945 2001 2958 2039 :
2998 1987 3069 2040 Et
3097 1986 3336 2055 quiescet
3383 1999 3566 2039 secure
3593 1982 3661 2038 ab
3692 1987 3845 2039 omni

2181 2077 2347 2132 malo.
2400 2080 2617 2148 Aperte
2670 2080 2869 2131 autem
2913 2074 3059 2129 dicit
3108 2072 3428 2145 Apostolus
3457 2072 3518 2128 in
3550 2071 3733 2144 priori
3766 2070 3841 2127 ad

2184 2166 2558 2222 Corinthios:
2632 2166 2941 2219 Imitatores
3015 2164 3123 2218 mei
3170 2168 3331 2218 estote
3363 2204 3378 2229 ,
3435 2163 3578 2217 sicut
3632 2168 3683 2217 et
3745 2177 3842 2232 ego

2185 2255 2392 2311 Christi
2424 2256 2492 2325 (e)
2518 2271 2532 2309 :
2562 2260 2630 2309 ut
2666 2253 2819 2309 illud
2850 2252 3145 2308 efficiatur
3170 2268 3182 2306 :
3217 2252 3275 2307 Si
3295 2268 3397 2307 vos
3427 2252 3568 2317 mei,
3598 2267 3702 2325 ego
3733 2265 3839 2306 au-

2187 2349 2305 2401 tem
2362 2344 2617 2411 Christi;
2673 2360 2775 2399 vos
2829 2359 2967 2415 ergo
3021 2342 3164 2398 estis
3218 2341 3435 2396 Christi
3484 2341 3837 2409 imitatores,

2182 2435 2451 2490 Christus
2499 2449 2638 2488 vero
2686 2432 2810 2487 Dei.
2863 2434 2971 2487 Deo
3011 2446 3146 2503 ergo
3190 2429 3509 2497 assimilari,
3542 2436 3625 2499 ut,
3656 2430 3842 2501 quoad

2180 2526 2302 2593 ﬁeri
2330 2529 2522 2594 potest,
2546 2526 2648 2591 ﬁat
2677 2523 2800 2591 quis
2821 2521 3011 2591 justus
3036 2526 3089 2574 et
3117 2526 3337 2575 sanctus
3362 2535 3485 2573 cum
3509 2519 3834 2589 prudentia,

2184 2613 2393 2668 statuit
2416 2627 2545 2667 esse
2577 2626 2824 2683 scopum
2851 2608 2990 2665 fidei
3016 2626 3030 2676 ;
3065 2608 3248 2664 ﬁnem
3280 2613 3498 2673 autem,
3530 2623 3680 2677 eam,
3708 2623 3841 2679 qua)

2183 2701 2251 2757 ﬁt
2279 2717 2386 2773 per
2415 2700 2615 2766 fidem,
2648 2698 2928 2771 promissi
2977 2697 3438 2753 restitutionem.
3470 2698 3554 2751 Ex
3582 2695 3675 2751 his
3702 2710 3839 2769 ergo

2180 2790 2379 2846 fontes
2409 2806 2641 2857 eorum,
2673 2789 2775 2860 qui
2806 2788 2879 2843 de
2902 2788 3021 2842 fine
3051 2786 3461 2853 decreverunt,
3493 2802 3645 2856 quos
3673 2783 3840 2857 prius

2185 2880 2467 2948 diximus,
2499 2879 2851 2935 scaturiunt.
2885 2876 2996 2932 Sed
3029 2875 3101 2931 de
3129 2876 3224 2931 his
3257 2874 3498 2949 quidem
3531 2874 3676 2932 satis
3727 2878 3837 2930 est.

417 2959 609 3024 τέλους
639 2959 1105 3040 δογματισάντων,
1138 2964 1198 3031 ἃς
1225 2970 1654 3045 προειρήκαμεν,
1692 2967 2006 3046 βλὺζουσιν.
2038 2965 2221 3025 ’Λλλὰ
2248 2968 2455 3024 τούτων
2490 2967 2585 3042 μὶν
2611 2966 2757 3029 ἅλις.

1895 3115 2127 3171 CAPUT
2165 3114 2362 3170 XXIII.

596 3212 673 3266 De
699 3214 1047 3268 matrimonii
1075 3212 1370 3268 commodis
1396 3219 1448 3268 et
1470 3215 1762 3284 praceptis
1790 3215 1850 3269 in
1879 3214 2001 3284 ejus
2027 3229 2131 3270 usu
2172 3210 2557 3277 observandis;
2589 3225 2712 3281 quae
2734 3211 2958 3281 plenius
2989 3215 3195 3266 tractat
3226 3208 3366 3263 libro
3395 3208 3660 3279 sequenti.

490 3333 640 3390 Ἐπεὶ
709 3331 767 3389 δὲ
837 3332 1012 3405 ἡδονή
1067 3334 1155 3391 καὶ
1214 3336 1474 3410 ἐπιθυμία
1527 3335 1851 3392 ὑποπίπτειν
1909 3336 2073 3413 γάμῳ

2256 3336 2546 3404 Quoniam
2586 3341 2786 3391 autem
2812 3334 3086 3408 voluptas
3131 3338 3189 3389 et
3228 3332 3524 3405 cupiditas
3570 3330 3847 3386 videntur

419 3418 590 3494 δοκεῖ,
636 3423 727 3478 καὶ
774 3424 899 3500 περῖ
949 3423 1145 3479 τούτου
1205 3422 1554 3495 διαληπτέον.
1607 3426 1790 3499 Γάμος
1840 3427 1935 3500 μὶν
1982 3425 2072 3480 οὖν

420 3511 531 3569 ἐστὶ
560 3510 788 3578 σύνοδος
836 3511 1025 3587 ἀνδρὸς
1074 3512 1164 3570 καὶ
1196 3515 1452 3591 γυναικὸς
1480 3517 1515 3586 ἡ
1547 3516 1742 3591 πρώτη
1774 3519 1888 3590 (88)
1938 3515 2079 3571 κατὰ

420 3602 590 3676 νόμον
624 3601 711 3658 ἐπὶ
761 3603 1005 3679 γνησίων
1048 3605 1248 3660 τέκνων
1304 3609 1502 3680 σπορᾷ.
1553 3606 1617 3663 Ὁ
1645 3609 1772 3680 γοῦν
1827 3604 2075 3680 κωμικὸς

423 3689 748 3765 Μένανδρος

568 3844 653 3878 ..τι
688 3797 930 3878 Ηαίδων,
962 3799 1118 3878 φησὶ,
1140 3803 1340 3878 ⁸σπόρῳ
1368 3806 1477 3878 τῷν
1511 3802 1752 3878 γνησίων

565 3869 775 3947 Δίδωμί
805 3872 890 3928 σοί
913 3869 984 3947 ’γε
1005 3869 1112 3943 τὴν
1136 3869 1375 3948 ἐμαὺτοΰ
1406 3869 1673 3951 θυγατέρα

419 3982 703 4052 Ζητοῦμεν
763 3978 823 4036 δὲ
852 4025 865 4050 ,
925 3980 973 4036 εί
1022 3981 1300 4057 γαμητέον
1328 4002 1341 4013 ·
1401 3981 1535 4057 ὅπερ
1592 3987 1699 4037 τῶν
1757 3984 1895 4039 κατὰ
1939 3984 2077 4058 πρὸς

417 4067 471 4123 τί
552 4071 666 4143 (89)
718 4074 837 4133 πῶς
897 4066 1043 4146 ἔχειν
1095 4072 1505 4145 ὠνομασμένων
1559 4070 1700 4126 ἐστίν
1738 4114 1750 4128 .
1808 4071 1924 4127 Τινὶ
1975 4073 2076 4149 γὰρ

2187 3427 2396 3483 cadere
2411 3426 2472 3481 in
2497 3425 2970 3493 matrimonium,
2987 3424 3058 3481 de
3080 3425 3193 3480 hoc
3215 3440 3451 3496 quoque
3469 3420 3844 3477 tractandum

2186 3523 2296 3575 est.
2328 3519 2432 3573 Est
2462 3535 2597 3592 ergo
2637 3516 3087 3574 matrimonium
3131 3517 3326 3589 prima
3349 3514 3616 3588 legitima
3645 3510 3754 3567 viri
3785 3515 3845 3566 et

2186 3609 2458 3667 mulieris
2483 3608 2614 3682 conj
2624 3610 2827 3665 unctio
2848 3607 2924 3665 ad
2943 3608 3344 3682 legitimorum
3364 3606 3691 3662 liberorum
3707 3620 3848 3676 pro-

2188 3698 2577 3756 creationem.
2611 3698 2935 3755 Menander
2964 3698 3165 3771 itaque
3192 3696 3458 3754 comicus
3487 3695 3571 3753 ait
3598 3710 3612 3749 :

2329 3808 2424 3863 Ad
2445 3807 2792 3863 seminandos
2823 3808 3094 3879 legitimos
3125 3806 3321 3862 liberos

2337 3879 2457 3935 Tibi
2485 3896 2663 3935 meam
2695 3879 2853 3934 trado
2878 3877 3077 3949 ﬁliam.

2187 3986 2521 4052 Quaerimus
2554 3990 2776 4053 autem,
2806 4001 2881 4041 an
2910 3985 2989 4039 sit
3015 4000 3165 4039 uxor
3194 3983 3504 4039 ducenda:
3536 3981 3695 4055 quod
3714 3979 3845 4052 qui-

2188 4076 2323 4130 dem
2356 4079 2445 4130 est
2474 4091 2546 4131 ex
2575 4076 2668 4141 iis,
2694 4092 2827 4146 quas
2850 4075 3181 4130 secundum
3202 4073 3278 4130 ad
3301 4072 3526 4145 aliquid
3551 4071 3847 4144 quodam-

489 4213 560 4291 .xg
577 4217 640 4271 P.
672 4216 781 4272 502
809 4217 922 4291 Ep.
956 4218 1251 4291 Poma,
1284 4219 1520 4273 420.421
1556 4217 1669 4273 ED.
1704 4217 1936 4274 PARIS.
2012 4218 2076 4291 (αξ

2189 4235 2237 4275 a.
2268 4235 2359 4286 ιν,
2393 4220 2447 4287 6,
2479 4221 2533 4287 ‘7,
2567 4220 2619 4273 9.
2696 4218 2776 4290 (b)
2808 4216 2929 4273 Gal.
2963 4234 3015 4285 v,
3046 4220 3099 4285 5,
3133 4220 3182 4272 6.
3263 4216 3330 4289 (e)
3360 4216 3506 4274 Heb.
3535 4234 3609 4288 v1,
3644 4220 3729 4287 ii,
3754 4220 3844 4273 20.

415 4287 500 4359 (ἀ)
532 4289 697 4343 Prov.
732 4304 773 4359 ι,
806 4289 894 4344 33.
974 4290 1043 4361 (e)
1075 4289 1099 4343 Ι
1128 4289 1259 4344 Cor.
1288 4306 1364 4358 χι,
1401 4293 1450 4345 1.

514 4431 605 4501 81)
636 4434 869 4502 Χριστῳ.
895 4429 1114 4502 Χριστῷ
1146 4430 1352 4499 Ἰησοῦ,
1388 4429 1572 4487 Galat.

516 4501 700 4579 82)_'H
732 4501 1028 4579 traiecto:
1062 4502 1256 4579 Eppia.
1290 4502 1392 4579 _Sic
1445 4504 1718 4579 Clemens
1743 4572 1754 4579 _
1776 4505 2078 4579 Romanus

422 4570 556 4650 sub
586 4575 769 4631 ﬁnem
822 4570 1039 4650 prioris
1083 4570 1361 4647 Epistolas
1384 4592 1420 4650 :_
1454 4570 1644 4650 Οὕτως
1679 4572 1824 4650 ,γᾶρὴ
1861 4572 2009 4648 λέγει
2040 4576 2076 4644 ἡ

418 4646 744 4723 ’τιανιιὶρετοςΔ
799 4645 992 4723 Σοφία.
1072 4645 1182 4723 ΙτὶιΔ
1233 4648 1503 4723 siquidem
1574 4645 1723 4702 dicit
1772 4645 2082 4723 "Sapientia

421 4665 720 4718 παναρετος
799 4665 992 4723 δοφια.
1072 4665 1161 4703 ua
1233 4665 1503 4717 siquidem
1574 4665 1709 4702 αιοιι
1788 4665 2077 4773 sapientia

421 4735 635 4774 omnem
689 4720 948 4775 virtutem
1005 4720 1377 4789 complectens.
1410 4720 1551 4790 Post
1601 4735 1801 4790 quem,
1882 4720 2077 4775 ibrum

2189 4428 2369 4518 ράντα
2430 4432 2583 4505 ὑμῶν
2643 4429 2787 4486 ἐστιν
2849 4431 3008 4504 ὑμεῖς
3062 4426 3120 4485 δὶ
3178 4432 3439 4505 Χριστοῦ·
3500 4428 3731 4505 Χριστὸς
3788 4425 3847 4485 δὲ

2190 4509 2373 4647 Belgi)
2402 4572 2784 4701 Ἐῖομοίωσιν.
2828 4575 2972 4630 Cum
3005 4574 3259 4647 apostoli
3290 4573 3563 4631 doctrina
3590 4574 3845 4640 confert,

2190 4664 2322 4701 ausa
2348 4663 2465 4701 nan
2494 4664 2526 4701 o
2559 4647 2832 4701 superius
2864 4663 2894 4701 e
2924 4647 3171 4701 Platone
3203 4647 3485 4701 recitavit.

2190 4664 2322 4719 quas
2348 4647 2526 4720 paulo
2559 4647 2832 4720 superius
2864 4663 2901 4720 e_
2924 4647 3171 4720 Platone
3203 4647 3485 4720 recitavit.

2262 4714 2372 4791 (88)
2402 4718 2464 4801 'll
2518 4714 2740 4801 πρώτη.
2802 4717 3044 4801 Videtur
3093 4719 3369 4801 Clemens
3424 4714 3649 4801 σύνοδον
3692 4717 3844 4791 πρώ-

421 4790 898 4879 Prpverhilorum,
958 4771 1271 4879 πανάξετον.
1292 4789 1497 4867 Σοφίαν
1527 4771 1906 4879 appellanu‘nt
1962 4809 2076 4874 non

2189 4771 2582 4879 Eg§,_primam
2611 4771 3075 4879 coniunctionem,
3106 4791 3354 4879 nuptias
3378 4790 3713 4879 appellans,
3731 4771 3846 4879 Leas

423 4861 619 4917 solum
645 4862 922 4918 Clemens
954 4861 1417 4935 Alexandrinus,
1452 4861 1775 4935 sede—tiam
1802 4863 2081 4935 Hegesip-

2192 4859 2556 4936 distinguere
2587 4880 2620 4936 a
2652 4859 3071 4936 concubinam,
3102 4859 3304 4934 γάξῖοις
3337 4859 3705 4936 ἐπεισάκτοις.
3731 4863 3847 4917 Nec

422 4949 555 5009 pus,
588 4935 879 5009 Irenmus,
903 4934 995 4986 καὶ
1026 4933 1054 4986 ὁ
1085 4933 1191 4994 πᾶς
1220 4932 1606 5009 τῶνῌάρχᾳίων
1637 4933 1829 5009 χορός,
1861 4932 1913 4989 et
1941 4932 2076 5009 totus

2192 4934 2354 5009 enim
2382 4932 2679 4989 secundas
2702 4933 2939 5009 nuptias
2962 4932 3362 5009 postmortem
3387 4934 3631 4989 alterius
3654 4950 3685 4988 e
3706 4949 3845 5009 con-

421 4992 784 5077 antiquorum
827 4992 1045 5073 chorus,
1096 4992 1261 5077 apud
1317 4992 1834 5077 Eusebiumnflist'.
1894 5007 2079 5062 eccles.

422 5075 526 5130 lib.
560 5075 800 5158 ivncap.
838 5076 1121 5158 (θ’-(λαυρ.
1144 5075 1289 5158 quas
1316 5076 1389 5132 ad
1437 5076 1803 5133 Clementem
1856 5080 2080 5134 Roma-

424 5164 567 5204 num
598 5147 903 5204 adnotavit
931 5147 1279 5204 Cotelerius.

495 5216 777 5294 (83)}08‘
810 5216 901 5294 ἐμ.
938 5219 1103 5278 Vide.
1159 5237 1290 5291 quas
1338 5219 1622 5294 superius
1675 5220 1736 5275 in
1796 5237 1927 5294 pag.
1980 5222 2083 5275 342

425 5291 566 5347 edit.
601 5292 786 5348 Paris.
819 5292 1100 5347 adnotata
1132 5298 1290 5347 sunt.
1325 5292 1590 5347 COLLECT.

498 5365 614 5433 (84)
673 5362 978 5425 Πεποιθώς.
1041 5364 1221 5419 Abest
1270 5381 1303 5419 a
1350 5365 1516 5419 Prov.
1556 5380 1595 5426 ι.
1626 5364 1712 5427 33,
1747 5362 1845 5418 ubi
1880 5368 2082 5418 tamen

426 5433 674 5491 adnotat
731 5436 1057 5506 Flaminius
1115 5435 1401 5506 Nobilius,
1462 5435 1524 5490 in
1563 5435 1789 5506 scholio
1822 5435 2079 5506 quodam

425 5506 552 5562 hinc
582 5512 809 5580 evstare
842 5504 1203 5580 ἀναπαύσεται
1235 5505 1287 5561 ἐν
1320 5505 1509 5580 εἰρήνῃ
1538 5503 1838 5580 πεποιθώς.

496 5580 608 5650 (85)
641 5578 739 5633 Διά
765 5582 862 5633 τοῦ
890 5579 1297 5648 κατασκηνώσει
1325 5576 1395 5648 τῇ
1431 5576 1591 5648 λέξει.
1613 5578 1841 5650 Clarius
1873 5577 2080 5647 divise,

423 5643 510 5723 ξιξ
531 5643 998 5723 ἂ,’ᾳααρνοριθν;
1031 5643 1229 5723 inquit
1250 5643 1527 5723 Sylburg'.
1564 5651 1799 5707 Rectius
1832 5643 2081 5723 legetur,

425 5718 515 5775 ἐπὶ
544 5723 611 5791 τῇ
626 5718 744 5777 τεο-ξ
769 5718 1174 5791 κατασκηνώσει
1204 5718 1365 5791 λέξει.
1402 5718 1613 5779 LOPTH.

501 5794 611 5864 (86)
643 5793 843 5865 Ὑμεῖς.
876 5796 986 5851 Illa
1018 5795 1197 5850 etiam
1224 5794 1390 5850 Pauli
1440 5795 1618 5850 verba
1663 5794 1960 5865 respicere
2005 5794 2083 5847 vi—

427 5862 604 5919 detur
654 5862 949 5937 Clemens,
982 5882 1115 5937 qum
1146 5871 1470 5923 occurrunt
1496 5870 1520 5921 ι
1550 5867 1679 5922 Cor.
1714 5862 1798 5933 ni,
1830 5867 1920 5931 22,
1969 5867 2037 5919 23
2064 5880 2078 5920 :

2183 5003 3131 5080 jugibus_contractas'_d_amnavit
3181 5012 3247 5080 ut
3274 5022 3305 5062 e
3336 5008 3537 5061 Strom.
3588 5021 3651 5080 in
3703 5003 3847 5060 satis

2232 5076 2371 5134 alet.
2406 5076 2497 5132 Sic
2529 5078 2776 5133 Hermas
2806 5077 2910 5133 lib.
2947 5093 3008 5143 ιι,
3043 5077 3151 5131 sub
3198 5079 3378 5137 finem
3425 5076 3687 5132 mandat.
3748 5092 3799 5129 Iv
3828 5091 3843 5128 :

2231 5151 2250 5203 i
2304 5151 2412 5215 vir,
2470 5150 2555 5204 vel
2602 5149 2802 5204 mulier
2859 5148 3100 5217 alicujus
3158 5148 3463 5211 decesserit,
3519 5153 3570 5202 et
3598 5149 3845 5217 nupserit

2191 5221 2396 5290 aliquis
2445 5221 2690 5289 illorum,
2751 5219 3027 5291 numquid
3072 5223 3313 5290 peccat?
3360 5220 3465 5285 Qui
3515 5219 3675 5273 nubit
3730 5234 3843 5291 non

2181 5288 2397 5363 peccat,
2431 5294 2653 5363 inquit:
2686 5292 2781 5347 sed
2806 5294 2855 5346 si
2876 5288 2977 5363 per
3004 5288 3383 5363 sse—manserit,
3419 5305 3683 5363 magnum
3734 5288 3845 5344 sibi

2190 5309 2397 5363 peccat,
2431 5309 2489 5346 ιη
2534 5309 2653 5348 uit:
2686 5309 2780 5347 sea
2806 5309 2853 5346 ει
2876 5309 2977 5363 per
3004 5309 3058 5345 se
3103 5309 3383 5350 manserit.
3419 5309 3683 5360 magnum
3734 5309 3844 5344 swi

2190 5366 2477 5435 conquerit
2494 5309 2762 5419 (honorem
2792 5363 2945 5433 apud
2958 5364 3286 5435 Dominum.
3316 5362 3427 5435 _Ubi
3461 5359 3603 5432 quid
3638 5360 3707 5414 de
3746 5377 3846 5435 se-

2190 5432 2406 5490 cundis
2460 5436 2687 5507 nuptiis
2745 5432 3043 5507 senserint
3081 5433 3329 5507 antiqui
3380 5435 3602 5497 Patres,
3637 5432 3845 5507 multis

2190 5504 2816 5562 testimoniis'edocuit
2844 5504 3188 5559 Cotelerius.
3221 5505 3328 5569 Qui
3383 5510 3584 5559 tamen
3640 5504 3845 5559 existi-

2191 5595 2387 5634 masse
2419 5578 3037 5649 videtur.Clementern
3072 5592 3141 5630 ea
3166 5592 3346 5631 causa
3362 5572 3587 5649 σύνοδον
3620 5575 3846 5649 πρώτην

2188 5666 2430 5777 ἰοοαῗεε
2477 5648 2569 5703 τὸν
2627 5647 2824 5722 γάμον,
2885 5647 3043 5717 quod
3108 5646 3444 5719 μονογαμίαν
3499 5646 3688 5705 solam
3717 5664 3853 5720 pro-

2230 5738 2330 5777 are
2364 5764 2377 5777 .

2230 5727 2377 5777 aret.

2261 5796 2372 5866 (89)
2429 5791 2573 5846 Κατὰ
2620 5790 2755 5866 πρός
2809 5809 2861 5841 τι
2892 5829 2903 5841 .

2186 5862 2315 5936 ¹ιιρός
2342 5862 2416 5919 τι.

2984 5789 3277 5848 Lowthius
3333 5791 3557 5849 mavult
3610 5789 3748 5844 κατὰ
3805 5786 3842 5858 ἢ
