4144 6392
380 400 521 459 1089

1706 400 2153 457 ΒἹἮΟΜΔἸὋΜ
2189 402 2327 456 LIB.
2366 400 2439 456 Π.

3662 405 3807 462 1090

377 529 544 597 κήπῳ
606 524 741 599 μετὰ
793 527 894 590 τῆς
953 524 1168 600 ἑταίρας
1226 525 1339 597 (97)
1381 521 1562 599 ἓργοις
1616 522 1892 580 ἑκύδαινον
1927 525 2029 594 τὴν

2170 527 2472 583 iberorum
2527 528 2865 600 susceptio;
2926 545 2997 584 ex
3054 528 3579 601 peripateticorum
3638 548 3802 600 vero,

380 617 610 690 ἡδονήν.
661 618 776 675 Οὐκ
826 615 889 671 ἃν
938 617 1030 672 οὖν
1081 616 1369 694 ἐκφςιγοιεν
1397 618 1497 684 τὴν
1530 616 1820 692 βουζύγιον
1881 617 2037 693 ἀρὰν,

381 708 495 764 ὲσοι
549 708 627 781 μὴ
678 704 1069 780 δοκιμάζοντες
1114 705 1263 782 σφίσι
1310 705 1603 783 συμφέρειν
1632 707 1777 774 τινὰ,
1832 705 2038 778 ἑτέροις

379 802 551 853 ταῦτα
615 795 1081 870 παρακελεύονται
1152 798 1353 849 ποιεῖν’
1430 795 1466 862 ἢ
1544 794 1610 848 αὗ
1681 790 2039 866 τοῦμπαλιν.

383 889 562 944 Τοῦτο
625 885 879 961 βραχέως
935 886 971 954 ἡ
1026 884 1213 960 Γραφή
1274 880 1609 952 δεδήλωκεν,
1648 884 1923 958 είρηκυῖα.
1973 884 2042 939 Ὅ

386 980 565 1049 μισεῖς
597 977 736 1049 (98),
786 970 947 1042 ἄλλῳ
1004 972 1066 1028 οὐ
1098 974 1371 1042 ποιήσεις.
1417 970 1571 1040 Πλὴν
1602 972 1656 1027 οἱ
1679 973 1859 1048 γάμον
1893 968 2041 1026 δοκι-

387 1066 670 1140 μάζοντες.
719 1063 779 1119 Ἣ
807 1061 965 1138 φύσις
1004 1065 1154 1134 ἡμᾶς
1210 1059 1487 1133 ἐποίησεν,
1548 1060 1732 1138 φασὶν,
1792 1060 2042 1124 εὐθέτους

382 1153 519 1229 πρὸς
551 1152 759 1227 γάμον,
808 1151 884 1212 ὡς
936 1147 1109 1220 δῆλον
1159 1148 1219 1205 ἐκ
1255 1153 1354 1214 τῆς
1387 1151 1658 1222 σωμάτων
1687 1155 2042 1217 κατασκευῆς,

380 1247 488 1299 τῶν
518 1262 577 1297 τε
605 1239 844 1318 ἀρῥὲνων
870 1239 962 1294 καὶ
1014 1243 1120 1294 τῶν
1168 1238 1429 1309 θηλειῶν·
1479 1239 1570 1293 καὶ
1626 1238 1690 1293 τὸ
1747 1237 2047 1308 Αύξάνεσθε

382 1332 473 1387 καὶ
548 1328 890 1400 πληθύνεσθε
964 1333 1212 1403 συνεχῶς
1280 1322 1611 1383 ἐπιϐοῶνται
1647 1372 1659 1385 .
1721 1327 1783 1382 Εἰ
1844 1325 1901 1382 δὶ
1954 1326 2046 1382 καὶ

382 1422 533 1477 ταῦθ’
562 1420 737 1481 οὕτως
767 1417 909 1495 ἔχει,
940 1416 1067 1474 ἀλλ’
1097 1417 1327 1494 αἶσχρόν
1360 1439 1425 1494 γε
1460 1418 1652 1480 αὐτοῖς
1685 1415 1838 1473 δοκεῖ
1862 1417 1927 1472 τὸ
1955 1416 2047 1472 καὶ

382 1515 491 1567 τῶν
525 1508 749 1586 ἀλόγων
784 1513 938 1579 ζώων
969 1508 1065 1563 τὸν
1121 1508 1225 1563 ὑπὸ
1276 1512 1412 1564 Θεοῦ
1444 1505 1922 1584 δημιουργηθέντα
1951 1504 2047 1562 ἄν·

386 1612 605 1677 θρωπον
682 1598 1073 1675 ἀκρατὲστερον
1150 1598 1307 1666 εἶναι,
1385 1594 1419 1652 ἃ
1486 1599 1586 1667 τήν
1649 1597 1923 1671 ἐπιμιξίαν
1985 1595 2047 1651 ού

386 1693 625 1745 ποιεῖται
656 1687 795 1762 πρὸς
844 1684 1030 1743 πολλὰ
1082 1686 1171 1742 καὶ
1229 1683 1457 1757 ἀναίδην
1516 1688 1651 1760 (99),
1706 1684 1855 1742 ἀλλὰ
1909 1686 2048 1760 πρὸς

385 1775 441 1833 ἓν
490 1779 582 1832 καὶ
642 1771 950 1853 ὁμόφολον’
987 1777 1097 1830 οἷαι
1128 1775 1183 1829 αἱ
1215 1773 1521 1845 πελειάδες,
1571 1777 1660 1830 καὶ
1723 1776 1777 1831 αἱ
1827 1776 2050 1852 φάσσαι,

2144 617 2390 672 bonum.
2425 619 2497 672 Ut
2525 617 2711 673 semel
2742 623 2942 673 autem
2973 617 3190 686 dicam,
3242 619 3332 674 illi
3379 619 3585 693 lingua
3628 625 3803 676 tenus

2145 724 2253 762 sua
2277 706 2641 762 deducentes
2672 706 2970 779 dogmata,
3010 707 3411 779 voluptatibus
3451 708 3806 778 servierunt,

2146 796 2246 851 alii
2282 797 2526 869 quidem
2555 796 2894 868 pellicibus,
2927 797 3028 851 alii
3060 812 3194 851 vero
3225 797 3813 869 meretricibus,plu-

2144 885 2283 940 rimi
2315 891 2515 941 autem
2546 890 2783 941 utentes
2814 884 3581 960 adolescentulis.gSapiens
3607 891 3809 942 autem

2148 973 2253 1029 illa
2282 974 2618 1045 quaternio,
2649 974 2711 1029 in
2738 975 2910 1029 horto
2943 990 3080 1028 cum
3123 975 3463 1039 meretrice,
3502 975 3676 1030 factis
3706 991 3809 1030 vo-

2148 1063 2438 1136 luptatem
2461 1064 2709 1120 colebat.
2744 1065 2871 1119 Non
2902 1080 3040 1136 ergo
3065 1080 3195 1120 eam
3217 1065 3630 1137 gravissimam
3661 1058 3812 1121 effu-

2148 1154 2342 1226 gerint
2373 1153 2974 1224 exsecrationem,qui
3006 1170 3140 1209 cum
3175 1154 3287 1208 sibi
3310 1153 3512 1225 aliqua
3530 1170 3811 1209 noncon-

2146 1243 2304 1298 ferre
2313 1242 2608 1314 judicent,
2641 1243 2791 1298 alios
2814 1258 2885 1299 ea
2904 1242 3221 1297 hortentur
3240 1243 3458 1309 facere,
3472 1243 3564 1298 vel
3581 1248 3809 1298 contra.

2151 1333 2271 1388 Hoc
2297 1332 2554 1409 breviter
2583 1333 2888 1405 Scriptura
2940 1332 3314 1404 signiﬁcavit,
3366 1332 3611 1388 dicens:
3659 1333 3818 1397 Quod

2152 1424 2276 1477 odio
2297 1421 2593 1490 habes,alii
2610 1439 2694 1477 me
2721 1423 2919 1491 feceris
2941 1422 3037 1492 (a).
3063 1422 3356 1477 Ceterum
3378 1421 3814 1492 quimatrimo-

2152 1511 2321 1566 nium
2343 1511 2696 1584 approbant.
2725 1512 2862 1576 Nos,
2895 1511 3198 1583 inquiunt,
3230 1510 3373 1567 fecit
3395 1517 3611 1567 natura
3642 1515 3815 1583 aptos

2155 1600 2228 1655 ad
2261 1601 2804 1670 matrimonium,ut
2832 1600 3024 1672 liquet
3047 1617 3118 1655 ex
3140 1600 3575 1672 compositione
3602 1616 3816 1672 corpo-

2156 1707 2290 1745 rum
2345 1691 2750 1746 masculorum
2809 1696 2867 1745 et
2923 1691 3321 1745 feminarum:
3381 1696 3440 1745 et
3465 1690 3816 1764 frequenter

2156 1779 2306 1835 illud
2337 1780 2706 1836 acclamant:
2743 1782 2978 1836 Crescite
3008 1786 3060 1834 et
3088 1780 3546 1850 multiplicamini
3564 1780 3660 1851 (b).
3690 1779 3814 1835 Etsi

388 1866 478 1923 καὶ
505 1867 570 1922 τὸ
616 1864 892 1942 τρυγόνων
938 1863 1118 1939 γένος,
1145 1864 1233 1918 καὶ
1268 1861 1369 1919 ὅσα
1394 1863 1612 1928 τούτοις
1662 1866 2046 1938 παραπλήσια.

2164 1875 2356 1924 autem
2388 1869 2516 1924 haec
2565 1886 2802 1941 quoque
2852 1868 2936 1923 ita
2983 1885 3046 1924 se
3092 1867 3373 1935 habeant,
3420 1867 3566 1939 ipsis
3614 1872 3816 1924 tamen

390 1963 510 2013 Ἔτι
543 1955 724 2033 φασὶν,
758 1979 785 2005 ‹‹
816 1954 879 2010 Ὁ
910 1951 1130 2015 ἄτεκνος
1156 1959 1257 2022 τῆς
1306 1954 1444 2007 κατά
1489 1954 1645 2027 φύσιν
1694 1954 2044 2023 τελειότητος

392 2042 769 2113 ἀπολείπεται,
815 2039 908 2097 ἅτε
960 2042 1035 2114 μή
1091 2040 1551 2111 άντικαταστήσας
1608 2046 1677 2115 τῇ
1738 2042 1898 2117 χώρᾳ
1951 2041 2044 2096 τὸν

395 2133 594 2188 οίκεῖον
627 2128 908 2206 διάδοχον
940 2129 1152 2193 τέλειος
1202 2131 1307 2205 γὰρ
1340 2131 1368 2184 ὁ
1418 2130 1736 2201 πεποιηκὼς
1782 2129 1834 2203 ἐξ
1882 2130 2048 2185 αὐτοῦ

393 2222 487 2277 τὸν
543 2221 759 2293 ὅμοιον
822 2217 1034 2293 μᾶλλον
1091 2217 1167 2290 δὲ,
1226 2216 1442 2273 ἐπειδὰν
1501 2220 1749 2274 κάκεῖνον
1807 2220 1870 2274 τὸ
1918 2219 2049 2274 αὐτὸ

391 2308 735 2381 πεποιηκότα
765 2306 952 2383 ἐπίδῃ,
981 2307 1418 2379 τουτέστιν,δταν
1447 2307 1522 2370 είς
1552 2308 1654 2377 τὴν
1687 2308 1856 2378 αὐτὴν
1885 2330 2048 2364 κατα-

393 2401 567 2474 στήσῃ
601 2397 759 2477 φύσιν
789 2398 852 2452 τὸ
879 2398 1142 2453 τεκνωθὲν
1194 2401 1274 2468 τῷ
1318 2399 1669 2455 τεκνώσαντι.
1704 2421 1733 2449 ››
1767 2400 2049 2471 Γαμητέον

392 2489 484 2544 οὗν
508 2491 727 2550 πάντως
755 2486 845 2543 καὶ
875 2490 980 2552 τῆς
1030 2483 1294 2561 πατρίδος
1325 2482 1499 2555 ἕνεκα,
1533 2487 1624 2541 καὶ
1653 2493 1754 2554 τῆς
1781 2490 1891 2541 τῶν
1923 2485 2050 2542 παί-

393 2575 499 2633 δων
535 2575 828 2652 διαδοχῆς.
854 2576 946 2630 καὶ
977 2579 1077 2640 τῆς
1107 2580 1206 2630 τοῦ
1233 2574 1468 2647 κόσμου,
1505 2575 1569 2630 τὸ
1601 2575 1725 2630 ὅσον
1759 2575 1841 2654 ἐφ’
1889 2579 2051 2649 ἡμῖν,

392 2666 851 2728 συντελειώσεως·
909 2664 1024 2720 ἐπεὶ
1056 2664 1146 2719 καὶ
1195 2662 1368 2736 γάμον
1425 2664 1546 2718 τινὰ
1585 2664 1946 2740 οἱκτείρουσιν
1999 2666 2052 2720 οἱ

390 2754 620 2827 ποιηταί
651 2754 894 2828 ἡμιτελῆ
928 2756 1003 2826 (1)
1049 2753 1136 2808 καὶ
1172 2749 1395 2807 ἄπαιδα·
1450 2750 1812 2827 μακαρίζουσι
1854 2750 1913 2809 δὲ
1957 2759 2050 2809 τὸν

392 2845 702 2923 ἀμφιθαλῆ.
736 2845 805 2901 Αἱ
835 2840 898 2898 δὲ
929 2842 1235 2911 σωματικαὶ
1282 2843 1432 2897 νόσοι
1468 2841 1707 2915 μάλιστα
1734 2842 1827 2897 τὸν
1875 2843 2050 2919 γάμον

392 2935 680 3010 ἀναγκαῖον
759 2929 1109 2987 δεικνύουσι·
1170 2933 1205 3001 ἡ
1263 2931 1365 3007 γὰρ
1420 2938 1519 3001 τῆς
1577 2933 1830 3007 γυναικὸς
1889 2931 2053 3003 κηδε-

398 3023 578 3098 μονία,
632 3020 723 3077 καὶ
776 3024 876 3091 τῆς
924 3020 1252 3095 πᾶραμονῆς
1298 3022 1333 3089 ἡ
1367 3019 1624 3092 ἐκτένειᾳ,
1679 3023 1778 3084 τὰς
1830 3021 1889 3076 ἐκ
1942 3026 2054 3078 τῶν

399 3111 586 3169 ἄλλων
621 3111 835 3167 οἰκείων
866 3110 956 3166 καὶ
1007 3110 1185 3186 φίλων
1225 3103 1398 3165 ἔοικεν
1460 3109 1834 3186 ὑπερτίθεσθαι
1883 3132 2054 3186 προσ-

393 3201 735 3277 ηρτερὲσεις
785 3200 898 3272 ὅσῳ
944 3202 1013 3272 τῇ
1065 3198 1373 3272 συμπαθείᾳ
1421 3196 1696 3275 διαφέρειν
1741 3199 1832 3255 καὶ
1879 3220 2052 3275 προσ-

396 3287 631 3366 εδρεύειν
692 3287 931 3360 μάλιστα
976 3287 1187 3342 πάντων
1242 3292 1608 3361 προαιρεῖται·
1656 3289 1745 3343 καὶ
1803 3294 1885 3362 τῷ
1936 3285 2053 3345 ὄντι

2156 1964 2328 2029 turpe
2358 1957 2609 2027 videtur,
2644 1957 2804 2029 quod
2853 1958 3054 2021 homo,
3089 1972 3268 2028 quem
3299 1957 3456 2011 Deus
3486 1961 3578 2012 est
3623 1956 3817 2012 archi-

2156 2052 2431 2116 tectatus,
2490 2048 2567 2102 sit
2612 2046 3019 2102 animantibus
3066 2044 3257 2101 brutis
3299 2046 3815 2117 intemperantior,

2157 2152 2289 2206 quas
2320 2153 2456 2191 cum
2486 2135 2692 2191 multis
2714 2141 2772 2191 et
2801 2141 3023 2191 temere
3054 2151 3177 2189 non
3208 2134 3693 2207 congrediuntur,
3711 2134 3818 2191 sed

2158 2241 2293 2280 cum
2324 2242 2467 2292 uno,
2501 2230 2561 2280 et
2589 2223 2750 2295 quod
2780 2224 2859 2279 sit
2876 2222 3147 2296 ejusdem
3166 2222 3404 2296 generis
3430 2239 3443 2277 :
3476 2222 3817 2296 cujusmodi

2160 2322 2302 2371 sunt
2329 2314 2646 2383 columbae,
2680 2319 2739 2370 et
2767 2312 3102 2386 palumbes,
3137 2319 3195 2368 et
3218 2330 3408 2386 genus
3432 2318 3821 2381 turturum,et

2161 2422 2293 2476 qua
2324 2410 2466 2460 sunt
2507 2404 2602 2459 his
2654 2403 2902 2461 similia.‘
2955 2425 2983 2454 «
3018 2405 3332 2469 Praeterea,
3367 2402 3668 2473 inquiunt,
3715 2403 3818 2473 qui

2160 2500 2323 2549 caret
2352 2492 2580 2560 liberis,
2608 2499 2700 2548 est
2727 2509 2797 2548 ea
2826 2491 3194 2564 perfectione
3241 2490 3532 2557 defectus,
3566 2508 3698 2562 quas
3729 2495 3822 2546 est

2163 2581 2492 2637 secundum
2525 2586 2820 2649 naturam,
2854 2585 2921 2635 ut
2949 2580 3050 2651 qui
3084 2595 3258 2634 suum
3303 2594 3709 2636 successorem
3755 2579 3820 2635 in

2161 2687 2336 2725 suum
2366 2670 2565 2725 locum
2590 2686 2711 2725 non
2766 2668 3158 2724 substituerit.
3200 2676 3264 2740 ›ι‹
3307 2667 3609 2723 Perfectus
3658 2668 3820 2724 enim

2161 2764 2272 2823 est,
2305 2759 2407 2829 qui
2428 2774 2500 2814 ex
2522 2758 2717 2830 seipso
2739 2758 2881 2813 fecit
2901 2757 3162 2813 similem
3187 2773 3200 2811 :
3235 2757 3327 2812 vel
3349 2757 3547 2828 potius
3577 2756 3817 2828 quando

2161 2848 2335 2903 illum
2356 2848 2514 2903 idem
2539 2847 2751 2903 fecisse
2773 2847 3005 2917 viderit,
3029 2846 3141 2902 hoc
3165 2851 3275 2914 est,
3307 2845 3548 2917 quando
3572 2847 3634 2901 in
3657 2862 3824 2903 eam-

2163 2937 2301 2992 dem
2332 2937 2669 3009 pervenerit
2689 2941 2965 2992 naturam
2996 2935 3178 3005 ﬁlius,
3212 2935 3384 3006 cujus
3415 2941 3526 3003 est,
3549 2935 3650 3006 qui
3684 2952 3822 2992 eum

2163 3027 2386 3099 genuit.
2414 3049 2442 3077 ››
2461 3028 2563 3081 Est
2583 3043 2720 3099 ergo
2743 3027 2990 3081 omnino
3019 3041 3171 3080 uxor
3198 3024 3491 3092 ducenda,
3525 3030 3585 3079 et
3613 3025 3822 3096 patria

2164 3133 2366 3180 causa,
2403 3121 2463 3171 et
2490 3116 2817 3172 liberorum
2840 3114 3257 3180 successionis,
3291 3121 3350 3170 et
3378 3114 3611 3182 mundi,
3631 3130 3826 3186 quan-

2166 3211 2294 3260 tum
2329 3210 2418 3260 est
2446 3205 2509 3261 in
2558 3204 2754 3273 nobis,
2805 3203 3209 3276 perfectionis.
3260 3204 3406 3258 Nam
3437 3202 3611 3259 istius
3642 3203 3823 3260 etiam

2168 3292 2535 3349 matrimonii
2559 3293 2921 3348 miserentur
2946 3297 3156 3364 poetae,
3190 3291 3349 3363 quod
3366 3297 3457 3347 est
3474 3294 3826 3362 semiperfec-

396 3376 535 3431 κατᾶ
580 3375 680 3444 τήν
713 3375 931 3452 Γραφήν
965 3372 1220 3450 ἀναγκαία
1258 3373 1460 3448 βοηθός
1492 3377 1589 3448 (2)·
1621 3380 1681 3433 Ὀ
1713 3373 1845 3450 γοῦν
1872 3396 2056 3450 κωμι-

2166 3390 2283 3438 tum
2312 3388 2371 3438 et
2399 3388 2563 3438 caret
2590 3382 2832 3448 liberis;
2864 3381 3105 3437 beatum
3149 3387 3351 3436 autem
3382 3380 3711 3452 pradicant
3738 3381 3821 3449 id,

396 3466 494 3528 κὸς
524 3461 858 3540 Μένανδρος,
888 3459 1252 3538 καταδραμὼν
1282 3468 1380 3519 τοῦ
1410 3463 1611 3537 γάμου,
1660 3464 1807 3522 ἀλλὰ
1852 3467 1940 3522 καὶ
1988 3469 2056 3522 τὰ

2166 3471 2326 3542 quod
2354 3470 2530 3526 floret
2550 3477 2611 3527 et
2637 3473 2912 3542 germinat
2955 3470 3342 3540 undequaque.
3394 3468 3580 3524 Morbi
3623 3475 3826 3525 autem

399 3556 654 3630 χρήσιμα
682 3552 991 3624 ἀντιτιθεὶς,
1029 3554 1380 3627 ἀποκρίνεται
1405 3558 1485 3626 τῷ
1518 3553 1744 3615 εἰπόντι.

2165 3561 2432 3632 corporis
2463 3561 2719 3617 maxime
2740 3559 3011 3617 indicant
3028 3558 3437 3616 necessarium
3458 3574 3589 3614 esse
3613 3559 3824 3614 matri-

400 3654 685 3709 monium.
724 3652 933 3708 Uxoris
963 3652 1123 3707 enim
1154 3668 1297 3707 cura
1326 3658 1385 3708 et
1414 3653 1654 3709 assidua
1682 3655 1813 3727 ejus
1842 3657 2290 3726 perseverantia
2325 3657 2560 3713 videtur
2583 3658 2839 3713 aliorum
2878 3657 3353 3712 necessariorum
3408 3661 3468 3711 et
3496 3656 3825 3712 amicorum

399 3746 633 3797 tantum
664 3756 947 3813 superare
980 3740 1376 3809 tolerantiam,
1410 3749 1633 3813 quanto
1661 3760 1730 3799 ea
1760 3749 1967 3800 mutua
1995 3744 2220 3802 doloris
2251 3747 2648 3803 consensione
2696 3752 2757 3803 et
2796 3746 3208 3802 misericordia
3248 3745 3572 3811 antecellit,
3605 3750 3665 3800 et
3704 3745 3832 3800 vult

404 3831 674 3887 omnium
706 3830 964 3885 maxime
995 3829 1274 3886 lubenter
1302 3831 1510 3887 adesse
1544 3838 1602 3888 et
1624 3834 1945 3905 praesentia
1972 3850 2080 3891 sua
2109 3852 2473 3891 succurrere.
2509 3838 2580 3891 Et
2627 3852 2831 3892 revera
2887 3852 2959 3892 ex
3013 3835 3331 3907 Scriptura;
3389 3833 3687 3890 sententia
3739 3838 3833 3890 est

401 3919 745 3975 necessaria
772 3918 1032 3987 adjutria:
1061 3924 1149 3989 (c).
1183 3920 1505 3976 Menander
1533 3921 1736 3995 itaque
1766 3923 2048 3994 comicus,
2081 3941 2217 3980 cum
2248 3926 2698 3981 matrimonium
2723 3930 2883 3981 esset
2919 3924 3267 3993 insectatus,
3299 3922 3419 3979 alia
3447 3922 3629 3979 etiam
3659 3922 3834 3979 utilia

404 4023 733 4080 opponens,
765 4006 1089 4078 respondet
1109 4007 1184 4075 ei,
1219 4009 1319 4079 qui
1347 4009 1615 4066 dixerat:

599 4110 737 4185 πρὸς
767 4108 829 4164 τὸ
860 4111 1073 4185 πρᾶγμ’
1098 4107 1216 4199 ἔχω
1242 4116 1442 4175 κακῶς

480 4183 531 4199 ιη
810 4184 837 4197 α
955 4182 971 4199 \
1087 4180 1101 4199 ³
1205 4181 1225 4199 Ἴ
1328 4178 1358 4199 ρ
1380 4184 1389 4199 Ι

475 4178 881 4258 Ἐπαρίστερῶς
904 4178 1026 4258 ’γὰρ’
1046 4178 1174 4237 αὗτὸ
1205 4178 1599 4256 λαμϐάνεις....

472 4326 538 4391 ’X‘
564 4328 628 4382 P.
661 4329 768 4381 504
797 4327 908 4381 ΕΙ).
943 4327 1236 4382 POTTER.
1314 4328 1392 4400 (α)
1420 4328 1559 4383 Tob.
1596 4345 1670 4396 IV,
1704 4331 1789 4383 16.

477 4453 591 4526 (97)
641 4453 758 4521 Τῆς
808 4450 1048 4526 ἑταίρας.
1100 4453 1406 4526 Praecipue
1457 4455 1767 4510 Leontium
1818 4457 2068 4513 innuere

403 4525 677 4598 videtur,
708 4541 839 4596 quas
868 4524 1145 4598 iEpicuro
1174 4532 1255 4598 et
1292 4524 1598 4598 Epicureis
1630 4529 1687 4581 in
1720 4528 1883 4583 horto
1939 4546 2069 4585 sese

406 4595 736 4688 essent:
777 4595 1111 4688 etesias
1164 4596 1273 4688 Lib:
1327 4595 1445 4688 πέιιιτ
1496 4614 1624 4688 ξαρ·
1669 4600 1736 4688 δε
1773 4598 2068 4688 0.51920“

1867 4330 1943 4401 (b)
1979 4331 2189 4388 Genes.
2222 4350 2260 4403 1,
2293 4337 2382 4391 28.

2247 4121 2498 4191 Affectus
2527 4122 2587 4175 in
2618 4137 2733 4176 rem
2756 4136 2875 4176 sum
2903 4119 3046 4175 male
3071 4133 3091 4173 :

2245 4187 2382 4248 Nam
2412 4199 2472 4247 tu
2490 4194 2732 4260 sinistre,
2763 4208 2862 4247 nec
2891 4192 3042 4259 bene,
3090 4189 3235 4244 hanc
3261 4187 3484 4258 quidem
3512 4187 3684 4258 capis.

2461 4336 2530 4407 (c)
2563 4336 2771 4391 Genes.
2807 4352 2865 4403 ιι,
2905 4336 2990 4389 18.

2181 4480 2313 4522 σεις.
2376 4462 2483 4518 Ubi
2543 4463 2699 4520 conf.
2757 4478 2889 4534 quas
2938 4460 3241 4517 adnotavit
3288 4456 3637 4534 Gotelerius.
3667 4456 3836 4534 Gonf.

2180 4534 2359 4614 etiam
2378 4536 2560 4614 Const.
2593 4529 2905 4614 apostglib.
2941 4548 3180 4614 1",.cap:
3218 4534 3323 4597 l5;
3356 4529 3460 4585 lib.
3493 4531 3836 4614 vulncap.2;

2180 4603 2642 4676 Recognitionuni
2665 4606 2716 4661 S.
2753 4605 3078 4676 Clementis
3100 4603 3210 4676 lib.
3259 4617 3531 4676 vui,_cap.
3553 4603 3657 4676 _56.

423 4666 737 4747 Επίκουᾱος
770 4666 832 4720 ού
866 4666 1121 4747 Λεόντιρν
1155 4667 1309 4747 εἶχεν
1341 4666 1645 4747 ἐρωμένην,
1676 4671 1775 4738 τήν
1809 4668 1897 4747 ἐπὶ
1930 4670 2056 4725 ἑται-

2253 4666 2367 4747 (99)
2425 4673 2704 4744 Ἀναίδην.
2770 4673 2992 4743 Ἀνέδην
3051 4675 3149 4747 hic
3207 4680 3266 4730 et
3317 4666 3636 4744 aliquoties
3685 4670 3842 4728 infra

405 4737 524 4820 est}
553 4733 849 4820 διαϐόητον
877 4737 1175 4820 γενομένην
1198 4733 1313 4820 ζἮ
1346 4733 1558 4820 δ’ὲῌὸῷχ
1579 4733 1696 4795 ⁷ὅτε
1722 4733 2069 4820 ,φιλοσοφεῖν

405 4760 524 4812 peto.
553 4760 849 4806 οιαοοητον
877 4760 1218 4865 ysvopsvnv;
1266 4760 1313 4795 Π
1346 4760 1404 4796 οε
1450 4760 1558 4815 ουχ
1605 4760 1696 4795 οτε
1746 4760 2069 4820 φιΛιισοφειν

405 4810 632 4885 ἤρξατο,
685 4808 956 4885 ἐπαύσατο
1034 4814 1319 4885 ταιροῦσα,
1367 4810 1497 4867 πᾶσί
1548 4833 1615 4885 τε
1653 4818 1771 4885 τοῖς
1824 4815 2075 4869 Ἐπικου-

407 4880 577 4957 ρείοις
630 4880 897 4957 συνζῆν-ἒν
947 4886 1064 4943 τοῖς
1114 4880 1336 4957 κήποιςῇ
1392 4883 1702 4957 Ἐπικούρῳ
1737 4882 1795 4939 δὲ
1824 4886 1912 4941 καὶ
1945 4887 2070 4942 ἀνα-

406 4949 631 5031 φανδὸν,
693 4951 823 5031 ὥστ’
852 4951 1105 5031 ⁸ἐκεῖνον,
1155 4949 1374 5031 πολλὴν
1424 4949 1688 5031 φροντίδα
1739 4957 2071 5031 ποιούμενον

406 5021 597 5104 αὐτῆς,
646 5025 796 5104 τοξῆ
849 5021 1160 5104 ὲιίφανίζειν
1210 5023 1299 5079 διὰ
1327 5021 1605 5104 τῷνπρὸς
1635 5021 1925 5104 Ἔρμαχον
1954 5029 2073 5085 ἐπι·

409 5101 645 5153 στολῶν.
678 5098 859 5168 Hujus
888 5099 1123 5167 Epicuri
1151 5113 1338 5152 annon
1364 5098 1578 5167 famosa
1606 5098 1869 5156 meretrili:
1898 5107 2074 5159 Leon-

410 5173 550 5225 tium
606 5172 788 5225 amica
842 5170 1006 5245 fuit?
1059 5168 1167 5223 Illa
1209 5176 1394 5245 autem
1438 5170 1807 5245 philosophiae
1847 5190 2074 5245 operam

408 5257 617 5296 navare
660 5256 784 5314 cum
831 5241 1101 5314 caepisset,
1150 5256 1259 5314 non
1300 5243 1424 5296 ideo
1453 5246 1688 5297 scortari
1717 5241 1951 5314 destitit,
1982 5248 2075 5302 sed

409 5312 709 5387 Epicureis
752 5313 1003 5387 omnibus
1049 5314 1111 5387 in
1158 5311 1358 5387 hortis,
1377 5330 1436 5387 se
1457 5316 1772 5387 prostituit,
1806 5322 1858 5370 et
1880 5311 2073 5387 palam

448 5384 633 5439 uidem
664 5384 958 5453 Epicureo,
990 5383 1127 5438 adeo
1157 5390 1218 5438 ut
1246 5384 1313 5438 de
1343 5384 1443 5439 illa
1473 5385 1705 5441 multum
1745 5383 1919 5455 fuerit
1960 5389 2074 5444 sol-

448 5402 633 5439 utaem
664 5402 958 5453 npwureo,
990 5402 1127 5438 aaeo
1157 5402 1218 5438 ιιι
1246 5402 1313 5438 ae
1343 5402 1443 5439 ma
1473 5402 1705 5441 multum
1745 5402 1919 5455 fuerit
1960 5402 2072 5444 3οι-

410 5402 598 5536 Yicitus
634 5455 957 5536 Epicurus:
996 5455 1159 5536 quod
1197 5456 1430 5536 suis_ad
1473 5456 1841 5536 ﬂemachum
1870 5459 2072 5536 litteris

411 5525 738 5605 declaravit.
773 5525 941 5582 Conf.
996 5526 1285 5599 Diogenes
1326 5527 1592 5584 Laertius
1622 5527 1725 5583 lib.
1778 5547 1834 5599 ι,
1886 5548 2005 5605 seg.
2039 5535 2073 5587 4

412 5604 472 5655 et
497 5613 623 5655 seu.

484 5616 689 5746 (338?”0
731 5672 945 5746 μισεῖς.
1008 5668 1150 5746 Tob.
1210 5687 1283 5740 IV,
1318 5668 1622 5746 17εᾼΚαῖμδ
1654 5675 1853 5744 μισεῖς,
1888 5670 2077 5746 μηδενὶ

412 5740 676 5818 ποιήσῃςέ
718 5740 1202 5818 constitutionum
1237 5743 1472 5818 apo_st_ol.
1519 5740 1720 5818 lib._'_i,_
1741 5740 1929 5818 capti
1954 5740 1973 5802 7:
2004 5748 2075 5805 Ὅ

414 5816 480 5866 σὺ
527 5808 705 5886 μισεῖς
756 5810 845 5888 ὑφ’
894 5808 1081 5883 ἑτέρου
1122 5811 1208 5867 σοὶ
1237 5808 1502 5888 γενέσθαι,
1536 5814 1600 5868 σὺ
1630 5808 1789 5888 ἄλλῳ
1812 5808 1881 5872 οὐ
1910 5821 2081 5892 ποιή-

2186 4746 2568 4805 scribendum
2599 4748 2834 4804 monuit
2861 4746 3159 4803 Heinsius.

2257 4816 2657 4947 (:0):Hy.tt£)\ﬁ.
2684 4821 2976 4876 Homerus
3004 4818 3078 4874 de
3109 4816 3438 4873 Protesilao
3467 4816 3571 4887 ait,
3601 4814 3768 4872 Iliad.
3796 4815 3843 4868 Β

2342 4909 2408 4947 οε

2184 4909 2235 4948 ν.
2271 4909 2408 4947 Ἰυῠζ

2183 5002 2473 5085 [Ῑξοδδεκαὶ
2504 5003 2861 5085 ἀμφιδρυφὴς
2884 5003 3093 5085 ᾃλομχος
3127 5001 3355 5085 Φυλάκῃ
3384 4997 3696 5085 ἐλέλειπτο,

2183 5078 2286 5134 Καὶ
2319 5075 2490 5151 δόμος
2521 5070 2826 5151 ἦμιτελήςί
2848 5078 2941 5133 τὸν
2975 5070 3033 5133 δῖ
3049 5073 3238 5131 ἓκτανε
3266 5070 3541 5148 Δάρδανος
3570 5070 3732 5145 ἀνήρ.

2185 5186 2366 5258 Hujus
2397 5187 2584 5243 ambas
2617 5188 2862 5243 lacerata
2889 5201 3055 5256 genas
3083 5200 3229 5240 uxor
3256 5184 3318 5237 in
3364 5177 3846 5320 Ρῆῃιαεῖἕὲἓοια

2187 5330 2253 5385 Ει
2305 5330 2498 5385 domus
2552 5329 2974 5402 semiperfecta:
3035 5327 3177 5381 hunc
3231 5323 3433 5402 etenim
3471 5322 3844 5402 interfecerat

3310 5393 3626 5466 [Dardanus
3654 5393 3763 5446 vir.

2190 5499 2299 5555 Ubi
2329 5500 2679 5557 scholiastes
2709 5505 2875 5557 vetus
2922 5499 3042 5555 ait:
3080 5488 3411 5567 Ἠμιτελής,
3442 5487 3570 5561 ἤτοι
3600 5486 3845 5619 deﬁgit»:

2216 5669 2221 5673 ’
2258 5682 2334 5750 (2)
2366 5678 2605 5749 Βοηθός.
2664 5680 2818 5734 Deus
2875 5691 3122 5733 uxorem
3184 5672 3449 5746 appellat
3492 5669 3694 5797 βοηθὸν
3725 5667 3847 5753 κατ’

2223 5748 2369 5797 ﬁnio-
2403 5752 2612 5797 Genes-
2646 5768 2708 5797 ιι-
2744 5752 2829 5797 48,
2874 5750 3022 5797 Mox.
3056 5740 3203 5797 ἄλλα
3230 5744 3322 5797 καὶ
3351 5744 3419 5797 τὰ
3450 5761 3546 5797 vo.
3603 5744 3722 5797 emt
3759 5756 3847 5797 ω-

2188 5742 2371 5880 ῗῦὲόν,
2403 5742 2612 5807 Genes.
2646 5768 2709 5820 ιι,
2744 5752 2829 5806 18.
2874 5750 3023 5816 Mox,
3056 5742 3203 5800 ἄλλα
3222 5742 3322 5800 εει
3351 5744 3419 5800 τὰ
3450 5742 3546 5818 χρ.
3578 5742 3722 5816 legit
3759 5742 3847 5797 in-

2217 5840 2440 5895 erpres.
