4144 6402
343 398 486 457 1093

1690 396 2136 453 BTROMA‘I'UM
2174 396 2308 452 LIB.
2352 395 2420 451 II.

3626 399 3767 456 1094

335 524 806 596 ποιήσουσιν,καὶ
856 522 1221 578 καταλύσουσι
1271 526 1366 583 τάς
1413 541 1474 576 τι
1518 519 1730 584 πόλεις.
1778 519 1994 574 καὶτὸν

2116 521 2277 576 heros
2326 537 2452 578 non
2499 522 2892 594 susceperint,
2947 525 3251 594 quatenus.
3292 522 3356 579 in
3403 523 3476 579 iis
3521 525 3767 596 quidem

336 616 544 688 κόσμον
576 616 668 670 τὸν
719 617 780 668 ἐκ
821 612 1055 668 τούτων’
1087 613 1152 667 τὸ
1181 609 1240 666 δὲ
1286 615 1538 666 τοιοῦτον
1587 606 1794 678 ἂσεϐὶς,
1845 608 1991 672 θείαν

337 702 548 777 γένεσιν
603 700 1008 756 καταλυόντων·
1081 695 1190 767 ἤδη
1252 695 1310 752 δὲ
1366 693 1626 771 ἄνανδρον
1680 696 1770 750 καὶ
1829 695 1995 750 ἀσθε-

334 793 425 856 νὶς
453 796 550 863 (8),
579 792 679 859 τὴν
717 791 852 862 μετὰ
886 788 1140 864 γυναικὸς
1181 788 1271 842 καὶ
1326 787 1528 841 τέκνων
1589 787 1800 863 φεύγειν
1853 806 1994 858 συμ-

339 877 535 936 ϐεωσιν
570 899 583 914 ⁸
641 877 704 934 οὗ
761 879 867 954 γὰρ
928 880 962 946 ἠ
1023 872 1281 945 ἀποϐολή
1335 876 1499 930 κακόν
1560 874 1670 929 ἐστι
1706 921 1722 944 ,
1793 873 1994 930 τούτου

337 969 554 1032 πάντως
586 972 620 1038 ἡ
654 976 845 1037 κτῆσις
905 966 1124 1040 ἀγαθόν·
1159 960 1278 1041 ἔχει
1315 962 1363 1019 δ’
1395 964 1539 1020 οὕτω
1596 964 1685 1019 καὶ
1736 963 1824 1018 ἐπὶ
1881 969 1990 1017 τῶν

337 1060 578 1117 λοιπῶν.
618 1056 798 1114 Ἀλλά
832 1057 940 1128 μὴν
974 1058 1008 1125 ἡ
1042 1060 1152 1110 τῶν
1199 1054 1412 1109 τάκνων
1458 1048 1680 1121 ἀποϐλὴ
1710 1057 1818 1107 τῶν
1853 1054 1994 1108 ἀνω-

333 1148 481 1204 τάτω
532 1151 714 1203 κακῶν
773 1145 908 1212 ἐστι,
959 1136 1137 1221 φασίν
1168 1146 1203 1213 ἡ
1238 1145 1329 1198 οὖν
1382 1148 1490 1199 τῶν
1541 1144 1743 1198 τέκνων
1803 1149 1994 1211 κτῆσις

334 1239 559 1314 ἀγαθόν·
594 1236 639 1292 εἰ
673 1233 731 1290 δὲ
758 1239 946 1300 τοῦτο,
977 1235 1066 1288 καὶ
1102 1235 1130 1288 6
1160 1233 1363 1308 γάμος.

2108 613 2286 666 situm
2311 617 2421 678 est,
2444 613 2755 668 hominum
2775 613 3082 668 raritatem
3099 613 3404 679 invehent,
3426 619 3486 668 et
3501 615 3766 671 civitates

2104 700 2447 768 dissolvent,
2473 708 2552 768 et,
2585 703 2685 772 qui
2707 719 2776 756 ex
2805 703 2892 758 eis
2924 709 3179 766 constat,
3212 703 3526 758 mundum.
3554 704 3622 759 Hi
3654 721 3765 760 au-

2107 795 2224 843 tem
2253 790 2433 861 impie
2465 797 2670 862 agunt,
2702 792 2882 862 utqui
2905 792 3185 846 divinitus
3213 792 3547 847 institutam
3573 809 3762 865 gene-

2106 879 2403 932 rationem
2433 879 2762 934 destruant.
2798 881 3134 944 Quinetiam
3188 880 3379 952 ignavi
3431 888 3521 936 est
3569 882 3764 937 imbe-

2104 967 2226 1021 cilli
2250 968 2460 1036 animi,
2493 968 2696 1037 fugere
2728 970 3219 1041 conjunctionem
3252 970 3385 1024 vitm
3418 976 3477 1025 et
3507 987 3757 1026 consue-

2106 1057 2374 1111 tudinem
2418 1074 2555 1112 cum
2606 1075 2788 1113 uxore
2822 1065 2880 1113 et
2936 1059 3160 1113 liberis.
3221 1059 3401 1131 Cujus
3459 1060 3620 1114 enim
3673 1065 3764 1115 est

2105 1146 2345 1200 amissio
2364 1146 2614 1213 malum,
2640 1149 2768 1219 ejus
2799 1149 3043 1203 omnino
3067 1149 3362 1219 possessio
3385 1149 3608 1204 bonum
3631 1155 3760 1216 est;

2105 1234 2186 1288 ita
2215 1241 2412 1289 autem
2447 1253 2508 1290 se
2542 1236 2720 1291 habet
2739 1237 2917 1292 etiam
2950 1237 3012 1291 in
3041 1237 3310 1308 reliquis.
3335 1238 3512 1309 Atqui
3538 1237 3762 1294 libero-

333 1346 468 1385 rum
499 1328 762 1394 amissio,
796 1326 1098 1397 inquiunt,
1145 1330 1235 1380 est
1265 1341 1335 1379 ex
1365 1323 1658 1396 supremis
1703 1323 1876 1379 malis
1925 1322 2250 1378 liberorum
2283 1340 2420 1396 ergo
2452 1327 2774 1396 possessio,
2806 1326 3032 1382 bonum
3065 1333 3192 1394 est;
3246 1327 3404 1398 quod
3437 1327 3486 1381 si
3528 1328 3610 1382 ita
3650 1334 3762 1395 est,

347 1419 528 1476 etiam
554 1415 1034 1473 matrimonium.

331 1563 490 1617 ’Ἀνευ
527 1557 581 1635 ξὲ
611 1559 838 1634 πατρὸς,
872 1556 1030 1635 φησὶ,
1062 1556 1253 1635 τέκνον
1281 1557 1381 1612 οὐκ
1412 1554 1494 1628 εἴη
1539 1557 1660 1611 ποτ’
1692 1554 1773 1612 ἄν.

336 1633 500 1688 Ἀνευ
532 1624 835 1705 δζμηίξρὸς
861 1624 988 1686 οὐδὲ
1013 1624 1265 1705 συλλαεὴ
1301 1624 1511 1705 τέκνού.

332 1709 545 1780 Πατέρα
578 1699 636 1758 δέ
667 1699 846 1778 γάμος
878 1708 957 1777 (9)
990 1707 1158 1770 ποιεῖ,
1193 1703 1270 1763 ὡς
1305 1702 1515 1775 μητέρα
1544 1700 1705 1773 ἀνήρ.

337 1845 526 1914 Εὐχὴν
557 1845 650 1900 οὗν
701 1844 960 1920 μεγίστην
1021 1845 1112 1899 καὶ
1169 1845 1423 1918 Ὅμηρος
1479 1841 1706 1910 τίθεται,
1738 1838 1904 1914 ἄνδρα
1933 1860 1992 1895 τε

333 1934 423 1990 καὶ
457 1934 628 2004 οἷκον,
669 1932 796 1988 ἀλλ’
855 1932 968 2008 οὐχ
1000 1933 1212 2001 ἁπλῶς,
1253 1931 1386 2005 μετὰ
1445 1931 1831 2005 ὁμοφροσύνης
1876 1931 1989 1999 (10)

336 2021 395 2079 δὲ
421 2031 518 2093 τῆς
579 2021 795 2092 ἐσθλῆς.
855 2023 916 2080 Ὁ
953 2023 1046 2095 μὲν
1107 2021 1210 2096 γὰρ
1267 2026 1376 2076 τῶν
1438 2019 1626 2075 ἄλλων
1675 2018 1854 2094 γάμος
1910 2016 1991 2094 ἐφ’

2176 1558 2420 1628 Namque
2447 1559 2648 1629 absque
2673 1566 2837 1629 patre
2865 1559 3062 1614 liberos
3092 1575 3252 1616 nemo
3284 1561 3411 1616 tulit
3438 1578 3459 1624 ;

2173 1632 2278 1712 Ijec
2306 1631 2520 1712 absque
2533 1638 2708 1686 matre
2724 1631 2832 1712 ﬁlii
2863 1635 3188 1712 conceptio:

2173 1701 2395 1756 Patrem
2425 1709 2607 1757 autem
2645 1705 2856 1772 nuptia:
2886 1701 3158 1772 efﬁciunt,
3192 1710 3252 1757 ut
3283 1706 3371 1758 vir
3398 1711 3650 1761 matrem.

2105 1843 2420 1898 Maximum
2454 1844 2654 1915 itaque
2686 1850 2884 1900 votum
2918 1847 3125 1900 statuit
3154 1846 3463 1914 Homerus,
3496 1847 3678 1902 virum
3708 1855 3762 1902 et

2099 1931 2398 1999 familiam,
2434 1931 2538 1987 sed
2571 1949 2692 1988 non
2725 1933 3019 2000 absolute,
3051 1950 3258 1988 verum
3303 1951 3424 1988 cum
3459 1935 3598 1990 bona
3628 1951 3759 1990 con-

2099 2023 2365 2076 sensione.
2400 2023 2544 2076 Nam
2601 2022 2855 2076 aliorum
2915 2021 3158 2093 quidem
3215 2023 3670 2079 matrimonium
3698 2024 3760 2080 in

339 2111 646 2185 ἡδυπαθείᾳ
695 2115 942 2184 ὁμονοεῖ,
984 2113 1013 2166 ὁ
1045 2110 1102 2166 δὲ
1129 2116 1238 2166 τῶν
1271 2111 1720 2188 φιλοσοφούντων
1763 2110 1851 2165 ἐπὶ
1893 2110 1996 2176 τήν

2116 2108 2404 2180 voluptate
2427 2111 2729 2166 consentit
2758 2117 2816 2165 et
2836 2110 3234 2166 delectatione
3258 2130 3272 2178 ;
3297 2129 3504 2167 eorum
3535 2119 3757 2181 autem,

336 2203 475 2258 κατὰ
529 2202 700 2278 Λόγον
733 2202 994 2274 ὁμόνοιαν
1042 2202 1180 2274 ἄγει,
1213 2201 1240 2254 6
1275 2201 1350 2272 μὴ
1383 2200 1444 2254 τὸ
1475 2197 1621 2262 εἶδος
1677 2201 1808 2271 (11),
1843 2196 1990 2252 ἀλλὰ

336 2292 401 2345 τὸ
454 2293 588 2360 ἦθος
642 2289 946 2362 ἐπιτρέπων
1005 2295 1124 2350 ταῖς
1170 2291 1378 2364 γυναιξι
1436 2292 1799 2360 κοσμεῖσθαι,
1863 2282 1994 2359 μηδ’

336 2381 411 2442 ὡς
468 2379 770 2456 ἐρωμέναις
826 2380 1068 2454 χρῆσθαι
1125 2383 1248 2440 ταῖς
1302 2383 1569 2452 γαμεταῖς
1642 2378 1994 2452 προστάττων

333 2475 450 2530 τοῖς
491 2467 738 2544 ἂνδράσι,
799 2468 1004 2523 σκοπὸν
1062 2466 1462 2540 πεποιημένοις
1513 2468 1615 2535 τὴν
1666 2471 1774 2521 τῶν
1803 2465 1992 2538 σωμά-

336 2581 445 2615 των
479 2554 658 2634 ὕϐρινο
711 2557 840 2612 ἀλλ’
897 2557 974 2617 εἰς
1037 2558 1292 2632 βοήθειαν
1351 2556 1549 2619 παντὸς
1594 2561 1690 2610 τοῦ
1752 2555 1874 2630 βίου
1905 2557 1993 2609 καὶ

335 2650 437 2717 τήν
497 2647 718 2724 ἀρίστην
779 2645 1134 2723 σωφροσύνην
1192 2646 1592 2719 περιποιεῖσθαι
1648 2645 1739 2698 τὸν
1795 2645 1994 2717 γάμον.

340 2738 533 2812 Πυρῶν
561 2737 686 2811 γὰρ,
733 2737 914 2807 οἶμαι,
951 2734 1042 2789 καὶ
1099 2736 1300 2808 κριθῶν
1355 2755 1414 2788 τε
1443 2730 1508 2786 αὖ
1540 2732 1674 2787 κατά
1727 2731 1856 2795 τοὺς
1914 2732 1998 2786 οἱ-

337 2826 516 2889 κείους
562 2825 784 2900 καιροὺς
829 2819 1330 2894 καταϐαλλομένων
1392 2823 1745 2896 σπερμάςων,
1796 2822 1997 2893 τιμιώ-

338 2918 494 2991 τερός
547 2915 689 2970 ἐστιν
750 2915 777 2968 6
829 2912 1191 2986 σπειρόμενος
1249 2911 1552 2984 ἅνθρωπος,
1589 2911 1636 2983 ᾦ
1667 2911 1839 2965 πάντα
1870 2909 1999 2985 φύε-

339 3023 449 3059 ται⁶
483 3005 707 3059 κάκεῖνά
733 3023 794 3078 γε
825 3002 912 3056 καὶ
967 3003 1230 3078 νήφοντες
1287 2995 1695 3055 καταϐάλλουσι
1737 3000 1805 3054 τὰ
1835 2999 2001 3074 σπέρ-

346 3114 488 3168 ματα
520 3094 570 3149 οἱ
601 3091 860 3169 γεωργοί.
897 3097 1003 3146 Πᾶν
1057 3087 1170 3161 οὖν,
1206 3088 1260 3144 εἷ’
1302 3111 1354 3144 τι
1387 3089 1625 3165 ῥυπαρὸν
1680 3089 1768 3144 καὶ
1826 3109 1997 3161 μεμο-

345 3183 609 3256 λυσμένον
670 3178 1032 3252 ἐπιτήδευμα,
1091 3179 1451 3254 ἀφαγνιστέον
1510 3183 1605 3233 τοῦ
1661 3180 1864 3254 γάμου,
1924 3178 2000 3239 ὡς

347 3275 424 3347 μὴ
458 3270 887 3343 ὀνειδισθείημεν
919 3270 1017 3338 τήν
1049 3274 1155 3323 τῶν
1183 3267 1404 3344 ἀλόγων
1436 3270 1588 3336 ζώων
1622 3264 1865 3336 σύνοδον,
1898 3269 1997 3332 τῆς

345 3361 688 3435 ἀνθρωπίνης
730 3357 982 3433 συζυγίας
1037 3355 1366 3428 συνᾴδουσαν
1420 3361 1489 3430 τῇ
1543 3355 1696 3434 φύσει
1761 3353 2001 3428 μᾶλλον,

2104 2198 2204 2268 qui
2231 2199 2749 2270 philosophantur,
2773 2200 3226 2256 matrimonium
3251 2200 3491 2256 deducit
3510 2202 3584 2257 ad
3601 2219 3762 2271 eum,

2105 2287 2206 2358 qui
2226 2293 2317 2342 est
2336 2289 2666 2344 secundum
2691 2289 2890 2361 Logon
2911 2306 3014 2345 seu
3030 2290 3346 2356 rationem,
3368 2307 3760 2360 consensum;

2107 2378 2208 2449 qui
2241 2395 2362 2433 non
2394 2378 2672 2447 formam,
2707 2379 2810 2434 sed
2838 2396 3036 2435 mores
3067 2380 3359 2451 permittit
3387 2397 3598 2436 ornare
3627 2397 3761 2436 mu-

2105 2467 2354 2522 lieribus
2379 2488 2392 2533 ;
2418 2469 2805 2540 praecipitque
2830 2469 3084 2533 maritis,
3108 2486 3183 2524 ne
3205 2473 3449 2524 utantur
3476 2469 3762 2526 uxoribus

2107 2563 2393 2626 tanquam
2419 2557 2649 2623 amicis,
2684 2574 2871 2612 unum
2905 2557 3014 2612 sibi
3059 2564 3460 2628 proponentes
3491 2575 3762 2629 scopum,

2105 2651 2174 2699 ut
2200 2646 2434 2715 corpori
2477 2645 2762 2716 probrum
2815 2647 3088 2714 afferant,
3141 2647 3245 2702 sed
3296 2647 3371 2702 ad
3418 2647 3598 2703 totius
3630 2647 3760 2703 vita)

2107 2733 2417 2800 auxilium,
2434 2740 2493 2788 et
2511 2734 2796 2804 optimam
2814 2735 3293 2806 temperantiam,
3313 2736 3762 2791 matrimonium

2107 2828 2416 2893 usurpent.
2458 2824 2762 2878 Frumenti
2814 2824 2974 2878 enim
3008 2829 3067 2879 et
3109 2824 3338 2892 hordei,
3371 2831 3437 2879 ut
3484 2825 3764 2896 arbitror,

2110 2911 2460 2978 seminibus,
2478 2930 2609 2983 qua)
2628 2913 3119 2968 convenientibus
3133 2913 3574 2987 temporibuspﬁ
3593 2921 3763 2970 terrae

2110 3001 2583 3070 committuntur,
2620 3003 3000 3073 prasstantior
3021 3008 3111 3057 est
3130 3003 3231 3073 qui
3261 3003 3639 3058 matrimonio
3672 3021 3767 3059 se-

2110 3091 2394 3157 minatur,
2449 3091 2646 3158 homo,
2700 3091 2762 3146 in
2811 3091 2983 3163 cujus
3033 3108 3210 3145 usum
3254 3091 3456 3146 omnia
3487 3109 3521 3147 a
3550 3097 3765 3148 natura

2111 3179 2540 3250 producuntur.
2575 3183 2765 3252 Atque
2793 3180 2898 3236 illa
2935 3179 3177 3251 quidem
3227 3181 3456 3237 semina
3490 3181 3766 3254 agricolas

2113 3268 2294 3323 sobrii
2357 3268 2684 3340 deponunt.
2737 3270 2793 3324 Si
2855 3269 3012 3340 quod
3065 3269 3142 3324 sit
3185 3285 3321 3342 ergo
3376 3270 3682 3326 sordidum
3715 3276 3775 3326 et

2113 3375 2398 3429 spurcum
2432 3358 2717 3426 studium,
2754 3359 2811 3413 id
2845 3365 2990 3414 esta
3019 3359 3404 3414 matrimonio
3437 3376 3769 3433 expurgan-

341 3451 480 3505 κατὰ
527 3450 619 3505 τὸν
680 3446 1134 3522 ὁμολογούμενον
1196 3447 1540 3521 Θορονθτιρὸν.
1601 3451 1675 3500 Τὰ
1702 3443 1830 3521 γοῦν
1888 3444 1997 3502 ἔνια

2116 3447 2278 3514 dum,
2311 3465 2385 3503 ne
2417 3447 2590 3503 nobis
2622 3448 2837 3518 probro
2871 3447 2997 3503 dari
3019 3449 3229 3519 possit,
3264 3449 3430 3519 quod
3458 3448 3770 3505 brutorum

345 3539 562 3609 αὐτῶν,
622 3538 667 3610 ᾧ
723 3536 1003 3592 κελεύεται
1063 3539 1261 3611 καιρῷ,
1319 3535 1517 3598 εὐθέως
1573 3533 1998 3608 ἀπαλλάττεται,

343 3627 716 3682 καταλιπόντα
771 3627 872 3696 τήν
921 3623 1290 3699 δημιουργίαν
1373 3627 1442 3697 τῇ
1531 3620 1778 3694 διοκήσει
1863 3625 1997 3698 (12).

341 3719 472 3779 Τοῖς
507 3714 952 3792 τραγῳδοποιοῖς
984 3717 1098 3786 (13)
1131 3710 1189 3768 δὲ
1234 3715 1268 3782 ἡ
1305 3711 1604 3783 Πολυξένη,
1636 3713 1812 3768 καίτοι
1861 3713 1998 3768 ἀπο-

339 3808 686 3885 σφαττομένη
774 3803 1226 3880 ἀναγέγραπται,
1313 3800 1460 3859 ἀλλὰ
1533 3801 1624 3858 καὶ
1693 3805 2000 3874 θνήσκουσα

409 4003 474 4068 ᾖ(
502 4006 564 4060 Ρ.
601 4006 704 4059 506
733 4004 847 4059 ED.
904 4003 1200 4072 POTTER,
1231 4003 1336 4057 424-
1368 4003 1480 4057 ED.
1514 4001 1742 4057 PARIS.

341 4209 492 4263 vivat
525 4209 582 4262 in
608 4209 850 4275 civitate,
881 4213 930 4261 st
951 4207 1067 4262 sine
1098 4207 1367 4260 connubio
1393 4206 1637 4274 quinque
1683 4209 1734 4258 et
1767 4200 2002 4271 triginta

345 4282 519 4349 egerit
548 4295 740 4346 annos,
772 4280 1005 4348 singulis
1053 4280 1235 4343 annis,
1267 4279 1315 4332 si
1341 4277 1682 4349 demaximo
1709 4291 1869 4329 censu
1901 4280 2000 4339 est,

343 4348 622 4406 drachmis
651 4357 871 4405 centum
918 4350 1216 4404 mulctetur
1246 4367 1265 4412 ;
1295 4350 1341 4403 si
1387 4348 1452 4401 de
1480 4348 1738 4412 secundo,
1778 4352 2000 4415 septua-

344 4425 545 4492 ginta;
574 4425 622 4477 si
653 4423 720 4476 de
753 4424 935 4483 tertio.
964 4420 1297 4490 sexaginta;
1328 4421 1374 4474 si
1405 4419 1707 4488 dequarto,
1744 4420 1999 4492 trigintq.

347 4488 484 4560 Duae
512 4495 732 4563 quidem
755 4496 996 4564 pecunia
1041 4488 1152 4547 dea:
1189 4493 1394 4546 Junoni
1425 4491 1794 4564 consecranda
1824 4495 1918 4564 est_.
1945 4488 2004 4543 Si

347 4569 470 4635 quis
499 4561 682 4620 autem
711 4561 944 4634 singulis
973 4567 1132 4617 annis
1189 4579 1298 4617 non
1337 4561 1684 4632 persolverit,
1714 4561 2002 4632 decuplum

2113 3537 2511 3593 animantium
2561 3554 2912 3608 congressus
2943 3537 3130 3610 magis
3162 3543 3390 3592 naturae
3435 3539 3766 3607 conveniat,

2113 3642 2294 3696 quam
2326 3626 2589 3682 humana
2618 3627 2984 3698 conjunctio,
3018 3626 3079 3680 in
3111 3625 3238 3697 ipso
3271 3625 3466 3680 calore
3499 3626 3764 3682 Veneris.

2111 3715 2410 3770 Nonnulla
2437 3722 2594 3770 certe
2628 3732 2854 3782 eorum,
2889 3731 3005 3786 quo
3030 3720 3295 3786 tempore
3311 3715 3624 3786 jubentur,
3649 3720 3770 3771 sta-

2113 3805 2218 3861 tim
2250 3805 2575 3873 abstinent,
2608 3803 3012 3876 relinquentia
3030 3803 3334 3876 opiﬁcium
3353 3803 3766 3864 Providentiae.

2114 4201 2186 4255 Ut
2217 4200 2294 4254 sit
2319 4199 2674 4272 apostrophe
2698 4199 2927 4272 comica
2948 4199 3020 4254 ad
3043 4199 3250 4268 alium,
3284 4200 3401 4255 nisi
3433 4198 3591 4272 quid;
3607 4195 3766 4272 docti

2112 4269 2529 4327 contrafFed.
2563 4269 2872 4326 ‘Morellus
2922 4274 2984 4327 P.
3029 4274 3094 4328 ll.
3127 4273 3392 4327 COLLEGT.
3442 4269 3610 4326 Conl‘.
3653 4271 3766 4323 Ga-

2114 4343 2303 4399 takeri
2337 4344 2563 4400 Advers.
2607 4359 2740 4414 cap.
2787 4345 2871 4396 10.

2353 4422 2488 4498 μετᾷ
2543 4421 2809 4498 ὁμοφρος.
2841 4423 2898 4476 Si
2940 4421 3610 4498 hemistichiumyelis,
3668 4418 3766 4498 le-_-

2113 4489 2372 4568 gendum
2400 4495 2544 4568 erit,
2579 4489 2704 4568 μεθτ
2747 4492 3132 4568 ὁμοφροσύνης
3183 4490 3240 4547 δέ
3296 4513 3354 4546 τε
3386 4489 3618 4568 ἐσθλῆς·
3670 4489 3769 4546 cui

2115 4565 2312 4622 afﬁnis
2337 4568 2501 4621 locus
2533 4565 2687 4620 infra
2718 4582 2789 4620 ex
2808 4565 3018 4620 eodem
3044 4565 3229 4630 fonte,
3251 4583 3308 4637 p.
3337 4566 3461 4619 2H.
3495 4566 3766 4637 Simiam.

347 4633 561 4692 debeat.
597 4637 766 4705 Cujus
792 4638 1042 4710 pecuniae
1091 4642 1328 4710 exactor
1354 4636 1424 4688 sit
1457 4635 1569 4710 dea
1616 4635 1787 4710 ipsius
1843 4646 1994 4710 qua;-

2116 4638 2254 4693 Vide
2276 4655 2407 4710 quaa
2441 4638 2723 4694 adnotata
2757 4643 2897 4692 sunt
2927 4638 2987 4691 in
3019 4655 3075 4708 p.
3105 4641 3228 4692 509.
3253 4633 3368 4692 Cui
3402 4637 3598 4692 simile
3621 4634 3773 4689 illud

340 4715 457 4764 star
479 4726 502 4772 ;
533 4725 596 4762 ac
647 4702 756 4762 nisi
786 4702 1052 4776 exegerit,
1086 4709 1201 4776 ipse
1242 4706 1453 4776 debeat.
1488 4702 1768 4776 Ejusdem
1800 4702 1998 4774 operis

347 4779 452 4850 lib.
480 4771 564 4844 71v,
597 4797 653 4850 p.
688 4780 831 4833 835:
887 4771 982 4845 Μὴ
1018 4771 1340 4850 πειθόμενος
1375 4772 1422 4830 δ’
1465 4771 1552 4840 ubi
1601 4771 1743 4850 μηδὲ
1778 4771 1999 4850 γαμῶν,

349 4847 458 4922 ἔτη
492 4845 786 4922 τριᾶκοντα
845 4850 1110 4922 γεγονὼς-
1144 4845 1233 4922 καὶ
1292 4850 1468 4910 πέντε,
1529 4845 1876 4922 ζημιούσθωΔ
1908 4845 2000 4918 μὲν

349 4869 441 4920 ετη
492 4871 532 4904 τμ
566 4870 786 4904 ιακοντα
845 4869 1086 4922 γεγονως
1144 4869 1233 4901 και
1292 4869 1468 4910 πεντε,
1529 4869 1848 4918 ςημιουσυω
1908 4869 2000 4918 μεν

344 4921 462 4976 κατ’
521 4869 761 4975 ἔνιαυτὸν
821 4941 970 4992 τοσῳ
1027 4919 1115 4974 καὶ
1149 4919 1316 4990 τόσῳ.
1371 4923 1476 4984 Qui
1504 4936 1616 4973 non
1644 4920 1919 4989 paruerit,
1953 4924 2006 4972 et

347 4998 595 5065 quinque
625 5011 688 5048 ac
738 4996 976 5061 triginta
1021 5009 1194 5065 annos
1236 4999 1399 5065 natus
1430 5008 1659 5045 uxorem
1688 5008 1799 5065 non
1827 4992 2004 5044 dwce-

348 5063 443 5133 rit,
481 5063 637 5121 tanta
671 5068 726 5119 in
757 5081 929 5119 annos
966 5064 1212 5134 singulos
1256 5063 1554 5116 mulctetur
1595 5064 1857 5132 pecunia,
1893 5068 2004 5116 etc.

339 5161 346 5168 ⁷
416 5157 492 5225 (8)
521 5150 818 5225 Ἀνανδρον
851 5151 941 5205 καὶ
992 5151 1110 5206 ἀσθ.
1169 5153 1232 5206 Η.
1292 5167 1424 5217 ms.,
1465 5147 1555 5202 xui
1606 5145 1866 5224 ἄνανδρον
1915 5147 2006 5202 καὶ

349 5226 470 5290 ἀσθ.
517 5227 793 5293 SYLBURG,

419 5317 492 5442 (9t)
525 5312 736 5442 [ltuit-ctpu
763 5309 820 5367 δέ
843 5333 896 5388 γ.
931 5315 1181 5369 Metrum
1215 5312 1394 5368 talem
1443 5311 1640 5384 potius
1687 5311 2007 5368 lectionem

419 5405 459 5442 is
492 5405 524 5441 u
557 5403 590 5442 a
641 5404 653 5441 :

349 5403 614 5458 posmlat
641 5404 653 5441 :

554 5501 766 5575 Πατέρα
795 5497 853 5554 δὲ
895 5504 1045 5555 ποιεῖ
1070 5499 1253 5567 τέκνα,
1291 5499 1494 5572 μητήρ¹
1527 5497 1603 5560 ὡς
1633 5497 1792 5572 ἀνήρ.

346 5629 622 5710 SyLnunc.
657 5627 762 5682 Hic
795 5626 1067 5682 senarius
1114 5624 1363 5682 mutilus
1395 5628 1503 5679 est.
1540 5622 1705 5678 Libet
1755 5623 1840 5679 sic
1888 5623 2006 5679 ful-

346 5718 470 5756 cure
497 5719 509 5756 ζ
957 5726 966 5734 ’

510 5815 726 5886 Πατέρα
757 5810 814 5867 δί
843 5811 1020 5887 γάμος
1053 5811 1299 5885 ἐμποιεῖ,
1331 5811 1406 5872 ὡς
1441 5809 1654 5884 μητέρα
1683 5809 1842 5885 ἀνήρ,

2112 4711 2408 4782 Euripidis
2448 4710 2646 4765 Medeae
2671 4727 2690 4763 :

2293 4836 2467 4909 ᾜπερ
2501 4832 2970 4909 μεγίστηλγίν-ετᾲαι
3003 4831 3276 4909 σωτηρία,

2294 4903 2458 4963 Ὅταν
2490 4903 2629 4980 γυνὴ
2663 4903 2800 4975 πρὸς
2833 4903 3000 4976 ἄνδρα
3032 4907 3108 4979 μὴ
3144 4903 3474 4980 διχοστατῇ.

2293 5015 2636 5096 {felicitatem
2669 5032 2835 5096 quam
2858 5032 3185 5096 supremam
3201 5017 3483 5096 existimo,

2297 5088 2526 5143 Concors
2562 5090 2770 5142 marito
2795 5087 3000 5142 mulier
3023 5087 3118 5141 ubi
3147 5087 3300 5156 degit
3330 5103 3447 5141 suo.

2120 5217 2390 5270 COLLECT.

2188 5299 2297 5369 (11)
2330 5296 2418 5364 Μὴ
2472 5296 2534 5350 τὸ
2589 5291 2748 5358 εἶδος.
2810 5295 3072 5368 Respicit
3114 5296 3138 5348 Ι
3187 5295 3338 5349 Tim.
3383 5309 3447 5361 ιι,
3478 5295 3532 5362 9,
3579 5288 3669 5344 vel
3727 5289 3779 5344 II

2117 5372 2241 5426 Pet.
2276 5387 2339 5440 ιι,
2373 5372 2428 5426 3.

2189 5452 2298 5520 (12)
2357 5451 2441 5522 Τῇ
2501 5444 2788 5516 διοικήσει.
2839 5449 2960 5522 κίοι
3016 5445 3131 5522 ista
3185 5443 3368 5522 apud
3404 5443 3776 5522 Clementem

2117 5513 2426 5595 significat
2460 5513 2691 5595 natura:
2735 5524 2837 5575 aut
2866 5513 3257 5595 Providentiié
3303 5513 3775 5595 dispositionem

2113 5588 2216 5650 alit
2246 5593 2850 5649 administrationem.
2881 5588 3008 5643 Vid.
3044 5605 3099 5660 p.
3138 5589 3264 5652 434,
3291 5589 3417 5642 452.
3453 5588 3673 5642 warn.

2186 5675 2297 5745 (13)
2357 5674 2488 5732 Τοῖς
2547 5666 2788 5745 τραγῳδ.
2850 5668 3001 5724 Conf
3031 5709 3046 5722 .
3105 5667 3370 5740 Euripid.
3433 5666 3677 5735 Hecuba,
3718 5668 3779 5719 et

2114 5723 2297 5801 Philo,
2319 5723 2392 5816 p.—
2665 5723 2941 5797 IS'vLimnc.
