4144 6410
389 419 407 474 1
421 416 529 474 095

1617 394 2032 457 CLEHENTI'S
2067 392 2571 451 AIBXANDRINI

3679 391 3822 448 l096

387 548 434 598 A
467 540 704 615 tragicis
735 541 933 594 autem
982 531 1269 603 scriptum
1327 530 1437 598 est,
1485 524 1870 615 Polyxenam,
1900 525 1959 615 et
1989 518 2036 575 si

2151 511 2306 586 ὅμως
2352 512 2570 585 πελλὴν
2625 513 2886 591 πρόνοιαν
2955 514 3289 586 πεποιῆσθαι
3368 516 3468 570 τοῦ
3521 514 3818 590 εύσχημό-

385 610 847 693 interficeretur,
868 621 1178 680 moriendo
1196 626 1396 675 tamen
1414 631 1671 687 magnam
1696 610 2041 669 adhibuisse

390 721 759 790 diligentiam.
802 722 863 770 ut
894 714 1113 768 honeste
1140 710 1378 766 caderet.

528 826 638 882 Illa
668 831 872 894 tegens,
904 837 1081 876 mares
1113 834 1233 890 qua
1280 814 1431 869 haud
1474 813 1632 868 licuit
1658 824 1895 865 cernere.

384 1007 518 1063 Fuit
544 1010 748 1061 autem
791 1001 879 1057 illi
912 1016 1149 1073 quoque
1205 995 1515 1053 calamitas
1570 990 2037 1048 matrimonium.

385 1094 780 1151 Succumbere
830 1094 1029 1163 itaque
1070 1098 1128 1145 et
1165 1088 1373 1144 cedere
1405 1085 1559 1139 vitiis
1591 1089 1649 1139 et
1678 1081 1859 1137 animi
1906 1095 2039 1151 per-

386 1183 845 1249 turbationibus,
879 1186 969 1237 est
995 1185 1259 1235 extrema
1284 1176 1532 1231 servitus
1559 1192 1571 1229 :
1599 1173 1753 1227 sicut
1782 1187 1850 1226 ea
1880 1172 2039 1225 certe

383 1273 642 1341 vincere,
677 1271 803 1327 sola
834 1276 921 1325 est
955 1268 1220 1324 libertas.
1255 1265 1461 1320 Divina
1514 1262 1710 1332 itaque
1738 1259 2041 1330 Scriptura

384 1379 506 1429 eos,
533 1362 633 1433 qui
656 1365 955 1433 praecepta
976 1356 1412 1421 transilierunt,
1435 1353 1580 1407 dicit
1604 1367 1733 1406 esse
1764 1348 2040 1431 venunda-

386 1458 464 1507 tos
496 1450 846 1520 alienigenis,
866 1449 976 1503 hoc
1003 1451 1112 1513 est,
1144 1443 1424 1517 peccatis,
1452 1459 1584 1513 quas
1607 1457 1642 1495 a
1666 1444 1880 1495 natura
1900 1443 2042 1493 sunt

383 1540 600 1607 aliena,
625 1539 814 1595 donec
846 1535 1116 1593 conversi
1137 1538 1315 1605 agant
1335 1530 1770 1604 paenitentiam.
1795 1529 2042 1583 Conser-

381 1630 643 1686 vandum
703 1634 794 1683 est
852 1643 988 1698 ergo
1046 1621 1521 1689 matrimonium,
1555 1625 1841 1689 tanquam
1872 1632 2042 1672 sacra

381 1719 584 1791 aliqua
615 1723 831 1785 statua,
862 1713 1154 1770 mundum
1184 1712 1256 1767 ab
1278 1712 1373 1777 iis,
1406 1726 1538 1781 quae
1570 1708 1887 1780 polluunt;
1920 1711 1980 1761 et
2007 1722 2044 1761 a

382 1809 613 1865 somnis
632 1807 874 1879 quidem
893 1802 1372 1876 expergiscamur
1388 1816 1523 1855 cum
1541 1797 1816 1864 Domino,
1834 1811 2041 1852 eamus

381 1904 583 1953 autem
601 1896 927 1952 dormitum
945 1892 1425 1964 cum-gratiarum
1447 1889 1702 1954 actione,
1720 1892 1777 1941 et
1796 1901 2036 1941 oremus
2081 1896 2122 1961 Β

483 2008 617 2061 Cum
642 2020 830 2061 somno
853 2002 1124 2072 indulges,
1160 2000 1259 2056 tua:
1290 2005 1339 2055 et
1368 2016 1492 2055 cum
1519 1999 1740 2068 fulserit
1768 1998 1936 2067 alma,

380 2127 505 2179 tota
534 2126 741 2176 nostra
763 2120 881 2173 vita
901 2118 1214 2173 Dominum
1249 2121 1568 2181 testantes;
1601 2115 1885 2186 pietatem
1907 2113 2037 2184 qui-

382 2212 520 2267 dem
551 2227 620 2266 ac
648 2208 1000 2281 religionem
1029 2207 1227 2261 auima
1270 2204 1665 2277 possidentes,
1694 2209 2037 2274 temperan-

380 2302 528 2355 tiam
551 2303 750 2355 autem
792 2298 967 2352 etiam
1028 2310 1217 2366 usque
1266 2293 1340 2349 ad
1386 2310 1603 2365 corpus
1649 2292 2034 2347 deducentes.

380 2391 499 2445 Deo
532 2388 692 2444 enim
749 2402 954 2442 revera
1009 2390 1243 2457 gratum
1274 2389 1383 2452 est,
1417 2400 1451 2438 a
1480 2383 1685 2452 lingua
1740 2381 1811 2436 ad
1856 2397 2039 2453 opera

379 2478 689 2534 traducere
720 2474 1191 2531 mederationem
1246 2471 1333 2527 Ad
1370 2471 1803 2543 impudentiam
1837 2475 2036 2525 autem

378 2568 469 2623 via
500 2572 590 2622 est
622 2565 811 2637 turpis
830 2580 1025 2619 sermo
1049 2579 1063 2618 :
1092 2569 1149 2618 et
1166 2562 1476 2632 utriusque
1507 2561 1644 2616 finis
1662 2565 1752 2614 est
1770 2559 2037 2631 turpium

378 2671 583 2712 rerum
616 2653 997 2728 perpetratio.
1032 2651 1197 2717 Quod
1229 2657 1427 2707 autem
1454 2649 1714 2705 consulit
1734 2648 2037 2720 Scriptura

381 2758 625 2801 uxorem
660 2743 897 2808 ducere,
925 2746 1107 2796 etnec
1133 2757 1167 2795 a
1188 2739 1483 2812 conjugio,
1501 2755 1765 2809 unquam
1788 2737 2039 2810 permit—

383 2835 453 2889 tit
475 2832 801 2897 discedere,
830 2832 1023 2904 legem
1049 2835 1250 2901 aperte
1273 2829 1617 2884 constituit:
1646 2828 1761 2883 Non
1793 2829 2036 2883 dimittes

377 2940 626 2989 umorem,
648 2929 1025 2994 praterquam
1042 2925 1275 2990 propter
1297 2919 1719 2988 fornicationem
1741 2917 1837 2989 (a).
1860 2916 2037 2972 Adul-

376 3013 594 3069 terium
619 3016 817 3067 autem
838 3009 1139 3064 existimat
1159 3007 1439 3079 conjungi
1462 3006 1866 3073 matrimonio,
1891 3005 2034 3060 dum

378 3103 518 3157 vivit
546 3101 698 3158 alter
729 3118 796 3157 ex
820 3098 1128 3172 separatis.
1160 3097 1510 3169 Suspicione
1539 3100 1736 3153 autem
1763 3100 1821 3150 et
1840 3095 2035 3149 crimi-

382 3193 629 3247 natione
657 3190 905 3245 liberam
938 3187 1133 3243 reddit
1156 3203 1421 3243 uxorem.
1453 3191 1521 3241 ut
1549 3201 1671 3241 non
1694 3190 1942 3240 ornetur
1966 3200 2034 3239 ac

2151 624 2261 666 νως
2287 609 2494 661 πεσεῖν.

3566 802 3813 881 ἀῤῥενων

3514 876 3735 953 [ἐχρῆν-

2150 984 2253 1040 ⁷Ην
2286 981 2346 1039 δὲ
2372 982 2592 1058 κάκείνῃ
2643 985 2826 1059 γάμος
2852 985 2888 1053 ἡ
2921 984 3197 1061 συμφορά.
3259 984 3336 1040 Τὸ
3394 984 3685 1039 ὑποπεσεῖν
3719 982 3812 1038 οὗν

2150 1072 2238 1128 καὶ
2270 1072 2673 1148 παραχωρῆσαι
2703 1077 2822 1135 τοῖς
2852 1072 3075 1128 πάθεσιν
3100 1071 3307 1148 ἐσχάτη
3343 1069 3588 1128 δουλεία·
3626 1070 3813 1149 ὥσπερ

2151 1161 2343 1234 ἀμέλει
2372 1163 2436 1217 τὸ
2465 1165 2685 1238 κρατεῖν
2727 1161 2934 1217 τούτων
2995 1158 3279 1237 ἐλεύθερια
3340 1163 3503 1234 μόνη.
3557 1163 3620 1218 'll
3679 1166 3810 1237 γοῦν

2152 1250 2267 1315 θεία
2298 1252 2485 1330 Γραφὴ
2514 1250 2644 1315 τοὺς
2678 1246 3026 1325 παραϐάντας
3080 1253 3175 1314 τὰς
3228 1250 3453 1314 ἐντολὰς
3504 1251 3814 1326 πεπρᾶσθαι

2152 1338 2297 1417 λὲγει
2327 1346 2446 1404 τοῖς
2479 1339 2821 1417 ἀλλογενὲσι,
2852 1339 3131 1397 τουτέστιν
3178 1339 3472 1417 ἁμαρτίαις
3518 1340 3817 1405 ἀνοικείαις

2149 1432 2218 1503 τῇ
2251 1428 2427 1508 φύσει,
2455 1427 2620 1505 ἄρχις
2666 1428 2728 1485 ἂν
2788 1427 3201 1505 ἐπιστρέψαντες
3263 1431 3661 1503 μετανοήσωσι.
3695 1431 3812 1487 Κα-

2153 1518 2315 1593 θαρὸν
2374 1517 2467 1573 οὖν
2510 1520 2602 1574 τὸν
2654 1520 2858 1594 γάμον,
2918 1517 3100 1596 ὥσπερ
3142 1539 3193 1573 τι
3224 1519 3369 1590 ἱερὸν
3422 1515 3670 1593 ἄγαλμα,
3699 1523 3809 1574 τῶν

2150 805 2452 882 Κρύπτουσ’
2555 808 2689 880 (14),
2794 805 2829 860 ’ὰ
2902 806 3158 881 κρύπτειν
3255 804 3462 878 ὄμματ’

2555 808 2689 880 (14).

2155 1606 2481 1679 μιαινόντων
2539 1607 2878 1680 φυλακτέον·
2937 1606 3368 1684 ἀνεγειρομένοις
3431 1608 3526 1682 μὲν
3587 1606 3648 1664 ἐκ
3701 1612 3812 1664 τῶν

2155 1694 2333 1752 ὕπνων
2367 1697 2503 1769 μετά
2532 1696 2759 1772 Κυρίου,
2809 1696 3030 1751 ἀπιοῦσι
3081 1693 3139 1752 δὲ
3188 1696 3264 1759 εἷς
3321 1696 3485 1753 ὕπνον
3547 1697 3664 1771 μετ’
3722 1695 3811 1752 εὖ·

2153 1785 2460 1861 χαριστίας,
2494 1785 2584 1840 καὶ
2616 1784 2961 1861 εὐχομένοις,

2149 1997 2313 2071 Ἢμὶν
2346 1997 2667 2070 ὅτέύνάζῃ,
2716 1997 2808 2053 καὶ
2867 2000 2945 2054 ὅτ’
2999 1997 3081 2054 ὅτ’
3135 1998 3197 2055 ἄν
3256 2001 3388 2079 φάες
3443 2000 3587 2078 ἱερὸν
3647 1999 3808 2076 ἔλθῃ,

2152 2112 2619 2189 μαρτυρουμένοις
2676 2114 2772 2168 τὸν
2850 2113 3051 2189 Κύριον
3114 2117 3243 2192 παρ’
3300 2115 3432 2172 ὅλον
3491 2118 3654 2191 ἡμῶν
3711 2118 3806 2173 τὸν

2151 2204 2292 2279 βίον·
2322 2203 2386 2258 τὸ
2423 2203 2518 2276 μὶν
2548 2198 2852 2259 θεοσεσϐεῖν
2883 2207 2953 2279 τῇ
2986 2207 3141 2280 ψυχῇ
3170 2225 3334 2275 κεκτη
3347 2205 3550 2279 μὲνοις,
3582 2206 3646 2262 τὸ
3696 2211 3805 2263 σῶ-

2147 2312 2283 2368 φρον
2315 2289 2373 2347 δὲ
2406 2292 2575 2368 μέχρι
2619 2291 2711 2347 καὶ
2765 2296 2865 2348 τοῦ
2923 2291 3180 2366 σώματος
3236 2292 3481 2369 ἄγουσιν.
3542 2295 3807 2372 Θεοφιλὶς

2144 2385 2245 2459 γὰρ
2274 2389 2354 2457 τῷ
2410 2383 2522 2439 ὄντι
2577 2384 2684 2439 ἀπὸ
2734 2391 2837 2455 τῆς
2894 2384 3151 2461 γλώττης
3201 2385 3290 2441 ἰπὶ
3337 2388 3405 2442 τὰ
3434 2385 3565 2463 ἔργα
3589 2389 3654 2443 τὸ
3711 2387 3804 2444 κό-

2147 2492 2309 2546 σμιον
2341 2470 2825 2549 διαχειραγωγεῖν·
2856 2472 2981 2535 ὁδὸς
3011 2471 3071 2529 δὲ
3114 2473 3196 2553 ἐφ’
3243 2474 3627 2550 ἀναισχυντίαν
3658 2479 3694 2546 ἡ
3725 2476 3806 2531 αἲ-

2145 2560 2471 2637 σχρολογία·
2529 2565 2622 2617 καὶ
2672 2560 2833 2626 τέλος
2877 2562 3084 2641 ἀμφοῖν
3144 2565 3179 2633 ὴ
3237 2562 3609 2641 αἲσχρολογία
3662 2568 3801 2639 (15).

2143 2650 2356 2708 Ὅτιδὶ
2411 2656 2608 2727 γαμεῖν
2639 2653 2674 2721 ὴ
2709 2652 2897 2729 Γραφή
2956 2646 3324 2725 συμϐουλεύει
3384 2651 3515 2709 οὐδὲ
3570 2652 3803 2732 ἀφίστα-

2146 2741 2266 2805 σθαί
2294 2761 2426 2795 ποτε
2480 2746 2584 2810 τῆς
2634 2739 2886 2817 συζυγίας
2942 2740 3243 2817 ἐπιτρέπει,
3296 2738 3551 2817 ἄντικρυς
3578 2744 3806 2817 νομεθερ-

2143 2835 2245 2888 τεῖ.
2278 2828 2395 2886 Ούκ
2429 2827 2727 2891 ἀπολύσεις
2775 2834 3023 2904 γυναῖκα,
3077 2829 3224 2899 πλὴν
3276 2830 3323 2886 εἰ
3371 2831 3449 2905 μὴ
3508 2831 3597 2888 ἐπὶ
3653 2831 3805 2909 λόγῳ

2144 2919 2423 2989 πορνείας·
2461 2917 2714 2993 μοιχείαν
2756 2915 2816 2974 δὲ
2844 2920 3062 2994 ἡγεῖται
3118 2920 3182 2974 τὸ
3240 2919 3509 2997 ἐπιγῆμαι
3570 2924 3802 2991 ζῶντπς

2147 3006 2374 3083 θατέρου
2402 3011 2509 3062 τῶν
2540 3007 2988 3082 κεχωρισμὲνων.
3045 3007 3385 3065 Ἀνύποπτον
3438 3007 3497 3081 δὲ
3551 3009 3628 3073 εἰς
3684 3008 3805 3066 δια-

2145 3091 2320 3167 ϐολὴν
2354 3094 2592 3152 δείκνυσι
2621 3102 2850 3172 γυναῖκα
2907 3102 3019 3168 (16)
3073 3099 3137 3153 τὸ
3197 3099 3271 3171 μὴ
3328 3096 3801 3173 καλλωπίζεσθαι,

2150 3184 2292 3260 μηδέ
2325 3188 2436 3259 μὴν
2465 3191 2787 3259 κοσμεῖσθαι
2817 3185 2954 3261 πέρα
2981 3191 3079 3241 τοῦ
3109 3187 3437 3261 πρέποντος,
3469 3187 3663 3264 εὐχαῖς
3690 3191 3805 3263 (17)

381 3286 651 3338 comatur
673 3279 827 3352 plus,
843 3294 1021 3350 quam
1045 3278 1123 3332 sit
1139 3276 1442 3342 decorum,
1464 3274 1568 3330 sed
1590 3273 1827 3330 assidue
1849 3278 2036 3329 atten-

2150 3278 2237 3330 καί
2294 3273 2508 3346 δεήσεσι
2567 3278 3015 3350 προσανάχουσαν
3075 3274 3323 3341 ἐκτενῶς
3382 3277 3479 3340 τὰς
3542 3277 3637 3351 μὲν
3687 3277 3805 3348 ἐξό-

381 3372 481 3427 dat
501 3370 776 3443 precibus
799 3375 858 3424 et
872 3366 1276 3432 orationibus;
1296 3370 1478 3437 utque
1499 3381 1529 3420 e
1543 3364 1718 3419 domo
1743 3379 1899 3434 saepe
1911 3378 2037 3420 non

383 3464 573 3527 exeat,
598 3458 689 3515 sui
715 3463 914 3513 autem
937 3459 1202 3528 aspectu,
1222 3453 1416 3526 quoad
1442 3453 1570 3509 ﬁeri
1589 3458 1801 3525 potest,
1836 3453 2036 3507 exclu-

382 3549 483 3604 dat
511 3565 635 3616 eos,
668 3547 769 3618 qui
802 3545 876 3601 ad
904 3561 1034 3600 eam
1057 3560 1180 3599 non
1204 3542 1477 3599 attinent.
1503 3541 1801 3612 ducatque
1823 3541 2036 3596 domus

380 3637 713 3693 custodiam
732 3633 1167 3705 intempestivis
1184 3632 1356 3704 nugis
1374 3630 2038 3695 conducibiliorem.0ui

379 3733 564 3781 autem
591 3726 870 3779 dimissam
900 3721 1105 3792 accipit
1157 3737 1408 3786 uxorem,
1439 3720 1764 3786 mwchatur,
1802 3718 2034 3789 inquit:

378 3816 443 3880 »ι‹
466 3818 513 3871 si
537 3818 659 3885 quis
691 3814 848 3870 enim
868 3810 1397 3875 dimiserituzcorem,
1417 3810 1720 3863 mwchatur
1738 3811 1915 3878 ipsam
1935 3808 2036 3881 (b),

381 3905 495 3960 hoc
525 3910 634 3969 est,
667 3902 823 3975 cogit
853 3918 985 3957 eam
1016 3899 1318 3957 mmchari.
1344 3900 1469 3953 Non
1495 3899 1689 3953 solum
1715 3904 1911 3954 autem
1935 3899 2036 3970 qui

385 3995 633 4062 dimisit,
657 3998 750 4048 est
769 3992 897 4063 ejus
926 4006 1122 4055 causa,
1147 3988 1249 4043 sed
1277 3989 1456 4043 etiam
1479 3988 1579 4059 qui
1603 4004 1731 4043 eam
1756 3989 2036 4060 suscepit,

376 4083 652 4156 prmbens
682 4080 919 4136 mulieri
947 4077 1622 4151 peccandioccasionem
1642 4094 1654 4145 ;
1677 4078 1899 4132 sienim
1916 4094 2038 4133 non

385 4173 690 4245 suscipiat,
711 4175 1041 4226 revertetur
1071 4169 1144 4224 ad
1177 4168 1389 4223 virum.
1424 4166 1575 4232 Quid
1606 4183 1743 4222 vero
1787 4167 1881 4221 lex
1913 4168 1982 4238 (ο)
2012 4166 2041 4222 ‘l

378 4263 453 4319 Ut
480 4261 770 4334 reprimat
788 4259 864 4315 ad
886 4259 1027 4313 vitia
1048 4256 1532 4329 propensionem,
1544 4255 1719 4327 jubet
1745 4255 1817 4310 de
1838 4255 2037 4310 medio

378 4352 483 4407 toli
516 4368 669 4416 eam,
705 4367 838 4422 quas
870 4349 1224 4416 adulterata,
1260 4352 1318 4402 et
1348 4346 1627 4402 adulterii
1676 4345 1857 4400 fuerit
1884 4362 2035 4401 con-

377 4442 567 4509 victa;
603 4441 695 4496 sin
727 4443 927 4494 autem
957 4437 1139 4492 fuerit
1171 4453 1201 4491 e
1232 4435 1461 4490 familia
1492 4434 1838 4501 sacerdotis,
1864 4434 2039 4507 jubet

380 4546 510 4593 eam
531 4530 650 4601 igni
673 4527 827 4583 tradi
880 4527 977 4598 (ά).
1004 4524 1284 4583 Obruitur
1312 4530 1512 4580 autem
1542 4523 1778 4579 adulter
1797 4538 2035 4595 quoque

2147 3361 2273 3427 δους
2326 3372 2427 3435 τῆς
2477 3364 2653 3426 οἰκίας
2709 3363 3126 3441 φυλαττομένην
3182 3366 3281 3429 τὰς
3341 3365 3558 3431 πολλὰς
3589 3411 3604 3438 ,
3662 3367 3806 3422 ἀπο-

2144 3451 2433 3509 κλείουσαν
2482 3450 2530 3508 δ’
2562 3453 2636 3515 ὡς
2692 3452 2806 3508 οἷόν
2865 3453 2911 3508 θ’
2960 3453 3156 3523 ἑαυτὴν
3213 3461 3316 3525 τῆς
3369 3455 3508 3530 πρὸς
3556 3454 3687 3517 τοὺς
3737 3455 3802 3512 ού

2144 3543 2532 3618 προσήκοντας
2585 3542 2931 3616 προσόψεως,
2993 3542 3449 3619 προύργιαίτερον
3506 3546 3800 3618 τιθεμένην

2143 3639 2245 3701 τῆς
2302 3630 2530 3707 ἀκαίρου
2577 3629 2846 3709 φλυαρίας
2892 3632 2992 3701 τὴν
3052 3631 3372 3704 οἰκουρίαν.
3434 3633 3491 3687 '0
3550 3631 3608 3689 δὶ
3660 3635 3807 3689 ἀπο-

2145 3719 2456 3793 λελυμένην
2535 3716 2833 3793 λαμϐάνων
2918 3726 3151 3795 γυναῖκα
3237 3727 3551 3797 μοιχᾶται,
3613 3723 3799 3800 φησὶν·

2147 3810 2236 3866 ἐὰν
2295 3808 2396 3887 γάρ
2452 3830 2539 3870 τις
2597 3807 2849 3884 ἀπολύσῃ
2904 3814 3132 3885 γυναῖκα
3164 3852 3178 3877 ,
3248 3815 3513 3885 μοιχᾶται
3579 3811 3747 3880 αὐτὴν
3784 3856 3801 3885 ,

2151 3900 2445 3966 τουτέστιν,
2501 3896 2784 3973 ἀναγκάζει
2846 3904 3233 3973 μοιχευθῆναι.
3293 3898 3371 3956 Ού
3432 3900 3596 3972 μόνον
3658 3898 3715 3956 δὲ
3774 3902 3805 3957 ὁ

2147 3987 2428 4052 ἀπολύσας
2458 3984 2631 4051 αἴτιος
2680 3986 2881 4063 γίνεται
2939 3987 3159 4057 τούτου,
3218 3986 3366 4044 ἀλλὰ
3421 3989 3512 4045 καὶ
3563 3990 3590 4044 ὁ
3622 4009 3804 4063 παρα-

2148 4076 2438 4151 δεξάμενος
2466 4075 2656 4144 αὐτήν,
2703 4075 2957 4154 ἀφορμὴν
3008 4078 3269 4153 παρέχων
3330 4082 3426 4133 τοῦ
3487 4079 3803 4153 ἁμαρτῆσαι

2146 4171 2215 4243 τῇ
2242 4168 2480 4243 γυναικίο
2514 4166 2561 4222 εί
2589 4167 2690 4241 γὰρ
2740 4167 2816 4239 μὴ
2876 4164 3119 4243 δέχοιτο,
3153 4167 3457 4242 ἀνακάμψει
3514 4169 3651 4245 πρὸς
3705 4169 3801 4225 τὸν

2147 4254 2335 4330 ἄνδρα.
2388 4254 2458 4313 Τί
2509 4255 2603 4312 οὖν
2635 4255 2663 4310 ὁ
2696 4256 2863 4327 νόμος
2898 4276 2912 4326 ;
2960 4253 3102 4329 Πρὸς
3134 4255 3438 4325 ἀναστολὴν
3466 4263 3566 4327 τῆς
3619 4257 3804 4314 εὐεπι-

2147 4345 2337 4421 φορίας
2365 4349 2474 4399 τῶν
2503 4346 2691 4400 παθῶν
2749 4344 3085 4420 ἀναιρεῖσθαι
3142 4344 3466 4420 προστάττει
3522 4349 3625 4416 τὴν
3676 4367 3807 4419 μοι·

2146 4438 2456 4510 χευθεῖσαν,
2487 4432 2577 4487 καὶ
2608 4432 2696 4488 ἐπὶ
2745 4432 2927 4505 τούτῳ
2985 4431 3358 4509 ἐλεγχθεῖσαν·
3410 4434 3499 4489 ἐὰν
3546 4433 3607 4490 δὲ
3635 4437 3807 4511 ἱερεια

2145 4523 2203 4595 ᾗ,
2254 4522 2384 4597 πυρὶ
2437 4519 2834 4594 παραδίδοσθαι
2884 4521 3246 4598 προστάττει.
3311 4518 3701 4588 Αιθυϐολεῖται
3750 4521 3812 4580 δὶ

375 4618 695 4691 lapidibus,
719 4618 824 4673 sed
854 4616 1059 4671 nonin
1090 4613 1298 4670 eodem
1331 4613 1485 4680 loco,
1509 4630 1584 4669 ne
1609 4629 1771 4669 mors
1792 4611 2033 4683 quidem

2150 4613 2234 4666 καὶ
2265 4614 2293 4667 ὁ
2325 4612 2549 4686 μοιχός·
2613 4609 2741 4666 ἀλλ’
2774 4611 2873 4666 οὐκ
2904 4610 2957 4667 ἐν
2988 4616 3068 4685 τῷ
3116 4613 3264 4685 αύτῷ
3321 4613 3496 4688 τόπῳ,
3523 4611 3619 4669 ’ίνα
3664 4610 3811 4687 μηδὶ

377 4709 454 4763 sit
474 4708 559 4763 eis
584 4706 942 4762 communis.
968 4707 1354 4775 Nequaquam
1375 4702 1556 4774 igitur
1579 4702 1676 4757 lex
1697 4718 1832 4757 cum
1854 4703 2035 4756 Evan-

377 4796 531 4870 gelio
583 4801 825 4868 pugnat,
859 4793 965 4848 sed
1006 4793 1058 4848 ei
1090 4791 1407 4847 consentit.
1442 4790 1858 4856 Quidnirenim
1901 4807 2030 4846 cum

374 4890 694 4956 utrumque
727 4899 885 4939 unus
916 4879 1315 4952 suppeditavit
1337 4880 1669 4935 Dominus?
1701 4881 1839 4947 Quae
1872 4879 2032 4934 enim

379 4982 470 5032 est
493 4975 807 5041 fornicata,
826 4971 965 5026 vivit
988 4969 1229 5042 quidem
1253 4975 1519 5042 peccato,
1551 4970 1656 5026 sed
1687 4975 1922 5027 mortua
1943 4974 2035 5025 est

2143 4700 2172 4755 ὁ
2202 4700 2428 4762 θάνατος
2461 4700 2647 4762 αὐτοῖς
2680 4698 2865 4756 κοινὰν
2999 4702 3081 4757 υύ
3137 4699 3203 4771 δὴ
3249 4702 3485 4777 μάχεται
3515 4707 3597 4775 τῷ
3627 4703 3810 4778 Εὐαγ-

2138 4789 2312 4864 γελίῳ
2343 4791 2371 4844 ὁ
2403 4790 2592 4862 νόμος·
2627 4786 2842 4859 συνᾴδει
2902 4787 2961 4844 δὲ
2990 4789 3160 4862 αὐτῷ.
3193 4795 3317 4854 Πῶς
3349 4791 3450 4867 γὰρ
3499 4791 3652 4868 οὐχὶ,
3688 4791 3811 4855 ἐνὸς

2142 4873 2297 4941 ὄντος
2327 4878 2531 4953 ἀμφοῖν
2591 4878 2847 4954 χορηγοῦ
2891 4882 2989 4933 τοῦ
3049 4878 3283 4952 Κυρίου;
3343 4880 3404 4935 Ἦ
3432 4881 3533 4957 γάρ
3554 4901 3640 4936 τοι
3667 4900 3809 4956 πορ-

2142 4965 2373 5023 νεύσασα
2405 4970 2469 5041 ζῇ
2523 4967 2617 5040 μὶν
2675 4970 2746 5041 τῇ
2806 4967 3046 5040 ἁμαρτίᾳ
3091 4965 3320 5032 ἀπέθανε
3376 4964 3435 5023 δὲ
3478 4974 3600 5034 ταῖς
3654 4967 3804 5024 ἐντος

444 5119 603 5199 r111}.
633 5118 879 5199 507.IS.D.
909 5117 1232 5199 “POTTED,
1266 5116 1505 5199 {124-425
1563 5115 1963 5199 ED’.”P'AR.I_S.
2023 5115 2097 5187 (a)
2129 5114 2332 5199 Matth.
2364 5133 2417 5184 v,
2451 5117 2538 5184 3'2,
2571 5132 2686 5184 nx,
2718 5118 2788 5184 9;
2821 5117 2997 5189 Marc,
3022 5134 3078 5184 κ,
3113 5117 3197 5185 11,
3234 5119 3300 5171 12
3328 5135 3343 5185 ;
3395 5118 3532 5175 Luc.
3566 5136 3680 5189 ινι,
3715 5118 3809 5180 18.

372 5194 448 5265 (b)
483 5192 628 5248 Ibid.
690 5190 760 5263 (ο)
792 5188 971 5245 Levit.
1008 5206 1104 5257 xx,
1135 5191 1237 5257 l9;
1268 5189 1440 5244 Deut.
1473 5203 1611 5241 χιιι.
1650 5185 1730 5258 (d)
1762 5188 1938 5242 Levit.
1988 5185 2147 5255 xxix,
2176 5186 2231 5242 9.

442 5339 556 5410 (14)
590 5335 892 5411 Κρύπτουσ⁹
917 5334 1228 5406 Euripides
1249 5333 1454 5389 Hecub.
1490 5349 1541 5386 ν.
1574 5333 1817 5387 569-578

375 5424 602 5498 Πολλὴν
630 5423 892 5498 πρύνοιαν
926 5424 1089 5498 εἶχεν.
1103 5421 1276 5498 εὐσχή
1286 5424 1636 5498 μωςΔπεσεῖν,

374 5490 681 5570 Κρύπτόυς⁴
709 5494 743 5550 ἃ
770 5490 1030 5570 κρύπτειν
1060 5490 1267 5570 ὄμματ’
1290 5490 1509 5570 ἀρσένω
1541 5492 1744 5566 χρεών.

374 5564 634 5640 Magnam
675 5564 1111 5624 sallicitudinem
1155 5565 1372 5640 habuit,
1418 5564 1670 5640 decenter
1698 5570 1759 5618 ut
1792 5564 2032 5634 caderet,

376 5640 445 5693 Et
469 5635 820 5707 'occultaret,
864 5655 988 5708 qua
1043 5637 1320 5692 occultare
1375 5635 1558 5691 oculos
1614 5636 1859 5690 virorum
1905 5652 2033 5691 con-

1769 5708 1960 5778 [venit.

448 5796 559 5866 (15)
613 5793 1012 5869 Αἶσχρολογία.
1067 5797 1290 5851 Sensus
1339 5794 1597 5867 requirit
1651 5792 2032 5871 αἰσχροεργία,

2146 5332 2239 5388 vel
2270 5336 2571 5408 contracta
2620 5331 3006 5408 αἴσχρουργίαο
3042 5334 3201 5407 quod
3232 5335 3381 5391 vidit
3410 5337 3590 5394 etiam
3620 5339 3809 5396 inter-

2146 5421 2302 5477 pres.
2346 5404 2622 5460 SanunG.

2216 5495 2327 5565 (l6)
2360 5497 2614 5548 Γυναῖκα.
2660 5495 2976 5567 Respicere
3025 5495 3258 5552 videtur
3290 5499 3315 5552 Ι
3344 5498 3493 5554 Tim.
3529 5515 3589 5567 ιι,
3621 5501 3675 5567 9,
3719 5501 3810 5557 10.

2215 5579 2621 5656 (17)4Εὖχαῖς.
2665 5584 3001 5656 ΔΙὶοερίοθιό
3059 5585 3291 5641 videtur
3342 5587 3363 5643 Ι
3410 5588 3559 5643 Tim.
3618 5605 3673 5654 ν,
3728 5592 3812 5645 5:

2143 5650 2616 5733 ΠρςοσμέίνειἿταῖς
2663 5650 2878 5723 δεήσὲσι
2924 5656 3014 5710 καὶ
3064 5660 3186 5720 ταῖς
3215 5663 3553 5733 προσευχαῖς
3611 5650 3813 5725 νυκτὸς

2142 5724 2234 5778 καὶ
2257 5725 2495 5801 ἡμέρας.
