4144 6396
429 399 590 481 (i103

1685 400 2099 457 CLEMENTIB
2136 397 2645 455 ALEXANDBINI

3729 402 3852 463 1104

444 543 549 583 ore
580 531 756 582 tenus
789 523 1040 582 dicimus
1067 540 1081 579 :
1105 522 1394 583 Nolumus
1412 538 1659 596 peccare
1688 523 1964 593 ;animus
1996 539 2096 580 au-

2217 540 2304 576 ται
2362 518 2452 575 ἐπὶ
2501 522 2610 593 (38)
2663 518 2727 574 τὸ
2767 518 3120 596 ἁμαρτάνειν.
3166 521 3229 580 Ὀ
3278 525 3528 587 τοιοῦτος
3579 522 3665 581 διὰ
3691 522 3844 605 φόϐον

446 621 569 673 tem
599 620 803 671 noster
829 611 1160 686 propendet
1190 612 1252 668 in
1300 616 1633 685 peccatum.
1666 612 1773 678 Qui
1805 616 1897 668 est
1945 612 2102 684 ejus-

448 704 634 773 modi,
664 708 909 775 propter
939 707 1187 770 metum,
1220 701 1380 774 quod
1406 701 1552 769 vult,
1581 717 1704 757 non
1729 700 1891 773 facit,
1924 717 2000 757 ne
2049 702 2103 757 ei

445 793 842 849 constituatur
873 790 1251 863 supplicium.
1284 792 1360 847 At
1376 790 1692 848 hominum
1714 789 1917 865 generi
1949 806 2105 862 quaa-

445 882 582 938 dam
612 882 951 937 necessaria
979 886 1120 937 sunt
1153 898 1221 937 ac
1267 880 1567 937 naturalia
1596 880 1903 936 duntaxat.
1937 878 2106 946 Quod

444 972 819 1029 indumentis
852 977 1038 1045 egeat,
1071 972 1479 1026 necessarium
1512 968 1693 1026 simul
1724 976 1814 1025 est
1843 976 1901 1025 et
1930 974 2104 1025 natu-

439 1063 610 1119 rale:
664 1067 754 1118 est
802 1066 1003 1117 autem
1052 1076 1306 1116 venerea
1354 1060 1625 1132 voluptas
1655 1059 1967 1126 naturalis,
2004 1058 2108 1113 sed

442 1168 565 1209 non
582 1151 978 1208 necessaria.»
998 1151 1112 1205 Has
1132 1167 1305 1206 voces
1327 1149 1545 1205 adduxi
1568 1149 1642 1205 ad
1662 1147 2106 1221 reprehenden-

441 1242 584 1299 dum
618 1240 1036 1308 Basilidianos,
1073 1240 1173 1311 qui
1204 1256 1325 1294 non
1356 1244 1516 1294 recte
1544 1239 1762 1307 vivunt,
1790 1243 1857 1293 ut
1886 1237 1987 1309 qui
2019 1236 2110 1292 vel

442 1330 729 1404 peccandi
754 1334 1111 1402 potestatem
1134 1328 1396 1385 habeant
1414 1334 1662 1402 propter
1681 1327 2109 1400 perfectionem

440 1421 534 1477 vel
583 1420 829 1476 omnino
880 1419 1124 1491 quidem
1172 1423 1387 1476 natura
1427 1418 1570 1474 salvi
1600 1417 1787 1473 futuri
1819 1417 1960 1485 sint,
1997 1412 2107 1498 etsi

443 1525 606 1567 nunc
636 1514 905 1583 peccent,
940 1508 1101 1581 quod
1129 1515 1358 1565 naturai
1400 1508 1688 1582 dignitate
1721 1512 1862 1563 sunt
1910 1505 2104 1563 electl.

442 1602 647 1672 Neque
676 1616 813 1655 vero
844 1599 1023 1672 primi
1053 1598 1398 1673 dogmatum
1428 1598 1735 1654 architecti
1757 1596 2107 1653 earumdem

439 1689 980 1764 perpetrandorum
1011 1693 1370 1762 potestatem
1402 1688 1524 1744 illis
1553 1687 1803 1743 faciunt.
1851 1689 1932 1743 Ne
1966 1702 2103 1759 ergo

441 1780 660 1836 Christi
681 1795 904 1835 nomen
920 1778 1337 1851 suscipientes,
1361 1782 1421 1833 et
1440 1777 1644 1849 iis,qui
1667 1782 1807 1833 sunt
1827 1776 1889 1831 in
1910 1776 2105 1850 genti-

440 1868 554 1926 bus
584 1866 1684 1940 intemperantissimi,incontinentius
1705 1865 2104 1934 viventes,no-

444 1958 596 2014 mini
624 1959 689 2024 ›ι‹
713 1956 1099 2013 maledictum
1127 1957 1429 2013 inurantui
1454 1956 1563 2023 Qui
1594 1956 1756 2012 enim
1786 1961 1927 2011 sunt
1947 1955 2106 2027 ejus-

444 2047 631 2117 modi,
691 2045 1162 2119 pseudapostoli,
1220 2047 1477 2118 Operarii
1509 2046 1724 2115 dolosi,
1754 2068 1783 2095 υ
1814 2060 2006 2116 usque
2037 2044 2113 2100 ad

444 2136 598 2193 illud
624 2152 637 2191 :
673 2158 700 2186 ‹‹
734 2137 998 2202 Quorum
1029 2136 1165 2191 finis
1198 2136 1314 2191 erit
1335 2135 1663 2191 secundum
1693 2151 1878 2207 opera
1906 2150 2113 2190 eorum

447 2225 522 2309 (a)
552 2228 653 2282 Est
669 2242 806 2299 ergo
820 2226 1481 2298 continentia,corporis
1497 2224 2084 2298 despicientiazsecun
2095 2254 2113 2265 -

455 2315 599 2372 dum
637 2314 1069 2371 confessionem
1094 2316 1157 2370 in
1192 2316 1421 2381 Deum;
1462 2331 1587 2370 non
1626 2314 1820 2370 solum
1859 2313 2019 2369 enim
2050 2314 2113 2369 in

453 2404 632 2461 rebus
669 2404 960 2473 venereis,
996 2405 1102 2464 sed
1124 2404 1304 2460 etiam
1336 2405 1396 2459 in
1416 2404 1571 2473 aliis,
1596 2421 1727 2475 quas
1750 2404 1950 2460 anima
1973 2419 2113 2475 per-

449 2510 657 2569 peram
686 2495 1074 2567 concupiscit,
1102 2511 1225 2549 non
1255 2499 1535 2550 contenta
1565 2493 1943 2561 necessariis,
1983 2510 2113 2548 ver-

451 2589 615 2641 satur
643 2584 1035 2641 continentia.
1069 2586 1172 2639 Est
1193 2588 1393 2640 autem
1427 2588 1486 2639 et
1514 2584 1575 2639 iii
1597 2583 1823 2656 lingua,
1848 2588 1908 2638 et
1928 2582 1990 2638 in
2013 2598 2112 2637 ac-

447 2674 762 2746 quirendo,
797 2680 856 2729 et
883 2674 946 2730 in
984 2674 1207 2730 utendo
1239 2678 1297 2729 et
1326 2673 1388 2729 in
1411 2673 1892 2746 concupiscendo
1914 2672 2107 2727 conti-

441 2764 669 2819 nentia.
702 2765 830 2818 Non
856 2762 1029 2818 docet
1057 2767 1257 2818 autem
1290 2778 1359 2817 ea
1389 2761 1765 2817 solummodo
1803 2776 1932 2815 esse
1956 2765 2110 2814 tem-

441 2856 742 2925 perantes,
776 2850 1074 2922 siquidem
1120 2849 1349 2923 praebet
1394 2849 1567 2905 nobis
1620 2848 2106 2921 temperantiam,

438 2945 509 2998 ut
535 2957 667 3012 quas
700 2941 776 2995 sit
804 2939 1003 2995 divina
1032 2945 1294 3012 potestas
1326 2944 1384 2993 et
1413 2939 1620 3011 gratia.
1654 2937 1983 2994 Dicendum
2015 2942 2108 2992 est

442 3029 897 3103 ergo,quidnam
927 3030 1151 3085 nostris
1180 3028 1449 3084 videatur
1480 3029 1553 3084 de
1584 3028 1843 3100 eo,quod
1862 3033 1953 3083 est
1971 3044 2104 3099 pro-

438 3121 724 3192 positum.
747 3122 863 3175 Nos
877 3120 1121 3191 quidem
1143 3120 1500 3187 castitatem,
1525 3125 1585 3175 et
1605 3136 1729 3186 eos,
1753 3118 1971 3190 quibus
1992 3118 2106 3172 hoc

2213 608 2274 665 οὐ
2305 614 2455 665 ποιεῖ
2500 609 2530 663 ὃ
2564 609 2734 681 θέλει,
2778 607 2869 665 ’ίνα
2902 612 2978 683 μὴ
3031 613 3067 682 ἡ
3112 610 3341 675 κόλασις
3372 611 3518 686 αὐτῷ
3547 611 3848 692 ἂλλογισθῇ.

2208 699 2274 757 Ἡ
2326 696 2385 755 δὲ
2441 697 2800 775 ἀνθρωπότης
2860 697 2979 775 ἔχει
3033 702 3159 756 τινὰ
3213 700 3480 777 ἀναγκαῖα
3523 703 3614 758 καὶ
3669 706 3850 778 φυσικὰ

2214 788 2370 862 μόνα·
2420 783 2538 864 ἔχει
2563 786 2627 843 τὸ
2652 782 3080 864 περιϐάλλεσται
3113 790 3407 867 ἀναγκαῖον
3460 794 3571 866 (39)
3616 792 3705 848 καὶ
3761 816 3853 872 φυ-

2212 878 2386 933 σικόν·
2433 877 2657 955 φυσικὸν
2710 875 2768 932 δὲ
2821 878 2884 933 τὸ
2911 882 3020 934 τῶν
3059 876 3419 957 ἀφροδισίων,
3448 881 3555 937 οὐκ
3583 881 3853 959 ἀναγκαῖον

2213 964 2293 1025 δέ.
2327 991 2355 1018 ››
2413 965 2620 1030 Ταύτας
2669 966 2981 1043 παρεθέμην
3030 967 3128 1032 τὰς
3157 969 3336 1047 φωνὰς
3362 969 3441 1032 εἷς
3472 966 3698 1047 ἔλεγχον
3755 976 3852 1028 τῶν

2218 1059 2293 1132 μὴ
2332 1056 2595 1132 βιούντων
2631 1058 2808 1131 ὀρθῶς
2839 1056 3261 1116 Βασιλειδιανῶν
3290 1062 3421 1133 (40),
3453 1059 3527 1122 ὡς
3553 1058 3677 1130 ἤτοι
3706 1060 3855 1137 ἐχόν-

2211 1167 2320 1201 των
2370 1146 2613 1218 ἐξουσίαν
2644 1147 2735 1202 καὶ
2766 1150 2864 1202 τοῦ
2922 1148 3183 1226 ἁμαρτεῖν
3216 1150 3330 1222 (41)
3391 1146 3482 1205 διὰ
3536 1151 3634 1219 τήν
3658 1148 3854 1207 τελειό·

2211 1257 2370 1307 τητα,
2402 1237 2437 1308 ἢ
2464 1238 2683 1299 πάντως
2712 1238 2825 1311 (42)
2854 1258 2915 1314 γε
2948 1242 3357 1312 σωθησομένων
3391 1240 3502 1311 (43)
3532 1239 3685 1315 φύσει
3732 1242 3854 1316 (44),

2211 1322 2307 1381 κᾶν
2366 1329 2459 1380 νῦν
2520 1324 2829 1400 ἁμάρτωσι,
2861 1322 2953 1381 διὰ
3000 1326 3100 1397 τὴν
3148 1325 3387 1406 ἔμφυτον
3424 1327 3687 1405 ἰκλογήν⁸
3752 1326 3859 1383 επεὶ

2216 1412 2359 1490 μηδὲ
2386 1418 2558 1471 ταῦτα
2614 1415 2803 1478 αὐτοῖς
2862 1416 3116 1491 πράττειν
3175 1421 3561 1494 συγχωροῦσιν
3622 1419 3672 1474 οἱ
3725 1438 3858 1494 προ-

2210 1507 2444 1583 πάτορες
2500 1509 2608 1561 τῶν
2670 1503 2957 1581 δογμάτων
3017 1509 3175 1581 (45).
3235 1508 3331 1577 Μή
3388 1508 3572 1565 τοίνυν
3630 1505 3853 1564 ὑποδυό-

2215 1615 2369 1669 μενοι
2425 1593 2487 1649 τὸ
2546 1590 2721 1669 ὄνομα
2774 1597 2873 1649 τοῦ
2928 1596 3187 1669 Χριστοῦ,
3244 1596 3333 1651 καὶ
3391 1600 3500 1652 τῶν
3559 1595 3609 1652 ἐν
3667 1591 3853 1653 ἔθνεσιν

2211 1685 2620 1764 ἄκρατεστάτων
2683 1684 3116 1763 ἀκολαστότερον
3165 1688 3411 1764 βιοῦντες
3438 1734 3454 1761 ,
3517 1686 3855 1768 βλασφημίαν

2209 1782 2290 1851 τῷ
2338 1776 2564 1852 ὀνόματι
2596 1773 3066 1853 προπριὸέσθων·
3103 1803 3132 1831 ‹‹
3158 1771 3229 1833 Ὀἱ
3258 1779 3365 1855 γὰρ
3394 1784 3639 1836 τοιοῦτοι
3669 1776 3853 1854 ψευδα-

2211 1864 2506 1938 πόστολοι,
2541 1864 2763 1942 ἐργάται
2797 1863 3002 1938 δόλιοι,
3037 1890 3065 1919 ››
3092 1863 3222 1938 ἕως,
3253 1892 3282 1919 (ι
3316 1869 3413 1924 Ὧν
3444 1869 3507 1925 τὸ
3534 1866 3692 1931 τέλος
3723 1864 3857 1923 ἔσται

2219 1957 2356 2012 κατὰ
2399 1958 2467 2011 τὰ
2512 1951 2642 2033 ἔργα
2681 1954 2880 2013 αὐτῶν.
2920 1980 2947 2008 υ
3007 1957 3329 2033 Ἐγκράτεια
3382 1958 3565 2015 τοίνυν
3619 1958 3861 2031 σώματος

2221 2044 2512 2120 ὑπεροψία,
2569 2044 2707 2101 κατὰ
2756 2046 2858 2116 τὴν
2908 2046 3045 2117 πρὸς
3088 2047 3218 2102 Θεὸν
3252 2046 3579 2124 ὁμολογίαν
3613 2046 3675 2102 οὐ
3707 2046 3859 2121 μόνον

2216 2136 2316 2211 γὰρ
2377 2134 2502 2207 περὶ
2556 2133 2624 2189 τὰ
2680 2131 2994 2211 ἀφροδίσια,
3051 2133 3199 2191 ἀλλὰ
3243 2135 3334 2191 καὶ
3364 2137 3494 2214 περὶ
3522 2137 3591 2192 τὰ
3619 2134 3778 2209 άλλα,
3831 2134 3861 2191 ἃ

2218 2223 2476 2297 ἐπιθυμεῖ
2521 2225 2557 2293 ἡ
2606 2224 2761 2299 ψυχή
2810 2227 3017 2296 κακῶς,
3048 2223 3148 2280 οὐκ
3176 2224 3493 2300 άρκουμένη
3539 2231 3656 2288 τοῖς
3708 2225 3861 2301 ἄναγ’

2216 2313 2420 2382 καίοις,
2479 2314 2515 2383 ἡ
2547 2311 2830 2389 ὶγκράτεια
2869 2312 3278 2391 ἀναστρέφεται.
3313 2315 3476 2371 ’Ἐστι
3529 2311 3587 2369 δὶ
3615 2315 3700 2369 καὶ
3751 2311 3865 2388 περὶ

2214 2404 2316 2473 τήν
2342 2401 2616 2478 γλῶσσαν,
2646 2401 2737 2457 καὶ
2767 2401 2893 2476 περὶ
2934 2403 3034 2472 τήν
3067 2409 3285 2473 κτῆσιν,
3330 2403 3420 2459 καὶ
3454 2405 3577 2478 περὶ
3608 2404 3706 2473 τὴν
3736 2408 3863 2480 χρῆ·

2217 2514 2324 2566 σιν,
2381 2492 2474 2548 καὶ
2530 2492 2654 2568 περὶ
2696 2493 2796 2561 τήν
2830 2490 3123 2566 ἐπιθυμίαν
3154 2491 3461 2569 ἐγκράτεια.
3521 2492 3594 2549 Οὐ
3639 2489 3864 2547 διδάσκει

2216 2580 2264 2638 δ’
2321 2581 2457 2651 αὐτή
2507 2587 2808 2659 σωφρονεῖν
2846 2576 3037 2655 μόνον,
3068 2583 3103 2653 ἢ
3132 2603 3193 2659 γε
3221 2582 3459 2659 παρέχει
3521 2579 3857 2661 σωφροσύνην

2213 2674 2375 2747 ἡμῖν,
2429 2669 2657 2745 δύναμις
2714 2672 2850 2726 οὖσα
2904 2670 2995 2726 καὶ
3040 2672 3158 2726 θεία
3216 2673 3402 2747 χάρις.
3461 2673 3589 2728 Τίνα
3643 2672 3864 2729 οὖντοῖς

2214 2760 2505 2837 ἡμετέροις
2576 2757 2729 2816 δοκεῖ
2802 2760 2928 2836 περὶ
2996 2763 3095 2815 τοῦ
3171 2761 3564 2838 προκειμένου,
3634 2760 3860 2817 λεκτέον.

2211 2852 2407 2925 Ἡμεῖς
2432 2849 2719 2925 εῦνουχίαν
2779 2849 2893 2923 μὶν,
2949 2848 3040 2904 καὶ
3099 2851 3182 2912 οἷς
3234 2854 3401 2906 τοῦτο
3431 2848 3738 2927 δεδώρηται
3769 2846 3860 2903 ὑπὸ

2214 2945 2370 3010 Θεοῦ,
2424 2939 2820 3016 μακαρίζομεν’
2876 2940 3224 3015 μονογαμίαν
3270 2938 3329 2997 δὶ
3371 2942 3467 2997 καὶ
3497 2943 3598 3012 τὴν
3628 2939 3748 3017 περὶ
3775 2938 3856 2993 τὸν

2211 3027 2303 3086 ἵνα
2352 3034 2532 3105 γάμον
2595 3030 2905 3104 σεμνότητα
2963 3031 3347 3104 θαυμάζομεν·
3408 3031 3752 3105 συμπάσχειν
3805 3023 3857 3082 δὶ

2214 3117 2325 3176 δεῖν
2380 3117 2654 3196 λέγοντες,
2685 3118 2775 3174 καὶ
2804 3115 3072 3189 ἀλλήλων
3102 3122 3218 3192 (46)
3264 3118 3334 3174 τὰ
3383 3119 3531 3195 βάρη
3568 3119 3855 3196 βαστάζειν·

439 3226 476 3267 a
504 3210 622 3264 Deo
676 3208 883 3265 datum
934 3214 1043 3278 est,
1094 3209 1299 3265 beatos
1331 3209 1622 3265 dicimus:
1663 3207 2096 3281 monogamiam

2217 3212 2292 3283 μή
2325 3212 2460 3265 ποτέ
2484 3230 2569 3271 τις
2612 3205 2789 3263 δοκῶν
2840 3205 3026 3271 καλῶς
3081 3207 3317 3277 ἑστάναι,
3366 3208 3463 3264 καὶ
3512 3206 3671 3272 αὖτὸς
3715 3206 3857 3280 πέσῃ.

438 3303 661 3367 autem,
692 3303 751 3354 et
770 3315 903 3370 quas
926 3298 1203 3355 consistit
1230 3299 1295 3355 in
1315 3315 1437 3355 uno
1461 3297 1658 3355 solum
1687 3296 2096 3364 matrimonio,

2217 3276 2345 3373 Περὶ
2405 3295 2463 3353 δὲ
2518 3300 2617 3353 τοῦ
2674 3293 2929 3372 δευτέρου
2972 3297 3182 3373 γάμου,
3236 3320 3265 3350 (ι
3297 3296 3368 3355 Εἴ
3397 3303 3591 3375 πυροῖ,
3623 3294 3780 3376 φησὶν
3817 3276 3858 3347 ’ὁ

435 3389 812 3447 honestatem
844 3389 1249 3458 admiramur;
1278 3390 1547 3447 dicentes
1577 3394 1779 3445 tamen
1823 3394 2099 3462 oportere

2205 3385 2570 3455 Ἀπόστολος,
2599 3383 2873 3462 γάμησον.
2908 3407 2939 3437 ››

434 3478 690 3536 aliorum
722 3479 1016 3549 misereri,
1051 3484 1110 3535 et
1138 3501 1168 3530 «
1201 3479 1457 3537 alterum
1485 3477 1732 3533 alterius
1762 3494 1946 3534 onera
1973 3484 2210 3551 portare
2241 3480 2339 3550 (ὁ),
2372 3498 2399 3528 ››
2426 3493 2502 3534 ne
2533 3498 2561 3527 «
2597 3476 2751 3548 quis,
2782 3492 2919 3531 cum
2951 3497 2979 3525 »
3009 3481 3169 3532 recte
3194 3499 3223 3528 «
3257 3480 3414 3533 stare
3447 3478 3715 3535 videatur
3734 3474 3849 3546 (a),»

430 3568 559 3640 ipse
590 3586 829 3642 quoque
862 3590 890 3619 ‹‹
921 3568 1113 3625 cadat.
1147 3589 1177 3619 ››
1208 3570 1290 3625 De
1322 3566 1600 3625 secundis
1631 3573 1831 3624 autem
1861 3568 2126 3641 nuptiis:
2165 3589 2190 3622 ι
2225 3568 2283 3626 Si
2311 3566 2528 3635 uraris,
2563 3589 2585 3619 ι
2638 3565 2836 3638 inquit
2889 3566 3229 3638 Apostolus,
3288 3589 3318 3619 «
3340 3567 3602 3642 jungere
3657 3562 3852 3623 matri-

429 3657 635 3714 monio
805 3678 834 3708 ii

1978 3756 2212 3813 CAPUT
2248 3756 2319 3810 II.

1007 3857 1358 3928 Carpocratis
1396 3861 1451 3912 et
1478 3856 1794 3927 Epiphanis
1822 3858 2153 3914 sententiam
2176 3857 2245 3913 de
2272 3858 2609 3926 feminarum
2640 3856 3030 3911 communitate
3057 3859 3290 3926 refutat.

501 4002 610 4071 Qui
635 4006 835 4060 autem
855 4018 890 4058 a
909 4002 1262 4074 Carpocrate
1283 3999 1655 4057 descendunt
1672 4005 1731 4056 et
1758 4001 2089 4073 Epiphane,

432 4098 684 4151 censent
708 4097 983 4167 Oportere
1009 4108 1224 4148 uxores
1255 4108 1386 4148 esse
1431 4106 1785 4147 communes
1818 4108 1832 4159 ;
1887 4107 1923 4147 a
1949 4092 2091 4163 qui-

428 4182 540 4241 bus
597 4189 806 4240 contra
862 4198 1083 4239 nomen
1135 4180 1354 4236 Christi
1412 4181 1742 4237 maximum
1795 4180 2095 4237 emanavit

2276 3998 2344 4056 Ol
2374 3995 2432 4053 δὲ
2485 3996 2592 4053 ἀπὸ
2646 3997 3080 4073 Καρποκράτους
3131 3999 3223 4053 καὶ
3280 3998 3618 4074 Ἐπιφάνους
3678 3992 3854 4069 ἀναγό-

2206 4109 2360 4163 μενοι
2394 4088 2580 4151 κοινὰς
2610 4086 2742 4142 εἶναι
2800 4086 2897 4149 τὰς
2943 4090 3203 4162 γυναῖκας
3263 4087 3529 4158 ἀξιοῦσιν·
3589 4088 3641 4159 ἐξ
3697 4086 3766 4141 ῶν
3819 4084 3851 4150 ἡ

2206 4177 2431 4256 μεγίστη
2474 4176 2612 4233 κατὰ
2656 4180 2756 4232 τοῦ
2809 4174 3081 4251 ὀνόματος
3120 4178 3236 4250 (4⁸7)
3290 4174 3459 4254 ἐρρύη
3516 4171 3851 4254 βλασφημία.

496 4329 561 4395 ’κ
588 4331 654 4386 Ρ.
676 4331 777 4384 511
809 4328 922 4383 ED.
956 4328 1249 4395 POTTER,
1281 4327 1388 4383 428
1418 4326 1532 4381 ΕΙ).
1563 4325 1794 4383 PARIS.
1836 4324 1915 4399 (a)
1938 4326 1987 4381 lI
2006 4326 2096 4382 COJ

2217 4326 2414 4394 ,13,l5.
2457 4322 2896 4397 (b)Galat.v1,2.
2940 4322 3051 4393 (c)I
3080 4323 3373 4395 Cor.x,12.
3415 4321 3850 4396 (d)ICor.vn,9.

495 4484 611 4555 (38)
637 4479 783 4555 Ἐπί.
815 4478 933 4549 Εἲς,
967 4481 1259 4555 Epiphan.

638 4551 1096 4633 ᾍΔναγκαῖονξΓδ
1114 4551 1328 4633 ἀνάγκη
1362 4551 1652 4633 Epiphan.
1750 4623 1792 4633 _
1842 4622 1853 4632 .
1901 4621 1916 4633 ε
2030 4621 2039 4631 .

497 4572 585 4626 (ὃν
639 4572 769 4611 ’Δνα
806 4572 985 4606 καιον.
1010 4572 1085 4608 ’1⁷0
1114 4572 1328 4625 αναγκ.,
1362 4572 1652 4633 npipnun.
1842 4622 1853 4632 .
2030 4621 2039 4631 .

497 4572 609 4697 (40)
640 4572 1092 4697 Βασιλειδιανῶν.
1153 4625 1247 4679 Sic
1306 4623 1517 4697 scripsi
1570 4621 2081 4697 cum_Epiphanio

2192 4495 2420 4550 peram,
2453 4478 2581 4550 nisi
2604 4475 2683 4538 εἰς
2713 4482 2816 4533 aut
2845 4478 3061 4534 similis
3091 4477 3388 4550 particula
3411 4478 3688 4535 addatur.

2264 4551 2380 4623 (42)
2408 4554 2481 4605 "H
2512 4548 2753 4611 πάντως.
2786 4547 3111 4622 Epiphan.;
3137 4547 3174 4623 ᾖ
3206 4548 3446 4607 πάντων.

2265 4641 2378 4711 (43)
2413 4638 2854 4711 Σωθησομένων.
2916 4640 2997 4694 De
3028 4637 3469 4695 Valentinianis
3519 4640 3647 4695 haec
3676 4635 3846 4711 refert

423 4692 532 4782 pro
565 4692 1280 4783 νυὶὲ,ῌασιλιδιανῶν.Ηοε
1309 4692 1596 4781 loco—‘haic
1622 4692 2081 4783 addit;Epipha'-

2217 4692 2473 4783 renisus,
2510 4692 2614 4783 ut.
2655 4692 2704 4783 ξι,
2757 4692 2887 4783 cap.
2917 4692 3005 4783 19‘,
3037 4692 3200 4782 piso
3226 4692 3844 4783 {nissugggaivts

425 4762 601 4826 hius:
664 4762 763 4842 Καὶ
821 4770 1348 4842 Καρποκρατιανῶν-
1379 4764 1612 4842 xai_1i‘iiv
1645 4762 2079 4842 ἀπὸὴοῦαλεντί-

423 4862 541 4913 νου,
600 4839 691 4915 καὶ
743 4845 842 4915 τοῦ
898 4835 1230 4915 Ἐπιφάνους
1260 4835 1710 4915 καλουμένουλῷ
1743 4835 1801 4891 δὶ
1830 4838 2080 4915 συνηφθη

424 4906 727 4986 Σεκοῦνδος
781 4914 809 4968 ὁ
849 4906 1325 4986 προτεταγμένος·
1385 4906 1760 4986 ᾆξ’-ἀλλήλων
1819 4908 1925 4984 γὰρ
1955 4906 2083 4986 ςᾇίιαέ

423 5006 573 5052 στος,
629 4980 758 5055 ἤτοι
815 4978 979 5055 οὗτος
1032 4978 1223 5055 ἐκείνῳ
1257 4978 1544 5055 μεταδοῦς,
1577 4978 2080 5055 ἢέκεῖνοςλτοῷτῳ,

421 5059 490 5129 τὰ
541 5049 691 5113 δεινᾶ
744 5049 1267 5129 ἀπεμιτολήσιιντὲςξ
1317 5055 1409 5129 καὶ
1441 5049 1762 5129 ετίςᾴτιπρὸς
1796 5049 2081 5129 ἀλλήλους

424 5125 834 5208 διαφερόμενοι,
854 5122 863 5129 ’
881 5122 1041 5208 ὅμως
1079 5125 1149 5208 ἐν.
1168 5126 1499 5208 μιᾷιαὶρέσει
1529 5122 2079 5208 ἑαυτοὺς-κατέθεντο,

423 5195 564 5258 ὥστε
587 5195 597 5207 ’
616 5195 708 5256 κάι
766 5195 927 5275 ἔχειν’
947 5273 960 5275 _
973 5195 1393 5275 éEooalavft'iov
1403 5195 1631 5275 μάτισαν
1643 5239 1654 5250 .
1701 5219 1744 5275 «_
1758 5197 1834 5275 Εἰ
1846 5197 2084 5275 Carpo-

422 5275 741 5341 cratianos,
776 5267 836 5328 et
862 5267 1181 5341 Valentini,
1221 5267 1668 5343 Epiphanisque
1713 5267 2076 5340 discipulos;

420 5345 495 5419 ad
528 5363 708 5419 quem
741 5341 1288 5419 Secundushprius
1314 5358 1349 5419 a
1377 5341 1548 5419 nobis
1580 5347 2079 5419 commemoratus

418 5412 782 5490 adjungitur.
808 5416 1037 5490 Etenim
1066 5412 1152 5490 illi
1177 5430 1295 5490 ase
1318 5412 1570 5467 invicem
1588 5412 1894 5490 prOpagati
1919 5432 1933 5479 ;
1960 5413 2078 5467 sive

415 5486 527 5545 iste
559 5486 755 5555 alteri,
791 5488 909 5542 sive
942 5487 1094 5542 alter
1138 5486 1259 5552 isti,
1288 5490 1573 5556 tanquam
1604 5486 1793 5556 malas
1825 5500 2075 5552 merces,

415 5559 498 5633 ita
527 5562 873 5633 pestiferam
934 5557 1266 5633 doctrinam
1327 5555 1965 5633 communicaverunt._
1995 5557 2076 5610 Ac

413 5626 555 5687 licet
581 5634 783 5703 aliqua
804 5631 867 5686 in
898 5647 963 5703 re
992 5628 1437 5703 dissidean_t,_in
1483 5626 1691 5681 eadem
1722 5630 1923 5703 tamen
1950 5626 2074 5680 hae-

413 5717 542 5773 sere
574 5697 754 5771 secta,
786 5707 853 5757 ut
878 5702 970 5755 vel
986 5715 1234 5773 peccare
1257 5698 1367 5754 sibi
1388 5703 1632 5770 propter
1650 5697 2074 5770 perfectionem

417 5771 600 5828 licere
632 5775 922 5831 dicerent.
959 5794 988 5821 ››

485 5846 593 5918 (41(
622 5847 737 5901 Τοῦ
767 5843 1054 5919 ἁμαρτεῖν.
1085 5840 1162 5897 Τὸ
1194 5840 1543 5917 ἁμαρτάνειν,
1592 5841 1881 5915 Epiphan.
1938 5857 2072 5913 per-

2193 4780 2381 4859 λουσιν
2429 4782 2480 4859 οἱ
2520 4778 2698 4836 αὖτοὶν
2733 4778 3171 4859 εἶνεξιμάδύνατον
3206 4783 3409 4859 φροράν
3443 4778 3840 4859 καταδέξασθαι,

2189 4852 2285 4908 κ’ἀν
2314 4851 2565 4927 ,ὁποίαις
2595 4850 3104 4927 συγκαταλέγωνται
3150 4850 3427 4927 πράξεσιν.
3470 4879 3498 4906 ι(
3533 4850 3701 4927 Idem,
3727 4851 3843 4923 spi-

2190 4926 2371 5000 ritale,
2397 4925 2743 5000 existimant
2771 4944 2892 4982 non
2913 4925 3087 5000 posse
3117 4925 3519 5000 corruptelam
3544 4926 3843 5000 percipere

2190 4998 2332 5053 licet
2359 4998 2421 5053 in
2453 4997 2971 5070 qualibuscunque
2999 4999 3226 5055 fuerint
3254 4997 3447 5055 factis.
3477 5022 3507 5051 ››

2285 5089 2375 5157 44)
2398 5083 2596 5165 Elisos}.
2631 5087 3138 5165 Melius__v_idetur,
3179 5105 3363 5165 quam
3390 5090 3657 5165 φυσικῶν,
3689 5079 3839 5158 quod

2189 5158 2371 5215 habet
2398 5159 2787 5231 Epiphanius.
2822 5160 2931 5216 Ubi
2956 5177 3114 5227 mox,
3143 5158 3215 5215 τᾶ
3240 5158 3377 5215 αὐτὰ
3403 5158 3513 5234 pro
3539 5162 3730 5214 ταῦτα.

2261 5248 2371 5332 (ῥῆ)
2405 5245 2722 5331 Δογμάτων.
2758 5251 3055 5306 Hactenus
3086 5250 3454 5307 Clementem
3487 5254 3726 5307 secutus
3757 5247 3840 5300 est

2188 5320 2577 5393 Epiphanius.

2242 5396 2730 5493 ,(46)D’A7\7):ilwv..
2756 5403 3298 5493 Irl‘espicitlgal:’lvi,
3330 5397 3751 5493 ΞειζΑλλήλων
3778 5394 3841 5447 τὰ

2191 5469 2331 5619 Βάρη
2369 5472 2679 5546 βαστάζετε.
2714 5478 2730 5527 l
2766 5469 2896 5530 Cor:
2930 5492 2986 5543 Ι,
3023 5477 3125 5529 i2:
3175 5469 3336 5528 Ὥστε
3366 5474 3395 5528 ὁ
3426 5469 3605 5527 δοκῶν
3635 5469 3837 5525 ἑστάναι

2229 5541 2440 5599 λεπέτω
2475 5543 2740 5619 μή-πέσῃ.
2774 5548 2798 5600 Ι
2845 5548 2958 5602 Cor
3009 5563 3101 5615 v11,
3134 5550 3205 5602 9:
3246 5545 3328 5619 ,Εἴ
3346 5545 3459 5619 ὀὐκ
3487 5539 3836 5619 ἐγκρατεύονε

2185 5606 2298 5684 ται,
2344 5606 2781 5692 γαμησάτωσαν
2832 5606 3127 5691 κρεῖσσον”
3187 5617 3291 5692 γάρ
3341 5616 3451 5673 ἐστι
3510 5606 3754 5691 γαμῦσαι
3802 5606 3836 5676 ἢ

2185 5690 2484 5763 ποροῦσθαι
2495 5732 2508 5744 .

2259 5771 2377 5895 (47)
2422 5768 2573 5852 βατά
2623 5773 2723 5852 τοῦ
2778 5766 3054 5841 ἀνόματος
3086 5812 3098 5825 .
3158 5772 3386 5853 Νοωθῐι
3440 5767 3839 5843 Christianum

2259 5840 2335 5895 te]
2365 5848 2487 5895 mit.
2520 5841 2749 5895 Similia
2776 5841 2962 5895 refert
2988 5842 3298 5895 Eusebius.
3359 5843 3432 5895 de
3478 5840 3839 5895 Camocratis

2186 5840 2487 5914 intelligit.
2520 5841 2749 5898 Similia
2776 5841 2962 5899 refert
2988 5842 3298 5915 Eusebius,
3359 5843 3432 5899 de
3478 5840 3840 5914 Carpocratis
