4144 6396
327 399 469 475 ιιογ

1552 394 1967 455 σιωΝΤιε
2001 392 2508 452 ALEXANDle

3605 389 3756 451 1108

329 541 459 580 rem
488 522 580 579 vel
603 522 808 595 populi
830 521 1182 594 principem,
1207 519 1562 591 insipientes
1584 522 1641 573 et
1663 516 1987 590 sapientes,
2016 567 2024 584 ,

2144 517 2455 588 ρονοῦντας,
2514 510 2758 586 θηλείας,
2808 511 3056 589 ἄρσενας,
3112 512 3451 591 ἐλευθέρους,
3493 511 3755 577 δούλους.

329 614 586 670 feminas
623 616 680 668 et
706 610 1025 680 masculos,
1069 608 1312 680 liberos,
1364 625 1583 664 servos.
1632 606 1744 663 Sed
1794 622 1991 677 neque

333 720 504 760 secus
532 701 674 757 facit
704 700 766 756 in
788 700 999 756 brutis.
1027 701 1167 755 Cum
1199 703 1398 755 autem
1421 696 1701 754 omnibus
1720 696 1992 752 animan-

335 790 491 847 tibus
522 806 689 861 azque
720 790 921 861 ipsum
951 805 1333 845 communem
1381 786 1679 855 effuderit,
1730 784 1905 839 bonis
1938 787 1997 837 et

332 880 506 937 malis
530 879 829 953 justitiam
865 896 1032 935 suam
1067 878 1401 948 continuat,
1434 893 1571 932 cum
1600 891 1775 931 nemo
1808 872 2000 946 possit

334 970 469 1043 plus
503 970 742 1039 habere,
777 985 973 1040 neque
1005 969 1240 1024 auferre
1269 984 1305 1023 a
1334 966 1628 1039 proximo,
1662 968 1729 1019 ut
1757 964 1884 1036 ipse
1914 963 1997 1016 il-

335 1059 451 1115 lius
480 1059 677 1115 lucem
708 1059 927 1115 habeat
956 1058 1342 1131 duplicatam.
1388 1056 1486 1111 Sol
1531 1055 1675 1110 facit
1721 1052 1999 1109 omnibus

338 1148 748 1204 animantibus
779 1147 1128 1204 communia
1159 1146 1375 1201 exoriri
1406 1144 1797 1210 nutrimenta,
1830 1157 2000 1197 com-

335 1237 503 1293 muni
540 1236 779 1308 justitia
827 1253 899 1294 ex
929 1253 1100 1307 aequo
1131 1236 1270 1291 data
1316 1233 1633 1290 omnibus:
1685 1237 1745 1287 et
1783 1230 1856 1287 ad
1906 1245 2000 1302 ea,

338 1342 470 1403 quae
530 1330 671 1382 sunt
717 1325 1086 1399 hujusmodi,
1144 1322 1423 1380 similiter
1480 1339 1542 1378 se
1591 1321 1773 1377 habet
1818 1335 2004 1393 genus

338 1416 543 1489 boum,
574 1421 643 1472 ut
668 1415 884 1485 boves;
920 1421 979 1471 et
1008 1431 1207 1485 suum,
1235 1419 1303 1470 ut
1346 1429 1524 1480 sues;
1561 1416 1619 1467 et
1666 1412 1885 1477 ovium,
1940 1414 2006 1464 ut

339 1523 475 1564 oves
499 1527 514 1577 ;
550 1511 610 1562 et
635 1507 875 1578 reliqua
904 1507 1130 1563 omnia.
1162 1504 1404 1561 Iustitia
1433 1503 1593 1558 e'nim
1624 1501 1687 1556 in
1717 1502 1790 1556 iis
1819 1514 2006 1572 appa-

339 1601 433 1653 ret
462 1613 593 1653 esse
625 1597 1049 1652 communitas.
1091 1594 1318 1651 Deinde
1357 1610 1465 1667 per
1515 1590 2006 1647 communitatem

344 1687 546 1743 omnia
577 1686 856 1741 similiter
878 1686 1209 1742 secundum
1233 1701 1340 1741 sua
1370 1698 1591 1756 genera
1611 1681 2006 1748 seminantur,

346 1780 405 1830 et
425 1791 741 1831 commune
758 1775 1194 1831 nutrimentum
1223 1773 1420 1828 editur
1437 1770 1603 1826 humi
1626 1767 2008 1842 pascentibus

2101 601 2258 659 Ἀλλ’
2291 598 2417 658 οὐδὲ
2444 605 2555 658 τῶν
2595 600 2810 677 ἀλόγων
2865 603 3013 677 παρά
3062 607 3223 659 τοῦτο
3276 603 3513 661 ποιεῖταί
3542 623 3616 659 τι·
3649 609 3758 660 πᾶ-

2099 712 2151 745 σι
2184 688 2242 746 δὶ
2271 690 2463 763 ἐπίσης
2494 697 2614 754 τοῖς
2646 691 2808 761 ζώοις
2836 693 3019 748 κοινὸν
3060 692 3221 749 αὐτὸν
3278 691 3473 770 ἐκχέας
3533 691 3756 763 ἄνωθεν,

2100 779 2322 856 ἀγαθοῖς
2349 801 2408 836 τε
2435 780 2526 836 καὶ
2554 781 2811 858 φαύλοις,
2853 780 3201 853 δικαιοσύνην
3233 780 3483 856 έμπεδοῖ,
3521 779 3759 856 μηδενὸς

2104 867 2408 944 δυναμένου
2441 871 2634 927 πλεῖον
2682 868 2856 947 ἔχειν,
2912 868 3053 945 μηδὲ
3101 872 3448 950 ἀφαιρεῖσθαι
3495 872 3587 927 τὸν
3619 870 3763 942 πλη-

2103 980 2242 1029 σιον,
2280 957 2355 1014 ’ίν’
2410 959 2571 1024 αὐτὸς
2621 961 2685 1016 τὸ
2740 959 2990 1017 κάκείνου
3046 965 3162 1036 φῶς
3220 958 3581 1024 διπλασιάσας
3628 957 3760 1038 ἔχῃ.

2102 1048 2300 1111 ’Ἤλιος
2339 1050 2526 1112 κοινὰς
2555 1050 2759 1129 τροφὰς
2793 1051 2956 1120 ζώοις
3004 1050 3195 1106 ἅποσιν
3251 1049 3567 1108 ἀνατέλλειν
3625 1057 3764 1123 (55)’

2105 1135 2457 1210 δικαιοσύνης
2504 1159 2566 1195 τε
2592 1145 2695 1209 τῆς
2725 1146 2916 1211 κοινῆς
2977 1139 3173 1195 ἅπασιν
3232 1139 3428 1211 ἐπίσης
3487 1138 3761 1214 δοθείσης·

2103 1226 2194 1283 καὶ
2228 1228 2304 1292 εἷς
2349 1229 2418 1283 τά
2465 1232 2693 1285 τοιαῦτα
2726 1229 2871 1304 βοῶν
2920 1228 3079 1305 γένος
3136 1228 3347 1303 ὁμοίως
3372 1230 3575 1306 γίνεται
3606 1230 3682 1297 ὡς
3710 1230 3765 1286 αἱ

2111 1316 2254 1393 βόες,
2285 1319 2377 1372 καὶ
2407 1322 2549 1373 συῶν
2583 1318 2659 1381 ὡς
2691 1319 2744 1374 οἱ
2770 1319 2912 1389 σύες,
2943 1321 3035 1374 καὶ
3072 1315 3364 1396 προϐάτων
3412 1320 3488 1383 ὡς
3516 1321 3585 1377 τὰ
3624 1320 3769 1395 πρό-

2108 1402 2267 1475 ϐατα,
2298 1408 2390 1462 καὶ
2418 1408 2488 1462 τὰ
2536 1405 2708 1462 λοιπά
2763 1407 2956 1464 πάντα·
3017 1405 3333 1480 δικαιοσύνη
3363 1410 3465 1485 γὰρ
3496 1407 3550 1465 ἐν
3578 1410 3771 1473 αὐτοῖς

2110 1496 2452 1576 ἀναφαίνεται
2506 1500 2541 1569 ἡ
2592 1499 2846 1571 κοινότης
2884 1542 2898 1557 .
2970 1502 3203 1558 Ἔπειτα
3285 1501 3422 1557 κατά
3504 1499 3771 1571 κοιότητα

2109 1587 2284 1643 πάντα
2314 1589 2527 1661 ὁμοίως
2556 1588 2694 1644 κατά
2730 1588 2887 1666 γένος
2945 1587 3241 1665 σπείρεται*
3272 1592 3451 1666 τροφή
3510 1610 3570 1647 τε
3607 1590 3769 1659 κοινὴ

2111 1676 2291 1753 χαμαὶ
2348 1679 2672 1751 νεμομένοις
2732 1679 2959 1750 ἀνεῖται,
3019 1685 3149 1734 πᾶσι
3205 1684 3328 1743 τοῖς
3384 1681 3631 1751 κτήνεσι,
3677 1681 3772 1735 καὶ

2112 1773 2272 1822 πᾶσιν
2306 1767 2520 1837 ἐπίσης,
2551 1765 2727 1824 οὐδενὶ
2778 1766 2935 1842 νόμῳ
2989 1767 3360 1844 κρατουμένη,
3409 1773 3478 1844 τῇ
3537 1766 3596 1824 δὲ
3626 1770 3774 1849 παρά

340 1865 634 1938 jumentis
665 1864 969 1932 omnibus,
1005 1868 1064 1918 et
1103 1862 1380 1918 omnibus
1412 1878 1483 1916 ex
1512 1876 1682 1931 mquo
1708 1877 1723 1926 ;
1755 1864 1820 1914 ut
1851 1855 2009 1929 quod

2137 1862 2210 1913 :06
2242 1855 2489 1920 διδόντος
2520 1854 2877 1921 κελεύσαντος
2936 1858 3183 1934 χορηγίᾳ
3238 1857 3547 1937 συμφώνως
3605 1859 3771 1915 ἅπασι

347 1955 517 2011 nulla
543 1954 672 2027 lege
705 1954 1223 2025 circumscriptum
1248 1952 1346 2023 sit,
1375 1950 1479 2006 sed
1504 1951 1653 2022 ejus,
1681 1948 1781 2020 qui
1803 1947 2006 2014 donat,

340 2044 613 2118 jubentis
636 2043 1140 2116 suppeditatione,
1169 2041 1595 2099 convenienter
1608 2040 1890 2112 justeque
1907 2035 2011 2091 ad-

352 2136 433 2191 sit
465 2134 765 2190 omnibus.
801 2132 916 2187 Sed
944 2149 1140 2204 neque
1171 2130 1541 2205 generationi
1573 2130 1767 2201 posita
1787 2132 1877 2182 est
1894 2126 2011 2192 lex,

352 2227 514 2280 esset
544 2223 706 2279 enim
731 2220 967 2295 jamdiu
994 2220 1257 2276 abolita:
1292 2235 1363 2275 ex
1389 2234 1558 2290 aequo
1602 2221 1803 2273 autem
1836 2214 2013 2271 semi-

358 2316 508 2369 nant
528 2314 589 2367 et
615 2315 927 2385 generant,
947 2310 1230 2365 habentia
1252 2310 1524 2364 innatam
1550 2324 1585 2363 a
1599 2306 1837 2379 justitia
1856 2320 2015 2359 com-

356 2401 708 2459 munionem
737 2415 750 2455 :
776 2416 847 2455 ex
862 2415 1033 2470 aequo
1052 2398 1455 2455 communiter
1477 2395 1758 2453 omnibus
1776 2392 2016 2450 oculum

358 2492 433 2549 ad
461 2490 797 2559 vivendum,
844 2494 1076 2545 creator
1125 2493 1184 2545 et
1230 2493 1400 2561 pater
1442 2486 1734 2554 omnium,
1786 2500 1895 2540 sua
1917 2483 2019 2556 ju-

360 2582 523 2639 stitia
550 2582 743 2655 legem
786 2580 1009 2647 ferens,
1058 2580 1333 2653 praebuit,
1382 2595 1503 2634 non
1549 2577 1901 2632 discernens
1931 2573 2019 2629 fe-

359 2673 590 2730 minam
603 2670 1067 2741 amasculo,non
1082 2670 1142 2725 id
1155 2669 1316 2742 quod
1330 2673 1422 2724 est
1435 2667 1687 2724 rationis
1700 2666 2017 2737 particeps,

366 2762 438 2819 ab
454 2766 693 2834 experte
706 2761 978 2826 rationis,
996 2765 1148 2829 et,ut
1166 2759 1352 2815 semel
1370 2756 1827 2827 dicam,nullum
1842 2753 2026 2810 anul-

366 2853 465 2921 lo.;
502 2850 607 2909 sed
639 2849 978 2922 aequalitate
1011 2854 1069 2906 et
1086 2850 1513 2906 communitate
1532 2847 1727 2903 visum
1749 2845 2027 2901 similiter

367 2940 661 3010 dividens,
681 2957 800 2996 uno
816 2939 992 3012 jussu
1012 2939 1290 2995 omnibus
1312 2944 1404 2995 est
1426 2937 1696 3012 largitus.
1721 2937 1900 3009 Leges
1921 2950 2026 2991 au-

366 3036 509 3102 tem,
530 3031 747 3102 inquit,
772 3029 1109 3097 hominum,
1133 3046 1270 3086 cum
1285 3028 1723 3102 ignorationem
1739 3026 2028 3097 castigare

368 3138 490 3178 non
519 3126 785 3194 possent,
820 3124 1030 3176 contra
1054 3118 1116 3183 ἰι
1146 3119 1307 3192 leges
1331 3119 1526 3175 facere
1550 3117 1883 3173 docuerunt
1907 3132 1918 3170 :
1944 3115 2030 3170 le-

367 3229 507 3286 gum
526 3212 686 3268 enim
704 3210 1038 3285 proprietas
1060 3210 1350 3266 dissecuit
1370 3208 1743 3281 divinmlegis
1756 3221 2025 3263 commu-

364 3302 612 3359 nionem
633 3305 690 3357 et
708 3300 935 3357 arrodit
957 3318 971 3369 ;
1000 3317 1123 3356 non
1147 3299 1493 3372 intelligens
1518 3297 1744 3353 dictum
1759 3293 2027 3369 Apostoli

370 3390 624 3447 dicentis
650 3407 708 3445 :«
725 3391 839 3446 Per
853 3389 1047 3462 legem
1064 3393 1375 3461 peccatum
1392 3387 1660 3461 cognovi.
1687 3407 1711 3438 ι
1738 3387 1808 3440 Et
1827 3400 2030 3440 meum

371 3484 431 3536 et
449 3485 618 3535 tuum
632 3479 779 3535 dicit
798 3478 1053 3535 subiisse
1071 3495 1177 3549 per
1195 3478 1375 3549 leges,
1395 3483 1462 3532 ut
1479 3493 1610 3548 quas
1630 3492 1753 3532 non
1775 3473 2034 3546 amplius

372 3570 774 3626 communiter
825 3568 1107 3624 fruantur
1161 3568 1327 3640 (sunt
1414 3567 1573 3622 enim
1644 3564 2034 3636 communia),

376 3675 574 3730 neque
628 3662 808 3728 terra,
866 3673 1061 3728 neque
1115 3654 1615 3729 possessionibus,
1678 3654 1783 3711 sed
1840 3670 2035 3725 neque

375 3744 781 3803 matrimonio.
803 3744 966 3799 Fecit
979 3744 1141 3799 enim
1156 3743 1304 3799 vites
1320 3743 1717 3799 communiter
1732 3741 2036 3808 omnibus,

377 3851 511 3909 qua;
542 3851 740 3905 neque
769 3848 1098 3907 passerem,
1125 3848 1322 3904 neque
1352 3832 1546 3889 furem
1596 3832 1932 3905 abnegant;
1981 3837 2039 3887 et

376 3924 744 3980 frumentum
781 3922 1079 3991 similiter,
1114 3927 1173 3978 et
1203 3922 1353 3978 alios
1381 3923 1627 3978 fructus.
1667 3922 1901 3978 Violata
1930 3937 2037 3978 au-

370 4019 495 4071 tem
514 4015 859 4072 communio
879 4019 937 4069 et
952 4014 1283 4086 aequalitas,
1307 4014 1512 4087 genuit
1535 4013 1727 4069 furem
1750 4030 2038 4086 pecorum

374 4108 433 4159 et
459 4102 783 4161 fructuum.
817 4103 962 4158 Cum
1011 4118 1149 4174 ergo
1201 4103 1789 4173 Deusjcommuniter
1837 4102 2041 4159 omnia

370 4192 613 4250 fecisset
640 4192 893 4263 homini,
919 4197 977 4247 et
1000 4192 1287 4248 feminam
1309 4208 1445 4248 cum
1468 4193 1737 4249 masculo
1769 4208 2037 4249 commu-

374 4287 535 4343 niter
564 4283 999 4356 conjunxisset,
1029 4286 1089 4339 et
1127 4282 1331 4339 omnia
1383 4282 1663 4339 similiter
1710 4282 2041 4340 animantia

375 4373 871 4449 conglutinasset,
897 4372 1308 4446 pronuntiavit
1324 4370 1646 4445 justitiam,
1666 4372 2041 4430 communio-

442 4532 509 4598 »Β
535 4526 599 4583 Ρ.
630 4525 735 4579 514
771 4523 884 4582 ED.
918 4522 1214 4593 POTTER,
1245 4524 1510 4593 429-430,
1555 4524 1668 4580 ΕΙ).
1700 4524 1930 4582 PARIS.

2117 1945 2435 2018 δικαιοσύνη
2467 1951 2717 2025 παροῦσα
2747 1950 2877 2020 (56).
2911 1945 3066 2005 Ἀλλ’
3097 1948 3226 2003 οὐδὲ
3252 1950 3321 2003 τὰ
3361 1956 3462 2019 τῆς
3519 1946 3775 2025 γενέσεως

2116 2038 2287 2101 νόμον
2347 2033 2464 2112 ἔχει
2520 2055 2926 2114 γεγραμμενον·
2987 2037 3297 2116 μετεγράφη
3327 2038 3427 2113 γάρ
3473 2036 3556 2094 ἃν·
3617 2039 3777 2095 σπεί-

2120 2148 2275 2203 ρουσι
2333 2123 2391 2181 δὲ
2441 2124 2530 2180 καὶ
2570 2129 2827 2202 γεννῶσιν
2855 2125 3070 2199 ἐπίσης,
3102 2127 3387 2185 κοινωνίαν
3424 2128 3527 2184 ὑπὸ
3559 2124 3777 2184 δικαιο-

2123 2215 2285 2286 σύνης
2337 2213 2576 2293 ἔμφυτον
2660 2212 2916 2291 ἔχοντες⁹
2973 2219 3132 2291 κοινῇ
3192 2222 3354 2272 πᾶσιν
3412 2215 3605 2289 ἐπίσης

2124 2302 2408 2382 ὀφθαλμὸν
2465 2303 2541 2365 εἷς
2597 2303 2661 2358 τὸ
2723 2303 2942 2379 βλέπειν
3004 2306 3032 2360 ὁ
3086 2307 3330 2377 ποιητής
3394 2326 3454 2362 τε
3528 2304 3620 2362 καὶ
3672 2327 3779 2361 πα-

2121 2394 2226 2466 τὴρ
2284 2394 2499 2449 πάντων
2556 2391 2874 2469 δικαιοσύνῃ
2952 2395 3324 2469 νομοθετήσας
3375 2398 3446 2470 τῇ
3502 2396 3628 2470 παρ’
3684 2395 3781 2451 αὐ-

2122 2488 2220 2539 τοῦ
2276 2481 2593 2558 παρέσχεν,
2656 2482 2719 2538 ού
2777 2480 3058 2560 διακρίνας
3116 2482 3342 2556 θήλειαν
3401 2481 3662 2562 ἅῤῥενος,
3720 2484 3783 2541 οὗ

2128 2573 2355 2649 λογικὸν
2389 2572 2616 2649 ἀλόγου,
2646 2572 2735 2629 καὶ
2766 2572 3009 2645 καθάπαξ
3061 2572 3275 2638 οὐδενὸς
3331 2573 3512 2633 οὐδέν·
3570 2574 3783 2647 ἰσότητι

2130 2662 2188 2722 δὲ
2238 2664 2330 2721 καὶ
2387 2664 2669 2737 κοινότητι
2751 2666 2975 2742 μερίσας
3027 2668 3091 2722 τὸ
3153 2666 3377 2742 βλέπειν
3435 2666 3649 2742 ὁμοίως
3703 2666 3784 2722 Evt

2128 2753 2425 2829 κελεύματι
2456 2756 2587 2811 πᾶσι
2618 2754 2958 2832 κεχάρισται.
2993 2757 3061 2814 Οἳ
3116 2757 3282 2830 νόμοι
3332 2753 3409 2829 δὲ,
3468 2755 3656 2834 φησὶν,
3689 2756 3787 2813 ἀν-

2133 2846 2369 2922 θρώπων
2429 2844 2661 2918 ἀμαθίαν
2737 2845 2990 2915 κολάζειν
3074 2846 3153 2920 μὴ
3234 2843 3527 2921 δυνάμενοι
3610 2866 3786 2922 παρα·

2132 2939 2321 3008 νομεῖν
2368 2931 2637 3005 ἐδίδαξαν·
2666 2937 2703 3005 ἡ
2732 2936 2838 3011 γὰρ
2870 2932 3085 3007 ἰδιότης
3120 2940 3230 2991 τῶν
3280 2935 3491 3009 νόμων,
3521 2938 3622 3006 τὴν
3668 2957 3791 2992 κοι-

2134 3022 2329 3079 νωνίαν
2361 3026 2459 3079 τοῦ
2487 3022 2639 3079 θείου
2693 3023 2871 3098 νόμου
2927 3025 3219 3098 κατέτεμεν
3274 3024 3367 3080 καὶ
3416 3028 3790 3103 παρατρώγει·

2142 3119 2217 3187 μῆ
2251 3112 2452 3177 συνιεὶς
2491 3114 2554 3169 τὸ
2589 3116 2688 3169 τοῦ
2718 3113 3063 3171 Ἀποστόλου
3122 3113 3307 3191 ρητον,
3342 3114 3604 3191 λέγοντος
3638 3140 3666 3170 ‹‹
3698 3113 3799 3171 Διά

2138 3201 2337 3277 Νόμου
2365 3204 2467 3272 τὴν
2527 3202 2792 3281 ἁμαρτίαν
2847 3197 3014 3278 ἔγνων
3047 3207 3180 3276 (58)·
3217 3228 3246 3256 ››
3303 3204 3366 3260 τό
3422 3206 3471 3260 τ’
3518 3205 3649 3279 ἐμὸν
3704 3203 3796 3260 καὶ

2137 3294 2200 3349 τὸ
2231 3293 2320 3348 σὸν
2350 3292 2484 3368 φησὶ
2511 3290 2599 3348 διὰ
2627 3297 2736 3350 τῶν
2765 3292 2950 3367 νόμων
2982 3293 3377 3369 παρεισελθεῖν
3433 3300 3631 3368 μηκέτι
3684 3296 3801 3369 (59)

2140 3382 2219 3445 εἷς
2247 3383 2543 3455 κοινότητα
2594 3385 2794 3457 (κοινά
2846 3404 2906 3440 τε
2954 3388 3124 3460 γαρσ)
3179 3385 3593 3459 καρπουμένων,
3657 3387 3798 3459 μήτε

2140 3478 2269 3547 γῆν,
2325 3475 2466 3547 μήτε
2513 3473 2789 3547 κτήματα,
2843 3471 2989 3529 ἀλλά
3043 3470 3185 3548 μηδὶ
3229 3472 3428 3550 γάμον*
3479 3478 3641 3550 κοινῇ
3688 3475 3795 3550 γὰρ

2143 3561 2337 3617 ἅπασιν
2372 3559 2594 3632 ἐποίησε
2622 3564 2718 3625 τὰς
2749 3560 3061 3636 ἀμπέλους.
3118 3561 3175 3618 ατί
3233 3565 3312 3636 μή
3346 3562 3571 3639 πρυθὸν
3607 3607 3623 3634 ,
3659 3564 3803 3638 μήτε

2142 3649 2387 3720 κλέπτην
2419 3650 2804 3726 ἀπαρνοῦνται·
2837 3652 2928 3708 καὶ
2973 3653 3066 3708 τὸν
3120 3658 3267 3710 σῖτον
3322 3653 3520 3722 οὕτως,
3550 3654 3642 3709 καὶ
3668 3652 3802 3716 τοὺς

2144 3738 2350 3803 ἄλλους
2378 3739 2642 3816 καρπούς.
2677 3742 2742 3797 Ἡ
2773 3738 2832 3796 δὲ
2877 3742 3138 3797 κοινωνία
3184 3748 3638 3818 παρανομηθεῖσα
3685 3744 3805 3819 (60)

2143 3832 2234 3886 καὶ
2262 3832 2330 3886 τὰ
2356 3837 2455 3902 τῆς
2482 3829 2735 3901 ἰσότητος
2775 3829 3025 3907 ἐγέννησε
3058 3832 3386 3910 θρεμμάτων
3436 3832 3527 3889 καί
3576 3837 3802 3908 καρπῶν

2144 3917 2389 3991 κλέπτην
2427 3963 2441 3977 .
2501 3923 2671 3995 Κοινῇ
2720 3921 2903 3976 τοίνυν
2965 3922 2993 3977 ὁ
3051 3921 3182 3986 Θεὸς
3255 3924 3462 3980 ἅπαντα
3530 3923 3806 4000 ἀνθρώπῳ

2145 4010 2404 4082 ποιήσας,
2437 4009 2529 4066 καὶ
2559 4010 2622 4066 τὸ
2641 4009 2784 4081 θῆλυ
2811 4015 2891 4084 τῷ
2921 4010 3103 4089 ἄῤῥένι
3134 4016 3295 4087 κοινῇ
3343 4014 3679 4090 συναγαγὼν,
3709 4013 3806 4069 καὶ

2145 4101 2305 4165 πανθ⁹
2337 4099 2547 4175 ὁμοίως
2575 4100 2642 4156 τὰ
2668 4105 2781 4170 ζῶα
2807 4100 3072 4172 κολήσας,
3130 4104 3230 4172 τὴν
3287 4100 3637 4175 δικαιοσύνην
3689 4102 3808 4158 ἀνέ-

2149 4211 2339 4270 φηνεν,
2361 4190 2649 4246 κοινωνίαν
2686 4191 2802 4266 μετ’
2834 4190 3107 4264 ἰσότητος.
3141 4192 3208 4251 Οἱ
3238 4188 3296 4248 δὲ
3325 4189 3611 4269 γεγονότες
3637 4190 3810 4264 οὕτω,

2145 4281 2245 4351 τὴν
2281 4278 2611 4356 συνάγουσαν
2644 4278 2953 4352 κοινωνίαν,
2982 4281 3082 4352 τὴν
3130 4281 3336 4357 γένεσιν
3387 4280 3565 4338 αὐτῶν
3624 4282 3812 4356 ἀπηρ-

2148 4371 2415 4442 νήθησαν*
2447 4370 2539 4426 καὶ
2589 4371 2780 4449 φησὶν,
2837 4369 2885 4427 Et
2946 4372 3075 4445 μίαν
3122 4371 3397 4447 ἀγόμενος
3448 4374 3560 4448 (61)
3607 4372 3810 4448 ἐχέτω,

377 4680 521 4752 535;
554 4676 1193 4752 Τὶιβοάοιοθιιιερεραπ,
1221 4676 1319 4752 β’;
1358 4676 1629 4752 ῌεινιιιὶαε
1679 4678 2023 4752 iniIn'ision

2164 4672 2527 4734 editio‘nibus
2557 4684 2693 4751 post
2722 4679 2830 4737 has
2850 4695 3022 4737 voces
3054 4681 3334 4752 occurrit,
3362 4664 3572 4740 tollere
3619 4684 3816 4742 visum

418 4749 691 4820 hilosoph.
728 4750 946 4820 gentil.,
976 4748 1336 4806 Plutarchus
1365 4750 1443 4805 De
1468 4748 1698 4821 placitis
1705 4751 2049 4821 philosoph.,

592 4825 960 4947 ξξῗάτέλλειν.
996 4893 1236 4965 Rectius
1258 4888 1576 4965 ἀναλέλλει,
1610 4894 1791 4965 indic.
1826 4893 2039 4950 modo:

383 4963 707 5038 eaphrasi,
738 4964 1112 5038 quagpsalmo
1162 4980 1260 5019 cm
1286 4980 1326 5038 ι,
1351 4963 1806 5038 Ὃᾲέξανατὲλλων
1841 4965 2045 5038 χόρτον

376 5036 502 5099 τοῖς
536 5036 792 5107 κτήνεσίί.
855 5037 1131 5092 SYLBURG.
1190 5065 1260 5076 —-
1317 5036 1535 5092 Eadem
1595 5038 1771 5094 lectio
1829 5036 2043 5094 G'rabio

380 5110 562 5198 etiam
592 5109 819 5198 placuit
846 5107 1138 5235 Sgicileg?
1170 5111 1314 5163 sect.
1351 5110 1441 5193 11,
1476 5126 1532 5180 p.
1569 5114 1656 5165 61.

451 5184 568 5235 (06)
645 5184 826 5235 Απασι
924 5197 1206 5235 ικιαοσυνη
1267 5198 1549 5235 παρουσα.
1608 5183 1656 5235 Ε

451 5184 568 5251 (2)6)
593 5176 826 5236 ’Ἅπασι
879 5176 1206 5246 δικιαοσύνη
1240 5176 1549 5253 Δπαροῦσα.
1608 5183 1779 5253 Forte
1824 5182 2045 5236 rectius

384 5245 558 5307 ἅπασί
578 5257 847 5325 παροῦσα,
891 5245 1203 5322 expuncto,
1238 5245 1586 5325 δικαιοσύνη,
1617 5257 1685 5307 ut
1732 5251 1844 5306 hoc
1897 5270 2048 5323 quo-

382 5341 497 5397 que
523 5326 865 5380 membrum
892 5325 1203 5397 referatur,
1223 5328 1280 5397 et
1312 5324 1685 5396 superiorem
1716 5325 2044 5380 nominati-

380 5396 518 5454 vum
545 5397 748 5473 τροφή.
783 5396 1056 5453 SYLBURG.
1090 5425 1159 5473 :—
1196 5396 1856 5473 Verum‘nonopusest
1884 5402 1950 5451 ut
1978 5412 2048 5452 ea

382 5486 492 5560 vox
545 5465 939 5560 expungatur,
970 5465 1149 5521 modo
1203 5467 1503 5560 sgrinatur
1559 5467 1621 5521 in
1652 5466 1875 5560 βᾶρινοᾷ
1904 5483 2046 5560 casu

384 5537 730 5614 δικαιοσύνῃ,
752 5537 1117 5614 'hoc__sen_su
1153 5553 1167 5593 :
1231 5537 1343 5593 Sed
1377 5538 1529 5614 ejus,
1563 5538 1666 5609 qui
1722 5537 1781 5592 id
1843 5538 2045 5614 donat,

373 5612 649 5693 jubentis
679 5609 1176 5693 'supp‘edita‘tione
1229 5610 1658 5693 convenienter
1705 5610 1983 5693 omnibus
2012 5630 2041 5662 ιι

377 5677 615 5817 joustditia
649 5706 669 5731 ι
707 5677 880 5739 adsit.
917 5704 946 5733 »
992 5680 1085 5736 Sic
1122 5679 1301 5751 paulo
1345 5685 1485 5752 post
1530 5677 1846 5754 δικαιοσύνῃ
1877 5700 2048 5753 νομο-

423 5769 476 5805 ετ
524 5771 646 5812 σας.

423 5769 617 5812 ετησας
633 5795 646 5807 .

459 5822 575 5894 (57)
614 5817 842 5891 Ἐπίσης
874 5819 1113 5879 Periodi
1167 5825 1397 5893 notam,
1456 5839 1589 5895 qua
1637 5823 1701 5881 in
1747 5823 2051 5896 prioribus

2163 4754 2272 4806 est.

2228 4822 2810 4899 (58)_Mﬁ_apvtslc...
2865 4818 3050 4899 ἔγνων.
3103 4828 3238 4883 Hinc
3279 4828 3601 4885 Clementis
3641 4829 3821 4888 verba

2156 4900 2317 4976 sunt.
2347 4895 2609 4976 Respicit
2638 4903 2838 4976 autem
2870 4895 3042 4976 Rom;
3071 4916 3154 4964 ιιι,
3186 4903 3254 4955 20
3281 4919 3294 4955 :
3346 4899 3446 4976 Διᾷ
3487 4901 3590 4976 γαρ
3639 4902 3819 4976 νόμου

2155 4963 2485 5048 ἐπίγνωσις
2504 4965 2792 5048 ἁμαρτίαιςζ
2838 4970 2961 5048 _ve_l.
3001 4963 3175 5048 .Rom.
3237 4989 3332 5041 vn,
3390 4974 3465 5028 7:
3497 4963 3604 5043 ’Ϊῆν
3637 4963 3822 5048 ἀμαρ-

2154 5031 2277 5113 1:th
2298 5031 2688 5113 οὐκέγνωνεῖ
2725 5039 2801 5110 μὴ
2835 5038 2925 5095 διά
2952 5039 3149 5113 νόμου.

2229 5110 2342 5188 (59)
2373 5109 2607 5180 Μηκέτι.
2642 5109 2878 5188 Priores
2908 5109 3199 5188 editiones
3227 5132 3542 5188 perperam
3572 5118 3698 5175 haec
3726 5118 3819 5188 dgi-

2158 5181 2465 5262 stingunt_:
2553 5185 2750 5262 μηκέτι
2779 5182 2906 5262 -εἷς
2961 5181 3256 5262 κοινότητᾶ
3288 5205 3301 5217 ·
3336 5181 3525 5262 ’,καινά
3596 5209 3653 5245 τε
3710 5187 3817 5262 γὰρ

2158 5210 2464 5253 διιιιιςυιιις
2553 5210 2750 5257 μηκετι
2829 5210 2905 5245 εις
2961 5210 3301 5256 κοινοῖ-ητα·
3363 5210 3525 5243 καινα
3596 5210 3653 5245 τε
3749 5210 3817 5262 αρ

2155 5255 2574 5341 καρπουμένων,
2613 5256 2746 5328 μήτ.
2779 5258 2881 5313 Est
2926 5259 3086 5313 enim
3136 5260 3616 5331 parentheticum
3664 5210 3819 5319 iliud

2156 5344 2222 5379 κο
2232 5345 2310 5399 ινα
2336 5345 2394 5379 τε
2420 5346 2545 5399 γαρ.

2228 5346 2856 5477 ξὲἷ)τῖ1ἔέἀνομηθεῖσα.
2900 5402 3017 5456 Hoc
3047 5407 3155 5477 est,
3194 5426 3221 5453 ‹‹
3253 5403 3482 5477 legibus
3532 5422 3751 5462 eversa.
3789 5428 3818 5457 ι)

2158 5470 2298 5525 Vult
2345 5470 2505 5554 enim
2558 5470 2779 5554 «leges
2809 5494 2870 5554 ››Δ
2899 5474 3234 5529 naturalem
3291 5470 3522 5554 r'erum_
3548 5477 3817 5554 omnium

2159 5546 2645 5619 communionem
2687 5546 2912 5619 injuste
2944 5562 3279 5619 magnoque
3307 5548 3456 5604 adeo
3507 5550 3818 5605 hominum

2157 5612 2377 5670 damno
2409 5612 2766 5693 sustulisse:
2781 5617 2873 5672 Sic
2911 5612 3090 5689 paulb
3136 5612 3449 5691 superius:
3483 5620 3551 5677 Οἱ
3579 5620 3814 5693 νόμοι...

2157 5693 2492 5758 παρανομεῖν
2525 5683 2788 5757 ἐδίδαξαν.

2229 5756 2345 5837 (61)
2376 5756 2439 5812 Εἰ
2475 5759 2599 5831 μίαν
2651 5756 2771 5837 ὦτί-
2798 5759 3003 5837 melius
3059 5760 3337 5837 fortasse,
3366 5762 3393 5837 ό
3428 5760 3555 5836 μίαν
3610 5762 3817 5837 ἀγόμε-

2229 5785 2345 5825 ψι)
2376 5785 2439 5812 ιι
2475 5785 2599 5831 μιαν
2651 5785 2737 5832 ay.
2798 5785 3003 5816 melius
3059 5785 3333 5831 iortasse,
3366 5785 3393 5817 ο
3428 5785 3555 5836 μιαν
3610 5785 3643 5818 α
3681 5785 3817 5837 υμε-

2160 5843 2275 5890 νος.
2311 5830 2589 5891 SrLauaG.
2622 5863 2689 5874 —
2727 5832 2832 5888 Vel
2881 5832 3009 5888 haec
3058 5833 3143 5889 sic
3201 5835 3381 5891 scribi
3431 5841 3491 5891 et
3534 5785 3821 5910 expiicari
