4144 6406
389 415 530 474 1109

1711 417 2172 486 ,ΒΤΒΟΜΑΤΠΜ
2206 419 2342 476 LIB.
2385 419 2484 474 III.

3685 421 3827 487 M10

387 539 702 614 δυναμένων
759 543 1048 596 κοινωνεῖν
1111 541 1365 595 ἁπάντων
1401 564 1434 609 ,ν
1472 536 1654 614 ὥσπερ
1710 539 1956 614 ἀπέφηνε
1983 537 2046 595 τὰ

2163 559 2302 600 nem
2347 560 2483 599 cum
2532 544 2893 616 aequalitate.
2945 545 3054 611 Qui
3101 549 3301 609 autem
3351 545 3438 602 sic
3478 544 3616 602 'na‘ti
3660 550 3821 610 sunt.

389 629 563 689 λοιπά
589 633 699 684 τῶν
724 629 902 699 ζώων.
938 653 966 681 »
997 634 1178 685 Ταῦτα
1235 627 1406 686 εἰπὼν
1464 630 1602 684 κατὰ
1659 627 1802 698 λέξιν
1838 672 1852 697 ,
1884 627 2051 685 πάλιν

385 720 598 794 ὁμοίων
655 719 846 782 αὐταῖς
909 723 1030 780 ταῖς
1087 717 1292 792 λέξεσιν
1354 717 1637 793 ἐπιφέρει·
1708 741 1734 769 ‹‹
1775 719 1881 787 Τὴν
1950 718 2052 794 γὰρ

385 808 677 884 ιπιθυμίαν
738 805 958 865 είῖτονον
1018 809 1110 864 καὶ
1165 806 1531 885 σφοδροτέραν
1596 807 1880 878 ἐνεποίησε
1936 812 2054 869 τοῖς

384 897 600 978 ἅῤῥεσιν
635 899 714 964 είς
741 901 841 970 τὴν
881 903 990 954 τῶν
1037 903 1206 975 γενῶν
1253 900 1602 974 παραμονήν·
1654 898 1720 967 ἢν
1774 894 1898 952 οὔτε
1957 898 2052 952 νό-

388 1012 514 1065 μος,
546 987 672 1046 οὔτε
703 989 851 1060 ἔθος,
887 987 1010 1044 οὔτε
1037 987 1179 1047 ἄλλο
1209 1011 1260 1044 τι
1290 993 1396 1045 τῶν
1429 985 1600 1043 ὄντῶν
1642 988 1897 1066 ἀφανῑσαι
1947 984 2052 1041 δύ-

386 1099 565 1137 ναται·
607 1084 741 1136 Θεοῦ
771 1082 873 1157 γάρ
929 1078 1040 1135 ἐστι
1101 1077 1355 1155 δόγμα.»
1417 1080 1513 1134 Καὶ
1576 1083 1694 1141 πῶς
1754 1076 1832 1134 ἔτι
1892 1075 2053 1142 οὗτος

389 1171 441 1226 ἐν
471 1176 551 1244 τῷ
580 1173 698 1234 καθ’
731 1173 879 1244 ἡμᾶς
932 1168 1238 1241 ἐξετασθείη
1297 1168 1470 1243 λόγῳ,
1504 1167 1754 1244 ἄντικρυς
1811 1167 1900 1221 καὶ
1953 1167 2045 1222 τὸν

382 1262 556 1334 νόμον
587 1261 676 1316 καὶ
727 1261 791 1316 τὸ
843 1258 1178 1335 Εὐαγγέλιον
1231 1256 1323 1314 διὰ
1367 1257 1578 1314 τούτων
1626 1261 1933 1334 καθαιρῶν;
1987 1258 2046 1315 Ὀ

388 1353 484 1426 μὶν
515 1348 617 1426 γάρ
648 1369 835 1428 φησιν·
889 1371 917 1402 ιι
948 1347 1024 1406 Οὐ
1082 1347 1418 1424 μοιχεύσεις·
1469 1349 1532 1403 τὸ
1585 1345 1664 1419 δὲ,
1713 1353 1827 1411 Πᾶς
1874 1350 1986 1420 (62)
2019 1347 2046 1401 6

382 1435 744 1514 προιϐλέπων
772 1440 887 1494 κατ’
926 1437 1244 1512 ἐπιθυμίαν,
1276 1435 1386 1509 ἤδη
1422 1435 1768 1512 ἐμοίχευσεν,
1791 1459 1820 1489 ››
1872 1435 2043 1510 λέγει·

380 1530 442 1584 τὸ
474 1528 578 1605 γὰρ
616 1551 640 1582 ιι
675 1528 790 1585 Οὐκ
835 1526 1215 1602 ἐπιθυμήσεις,
1248 1549 1275 1582 ι
1328 1527 1467 1602 πρὸς
1521 1531 1617 1581 τοῦ
1673 1525 1847 1599 νόμου
1879 1524 2044 1600 λεγό-

387 1639 570 1692 μενον,
598 1617 691 1673 τὸν
722 1614 819 1673 ἕνα
857 1614 1095 1672 δείκνυσι
1149 1617 1303 1686 Θεὸν,
1338 1614 1428 1671 διὰ
1455 1616 1628 1691 νόμου
1685 1616 1775 1671 καὶ
1826 1636 2045 1693 προφη-

379 1713 488 1765 τῶν
521 1709 614 1763 καὶ
644 1705 988 1783 Εὗαγγελίου
1021 1707 1454 1782 κηρυσσόμενον·
1490 1705 1643 1782 λέγει
1689 1707 1817 1781 γὰρ,
1871 1728 1898 1758 ιι
1931 1704 2046 1762 Οὐκ

384 1795 746 1870 ἐπιθυμήσεις
777 1803 876 1866 τῆς
935 1800 1035 1851 τοῦ
1089 1793 1345 1867 πλησίον·
1384 1822 1404 1850 ι
1447 1796 1475 1850 6
1507 1794 1744 1866 πλησίον
1781 1792 1837 1849 δὲ
1877 1793 1984 1870 οὐχ
2016 1793 2042 1847 6

381 1886 647 1950 Ἰουδαῖος
707 1891 786 1958 τῷ
845 1884 1115 1959 Ἰουδαίῳ·
1174 1884 1412 1965 ἀδελφὸς
1466 1887 1569 1962 γὰρ
1628 1885 1718 1940 καὶ
1773 1884 2041 1956 ταυτότης

379 1981 476 2032 τοῦ
507 1975 824 2051 Πνεύματος
860 1978 994 2049 (63)·
1032 1975 1273 2031 λείπεται
1327 1973 1393 2042 δὴ
1448 1973 1685 2045 πλησίον
1716 1975 1807 2029 τὸν
1840 1972 2043 2030 ἀλλοε-

382 2073 480 2135 θνῆ
541 2063 745 2141 λέγειν·
803 2069 919 2126 πῶς
979 2065 1083 2141 γὰρ
1139 2065 1202 2120 οὐ
1262 2062 1526 2137 πλησίον,
1559 2065 1586 2119 6
1620 2065 1730 2125 οἷὸς
1762 2084 1820 2118 τε
1849 2084 2045 2118 κοινω-

384 2159 548 2220 νῆσαι
605 2159 701 2210 τοῦ
762 2153 1127 2228 Πνεύματος;
1210 2153 1283 2208 Οὐ
1342 2154 1447 2229 γὰρ
1511 2153 1691 2227 μόνων
1753 2148 2046 2228 Ἑϐραίων,

385 2243 533 2300 ἀλλὰ
556 2244 647 2300 καὶ
679 2243 844 2308 ἐθνῶν
877 2244 1059 2319 πατὴρ
1106 2239 1365 2317 Ἀϐραάμ
1393 2244 1526 2318 (64).
1561 2241 1628 2300 E’C
1660 2239 1718 2297 δὲ
1743 2244 1777 2310 ἡ
1816 2261 2043 2318 μοιχευ-

377 2337 561 2408 θεῖσα,
592 2335 683 2391 καὶ
717 2337 745 2390 6
778 2335 854 2397 εἱς
908 2334 1078 2405 αὐτὴν
1125 2333 1429 2409 πορνεύσας
1485 2334 1702 2407 θανάτῳ
1733 2332 2045 2408 κολάζεται,

379 2422 551 2490 δῆλον
582 2422 764 2496 δήπου
794 2425 892 2494 τὴν
950 2423 1181 2494 ἐντολὴν
1238 2425 1339 2494 τὴν
1401 2421 1688 2501 λέγουσαν,
1721 2447 1749 2476 (ι
1781 2422 1893 2481 Οὐκ
1924 2422 2047 2478 ἐπι-

378 2517 646 2589 θυμήσεις
677 2517 779 2586 τὴν
812 2519 1048 2590 γυναῖκα
1083 2519 1182 2569 τοῦ
1225 2513 1490 2583 πλησίον,
1525 2539 1554 2566 ››
1585 2514 1711 2589 περὶ
1742 2517 1848 2567 τῶν
1877 2513 2042 2576 ἐθνῶν

377 2602 739 2681 διαγορεύειν·
787 2601 877 2658 ἵνα
928 2624 1038 2676 τις,
1098 2604 1238 2659 κατὰ
1293 2602 1461 2676 νόμον
1519 2601 1740 2672 καὶτῆς
1770 2605 1867 2656 τοῦ
1897 2600 2045 2672 πλη-

375 2693 488 2750 σίον
517 2694 609 2750 καὶ
641 2697 741 2760 τῆς
781 2690 1026 2767 ἀδελφῆς
1076 2691 1486 2767 ἀποσχόμενος,
1538 2687 1786 2764 ἄντικρυς
1842 2690 2045 2769 ἀκούσῃ

379 2785 529 2859 παρᾶ
583 2788 683 2840 τοῦ
742 2782 962 2859 Κυρίου·
1024 2809 1054 2837 ‹‹
1091 2783 1237 2858 Ἐγὼ
1289 2780 1348 2838 δὶ
1396 2781 1562 2858 λέγω,
1618 2783 1733 2840 Οὐκ
1760 2782 2042 2854 ἐπιθυμή-

381 2895 514 2938 σεις.
548 2898 578 2927 ››
610 2875 674 2930 Ἦ
723 2871 780 2929 δὲ
836 2876 933 2928 τοῦ
971 2895 998 2929 ιι
1025 2874 1166 2948 Ἐγὼ
1199 2895 1228 2925 ››
1294 2871 1491 2947 μορίου
1549 2873 1838 2948 προσθήκη
1872 2891 2044 2948 προσ-

377 2964 672 3040 ιχεστέραν
734 2959 972 3018 δείκνυσι
1027 2969 1128 3032 τῆς
1190 2961 1419 3032 ἐντολῆς
1472 2962 1572 3031 τὴν
1614 2959 1910 3037 ἐνέργειαν.
1944 2961 2042 3016 Καὶ

379 3056 463 3111 ὅτι
496 3058 770 3130 θεομαχεῖ
815 3051 845 3109 6'
901 3074 960 3109 τε
1015 3053 1418 3130 Καρποκράτης
1474 3052 1504 3107 ὃ
1553 3053 1600 3106 τ’
1658 3051 1961 3130 Ἐπιφάνης
1992 3051 2044 3107 ἐν

374 3143 524 3217 αὐτῷ
552 3147 632 3216 τῷ
671 3141 1122 3218 πολυθρυλλήτῳ
1177 3138 1384 3219 βιϐλίῳ
1430 3145 1511 3214 τῷ
1542 3165 1570 3192 ‹‹
1605 3143 1735 3218 Περὶ
1767 3139 2042 3196 δικαιοσύ-

373 3254 472 3304 νης
516 3257 545 3286 ››
604 3231 784 3309 λέγων
839 3233 974 3307 (65),
1036 3230 1144 3288 ὧδέ
1198 3253 1316 3296 πως
1375 3232 1619 3309 ἐπιφέρει
1674 3231 1812 3287 κατὰ
1869 3229 2036 3302 λέξιν·

2073 1936 2121 2002 Β

2165 635 2812 706 communionem,quae
2828 651 3035 690 eorum
3051 635 3334 692 conciliat
3347 636 3820 708 generationem,

2165 724 2623 797 abnegaverunt.
2658 727 2728 780 Et
2769 726 2931 793 dicit,
2984 727 3031 781 si
3077 742 3260 782 unam
3311 726 3534 783 ducens
3563 727 3820 796 habeat,

2165 831 2300 870 cum
2335 816 2605 872 omnium
2626 817 2860 888 possint
2881 833 3010 872 esse
3033 817 3376 889 participes,
3407 818 3561 872 sicut
3589 817 3825 887 reliqua

2161 903 2677 962 fecitanimantia.
2719 926 2744 958 ι)
2798 908 2931 961 Haec
2980 923 3116 962 cum
3165 906 3258 961 his
3308 906 3502 962 verbis
3549 906 3819 974 dixisset,

2163 994 2470 1068 subjungit
2497 1013 2703 1051 rursus
2747 996 2840 1050 his
2889 995 3120 1051 verbis:
3158 1018 3185 1046 «
3235 997 3539 1051 Intensam
3571 996 3731 1051 enim
3766 1001 3824 1051 et

2160 1085 2666 1141 vehementiorem
2697 1086 3066 1158 ingeneravit
3103 1087 3389 1142 masculis
3430 1085 3822 1157 cupiditatem

2162 1173 2235 1229 ad
2257 1190 2541 1246 generum
2560 1175 3041 1246 perpetuitatem,
3067 1191 3246 1245 quam
3266 1190 3376 1230 nec
3399 1173 3516 1242 lex,
3532 1189 3642 1229 nec
3664 1191 3816 1244 mos,

2161 1280 2272 1319 nec
2302 1265 2530 1334 aliquid
2562 1265 2726 1320 aliud
2755 1269 2951 1336 potest
2979 1265 3217 1320 abolere
3244 1281 3256 1319 :
3291 1270 3380 1319 est
3410 1264 3570 1319 enim
3592 1264 3694 1318 Dei
3717 1263 3818 1320 de-

2159 1357 2408 1409 cretum.
2442 1374 2471 1405 »
2505 1356 2576 1408 Et
2606 1353 2904 1425 quomodo
2931 1353 3188 1425 amplius
3220 1353 3316 1408 hic
3355 1353 3420 1408 in
3452 1357 3657 1408 nostra
3683 1369 3822 1410 oxae

2158 1442 2422 1498 minetur
2465 1444 2759 1510 oratione,
2809 1459 2946 1498 cum
2976 1442 3170 1514 legem
3211 1447 3270 1497 et
3298 1441 3682 1514 Evangelium
3711 1455 3820 1513 per

2158 1533 2286 1588 hmo
2314 1538 2516 1604 aperte
2548 1533 2862 1588 destruat?
2891 1532 3001 1589 Illa
3021 1533 3193 1588 enim
3223 1532 3405 1588 dicit:
3445 1555 3466 1582 ιι
3502 1534 3630 1587 Non
3667 1547 3818 1587 mtas

2158 1622 2538 1695 chaberis(a).
2557 1645 2584 1673 ››
2603 1624 2721 1678 Hoc
2742 1627 2942 1678 autem
2965 1623 3136 1684 dicit:
3153 1643 3180 1672 ιτ
3201 1622 3549 1692 Quicunque
3573 1620 3817 1693 respicit

2157 1712 2230 1767 ad
2261 1712 2829 1784 concupiscentiam,
2855 1712 2984 1784 jam
3029 1712 3357 1767 moechatus
3385 1716 3474 1767 est
3512 1712 3618 1780 (ὁ).
3657 1709 3816 1765 Illud

2156 1801 2316 1856 enim
2344 1819 2355 1856 :
2389 1823 2417 1851 «
2451 1804 2578 1856 Non
2601 1801 2989 1874 concupisces
3012 1802 3102 1872 (ο),
3129 1823 3156 1852 ››
3182 1801 3342 1871 quod
3366 1817 3400 1855 a
3421 1800 3549 1872 lege
3573 1799 3812 1868 dicitur,

2155 1891 2418 1947 ostendit
2446 1908 2633 1947 unum
2665 1908 2793 1947 esse
2825 1893 3032 1958 Deum,
3068 1891 3169 1961 qui
3200 1891 3558 1961 praedicatur
3589 1907 3695 1960 per
3724 1890 3814 1944 le-

2150 1996 2283 2052 gem
2301 1986 2359 2036 et
2375 1982 2698 2054 prophetas
2721 1986 2780 2037 et
2800 1980 3203 2054 Evangelium.
3230 1981 3382 2034 Dicit
3403 1979 3564 2034 enim
3591 1996 3602 2033 :
3631 2001 3659 2028 ‹‹
3686 1981 3814 2034 Non

2152 2072 2537 2143 concupisces
2557 2088 2802 2126 uxorem
2822 2071 3077 2142 proximi
3096 2071 3201 2124 tui.
3225 2092 3255 2120 »
3277 2069 3589 2125 Proximus
3611 2072 3813 2123 autem

2151 2177 2271 2216 non
2303 2166 2391 2215 est
2417 2161 2653 2216 Iudaeus
2683 2161 2882 2216 ιιιάωο
2915 2177 2928 2214 :
2953 2159 3135 2215 frater
3160 2160 3322 2214 enim
3345 2163 3434 2214 est
3455 2163 3514 2212 et
3535 2157 3814 2213 eumdem

2151 2248 2332 2304 habet
2359 2250 2680 2321 Spiritum;
2713 2254 2901 2304 restat
2932 2265 3091 2321 ergo,
3123 2253 3190 2303 ut
3221 2247 3627 2320 propinquum
3657 2246 3817 2302 dicat

2152 2354 2290 2393 eum
2322 2339 2421 2410 qui
2455 2343 2546 2395 est
2575 2339 2824 2394 alterius
2855 2339 3068 2412 gentis.
3102 2337 3408 2404 Quomodo
3444 2341 3646 2392 autem
3688 2352 3812 2392 non

2147 2428 2543 2500 propinquus,
2575 2429 2677 2500 qui
2709 2433 2882 2500 aptus
2915 2432 3005 2483 est
3034 2443 3165 2483 esse
3189 2426 3439 2499 Spiritus
3461 2426 3759 2496 particeps
3784 2425 3813 2480 ?

2148 2519 2276 2572 Non
2306 2518 2502 2573 solum
2534 2519 2696 2572 enim
2730 2517 3135 2585 Hebraeorum,
3167 2516 3270 2571 sed
3311 2515 3490 2570 etiam
3541 2503 3808 2587 gentium

2145 2609 2314 2676 pater
2345 2611 2437 2661 est
2466 2606 2787 2662 Abraham.
2822 2605 2878 2660 Si
2904 2609 3103 2660 autem
3135 2621 3266 2676 quae
3313 2608 3402 2660 est
3451 2603 3806 2671 adulterata,

2147 2701 2206 2750 et
2235 2696 2335 2766 qui
2359 2697 2420 2750 in
2437 2713 2569 2751 eam
2587 2695 2914 2751 fornicatus
2933 2699 3042 2763 est,
3063 2695 3256 2766 capite
3274 2694 3520 2765 punitur
3537 2693 3613 2763 (ά)
3641 2709 3654 2748 :
3684 2692 3811 2747 cla-

2145 2801 2279 2839 rum
2326 2790 2416 2840 est
2463 2785 2670 2856 utique
2725 2789 3112 2856 praeceptum,
3165 2783 3325 2855 quod
3364 2783 3547 2838 dicit:
3607 2804 3627 2832 «
3681 2784 3814 2837 Non

2145 2876 2534 2947 concupisces
2566 2892 2815 2931 uxorem
2847 2874 3167 2946 propinqui
3193 2874 3300 2942 tui,
3331 2895 3358 2923 »
3383 2873 3547 2944 loqui
3572 2871 3642 2928 de
3668 2889 3811 2945 gen-

2146 2965 2308 3020 tibus
2337 2982 2349 3019 :
2378 2970 2445 3020 ut
2475 2982 2609 3020 cum
2642 2965 2776 3036 quis
2808 2963 3137 3020 secundum
3170 2962 3362 3036 legem
3393 2966 3452 3016 et
3500 2961 3572 3017 ab
3623 2977 3810 3017 uxore

2143 3055 2397 3126 proximi
2431 3059 2488 3110 et
2516 3071 2550 3109 a
2591 3071 2792 3109 sorore
2842 3053 3220 3120 abstinuerit,
3274 3057 3477 3124 aperte
3526 3050 3730 3107 audiat
3777 3066 3812 3107 a

2145 3144 2435 3199 Domino:
2468 3165 2497 3194 «
2548 3145 2663 3215 Ego
2713 3147 2913 3198 autem
2956 3143 3108 3209 dico,
3143 3158 3267 3197 non
3317 3141 3726 3213 concupisces.
3780 3160 3810 3191 »

2147 3233 2386 3289 Additio
2419 3237 2620 3288 autem
2648 3239 2711 3304 ›ι‹
2742 3233 2920 3304 hujus
2952 3230 3282 3303 particula,
3320 3252 3341 3280 ι
3379 3247 3509 3303 ego,
3545 3252 3572 3280 »
3619 3229 3813 3301 majo-

382 3346 403 3374 ιι
429 3301 646 3392 τ’Ένθεν,
680 3301 757 3384 ῶς
785 3301 1003 3396 γελοῖον
1050 3321 1338 3396 εἰρηκότος
1387 3301 1491 3376 τού
1529 3301 1850 3394 νομοθέτου,
1885 3301 2038 3396 ῥῆμα

2157 3339 2276 3379 rem
2307 3323 2588 3395 praecepti
2620 3301 2737 3376 vim
2769 3301 3048 3377 ostendit.
3085 3320 3250 3386 Quod
3282 3301 3486 3376 autem
3516 3335 3652 3374 cum
3690 3319 3809 3374 Deo

377 3415 542 3469 τοῦτο
601 3411 912 3482 ἀκουστέον,
997 3434 1025 3463 ιι
1085 3408 1200 3468 Οὒκ
1252 3409 1636 3483 ἐπιθυμήσεις,
1692 3433 1719 3463 ››
1778 3411 1916 3484 πρὸς
1973 3410 2037 3466 τὸ

372 3500 722 3578 γελοιότερον
758 3499 954 3570 εἰπεῖν,
1016 3524 1044 3553 ιι
1075 3503 1192 3555 Τῶν
1245 3504 1343 3555 τοῦ
1386 3498 1648 3570 πλησίον·
1683 3523 1710 3552 ››
1740 3499 1900 3562 αὐτὸς
1931 3500 2035 3575 γὰρ

384 3592 412 3646 6
441 3592 541 3660 τὴν
600 3589 890 3664 ἐπιθυμίαν
953 3587 1098 3657 δοὺς,
1161 3590 1234 3652 ὡς
1294 3591 1634 3665 συνέχουσαν
1664 3590 1731 3644 τὰ
1758 3596 1860 3659 τῆς
1889 3589 2040 3665 γενέ-

378 3700 535 3751 σεως,
589 3679 794 3750 ταύτην
858 3677 1205 3757 ἀφαιρεῖσθαι
1281 3677 1518 3747 κελεύει,
1580 3676 1814 3752 μηδενὸς
1871 3678 2036 3748 αὐτὴν

377 3767 598 3848 ἀφελὼν
631 3770 796 3838 ζώου·
824 3770 888 3824 τὸ
920 3767 977 3824 δέ
1023 3793 1051 3821 ι(
1082 3771 1199 3838 Τῆς
1232 3793 1261 3820 ››
1312 3774 1409 3824 τοῦ
1469 3767 1707 3838 πλησίον
1739 3772 1848 3843 (66)
1882 3793 1910 3821 (ι
1941 3790 2039 3845 γυ-

381 3859 569 3921 ναικὸς
595 3879 626 3913 ι)
687 3858 938 3929 ἰδιότητα
1019 3859 1120 3928 τὴν
1203 3858 1492 3914 κοινωνίαν
1548 3859 1883 3933 ἀναγκάζων,
1961 3857 2039 3914 ἔτι

379 3948 727 4026 γελοιότερον
762 3949 930 4005 εἶπεν.
967 3972 995 4001 ››
1045 3949 1152 4004 Καὶ
1209 3953 1378 4004 ταῦτα
1429 3949 1524 4022 μὶν
1552 3950 1605 4003 οἱ
1633 3954 1867 4024 γενναῖοι
1897 3955 2042 4024 Καρ-

375 4039 734 4116 ποκρατιανοῖ
797 4034 1209 4112 δογματίζουσι·
1289 4037 1518 4101 τούτους
1574 4043 1686 4112 (67)
1745 4038 1895 4117 φασὶ,
1949 4038 2038 4093 καὶ

2146 3412 2372 3467 bellum
2403 3416 2568 3484 gerat
2595 3412 3003 3483 Carpocrates,
3037 3415 3095 3465 et
3141 3409 3483 3481 Epiphanes
3533 3409 3712 3462 etiam
3746 3407 3811 3463 in

2150 3519 2239 3569 eo,
2276 3503 2376 3573 qui
2409 3501 2578 3572 vulgo
2603 3501 2887 3574 jactatur,
2920 3501 3073 3554 libro
3096 3500 3169 3554 De
3180 3501 3432 3570 justitia,
3461 3501 3626 3569 patet
3646 3513 3716 3551 ex
3739 3513 3807 3551 eo

2151 3591 2306 3663 quod
2341 3591 2647 3663 subjungit
2671 3590 2764 3645 his
2815 3590 3045 3645 verbis:
3085 3611 3105 3639 ι
3144 3590 3290 3643 Hinc
3321 3593 3387 3643 ut
3441 3587 3541 3658 qui
3585 3586 3807 3641 ridicu-

2148 3682 2275 3737 lum
2308 3681 2540 3749 dixerit,
2588 3680 2943 3754 legislatoris
2990 3679 3101 3734 hoc
3144 3678 3391 3733 verbum
3441 3676 3808 3733 audiendum

2153 3775 2243 3826 est
2269 3788 2282 3825 :
2319 3793 2346 3822 «
2370 3772 2495 3825 Non
2519 3770 2904 3842 concupisces
2930 3786 2943 3824 :
2969 3792 2997 3820 »
3017 3785 3207 3840 usque
3228 3768 3303 3824 ad
3325 3767 3406 3835 id,
3441 3767 3598 3838 quod
3620 3765 3807 3837 magis

2151 3859 2404 3915 ridicule
2435 3859 2615 3914 dicit:
2653 3881 2680 3909 ‹‹
2716 3862 2828 3915 Res
2858 3859 3113 3931 proximi
3147 3859 3252 3913 tui.
3284 3879 3312 3908 »
3341 3858 3472 3928 Ipse
3505 3856 3688 3923 enim,
3713 3853 3816 3925 qui

2151 3949 2316 4006 dedit
2332 3948 2743 4021 cupiditatem,
2761 3954 2829 4003 ut
2846 3965 2978 4019 quin
2997 3946 3816 4018 contineretgenerationem,

2143 4040 2320 4112 jubet
2349 4055 2480 4095 eam
2511 4038 2768 4105 auferre,
2803 4055 2938 4093 cum
2969 4054 3003 4094 a
3032 4037 3200 4092 nullo
3233 4053 3364 4092 eam
3409 4035 3640 4091 auferat
3685 4033 3818 4090 ani-

448 4194 512 4259 »χ‹
540 4197 607 4251 Ρ.
637 4197 742 4251 514
767 4195 880 4250 ED.
914 4195 1214 4250 POTTED.
1257 4193 1332 4266 (α)
1363 4193 1542 4250 Exod.
1576 4211 1672 4264 xx,
1708 4195 1794 4249 ιδ.
1828 4193 1904 4266 (b)
1935 4195 2046 4250 Mat

2170 4211 2222 4262 v,
2252 4195 2341 4250 28.
2375 4193 2443 4264 (ο)
2477 4191 2656 4247 Exod.
2687 4209 2782 4260 xx,
2814 4195 2899 4246 17.
2929 4192 3008 4263 (d)
3042 4192 3210 4247 Deut.
3243 4207 3386 4256 xxu,
3409 4193 3497 4244 22.

422 4350 714 4420 oterunt:
775 4343 1190 4418 ἀπηρνήθηςαν,
1249 4339 1341 4420 καί
1408 4341 1600 4420 ιρησὶν,
1649 4342 1704 4420 ,εἰ
1778 4340 1904 4416 μίαν
1959 4343 2050 4420 ἆγ,

411 4437 487 4494 χῃ
508 4413 585 4494 (δ,
607 4441 635 4470 ‹‹
655 4413 1130 4494 abnegaverunt,
1185 4413 1445 4494 etiamsi",
1477 4413 1708 4488 inquit,
1739 4413 1919 4494 unam
1953 4413 2054 4494 qui

380 4488 553 4549 ducit
572 4488 954 4559 habeat,cum
980 4504 1191 4544 omnes
1220 4488 1541 4560 participes
1564 4506 1692 4546 esse
1716 4489 1970 4560 possint,
1992 4493 2058 4544 ut

378 4564 624 4635 reliqua
652 4561 940 4618 animalia
973 4560 1303 4635 declarant.
1334 4561 1649 4635 »_Putavit_
1673 4562 1831 4618 enim
1862 4561 2054 4616 haere-

380 4630 538 4692 ticus
559 4635 660 4689 ille
678 4635 956 4706 matrimgo
967 4634 1136 4690 nium
1151 4632 1411 4706 naturali
1430 4630 1686 4705 κοινωνίᾳ
1700 4649 2054 4706 repugnare.

385 4709 490 4765 Vel
520 4706 675 4762 forte
707 4705 934 4777 aliquid
967 4705 1210 4762 excidit.

2155 4344 2482 4417 prietatem
2503 4342 2739 4417 redigit,
2771 4342 2964 4417 adhuc
2993 4341 3182 4417 magis
3219 4337 3676 4417 ridicule_dix_it.
3703 4358 3740 4417 ε)

2229 4417 2343 4487 (67)
2375 4409 3031 4487 ToéroocfPhilastrius
3076 4409 3399 4487 Brixiensis
3429 4410 3534 4487 lib.
3558 4413 3658 4487 __De
3697 4409 3816 4487 hoe-

2156 4481 2403 4544 restibus:
2467 4509 2494 4536 ‹‹
2528 4486 2811 4555 Floriani,
2870 4485 2988 4540 sive
3044 4483 3507 4556 Carpocratianﬁi,
3537 4481 3824 4556 dicuntur

2157 4565 2445 4632 negantes
2462 4558 2759 4630 judicium
2783 4552 2842 4613 et
2864 4552 3387 4632 resurrectionem,
3413 4553 3715 4610 Christum
3747 4552 3820 4607 de

2161 4629 2400 4704 Virgine
2429 4629 2636 4686 natum
2661 4646 2800 4704 _non
2851 4629 3199 4704 credentes,_
3220 4641 3818 4704 omnemqueresur—

2162 4697 2492 4760 rectionem
2523 4703 2583 4758 in
2616 4702 2878 4757 ﬁliorum
2909 4700 3323 4772 procreatione
3360 4697 3604 4754 nefandi
3636 4702 3821 4753 cmtus

455 4753 1282 4868 (afaazgjjsataiwjjss.
1345 4777 1485 4868 ἐγὼ
1512 4847 1535 4868 Α
1567 4773 1624 4868 δι
1681 4773 1838 4868 λέγι,
1894 4776 2046 4867 δμτγ,

2163 4776 2572 4868 existimantes
2603 4753 3040 4868 consisterelut
3151 4773 3406 4855 ecclesia
3436 4787 3543 4827 sua
3571 4775 3821 4868 post-oc-

385 4846 471 4906 δτι
502 4854 605 4925 uti}
735 4847 956 4925 βλέπων
1007 4853 1241 4925 γυναῖκα
1287 4846 1429 4925 πρὸς
1472 4847 1536 4903 τὸ
1588 4846 2051 4922 ἐπιθυμῆσαι-αύ-

385 4930 451 4992 τῆ
462 4944 508 5010 Ich
519 4919 687 5010 ᾔδηηέ
695 4919 789 4993 μοί
795 4939 989 5010 χευσεν
1023 4919 1192 5007 αὐτὴν
1204 4966 1217 4978 ,

456 4998 572 5066 (63)
629 4993 913 5062 Ταυτότης
966 4997 1064 5046 τοῦ
1122 5014 1211 5048 πν.
1276 4993 1402 5048 Vid.
1466 5011 1646 5064 supra
1687 4995 1874 5066 p'397
1907 4995 2046 5050 edit.

389 5067 576 5123 Paris.
605 5068 828 5122 Lowrn.

460 5141 575 5211 (64)
634 5139 839 5211 Ἐθνῶν
897 5136 1090 5211 πατὴρΔ
1138 5132 1412 5209 Ἀϐραάμ.⁸
1467 5136 2050 5211 ῌΘωρΘ-εθοῃηᾱιω]

389 5206 543 5285 illud
572 5210 696 5285 G_a1_.
720 5228 818 5285 in,
851 5213 882 5263 7
910 5229 927 5285 _:
959 5206 1259 5264 Γινώσκετε
1298 5206 1421 5285 ἄρα,
1471 5207 1554 5262 ὅτι
1602 5206 1655 5263 ot
1687 5206 1747 5262 ἐκ
1789 5208 2048 5273 πίστεως,

384 5282 539 5337 οὗτοί
573 5281 684 5336 υἱοὶ
714 5280 992 5354 Ἀϐραάμ,
1027 5287 1086 5337 et
1118 5299 1243 5354 seq.
1335 5280 1344 5285 ⁷
1407 5280 1413 5282 '
1484 5353 1518 5354 Η
1666 5351 1680 5354 _
1747 5334 1754 5341 .

464 5355 583 5448 (165)κ
623 5357 714 5448 ξῷ
773 5352 903 5448 Περὶ
935 5350 1070 5448 ’δξκί
1133 5350 1353 5437 λέγων.⁹
1391 5353 1600 5408 Melius
1658 5351 1930 5448 fortasse,

389 5450 417 5477 «
456 5426 585 5498 Περὶ
620 5423 972 5495 δικαιοσύνης
1004 5425 1171 5498 λέγω·
1211 5423 1306 5495 co,
1339 5427 1607 5497 inquam,
1637 5423 1738 5494 qui
1776 5426 1851 5478 De
1875 5423 2056 5494 justi-

389 5499 475 5555 tia
504 5499 830 5570 inscriptus
865 5505 974 5557 est.
1007 5519 1034 5549 »
1063 5499 1228 5554 εγω.

464 5571 579 5641 (66)
606 5571 676 5624 Τὸ
696 5566 788 5641 δὲ,
817 5579 926 5640 Τῆς
974 5573 1072 5624 τοῦ
1131 5591 1190 5625 π.
1249 5572 1383 5626 Ηωο
1444 5567 1740 5641 sententia
1793 5568 1876 5622 sic
1909 5566 2054 5641 scri-

392 5636 592 5717 benda
620 5649 678 5699 et
709 5636 1322 5717 explicanda_videtur
1348 5660 1360 5696 :
1384 5714 1391 5717 _
1411 5637 1484 5694 T6
1515 5636 1592 5706 δὲ,
1626 5640 1738 5717 Τῆς
1778 5642 1873 5717 τοῦ
1905 5637 2052 5717 πλη-

395 5711 501 5780 σίο,
563 5709 840 5787 γυναικὸς.
897 5714 976 5774 εἰς
1036 5709 1286 5787 ἰδιότητα
1337 5714 1437 5782 τὴν
1497 5709 1784 5766 κοινωνίαν
1817 5710 2056 5787 ἀναγκά-

400 5789 529 5853 ζων,
579 5784 668 5842 ’ἔτι
728 5786 1077 5864 γελοιότερον
1134 5785 1302 5864 εἶπεν.
1363 5809 1391 5837 ‹‹
1426 5788 1562 5841 Ηωο
1593 5791 1816 5864 _autem
1854 5784 2054 5864 verba,

396 5873 635 5917 uxorem
655 5856 912 5932 proximi
934 5856 1036 5926 tui,
1068 5859 1282 5930 quibus
1304 5856 1790 5916 communionem
1820 5856 1894 5914 ad
1923 5873 2055 5929 pro-

2163 4864 2366 4903 casum
2392 4847 2534 4901 solis
2553 4845 2815 4902 lucernis
2834 4846 3142 4900 exstinctis
3162 4844 3400 4899 misceri
3425 4859 3561 4898 cum
3583 4841 3824 4896 mulier—

2163 4919 2313 4974 culis
2347 4936 2468 4973 non
2498 4919 2922 4993 dubitaverint,
2965 4918 3121 4993 legis
3158 4922 3540 4993 praeceptum
3572 4913 3820 4993 implere

2163 4996 2476 5063 putantes:
2534 4991 2840 5063 Nascimini
2896 4996 2948 5043 et
3006 4985 3476 5063 multiplicamini,
3518 4985 3820 5063 Judaismo

2163 5056 2362 5136 potius
2393 5068 2453 5116 et
2480 5061 2826 5136 paganitati
2853 5078 3062 5131 parere
3111 5056 3405 5125 nefandae,
3441 5072 3620 5136 qualn
3651 5056 3821 5136 Chri-

2165 5125 2372 5190 stiana:
2404 5125 2633 5189 veritati
2656 5125 3036 5204 acquiescere
3063 5125 3522 5204 prOperantesI_n
3551 5125 3821 5204 Theodo-

2163 5211 2327 5262 retus
2359 5205 2462 5261 lib.
2497 5223 2513 5259 ι
2545 5208 2620 5260 De
2647 5197 2825 5275 fabul.
2863 5197 3282 5275 hmrcticq‘non
3314 5201 3424 5272 ipsi
3457 5197 3818 5275 Garp‘ocrati,

2166 5278 2269 5334 sed
2297 5278 2427 5348 ejus
2450 5265 2743 5349 discipulo
2766 5277 3063 5331 attribuit:
3089 5265 3258 5349 ῥῦτος
3280 5265 3821 5349 προφανῶξλ-αγνεξς-

2165 5369 2238 5403 ειν
2271 5337 2390 5420 τοῗῖς
2442 5337 2874 5420 Καρποκράτους
2925 5345 3280 5420 προσ-τέθηκε,
3319 5337 3823 5420 δόγμαέιέὶκοινὰς

2162 5421 2262 5495 γᾷρ
2298 5408 2458 5495 ,δῖὗαι
2515 5408 2611 5480 ’ἑὰς
2668 5408 2928 5495 γυναῖκας
2969 5408 3516 5495 ’ἐνομοθέτησενςῶ
3551 5408 3618 5495 83‘}
3650 5409 3815 5495 xdpjv

2165 5482 2266 5546 οὐκ
2295 5490 2346 5546 ἐν
2380 5496 2498 5555 τοῖς
2526 5482 2734 5554 κοινοῖς
2779 5489 3019 5550 δείπνοις
3055 5482 3218 5559 μόνον
3264 5482 3327 5540 τὸ
3376 5482 3819 5610 λυχένιαῖοῖφῶς

2165 5561 2412 5610 ἐγποδιῖιν
2446 5564 2791 5610 ﬁnm'iusvm-
2824 5563 2964 5610 ἦπεο
3018 5560 3078 5610 ἂι
3139 5556 3364 5610 ἕκαστος
3411 5555 3476 5610 έπ
3507 5574 3642 5610 τυγε
3671 5574 3819 5608 συνε-

2165 5561 2412 5619 ἐκποδὼν
2446 5564 2792 5636 ποιούμενοι,
2824 5563 2964 5635 ᾗπερ
2996 5555 3078 5636 ⁸ἂν
3139 5556 3364 5617 ἕκαστος
3405 5555 3647 5636 ’ἐπέτυχε
3671 5555 3820 5636 συνε-

2171 5637 2421 5711 μίγνυτο.
2451 5659 2481 5687 ι(
2514 5639 2569 5692 Is
2599 5627 2809 5711 είρεξιήιὲΔ
2827 5627 2904 5711 et
2919 5627 3116 5711 palam
3172 5629 3420 5711 scortari
3459 5627 3682 5702 adjecit
3708 5627 3820 5682 de-

2165 5705 2344 5766 cretis
2370 5705 2772 5781 Carpocratis._
2795 5707 3069 5762 Mulieres
3102 5705 3261 5781 enim
3294 5719 3424 5781 esse
3470 5715 3819 5781 communes

2168 5773 2500 5838 constituit:
2530 5778 2927 5845 Quamobrem
2958 5794 3076 5841 non
3101 5777 3295 5832 solum
3317 5774 3381 5829 in
3404 5773 3684 5829 conviviis
3710 5788 3821 5845 pu—

2167 5854 2365 5922 blicis,
2399 5844 2664 5909 candelas
2693 5851 2938 5907 lumine
2954 5849 3133 5922 paulo
3180 5846 3420 5921 longius
3465 5851 3720 5914 remoto,
3754 5844 3818 5898 in
