4144 6406
329 421 466 482 1111

1590 422 2002 478 CLEMENTIB
2037 420 2543 476 ALEXANDRINI

3622 423 3763 482 1112

335 547 504 606 mali.
534 546 688 606 Illud
719 549 958 604 autem:
992 567 1020 596 «
1058 545 1310 601 Uxorem
1340 544 1596 617 proximi
1645 545 1755 616 tui,
1791 567 1819 596 ››
1867 559 1984 615 quo

2135 563 2248 605 ινας
2282 540 2488 605 ἅλλους
2518 539 2775 614 ζηλωτὰς
2804 545 2912 598 τῶν
2963 544 3172 620 ὁμοίων
3203 549 3386 604 κακῶν
3419 548 3558 622 (68),
3590 547 3667 610 εἷς
3697 547 3766 604 τὰ

334 637 823 695 communionem
855 635 1010 708 cogit
1033 633 1109 690 ad
1138 635 1588 707 proprietatem,
1622 633 1770 688 dixit
1799 632 1995 689 adhuc

333 728 522 800 magis
553 725 821 782 ridicule.
862 748 892 775 α
942 725 1096 782 185
1129 726 1201 780 Et
1243 724 1372 780 haac
1427 724 1672 796 quidem
1721 723 1998 797 dogmata

335 817 709 874 constituunt
737 814 954 890 egregii
1002 815 1467 888 Carpocratiani.
1521 816 1635 870 Hos
1684 813 1891 870 dicunt
1939 817 1998 868 et

335 906 570 978 aliquos
597 907 748 962 alios
799 904 1088 962 similium
1141 904 1436 960 malorum
1489 903 1890 971 aemulatores,
1923 901 1998 958 ad

337 1012 536 1054 cmnas
559 995 983 1052 convenientes
997 996 1213 1067 (neque
1229 995 1391 1050 enim
1405 993 1657 1050 dixerim
1673 1017 1700 1044 ‹‹
1717 1009 1944 1066 agapen
1973 1011 1995 1040 ι

334 1102 541 1142 eorum
600 1085 1114 1158 congressionem)
1154 1085 1310 1140 viros
1359 1085 1538 1141 simul
1587 1089 1646 1139 et
1691 1083 1995 1151 mulieres,

335 1179 654 1248 postquam
687 1175 839 1231 cibis
865 1191 1145 1231 venerem
1187 1174 1583 1230 excitantibus
1615 1189 1676 1229 se
1729 1173 1997 1245 expleve-

335 1265 480 1334 rint,
541 1265 770 1321 lumine
819 1269 1039 1335 amoto,
1091 1263 1250 1337 quod
1303 1281 1508 1320 eorum
1553 1262 2000 1319 fornicatoriam

339 1353 496 1410 hanc
519 1354 822 1427 justitiam
852 1354 1079 1426 pudore
1125 1352 1440 1421 afﬁciebat,
1485 1369 1694 1409 aversa
1732 1351 2000 1422 lucerna,

339 1443 500 1500 coire
531 1443 832 1516 quomodo
859 1443 1064 1512 velint,
1086 1447 1145 1499 et
1166 1460 1302 1500 cum
1327 1443 1543 1516 quibus
1567 1443 1750 1498 velint
1775 1459 1786 1496 :
1813 1440 2002 1497 medi-

339 1537 494 1590 tatos
522 1537 722 1590 autem
755 1534 816 1590 in
849 1533 1145 1607 ejusmodi
1175 1551 1199 1582 α
1223 1549 1406 1606 agape
1433 1556 1454 1583 ι
1491 1531 2000 1601 communionem,

341 1621 604 1679 interdiu
622 1622 774 1696 jam,
806 1640 842 1680 a
874 1623 1092 1695 quibus
1136 1623 1325 1679 velint
1369 1622 1722 1678 mulieribus
1772 1622 2004 1695 exigere

341 1714 748 1786 Carpocratem
779 1713 1014 1786 (divinaa
1049 1714 1208 1770 enim
1240 1713 1409 1770 nefas
1449 1718 1541 1770 est
1587 1713 1810 1785 dicere)
1858 1711 2007 1785 legis

340 1803 764 1862 obedientiam.
799 1805 913 1861 Has
953 1805 1136 1878 leges,
1168 1810 1234 1860 ut
1283 1804 1492 1872 sentio,
1540 1803 1695 1859 ferre
1745 1802 2009 1876 oportuit

343 1897 760 1969 Carpocratem
789 1912 1006 1952 canum
1038 1900 1098 1951 et
1145 1912 1320 1952 suum
1367 1901 1425 1951 et
1453 1897 1757 1952 hircorum
1805 1893 2007 1950 libidi-
2037 1916 2086 1983 Β

347 1985 548 2043 nibus.
581 1985 720 2041 Mihi
752 1990 954 2041 autem
983 1985 1236 2056 videtur,
1259 1985 1569 2042 Platonem
1593 2001 1828 2058 quoque
1851 1983 2006 2040 male

349 2075 742 2146 intellexisse,
776 2075 836 2132 in
867 2077 1170 2147 Republica
1200 2075 1523 2148 dicentem,
1574 2081 1848 2149 oportere
1877 2091 2007 2130 esse

355 2183 707 2224 communes
756 2167 1027 2224 omnium
1075 2183 1323 2224 uxores:
1377 2173 1443 2223 ut
1490 2168 1592 2239 qui
1643 2167 1870 2222 diceret
1907 2180 2007 2220 eas

349 2261 414 2327 is
443 2256 710 2331 quidem,
744 2273 876 2330 quae
908 2256 1176 2314 nondum
1202 2263 1554 2330 nupserant,
1589 2273 1719 2312 esse
1741 2271 2007 2312 commu-

351 2364 460 2404 nes
509 2363 740 2415 eorum,
787 2347 888 2420 qui
936 2351 1140 2403 essent
1185 2347 1452 2420 petituri,
1503 2344 2009 2418 quemadmodum

414 2445 479 2511 ’κ
505 2449 570 2502 Ρ.
594 2449 698 2502 515
729 2447 840 2502 ΕΙ).
871 2445 1163 2514 POTTER,
1197 2447 1295 2501 431
1330 2447 1443 2502 ED.
1469 2445 1698 2501 PARIS.

349 2558 769 2670 quamcunque
801 2542 1117 2611 inciderat,
1150 2559 1288 2598 cum
1337 2560 1408 2598 ea
1452 2542 1868 2613 unusquisque
1912 2556 2008 2594 co-

350 2615 369 2670 i
414 2621 494 2670 at.
533 2639 554 2666 ι
593 2615 685 2670 Sic
707 2615 1002 2670 interpres
1027 2631 1039 2669 :
1065 2620 1126 2670 at
1147 2613 1296 2669 illud
1319 2615 1390 2670 de
1417 2614 1647 2670 lumine
1669 2614 1754 2669 sic
1774 2617 2008 2666 verten-

350 2613 494 2672 ibat.
533 2639 554 2666 ι
593 2613 689 2671 Sic
707 2615 1002 2672 interpres
1027 2631 1039 2669 :
1065 2620 1126 2670 at
1147 2613 1296 2669 illud
1319 2615 1390 2670 de
1417 2614 1647 2670 lumine
1669 2614 1754 2669 sic
1774 2617 2012 2666 verten-

351 2687 494 2743 dum
525 2691 639 2757 est,
671 2709 699 2737 ‹‹
732 2684 998 2742 candelae
1050 2687 1279 2741 lumine
1337 2703 1367 2741 e
1426 2686 1624 2740 medio
1670 2684 1905 2740 sublato
1933 2700 2010 2757 :_»

354 2755 846 2830 Clemensenim,
878 2757 1122 2830 undeid
1165 2758 1421 2830 sumpsit
1444 2757 1874 2830 Theodoretus,
1908 2755 2012 2822 ait,

355 2833 472 2908 φιξις
500 2827 748 2908 ἐκποδὼν
780 2829 1191 2908 ποιησαμένους
1235 2825 1320 2908 τῆς
1357 2831 1456 2882 τοῦ
1515 2825 1726 2902 λύχνου
1757 2845 2016 2908 περιτρο-

401 2904 456 2972 ii,
492 2925 520 2953 ι(
554 2920 690 2959 cum
721 2902 928 2958 lumen
961 2900 1561 2957 eversione'lucernae
1585 2900 2014 2972 sustulerint._»

354 2922 456 3030 Ἴ,
492 2925 520 2953 ι(
554 2922 690 2959 cum
721 2922 928 2958 iumen
961 2922 1265 2957 eversxone
1299 2922 1561 2956 111(38er
1585 2922 1958 2957 SUSLUIBI‘IHL.
1985 2922 2014 2948 ›)

355 2975 380 3030 Ι
451 2973 754 3030 obiectum
777 2973 922 3028 olim
945 2973 1018 3028 ab
1042 2973 1297 3028 ethnicis
1317 2972 1430 3028 fuit
1449 2971 1821 3028 Christianis.
1848 2970 2015 3026 Unde

361 3045 470 3102 illa
498 3043 850 3101 Tertulliani
898 3045 961 3100 in
1006 3045 1388 3115 Apologetico,
1421 3061 1551 3116 cap.
1580 3045 1658 3116 77:
1692 3066 1720 3094 ‹‹
1754 3043 2020 3116 Dicimur

361 3117 806 3173 sceleratissimi
831 3116 903 3171 de
927 3114 1300 3172 sacramento
1322 3114 1700 3181 infanticidii,
1722 3120 1782 3170 et
1800 3114 2018 3187 pabulo

361 3187 581 3260 cruda,
615 3193 673 3244 et
701 3193 838 3260 post
866 3188 1494 3260 conviviumincesto,
1527 3187 1687 3260 quod
1719 3203 2020 3260 eversores

360 3257 661 3315 luminum
677 3257 1134 3326 c_anes,lenones
1149 3257 1792 3328 scilicet,tenebrarum
1811 3263 1869 3313 et
1882 3257 1922 3312 li
1934 3258 2022 3312 bi-

361 3331 572 3388 dinum
586 3331 904 3404 impiarum
922 3331 1404 3404 inverecundiam
1419 3335 1950 3404 procurentuyltem
1967 3332 2020 3383 9:

2109 630 2298 688 δεῖπνα
2356 633 2804 707 ἀθροιζομένους⁶
2862 633 2946 707 (οὗ
3002 636 3105 712 γὰρ
3165 660 3192 688 ι(
3226 634 3442 712 ἀγάπην
3477 661 3498 688 ι
3549 635 3760 711 ε’ίποιμ·

2109 721 2168 776 ἂν
2231 721 2400 798 ἔγωγε
2454 722 2554 791 τὴν
2616 721 2924 779 συνελευσιν
2985 723 3236 800 αὐτῶν)
3284 723 3478 802 ἄνδρας
3509 727 3649 800 ὁμοῦ
3673 727 3763 782 καὶ

2107 817 2382 886 γυναῖκας,
2448 811 2603 885 μετὰ,
2641 809 2706 882 δή
2765 812 2828 868 τὸ
2885 815 3210 889 κορεσθῆναι
3261 813 3313 870 ἐν
3361 815 3663 890 πλησμονῇ
3693 817 3763 889 τῇ

2107 901 2342 976 κυπρίσῃ
2393 903 2509 976 (69)
2565 903 2719 980 φασὶ,
2772 903 2836 959 τὸ
2890 909 3256 980 καταισχῦνον
3285 905 3464 961 αὐτῶν
3496 908 3596 976 τὴν
3629 925 3766 981 πορ-

2108 993 2268 1061 νικῆν
2325 991 2525 1063 ταύτην
2586 989 2960 1065 δικαιοσύνην,
3039 992 3286 1051 ἐκποδὼν
3359 995 3767 1070 ποιησαμένους

2111 1085 2228 1154 φῶς
2255 1084 2324 1156 τῇ
2355 1085 2452 1136 τοῦ
2484 1079 2695 1158 λύχνου
2751 1089 3084 1159 περιτροπῇ,
3126 1085 3436 1162 μίγνυσθαι,
3469 1084 3619 1148 ὅπως
3650 1083 3764 1149 lei-

2113 1168 2285 1240 λοιεν,
2348 1172 2432 1233 αῖς
2493 1171 2804 1247 βούλοιντοο
2869 1171 3274 1248 μελετήσαντας
3321 1173 3378 1230 δὲ
3435 1174 3486 1230 ἰν
3539 1173 3766 1250 τοιαύτῃ

2114 1281 2143 1310 ‹‹
2175 1259 2358 1335 ἀγάπη
2394 1282 2422 1311 ››
2452 1259 2554 1329 τήν
2582 1260 2891 1334 κοινωνίαν,
2923 1263 3040 1334 μεθ’
3065 1263 3274 1337 ἡμέραν
3297 1261 3408 1334 ἤδη
3441 1264 3568 1338 παρ’
3599 1264 3674 1317 ὧν
3706 1259 3766 1316 ἂν

2113 1347 2418 1420 ἐθελήσωσι
2450 1354 2721 1425 γυναικῶν
2753 1349 3000 1407 ἀπαιτεῖν
3032 1353 3132 1422 τήν
3181 1356 3280 1408 τοῦ
3327 1351 3770 1428 Καρποκρατείου

2117 1439 2199 1512 (οὗ
2242 1439 2343 1518 γὰρ
2366 1439 2522 1515 Θέμις
2544 1442 2715 1498 εἰπεῖν
2743 1441 2910 1514 θείου)
2933 1443 3107 1517 νόμου
3130 1443 3400 1515 ὑπακοήν.
3427 1446 3670 1500 Τοιαῦτα
3689 1440 3768 1514 δὶ,

2116 1531 2296 1604 οἶμαι,
2321 1535 2441 1594 ταῖς
2462 1537 2638 1587 κυνῶν
2665 1533 2752 1588 καὶ
2782 1537 2924 1588 συῶν
2951 1533 3041 1588 καὶ
3061 1534 3274 1611 τράγων
3297 1532 3571 1609 λαγνείαις
3600 1552 3773 1607 νομο-

2117 1625 2287 1685 θετεῖν
2319 1621 2410 1676 τὸν
2443 1621 2842 1698 Καρποκράτην
2864 1617 2993 1682 ἔδει.
3018 1628 3179 1678 Δοκεῖ
3200 1620 3259 1679 δὲ
3283 1645 3377 1698 μοι
3399 1622 3489 1678 καὶ
3509 1626 3606 1678 τοῦ
3631 1619 3772 1679 Πλά-

2115 1731 2290 1776 τωνος
2317 1709 2721 1785 παρακηκοέναι
2758 1711 2809 1767 ἐν
2841 1716 2910 1786 τῇ
2948 1734 2976 1767 α
3001 1711 3265 1785 Πολιτείᾳ
3295 1738 3323 1765 ››
3357 1712 3621 1792 φαμένου,
3651 1732 3771 1767 κοι-

2117 1801 2211 1864 νὰς
2271 1803 2384 1874 (⁸70)
2437 1802 2571 1857 εἶναι
2627 1801 2724 1864 τὰς
2798 1808 3058 1877 γυναῖκας
3116 1804 3356 1858 πάντων*
3419 1802 3603 1865 κοινὰς
3657 1802 3771 1876 μὲν,

2116 1890 2211 1952 τὰς
2240 1891 2347 1965 πρὸ
2371 1895 2470 1946 τοῦ
2499 1893 2707 1967 γάμου,
2753 1896 2861 1946 τῶν
2922 1891 3186 1948 αἰτεῖσθαι
3233 1890 3576 1967 μελλόντων,
3605 1889 3776 1956 καθά-

2116 2001 2217 2056 περ
2247 1979 2336 2035 καὶ
2393 1981 2457 2036 τὸ
2515 1979 2736 2056 θέατρον
2793 1981 2976 2036 κοινὸν
3033 1986 3141 2037 τῶν
3199 1982 3512 2056 θεωμένων,
3541 1982 3774 2058 φάσκον-

2117 2090 2229 2133 τος’
2261 2074 2363 2126 τοῦ
2394 2067 2914 2146 προκαταλαϐόντος
2960 2070 3020 2127 ὃὶ
3077 2074 3307 2145 ἑκάστην
3359 2072 3585 2129 ἑκάστου
3616 2073 3770 2142 εἶναι,

2117 2159 2208 2214 καὶ
2260 2160 2362 2214 οὐκ
2409 2154 2487 2213 ἔτι
2530 2160 2721 2228 κοινὴν
2765 2161 2866 2228 τήν
2926 2164 3348 2238 γεγαμημένην.
3382 2161 3594 2227 Ξάνθος
3633 2158 3689 2216 δὲ
3718 2159 3771 2214 ἓν

2118 2254 2238 2311 τοῖς
2268 2247 2728 2324 ἐπιγραφομένοις
2758 2273 2787 2301 ‹‹
2819 2251 3116 2326 Μαγικοῖς,
3160 2251 3455 2327 Μίγνυνται
3490 2248 3568 2322 δὲ,
3603 2275 3631 2304 ››
3663 2270 3774 2327 φη-

2120 2339 2226 2410 σὶν,
2287 2363 2314 2392 ‹‹
2362 2339 2414 2394 οἱ
2473 2337 2636 2414 μάγοι
2697 2339 2932 2414 μητράσι
2987 2340 3078 2395 καὶ
3135 2339 3427 2418 θυγατράσι
3491 2342 3624 2415 (71)’
3683 2336 3774 2393 καὶ

2115 2533 2536 2610 πλησμονήνηα
2571 2537 2888 2610 subantem
2938 2537 3294 2610 satietatem,
3330 2558 3358 2588 ››
3411 2536 3655 2610 quaead
3681 2555 3776 2594 ve-

2119 2608 2327 2666 nerem
2348 2609 2780 2679 libidinemque
2807 2608 3083 2680 impellit.
3108 2609 3399 2664 Praeclare
3422 2608 3732 2681 Euripides
3756 2626 3770 2666 :

2123 2717 2211 2774 ’Ev
2270 2714 2685 2788 πλησμονοῦντι
2750 2713 2977 2789 Κύπρις,
3039 2713 3091 2770 ἐν
3164 2719 3421 2770 πεινῶντι
3481 2711 3528 2770 δ’
3585 2712 3670 2772 οὔ.

2125 2824 2332 2898 Scribe
2357 2829 2545 2898 totum
2577 2823 2776 2898 locum
2804 2824 2918 2898 hoe
2965 2822 3140 2878 modo
3167 2841 3179 2878 :
3210 2821 3289 2898 Οὐ
3320 2823 3671 2898 wearum
3707 2819 3783 2898 εἴτ

2123 2897 2280 2970 ’πο-ιμ’
2309 2893 2368 2948 ἂν
2421 2891 2589 2970 ἔγωγε
2644 2894 2750 2970 τὴν
2775 2896 3112 2970 ’συνέλευσιν
3171 2891 3371 2970 αὺτῷν·
3397 2891 3786 2970 ’ᾄνδραςομοιῗι

2123 2965 2704 3062 καῖ’γυναῖκαςςμετξ
2730 2965 2798 3034 δὴ
2829 2968 2892 3022 τὸ
2939 2973 3267 3062 κορεσθῆναι
3290 2967 3350 3054 ἐν
3383 2965 3690 3062 πλησμονῇ
3717 2969 3786 3056 τῇ

2125 3039 2413 3116 καπριώσῃ
2445 3040 2604 3116 φασὶ,
2646 3039 2711 3094 τὸ
2754 3039 3120 3116 καταισχύνον
3181 3040 3358 3094 αὐτῶν
3388 3041 3488 3110 τὴν
3519 3039 3790 3114 πορνικήν

2124 3107 2326 3178 ταύτην
2361 3107 2732 3179 δικαιοσύνην,
2766 3118 2878 3169 etc.
2913 3107 3194 3169 Hiimsms.

2199 3188 2314 3266 (7Q)
2345 3184 2569 3269 Κοινάς.
2603 3186 2670 3239 In
2697 3183 2801 3240 lib.
2828 3187 2966 3269 vlle
2997 3184 3217 3269 repub.,
3237 3188 3446 3269 p._655,
3473 3182 3792 3269 Platohlege

2133 3251 2523 3330 sanciendum
2585 3273 2714 3330 esse
2772 3263 2961 3330 putat,
3018 3251 3116 3330 τας
3147 3251 3405 3330 γυναῖκας
3434 3260 3543 3330 τῷν
3576 3251 3790 3330 ἀ-νδριῗιν

2131 3326 2720 3417 πάντωνῧπάσαςςεῖναι
2752 3323 2961 3418 κοιναί,
3015 3325 3137 3418 ἶδίξ
3162 3323 3234 3383 ’δὲ
3285 3323 3479 3418 μηβενὶ
3515 3323 3792 3418 μιρδεμίαν

358 3424 388 3453 ‹‹
410 3397 708 3460 Prmterea
727 3397 1450 3471 candelabra,etlucernaa
1470 3408 1529 3458 et
1549 3419 1726 3458 canes
1744 3402 2015 3472 aliqui,et

2133 3404 2421 3472 συνοικεῖν·
2480 3397 2572 3453 καὶ
2615 3397 2756 3472 τοὺς
2819 3397 3036 3472 παῖδας
3075 3399 3141 3454 αὖ
3203 3397 3443 3466 κοινοὺς,
3499 3397 3588 3472 καὶ
3651 3397 3794 3470 μήτε

359 3475 581 3548 oﬁ‘ulaa,
614 3492 746 3548 qum
777 3475 926 3548 illos
944 3475 1024 3548 ad,
1060 3475 1433 3532 eversionem
1484 3475 1782 3548 luminum
1815 3479 2020 3548 exteng

359 3546 524 3605 dant.
545 3544 575 3596 ni
595 3544 886 3602 Minucius
909 3546 1351 3614 Felix,0ctavio:
1376 3570 1404 3596 «
1429 3545 1517 3601 Ad
1535 3545 1742 3616 epulas
1768 3544 2021 3616 solemni

360 3618 456 3673 die
488 3623 728 3684 coeunt,
751 3634 888 3672 cum
912 3617 1190 3672 omnibus
1213 3617 1442 3684 liberis,
1467 3615 1793 3681 sororibus,
1815 3615 2020 3671 matri-

361 3689 493 3757 bus,
527 3705 704 3745 sexus
739 3689 939 3743 omnis
970 3689 1246 3744 homines
1307 3693 1366 3743 et
1423 3688 1619 3742 omnis
1649 3687 1862 3741 aetatis.
1899 3686 2024 3740 lllic

361 3759 746 3832 postumultas
777 3759 1008 3832 epulas,
1039 3760 1140 3814 ubi
1174 3759 1506 3832 convivium
1539 3757 1742 3832 caluit,
1774 3764 1831 3832 e_t
1857 3759 2019 3832 _in_ce-

364 3829 470 3888 ita:
501 3830 772 3887 libidinis
800 3829 994 3886 fervor
1033 3831 1273 3897 exarsit,
1307 3831 1494 3896 canis,
1529 3829 1631 3901 qui
1663 3829 2022 3884 candelabro

363 3918 553 3975 nexus
586 3907 696 3970 est,
721 3903 889 3975 jactu
917 3903 1115 3958 oﬂ'ulaa
1174 3902 1329 3957 ultra
1360 3901 1633 3975 spatium
1675 3901 1872 3965 lineae,
1907 3916 2026 3975 qua

360 3974 598 4031 vinctus
630 3971 740 4042 est,
773 3974 846 4030 ad
877 3974 1169 4047 impetum
1201 3979 1259 4047 et
1288 3971 1506 4047 saltum
1535 3978 1904 4047 provocatur.
1931 3971 2025 4026 Sic

366 4063 568 4103 everso
583 4052 640 4102 et
653 4047 944 4102 exstincto
963 4044 1202 4101 conscio
1219 4044 1924 4117 lumine,impudentibus
1940 4049 2024 4099 te-

364 4117 569 4175 nebris
589 4134 778 4174 nexus
800 4117 1060 4174 infanda:
1091 4117 1433 4189 cupiditatis
1466 4116 1788 4172 invOlvunt.
1820 4136 1848 4164 »
1880 4117 2023 4171 COL-

365 4207 519 4247 Lscr.
565 4221 634 4231 —
679 4191 1082 4246 Tertullianus
1120 4191 1197 4243 De
1226 4189 1435 4244 anima.
1496 4207 1545 4244 c.
1607 4191 1712 4243 35:
1746 4208 1774 4240 α
1803 4189 2025 4259 Carpo-

365 4261 810 4344 eratespariter
838 4278 1067 4344 magus,
1101 4261 1324 4344 pariter
1361 4259 1739 4316 fornicarius.
1777 4285 1798 4312 ι
1855 4260 2022 4316 Conf.

366 4333 733 4404 Augustinus
765 4335 842 4388 De
873 4333 1088 4399 laceres,
1121 4349 1250 4404 cap.
1287 4333 1344 4388 7.

435 4403 797 4478 (68)_Kax&'w.
858 4403 1318 4478 Convenientius
1373 4405 1603 4473 κακιῶν,
1665 4426 1692 4453 ‹‹
1723 4403 2022 4471 vitiorum,

365 4476 842 4549 improbitatum.
876 4498 907 4527 »
934 4476 1206 4533 SYLBURG.

436 4545 549 4619 (69)
590 4547 876 4620 γΚυπρισῃ.
936 4549 1174 4603 Rectius
1229 4547 1480 4620 fortasse
1555 4545 1825 4620 κυπρίσει·
1892 4563 2024 4620 qua:

366 4625 570 4692 tamen
589 4619 766 4676 lectio
789 4619 864 4692 ad
885 4636 1146 4690 sequens
1169 4619 1356 4692 magis
1380 4635 1558 4692 quam
1581 4619 1654 4675 ad
1668 4619 2025 4691 ’prmcedens

365 4690 704 4763 membrum
717 4691 992 4763 pertinet.
1005 4690 1358 4747 SYLBURGI—
1374 4690 1498 4746 Non
1514 4690 1758 4763 possum
1784 4706 2023 4763 negare,

367 4762 515 4889 quin
545 4761 985 4834 aliquantulum
1014 4779 1109 4819 me
1154 4763 1488 4818 exercuerit
1515 4761 1613 4816 hic
1645 4761 1834 4818 locus.

409 4834 780 4889 octissimum
815 4835 1084 4889 Svlburg.
1108 4851 1183 4889 ne
1205 4851 1492 4889 asseouor
1513 4833 1777 4889 quidem.
1807 4835 1834 4888 C

409 4833 780 4890 octissimum
815 4835 1084 4908 Sylburg.
1108 4851 1183 4890 ne
1205 4851 1492 4908 assequor
1513 4833 1777 4908 quidem.
1807 4835 2024 4908 Carpo-

369 4912 584 4978 crates,
617 4923 795 4978 quem
827 4905 890 4961 in
920 4905 1181 4978 libroDe
1224 4909 1411 4961 anima
1459 4905 1847 4978 fornicarium
1880 4907 2026 4959 Ter-

369 4977 660 5034 tullianus
690 4983 874 5045 vocat,
932 4978 993 5032 in
1052 4977 1544 5043 abominandum,
1574 4977 1770 5046 inquit
1798 4982 2025 5046 auctor,

369 5066 568 5122 usum,
598 5049 686 5122 καὶ
720 5047 1142 5122 ἆθεμιτουργίαν
1177 5049 1343 5122 illam
1375 5065 1564 5122 suam,
1597 5047 1745 5122 falso
1782 5049 2026 5122 nomine

370 5119 1239 5204 dictamoinstitueratditata-qv,
1302 5121 1361 5204 si
1412 5120 1497 5204 sic
1526 5119 1919 5204 appellandus
1951 5119 2029 5174 sit

370 5193 753 5265 turpissimus
766 5199 825 5250 et
837 5194 896 5247 in
911 5191 1848 5265 turpissimumfoedissimumque
1864 5192 2032 5246 ﬁnem

368 5263 680 5321 insiitutus
703 5263 1120 5320 conventuan
1147 5281 1216 5319 eo
1239 5263 1588 5334 quippe.qui
1606 5269 2027 5329 convenerant,

365 5352 580 5420 eo‘rp‘us
598 5337 971 5420 saginabant,
996 5354 1115 5420 non
1138 5337 1256 5391 alia
1280 5335 1352 5390 de
1375 5351 1572 5420 causa,
1602 5351 1780 5405 quam
1808 5341 1874 5416 u_t
1911 5336 2024 5389 vim

378 5407 1109 5475 libidinis—intenderent,
1177 5423 1354 5478 quam
1407 5411 1614 5478 postea
1667 5407 2023 5476 promiscue,

369 5482 666 5537 exstincto
702 5481 953 5550 lumine,
979 5477 1614 5552 explebantLCiboset
1643 5483 1846 5548 potum
1873 5478 2026 5532 exci-

367 5556 494 5607 tare
520 5548 1281 5620 libidinem,ne_mo_nescit.
1308 5548 1472 5605 Unde
1501 5548 1804 5621 eleganter
1824 5555 2028 5604 noster

368 5621 524 5677 libro
553 5616 853 5694 Poedagogi
886 5623 1148 5681 secundo
1209 5639 1336 5693 cap.
1398 5622 1449 5687 1,
1511 5616 1776 5691 ἐδέσματα
1805 5638 2024 5746 πασχιη-

370 5695 574 5745 τιῶντα
601 5702 789 5746 vocat.
824 5713 957 5746 dum
987 5701 1090 5746 aut
1127 5694 1315 5746 nimia
1345 5697 1504 5746 sunt.
1536 5698 1640 5746 aut
1666 5692 1848 5746 nimis
1877 5692 1949 5746 de
1978 5693 2024 5746 i-

370 5695 574 5745 τιῶντα
601 5692 957 5766 vocem—quae
987 5701 1090 5752 aut
1127 5692 1315 5750 nimia
1345 5697 1504 5766 sunt,
1536 5698 1640 5747 aut
1666 5692 1848 5766 nimis
1877 5692 2025 5747 deli-

369 5767 541 5817 cata:
575 5769 635 5818 et
661 5763 982 5822 Menander
1032 5766 1317 5832 comicus,
1371 5764 1702 5845 βινητιῶντα
1735 5763 2024 5891 ξρώματα.

373 5831 558 5887 Plane
589 5833 798 5891 eodem
827 5838 1004 5891 modo
1043 5838 1140 5891 hic
1187 5842 1413 5891 vocant
1434 5835 1657 5891 foedum
1688 5836 1732 5891 i1
1761 5853 1861 5891 um
1887 5837 2024 5891 Car-

373 5831 558 5887 Plane
589 5833 798 5891 eodem
827 5838 1004 5892 modo
1043 5838 1140 5893 hic
1187 5831 1413 5892 vocavit
1434 5831 1657 5893 fmdum
1688 5831 1870 5892 illum
1887 5837 2024 5891 Car-

373 5902 800 5978 pocratitarum
853 5907 1064 5964 luxum
1121 5913 1181 5964 et
1236 5907 1630 5978 saturitatem,
1707 5910 2021 5982 mnpiﬁioav

2131 3472 2298 3548 γονᾶα
2329 3468 2549 3548 ἔκγονον
2584 3469 2784 3548 εἰδᾷναι
2833 3473 2926 3527 τὸν
2982 3471 3168 3548 αὐτοῦ,
3223 3473 3364 3546 μήτε
3410 3469 3580 3548 παῖ-δα
3606 3468 3787 3547 γονέα·

2135 3544 2156 3594 ἐ
2193 3550 2258 3599 ut
2287 3544 2609 3600 mulierum
2638 3544 2901 3602 virorum
2933 3547 3204 3601 omnium
3227 3544 3442 3601 omnes
3474 3546 3596 3600 sint
3622 3544 3792 3600 com-

2130 3633 2364 3681 munes,
2399 3617 2685 3688 nullaque
2716 3617 2991 3687 privatim
3024 3617 3252 3673 habitet
3281 3633 3415 3672 cum
3449 3616 3685 3688 aliquo;
3721 3631 3790 3670 ac

2129 3704 2338 3742 rursus
2370 3693 2434 3741 ut
2456 3689 2577 3742 sint
2596 3687 2770 3760 liberi
2796 3705 3168 3756 communes,
3189 3703 3382 3760 neque
3406 3687 3575 3760 pater
3596 3687 3789 3743 filium

2131 3775 2327 3833 suum,
2357 3775 2553 3833 neque
2600 3758 2760 3814 ﬁlius
2793 3767 3047 3833 patrem
3108 3758 3466 3833 agnoscatf»
3499 3760 3790 3833 Diogenes

2133 3830 2399 3905 Laertius
2433 3830 2494 3905 in
2529 3833 2758 3905 Zenone,
2792 3830 2901 3905 lib.
2937 3849 3055 3905 vn,
3083 3830 3266 3905 segm.
3305 3835 3426 3905 £31,
3455 3830 3790 3905 Stoicorum

2134 3901 2411 3977 dogmata
2440 3901 2812 3977 describens,
2845 3903 2972 3958 haec
3004 3899 3180 3977 dieit':
3233 3899 3474 3977 Ἀρέσκει
3517 3899 3574 3957 δὲ
3604 3901 3792 3962 αὐτοῖς

2131 3971 2448 4051 καὶ-κοινὰς
2474 3971 2738 4051 εἶναιιτὰς
2766 3977 3024 4051 γυναῖκας
3077 3971 3186 4051 ᾅεῖν
3237 3971 3385 4049 παρὰ
3420 3979 3538 4036 τοῖς
3572 3977 3790 4051 σοφοῖς,

2133 4044 2274 4123 ὣστε
2302 4043 2400 4123 τὸν
2431 4043 2729 4123 ἐντυχόντα
2861 4045 3170 4123 ἐντυχούσῃ
3193 4043 3458 4123 χρῆσθαι,
3489 4043 3794 4123 iustique:

2134 4067 2274 4099 ωστε
2302 4067 2394 4098 τον
2431 4067 2729 4119 εντυχοντα
2757 4067 2827 4119 τῃ
2861 4067 3168 4122 εντυχουσῃ
3193 4067 3234 4122 χ
3273 4067 3458 4116 ησυαι,
3489 4067 3629 4110 καθα
3659 4067 3794 4123 φησι

2134 4119 2320 4189 Ζήνων
2381 4114 2449 4189 ἓν
2493 4120 2577 4189 τῇ.
2622 4117 2962 4189 «Πολιτείᾳ,
2999 4142 3027 4169 »
3086 4120 3176 4174 καὶ
3237 4067 3558 4188 ςίρύσιππος
3617 4115 3668 4172 ἐν
3713 4115 3796 4189 τῷ

2135 4213 2165 4241 ‹‹
2359 4186 2730 4267 uoltu-Line,»
2763 4186 3011 4267 ἀλλᾷ’τε
3048 4186 3450 4267 καί-’Διογένης
3481 4193 3510 4246 ὁ
3542 4186 3794 4257 Κυνικὸέ,

2133 4261 2225 4315 καὶ
2257 4260 2510 4318 Πλάτων.
2572 4285 2598 4312 ‹‹
2636 4262 2838 4319 Placet
2894 4265 3036 4319 item
3090 4263 3234 4328 illis,
3279 4260 3495 4321 uxores
3527 4278 3796 4334 quasque

2134 4351 2484 4390 communes
2509 4350 2640 4418 esse
2652 4341 2932 4418 oportere
2955 4336 3113 4418 apud
3137 4337 3529 4418 sapientes,ut
3545 4335 3800 4418 quilibet

2136 4423 2272 4479 cum
2296 4422 2365 4461 ea
2387 4405 2826 4479 congrediatur,
2843 4424 2974 4479 quaa
2994 4405 3107 4462 sibi
3133 4405 3422 4463 occurrit:
3446 4414 3512 4463 ut
3533 4405 3616 4462 ait
3639 4408 3796 4479 Zeno

2136 4478 2198 4532 in
2225 4478 2558 4551 Republica,
2580 4478 2945 4551 Chrysippus
2976 4480 3120 4535 item
3152 4480 3215 4534 in
3247 4480 3401 4536 libro
3433 4481 3500 4534 de
3529 4478 3798 4549 Republi-

2136 4566 2221 4618 ca,
2256 4550 2942 4623 Diogeneitem’Cy’n’ico
2983 4557 3043 4606 et
3083 4551 3330 4607 Platone
3362 4552 3543 4623 hujus
3567 4551 3654 4605 rei
3687 4565 3797 4605 au-

2138 4621 2418 4677 ctoribus.
2453 4643 2480 4670 »
2530 4621 2737 4676 Falsus
2771 4621 3065 4677 Clemens
3115 4625 3402 4692 Recogm’t.
3431 4621 3536 4677 Iib.
3567 4639 3625 4688 ι,
3659 4637 3792 4693 cap.

2137 4696 2166 4746 5
2193 4708 2204 4746 :
2233 4715 2260 4742 ‹‹
2284 4693 2632 4766 Communis
2649 4693 2811 4747 enim
2825 4709 2968 4748 usus
2987 4694 3253 4766 omnium
3274 4711 3406 4766 quae
3429 4694 3654 4766 suntin
3681 4694 3792 4748 hoc

1927 4778 2022 4816 am
2057 4777 2104 4843 ι)
2136 4765 2381 4846 mundo,
2403 4763 2691 4846 omnibus
2723 4780 2853 4846 esse
2892 4765 3240 4846 hominibus
3271 4763 3512 4846 debuit;
3556 4765 3659 4846 sed
3685 4781 3795 4846 per

2139 4836 2516 4906 iniquitatem
2549 4836 2701 4891 alius
2733 4837 2845 4892 hoc
2876 4854 3049 4892 suum
3081 4836 3225 4892 dicit
3256 4839 3567 4905 esse,alius
3597 4836 3748 4892 illud
3774 4855 3788 4903 ;

2139 4913 2196 4962 el.
2218 4909 2300 4962 sic
2324 4909 2481 4981 inter
2499 4908 2784 4981 mortales
2807 4908 3015 4963 divisio
3037 4909 3191 4964 facta
3208 4916 3316 4965 est.
3338 4911 3793 4981 Denique,Grrs-

2139 4996 2343 5034 corum
2372 4980 2614 5050 quidam
2648 4981 3126 5050 sapientissimus
3149 4983 3276 5037 haec
3306 4983 3389 5037 ita
3419 4980 3616 5036 sciens
3637 4997 3793 5046 esse,

2139 5051 2252 5105 ait:
2290 5073 2316 5100 «ι
2351 5053 2672 5106 Communia
2701 5053 2894 5107 debere
2942 5069 3050 5108 esse
3091 5057 3392 5109 amicorum
3423 5055 3644 5116 omnia;
3672 5074 3700 5102 »
3730 5053 3796 5106 in

2139 5123 2416 5197 omnibus
2448 5128 2644 5197 autem
2679 5130 2818 5178 sunt
2847 5125 2975 5179 sine
3009 5125 3188 5180 dubio
3211 5131 3270 5181 et
3295 5125 3597 5197 conjuges,
3629 5130 3797 5197 etca»

2143 5194 2249 5267 Ubi
2273 5195 2357 5249 Cl.
2387 5194 2715 5249 Cotelerius
2740 5197 2865 5251 haec
2889 5197 3224 5252 adnotavit:
3253 5220 3276 5245 (ι
3307 5194 3644 5252 Graecorum
3667 5194 3800 5267 qui-

2141 5266 2276 5320 dam
2313 5267 2833 5337 sapientissimus:
2886 5268 3156 5324 Socrates
3188 5269 3344 5340 apud
3395 5266 3798 5340 Platonemgin

2140 5355 2322 5412 opere
2355 5340 2432 5391 De
2461 5340 2766 5408 republica.
2793 5341 2949 5404 Quos
2970 5342 3104 5395 ideo
3127 5338 3386 5412 arguunt
3406 5340 3674 5412 plurimi,
3697 5338 3802 5393 de-

2138 5410 2386 5464 fendere
2403 5427 2538 5465 vero
2563 5417 2860 5466 conantur
2872 5412 2995 5478 alii;
3015 5419 3081 5467 ut
3095 5410 3326 5468 discere
3345 5410 3433 5467 est
3454 5429 3522 5466 ex
3544 5411 3801 5466 lectione

2139 5482 2466 5537 Clementis
2495 5482 2880 5538 Alexandrini
2912 5485 3116 5539 Strom.
3151 5501 3252 5550 in;
3315 5484 3514 5538 Ariani
3571 5484 3634 5538 in
3664 5483 3802 5553 Epi-

2138 5559 2277 5608 ctet.
2313 5554 2416 5608 lib.
2448 5571 2508 5619 n,
2535 5571 2584 5609 c.
2612 5557 2678 5620 4;
2706 5555 2945 5610 Luciani
2973 5556 3034 5609 in
3057 5558 3330 5626 Fugitivis
3351 5573 3364 5620 ;
3388 5554 3626 5611 Eusebii
3647 5557 3798 5610 Prae-

2130 5633 2324 5695 parat.
2353 5642 2548 5698 evang.
2592 5626 2695 5682 lib.
2757 5643 2883 5690 xm,
2933 5643 3060 5698 cap.
3112 5631 3226 5698 719;
3285 5627 3638 5682 Theodoreti
3672 5642 3800 5681 ser-

2138 5712 2316 5751 mone
2348 5699 2424 5752 De
2455 5697 2683 5765 legibus,
2720 5714 2788 5754 ac
2829 5697 3048 5754 Nicetis
3091 5697 3394 5755 Choniatm
3435 5699 3538 5755 lib.
3569 5714 3623 5753 ιν
3656 5697 3796 5752 The-

2135 5771 2308 5836 sauri,
2341 5785 2471 5840 cap.
2501 5772 2586 5840 10.
2615 5790 2642 5818 ››

2220 5841 2334 5916 (71)
2365 5839 2616 5916 Lympth
2639 5839 2734 5916 καὶ
2762 5850 2880 5916 θυγ.
2941 5841 3107 5900 Conf.
3168 5857 3299 5915 quae
3346 5842 3618 5916 superius
3648 5840 3800 5899 dixit

2146 5915 2353 5966 auctor
2379 5911 2606 5981 Padag.
2639 5911 2744 5968 lib.
2777 5929 2798 5969 ι
2829 5911 2958 5987 cap.
2995 5917 3049 5986 7,
3102 5918 3160 5970 et
3185 5911 3339 5987 ‘quea
3387 5911 3468 5970 ibi
3517 5914 3801 5972 adnotata
