4144 6402
398 326 536 383 1131

1630 317 2042 371 ΟῐιΕὶΙΕΝΤΙΒ
2078 318 2269 373 ΑιιτΧ
2279 319 2580 375 ANDRINI

3680 313 3822 372 1132

395 454 737 522 sequentes,
768 445 866 516 qui
896 445 1022 516 ejus
1055 441 1328 496 hmresim
1360 445 1820 510 persequuntur,
1849 439 2046 510 impu-

2161 438 2351 501 ἁπλῶς
2382 441 2470 495 καὶ
2501 435 2896 506 ἀϐασανίστως,
2957 436 3376 514 ἐλπορνεύουσιν
3421 435 3651 508 ἀναίδην
3705 442 3818 508 (59)

397 540 612 596 denter
642 538 943 604 eﬂ‘useque
973 532 1344 586 fornicamur
1370 531 1485 602 Ego
1518 536 1716 584 autem
1748 528 1926 584 audio
1962 528 2052 584 Ni-

401 629 638 684 colaum
670 624 912 696 quidem
944 621 1111 675 nulla
1144 636 1411 690 unquam
1439 620 1765 689 alia,quam
1800 635 1888 684 ea,
1917 635 2049 688 qum

399 719 449 774 ei
483 720 786 788 nupserat,
818 727 999 767 uxore
1028 727 1200 765 usum
1235 726 1364 764 esse
1390 726 1404 775 ;
1438 715 1498 764 et
1526 726 1597 763 ex
1628 709 1791 763 illius
1822 707 2048 776 liberis,

396 806 553 861 ﬂlias
585 803 825 875 quidem
857 800 1245 856 consenuisse
1286 799 1561 871 virgines,
1618 798 1807 852 lilium
1849 805 2050 853 autem

395 893 797 967 permansisse
822 890 1398 961 incorruptum.Quaz
1421 905 1555 944 cum
1579 888 1660 942 ita
1683 904 1744 943 se
1768 887 2049 955 habeant,

394 983 518 1037 vitii
552 988 679 1037 erat
724 979 996 1052 depulsio
1042 986 1219 1049 atque
1268 978 1636 1049 expurgatio,
1671 977 1732 1031 in
1786 976 2051 1032 medium

393 1072 801 1145 apostolorum
849 1068 1230 1124 circumactio
1280 1068 1502 1133 uxoris,
1532 1067 1703 1138 cujus
1744 1066 2052 1121 dicebatur

383 1161 661 1217 laborare
693 1159 984 1231 zelotypia
1017 1175 1028 1212 :
1063 1164 1121 1213 et
1162 1157 1533 1213 continentia
1562 1172 1596 1211 a
1626 1155 2046 1227 voluptatibus,

392 1269 524 1323 qum
572 1268 788 1324 magno
845 1250 1042 1305 studio
1091 1250 1287 1321 parari
1339 1248 1554 1317 solent,
1586 1247 1837 1304 docebat
1874 1247 2047 1316 illud,

392 1364 414 1394 ι
452 1342 614 1398 abuti
647 1358 847 1407 carne,
880 1363 908 1391 ››
944 1341 1056 1396 hoc
1090 1346 1198 1406 est,
1233 1356 1508 1395 exercere
1550 1356 1813 1394 carnem.
1849 1340 2048 1408 Neque

386 1434 569 1493 enim.
607 1436 670 1486 ut
704 1430 999 1498 existimo,
1033 1429 1329 1494 volebant,
1360 1429 1782 1484 convenienter
1810 1427 2048 1483 Domini

384 1520 981 1592 prmcepto,uduobus
1003 1519 1263 1574 dominis
1281 1519 1498 1573 servire
1517 1519 1651 1589 (αλιι
1677 1518 1965 1589 voluptati
1991 1522 2051 1572 et

386 1610 751 1665 Deo.Dicunt
783 1610 982 1681 itaque
1017 1608 1319 1663 Mattliiam
1354 1624 1589 1679 quoque
1618 1607 1703 1662 sic
1734 1607 2045 1663 docuisse:

386 1720 414 1749 «
448 1701 591 1754 Cum
625 1716 803 1754 carne
854 1700 1096 1770 quidem
1147 1715 1433 1770 pugnare,
1469 1703 1526 1751 et
1556 1714 1625 1752 ea
1663 1697 1773 1760 uti,
1804 1696 1957 1752 nihil
1990 1697 2044 1752 ei

381 1786 1074 1875 impudicumlargiendo
1098 1787 1172 1842 ad
1194 1786 1589 1858 voluptatem;
1606 1803 1819 1859 augere
1844 1792 2044 1841 autem
2077 1812 2122 1877 Β

386 1871 650 1931 animam
681 1894 787 1948 per
817 1876 999 1931 ﬁdem
1030 1882 1089 1931 et
1119 1876 1543 1949 cognitionem.
1577 1898 1603 1927 υ
1641 1876 1785 1931 Sunt
1822 1881 2041 1945 autem,

387 1964 489 2035 qui
522 1964 702 2018 etiam
750 1963 1051 2035 publicam
1083 1980 1359 2019 venerem
1406 1963 1800 2035 pronuntiant
1835 1963 2043 2035 mysti-

385 2068 517 2108 cam
562 2053 1092 2118 communionem;
1121 2057 1180 2108 et
1229 2053 1313 2107 sic
1344 2053 1542 2121 ipsum
1580 2069 1801 2108 nomen
1832 2059 2039 2108 contu-

382 2142 565 2197 melia
593 2141 883 2198 afﬁciunt.
932 2143 1091 2197 Sicut
1123 2142 1283 2197 enim
1328 2141 1562 2213 operari
1593 2158 1730 2197 eum
1762 2142 2039 2207 dicimus,

380 2237 508 2286 tum
542 2230 643 2301 qui
675 2230 904 2286 malum
934 2230 1179 2301 aliquod
1226 2230 1387 2298 facit,
1423 2236 1547 2285 tum
1581 2232 1760 2286 etiam
1801 2231 1902 2301 qui
1934 2229 2037 2285 bo-

380 2336 549 2385 num,
582 2319 742 2373 idem
789 2336 1010 2374 nomen
1062 2320 1299 2390 utrique
1344 2320 1711 2386 tribuentes;
1745 2320 1904 2376 haud
1934 2319 2038 2374 ali-

383 2414 474 2463 ter
495 2431 521 2458 ‹‹
542 2409 883 2465 communio
906 2432 931 2457 »
947 2409 1224 2479 usurpari
1244 2408 1396 2463 solet
1421 2426 1434 2475 ;
1460 2425 1599 2464 nam
1622 2408 1780 2464 bona
1793 2409 2035 2480 quidem

384 2503 475 2553 est
504 2497 565 2553 in
595 2498 1134 2553 communicatione
1164 2503 1292 2553 tum
1343 2499 1637 2569 pecunim,
1675 2504 1798 2554 tum
1846 2498 2036 2553 nutri-

382 2587 571 2643 menti
598 2591 657 2642 et
687 2587 930 2643 vestitus
965 2604 978 2643 :
1010 2587 1100 2642 illi
1133 2593 1332 2643 autem
1364 2588 1695 2659 quamlibet
1724 2604 2035 2645 veneream

458 2686 534 2755 (a)
566 2686 766 2741 Matth.
801 2703 877 2755 vr,
911 2689 1017 2754 24;
1054 2688 1190 2743 Luc.
1223 2704 1339 2753 xvr,
1377 2690 1463 2743 13.

455 2788 567 2857 (ὅθ)
622 2784 1096 2859 Ἐκπορνεύουσιν,
1131 2782 1380 2857 ἀναίδην.
1440 2786 1753 2856 Eusebius,
1808 2782 2038 2857 ἀναίδην

382 2855 819 2924 ἐκπορνεύουσιν,
851 2858 1081 2915 inverso
1114 2855 1345 2915 ordine.

455 2925 569 2997 (60)
596 2933 715 3003 Τῶν
737 2930 783 2982 τ’
815 2928 894 2985 ἐκ.
927 2934 1046 2986 Τῶν
1092 2950 1154 2983 τε
1181 2929 1387 2984 ἐκείνου
1416 2929 1615 2984 τέκνων
1646 2929 1742 2990 τὰς
1778 2929 1873 3003 μὶν
1908 2925 2037 2998 δηλ.

382 3004 522 3056 Eus.
557 3002 906 3074 elegantius.

455 3070 1304 3149 (6t).TXeOopotheodoretus
1324 3070 1511 3149 ἠίθεον
1536 3074 2038 3149 explicat.E_st_au-

381 3142 503 3200 tem
523 3142 1070 3219 ἠίθεοςβοουηάιιω
1087 3146 1465 3219 Hesychium,
1485 3142 1695 3219 ἄγ’αρος
1715 3170 1742 3219 ι(
1763 3147 2000 3219 caelebs.
2014 3169 2034 3194 ι

456 3163 503 3199 m
523 3163 1062 3213 mueoq,secunuum
1087 3163 1198 3200 nes

456 3219 565 3288 (62)
582 3214 692 3288 ΔΕἷς
732 3215 894 3288 μέσον
919 3216 1140 3288 τῶν-ἀπ.
1174 3163 1237 3271 ’ᾔ

379 3285 479 3356 τῆς
509 3285 1001 3360 ζηλοτυπουμένης
1030 3286 1109 3343 ἐκ.
1142 3289 1356 3346 Euseb.

454 3363 568 3431 (63)
600 3361 1011 3435 Παραχοὴσθαι.
1044 3361 1154 3416 Illa
1198 3361 1392 3428 verba,
1446 3384 1469 3412 α
1505 3361 1617 3416 hoc
1648 3367 1737 3417 est
1763 3378 2037 3418 exercere

382 3450 644 3504 carnem,
685 3433 922 3504 adjecit
976 3435 1296 3487 Hervetus:
1358 3450 1496 3504 nam
1557 3435 1755 3504 Griece
1805 3441 2039 3489 tantum

384 3512 494 3568 est,
551 3505 587 3572 ἡ
620 3501 899 3577 ἐγκράτεια
936 3509 1062 3577 rd)!
1077 3501 1561 3577 περισπουδάστων
1593 3502 1806 3571 ἡδονῶν
1834 3505 1896 3559 τὸ
1924 3524 2038 3558 πα-

420 3572 792 3650 αχρῆσθαιτῇ
825 3576 981 3649 σαρκί
1015 3572 1314 3650 ἐδίδασκεν.
1371 3577 1623 3631 Ruﬁnus
1649 3593 1672 3650 :A
1726 3597 1750 3628 ι
1785 3578 1907 3642 Quo
1935 3593 2043 3650 per

406 3647 507 3702 ioc
528 3647 934 3704 continentem
967 3665 1028 3703 se
1059 3647 1401 3703 ostenderet
1432 3649 1560 3719 ejus
1592 3648 1701 3710 rei,
1734 3665 1912 3718 quam
1945 3647 2039 3702 ni-

385 3718 507 3774 mio
520 3719 839 3790 putabatur
849 3737 993 3791 expe
1004 3718 1649 3786 tere,contemnendam
1664 3720 1850 3791 magis
1862 3736 2041 3791 quam

390 3792 780 3862 expetendam
834 3793 1031 3847 carnis
1086 3792 1341 3846 edocens
1367 3791 1749 3861 voluptatem.
1784 3814 1813 3841 ››
1872 3791 2040 3846 Chri—

389 3863 685 3934 stophors.
714 3881 726 3917 :
765 3885 792 3913 ‹‹
822 3864 1155 3929 Quinetiam
1190 3864 1317 3934 ejus
1340 3864 1712 3917 continentia
1741 3862 1802 3917 in
1833 3863 2038 3934 volup-

386 3939 575 3988 tatum
606 3935 980 4006 depulsione,
1013 3936 1088 3991 ad
1120 3952 1267 4005 quas
1298 3934 1738 4006 conquirendas
1771 3934 2040 4005 plerique

385 4006 571 4060 nimio
587 4005 782 4061 studio
797 4007 1219 4071 incitabuntur,
1245 4006 1554 4077 perspicue
1571 4005 1837 4071 docebat,
1862 4022 2039 4061 carne

382 4077 545 4132 abuti
602 4087 895 4150 oportere,
957 4096 1074 4149 quo
1103 4078 1230 4148 ejus
1256 4080 1598 4150 refrenetur
1650 4078 1852 4150 libido.
1916 4080 2039 4133 Non

382 4150 541 4203 enim
565 4148 762 4217 credo,
799 4148 1127 4205 secundum
1162 4148 1394 4203 Domini
1424 4148 1769 4203 mandatum
1808 4149 2041 4205 duobus

380 4221 641 4293 dominis
674 4222 958 4277 inservire
988 4220 1190 4275 voluit.
1220 4243 1254 4293 γ»
1286 4223 1475 4293 Atque
1508 4221 1660 4293 hanc
1692 4221 2042 4293 interpreta-

378 4292 605 4348 tionem
629 4293 993 4348 substituere
1027 4299 1192 4362 potes
1215 4292 1273 4346 in
1298 4291 1493 4347 locum
1521 4292 1760 4347 illorum
1784 4291 2035 4358 Herveti,

380 4386 407 4414 «
442 4371 501 4418 et
529 4365 897 4421 continentia
926 4380 961 4418 a
987 4364 1384 4433 voluptatibus
1416 4386 1443 4412 ››
1486 4381 1675 4434 usque
1728 4364 1823 4430 ad,
1877 4388 1906 4415 «
1938 4366 2034 4420 Di-

378 4441 522 4506 cunt
551 4437 831 4506 itaque._-
857 4438 1014 4506 ﬁam
1047 4434 1205 4505 quod
1236 4435 1394 4505 apud
1425 4436 1791 4491 Clementem
1824 4444 1933 4497 est.
1970 4436 2035 4490 ού

377 4501 712 4578 γᾲολοῖμᾶι,
741 4501 1531 4578 ἐϐούλοντολοοιτὶξζθηιιυῐῐι
1565 4515 1656 4562 est
1684 4526 1754 4562 ex
1784 4509 2035 4564 Eusebio

378 4571 659 4649 ἐϐούλετο.
699 4571 901 4632 Ῥοιτο
951 4576 1111 4649 quod
1166 4571 1313 4632 dixit
1341 4579 1636 4638 Clemens.
1691 4580 1879 4635 filium
1916 4582 2033 4649 ΔΝί-

377 4648 528 4731 colai
569 4646 1055 4731 «"permansisse
1114 4649 1549 4731 i‘ncAorrup‘tum,
1611 4649 1863 4731 ἄφθορον.
1911 4646 2030 4705 δια-

379 4724 582 4791 μεῖναι,
614 4720 975 4797 Νἰᾳρρὶιοΐυε
1024 4720 1074 4774 ἐν
1121 4720 1564 4797 ἀφ-θορίᾳηάίοὶη
1600 4729 1659 4779 et
1689 4720 1818 4797 ejus
1851 4724 2030 4780 inter-

374 4808 534 4863 pres,
558 4816 585 4843 ‹‹
610 4794 671 4848 in
692 4793 1035 4865 incorrupto
1050 4792 1322 4849 crelibatu
1345 4792 1767 4865 permansisse.
1797 4818 1825 4846 »
1847 4797 2028 4852 Theo-

375 4864 619 4940 doretus
650 4864 983 4940 _Nico_laum
1040 4865 1146 4940 ait.»
1201 4867 1267 4940 τᾷ
1320 4864 1481 4940 τέκνα
1525 4867 1626 4934 τήν
1685 4867 1817 4940 ὑπὲρ
1865 4865 2023 4940 φύσιν

374 4932 586 5009 ἁγνείαν
636 4932 1013 5009 Ῠέκπαιδεῧσαι,
1064 4936 1152 4990 καὶ
1209 4939 1299 4991 τὸν
1365 4938 1457 5008 μὲν
1513 4932 1628 4993 υἱὸν
1681 4932 2027 5008 ἠίθεονδια-

377 5008 573 5081 μεῖναι,
634 5008 851 5062 liberos
912 5012 1631 5081 suossupernaturalem
1691 5012 2025 5067 castitatem

371 5079 665 5154 docuisse,
698 5087 758 5135 et
784 5081 972 5135 filium
995 5079 1235 5154 quidem
1255 5083 1521 5139 czelibem
1547 5083 1965 5154 permansisse.
1995 5104 2023 5133 ››

371 5152 619 5206 Ruﬁnus
649 5168 884 5222 quoque
912 5170 923 5206 :
959 5177 985 5202 ‹‹
1022 5152 1202 5208 Filius
1233 5161 1429 5209 autem
1463 5152 1795 5210 castitatem
1829 5156 2027 5208 incor-

369 5226 534 5296 rupti
552 5224 815 5295 corporis
837 5224 1168 5285 custodivit.
1200 5250 1225 5273 ››
1248 5226 1465 5281 melius
1480 5244 1659 5296 quam
1683 5226 2019 5295 Christoph.

370 5317 396 5342 ‹‹
432 5295 645 5349 Filium
697 5296 872 5350 vitam
924 5314 1133 5367 puram
1185 5303 1243 5351 et
1288 5299 1455 5352 nulla
1486 5295 1637 5351 labis
1670 5297 2022 5368 contagione

367 5382 669 5438 aspersam
706 5368 1057 5424 traduxisse.
1096 5393 1114 5417 υ
1156 5376 1352 5423 Potest
1381 5369 1539 5423 enim
1576 5376 1634 5422 et
1656 5368 1790 5422 labe
1821 5385 2021 5424 carere

365 5445 532 5511 torus
592 5439 1010 5511 inmaculatus
1058 5440 1340 5511 conjugii.
1375 5441 1650 5511 Clemens
1682 5456 1818 5507 ergo
1851 5440 2022 5511 Nico-

363 5507 523 5563 laum
558 5510 641 5564 ait
671 5528 839 5566 suam
872 5528 1113 5565 uxorem
1156 5507 1515 5577 vulgantem.
1578 5510 1634 5563 id
1694 5512 1902 5565 fecisse
1957 5508 2019 5564 ού

362 5584 777 5649 νομοθετοῦντα,
812 5584 976 5637 utait
999 5583 1424 5645 Theodoretus,
1452 5605 1478 5631 «
1505 5598 1622 5636 non
1645 5582 2015 5651 jubentem.»

366 5665 427 5727 se
458 5656 524 5703 ut
552 5660 927 5727 accusatores
986 5654 1406 5727 redargueret;
1461 5653 1774 5727 hwreticos
1819 5660 2018 5710 autem

363 5720 684 5800 immerito,
708 5731 773 5777 ut
792 5724 876 5777 ait
896 5720 1510 5800 Augustinusfactum
1543 5725 1676 5800 ejus
1700 5726 1763 5800 in_
1779 5732 2017 5800 sectam

362 5793 766 5860 turpissimam
800 5793 1064 5859 vertisse.
1115 5813 1233 5868 qua
1269 5796 1466 5868 placet
1492 5793 1634 5854 usus
1665 5798 2018 5855 indiﬂ‘erens

2160 530 2218 583 οἱ
2245 530 2345 598 τήν
2378 527 2580 604 αἳρεσιν
2613 529 2780 585 αὐτοῦ
2808 529 3105 603 μετιόντες.
3149 529 3496 602 Πυνθάνομαι
3547 526 3595 583 δ’
3645 526 3821 603 ἔγωγε

2156 619 2249 673 τὸν
2300 618 2572 674 Νικόλαον
2630 616 2876 691 μηδεμία
2922 619 3081 694 ἒτέρᾳ
3128 623 3255 690 παρ’
3310 617 3378 687 ἦν
3437 612 3670 693 ἔγημεν,
3725 638 3821 672 κε-

2160 711 2401 783 χρῆσθαι
2457 709 2695 784 γυναικί·
2753 712 2861 763 τῶν
2919 709 2967 763 τ’
3026 707 3236 763 ἐκείνου
3293 711 3406 779 (60)
3460 710 3666 762 τέκνων
3707 708 3821 776 οη-

2159 795 2308 860 λείας
2361 798 2456 870 μὲν
2500 802 2877 872 ωταγηρᾶσαι
2935 797 3257 871 παρθένους,
3319 795 3558 872 ἄιροορον
3613 799 3728 869 (61)
3762 792 3824 850 δὶ

2157 883 2433 959 διαμεῖναι
2484 887 2578 942 τὸν
2633 885 2772 942 υἱόν.
2826 888 2920 941 Ὧν
2982 884 3153 947 οὕτως
3207 884 3450 960 ἐχόντων
3488 929 3504 953 ,
3556 879 3819 952 ἀποϐολὴ

2155 975 2362 1040 πάθους
2418 976 2509 1046 ἦν,
2569 975 2646 1039 είς
2709 976 2868 1049 μέσον
2922 979 3031 1030 τῶν
3087 974 3411 1030 ἀποστόλων
3470 977 3583 1048 (62)
3630 976 3666 1043 ἡ
3716 979 3820 1043 τῆς

2157 1065 2649 1139 ζηλοτυπουμένης
2708 1063 3037 1135 ἐκκύκλησις
3087 1062 3361 1138 γυναικός’
3412 1063 3504 1119 καὶ
3552 1066 3589 1134 ἡ
3619 1062 3823 1137 ἐγκρά-

2155 1175 2273 1209 τεια
2326 1159 2434 1209 τῶν
2492 1151 2975 1229 περισπουδάστων
3035 1151 3273 1226 ἡδονῶν,
3320 1154 3385 1209 τὸ
3448 1175 3475 1207 ιι
3529 1158 3823 1230 παραχρῆ-

2157 1256 2278 1308 σθαι
2353 1247 2464 1318 (63)
2539 1247 2610 1318 τῇ
2685 1244 2843 1317 σαρκὶ
2896 1267 2925 1295 ››
2992 1240 3290 1299 ἐδίδασκεν.
3343 1243 3420 1298 Ού
3467 1241 3593 1319 γὰρ,
3639 1242 3819 1315 οἶμαι,

2155 1330 2452 1390 ἐϐούλοντο
2509 1339 2643 1408 (64),
2699 1335 2837 1390 κατά
2892 1336 2994 1404 τήν
3051 1339 3148 1389 τοῦ
3209 1340 3471 1411 Σωτῆρος
3530 1330 3763 1403 ἐντολὴν
3800 1379 3817 1405 ,

2159 1422 2276 1480 δυσὶ
2331 1424 2547 1499 κυρίοις
2609 1420 2909 1494 δουλεύειν,
2965 1448 2994 1476 ››
3034 1420 3210 1495 ἡδονῇ
3262 1435 3353 1478 καί
3402 1426 3520 1495 Θεῷ
3549 1425 3683 1497 (65).
3716 1423 3821 1477 Λὲ-

2155 1535 2313 1589 γουσι
2362 1517 2496 1588 γοῦν
2540 1513 2631 1568 καὶ
2676 1514 2768 1568 τὸν
2820 1512 3059 1568 Ματθίαν
3108 1512 3252 1569 οὕτω
3296 1509 3528 1586 διδάξαι.
3583 1535 3613 1564 «ι
3644 1510 3817 1582 Σαρκὶ

2159 1603 2256 1675 μὶν
2317 1602 2587 1677 μάχεσθαι
2641 1603 2732 1657 καί
2787 1603 3179 1678 παραχρῆσθαι
3235 1605 3390 1675 (66),
3452 1602 3621 1676 μηθὶν
3672 1600 3815 1674 αὐτῇ

2153 1694 2290 1765 πρὸς
2346 1690 2551 1762 ἡδονήν
2607 1691 2907 1748 ἀκόλαστον
2969 1697 3083 1766 (67)
3132 1689 3450 1748 ἐνδιδόντα·
3513 1692 3700 1768 ψυχὴν
3757 1687 3819 1746 δὶ

2153 1779 2327 1852 αὔξειν
2403 1779 2495 1837 διὰ
2562 1781 2798 1844 πίστεως
2859 1782 2948 1836 καὶ
3023 1802 3276 1859 γνωσεως
3352 1784 3487 1855 (68).
3549 1780 3704 1839 Εἰσὶν
3762 1777 3817 1835 δ’

2154 1868 2207 1925 οἳ
2237 1874 2344 1944 (69)
2396 1872 2495 1937 τὴν
2527 1867 2820 1944 πάνδημον
2853 1867 3179 1949 Ἀφροδίτην
3211 1868 3496 1926 κοινωνίαν
3543 1870 3816 1945 μυστικὴν

2152 1959 2612 2035 ἀναγορεύουσιν,
2669 1954 3043 2035 ἑνυϐρίζοντες
3103 1962 3194 2015 καὶ
3249 1965 3331 2032 τῷ
3389 1958 3617 2033 ὀνόματι
3673 1963 3815 2035 (70)⁶

2153 2048 2365 2124 λέγεται
2430 2050 2534 2125 γὰρ
2588 2048 2678 2104 καὶ
2735 2050 2798 2104 τὸ
2869 2055 3045 2105 ποιεῖν
3101 2071 3153 2105 τι
3206 2050 3372 2105 κακὸν
3446 2047 3762 2126 ἐργάζεσθαι
3797 2091 3815 2121 ,

2152 2138 2334 2213 ὥσπερ
2390 2138 2452 2192 ἃν
2495 2138 2586 2194 καὶ
2640 2138 2705 2194 τὸ
2760 2139 2963 2213 ἀγαθόν
2990 2161 3067 2209 τι,
3099 2139 3415 2213 ὁμωνύμως
3466 2139 3810 2215 ἐργάζεσθαι·

2149 2227 2361 2301 ὁμοίως
2392 2225 2449 2282 δὲ
2499 2228 2589 2282 καὶ
2623 2252 2652 2279 ι(
2685 2230 2720 2298 ἡ
2754 2228 3032 2284 κοινωνία·
3068 2254 3089 2283 ι
3143 2228 3343 2305 ἀγαθὰν
3396 2226 3455 2285 δὲ
3483 2228 3575 2285 καὶ
3606 2227 3658 2285 ἐν
3713 2249 3811 2304 με·

2145 2314 2362 2372 ταδόσει
2416 2317 2677 2392 ἀργύριον
2728 2320 2863 2391 (71),
2914 2317 3005 2373 καὶ
3061 2325 3294 2393 τροφῆς,
3352 2317 3444 2374 καὶ
3493 2316 3718 2383 στολῖς·
3754 2318 3809 2374 οἷ

2147 2404 2206 2461 δὶ
2264 2407 2353 2462 καὶ
2409 2408 2511 2476 τὴν
2572 2404 3041 2477 ὁποιανδηποτοῦν
3085 2406 3420 2485 ἀφροδισίων
3476 2407 3809 2482 συμπλοκὴν

2146 2494 2435 2551 κοινωνίαν
2496 2490 2705 2559 ἀσεϐῶς
2761 2495 3113 2567 κεκλήκασιν.
3172 2496 3313 2551 Φασὶ
3371 2500 3502 2571 γοῦν
3548 2518 3671 2552 τινα
3709 2497 3810 2554 αύ-

2146 2590 2296 2657 τῶν,
2344 2583 2588 2661 ἡμετέρᾳ
2633 2586 2921 2661 παρθένῳ,
2980 2584 3158 2660 ὡραία
3210 2588 3310 2656 τήν
3353 2582 3511 2661 ὄψιν,
3566 2587 3813 2663 προσελ-

2148 2786 2675 2859 feminarum,nam
2690 2786 2741 2841 ei
2764 2786 2975 2842 sceleri
2993 2787 3181 2842 etvita
3200 2792 3259 2843 et
3279 2787 3436 2844 dicta
3449 2788 3580 2859 ejus
3602 2788 3813 2844 adver-

2150 2859 2480 2933 sabanturq
2496 2858 2774 2933 potarier.
2814 2888 2881 2933 ς
2916 2859 3309 2933 Παραχρᾶσθαι
3337 2858 3558 2933 iterum
3588 2861 3809 2933 Euseb.

2221 2932 2332 3001 (64)
2362 2929 2429 2984 Ὀ
2463 2921 2779 3006 ἐβούλοντο.
2814 2921 3288 3006 Eus_eb'._r30tius
3336 2925 3621 3001 ὶϐούλετο,
3652 2932 3808 3006 sing.

2149 3000 2401 3074 numero
2427 3018 2439 3055 :
2474 3000 2546 3057 de
2573 3001 2811 3074 Nicolao
2843 3002 3005 3058 enim
3037 3002 3323 3074 loquitur.

2222 3073 2335 3145 (65)
2368 3075 2503 3141 Θεῷ.
2539 3072 2721 3145 Κυρίῳ
2750 3074 2963 3130 Euseb.

2222 3148 2329 3220 (66)
2389 3145 2778 3220 Παραχρᾶσθαι
2826 3145 3253 3220 ’Παραχρῆσοαμ
3308 3146 3529 3203 iterum
3589 3146 3807 3204 Euseb.

1228 3217 1244 3271 Ι
1276 3215 1353 3301 sic:
1385 3213 1545 3289 μέσον
1576 3213 1683 3271 τῶν
1708 3215 2036 3273 ἀποστόλων
2066 3235 2113 3301 c
2151 3213 2328 3301 Dein,
2357 3213 2525 3301 ξιῃδξιν
2548 3213 2666 3290 ’ᾗῇΓο
2703 3213 2891 3301 μηθέν.

2223 3291 2334 3359 (67)
2360 3286 2719 3359 Ἀκόλαστονζ
2761 3290 2945 3345 Abest
2974 3289 3046 3345 ab
3089 3288 3302 3344 Euseb.

2220 3358 2330 3431 ('68)
2362 3358 2637 3423 Γνώσεως.
2670 3362 2967 3417 Hactenus
3015 3361 3339 3418 Clementis
3385 3360 3563 3418 verba
3590 3362 3808 3419 recita-

2147 3433 2512 3574 “igslisﬁi’a'zv
2547 3499 2593 3557 δ’
2626 3501 2698 3557 οἳ.
2733 3505 2854 3560 Hoc
2902 3504 3295 3560 sectatoribus
3328 3503 3561 3560 Prodici
3594 3503 3809 3560 tribuit

2147 3575 2552 3632 Theodoretus
2595 3576 2751 3631 lib.1
2802 3579 2876 3632 Dc
2924 3576 3164 3631 Iwretic.
3212 3577 3354 3645 fab.,
3407 3575 3509 3631 ubi
3559 3583 3619 3631 et
3673 3577 3806 3632 haec

2148 3647 2471 3703 Clementis
2502 3648 2678 3703 verba
2707 3648 2869 3709 citat.
2903 3648 3163 3719 itemque
3197 3648 3302 3703 illa
3330 3665 3387 3718 p.
3424 3650 3568 3703 457:
3607 3670 3627 3700 ι
3662 3649 3806 3704 Om-

2149 3720 2313 3774 nium
2373 3720 2687 3774 hominum
2747 3720 3163 3787 infeiicissimi,
3198 3741 3226 3769 ››
3287 3725 3397 3774 etc.
3428 3719 3697 3775 COLLBCT.
3735 3751 3803 3762 —-

2148 3789 2550 3846 Theodoretus
2593 3792 2796 3845 Haret.
2846 3792 2963 3859 fab.
3022 3790 3125 3845 lib.
3184 3808 3223 3851 ι.
3285 3808 3413 3862 cap.
3467 3793 3520 3854 6,
3579 3795 3797 3862 p.197.

2149 3862 2406 3925 Prodici,
2464 3862 2875 3918 Adamitarum
2935 3869 3109 3917 secta)
3166 3862 3459 3929 auctoris,
3502 3863 3810 3919 erroribus

2150 3934 2538 4008 enumeratis,
2586 3934 2716 4008 haec
2767 3933 3008 4008 adjicit:
3060 3931 3160 4008 [ξαξ
3201 3928 3516 4008 τούτου-δὴ
3559 3934 3809 4008 tripl-iuga

2147 4003 2239 4079 τὸν
2303 4006 2638 4079 Στρωματεα
2685 4002 2986 4079 παρέξομαι
3043 4002 3359 4079 Κλήμεντα,
3413 4002 3810 4079 ξερὸνξλᾶνδρα,

2147 4076 2239 4150 καὶ
2296 4073 2620 4150 τολυπειρίᾳ
2668 4073 2906 4138 ἅπαντας
2957 4073 3324 4133 ἀπολιπόντα.
3361 4073 3522 4150 Λέγει
3555 4073 3602 4130 δ’
3634 4073 3811 4141 οὕτως

2150 4148 2201 4231 ἐν
2249 4153 2328 4218 τῷ
2373 4148 2542 4231 τρίτῳ
2576 4154 2690 4231 1:va
2745 4150 3143 4231 Στρωματὲων.
3205 4174 3229 4199 ‹‹
3265 4148 3562 4231 Cujus—rei
3594 4156 3809 4206 testem

2149 4223 2545 4277 Stromateum
2568 4222 2936 4277 Clementem
2968 4222 3507 4293 producam.virum
3532 4231 3808 4277 sanctum

2149 4301 2207 4348 et
2232 4294 2332 4364 qui
2363 4294 2729 4349 abundantia
2788 4294 3074 4349 doctrinas
3127 4294 3404 4348 omnibus
3434 4294 3805 4349 antecelluit.

2148 4367 2240 4420 Sic
2272 4371 2470 4421 autem
2505 4366 2770 4437 loquitur
2799 4367 2861 4421 in
2910 4366 3085 4420 tertio
3135 4365 3516 4437 Stromatum.
3579 4387 3607 4415 ‹‹
3658 4367 3806 4421 Tum

2149 4445 2481 4508 sequuntur
2499 4434 2823 4508 Clementis
2841 4437 3015 4492 verba
3035 4453 3224 4507 usque
3246 4437 3320 4492 ad
3343 4434 3594 4508 ὀνόματι.
3619 4438 3806 4493 Porro

2147 4504 2250 4562 εἶσῖ
2284 4505 2341 4562 δὲ.
2371 4528 2476 4581 pro
2509 4508 2640 4581 εἰσὶν
2674 4504 2722 4562 δ’
2757 4508 2939 4565 habet
2965 4504 3256 4565 Theodor.
3292 4504 3804 4581 Βθίηδνόμαζουσι

2062 4613 2110 4678 D
2148 4599 2254 4653 pro
2284 4579 2694 4708 ἀνᾰέορεύουσι.

2213 4656 2323 4708 (70)
2373 4653 2385 4673 ’
2437 4646 2694 4708 νυϐοίζονι

2213 4656 2323 4724 (70)
2373 4646 2781 4721 Ἐνύϐρίζοντες
2831 4649 2938 4724 καὶ,
2977 4653 3056 4724 τῷ
3110 4648 3380 4724 ὀνόματι.
3436 4653 3578 4724 ΙΙωο
3634 4659 3804 4709 vetus

2140 4722 2461 4780 Clementis
2499 4725 2795 4794 interpres
2825 4722 3064 4787 omisit;
3096 4723 3446 4779 Theodoreti
3477 4729 3676 4779 autem
3709 4726 3802 4779 in-

2139 4801 2367 4867 terpres
2426 4796 2511 4851 sic
2556 4796 2768 4849 vertit:
2821 4816 2849 4842 «
2885 4794 2987 4847 Vel
3036 4795 3164 4866 ipso
3213 4796 3456 4850 nomine
3487 4802 3805 4851 contume-

2137 4867 2294 4923 liosi.
2354 4888 2379 4918 ι
2448 4867 2665 4921 Sensus
2726 4870 2849 4938 est.
2889 4882 3065 4937 quem
3118 4867 3321 4921 Latine
3371 4868 3797 4938 expressimus.

2138 4938 2354 5008 Ὀνομα
2393 4944 2591 4993 autem
2642 4937 2884 5009 respicit
2940 4954 3160 4993 nomen
3218 4937 3640 5000 Christianum.
3703 4939 3800 4994 cui

2138 5010 2515 5065 contumelia;
2539 5008 2755 5065 notam
2771 5009 2844 5064 ab
2877 5008 3127 5080 impuris
3152 5009 3281 5065 istis
3303 5011 3606 5067 hmreticis
3637 5011 3798 5066 inuri

2134 5082 2363 5164 ρυιέξνέι
2418 5087 2623 5164 secter
2651 5098 2688 5163 =.
2715 5081 3216 5164 (ιορωειάιηρείυω
3253 5082 3448 5164 ,ρεψιο
3484 5083 3797 5164 severius

2135 5170 2190 5224 p.
2227 5156 2350 5211 428.
2386 5153 2524 5207 edit.
2550 5153 2745 5225 (Paris.
2768 5152 2852 5225 de
2892 5153 3189 5225 similibus
3233 5152 3421 5225 dicit:
3484 5152 3675 5222 Ἐξὼν
3711 5153 3791 5225 μή

2139 5221 2372 5296 μεγίστη
2434 5224 2569 5277 κατᾶ
2616 5228 2713 5278 τοῦ
2757 5222 3028 5297 ὀνόματος
3065 5221 3231 5296 ἐρ’ύη
3287 5221 3633 5297 βλασφημία.
3673 5221 3721 5276 (ι’
3750 5231 3799 5282 Α

2135 5296 2351 5368 quibus
2384 5296 2445 5351 in
2484 5319 2505 5346 υ
2558 5296 2961 5351 Christianum
2996 5319 3022 5345 «
3055 5296 3576 5353 nomen'manavit
3605 5297 3800 5352 maxi-

2133 5386 2297 5424 mum
2330 5369 2643 5423 dedecus.»
2686 5369 2782 5423 Vel
2808 5368 3004 5439 potius
3030 5368 3796 5438 respicitxowwvtav,quam

2132 5458 2357 5506 vocem,
2392 5457 2523 5496 cum
2558 5457 2628 5496 ea
2684 5440 2998 5511 mysticam
3045 5439 3263 5513 Christi
3311 5441 3563 5513 ejusque
3612 5458 3794 5497 mem-

2130 5513 2376 5595 brorum
2408 5535 2435 5594 cf
2470 5513 2958 5595 conjunctio‘nem
2994 5533 3020 5559 »
3064 5511 3558 5595 signiﬁcaretfad
3593 5520 3798 5595 turpes

2131 5591 2190 5640 et
2246 5585 2506 5639 nefarios
2555 5582 2966 5638 «concubitus
3000 5605 3027 5631 »ι
3078 5582 3460 5653 applicabant
3502 5582 3792 5642 haaretici.

2129 5657 2230 5712 Cui
2265 5656 2467 5712 sensui
2489 5656 2687 5710 favent
2715 5673 2847 5724 quas
2881 5662 3215 5724 sequuntur

2200 5732 2315 5796 (71)
2345 5725 2654 5801 Ἀργύριον.
2704 5724 3095 5782 Scribendum
3145 5742 3277 5783 esse
3318 5724 3610 5802 ἀργυρίου,
3641 5727 3801 5785 vidit

2127 5799 2444 5872 interpres.
