4144 6408
348 346 491 405 1133

1679 345 2131 402 BTROMATUM
2168 346 2302 401 LIB.
2345 348 2443 404 ΠΙ.

3634 352 3778 410 1134

346 472 512 529 θόντα
539 472 726 550 φάναι’
758 467 1086 544 Γέγραπται,
1114 492 1143 522 ι(
1175 468 1346 523 Παντὶ
1390 472 1472 541 τῷ
1500 467 1745 525 αἰτοῦντί
1802 490 1861 524 σε
1925 466 2008 524 δί-

2122 474 2611 546 conjunctionem
2631 478 2814 550 impie
2837 478 3772 535 vocaveruntucommunionem.»

346 560 464 619 δου·
498 587 520 615 1
564 561 662 630 τὴν
697 557 757 615 δὶ
813 562 1028 630 σεμνῶς
1087 558 1229 612 πάνυ
1285 557 1699 628 ἀποκρίνασθαι,
1748 560 1824 631 μή
1884 578 2008 613 συν-

349 657 517 707 ιεῖσαν
550 652 651 720 τήν
681 649 1010 725 τάνθρώπου
1067 645 1374 723 ἀσέλγειαν·
1409 647 1589 703 ’Δλλὰ
1642 648 1768 724 περὶ
1823 648 2009 723 γάμου

341 746 413 817 τῇ
449 742 615 816 μητρὶ
651 739 933 815 διαλέγου.
963 743 1031 793 Ὤ
1075 743 1178 806 τῆς
1235 736 1532 809 ἀθεότητος
1568 738 1694 795 (καὶ
1744 743 1854 793 τῶν
1911 741 2010 793 τοῦ

348 833 552 906 Κυρίου
594 834 790 908 φωνῶν
851 823 1235 901 διαψεύδονται
1290 826 1342 881 οἱ
1396 834 1498 897 τῆς
1558 826 1838 903 ἀσελγείας
1886 847 2009 882 κοι-

344 920 537 991 νωνοὶ,
570 921 622 976 οἱ
651 926 753 990 τῆς
798 916 1053 994 λαγνείας
1105 913 1359 994 ἀδελφοὶ,
1418 912 1626 979 ὄνειδος
1684 916 1748 973 οὐ
1779 914 2012 995 φιλοσο-

346 1012 469 1088 φίας
502 1008 692 1083 μόνον,
752 1006 899 1065 ἀλλὰ
946 1007 1036 1061 καὶ
1097 1012 1296 1068 παντὸς
1321 1010 1421 1061 τοῦ
1456 1005 1600 1082 βίου’
1651 1007 1704 1060 οἱ
1752 1025 2009 1081 παραχα-

346 1103 634 1178 ράσσοντες
686 1100 787 1168 τὴν
856 1096 1141 1169 ἀλήθειαν,
1200 1094 1414 1169 μᾶλλον
1492 1093 1549 1150 δὲ
1605 1095 2012 1152 κατασκάπτον-

343 1213 454 1260 τες,
483 1191 560 1253 ὡς
592 1191 708 1246 οἶόν
738 1210 799 1245 τε
828 1187 1035 1249 αὐτοῖς·
1071 1183 1124 1241 οἵ
1178 1206 1240 1262 γε
1292 1182 1603 1261 τρισάθλιοι
1654 1191 1762 1255 (72)
1819 1187 1920 1257 τήν
1950 1205 2012 1241 τε

345 1279 605 1356 σαρκίνην
663 1278 799 1334 κατά
878 1278 983 1347 τήν
1034 1275 1482 1346 συνουσιαπικήν
1548 1273 1834 1330 κοινωνίαν
1897 1277 2008 1348 (73)

343 1370 753 1447 ἱεροφαντοῦσι,
812 1366 903 1421 καὶ
950 1363 1154 1434 ταύτην
1201 1361 1405 1419 οἴονται
1464 1362 1541 1427 είς
1589 1364 1691 1433 τὴν
1726 1361 2010 1439 βασιλείαν

341 1459 549 1521 αὐτοὺς
610 1459 826 1532 ἀνάγειν
883 1459 982 1511 τοῦ
1032 1458 1169 1511 Θεοῦ
1226 1457 1367 1525 (74).
1429 1453 1524 1517 Εἷς
1603 1455 1672 1509 τὰ
1733 1472 2014 1529 χαμαιτυ-

340 1554 470 1604 πεῖα
505 1548 599 1621 μὶν
634 1544 726 1601 οὖν
760 1548 795 1616 ἡ
826 1542 1013 1600 τοιάδε
1036 1543 1241 1618 εἷ’σάγει
1266 1541 1545 1598 κοινωνία·
1603 1543 1696 1598 καὶ
1738 1541 1807 1611 δὴ
1869 1563 2010 1615 συμ-

351 1637 580 1712 μέτοχοι
631 1637 732 1692 εἶεν
780 1636 968 1696 αὐτοῖς
1025 1634 1077 1688 οἱ
1108 1633 1230 1695 σύες
1278 1633 1366 1687 καὶ
1401 1633 1455 1688 οἱ
1483 1634 1700 1708 τράγοιο
1734 1634 1837 1687 εἷεν
1871 1630 1917 1687 δ’
1946 1629 2006 1687 ἂν

348 1726 402 1783 ἐν
432 1731 555 1789 ταῖς
591 1726 801 1800 μείζοσι
849 1724 975 1800 παρ’
1034 1722 1220 1784 αὐτοῖς
1279 1720 1494 1777 ἐλπίσιν
1552 1722 1608 1777 αἱ
1666 1726 2008 1799 προεστῶσαι

2122 563 2338 618 Dicunt
2358 565 2560 636 itaque
2575 567 2730 623 exiis
2744 567 3085 638 quemdam,
3107 584 3241 622 cum
3274 568 3347 623 ad
3380 574 3647 625 nostram
3668 569 3779 624 vir-

2121 654 2320 720 ginem
2352 656 2516 711 vultu
2547 656 2849 713 formosan
2873 658 3244 725 accessisset,
3278 657 3497 713 dixisse
3533 675 3546 712 :
3580 659 3781 731 Scrip-

2123 746 2247 797 tum
2280 750 2369 798 est
2402 761 2415 798 :
2448 767 2475 793 «
2511 747 2594 801 Da
2623 746 2784 801 omni
2819 751 2874 801 te
2902 746 3126 817 petenti
3158 747 3234 817 (a)
3271 763 3284 800 :
3322 769 3344 795 ι
3381 747 3546 802 illam
3578 754 3779 803 autem

2122 832 2372 888 honeste
2403 834 2723 890 admodum
2754 836 3158 907 respondisse,
3188 840 3256 890 ut
3285 853 3417 908 quas
3450 853 3571 891 non
3598 837 3777 891 intel—

2120 921 2331 994 ligeret
2358 923 2619 979 hominis
2642 924 3037 996 petulantiam
3058 941 3071 979 :
3096 928 3171 979 At
3186 930 3251 980 tu
3268 931 3520 981 matrem
3548 934 3611 998 »ιι
3633 942 3780 981 con-

2119 1012 2254 1066 veni
2286 1012 2359 1066 de
2409 1014 2814 1069 matrimonio.
2850 1016 2893 1070 Ο
2933 1014 3340 1086 impietatem!
3396 1016 3576 1070 etiam
3604 1031 3776 1071 voces

2122 1102 2359 1157 Domini
2392 1105 2801 1159 ementiuntur
2817 1104 2913 1159 isti
2944 1104 3422 1175 intemperantiae
3445 1106 3777 1160 communi-

2121 1197 2373 1260 catores,
2405 1192 2735 1265 fratresque
2767 1194 3057 1261 libidinis,
3088 1210 3209 1248 non
3251 1194 3444 1248 solum
3493 1194 3779 1265 probrum

2121 1281 2651 1354 philosophiamed
2678 1284 2858 1339 etiam
2889 1284 3072 1339 totius
3102 1284 3271 1351 vitm;
3305 1283 3407 1355 qui
3439 1283 3774 1353 veritatem,

2122 1379 2409 1443 quantum
2443 1374 2504 1428 in
2534 1374 2620 1430 eis
2652 1374 2834 1429 situm
2866 1379 2973 1440 est,
3007 1372 3348 1429 adulterant
3385 1389 3453 1428 ac
3500 1389 3779 1428 corrum-

2122 1470 2293 1534 punt,
2319 1462 2410 1517 vel
2440 1464 2638 1534 potius
2688 1462 3037 1530 defodiunt;
3073 1462 3349 1516 homines
3378 1461 3782 1517 infelicissimi

2121 1551 2425 1607 carnalem
2455 1552 2808 1607 concubitus
2827 1552 3311 1606 communionem
3344 1555 3786 1618 consecrant,et

2122 1641 2276 1697 hanc
2324 1642 2486 1713 ipsos
2537 1647 2751 1713 putant
2778 1641 2851 1696 ad
2903 1657 3149 1712 regnum
3183 1640 3285 1695 Dei
3316 1639 3664 1712 perducere.
3692 1639 3783 1695 Ad

2120 1729 2434 1801 lupanaria
2462 1746 2602 1803 ergo
2620 1729 2864 1785 deducit
2885 1730 3013 1784 haac
3043 1728 3406 1797 communio,
3441 1734 3499 1783 et
3527 1745 3662 1783 cum
3695 1729 3782 1785 eis

349 1820 447 1872 τοῦ
476 1816 664 1888 τέγους
712 1813 931 1890 πόρναι,
986 1808 1213 1881 ἀναίδην
1272 1807 1653 1886 εἰσδεχόμεναι
1705 1814 1818 1885 (75)
1874 1810 2008 1873 τοὺς

2124 1819 2697 1875 communicaverint
2740 1834 2876 1874 sues
2908 1826 2967 1874 et
2997 1819 3169 1883 hirci,
3198 1818 3576 1888 maximaque
3623 1818 3782 1888 apud

357 1903 732 1981 βουλομένους
761 1902 1020 1965 ἃπαντας.
1059 1924 1079 1951 ι
1110 1904 1290 1972 Ὑμεῖς
1322 1896 1379 1954 δὲ
1418 1899 1527 1975 οὐχ
1582 1899 1757 1962 οὕτως
1789 1900 2014 1974 ἐμάθετε

352 1993 448 2048 τὸν
509 1991 759 2069 Χριστὸν,
813 1987 867 2045 εἷ’
914 2011 976 2066 γε
1031 1988 1191 2044 αὐτὸν
1260 1987 1551 2059 ἠκούσατε,
1607 1988 1697 2044 καὶ
1754 1988 1804 2043 ἐν
1865 1987 2013 2061 αὐτῷ

356 2080 719 2156 ἐδιδάχθητε,
780 2080 960 2144 καθώς
1027 2078 1169 2133 ἐστιν
1224 2076 1461 2148 ἀλήθεια
1516 2077 1568 2133 ἐν
1630 2083 1853 2151 Χριστῷ
1910 2080 2016 2149 Ἰη-

355 2174 452 2225 σοῦ
481 2174 617 2242 (76),
645 2166 938 2232 ἀποθέσθαι
975 2167 1116 2240 ὑμᾶς
1168 2166 1237 2221 τὰ
1295 2168 1410 2240 (77)
1438 2167 1577 2221 κατὰ
1603 2167 1703 2235 τὴν
1742 2166 2012 2241 προτέραν

349 2259 715 2333 ἀναστροφὴν,
774 2258 863 2312 τὸν
905 2254 1138 2311 παλαιὸν
1198 2253 1506 2332 ἄνθρωπον,
1562 2256 1657 2311 τὸν
1715 2253 2011 2333 φθειρόμεο

348 2370 439 2404 νον
471 2349 609 2404 κατὰ
634 2348 731 2411 τὰς
777 2346 1067 2421 ἐπιθυμίας
1123 2349 1222 2415 τῆς
1263 2347 1498 2418 ἀπάτηςο
1548 2349 1898 2402 ἀνανεοῦσθαι
1955 2344 2014 2402 δὶ

346 2444 427 2511 τῷ
486 2439 754 2512 πνεύματι
808 2440 907 2492 τοῦ
962 2438 1087 2500 νοὸς
1134 2438 1334 2509 ὑμῶν,
1392 2436 1482 2491 καὶ
1541 2434 1861 2499 ἐνδύσασθαι
1916 2436 2012 2491 τὸν

345 2529 532 2585 καινὸν
593 2527 902 2601 ἃνθρωπον,
950 2526 1044 2580 τὸν
1101 2526 1240 2580 κατὰ
1289 2526 1420 2580 Θεὸν
1478 2525 1759 2580 κτισθέντα
1816 2524 1869 2579 ἐν
1928 2522 2008 2579 διο

345 2617 610 2693 καιοσύνῃ
641 2616 730 2671 καὶ
759 2615 1004 2685 ὁσιότητι
1052 2621 1152 2684 τῆς
1202 2613 1484 2685 ἀληθείας,
1521 2639 1542 2665 ι
1592 2614 1729 2669 κατά
1755 2614 1857 2682 τὴν
1888 2612 2008 2686 ἐξο-

354 2708 586 2783 μοίωσιν
610 2709 708 2762 τοῦ
740 2703 898 2760 Θείου
929 2706 1061 2777 (78).
1124 2727 1153 2755 ‹‹
1207 2703 1423 2758 Γίνεσθε
1479 2701 1569 2757 οὖν
1621 2703 1859 2775 μιμηταὶ
1910 2706 2009 2757 τοῦ

350 2800 506 2865 Θεοῦ,
566 2796 640 2858 ὡς
690 2796 851 2850 τέκνα
908 2792 1184 2868 ἀγαπητὰ,
1241 2791 1330 2848 καὶ
1381 2798 1729 2868 περιπατεῖτε
1771 2793 1825 2847 ἐν
1877 2792 2007 2867 ἀγάο

344 2907 449 2962 πῃ,
482 2886 663 2949 καθὼς
690 2884 782 2939 καὶ
814 2886 842 2939 ὁ
891 2882 1125 2958 Χριστὸς
1180 2881 1463 2956 ἠγάπησεν
1524 2883 1666 2955 ὑμᾶς
1726 2887 1859 2952 (79),
1916 2882 2008 2937 καὶ

346 2973 658 3052 παρέδωκεν
700 2974 887 3029 ἑαυτὸν
921 2973 1055 3047 ὑπὲρ
1085 2974 1247 3045 ἡμῶν
1298 2972 1616 3047 προσφορὰν
1673 2972 1763 3027 καὶ
1821 2970 2005 3027 θυσίαν

343 3071 424 3138 τῷ
451 3070 569 3137 Θεῷ
618 3064 695 3128 εἷς
737 3063 912 3135 ὀσμήν
970 3060 1227 3125 εὐωδίας.
1297 3062 1528 3132 Πορνεία
1584 3059 1664 3127 δὲ,
1717 3062 1808 3117 καὶ
1863 3068 2007 3117 πᾶσα

345 3154 663 3231 ἀκαθαρσία,
693 3155 729 3223 ἢ
762 3152 1067 3224 πλεονεξία,
1126 3150 1268 3225 μηδὲ
1322 3152 1677 3224 ὀνομαζέσθω
1736 3151 1788 3207 ἐν
1853 3153 2003 3225 ὑμῖν,

344 3245 522 3307 καθὼς
552 3247 743 3319 πρεπει
805 3242 1002 3318 ἁγίοις,
1061 3242 1152 3297 καὶ
1200 3237 1528 3317 αἰσχρότης,
1587 3242 1678 3297 καὶ
1749 3241 2005 3317 μωρολο-

347 3334 461 3410 γίαο
515 3357 545 3387 ››
601 3332 693 3388 καὶ
748 3333 851 3407 γὰρ
902 3332 1007 3386 ἀπὸ
1058 3337 1159 3400 τῆς
1229 3337 1417 3409 φωνῆς
1474 3330 1711 3406 ἁγνεύειν
1774 3332 2002 3405 μελετᾷν

347 3421 614 3480 διδάσκων
650 3424 678 3478 ὁ
711 3420 1069 3490 ’Δπόστολος,
1100 3421 1317 3498 γράφει·
1376 3423 1551 3478 Τοῦτο
1599 3420 1701 3497 γὰρ
1740 3418 1859 3476 ’ίστε
1918 3442 2009 3496 γι-

344 3516 648 3575 νώσκοντες
678 3515 814 3585 (80),
842 3510 927 3567 ὅτι
981 3516 1085 3572 πᾶς
1141 3510 1364 3587 πόρνος,
1400 3534 1429 3561 ››
1459 3510 1549 3565 καὶ
1600 3511 1668 3565 τά
1707 3511 1852 3581 ἑξῆς,
1878 3508 2003 3579 ἓως,

347 3629 375 3655 ‹‹
410 3600 641 3660 Μᾶλλον
676 3599 733 3656 δὶ
761 3601 850 3656 καὶ
912 3598 1189 3675 ἐλέγχετε.
1243 3623 1271 3651 ››
1333 3598 1532 3676 Ἐῤῥύη
1586 3596 1645 3654 δὲ
1704 3600 1890 3662 αὐτοῖς
1943 3599 2006 3654 τὸ

343 3690 528 3767 δόγμα
552 3685 612 3746 ἔκ
638 3711 788 3753 τινος
820 3688 1160 3767 ἀποκρόφου·
1200 3688 1294 3744 καὶ
1343 3686 1410 3757 δὴ
1459 3689 1850 3762 παραθήσομαι
1903 3690 2001 3758 τήν

345 3781 491 3853 λὲξιν
539 3783 640 3851 τήν
699 3787 803 3849 τῆς
860 3778 1069 3834 τούτων
1128 3777 1419 3854 ἀσελγείας
1455 3780 1687 3853 μητερα·
1748 3780 1838 3833 καὶ
1899 3776 2005 3833 ε’ίτε

342 3871 500 3927 αὐτοὶ
530 3873 631 3936 τῆς
690 3864 887 3946 βίϐλου
945 3873 1294 3946 συγγραφεῖς,
1327 3866 1427 3942 ὅρα
1480 3869 1581 3935 τήν
1608 3867 1894 3937 ἀπόνοιαν,
1955 3867 2006 3923 εἷ

341 3960 433 4017 καὶ
456 3964 592 4015 Θεοῦ
624 3956 1004 4033 διαψεόδονται
1064 3955 1133 4012 δι’
1182 3957 1466 4031 ἀκρασίαν
1500 3954 1606 4012 ε’ίτε
1662 3956 1861 4019 ἄλλοις
1889 3960 2004 4030 (81)

341 4049 755 4126 περιτυχόντες,
813 4047 877 4104 τὸ
923 4046 1093 4103 καλὸν
1148 4050 1312 4102 τοῦτο
1369 4045 1626 4116 ἐνόσησαν
1660 4044 1838 4123 δόγμα
1868 4051 2001 4122 (82),

347 4137 789 4215 διεστραμμένως
845 4136 1167 4207 ἀκηκοότες.
1227 4136 1389 4192 Ἔχει
1447 4133 1505 4190 δὲ
1572 4139 1685 4205 (83)
1737 4134 1881 4191 οὕτω
1936 4137 2005 4192 τὰ

340 4233 443 4296 τῆς
476 4227 695 4301 Micam“
731 4251 760 4280 ‹‹
788 4229 883 4284 Ἓν
924 4225 991 4295 ἧν
1040 4226 1109 4280 τά
1162 4226 1357 4280 πάντα·
1405 4223 1522 4280 ἐπεὶ
1582 4222 1641 4279 δὲ
1670 4224 1846 4299 ἔδοξεν
1903 4227 2000 4282 αὖ·

339 4322 537 4394 τοῦτ-ᾖ
586 4318 803 4387 ἱνότητι
860 4317 935 4389 μή
994 4315 1127 4371 εἶναι
1190 4313 1349 4388 μόνῃ,
1406 4311 1630 4384 ἐξῆλθεν
1686 4313 1779 4368 ἀπ’
1835 4314 2002 4371 αὐτοῦ

416 4446 481 4510 ›ι‹
509 4446 571 4500 Ρ.
605 4445 708 4499 524
737 4444 850 4498 ΕΙ).
884 4442 1177 4501 POTTER.
1209 4441 1450 4494 437-438
1477 4440 1588 4495 ED.
1623 4440 1852 4498 PARIS.

344 4520 420 4591 (ο)
454 4518 672 4588 Ephes.
704 4532 761 4584 ν,
795 4516 907 4571 1ο4.
984 4514 1063 4584 (d)
1097 4512 1247 4567 lbid.
1280 4515 1435 4567 5-H.

421 4635 533 4706 (72)
564 4627 632 4706 Οέί
657 4649 738 4706 γεΔ
770 4626 981 4706 τρισάθ.
1043 4629 1205 4706 Hanc
1258 4628 1622 4706 pericopem,
1658 4646 1752 4706 _us

421 4647 533 4706 (72}
564 4647 632 4688 Ut
657 4649 717 4703 γε
770 4647 981 4702 τρισαθ.
1043 4647 1205 4685 nano
1258 4647 1622 4701 perlcopem.
1683 4647 1752 4684 us
1798 4647 1873 4685 ue
1932 4647 2006 4686 aa

346 4708 477 4762 haec
507 4704 687 4759 verba
714 4700 813 4776 βου
846 4698 1086 4776 ομέν-ους
1116 4701 1373 4776 ἅπαντας,
1434 4700 1713 4776 recitavit
1738 4647 2007 4776 ﬁleodo-

345 4772 950 4849 retusHmreirfabul.
986 4773 1087 4829 lib.
1121 4790 1160 4840 ι,
1187 4789 1318 4844 cap.
1351 4775 1404 4828 6.
1440 4774 1620 4828 Porro
1669 4773 1721 4826 oi
1773 4772 1874 4849 γάρ
1903 4791 2008 4846 pro

347 4846 403 4904 o't
431 4867 493 4917 γε
522 4847 705 4903 habet
731 4847 853 4901 ille.

423 4912 536 4992 (73)
793 4936 853 4992 τε
914 4912 1188 4992 σαρκίνην-
1229 4914 1403 4992 κατὰ-
1437 4915 1539 4983 τήν
1629 4935 2006 4992 συνουσιαστιτ

348 4986 453 5059 κήν
485 4986 539 5045 κ’.
574 4988 738 5045 Haud
771 4988 892 5062 scio
942 4986 1018 5044 an
1056 4988 1289 5062 Avarius,
1337 4988 1467 5062 τήνγ
1495 5006 1553 5041 τε
1605 4986 1862 5062 σαρκίνην
1917 4988 2009 5062 καὶ

348 5065 450 5133 τήν
483 5060 932 5133 συνουσιαστικήν
962 5078 1016 5113 κ.
1040 5059 1323 5133 ,δ-γωιξιιο.
1356 5090 1426 5099 -
1451 5061 1629 5133 Recte
1650 5059 1682 5113 τ’
1715 5060 1800 5115 sic
1849 5061 2009 5133 enim

351 5130 512 5193 hunc
543 5135 743 5190 locum
766 5131 1007 5189 exhibet
1034 5130 1462 5198 Theodoretus,
1490 5130 1592 5199 τὴν
1624 5133 1889 5204 σαρκικήν
1919 5132 2012 5187 καὶ

348 5209 451 5276 τήν
482 5225 697 5261 συνουσ.
723 5224 776 5260 κ.

424 5282 537 5345 (74)
560 5276 860 5347 Τοῦ-οεοῦ.
903 5274 1011 5327 Τοῦ
1036 5275 1278 5347 ,Χριστοιῖ
1299 5273 1649 5330 Theodoret.

570 5345 1001 5434 EiaSsloﬁevau;
1033 5341 1465 5434 Ἰςξιι.’δε1χόμε)οαι.ζ
1496 5346 1848 5434 Theodoret.

427 5418 536 5489 (76)
570 5418 792 5493 Χριστῷ
825 5420 1025 5486 Ἰησοῖι.
1058 5418 1154 5493 Τῷ
1186 5418 1387 5493 Ἰησοῦ,
1425 5418 1638 5491 Ephes.

452 5497 542 5561 77)
573 5489 676 5550 Τά.
709 5492 891 5547 Abest
918 5489 1158 5563 a_vulg.,
1187 5491 1401 5561 Ephes.

451 5558 543 5621 '78l
601 5563 747 5619 Κατὰ
800 5563 901 5631 τήν
960 5558 1286 5631 ἐξομοίωσιν
1342 5564 1441 5615 τοῦ
1501 5558 1681 5617 Θείου.
1742 5562 2014 5618 Comma-

356 5633 483 5693 tion
515 5636 666 5692 illud
695 5635 865 5691 abest
893 5650 928 5690 a
956 5633 1108 5706 vulg.
1146 5634 1293 5690 Bibl.
1343 5634 1584 5706 Ephes.,
1642 5633 1840 5704 inquit
1883 5634 2011 5706 Syl-

351 5710 523 5783 burg.
548 5710 651 5765 Est
673 5713 874 5764 autem
898 5722 935 5762 a
957 5705 1261 5762 Clemente
1305 5705 1594 5775 additum,
1654 5711 1721 5760 ut
1745 5705 2015 5778 Apostoli

2019 4440 2098 4516 (a)
2127 4444 2329 4500 Matth.
2362 4461 2417 4514 ν,
2451 4447 2560 4511 4-2ς
2595 4445 2731 4500 Luc.
2760 4462 2835 4515 v1,
2868 4446 2957 4500 30.

2123 1906 2259 1964 illos
2290 1909 2351 1963 in
2383 1926 2487 1981 spe
2514 1908 2739 1964 fuerint
2789 1907 3153 1976 meretrices,
3179 1923 3311 1978 qum
3341 1906 3402 1961 in
3435 1905 3781 1978 prostibulis

2125 2004 2338 2069 praesto
2379 2004 2541 2061 sunt,
2571 2003 2631 2053 et
2658 1997 2927 2053 volentes
2976 2013 3185 2051 omnes
3226 1996 3569 2051 admittunt.
3610 2017 3638 2048 ο
3672 1996 3782 2051 Vos

2122 2094 2320 2143 autem
2351 2104 2472 2142 non
2497 2087 2582 2143 sic
2612 2087 2911 2142 Christum
2944 2084 3560 2156 didicistis,siquidem
3583 2085 3781 2156 ipsum

2122 2176 2395 2245 audistis,
2425 2182 2485 2231 et
2535 2176 2597 2231 in
2629 2192 2699 2232 eo
2732 2176 2889 2231 docti
2939 2177 3106 2240 estis,
3154 2173 3659 2246 quemadmodum
3692 2179 3786 2230 est

2120 2267 2337 2322 veritas
2389 2266 2542 2321 188
2588 2266 2650 2321 in
2697 2265 2928 2320 Christo
2972 2266 3130 2331 Jesu,
3177 2269 3245 2319 ut
3290 2263 3601 2335 deponatis
3649 2279 3782 2334 quae

2123 2361 2265 2412 sunt
2290 2356 2619 2412 secundum
2664 2360 2925 2411 veterem
2957 2354 3490 2418 conversationem,
3524 2356 3783 2407 veterem

2121 2445 2451 2510 hominem,
2494 2446 2593 2516 qui
2645 2444 3049 2515 corrumpitur
3094 2442 3423 2497 secundum
3481 2440 3785 2496 desideria

2121 2535 2512 2607 deceptionis.
2545 2534 2929 2591 Renovamini
2962 2538 3160 2588 autem
3190 2532 3401 2603 spiritu
3431 2530 3651 2586 mentis
3681 2546 3780 2585 ve-

2120 2630 2277 2689 strm,
2307 2630 2366 2679 et
2396 2624 2658 2679 induatis
2683 2639 2900 2677 novum
2929 2622 3258 2687 hominem,
3293 2621 3395 2691 qui
3427 2625 3660 2674 creatus
3688 2623 3780 2674 est

2118 2713 2639 2768 secundumDeum
2655 2712 2715 2766 in
2724 2712 2962 2783 justitia
2977 2716 3029 2766 et
3046 2710 3234 2765 sancti
3244 2715 3362 2765 tate
3372 2708 3781 2780 veritatis(b),»

2117 2801 2193 2857 ad
2214 2802 2315 2856 Dei
2339 2800 2851 2857 similitudinem.a
2874 2800 3191 2854 Efﬂcimini
3212 2815 3348 2871 ergo
3381 2799 3482 2854 Dei
3514 2798 3780 2853 imitato-

2115 2908 2233 2957 res,
2265 2896 2331 2946 ut
2362 2891 2471 2945 filii
2503 2891 2794 2958 dilecti,et
2823 2890 3124 2945 ambulate
3155 2890 3216 2943 in
3249 2888 3588 2956 dilectione,
3623 2888 3780 2942 sicut

2116 2981 2385 3036 Christus
2409 2996 2646 3051 quoque
2670 2979 2879 3035 dilexit
2899 2984 3097 3042 nos,et
3117 2976 3364 3033 tradidit
3386 2977 3647 3049 seipsum
3668 2992 3776 3048 pro

2116 3070 2290 3126 nobis
2302 3070 2667 3125 oblationem
2690 3075 2749 3125 et
2765 3069 3015 3124 hostiam
3031 3069 3151 3124 Deo
3172 3068 3233 3122 in
3256 3068 3500 3123 odorem
3524 3066 3779 3121 suavita-

2119 3160 2216 3215 tis.
2268 3159 2601 3215 Fornicatio
2652 3166 2873 3221 autem.
2908 3164 2967 3213 et
3006 3158 3202 3213 omnis
3251 3155 3656 3223 immunditia,
3686 3154 3782 3211 vel

2119 3248 2467 3311 avaritia,ne
2489 3249 2835 3303 nominetur
2865 3246 3107 3318 quidem
3141 3247 3201 3301 in
3230 3246 3581 3308 vobis,sicut
3610 3245 3785 3300 decet

2122 3343 2448 3405 sanctos,et
2480 3338 2806 3409 turpitudo.
2840 3342 2900 3392 et
2930 3336 3369 3407 stultiloquium
3401 3336 3524 3405 (a).»
3544 3334 3781 3388 Etenim

2118 3427 2340 3482 docens
2365 3427 2682 3498 Apostolus
2713 3425 2991 3482 meditari
3005 3425 3387 3496 velipsavoce
3408 3440 3536 3479 esse
3560 3427 3777 3486 castos.

2121 3516 2382 3571 scribitm
2417 3517 2537 3571 Hoc
2559 3516 2717 3571 enim
2749 3515 3145 3586 scitote,quod
3171 3512 3367 3569 omnis
3395 3512 3777 3579 fornicator,»

2121 3610 2178 3660 et
2197 3609 2629 3676 caetera.usque
2648 3605 2721 3661 ad
2743 3604 2891 3660 illud
2918 3622 2964 3659 :«
2991 3604 3170 3677 Magis
3192 3607 3390 3660 autem
3405 3600 3776 3673 arguite(d).»

2118 3695 2360 3749 Efﬂuxit
2407 3701 2607 3751 autem
2658 3695 2744 3750 eis
2793 3695 3009 3767 dogma
3040 3711 3111 3749 ex
3142 3692 3399 3764 quodam
3434 3690 3773 3762 apocrypha

2119 3784 2291 3840 libro.
2327 3786 2519 3856 Atque
2549 3784 2696 3840 adeo
2746 3785 2990 3840 afferam
3040 3783 3387 3850 dictionem,
3421 3797 3553 3852 qum
3582 3785 3775 3835 mater

2117 3891 2324 3930 eorum
2372 3874 2851 3946 intemperantiae
2902 3880 2961 3929 et
3008 3873 3170 3946 origo
3215 3877 3347 3928 est:
3382 3877 3441 3926 et
3492 3871 3613 3926 sive
3657 3868 3772 3941 ipsi

2117 3964 2296 4035 hujus
2327 3962 2465 4017 libri
2489 3963 2807 4035 scriptores
2826 3979 2888 4018 se
2908 3963 3309 4025 fateantur,en
3341 3976 3547 4015 eorum
3578 3974 3777 4013 vecor-

2114 4051 2445 4107 diam.licet
2486 4053 2605 4106 Deo
2655 4067 2791 4106 eum
2834 4050 2985 4106 falso
3032 4048 3333 4105 ascribant
3377 4045 3645 4101 libidinis
3675 4045 3774 4099 in-

2113 4141 2510 4212 temperantia
2539 4141 2700 4195 ducti
2732 4157 2746 4195 :
2777 4141 2896 4195 sive
2926 4140 2999 4195 ab
3030 4139 3186 4209 aliis,
3227 4153 3330 4193 eos
3360 4151 3635 4208 perverse
3666 4149 3774 4189 au-

2113 4229 2366 4294 dientes.
2423 4229 2537 4285 hoc
2594 4230 2951 4301 praeclarum
3007 4228 3221 4301 dogma
3278 4224 3639 4297 acceperint,
3690 4221 3777 4279 sic

2113 4335 2288 4392 porro
2323 4335 2385 4375 se
2417 4320 2643 4375 habent
2668 4321 2798 4393 ejus
2828 4319 3007 4375 verba
3041 4335 3090 4373 :«
3111 4319 3305 4374 Unum
3338 4320 3509 4372 erant
3537 4312 3773 4368 omnia:

3123 4443 3199 4515 (ὑ)
3230 4442 3444 4513 Ephes.
3475 4456 3551 4508 ιν,
3584 4440 3777 4495 20-24.

1798 4645 1873 4685 ue
1932 4629 2006 4686 ad
2041 4633 2085 4698 D
2116 4632 2295 4687 verba
2325 4630 2803 4688 accommodaret
2830 4631 2905 4687 ad
2924 4647 2994 4687 ea
3016 4647 3147 4702 quae
3172 4629 3244 4685 de
3270 4627 3470 4684 divina
3491 4625 3779 4683 similitu-

2122 4704 2260 4760 dine
2292 4704 2471 4775 paulo
2505 4705 2780 4775 superius
2819 4704 3068 4760 dixerat.

2217 4775 2309 4847 79)
2339 4776 2526 4845 Ὑμᾶς’
2560 4775 2759 4847 ἰιμᾶς.
2787 4776 2999 4847 Ephes.

2217 4844 2307 4920 80)
2506 4844 2731 4921 γινώσκ.
2765 4844 2921 4904 Ἐστὲ
2946 4844 3418 4921 vivebam-Ephes.

2120 4991 2154 5045 S
2193 4910 2301 4987 (81)
2331 4910 2585 4981 Ἃλλοὶς.
2619 4922 2790 4976 Forte
2822 4910 3272 4976 convenientius
3302 4913 3512 4985 ἄλλως,
3541 4910 3781 4971 adverb.

2161 5007 2394 5045 YLBURG.

2161 5007 2394 5046 YLBURG.

2192 5008 2819 5146 {882%Rgoiirohévécmcuv
2881 5057 3080 5146 δόγμα.
3142 5060 3325 5144 ξτίὺὶι
3371 5058 3580 5146 Possit
3614 5053 3782 5146 ίνότιζ

2121 5125 2240 5194 σω).
2276 5125 2302 5184 (ἶ
2334 5125 2769 5207 excogitarunt.
2842 5157 2865 5183 ι
2926 5125 3423 5207 Οὑξιῐηνίεᾲνοσεῗν
3476 5129 3654 5183 etiam
3705 5125 3783 5207 qd

2122 5206 2390 5261 animum
2428 5196 2733 5263 transferri
2796 5196 2966 5263 solet:
3026 5205 3173 5260 Hinc
3204 5204 3661 5274 Chrysostomus
3719 5196 3786 5252 in

2122 5279 2306 5333 ICOI‘.
2340 5295 2448 5333 xv:
2482 5278 2666 5348 Ἀξιον
2730 5275 2788 5332 δὲ
2841 5280 3085 5342 ἀκοῦσαι,
3132 5275 3185 5329 τί
3247 5268 3476 5348 ἐνταῦθα
3531 5268 3782 5348 λέγουσιν

2124 5348 2175 5402 οἱ
2199 5348 2267 5435 τᾷ
2294 5339 2613 5435 Μανιχαίιιξν
2645 5354 3011 5435 νοσοῦντεςὶξ
3064 5339 3269 5435 Opera:
3316 5339 3788 5435 pretiuumlue‘rit

2123 5421 2352 5549 gudiret,
2379 5412 2521 5494 quid
2552 5424 2776 5493 dicant,
2801 5424 2902 5494 qui
2947 5412 3407 5477 Manichaeorum
3444 5413 3660 5471 haeresi
3694 5412 3785 5467 la-

2166 5511 2308 5549 oran
2345 5516 2421 5548 .»

2166 5499 2421 5549 orant.»

2158 5568 2302 5707 ἤ(83)
2336 5564 2421 5622 At.
2456 5567 2560 5623 Vel
2616 5562 2709 5637 δή,
2760 5571 2828 5621 ut
2854 5563 3032 5637 paulo
3060 5560 3359 5633 superius,
3386 5557 3475 5612 καὶ
3511 5553 3579 5627 δὴ
3610 5572 3788 5629 παρα-

2200 5657 2387 5707 σομαι.

2125 5646 2387 5711 θήσομαι.
