4144 6392
374 332 517 397 1135

1611 319 2026 379 CLEMENTIS
2061 318 2569 377 ALEXANDRINI

3662 324 3808 382 “36

370 463 690 530 postquam
734 461 933 511 autem
979 453 1107 525 ejus
1137 451 1351 507 unitati
1400 451 1589 505 visum
1621 453 1711 505 est
1740 462 1861 502 non
1894 460 2023 500 esse

2142 439 2415 513 ἐπίπνοια,
2478 444 2569 500 καὶ
2628 445 2989 516 ἂκοινώνησεν
3030 446 3167 523 αὐτῇ
3200 494 3215 515 ,
3286 448 3378 505 καὶ
3434 447 3664 518 ἐποίησε
3714 449 3808 505 τὸν

372 547 586 614 solam,
611 545 752 601 exiit
780 544 851 598 ab
883 560 950 597 eo
984 542 1318 613 inspiratio,
1345 546 1403 595 et
1432 556 1569 595 cum
1601 555 1670 594 ea
1695 537 1830 592 iniit
1858 550 2018 589 com-

373 636 805 700 munionem,et
826 632 969 686 fecit
992 629 1385 685 dilectum.Ex
1408 629 1548 683 hinc
1564 634 1764 682 autem
1788 637 2025 696 egressa

373 731 464 779 est
491 724 564 779 ab
586 724 713 794 ipso
736 721 1211 791 inspiratio,cum
1235 735 1355 789 qua
1384 734 1517 773 cum
1537 713 2022 772 communionem

369 812 624 876 iniisset,
656 810 799 864 fecit
828 814 1168 879 potestates,
1206 824 1337 878 qua;
1386 822 1496 862 nec
1542 808 1795 877 possunt
1841 797 2025 854 videri

368 916 480 955 nec
510 898 730 966 audiri,
760 917 786 948 ιι
825 914 1015 969 usque
1066 898 1139 952 ad
1180 897 1354 962 illud,
1389 918 1416 946 ‹‹
1445 907 1933 965 unamquamque
1964 888 2026 942 in

369 989 613 1044 nomine
660 988 923 1059 prOprio.
959 1008 986 1036 »
1019 988 1077 1042 Si
1127 987 1287 1042 enim
1325 987 1385 1041 hi
1437 1001 1697 1057 quoque,
1731 982 1885 1038 sicut
1918 980 2023 1033 Va-

368 1076 709 1143 lentiniani,
746 1075 1045 1149 spiritales
1088 1076 1431 1147 posuissent
1456 1085 1521 1146 ›ι‹
1550 1071 2025 1135 communiones,

370 1166 733 1238 suscepisset
750 1165 902 1220 forte
933 1164 1151 1236 aliquis
1182 1181 1390 1219 eorum
1420 1164 2029 1235 Opinionem:carna-

369 1254 447 1310 lis
477 1260 676 1310 autem
702 1254 973 1310 libidinis
1006 1254 1495 1310 communionem
1528 1252 1603 1308 ad
1634 1256 1902 1307 sanctam
1932 1248 2030 1301 in-

370 1345 587 1401 ducere
620 1345 1113 1417 prophetiam,est
1143 1344 1274 1415 ejus
1306 1345 1409 1415 qui
1442 1344 1720 1415 desperat
1750 1340 2026 1396 salutem.

368 1435 533 1490 Talia
563 1434 742 1489 etiam
776 1439 1045 1489 statuunt
1090 1433 1325 1488 Prodici
1359 1449 1597 1504 quoque
1627 1430 1891 1496 asseclze,
1925 1425 2027 1499 qui

372 1527 602 1599 seipsos
630 1526 783 1581 falso
831 1526 1077 1581 nomine
1127 1532 1339 1581 vocant
1386 1525 1742 1581 Gnosticos:
1800 1521 2030 1592 seipsos

371 1615 615 1688 quidem
648 1615 917 1670 dicentes
948 1631 1079 1670 esse
1112 1621 1325 1670 natura
1374 1614 1528 1669 filios
1578 1611 1755 1685 primi
1787 1610 1887 1666 Dei
1915 1627 1928 1677 ;
1961 1625 2032 1664 ea

369 1725 507 1763 vero
538 1708 849 1763 nobilitate
874 1713 934 1762 et
963 1708 1238 1764 libertate
1269 1706 1812 1763 abutentes.vivunt
1839 1708 1905 1758 ut
1934 1719 2030 1757 vo-

2141 530 2444 605 ἀγαπητόν.
2485 535 2581 592 Ἐκ
2611 532 2668 591 δὲ
2686 536 2886 592 τούτου
2912 535 3134 607 ἐξῆλθεν
3162 537 3256 593 ἀπ’
3304 537 3470 594 αὐτοῦ
3527 538 3808 610 ὶπίπνοια,

2139 621 2178 692 ᾗ
2205 624 2546 693 κοινωνήσας
2580 623 2806 695 ἐποίησε
2836 624 3113 699 δυνάμεις.
3151 629 3291 700 μήτε
3348 628 3632 702 ὁραθῆναι,
3666 631 3812 701 μήτε

2141 710 2476 781 ἀκουσθῆναι
2498 711 2822 788 δυναμένας,
2854 738 2881 770 ιι
2905 714 3033 786 ἓως,
3068 714 3192 772 «ἐπ’
3223 717 3495 791 ὀνόματος
3521 714 3666 773 ἰδίου
3687 718 3811 773 έκά-

2141 819 2295 870 στην.
2330 826 2359 853 ››
2388 801 2458 858 Εἴ
2474 804 2576 878 γὰρ
2606 804 2699 859 καὶ
2729 804 2903 871 οὗτοι,
2934 807 3177 882 καθάπερ
3197 807 3247 860 οἱ
3271 805 3378 861 ἀπὸ
3408 804 3806 873 Οὐαλεντίνου,

2139 892 2508 962 πνευματικὰς
2536 891 2776 957 ἐτίθεντο
2804 894 3111 963 κοινωνίας,
3155 891 3288 957 ἴσως
3340 915 3422 958 τις
3467 895 3645 951 αὐτῶν
3701 896 3806 965 τήν

2143 978 2420 1053 ὑπόληψιν
2458 979 2766 1052 ἐπεδέξατο·
2827 987 3094 1058 σαρκικῆς
3135 980 3194 1040 δὶ
3248 979 3457 1051 ὕϐρεως
3513 985 3807 1041 κοινωνίαν

2140 1066 2218 1128 εἷς
2256 1071 2600 1147 προφητείαν
2632 1071 2785 1148 ἁγίαν
2815 1071 3032 1147 ἀνάγειν
3092 1073 3475 1149 ἀπεγνωκότος
3533 1073 3645 1129 ἐστὶ
3699 1076 3807 1143 τήν

2140 1158 2437 1233 σωτηρίαν.
2472 1161 2714 1218 Τοιαῦτα
2747 1163 2858 1234 (84)
2890 1162 2981 1217 καὶ
3041 1162 3094 1217 οὶ
3150 1163 3257 1218 ἀπὸ
3315 1160 3614 1239 Προδίκου,
3671 1167 3810 1238 ψευ-

2141 1242 2410 1318 δωνύμως
2451 1248 2791 1312 Γνωστικοὺς
2831 1253 2944 1323 (85)
3001 1256 3136 1329 σφᾶς
3192 1250 3393 1315 αὐτοὺς
3445 1252 3809 1328 ἀναγορεύον-

2137 1355 2248 1406 τες,
2300 1333 2739 1411 δογματίζουσιν·
2825 1337 2976 1401 υἱοὺς
3065 1340 3159 1413 μὲν
3219 1338 3373 1418 φύσει
3425 1344 3524 1394 τοῦ
3578 1342 3810 1417 πρώτου

2140 1428 2276 1480 Θεοῦ
2306 1422 2556 1503 λέγοντες
2589 1426 2813 1494 αὐτοὺς,
2872 1429 3299 1504 καταχρώμενοι
3358 1425 3418 1485 δὶ
3444 1433 3513 1504 τῇ
3564 1429 3811 1507 εὐγενείᾳ

2139 1513 2230 1567 καὶ
2260 1517 2328 1588 τῇ
2360 1513 2660 1592 ἱλευθερίᾳ,
2724 1521 2888 1587 ζῶσιν
2946 1518 3023 1579 ὡς
3069 1518 3385 1593 βούλονται*
3422 1518 3715 1594 βούλονται
3745 1519 3809 1576 δὶ

2141 1601 2479 1681 φιληδόνως·
2511 1608 2854 1681 κρατηθῆναι
2887 1607 2977 1662 ὑπ’
3023 1605 3240 1670 οὐδενὸς
3290 1610 3667 1683 νενομικότες,
3725 1612 3804 1675 ὡς

2141 1696 2202 1747 ἂν
2232 1718 2259 1745 σι
2292 1694 2475 1769 κύριοι
2522 1700 2620 1751 τοῦ
2670 1689 2945 1751 σαϐϐάτου
2984 1700 3119 1770 (86),
3176 1699 3268 1754 καὶ
3326 1698 3576 1774 ὑπεράνω
3605 1701 3808 1765 παντὸς

370 1799 539 1864 lunt;
574 1797 780 1853 volunt
828 1803 1027 1853 autem
1062 1798 1417 1862 libidinose;
1452 1813 1514 1851 se
1548 1795 1715 1851 nulla
1744 1811 1807 1850 re
1836 1792 2024 1848 teneri

2141 1783 2329 1859 γένους
2386 1785 2711 1863 πεφυκότες,
2777 1785 3046 1863 βασίλειοι
3113 1785 3307 1851 παῖδες
3340 1806 3356 1822 ο
3421 1787 3640 1863 βασιλεῖ
3721 1788 3806 1859 δὶ,

373 1888 665 1954 arbitrati,
699 1893 765 1942 ut
794 1910 819 1937 ‹‹
856 1887 1083 1943 domini
1117 1887 1369 1955 sabbati,
1399 1908 1427 1936 ››
1456 1893 1515 1941 et
1541 1886 1641 1957 qui
1673 1885 1795 1940 sint
1823 1883 2030 1955 quovis

372 1992 589 2050 genere
641 1976 1000 2047 superiores,
1038 1976 1146 2030 ﬁlii
1197 1976 1446 2047 regales.
1494 1974 1634 2045 Regi
1683 1980 1905 2039 autem,
1940 1971 2028 2026 in-

377 2065 612 2136 quiunt,
640 2065 734 2120 lex
765 2065 986 2136 scripta
1015 2081 1136 2120 non
1167 2064 1549 2120 est.Primum
1575 2062 1841 2133 quidem,
1870 2060 2030 2131 quod

376 2171 501 2210 non
532 2154 755 2210 faciant
803 2155 1007 2210 omnia
1052 2172 1183 2225 quas
1215 2153 1463 2209 volunt:
1514 2153 1706 2208 multa
1736 2152 1896 2205 enim
1930 2166 2032 2205 eos

375 2242 799 2314 prohibebunt,
836 2243 945 2297 etsi
976 2244 1221 2315 cupiant
1251 2249 1311 2297 et
1347 2249 1657 2297 conentur.
1692 2239 2030 2305 Quinetiam

376 2349 509 2403 quas
540 2330 783 2398 faciunt,
819 2348 943 2387 non
992 2330 1222 2386 faciunt
1269 2336 1329 2386 ut
1382 2348 1570 2403 reges,
1605 2329 1708 2385 sed
1735 2335 1800 2384 ut
1822 2327 2027 2383 masti~

375 2421 485 2493 giae
513 2437 527 2474 :
555 2420 897 2475 clanculum
919 2420 1080 2475 enim
1100 2420 1480 2476 committunt
1495 2417 2031 2485 adulteria,timen-

376 2516 466 2565 tes
497 2526 571 2564 ne
602 2509 1216 2581 deprehendantur,“
1243 2511 1494 2565 vitantes
1527 2526 1599 2564 ne
1632 2506 2032 2564 condemnen-

372 2603 491 2665 tur,
524 2604 583 2654 et
630 2604 966 2654 metuentes
1014 2615 1090 2654 ne
1142 2598 1435 2670 supplicio
1483 2598 1844 2654 afﬁciantur.
1876 2596 2033 2661 Quo-

371 2686 550 2743 modo
582 2688 759 2743 etiam
790 2705 887 2743 res
920 2695 1008 2743 (:st
1032 2686 1722 2760 libera,intemperantia
1751 2691 1810 2741 et
1838 2685 2031 2756 turpis

371 2776 611 2833 sermo?
642 2798 669 2826 ‹‹
703 2777 910 2833 Omnis
942 2777 1231 2848 enim,qui
1264 2783 1488 2849 peccat,
1525 2782 1617 2833 est
1644 2792 1904 2839 servus.»
1936 2774 2029 2828 in-

370 2866 501 2936 quit
530 2866 846 2937 Apostolus
875 2867 976 2937 (al.
1013 2866 1125 2922 Sed
1153 2866 1448 2937 quomodo
1480 2868 1658 2922 vitam
1691 2882 1763 2921 ex
1792 2867 1910 2920 Deo
1941 2865 2030 2918 in-

370 2955 584 3019 stituit,
609 2955 710 3025 qui
745 2955 1007 3026 seipsum
1032 2955 1286 3026 praebuit
1306 2956 1645 3011 dedititium
1670 2957 1856 3011 cuivis
1879 2972 2026 3012 con-

370 3042 756 3114 eupiscentim
779 3042 806 3098 ‘2
834 3061 969 3099 cum
998 3044 1216 3098 dixerit
1245 3045 1532 3100 Dominus
1568 3062 1579 3098 :
1616 3068 1644 3094 ‹‹
1678 3047 1794 3117 Ego
1827 3052 2027 3100 autem

368 3131 501 3187 dico
523 3147 536 3187 :
563 3134 642 3186 Ne
664 3133 1053 3203 concupiscas
1086 3134 1440 3202 (b).»Vultne
1463 3141 1661 3190 autem
1682 3135 1902 3206 aliquis
1921 3151 2029 3191 sua

2139 1874 2291 1950 φασὶ,
2354 1875 2526 1948 νόμος
2586 1874 2863 1953 ἄγραφος.
2924 1879 3151 1953 Πρῶτον
3214 1882 3327 1951 (87)
3387 1880 3482 1953 μὶν
3519 1926 3534 1947 ,
3594 1881 3678 1937 δτι
3734 1883 3805 1939 οὐ

2137 1970 2390 2021 ποιοῦσιν
2423 1965 2456 2022 ἃ
2489 1967 2785 2043 βούλονται
2817 1969 3011 2024 πάντα·
3062 1967 3249 2026 πολλὰ
3307 1972 3411 2046 γὰρ
3461 1972 3661 2036 αὐτοὺς
3691 1994 3805 2029 κω·

2141 2052 2296 2110 λύσει
2352 2057 2443 2111 καὶ
2499 2055 2901 2131 έπιθυμοῦντας
2957 2058 3051 2114 καὶ
3132 2060 3537 2136 πειρωμένουςο
3613 2062 3705 2117 καὶ
3769 2060 3806 2118 ἆ

2139 2149 2362 2199 ποιοῦσι
2413 2144 2492 2216 δί,
2552 2146 2661 2221 ούχ
2717 2148 2793 2209 ὡς
2855 2147 3139 2223 βασιλεῖς,
3197 2148 3327 2204 ἀλλ’
3383 2148 3460 2212 ὡς
3520 2150 3800 2227 μαστιγίαι

2139 2237 2378 2289 ποιοῦσι·
2413 2232 2590 2309 λάθρα
2616 2235 2721 2310 γὰρ
2753 2244 3133 2312 μοιχεύουσιν,
3172 2237 3237 2293 τὸ
3293 2236 3506 2294 ἁλῶναι
3534 2236 3800 2309 δεδιότες,

2139 2321 2231 2377 καὶ
2278 2323 2340 2378 τὸ
2396 2325 2845 2398 καταγνωσθῆναι
2903 2323 3261 2395 ἐκκλίνοντες,
3310 2328 3400 2383 καὶ
3459 2323 3803 2406 φοϐούμενοι

2139 2409 2473 2479 κολασθῆναι
2505 2415 2640 2487 (88).
2678 2418 2800 2476 Πῶς
2834 2411 2891 2470 δὲ
2920 2413 3199 2491 ἆλεύθερον
3260 2418 3294 2486 ἡ
3337 2416 3571 2490 ἀκρασία
3613 2418 3705 2474 καὶ
3759 2420 3800 2490 ἠ

2142 2500 2564 2578 αἰσχρολογία;
2627 2527 2657 2556 ιι
2712 2509 2825 2566 Πᾶς
2877 2508 2989 2578 (89)
3043 2506 3169 2581 γάρ,
3203 2530 3233 2558 ιι
3267 2506 3432 2581 φησὶν
3493 2511 3626 2581 (90),
3689 2530 3719 2563 ι
3770 2511 3804 2564 ὁ

2141 2592 2462 2669 ἁμαρτάνων
2496 2589 2696 2656 δοῦλός
2731 2593 2897 2664 ἔστιν,
2931 2618 2962 2646 »
2994 2596 3023 2649 ὁ
3052 2594 3389 2658 Ἀπόστολος
3422 2594 3595 2672 λέγει.
3626 2596 3806 2654 Ἀλλά

2139 2685 2258 2746 πῶς
2285 2682 2423 2737 κατά
2468 2682 2599 2738 Θεὸν
2657 2682 3005 2739 πολιτεύεται
3038 2684 3067 2739 ὁ
3112 2685 3258 2761 πάσῃ
3289 2684 3553 2760 ἐπιθυμίᾳ
3580 2683 3806 2743 ἔνδοτον

2141 2770 2328 2826 ὶαυτὸν
2358 2771 2683 2846 παρασχὼν,
2741 2775 2841 2826 τοῦ
2898 2771 3100 2847 Κυρίου
3142 2775 3439 2851 φήσαντος,
3473 2799 3502 2826 ι(
3543 2775 3689 2849 Ἐγὼ
3744 2773 3806 2833 δὶ

2142 2855 2312 2933 λέγω,
2345 2862 2433 2929 Μὴ
2476 2859 2861 2934 ἐπιθυμήσῃς;
2913 2885 2941 2914 »ι
2996 2860 3169 2917 Ἑκὼν
3229 2859 3287 2917 δέ
3336 2883 3421 2924 τις
3469 2864 3799 2941 ἁμαρτάνειν

2144 2947 2423 3024 βούλεται,
2454 2948 2542 3003 καὶ
2582 2945 2762 3023 δόγμα
2790 2949 2973 3019 τίθησι
3027 2949 3090 3004 τὸ
3145 2951 3452 3026 μοιχεύειν,
3483 2954 3571 3007 καὶ
3622 2965 3802 3025 καθη-

2141 3036 2401 3094 δυπαθεῖν
2437 3081 2452 3106 ,
2530 3037 2620 3093 καὶ
2680 3036 3032 3111 λυμαίνεσθαι
3114 3039 3243 3102 τοὺς
3314 3038 3503 3096 ἄλλων
3561 3042 3800 3117 γάμους,

2141 3130 2279 3183 ὅπου
2308 3147 2369 3201 γε
2395 3126 2485 3182 καὶ
2513 3127 2642 3188 τοὺς
2672 3124 2879 3191 ἃλλους
2909 3129 3137 3192 ἄκοντας
3164 3130 3575 3202 ἁμαρτάνοντας
3608 3131 3802 3188 ἐλεοῦ-

857 3187 876 3203 .
1014 3187 1046 3188 η
1087 3187 1097 3202 .
1141 3187 1182 3201 ,-
1289 3187 1293 3188 ν
1468 3187 2024 3206 τρίτην-ηπ

370 3227 580 3292 sponte
615 3237 883 3292 peccare,
916 3228 975 3277 et
1022 3222 1344 3277 decernere
1378 3223 1673 3279 adulteria
1703 3241 1833 3280 esse
1864 3240 2024 3280 com-

2145 3240 2240 3293 μεν
2273 3238 2286 3285 ;
2321 3187 2451 3272 ’Κᾶν
2512 3216 2590 3281 εἷς
2631 3216 2778 3287 ξένον
2847 3187 2939 3273 τὸν
3011 3187 3219 3291 κόσμον
3281 3187 3589 3296 ¹ἀφιγμένοί
3669 3220 3798 3293 ὦσι,

368 3311 685 3374 mittenda,
719 3312 1241 3383 voluptatibusque
1290 3320 1349 3367 et
1389 3314 1623 3369 deliciis
1672 3330 1735 3368 se
1783 3315 2030 3386 explen-

366 3400 534 3469 dum,
570 3405 630 3455 et
658 3400 913 3456 aliorum
968 3401 1242 3457 violanda
1274 3403 1675 3469 matrimonia,
1710 3420 1846 3458 cum
1878 3404 2028 3459 alio-

365 3506 499 3544 rum
531 3490 733 3551 etiam.
766 3490 867 3559 qui
902 3490 1066 3544 inviti
1102 3497 1374 3561 peccant,
1395 3492 1834 3547 misereamur?
1864 3493 2033 3558 Quod

367 3578 416 3633 si
447 3577 509 3633 in
559 3583 871 3633 externum
920 3579 1211 3636 mundum
1260 3581 1551 3648 venerint,
1585 3582 1687 3653 qui
1738 3582 1800 3636 in
1832 3582 2028 3638 alieno

367 3683 490 3722 non
523 3667 747 3722 fuerint
796 3667 1025 3737 ﬁdeles,
1056 3686 1260 3724 verum
1299 3686 1419 3723 non
1466 3670 1793 3725 habebunt.
1829 3671 2030 3727 Afficit

364 3762 565 3812 autem
598 3757 813 3828 hospes
839 3757 1057 3829 aliquis
1088 3759 1242 3814 cives
1270 3760 1721 3823 contumelia,et
1751 3761 1837 3815 eis
1868 3761 2027 3832 inju-

366 3846 520 3901 riam
550 3845 693 3901 facit
718 3863 732 3913 ;
767 3852 824 3900 et
854 3864 974 3902 non
1007 3849 1203 3919 potius
1233 3854 1301 3902 ut
1330 3849 1701 3920 peregrinus,
1719 3855 1891 3905 utens
1920 3867 2027 3906 ne-

365 3933 828 4001 cessariis,vivit,
847 3935 1005 3990 cives
1037 3950 1158 3989 non
1191 3935 1502 3990 offendens
1526 3936 1554 3991 ‘I
1582 3937 1888 4001 Quomodo
1920 3954 2029 3993 au-

364 4027 507 4090 tem,
542 4039 676 4078 cum
729 4022 936 4078 eadem
985 4024 1226 4091 faciant,
1259 4041 1327 4079 ac
1373 4026 1435 4091 ii,
1470 4042 1621 4095 quos
1651 4031 1856 4097 gentes
1889 4027 2023 4083 odio

363 4111 605 4179 habent,
638 4114 798 4183 quod
829 4113 1061 4185 legibus
1112 4113 1527 4184 obtemperare
1558 4115 1773 4182 nolint,
1809 4133 2024 4189 nempe

360 4200 577 4272 iniqui,
611 4208 670 4256 et
715 4202 1183 4267 incontinentes,
1218 4208 1278 4257 et
1318 4203 1498 4271 avari,
1534 4210 1594 4258 et
1624 4204 1903 4272 adulteri,
1938 4206 2025 4262 di-

360 4297 504 4345 cunt
535 4307 598 4345 se
630 4290 790 4346 solos
840 4292 1027 4345 Deum
1078 4289 1304 4344 nosse?
1344 4292 1655 4362 Oporteret
1702 4295 1863 4351 enim
1897 4313 2018 4365 eos,

2138 3305 2323 3362 πιστοὶ
2354 3310 2469 3377 (91)
2499 3303 2553 3360 ἐν
2582 3309 2662 3376 τῷ
2699 3304 2984 3380 ἀλλοτρίῳ
3047 3308 3121 3379 μὴ
3177 3306 3487 3380 γενόμενοι,
3534 3310 3596 3363 τὸ
3654 3309 3801 3381 ἀληο

2141 3398 2227 3458 θὶς
2261 3392 2618 3471 οὐχ’ἑξουσιν.
2652 3389 2887 3469 Ὑϐρίζει
2934 3394 2994 3451 δέ
3046 3417 3132 3460 τις
3186 3396 3337 3467 ξένος
3392 3397 3648 3469 πολίτας,
3704 3400 3801 3455 καὶ

2138 3484 2365 3547 τούτους
2395 3481 2593 3539 ἀδικεῖ·
2626 3482 2756 3559 οὐχὶ
2816 3480 2875 3538 δί
2931 3484 3005 3546 ὡς
3067 3483 3455 3560 παρεπίδημος
3502 3491 3638 3561 (92),
3678 3494 3803 3552 τοῖς

2138 3572 2456 3649 ἀναγκαίοις
2486 3574 2799 3649 χρώμενος,
2831 3573 3186 3649 ἀπρόσκοπος
3236 3581 3354 3639 τοῖς
3386 3576 3638 3641 πολίταις
3674 3576 3801 3635 δια-

2141 3659 2258 3717 ϐιοῖ
2288 3684 2301 3733 ;
2340 3667 2464 3725 Πῶς
2498 3661 2556 3718 δὲ
2579 3663 2816 3725 καὶτοῖς
2868 3663 2973 3719 ὑπὸ
3001 3668 3110 3719 τῶν
3170 3662 3339 3729 ἐθνῶν
3373 3666 3798 3740 μεμισημένοις,

2141 3749 2231 3808 διὰ
2256 3753 2319 3808 τὸ
2353 3755 2429 3825 μὴ
2462 3753 2721 3827 πράσσειν
2749 3753 2816 3807 τά
2848 3753 2954 3807 ὑπὸ
2993 3757 3103 3808 τῶν
3148 3755 3334 3828 νόμων
3369 3753 3797 3832 διηγορευμένα,

2136 3843 2381 3899 τουτέστι
2408 3847 2528 3905 τοῖς
2557 3840 2787 3911 ἀδίκοις,
2817 3842 2909 3898 καὶ
2968 3843 3243 3918 ἀκρατέσι,
3274 3847 3364 3901 καὶ
3418 3846 3795 3920 πλεονέκταις,

2133 3932 2224 3987 καὶ
2294 3938 2522 4007 μοιχοῖς
2578 3932 2647 3987 τά
2705 3931 2839 3987 αὐτὰ
2895 3931 3225 4007 πράσσοντες
3252 3981 3265 4004 ,
3311 3936 3442 3992 Θεὸν
3493 3936 3796 4011 έγνωκέναι

2137 4023 2295 4097 μόνοι
2329 4021 2618 4097 λέγουσινς
2652 4022 2857 4098 Ἐχρῆν
2890 4023 2996 4097 γὰρ
3022 4023 3241 4089 αὖτοὺς,
3289 4026 3379 4080 καὶ
3437 4024 3489 4080 έν
3520 4032 3641 4093 τοῖς
3684 4028 3795 4084 ἀλ-

2134 4111 2376 4187 λοτρίοις
2406 4110 2700 4184 παρόντας.
2730 4110 2918 4174 καλῶς
2954 4112 3129 4187 βιοῦν,
3155 4110 3247 4168 ’ίνα
3307 4111 3373 4184 δὴ
3432 4118 3511 4187 τῷ
3541 4111 3664 4172 ὄντι
3727 4118 3791 4173 τὸ

2136 4201 2421 4279 βασιλικὸν
2477 4198 2834 4274 έιδείξωνται.
2894 4199 3038 4269 Ἤδη
3093 4199 3151 4256 δὶ
3203 4202 3294 4258 καὶ
3344 4209 3465 4266 τοῖς
3512 4205 3794 4281 ἀνθρωπί-

2130 4313 2242 4355 νοις
2299 4291 2627 4364 νομοθέταις
2675 4291 2764 4345 καὶ
2821 4294 2900 4363 τῷ
2958 4290 3090 4362 θείῳ
3147 4291 3306 4364 νόμῳ
3360 4292 3794 4369 ἀπεχθάνονται,

358 4396 494 4436 cum
512 4380 574 4435 in
599 4380 814 4435 alienis
836 4379 1238 4447 adsunt,recte
1261 4379 1546 4448 vivere,ut
1561 4399 1763 4439 revera
1786 4386 2010 4459 regiam

2141 4380 2454 4457 παρανόμως
2505 4380 2657 4455 βιοῦν
2713 4378 3147 4454 ἐπανῃρημένοι.
3194 4381 3257 4438 ὐ
3303 4385 3436 4455 γοῦν
3470 4407 3498 4435 ιι
3531 4382 3795 4457 έκκεντή..

426 4595 490 4659 ἰ(
522 4597 625 4649 525
658 4595 953 4663 POTTER,
985 4597 1219 4652 438-439
1250 4599 1363 4653 ED.
1396 4601 1626 4657 PARIS.
1708 4603 1781 4671 (a)
1810 4605 1983 4660 Rom.
2016 4621 2024 4641 τ

2141 4605 2210 4659 ιθ.
2290 4599 2367 4672 (b)
2400 4597 2603 4654 Matth.
2636 4614 2693 4669 ν,
2725 4598 2815 4653 28.

428 4811 545 4885 (84)
572 4811 831 4885 Τοιαῦτα.
869 4852 883 4867 .
919 4852 933 4867 .
978 4807 1419 4885 δογματίζουσιν.
1480 4819 1599 4874 Hoc
1642 4822 2009 4876 commation

353 4882 757 4965 Theodoretus
790 4882 1065 4965 insuum
1087 4882 1298 4944 Ηιϊνει.
1353 4889 1547 4946 Fabul.
1580 4890 1686 4946 lib.
1721 4910 1759 4962 1,
1786 4910 1917 4965 cap.
1956 4897 2010 4959 1,

352 4955 420 5026 p.'
448 4955 548 5008 197
575 4957 897 5026 transtulit.

422 5024 1426 5104 (85)H‘~Fsu'3_mfw5;1toc‘l‘vma’ttx0°5:-.
1487 5034 1579 5089 Sic
1650 5036 1851 5090 Strom.
1913 5052 2007 5104 vn,

393 5114 481 5178 ag.
517 5102 621 5178 7-22
651 5115 664 5153 ξ
712 5095 1265 5178 Τῶν-’-ψευδωνύμων
1295 5101 1753 5178 τούτῳνΔάνὸσιος
1785 5095 2010 5178 γνῶσιςί

402 5170 790 5251 inc‘lrenasus
823 5171 1006 5251 libros
1028 5170 1166 5228 suos
1191 5175 1415 5251 vocavit
1441 5174 1714 5251 Ἔλεγχον
1763 5170 1856 5231 καὶ
1889 5178 2014 5231 ἀνα-

348 5241 560 5336 τροπὴν
602 5245 703 5305 τῆς
745 5239 1105 5336 ψευδωνύμου
1134 5245 1407 5319 γνώσεως.

446 5316 534 5336 οοὶ
571 5313 671 5336 ν’-
712 5317 971 5336 ,Α-Τκη
1072 5317 1080 5331 ν
1270 5320 1332 5336 11·

422 5310 881 5390 (88)](ύριοιζτοῦ
909 5310 1205 5390 σαϐϐάτου.
1269 5320 1393 5390 Hic,
1454 5324 1513 5390 et
1567 5320 1724 5390 infra
1781 5337 1837 5390 p.
1882 5321 2009 5390 442,

350 5385 961 5463 gespiclt‘ltfatthgx‘n,
988 5390 1018 5442 8
1041 5405 1067 5463 _:
1102 5386 1298 5462 Κύριος
1328 5389 1431 5463 γάρ
1464 5388 1573 5442 ἐστι
1627 5389 1718 5443 καὶ
1748 5384 1846 5443 τοῦ
1879 5384 2011 5444 σαϐ-

351 5446 520 5531 ϐάτου
543 5456 723 5531 ὁ--Υἱὸς
750 5461 847 5512 τοῦ
880 5446 1191 5531 ἀνθρώπουί

422 5529 533 5597 (87)
565 5529 810 5604 Πρῷτον.
844 5529 1163 5604 Antelianc
1185 5549 1384 5604 vocem
1416 5531 1645 5604 aliquid
1665 5532 2010 5604 hujusmodi

351 5595 559 5654 deesse
585 5595 816 5658 videtur
851 5619 863 5655 :
896 5597 1203 5656 Ψεύδονται
1252 5600 1311 5656 δὲ
1368 5602 1422 5657 ἐν
1478 5595 1719 5663 τούτοις.
1742 5595 1787 5656 ἰι
1820 5606 1883 5660 In
1917 5605 2015 5661 his

353 5674 552 5724 autem
582 5671 891 5728 falluntur.
930 5694 959 5720 ι»

2193 4819 2303 4888 «88)
2335 4812 2701 4893 κολασθῆναι.
2727 4815 2998 4893 Fortasse
3048 4818 3269 4893 rectius
3306 4817 3368 4893 τὸ
3422 4817 3788 4893 κολασθῆναι,

2122 4907 2257 4947 cum
2272 4886 2544 4954 articulo,
2560 4886 2698 4941 utin
2723 4887 3200 4958 prmcedentibus
3226 4890 3457 4949 duobus
3479 4886 3787 4954 membris.

2122 4963 2397 5017 SYLBURG.

2192 5035 2307 5110 :89)
2346 5030 2637 5110 nam.)on
2670 5034 2818 5110 Jtam
2875 5030 3055 5087 verba
3112 5034 3399 5105 Apostoli,
3460 5041 3526 5091 ut
3582 5054 3783 5110 neque

2120 5104 2299 5176 paulo
2332 5109 2473 5179 post
2489 5101 2730 5179 Christi.
2756 5119 2935 5173 quam
2960 5101 3434 5179 eorum'sensum
3464 5101 3710 5179 profert.

2193 5171 2529 5300 (90)1ξ1›ησίν.
2565 5171 2942 5245 Supervacua
2971 5182 3064 5231 est
3091 5177 3218 5232 bmc
3251 5194 3381 5246 vox,
3412 5171 3482 5234 ut
3512 5182 3787 5252 quando-

2193 5264 2237 5300 ιε
2270 5264 2304 5300 a
2332 5262 2439 5300 ias.

2165 5264 2237 5302 ue
2270 5262 2439 5302 anas.

2122 5265 2237 5319 que
2270 5265 2439 5302 anas.

2130 5388 2137 5389 ί
2194 5314 2547 5389 (Ωιιγῌιστοί.
2585 5316 2849 5388 Respicit
2904 5318 3040 5389 Luc.
3086 5336 3210 5389 σενι,
3273 5322 3359 5385 11,
3424 5324 3491 5376 12
3526 5337 3539 5376 :
3576 5320 3638 5376 El
3693 5322 3787 5377 οὗν

2122 5388 2176 5465 ἐν
2202 5385 2490 5465 ipsum»
2521 5385 2759 5465 μαμωνᾷ
2808 5387 2992 5465 πιστοὶ
3042 5387 3142 5465 οὐκ
3193 5390 3453 5465 ἐγένεσθε,
3496 5392 3560 5447 τὸ
3584 5390 3789 5465 ἀληθι-

2120 5457 2332 5539 νὸνμτίς
2356 5457 2483 5539 ὑμῖν
2508 5457 2829 5539 πιστεύσεις
2865 5459 2968 5539 limi
3014 5458 3059 5514 εἶ
3117 5460 3171 5539 έν
3357 5457 3640 5539 ἀλλοτρίῳ
3684 5457 3788 5521 ’πμ

2227 5532 2239 5551 ι
2309 5531 2322 5549 9
2729 5529 2742 5547 κ
2867 5529 2887 5562 ι
3123 5532 3135 5549 ι
3272 5529 3296 5550 ἐν
3412 5536 3424 5555 I
3537 5529 3547 5539 '

2124 5554 2240 5591 στοι
2268 5552 2368 5586 ουκ
2423 5530 2751 5606 γένεσθε,το
2785 5530 3052 5602 ὑμετερον
3081 5553 3163 5606 τις
3195 5533 3322 5606 ὗμιν
3355 5532 3519 5590 δωσει
3554 5557 3569 5605 ;

2193 5609 2307 5678 (92)
2334 5599 2447 5666 Ὡς’
2480 5599 2754 5677 παρεπίδη
2767 5599 2887 5675 μος.
2940 5599 3255 5677 Respicere
3312 5608 3545 5665 videtur
3559 5599 3598 5664 VI
3626 5610 3786 5667 Petr.

2124 5694 2188 5751 η,
2221 5680 2307 5747 ll,
2337 5679 2424 5732 l2.
