4144 6392
378 369 520 424 1143

1594 370 2007 429 CLEMENTIS
2043 363 2555 420 ALBXANDBINI

3660 366 3811 424 1144

370 502 759 569 prosperatur
780 496 854 567 (a)
872 496 900 552 ?
916 519 941 547 ι»
969 497 1125 568 quod
1145 496 1339 553 simile
1362 502 1453 553 est
1474 498 1549 565 ei,
1576 495 1733 568 quod
1752 494 1918 567 prius
1941 493 2026 549 a1-

2150 484 2408 562 ἑπιστολῇ
2459 487 2884 562 ἀποτεινόμενος
2937 489 3156 569 γράφει·
3210 515 3239 544 α
3300 490 3400 548 Καὶ
3485 492 3563 566 μὴ
3617 492 3806 557 καθὼς

371 586 563 641 latum
590 593 678 641 est
703 603 771 641 ex
803 587 1122 642 Malachia:
1165 609 1191 639 α
1236 588 1352 642 Deo
1384 587 1754 651 restiterunt,
1790 591 1849 640 et
1880 583 2023 639 salvi

374 675 514 732 facti
547 680 703 731 sunt.
730 696 758 725 ››
787 677 930 731 Nam
952 676 1256 747 propheta)
1284 675 1565 730 divinitus
1585 674 1877 746 inspirati,
1903 689 2024 728 non

376 765 569 822 solum
602 783 732 836 qua:
763 780 797 819 a
826 766 944 820 Deo
975 766 1295 831 audierint,
1327 783 1388 820 se
1418 766 1580 837 loqui
1632 764 2026 837 proﬁtentur;

2141 576 2640 653 βλασφημούμεθα,
2670 577 2761 632 καὶ
2808 579 2986 641 καθώς
3015 581 3141 657 φασί
3203 601 3345 644 τινες
3388 584 3537 656 ἡμᾶς
3594 579 3803 658 λέγειν⁹

2136 664 2244 735 ὅτι,
2280 667 2606 737 Ποιήσωμεν
2665 668 2735 722 τὰ
2789 673 2948 735 κατὰ,
2977 668 3071 723 ἳνα
3126 666 3258 737 ἔλθη
3306 670 3374 726 τὰ
3431 672 3627 746 ἀγαθὰ,
3664 694 3692 721 ››
3725 672 3802 727 ὤν

2133 756 2196 810 τὸ
2230 755 2398 828 κρίμα
2425 752 2632 811 ἔνδικόν
2665 756 2808 812 ἐστιν
2846 775 2859 826 ;
2894 758 3061 815 Οὗτοί
3095 758 3230 813 εἰσιν
3284 761 3336 814 οἱ
3366 762 3504 816 κατὰ
3541 761 3642 830 τήν
3677 759 3808 816 ἀναί-

376 854 479 911 sed
510 860 569 909 et
598 854 710 926 ipsi
738 855 919 910 etiam
952 855 1149 911 solent
1189 872 1276 924 ea,
1305 873 1436 927 quae
1464 857 1633 928 vulgo
1656 855 1966 927 jactantur
1995 869 2030 908 a

2150 865 2331 921 γνωσιν
2362 852 2549 920 φωνῆς
2577 845 2724 919 τόνῳ
2783 843 3199 925 διαστρέφοντες
3255 848 3351 911 τὰς
3407 850 3623 927 Γραφὰς
3665 850 3808 927 πρὸς

375 943 617 1016 populo,
665 945 1032 1016 exceptionis
1093 946 1289 1014 modo,
1338 946 1593 1013 edicere,
1643 950 1702 999 et
1743 950 2027 1015 tanquam

377 1033 737 1105 quaestiones
754 1034 826 1089 ab
841 1034 1187 1090 hominibus
1206 1042 1395 1090 motas
1413 1035 1632 1090 referre
1660 1051 1672 1088 :
1694 1034 1786 1105 cuj
1796 1033 2029 1088 usmodi

375 1125 467 1177 est
496 1120 645 1176 illud
678 1122 926 1190 dictum,
961 1124 1132 1193 cujus
1155 1124 1379 1178 mentio
1403 1123 1531 1195 jam
1564 1121 1719 1177 facta
1739 1126 1848 1177 est.
1870 1122 2029 1175 Nun-

374 1210 516 1281 quid
549 1216 748 1265 autem
778 1210 852 1265 ad
871 1210 979 1266 hos
1009 1211 1187 1266 verba
1217 1228 1325 1266 sua
1343 1211 1626 1284 dirigens.
1652 1210 1858 1266 scribit
1875 1212 2031 1281 Apo-

378 1300 568 1355 stolus
596 1300 659 1355 in
706 1300 971 1372 Epistola
1009 1301 1082 1356 ad
1130 1303 1466 1357 Romanos:
1522 1325 1548 1350 «ι
1598 1303 1668 1355 Ει
1705 1317 1827 1355 non
1878 1299 2032 1355 sicut

376 1388 887 1461 blasphemamur,
920 1395 980 1446 et
1008 1391 1161 1445 sicut
1189 1390 1397 1446 dicunt
1426 1390 1611 1462 aliqui
1645 1407 1756 1445 nos
1783 1389 1847 1450 εἰ(
1867 1388 2027 1444 dice-

372 1495 437 1534 re
464 1495 476 1532 :
502 1478 812 1535 Faciamus
842 1479 1020 1548 mala,
1052 1485 1118 1534 ut
1146 1480 1422 1535 eveniant
1450 1479 1608 1535 bona
1648 1495 1904 1550 quorum
1929 1478 2031 1549 ju-

375 1573 466 1624 sta
482 1568 893 1624 estdamnatio
915 1570 1036 1638 (b)?
1064 1591 1091 1618 »ι
1121 1570 1165 1624 Ii
1199 1575 1358 1634 sunt,
1392 1569 1492 1640 qui
1526 1570 1683 1625 inter
1710 1568 2029 1640 legendum

2133 937 2228 999 τὰς
2263 934 2404 999 ἰδίας
2435 934 2659 1007 ἡδονὰς,
2691 937 2780 992 καί
2820 959 2983 993 τινων
3036 938 3365 1016 προσῳδιῶν
3423 943 3515 996 καὶ
3548 945 3801 1017 στιγμῶν

2141 1026 2417 1101 μεταθέσει
2447 1026 2515 1080 τα
2544 1027 2985 1103 παραγγελθὲντα
3042 1029 3341 1107 σωφρόνως
3398 1050 3457 1085 τε
3510 1031 3601 1086 καὶ
3660 1053 3805 1104 συμ-

2138 1116 2413 1194 φερόντως
2464 1116 2780 1192 βιαζόμενοι
2838 1118 2977 1192 πρὸς
3014 1116 3350 1188 ἡδυπαθείας
3419 1120 3515 1182 τὰς
3571 1121 3800 1175 ἑαυτῶν·

2142 1229 2166 1262 ι
2201 1208 2270 1265 Οἱ
2300 1206 2691 1282 παροξύνοντες
2719 1212 2834 1281 (20)
2891 1207 2985 1263 τὰν
3042 1209 3172 1265 Θεὸν
3227 1215 3347 1273 τοῖς
3398 1208 3587 1287 λόγοις
3620 1212 3800 1285 ὑμῶν,

2140 1298 2170 1354 6
2203 1295 2498 1373 Μαλαχίας
2530 1298 2687 1375 φησὶ,
2718 1296 2809 1352 καὶ
2841 1295 3046 1354 εἴπατε·
3105 1301 3195 1357 Ἐν
3249 1300 3359 1354 τίνι
3410 1301 3806 1378 παρωξύναμεν

2140 1385 2346 1454 αὐτόν;
2381 1389 2577 1460 Ἐντῷ
2624 1387 2799 1464 λέγειν
2863 1388 3023 1461 ὑμᾶς·
3080 1393 3190 1453 Πᾶς
3246 1390 3275 1444 6
3331 1394 3506 1445 ποιῶν
3561 1390 3804 1463 πονηρὸν

2140 1475 2344 1551 ἀγαθὸς
2392 1474 2625 1531 ἐνώπιον
2674 1475 2900 1550 Κυρίου,
2956 1478 3047 1533 καὶ
3117 1477 3170 1533 ἐν
3232 1479 3418 1542 αὐτοῖς
3468 1477 3798 1551 ηὐδόκησεν·

2138 1565 2229 1619 καὶ
2250 1569 2357 1619 ποῦ
2384 1563 2527 1622 ἔστιν
2556 1567 2585 1620 6
2607 1566 2739 1629 Θεὸς
2762 1569 2861 1630 τῆς
2886 1565 3240 1638 δικαιοσύνης
3274 1588 3289 1637 ;
3323 1591 3353 1620 »

377 1662 518 1713 tono
553 1658 711 1712 vocis
740 1664 1086 1729 pervertunt
1114 1658 1448 1729 Scripturas
1494 1658 1569 1713 ad
1616 1658 1887 1731 prOprias
1935 1656 2286 1728 voluptates,
2322 1661 2380 1711 et
2424 1657 2820 1727 quorumdam
2852 1660 3008 1714 ηπ
3037 1665 3394 1715 accentuum
3442 1664 3502 1715 et
3547 1666 3802 1731 puncto-

377 1762 514 1801 rum
547 1747 1034 1819 transpositione,
1068 1765 1199 1817 quas
1232 1746 1559 1818 prudenter
1588 1753 1646 1801 et
1675 1747 1905 1802 utiliter
1950 1750 2247 1818 prwcepta
2290 1752 2450 1813 sunt,
2483 1746 2558 1802 ad
2589 1762 2729 1802 suas
2758 1748 3005 1803 trahunt
3045 1748 3291 1804 delicias
3346 1771 3375 1799 «
3407 1749 3517 1814 Qui
3558 1749 3805 1805 irritatis

383 1835 570 1892 Deum
604 1836 982 1891 sermonibus
1011 1838 1240 1905 vestris,
1271 1858 1298 1885 ››
1331 1837 1527 1908 inquit
1555 1838 1891 1902 Malacbias,
1924 1860 1950 1885 «
1981 1842 2038 1893 et
2068 1834 2286 1901 dicitis,
2320 1835 2382 1889 in
2415 1852 2675 1907 quonam
2709 1852 2842 1892 eum
2875 1837 3239 1894 irritavimus
3260 1838 3287 1894 ?
3333 1839 3482 1894 Dum
3525 1855 3622 1894 vos
3652 1838 3805 1894 dici-

378 1924 457 1980 tis
492 1941 505 1979 :
535 1925 884 1997 Quicunque
913 1925 1056 1981 facit
1084 1926 1331 1993 malum,
1364 1926 1557 1982 bonus
1587 1932 1679 1982 est
1705 1943 1904 1983 coram
1938 1925 2211 1995 Domino,
2243 1930 2303 1980 et
2332 1924 2460 1997 ipse
2490 1925 2554 1980 in
2581 1925 2668 1981 eis
2696 1926 3099 1998 complacuit;
3130 1932 3190 1983 et
3218 1926 3321 1983 ubi
3370 1933 3461 1983 est
3484 1929 3637 1985 Deus
3658 1929 3804 2000 jus-

378 2014 525 2069 titiaa
557 2015 626 2085 (ο)
648 2014 676 2069 ?
703 2036 731 2065 ››

1914 2104 2146 2160 CAPUT
2193 2104 2260 2160 V.

538 2193 650 2247 Duo
678 2210 881 2263 genera
910 2194 1294 2252 haereticorum
1321 2202 1516 2261 notat;
1545 2198 1707 2266 prius
1736 2194 1961 2250 illorum
1989 2197 2088 2264 qui
2117 2195 2304 2248 omnia
2327 2194 2574 2249 omnibus
2605 2193 2767 2249 licere
2789 2197 3191 2265 pronuntiant,
3222 2212 3356 2267 quos
3387 2199 3658 2265 renuant.

452 2292 533 2346 Ne
556 2307 692 2363 ergo
725 2292 883 2347 hunc
927 2292 1123 2349 locum
1166 2311 1361 2367 ungue
1393 2294 1651 2366 amplius
1681 2292 2031 2358 fodicantes,

2213 2291 2307 2346 "lv’
2341 2288 2433 2344 οὖν
2466 2292 2575 2361 (21)
2629 2291 2731 2363 μὴ,
2790 2288 3077 2347 ἐπιπλεῖον
3142 2291 3498 2367 όνυχίζοντες
3548 2294 3662 2367 (22)
3714 2294 3809 2349 τὸν

385 2380 649 2452 plurium
673 2381 1067 2437 absurdarum
1086 2383 1406 2439 hazresium
1431 2382 1881 2439 meminerimus
1902 2400 1914 2449 ;
1932 2398 2039 2437 nec

2150 2379 2316 2433 τόπον
2351 2423 2366 2449 ,
2416 2377 2683 2435 πλειόνων
2743 2380 2958 2435 ἀτόπων
3024 2380 3281 2455 αἱρέσεων
3365 2378 3811 2457 ἔπιμεμνήμεθα,

382 2486 589 2525 rursus
610 2470 752 2525 dum
775 2471 837 2526 in
864 2472 1113 2545 singulis
1134 2473 1417 2528 adversus
1438 2488 1926 2544 unamquamque
1949 2471 2036 2526 di-

2153 2466 2284 2541 μηδ⁹
2343 2466 2409 2523 αὗ
2466 2470 2580 2523 καθ’
2639 2469 2868 2538 ἑκάστην
2926 2469 3106 2526 αὐτῶν
3163 2468 3340 2548 λέγειν
3395 2471 3533 2545 πρὸς
3582 2471 3813 2542 ἑκάστην

382 2575 515 2615 cere
547 2576 791 2615 necesse
823 2561 1133 2629 habemus,
1183 2568 1499 2634 propterea
1546 2561 1771 2634 pudore
1815 2561 2039 2617 afﬁcia-

2150 2557 2610 2632 ἀναγκαζόμενοι,
2664 2557 3058 2633 αἴσχυνώμεθά
3111 2582 3171 2615 τε
3200 2560 3283 2615 ἐπ’
3316 2560 3526 2628 αὐτοῖς,
3582 2561 3674 2617 καὶ
3723 2561 3812 2617 ἐπὶ

382 2664 537 2717 mur,
572 2656 631 2704 et
658 2650 840 2706 nimis
871 2651 1132 2722 prolixos
1177 2653 1287 2707 hos
1333 2652 1622 2708 faciamus
1672 2657 2044 2707 commenta-

383 2737 527 2804 rios,
558 2755 663 2811 age
697 2739 757 2794 in
790 2739 906 2795 duo
934 2740 1265 2797 dividentes
1287 2757 1496 2796 omnes
1526 2741 1805 2807 haareses,
1840 2741 1926 2796 eis
1944 2756 2038 2795 re.

387 2827 808 2899 spondeamus.
842 2831 958 2884 Aut
985 2830 1143 2885 enim
1185 2831 1404 2886 docent
1448 2830 1770 2885 indiscrete
1815 2830 2039 2885 vivere:

386 2922 490 2974 aut
518 2917 762 2973 modum
789 2919 1164 2985 excedentes,
1201 2937 1306 2991 per
1335 2920 1704 2991 impietatem
1750 2924 1808 2975 et
1837 2919 2042 2974 odium

388 3006 747 3078 proﬁtentur
768 3008 1219 3063 continentiam.
1246 3008 1414 3063 Prius
1433 3015 1632 3063 autem
1667 3008 2043 3063 tractandum

389 3101 481 3151 est
510 3095 582 3150 de
615 3097 809 3167 prima
833 3102 1019 3168 parte.
1054 3097 1220 3163 Quod
1253 3099 1301 3153 si
1333 3098 1492 3170 quod
1523 3097 1669 3153 libet
1698 3098 1826 3153 vitae
1857 3113 2043 3171 genus

387 3185 531 3240 licet
559 3185 800 3258 eligere,
834 3191 961 3241 tum
992 3203 1121 3242 eam
1155 3187 1381 3243 scilicet
1413 3187 1592 3242 etiam
1615 3186 1775 3255 licet,
1800 3204 1931 3258 quas
1955 3192 2047 3242 est

389 3274 705 3330 continens
731 3292 744 3329 :
777 3281 837 3331 et
865 3276 914 3330 si
946 3276 1171 3332 electus
1188 3281 1312 3331 tute
1335 3277 1553 3349 poterit
1581 3276 1891 3348 quodlibet
1912 3277 2043 3330 vita:

388 3381 574 3438 genus
601 3366 836 3433 sectari,
859 3365 1244 3421 manifestum
1268 3372 1357 3423 est
1372 3382 1525 3434 eam,
1547 3383 1678 3438 qua)
1700 3372 2042 3437 temperan-

393 3459 481 3509 ter
501 3459 560 3509 et
580 3454 910 3510 secundum
935 3455 1208 3510 virtutem
1232 3455 1444 3524 agitur,
1478 3454 1653 3528 longe
1680 3456 2043 3511 tutissimam

394 3559 544 3598 esse.
567 3545 713 3598 Nam
740 3559 874 3598 cum
911 3564 934 3594 ιι
962 3543 1205 3599 domino
1230 3544 1482 3612 sabbati,
1509 3568 1533 3594 η
1561 3545 1795 3600 etiamsi
1828 3545 2042 3599 intem-

392 3638 672 3704 peranter
702 3632 871 3699 vivat,
904 3632 1070 3688 nulla
1087 3634 1236 3689 ratio
1262 3634 1565 3690 reddenda
1587 3635 1681 3699 sit,
1707 3633 1894 3689 multo
1917 3649 2040 3688 ma-

391 3719 479 3793 gis
502 3721 601 3791 qui
635 3720 811 3775 vitam
836 3722 1139 3777 moderate
1162 3727 1221 3777 et
1243 3729 1567 3795 temperate
1591 3723 1868 3790 instituit,
1890 3722 2040 3777 nulli

391 3808 505 3863 erit
536 3810 749 3865 rationi
794 3810 1111 3866 reddendas
1156 3812 1469 3869 obnoxius.
1520 3812 1735 3868 Omnia
1765 3811 1925 3866 enim
1970 3810 2044 3865 li-

389 3904 545 3962 cent,
581 3899 683 3955 sed
706 3916 826 3955 non
849 3901 1054 3956 omnia
1076 3901 1400 3973 expediunt
1420 3902 1523 3973 (d),
1551 3925 1576 3949 ››
1601 3902 1683 3956 ait
1705 3899 2041 3972 Apostolus.

390 3988 556 4054 Quod
588 3990 634 4045 si
658 3990 863 4045 omnia
890 3989 1093 4054 licent,
1116 3991 1390 4047 videlicet
1409 3991 1783 4047 moderatum
1807 4004 2044 4061 quoque

390 4084 549 4133 esset
577 4084 636 4134 et
666 4084 1116 4151 temperantem.
1147 4080 1657 4146 Quemadmodum
1703 4096 1839 4151 ergo
1874 4080 1925 4135 is
1956 4083 2047 4135 est

389 4167 747 4234 laudandus,
780 4170 881 4241 qui
911 4169 1184 4226 libertate
1208 4186 1315 4226 sua
1337 4187 1480 4225 usus
1513 4174 1605 4225 est
1628 4168 1701 4224 ad
1732 4169 2044 4225 vivendum

392 4274 463 4314 ex
490 4258 704 4313 virtute
730 4275 743 4312 :
778 4259 860 4313 ita
890 4259 1077 4314 multo
1125 4260 1310 4329 magis
1359 4260 1462 4329 qui
1494 4259 1657 4314 dedit
1686 4259 1860 4314 nobis
1891 4258 2039 4313 libe-

389 4363 516 4403 ram
548 4347 738 4403 nostri
764 4353 1138 4419 potestatem,
1160 4356 1219 4404 et
1242 4350 1540 4404 concessit
1564 4349 1756 4404 vivere
1779 4354 1844 4402 ut
1867 4348 2041 4403 velle-

387 4453 543 4503 mus,
579 4444 671 4493 est
698 4439 1070 4493 venerandus
1102 4444 1161 4493 et
1180 4438 1539 4501 adorandus,
1573 4438 1731 4508 quod
1752 4454 1872 4493 non
1909 4454 2045 4509 per-

388 4526 639 4591 miserit,
673 4531 741 4581 ut
760 4534 965 4583 nostra
988 4527 1197 4583 electio
1230 4533 1290 4581 et
1308 4527 1508 4582 vitatio
1531 4528 1807 4598 cuiquam
1831 4542 2043 4582 neces-

388 4614 546 4670 sario
578 4616 844 4672 serviret.
877 4618 935 4671 Si
970 4622 1060 4672 est
1080 4623 1279 4672 autem
1310 4621 1561 4687 uterque
1584 4632 1751 4687 aaque
1775 4632 2041 4685 securus,

388 4709 448 4758 et
463 4705 564 4775 qui
586 4706 1110 4771 incontinentiam,
1135 4711 1192 4761 et
1210 4705 1309 4775 qui
1329 4706 1759 4761 continentiam
1779 4706 2042 4778 elegerit,

388 4809 509 4848 non
542 4801 632 4850 est
660 4800 861 4851 tamen
894 4813 963 4850 ex
987 4811 1155 4865 aequo
1181 4794 1496 4850 honestum
1521 4800 1580 4850 et
1608 4794 1909 4851 decorum.
1935 4796 2043 4861 Qui

391 4883 555 4939 enim
585 4885 831 4957 impegit
862 4884 922 4939 in
952 4884 1311 4954 voluptates,
1352 4884 1720 4954 gratiﬁcatur
1766 4886 1999 4957 corpori
2026 4903 2039 4940 :

391 4976 732 5043 temperans
763 4978 961 5026 autem
980 4971 1242 5025 animam
1273 4974 1538 5043 corporis
1564 4973 1869 5028 dominam
1895 4973 2045 5027 libe-

390 5068 485 5117 rat
512 5079 548 5117 a
578 5060 1146 5134 perturbationibus.
1186 5063 1252 5115 Et
1280 5062 1328 5116 si
1362 5062 1564 5118 dicant
1592 5080 1700 5119 nos
1730 5086 1755 5114 ιι
1808 5069 2043 5119 vocatos

390 5150 574 5207 fuisse
605 5152 665 5206 in
688 5151 1048 5218 libertatem,
1074 5150 1447 5207 solummodo
1470 5169 1545 5208 ne
1575 5153 1947 5224 praebeamus
1969 5152 2045 5206 li-

460 5259 524 5323 ›ι‹
556 5261 619 5314 Ρ.
654 5261 756 5337 529
789 5259 1226 5337 ΕῡηιδΟΤΤΕιι,
1259 5262 1361 5315 443
1394 5261 1505 5316 ED.
1539 5262 1767 5316 PARIS.
1846 5262 1923 5329 (a)
1953 5260 2039 5313 Jel

2155 5302 2169 5314 .
2200 5276 2299 5332 xu,
2336 5265 2386 5317 1.
2462 5262 2541 5330 (b)
2572 5264 2741 5319 Rom.
2776 5279 2864 5337 ιιι,
2896 5265 2946 5320 8.
3028 5265 3100 5337 (ο)
3134 5262 3380 5320 Malach.
3414 5280 3475 5333 ιι,
3507 5263 3597 5321 Π.
3684 5263 3762 5334 (d)
3796 5256 3823 5311 Ι
3920 5248 3923 5249 ν

393 5331 525 5388 Cor.
564 5347 639 5399 vx,
675 5333 739 5385 13
766 5347 780 5397 ;
812 5347 870 5397 x,
902 5333 990 5388 23.

468 5430 577 5496 (20)
618 5426 1049 5500 llaooﬁtivovuc.
1136 5426 1537 5500 Παροξῦναντες
1616 5428 1889 5500 Malach.,
1946 5428 2046 5500 ubi

399 5516 557 5591 Inoas,
616 5497 667 5553 ἓν
702 5497 818 5589 τοῖς
851 5498 1190 5591 λογᾷθάθὶῐι,
1223 5497 1402 5555 νκαλδν
1435 5498 1667 5553 ἐνώπιον
1700 5498 1927 5572 Κυρίου,
1956 5498 2045 5554 καὶ

397 5568 449 5624 ἐν
483 5571 669 5631 αὐτοῖς
698 5571 860 5636 αὐτὸς
890 5568 1169 5641 εὖδόκησε.

472 5646 580 5713 (21)
607 5643 704 5716 Ἰν⁹
733 5642 872 5701 οὖν..
907 5638 1352 5716 ἐπιμεμνῆμεθα.
1397 5642 1701 5712 Usitatius,
1755 5638 1830 5695 ἵν’
1887 5642 2048 5701 οὗν...

401 5707 488 5762 ἐπι
498 5707 849 5786 μεμνώμεθα.
883 5707 1158 5773 δγῐιιὶῠιὶῦ.

2154 2649 2422 2721 μήκιστον
2478 2647 2546 2701 τὰ
2630 2647 3006 2721 ὑπομνήματα
3089 2650 3439 2725 προάγωμεν·
3524 2649 3674 2727 φέρε,
3737 2649 3815 2713 εἷς

2151 2732 2253 2791 δύο
2285 2732 2558 2799 διελόντες
2589 2738 2888 2813 πράγματα
2945 2736 3153 2800 ἁπάσας
3210 2739 3308 2802 τὰς
3372 2737 3630 2813 αἷρέσεις,
3676 2738 3815 2794 ἀπο·

2149 2827 2466 2901 κρινώμεθα
2507 2827 2714 2890 αὐτοῖς·
2863 2829 2967 2904 γάρ
3009 2849 3098 2884 τοι
3157 2826 3468 2908 ἀδιαφόρως
3516 2832 3613 2903 ζῇν
3669 2827 3818 2885 διδά-

2152 2935 2394 2983 σκουσιν,
2426 2914 2484 2988 ἢ,
2540 2916 2600 2970 τὸ
2660 2915 2953 2993 ὑπέρτονον
3011 2915 3268 2993 ἄγουσαι,
3326 2917 3642 2993 ἐγκράτειαν
3730 2915 3822 2974 διὰ

2152 2999 2467 3067 δυσσεϐείας
2546 3004 2637 3060 καὶ
2725 3007 3300 3083 φιλαπεχσημοσύνης
3355 3005 3819 3083 καταγγέλλουσα

2154 3094 2424 3170 Πρότερον
2454 3092 2513 3149 δὲ
2557 3096 2820 3171 περὶτοῦ
2877 3097 3146 3171 προτέρου
3206 3094 3539 3168 διαληπτέον
3596 3099 3822 3171 τμήμα-

2149 3204 2262 3246 τος·
2297 3183 2343 3239 εί
2375 3185 2549 3240 πάντα
2578 3180 2777 3256 ἔξεστιν
2821 3184 3037 3241 ἑλέσθαι
3100 3187 3241 3261 βίον,
3297 3183 3469 3256 δῆλον
3529 3187 3614 3242 ’ὁτι
3699 3189 3820 3261 (23)

2149 3273 2362 3329 καὶτὸν
2399 3276 2517 3349 μετ’
2568 3274 2905 3353 ἐγκρατείας·
2967 3275 3059 3331 καὶ
3100 3275 3145 3331 εἰ
3193 3282 3299 3339 πᾶς
3361 3275 3478 3351 βίος
3537 3273 3822 3339 ἀκίνδυνος

2152 3360 2412 3436 ἐκλεκτῷ,
2473 3361 2645 3434 δῆλον
2705 3363 2789 3419 ὅτι
2852 3367 2985 3439 μετὰ
3034 3365 3232 3441 ἀρετῆς
3310 3366 3401 3420 καὶ
3460 3363 3823 3442 σωφροσύνης

2150 3450 2296 3507 πολὺ
2333 3450 2548 3526 μᾶλλον
2578 3449 2886 3516 ἀκίνδυνος·
2949 3451 3202 3524 δοθείσης
3230 3455 3330 3529 γὰρ
3381 3452 3623 3526 ἐξουσίας
3677 3479 3704 3505 ‹‹
3735 3457 3820 3527 τῷ

2152 3541 2326 3618 κυρίῳ
2381 3545 2479 3598 τοῦ
2532 3537 2827 3613 σαϐϐάτου,
2895 3565 2920 3596 ι
2986 3542 3137 3619 εἷ’περ
3225 3541 3542 3607 ἀκολάστως
3597 3544 3822 3618 βιῶσαι,

2153 3629 2444 3694 ἀνεῦθυνον
2477 3631 2637 3700 εἶναι,
2668 3629 2869 3704 πολλῷ
2904 3630 3118 3704 μᾶλλον
3167 3634 3196 3688 6
3216 3632 3465 3705 κοσμίως
3496 3632 3825 3689 πολιτευσάο

2157 3739 2317 3791 μενος
2352 3719 2460 3795 οὐχ
2493 3720 2793 3785 ὑπεύθυνος
2819 3716 2988 3777 ἔσται.
3022 3745 3050 3773 α
3112 3722 3292 3777 Πάντα
3334 3721 3429 3794 μὶν
3457 3723 3557 3796 γὰρ
3589 3718 3817 3795 ἔξεστιν,

2149 3807 2278 3866 ἀλλ’
2309 3809 2371 3865 οὗ
2402 3810 2580 3866 πάντα
2610 3813 2891 3889 συμφέρει,
2927 3837 2956 3865 υ
2988 3812 3153 3890 φησὶν
3184 3813 3213 3867 ὁ
3245 3813 3610 3875 ’Λπόστολος.
3644 3812 3704 3867 Εἰ
3754 3809 3818 3868 δὲ

2148 3898 2238 3953 καὶ
2272 3900 2446 3955 πάντα
2475 3894 2667 3970 ἔξεστι,
2704 3897 2878 3970 δῆλον
2911 3900 2994 3956 ὅτι
3025 3902 3116 3957 καὶ
3145 3902 3209 3957 τὸ
3243 3907 3569 3980 σωφρονεῖν.
3601 3904 3812 3978 Ὥσπερ

2150 3985 2244 4043 οὗν
2273 3989 2301 4043 ὁ
2329 3992 2398 4063 τῇ
2432 3987 2649 4061 ἐξουσίᾳ
2677 3988 2754 4052 εἷς
2784 3990 2846 4045 τὸ
2903 3991 3021 4046 κατ’
3053 3991 3252 4065 ἀρετὴν
3309 3990 3504 4067 βιῶσαι
3555 4009 3814 4065 συγχρη-

2151 4080 2385 4151 σάμενος
2416 4077 2719 4146 ἐπαινετὸς,
2754 4079 2896 4135 οὕτω
2926 4079 3072 4136 πολὺ
3109 4080 3323 4154 μᾶλλον
3352 4081 3381 4135 6
3437 4081 3537 4148 τήν
3567 4078 3814 4151 ἐξουσίαν

2149 4170 2287 4241 ἡμῖν
2319 4164 2571 4231 δεδωκὼς
2630 4167 2915 4244 ἐλευθέραν
2975 4170 3062 4225 καὶ
3124 4170 3340 4244 κυρίαν,
3401 4169 3815 4245 καὶσυγχωρή-

2150 4279 2244 4319 σας
2275 4260 2411 4330 ἡμῖν
2446 4259 2598 4333 βιοῦν
2632 4259 2704 4321 ὡς
2740 4259 3076 4335 βουλόμεθα,
3105 4259 3301 4332 σεμνὸς
3357 4259 3446 4313 καὶ
3506 4277 3815 4335 προσκυνη-

2148 4349 2265 4417 τὸς,
2311 4351 2386 4423 μή
2423 4349 2581 4412 ἐάσας
2616 4347 2894 4405 δουλεύειν
2927 4352 3089 4423 ἡμῶν
3139 4349 3275 4405 κατᾶ
3332 4348 3566 4424 ἀνάγκην
3598 4348 3694 4411 τὰς
3729 4348 3813 4402 ai-

2152 4438 2324 4514 ρέσεις
2355 4439 2441 4494 καὶ
2474 4439 2574 4500 τὰς
2604 4438 2798 4512 φυγάς.
2835 4439 2895 4494 Ι-Ιί
2955 4436 3013 4493 δὲ
3068 4440 3131 4495 τὸ
3181 4436 3330 4501 ἀδεὲς
3360 4438 3613 4514 ἑκάτερος
3670 4433 3814 4513 ἔχει,

2150 4526 2267 4583 ὅτε
2323 4528 2581 4603 ἀκρασίαν
2639 4528 2669 4583 ὅ
2732 4549 2791 4584 τε
2848 4529 3158 4603 ἐγκράτειαν
3214 4527 3500 4602 ἐλόμενος,
3552 4528 3697 4585 ἀλλὰ
3752 4527 3817 4581 τὸ

2150 4619 2370 4689 σεμνὸν,
2398 4618 2508 4692 οὐχ
2539 4618 2754 4688 ὅμοιον.
2788 4618 2849 4675 Ὀ
2886 4617 2983 4691 μὶν
3013 4619 3118 4692 γὰρ
3178 4618 3256 4682 εἷς
3285 4617 3491 4688 ἡδονὰς
3541 4614 3821 4688 ἐξοκείλας

2150 4705 2365 4779 σώματι
2396 4706 2703 4781 χαρίζεται,
2738 4707 2766 4761 6
2798 4703 2855 4761 δὲ
2886 4707 3120 4781 σώφρων
3178 4709 3278 4777 τὴν
3339 4706 3529 4781 κυρίαν
3587 4703 3687 4761 τοῦ
3718 4704 3820 4759 σώ-

2154 4816 2321 4870 ματος
2354 4796 2542 4870 ψυχὴν
2595 4793 2877 4869 ἐλευθεροῖ
2942 4800 3051 4851 τῶν
3083 4802 3293 4861 παθῶν.
3327 4798 3432 4852 Κδὶν
3460 4795 3545 4852 ἐπ’
3601 4794 3816 4852 ἐλευθε·

2151 4883 2241 4958 ρίᾳ
2268 4883 2564 4953 κεκλῆσθαι
2597 4883 2828 4958 λέγωσιν
2872 4887 3041 4958 ἡμᾶς,
3107 4885 3272 4960 μόνον
3331 4889 3407 4960 μὴ
3465 4886 3565 4954 τήν
3598 4884 3815 4941 ἐλευθεο

2155 4972 2270 5048 ρίαν
2321 4973 2396 5034 εἷς
2456 4973 2711 5051 ἀφορμὴν
2771 4978 2839 5049 τῇ
2890 4975 3048 5049 σαρκὶ
3107 4978 3462 5051 παρίχωμεν,
3521 4975 3658 5031 κατὰ
3720 4973 3814 5028 τὸν

2155 5061 2518 5116 Ἀπόστολον’
2566 5061 2616 5117 εἴ
2659 5061 2717 5118 δὶ
2748 5062 3012 5139 ἐπιθυμίᾳ
3060 5066 3373 5137 χαριστέον,
3406 5064 3497 5119 καὶ
3548 5063 3641 5120 τὸν
3684 5060 3820 5116 ἐπο-

2150 5148 2409 5207 νείδιστον
2447 5152 2562 5226 βίον
2592 5149 2887 5231 ἀδιάφορον
2916 5154 3181 5231 ἡγητέον,
3213 5154 3290 5216 ὡς
3323 5154 3478 5210 αὐτοὶ
3533 5153 3819 5229 λέγουσιν,

2395 5429 2798 5506 Ὀνυχίζοντες)
2857 5434 2952 5506 Ι(1Δ
2982 5427 3644 5506 θειὲἀκριὸολογοῦντες.
3704 5434 3820 5490 He-

2159 5503 2437 5583 sychius._
2471 5502 2738 5583 ξρνυχιεῖἐ
2771 5502 3049 5583 ἐπιμελῶς
3093 5502 3347 5583 ἐξετάσει.
3381 5506 3530 5561 Hinc
3567 5523 3818 5579 prover-

2159 5570 2323 5665 Μιιὲ
2351 5570 2694 5665 Ἷὸνυῄᾶς,
2717 5570 2921 5665 ῐτξιῐὶιὶθ
2973 5570 3432 5665 ανᾼᾶάῐιςμθῐῐι,
3469 5601 3497 5628 ››

2161 5638 2693 5776 δῖᾗθέλὲἦλονδτιί
2736 5650 2889 5705 Flor.
2946 5649 3090 5706 edit.
3151 5638 3471 5722 corijuncte
3529 5644 3814 5719 δηλονότι.
