4144 6430
433 394 573 453 1145

1762 403 2216 459 ΒΤΒΟΜΔἸὋΜ
2253 404 2388 459 LIB.
2430 404 2504 458 III
2515 442 2528 456 .

3715 397 3859 456 1H6

426 522 553 591 ἢτοι
585 521 760 575 πάντα
787 524 908 583 ταῖς
937 517 1251 595 ἐπιθυμίαις
1282 521 1530 579 πειστέον
1575 522 1665 577 καὶ
1717 523 1772 578 οἲ
1801 527 1987 592 τοῦτο,
2019 522 2085 578 τά

2199 525 2509 594 bertatem,
2538 526 2600 581 in
2644 525 3018 582 occasionem
3067 525 3232 580 carni
3265 522 3363 595 (a),
3400 544 3428 573 »
3457 538 3527 578 ex
3558 527 3858 579 sententia

428 608 794 685 ἀσελγέστατα
846 608 938 663 καὶ
998 608 1337 665 ἀνοσιώτατα
1388 611 1656 685 πράκτὲον
1691 609 1919 678 ἅπαντα,
1953 614 2086 668 ἑπο-

431 701 627 775 μένους
681 704 803 760 τοῖς
862 697 1241 754 ἀναπείθουσιν
1299 701 1468 771 ἡμᾶς·
1530 701 1565 771 ἢ
1623 706 1730 756 τῶν
1785 701 2091 775 ἐπιθυμιῶν

424 809 576 850 τινας
606 785 992 862 ἐκκλινοῦμεν,
1051 788 1142 843 καὶ
1194 786 1293 843 οὐκ
1345 786 1424 844 ἔτι
1480 786 1792 868 ἀδιαφόρως
1837 790 2088 867 βιωτέον,

426 875 553 934 οὐδὲ
605 875 830 948 ἀναίδην
880 877 1208 934 δουλευτέον
1265 884 1387 941 τοῖς
1459 881 1813 953 ἀτιμοτάτοις
1871 881 2088 956 μὲρεσιν

427 969 611 1040 ἡμῶν,
673 967 866 1042 γαστρὶ
935 967 1025 1021 καὶ
1100 964 1358 1034 αἰδοίοις,
1435 966 1505 1023 δι’
1563 969 1852 1041 ἐπιθυμίαν
1910 968 2089 1024 κολα-

427 1057 694 1111 κευόντων
748 1057 844 1112 τὸν
898 1059 1175 1132 ἡμέτερον
1234 1056 1421 1132 νεκρόν
1480 1062 1611 1129 (24).
1673 1059 1939 1136 Τρέφεται
1987 1059 2089 1133 γάρ

429 1148 521 1200 καὶ
554 1150 906 1214 ζωοποιεῖται
948 1143 1344 1219 διακονουμὲνη
1406 1146 1484 1209 είς
1541 1145 1843 1203 ἀπόλαυσιν
1905 1147 2090 1202 ἐπιθυ-

436 1234 554 1309 μία,
581 1235 819 1309 καθάπερ
878 1231 1118 1309 ἔμπαλιν
1176 1235 1527 1309 κολουομὲνη
1591 1238 1930 1313 μαραίνεται.
1966 1242 2091 1300 Πῶς

432 1322 492 1380 δέ
520 1323 630 1379 ἐστι
663 1321 912 1394 δυνατὸν,
943 1325 1245 1395 ἡττηθέντα
1270 1330 1380 1379 τῶν
1411 1329 1510 1380 τοῦ
1560 1331 1816 1398 σώματος
1849 1324 2090 1398 ἡδονῶν,

432 1412 816 1487 ἐξομοιοῦσθαι
867 1417 947 1486 τῷ
1001 1413 1204 1488 Κυρίῳ,
1256 1413 1293 1484 ἢ
1339 1418 1540 1491 γνῶσιν
1591 1412 1737 1491 ἔχειν
1780 1420 1951 1485 Θεοῦ;
1980 1417 2093 1470 Πά-

432 1523 537 1573 σης
562 1503 664 1579 γὰρ
694 1499 909 1573 ἡδονῆς
960 1500 1224 1575 ἐπιθυμία
1269 1504 1557 1579 κατάρχει·
1610 1503 1870 1578 ἐπιθυμία
1895 1502 1953 1561 δὲ
1982 1505 2090 1561 λύ-

431 1612 508 1662 πη
562 1612 647 1654 τις
705 1591 793 1647 καὶ
850 1592 1094 1669 φροντὶς,
1154 1589 1228 1647 δι’
1293 1587 1500 1648 ἔνδειαν
1560 1593 1862 1670 ὄρεγομὲνη
1920 1596 2088 1659 τινός.

430 1680 583 1735 Ὠστ’
613 1677 717 1735 οὐκ
746 1677 889 1736 ἄλλο
927 1680 980 1735 τί
1041 1701 1138 1754 μοι
1196 1678 1453 1736 δοκοῦσιν
1483 1683 1535 1738 οἱ
1564 1687 1757 1738 τοῦτον
1812 1681 2088 1759 ἐπανῃρη-

2198 616 2485 686 Apostoli.
2522 616 2578 671 Si
2610 620 2809 671 autem
2838 614 3148 687 cupiditati
3177 618 3269 669 est
3297 611 3770 684 obsequendum,
3798 616 3857 667 et

2197 721 2328 774 quas
2361 707 2647 777 probrosa
2678 711 2767 760 est
2796 710 2856 759 et
2885 703 3075 775 turpis
3109 703 3227 758 vita
3276 707 3562 773 tanquam
3605 701 3854 756 indiﬂ‘e-

2196 810 2335 849 rens
2357 800 2441 849 est
2472 793 2763 868 eligenda,
2788 801 2854 849 ut
2881 794 2995 865 ipsi
3026 792 3270 848 dicunt:
3297 796 3398 847 aut
3427 791 3854 862 cupiditatibus

2198 890 2287 939 est
2315 884 2559 938 omnino
2594 883 2945 956 parendum.
2975 888 3035 938 et
3058 883 3105 937 si
3138 883 3250 938 hoc
3297 882 3379 937 ita
3422 887 3533 948 est,
3582 879 3857 936 facienda

2197 977 2336 1027 sunt
2366 974 2586 1043 qumvis
2610 972 2673 1036 »ἒ
2702 973 3175 1045 impudicissima
3204 977 3262 1026 et
3305 971 3565 1026 maxime
3602 969 3853 1036 nefaria,

2198 1076 2297 1115 eos
2324 1062 2653 1132 sequendo,
2687 1063 2787 1132 qui
2820 1061 2994 1116 nobis
3024 1060 3388 1133 persuadent
3414 1077 3426 1114 :
3459 1064 3561 1115 aut
3581 1064 3719 1114 sunt
3740 1058 3852 1113 ali-

2197 1165 2330 1220 quae
2353 1150 2724 1206 declinandaa
2747 1150 3125 1222 cupiditates,
3151 1155 3204 1203 et
3232 1166 3354 1203 non
3380 1153 3469 1203 est
3488 1147 3746 1219 amplius
3766 1147 3852 1200 vi-

2200 1238 2453 1294 vendum
2486 1240 2915 1307 indiﬂ‘erenter,
2949 1256 3144 1310 neque
3179 1244 3268 1293 est
3296 1236 3676 1309 impudenter
3724 1252 3853 1290 ser-

2199 1329 2475 1383 viendum
2508 1329 2811 1384 vilissimis
2844 1334 2904 1383 et
2931 1326 3349 1399 abjectissimis
3401 1326 3623 1381 nostris
3669 1325 3851 1396 parti-

2199 1418 2330 1483 bus,
2362 1419 2551 1473 ventri
2583 1425 2643 1474 et
2672 1418 2987 1490 pudendis,
3022 1417 3164 1473 dum
3196 1416 3521 1489 cupiditate
3553 1414 3713 1470 ducti
3746 1429 3853 1469 no-

2199 1514 2321 1564 stro
2351 1508 2698 1564 blandimur
2721 1508 3017 1564 cadaveri.
3041 1508 3309 1563 Nutritur
3330 1507 3491 1562 enim
3517 1511 3578 1561 et
3596 1505 3853 1560 vivifica-

2197 1603 2297 1654 tur
2351 1598 2667 1670 cupiditas,
2728 1598 2872 1653 dum
2921 1598 2975 1653 ei
3018 1598 3346 1669 voluptates
3394 1595 3851 1650 ministrantur:

2199 1687 2704 1760 quemadmodum
2726 1705 2934 1743 rursus
2956 1688 3002 1743 si
3026 1686 3391 1759 impediatur
3413 1691 3471 1740 et
3491 1684 3855 1740 interturba-

440 1769 595 1842 μὲνοι
651 1771 744 1824 τὸν
804 1769 1032 1843 τρόπον,
1093 1768 1220 1825 ἀλλ’
1277 1771 1313 1841 ἢ
1365 1771 1427 1826 τὸ
1482 1772 1776 1848 λεγόμενον
1809 1771 1875 1842 δὴ
1905 1779 2085 1843 τοῦτο,

2206 1784 2302 1833 tur
2331 1777 2630 1833 llaccescit
2681 1776 2988 1842 Quomodo
3020 1782 3217 1831 autem
3250 1775 3378 1830 ﬁeri
3409 1779 3623 1845 potest.
3656 1778 3725 1828 ut
3751 1772 3855 1843 qui

435 1860 629 1915 victus
663 1865 754 1917 est
781 1876 816 1916 a
840 1860 1242 1933 voluptatibus
1273 1863 1560 1934 corporis,
1587 1864 1839 1920 Domino
1868 1866 2255 1933 assimiletur,
2289 1872 2391 1922 aut
2420 1867 2521 1923 Dei
2571 1866 2788 1922 habeat
2835 1864 3233 1937 cognitionem
3255 1863 3283 1919 ‘I
3329 1864 3535 1919 Omnis
3565 1862 3725 1918 enim
3756 1878 3860 1916 vo-

432 1947 685 2021 luptatis
714 1951 1077 2022 principium
1109 1956 1199 2005 est
1228 1951 1522 2022 cupiditas
1557 1969 1570 2007 :
1603 1954 1900 2025 cupiditas
1930 1961 2131 2013 autem
2181 1963 2273 2013 est
2314 1956 2589 2012 molestia
2618 1961 2678 2011 et
2706 1954 3064 2019 sollicitudo,
3100 1970 3232 2025 qua)
3270 1958 3513 2025 prOpter
3536 1956 3859 2023 egestatem

432 2037 667 2111 aliquid
706 2039 952 2111 appetit.
987 2040 1178 2106 Quare
1210 2040 1363 2095 nihil
1393 2040 1558 2097 aliud
1586 2043 1732 2098 mihi
1763 2043 2059 2117 videntur,
2092 2046 2193 2118 qui
2224 2045 2379 2101 hanc
2407 2046 2540 2101 vitm
2570 2044 2865 2100 rationem
2896 2043 3252 2116 suscipiunt,
3298 2057 3477 2114 quam
3519 2040 3679 2113 quod
3712 2039 3862 2096 dici-

428 2129 549 2197 tur,

501 2284 514 2297 .
562 2285 576 2298 .
622 2286 636 2299 .
680 2284 694 2298 .
740 2285 755 2298 .
796 2241 942 2317 Πρός
986 2243 1036 2297 τ’
1093 2240 1342 2320 αἴσχεσιν
1402 2241 1573 2320 ἄλγεα
1628 2245 1885 2321 πάσχεινο

424 2353 755 2412 ἐπίσπαστον
807 2357 1021 2421 ἑαυτοῖς
1074 2358 1394 2435 αἱρούμενοι
1446 2360 1612 2415 κακὸν
1668 2362 1805 2435 (25),
1854 2365 1947 2417 νῦν
1999 2365 2091 2420 καὶ

424 2442 479 2507 ἐς
510 2443 754 2520 ὕστερον.
816 2446 883 2504 Εἰ
949 2449 1044 2521 μὶν
1101 2446 1193 2502 οὖν
1252 2447 1426 2503 πάντα
1483 2448 1630 2519 ἐξῆν,
1691 2449 1780 2504 καί
1822 2448 1994 2523 μηδὲν
2024 2453 2093 2522 ἦν

428 2530 551 2597 δέος
598 2534 900 2612 ἀποτυχεῖν
956 2536 1058 2604 τῆς
1116 2534 1340 2601 ἐλπίδος
1396 2533 1487 2591 διὰ
1544 2536 1764 2610 πράξεις
1822 2542 2090 2616 πονηρὰς,

427 2631 559 2696 ἴσως
584 2633 651 2705 ἦν
682 2631 741 2690 ἄν
773 2655 858 2697 τις
905 2634 1092 2697 αὐτοῖς
1136 2634 1410 2713 πρόφασις
1455 2639 1554 2691 τοῦ
1612 2636 1764 2711 βιοῦν
1814 2641 1996 2701 κακῶς
2030 2659 2093 2694 τε

425 2722 516 2779 καὶ
548 2722 819 2786 ἐλεεινῶς.
857 2723 974 2779 ἐπεὶ
1007 2721 1065 2779 δέ
1101 2723 1222 2800 βίος
1269 2746 1354 2786 τις
1402 2726 1540 2798 ἡμῖν
1593 2725 1861 2802 μακάριος
1891 2724 1962 2781 δι’
1992 2726 2087 2783 ἐν-

425 2812 607 2870 τολῶν
653 2811 1039 2883 ἐπιδέδεικται,
1097 2815 1143 2887 ᾧ
1202 2816 1316 2892 χρὴ
1373 2815 1575 2876 πάντας
1630 2814 1956 2889 ἑπομένους,
2010 2817 2087 2890 μὴ

425 2912 838 2989 παρακούοντας
865 2918 973 2969 τῶν
1007 2912 1128 2990 εἱρη
1147 2914 1322 2988 μένων
1378 2912 1545 2983 τινὸς,
1581 2911 1724 2988 μηδὲ
1753 2913 2091 2991 ὀλιγωροῦν-

2276 2251 2432 2308 Ullra
2460 2252 2824 2321 ignominiam
2851 2251 3053 2306 sentire
3077 2249 3292 2305 dolores
3315 2265 3328 2316 ;

2199 2372 2268 2422 ut
2294 2367 2396 2438 qui
2427 2367 2650 2423 malum
2682 2383 2718 2423 a
2747 2383 2811 2423 se
2840 2367 3215 2433 accersitum,
3249 2381 3410 2421 nunc
3438 2368 3498 2420 et
3533 2362 3594 2418 in
3645 2366 3848 2434 poste-

2199 2472 2332 2511 rum
2366 2457 2609 2529 eligant.
2642 2456 2699 2511 Si
2741 2473 2878 2529 ergo
2911 2479 2939 2506 «
2986 2456 3189 2511 omnia
3229 2454 3500 2516 licerent,
3542 2474 3571 2501 ››
3620 2466 3730 2506 nec
3774 2450 3850 2505 ti-

2198 2545 2485 2600 mendum
2519 2550 2677 2600 esset
2705 2562 2779 2600 ne
2810 2561 2844 2600 a
2875 2561 2976 2616 spe
3009 2542 3418 2599 excideremus
3441 2545 3684 2613 prapter
3720 2553 3846 2594 ma-

2199 2633 2288 2689 las
2319 2634 2607 2701 actiones,
2640 2638 2799 2688 esset
2825 2633 3074 2688 fortasse
3108 2633 3192 2687 eis
3239 2631 3456 2702 aliquis
3503 2634 3847 2700 prmtextus,

2201 2739 2308 2777 cur
2328 2722 2485 2778 male
2506 2722 2773 2777 viverent
2794 2727 2852 2776 et
2870 2720 3309 2777 miserabiliter.
3335 2718 3624 2786 Quoniam
3647 2722 3848 2773 autem

2195 2811 2315 2866 vita
2343 2811 2517 2867 beata
2546 2811 2721 2867 nobis
2753 2817 2995 2867 ostensa
3025 2817 3115 2866 est
3156 2826 3263 2882 per
3304 2814 3619 2881 praecepta,
3666 2822 3847 2877 quam

2197 2908 2432 2974 oportet
2460 2919 2667 2958 omnes
2699 2908 3039 2973 sequentes,
3072 2917 3183 2957 nec
3203 2900 3430 2973 aliquid
3461 2915 3688 2966 eorum,
3713 2914 3846 2969 qum

425 3023 521 3065 τας
551 3007 663 3059 τῶν
695 3003 1111 3077 προσηκόντων,
1168 3002 1265 3059 κᾶν
1323 3001 1620 3079 ἐλάχιστον
1677 3003 1739 3079 ᾖ,
1796 2990 2017 3069 ἕπεσθαι
2046 3006 2085 3079 ᾗ

2199 2990 2356 3048 dicta
2373 2998 2531 3059 sunt,
2556 3008 2869 3064 perperam
2892 2990 3317 3063 intelligentes,
3341 3005 3451 3046 nec
3467 3005 3694 3055 eorum,
3713 3004 3847 3058 quas

426 3088 541 3147 ἄνὸ
573 3072 746 3168 λόγος
790 3072 1019 3168 ἡγῆταιο
1082 3093 1132 3148 εἷ’
1187 3072 1528 3168 σφαλείημεν
1592 3072 1780 3165 αὐτ-οῦ,
1831 3072 2084 3168 ἀθανάτῳ

2199 3081 2491 3150 convenit,
2525 3080 2778 3151 aliquid,
2808 3080 2919 3136 etsi
2951 3081 3027 3135 sit
3066 3080 3160 3135 vel
3204 3079 3547 3145 minimum,
3581 3081 3851 3132 contem-

426 3190 580 3263 κακῷ
636 3193 751 3264 (26)
806 3195 1116 3265 περιπεσεῖν
1176 3190 1410 3265 ἀνάγκηο
1469 3188 1982 3262 κατακολουθήσασι
2027 3190 2086 3248 δὶ

423 3282 493 3355 τῇ
549 3280 665 3351 θείᾳ
716 3284 930 3356 Γραφῇ,
989 3279 1060 3335 δι’
1116 3283 1184 3350 ἧς
1240 3277 1517 3336 ὁδεύουσιν
1561 3281 1614 3335 οἱ
1643 3282 2082 3352 πεπιστευκότες,

425 3366 809 3442 ἐξομοιοῦσθαι
838 3371 978 3425 κατά
1008 3366 1236 3443 δύναμιν
1268 3373 1349 3442 τῷ
1390 3368 1592 3444 Κυρίῳ,
1644 3369 1743 3425 οὐκ
1770 3366 2084 3448 ἀδιαφόρως

429 3457 681 3533 βιωτέον,
713 3457 860 3514 ἀλλὰ
913 3459 1269 3534 καθαρευτέον
1330 3457 1406 3520 εἰς
1466 3456 1695 3532 δύναμιν
1734 3462 1843 3514 τῶν
1877 3456 2083 3529 ἡδονῶν

425 3556 515 3611 καὶ
559 3560 666 3612 τῶν
726 3555 1055 3631 ἐπιθυμιῶν,
1113 3554 1480 3631 ἐπιμελητὲον
1538 3577 1598 3613 τε
1652 3564 1753 3628 τῆς
1811 3560 2019 3632 ψυχῆς,

425 3645 565 3719 πρὸς
597 3645 749 3720 μόνῳ
802 3651 883 3719 τῷ
939 3646 1080 3719 Θείῳ
1132 3643 1530 3703 διατελεστὲον.
1592 3647 1843 3722 Καθαρὸς
1876 3647 1977 3722 γὰρ
2010 3643 2084 3701 ὢν

426 3735 517 3790 καὶ
573 3738 751 3807 πάσης
806 3735 996 3798 κακίας
1056 3732 1486 3811 ἀπηλλαγμένος
1545 3737 1573 3791 ὁ
1626 3740 1778 3805 νοῦς,
1839 3734 2086 3797 δεκτικός

424 3852 543 3895 πως
573 3832 811 3909 ὑπάρχει
866 3840 967 3904 τῆς
1022 3837 1120 3888 τοῦ
1179 3837 1313 3889 Θεοῦ
1373 3832 1682 3906 δυνάμεως,
1721 3835 2088 3908 ἀνισταμένης

426 3919 479 3976 ἐν
538 3921 687 3995 αὐτῷ
744 3926 845 3988 τῆς
905 3923 1049 3987 θείας
1110 3922 1339 3987 εἰκόνος·
1432 3948 1460 3975 ‹‹
1524 3924 1628 3980 Καὶ
1687 3929 1792 3986 πᾶς
1851 3925 1879 3978 ὁ
1937 3920 2084 4000 ἔχων

419 4021 523 4089 τήν
578 4019 779 4078 ἐλπίδα
829 4022 1030 4092 ταύτην
1118 4020 1205 4077 ἐπὶ
1263 4027 1342 4094 τῷ
1412 4022 1604 4098 Κυρίῳ
1659 4024 1795 4096 (27),
1852 4022 2085 4097 ἁγνίζει,

422 4110 606 4187 φησὶν,
668 4109 855 4167 ἑαυτὸν
915 4114 1050 4183 (28),
1124 4111 1304 4175 καθὼς
1371 4111 1580 4175 ἐκεῖνος
1637 4111 1796 4186 άγνός
1856 4110 2017 4167 ἐστιν.
2056 4134 2085 4163 ››

423 4213 558 4265 Θεοῦ
589 4207 647 4264 δὲ
676 4214 875 4286 γνῶσιν
905 4204 1093 4265 λαϐεῖν
1122 4214 1242 4273 τοῖς
1297 4203 1375 4263 ἔτι
1430 4209 1536 4264 ὑπὸ
1582 4211 1695 4264 τῶν
1734 4213 1919 4273 παθῶν
1953 4210 2088 4286 ἀγο-

426 4295 610 4371 μὲνοις
640 4297 925 4354 ἀδύνατονο
987 4297 1184 4353 οὐκοῦν
1246 4294 1373 4352 οὐδὲ
1428 4304 1532 4367 τῆς
1591 4294 1820 4359 ἐλπίδος
1868 4303 2084 4374 τυχεῖν,

2194 3176 2428 3233 nentes,
2459 3169 2628 3242 sequi
2659 3186 2776 3241 quo
2798 3169 2962 3242 logos
2993 3168 3196 3234 ducit;
3219 3168 3380 3239 quia,
3404 3167 3452 3222 si
3482 3166 3555 3223 ab
3576 3182 3645 3221 eo
3676 3164 3850 3221 aber-

2194 3261 2546 3327 raverimus,
2564 3261 2624 3315 in
2649 3260 2872 3316 malum
2894 3259 3231 3315 immortale
3247 3260 3584 3315 incidamus
3605 3273 3850 3313 necesse

2194 3358 2288 3407 est
2312 3369 2327 3418 ;
2360 3350 2408 3405 si
2439 3349 2701 3406 divinam
2719 3355 2919 3405 autem
2937 3350 3307 3422 Scripturam
3327 3349 3512 3405 secuti
3536 3347 3849 3416 fuerimus,

2196 3456 2303 3513 per
2332 3455 2511 3512 quam
2544 3439 2981 3514 ingrediuntur,
3009 3439 3110 3510 qui
3129 3439 3535 3504 crediderunt,
3560 3443 3625 3493 ut
3646 3437 3851 3493 Domi-

2196 3546 2295 3598 no,
2328 3528 2525 3601 quoad
2557 3528 2684 3583 fieri
2709 3534 2925 3600 potest.
2948 3528 3378 3596 assimilentur,
3401 3543 3523 3582 non
3552 3531 3642 3582 est
3658 3526 3850 3581 viven-

2196 3620 2339 3675 dum
2373 3618 2804 3687 indifferenter,
2842 3618 2946 3674 sed
2992 3635 3099 3690 pro
3146 3618 3369 3673 viribus
3413 3616 3669 3672 mundos
3718 3631 3849 3672 esse

2197 3713 2433 3780 oportet
2456 3724 2491 3763 a
2512 3707 2913 3779 voluptatibus
2930 3713 2990 3764 et
3009 3706 3455 3780 cupiditatibus,
3481 3721 3741 3776 curaque
3762 3709 3854 3760 est

2194 3797 2457 3872 gerenda
2487 3797 2727 3863 animae,
2758 3814 2877 3869 qua
2914 3798 3073 3870 apud
3119 3798 3312 3853 solum
3361 3798 3546 3852 Deum
3579 3812 3853 3868 perseve-

2194 3887 2450 3943 randum
2497 3891 2607 3941 est.
2658 3888 2820 3942 Mens
2872 3887 3053 3951 enim,
3106 3903 3238 3958 quas
3287 3892 3379 3941 est
3425 3885 3649 3941 munda
3692 3890 3751 3939 et
3779 3883 3853 3939 ab

2196 3976 2358 4031 omni
2384 3975 2526 4029 vitio
2540 3974 2747 4039 libera,
2769 3980 2861 4029 est
2876 3974 3317 4045 quodammodo
3333 3980 3471 4045 apta
3491 3973 3564 4028 ad
3587 3978 3850 4044 potesta-

2196 4067 2313 4118 tem
2348 4062 2451 4117 Dei
2481 4060 2946 4133 suscnpiendam,
2983 4078 3118 4117 cum
3151 4062 3350 4117 divina
3380 4061 3440 4116 in
3480 4078 3551 4115 ea
3579 4063 3853 4131 assurgat

2194 4149 2427 4222 imago:
2464 4171 2491 4199 ‹‹
2526 4150 2597 4202 Et
2652 4149 2996 4220 quicunque
3047 4149 3227 4205 habet
3255 4150 3407 4205 hanc
3439 4164 3602 4220 spem
3638 4147 3698 4201 in
3731 4148 3847 4202 Do-

2192 4239 2379 4305 mino,
2415 4238 2700 4309 seipsum,
2751 4260 2778 4287 ‹‹
2825 4239 3043 4309 inquit,
3081 4261 3109 4290 «
3161 4238 3452 4294 mundum
3497 4243 3847 4307 castumque

2192 4328 2353 4393 facit,
2387 4335 2684 4400 quatenus
2710 4327 2811 4383 ille
2845 4334 2936 4383 est
2955 4334 3153 4384 castus
3176 4329 3273 4399 (ὁ).
3300 4330 3371 4384 Ut
3391 4328 3431 4381 ii
3454 4333 3652 4383 autem
3683 4326 3848 4382 acci-

425 4394 705 4470 μηδεμίαν
763 4400 861 4450 τοῦ
918 4400 1052 4450 Θεοῦ
1107 4399 1308 4472 γνῶσιν
1362 4395 1781 4468 πεποιημένοιςο
1840 4394 1934 4449 καὶ
1986 4399 2085 4451 τοῦ

465 4486 482 4503 \
590 4487 604 4503 9
852 4487 863 4502 Ι
1184 4483 1248 4503 νδ
1396 4488 1423 4499 ο
1521 4484 1563 4503 I‘
1732 4486 1746 4503 Ι
1878 4488 1903 4499 τ
1943 4491 1976 4503 Λ
2049 4489 2078 4501 ~

2199 4419 2362 4490 piant
2384 4394 2485 4473 Dei
2507 4418 2931 4491 cognitionem,
2960 4419 3061 4491 qui
3080 4394 3278 4474 adhuc
3297 4417 3596 4472 ducuntur
3615 4414 3687 4471 ab
3706 4416 3854 4471 aﬂ'e-

425 4486 521 4560 μὶν
580 4487 1060 4562 ἀποτυγχάνοντος
1116 4483 1276 4540 τοῦδε
1328 4488 1427 4539 τοῦ
1478 4484 1672 4547 τέλους
1722 4486 1757 4555 ἠ
1808 4488 1907 4538 τοῦ
1938 4489 2082 4540 Θεοῦ

419 4582 608 4661 ἄγνοια
635 4589 959 4661 κατηγορεῖν
988 4578 1153 4639 ἔοικε*
1185 4584 1246 4639 τὸ
1292 4580 1351 4639 δὲ
1380 4583 1596 4659 ἀγνοεῖν
1627 4584 1720 4638 τὸν
1753 4584 1882 4639 Θεὸν
1915 4585 1950 4653 ἡ
1986 4589 2080 4639 τοῦ

424 4674 545 4751 βίου
575 4672 831 4731 πολιτεία
883 4673 1234 4750 παρίστησιν.
1290 4672 1607 4729 Παντάπασι
1661 4673 1765 4749 γάρ
1812 4672 2076 4729 ἀδύνατον

420 4774 533 4848 ἀμα
559 4794 619 4830 τε
675 4773 762 4829 καὶ
825 4770 1165 4845 ἐπιστήμονα
1222 4771 1379 4841 εἶναι,
1439 4770 1529 4827 καὶ
1557 4771 1658 4841 τὴν
1687 4775 1784 4826 τοῦ
1816 4771 2076 4844 σώματος

2194 4507 2410 4572 ctibus,
2434 4507 2682 4563 minime
2704 4513 2901 4581 potest
2917 4508 3044 4564 fieri
3068 4525 3081 4563 :
3105 4525 3242 4578 ergo
3264 4524 3375 4563 nec
3399 4512 3466 4562 ut
3484 4506 3667 4562 finem
3689 4522 3849 4561 asse-

2194 4603 2475 4670 quantur,
2510 4615 2644 4653 cum
2677 4597 2904 4654 nullam
2928 4598 3190 4654 habeant
3209 4597 3311 4653 Dei
3338 4597 3761 4668 cognitionem.
3781 4596 3853 4650 Et

2191 4703 2329 4743 eum
2346 4686 2720 4758 quidem,qui
2734 4687 2892 4743 hunc
2906 4686 3087 4743 ﬁnem
3101 4703 3221 4743 non
3234 4686 3850 4758 assequitur,accusa—

2188 4792 2252 4831 re
2266 4776 2497 4831 videtur
2509 4777 2611 4831 Dei
2624 4776 3177 4849 ignoratio;utDeus
3189 4782 3389 4833 autem
3405 4777 3711 4849 ignoretur
3722 4773 3846 4830 efﬂ-

488 4891 553 4955 »ιι
580 4895 644 4948 Ρ.
677 4894 782 4947 530
810 4893 922 4947 ED.
955 4893 1251 4960 POTTER,
1285 4893 1391 4947 ιιι
1419 4893 1533 4947 ED.
1565 4891 1796 4948 PARIS.
1874 4891 1954 4963 (a)
1986 4892 2085 4948 Gal

2205 4911 2258 4962 v,
2294 4894 2380 4949 13.
2459 4893 2532 4964 (b)
2564 4894 2781 4950 IJoan.
2816 4911 2895 4962 ιιι,
2929 4896 2981 4950 3.

488 5024 1365 5103 (24),Νεκρόν.ίβίσίιιιιιιιιιιιιιιι
1420 5044 1636 5099 corpus
1692 5028 1977 5100 appellat,
2009 5034 2077 5084 ut

419 5099 779 5228 superius
807 5102 911 5156 436
944 5099 1083 5153 edit.
1113 5100 1299 5155 Paris.

487 5178 597 5228 (25)
674 5174 686 5194 ’
739 5169 1083 5227 πίσπαστον..
1119 5213 1129 5224 .
1218 5190 1299 5224 και

487 5169 597 5246 (25)
674 5169 1129 5246 ’Enlqmatov...
1218 5169 1403 5226 κακόν.

420 5245 709 5303 HOmerus
743 5245 934 5315 Odyss.
971 5248 1034 5314 Σ,
1064 5259 1220 5308 vers,
1252 5246 1320 5297 72
1348 5260 1360 5299 :

486 5346 560 5401 ἿΙ
591 5342 737 5417 τάχα
764 5346 907 5416 Ἶρος
938 5337 1093 5413 ἅϊρος
1126 5338 1453 5395 ἐπίσπαστον
1501 5338 1668 5395 κακόν
1696 5337 1823 5410 ἕξει.

492 5437 647 5490 Certe
704 5435 813 5488 cito
868 5434 990 5487 Irus
1046 5432 1246 5500 infelix
1304 5434 1625 5487 accersitum
1669 5448 1729 5557 ἃ
1768 5448 1822 5557 sbe
1838 5430 2078 5558 bn‘zalum

1669 5534 1677 5558 ι
1734 5520 1767 5558 a
1806 5522 1832 5557 ε
1873 5521 1890 5556 ι
1924 5547 1936 5558 .

1669 5520 1936 5575 (ηαοεοιι.

857 5601 1238 5664 Ἐπίσπαστον,
1298 5599 1642 5671 αὐθαίρετον,
1701 5599 1867 5674 ὅπερ,
1904 5600 2077 5672 ἑαυτῷ

1494 5170 1732 5226 Phrasis
1816 5172 2071 5244 poetica.

421 5606 501 5661 He
516 5604 746 5661 -vchius
788 5621 801 5658 :

421 5606 801 5678 He-ychius:
857 5606 1238 5664 Ἐπίσπαστον,
1298 5606 1642 5671 αὐθαίρετον,
1701 5606 1834 5674 ὅπερ
1904 5606 2076 5672 ἑαυτῷ

417 5696 499 5738 τις
554 5677 846 5732 ἐπισπᾶται
902 5675 1088 5746 κακόν,
1152 5675 1555 5746 Metaphoram
1613 5674 1781 5746 aiunt
1837 5672 2076 5746 ductam

417 5748 537 5821 aito
578 5751 696 5821 τῶν.
755 5745 984 5821 ὁροίθων
1069 5743 1503 5818 δελεαζομένων,
1564 5747 1652 5801 καὶ
1715 5745 1928 5809 ἑαυτοῖς
1983 5744 2074 5800 τὸν

418 5817 648 5895 ὀλεθρον
680 5817 1070 5893 ἐπισπωμένπν
1086 5860 1102 5879 .

2261 5032 2370 5099 (26)
2429 5027 2711 5100 'Aozw’mp
2790 5034 2961 5101 κακῷ.
3048 5032 3289 5088 Phrasis
3372 5032 3700 5096 Homerica,
3773 5048 3845 5086 ex

2186 5101 2503 5244 3:33;..M,
2561 5118 2711 5157 vers.
2775 5105 2860 5171 18,
2923 5103 3024 5159 ubi
3080 5103 3152 5159 de
3212 5103 3507 5175 Charybdi
3539 5102 3666 5157 hinc
3698 5102 3848 5158 dicit

2186 5271 2246 5326 Ἡ
2301 5266 2359 5324 δὶ
2412 5290 2499 5325 τοι
2560 5270 2625 5325 οὗ
2682 5271 2875 5343 θνητὴ,
2933 5269 3060 5326 ἀλλ’
3140 5270 3401 5326 ἀθάνατον
3482 5267 3646 5324 κακόν
3702 5267 3840 5327 ἐστι.

2257 5361 2365 5416 Illa
2388 5377 2519 5417 sane
2546 5377 2657 5417 non
2694 5363 2967 5431 mortalis,
3015 5362 3110 5418 sed
3156 5361 3467 5417 immortale
3506 5359 3713 5417 malum
3741 5366 3839 5418 est.

2261 5462 2374 5531 (27)
2408 5459 2639 5533 ‘E‘ltli‘tt‘ir
2670 5461 2876 5533 Κυρίῳ.
2911 5461 3030 5533 Ἐπ’
3059 5460 3228 5531 αὐτῷ,
3259 5462 3466 5517 Joann.

2259 5535 2374 5603 (28)
2403 5532 2733 5604 Ἀγνίζει....
2758 5531 2763 5533 ⁷
2789 5531 2998 5589 ἑαυτόν.
3055 5533 3340 5606 Didymus
3363 5534 3430 5606 _in
3449 5533 3796 5606 AComment.
3824 5549 3839 5589 :

2188 5626 2217 5679 ς
2252 5606 2404 5660 Dum
2436 5621 2581 5679 ergo
2596 5610 2807 5679 speret
2859 5604 3273 5679 unusquisque
3299 5604 3587 5679 _similem
3619 5620 3681 5659 se
3712 5604 3840 5661 fore

2186 5677 2328 5745 Deo,
2356 5697 2381 5728 ι
2415 5676 2709 5733 οδεὶίιίοθι
2761 5677 3170 5749 semetipsum,
3205 5700 3234 5728 ‹‹
3266 5676 3438 5733 sicuti
3494 5682 3585 5732 est
3639 5682 3840 5733 castus

2186 5747 2311 5804 ille.
2350 5770 2372 5800 ι
2408 5749 2674 5804 Οοιιιιατ.

2186 5765 2311 5805 me.
2350 5770 2372 5800 Ι
2408 5765 2674 5804 ιλοιιιιςατ.
