4144 6424
379 384 520 441 1149

1712 382 2153 441 STROMATUM
2191 386 2329 439 LIB.
2370 384 2472 440 Ill.

3661 382 3804 440 1150

374 508 620 583 κρὰτορα
651 504 818 579 μόνον
846 504 1000 573 Θεὸν,
1028 503 1120 560 καὶ
1168 501 1486 559 διδάσκουσι
1539 504 1615 576 μή
1658 501 1767 559 δεῖν
1800 500 2034 577 παροιδέ-

2153 512 2507 573 creaturam,
2544 512 2670 561 tum
2699 506 2761 561 in
2782 511 3056 563 sanctum
3075 506 3383 579 Opiﬁcem,
3410 506 3510 577 qui
3529 511 3619 562 est
3640 508 3805 563 solus

379 609 573 674 χεσθαι
603 596 782 672 γάμον
836 596 927 650 καὶ
983 591 1336 649 παιδοποιίαν
1398 590 1539 667 μηδέ
1594 592 1925 668 ἀντεισάγειν
1958 597 2040 666 τῷ

375 687 570 759 κόσμῳ
629 682 1005 759 δυσχήσοντας
1058 682 1299 758 ἐτέρους,
1353 679 1497 754 μηδὲ
1553 681 1915 758 ἐπιχορηγεῖν
1961 685 2040 753 τῷ

379 777 594 847 θανάτῳ
621 775 856 851 τροφὴν,
888 773 1068 827 ἐκεῖνα
1126 771 1373 827 λεκτέον·
1431 775 1649 842 πρῶτον
1711 771 1806 844 μὲν
1850 772 1912 826 τὸ
1942 775 2040 826 τοῦ

377 862 691 921 ἀποστόλου
725 862 998 920 Ἰωάννονο
1061 887 1088 913 (ι
1126 862 1228 917 Καὶ
1288 865 1380 915 νῦν
1437 860 1782 935 ἀντίχριστοι
1834 858 2040 916 πολλοὶ

376 953 682 1031 γεγόνασιν·
745 951 867 1006 ὅθεν
923 950 1233 1029 ἐγνώκαμεν
1294 953 1435 1024 (40),
1492 951 1576 1004 ὃτι
1652 949 1859 1025 ἐσχάτη
1923 947 2041 1022 ὥρα

374 1042 541 1099 ἐστίν,
576 1043 665 1112 Ἐξ
696 1044 857 1114 ἡμῶν
889 1038 1143 1113 ἒξῆλοον,
1189 1037 1315 1095 ἀλλ’
1367 1040 1472 1095 οὐκ
1517 1040 1652 1110 ἦσαν
1688 1039 1739 1110 ἐξ
1771 1041 1954 1112 ἡμῶν·
1994 1037 2041 1092 εἲ

373 1132 476 1209 γὰρ
523 1133 661 1202 ἦσαν
718 1129 772 1202 ἐξ
829 1133 1011 1204 ἡμῶν,
1073 1130 1470 1202 μεμενήκεισαν
1523 1127 1583 1185 ἂν
1639 1130 1752 1202 μεθ’
1780 1131 1966 1201 ἡμῶν.
2009 1152 2039 1180 η

376 1227 604 1276 Ἔπειτα
631 1221 718 1275 καὶ
753 1218 1139 1296 διαστρεπτὲον
1191 1218 1408 1287 αὐτοὺς,
1465 1222 1533 1274 τὰ
1594 1219 1683 1273 ὑπ’
1732 1217 1910 1272 αὐτῶν
1945 1238 2042 1295 φε-

378 1310 583 1384 ρόμενα
639 1306 985 1379 διαλύοντας,
1043 1305 1153 1362 ὧδὲ
1209 1324 1351 1369 πως’
1416 1331 1444 1360 ι(
1474 1309 1561 1380 Τῇ
1591 1304 1839 1381 Σαλώμῃ
1869 1307 1896 1361 ὁ
1930 1303 2037 1363 Κύ-

381 1421 501 1477 ριος
529 1399 938 1472 πυνθανομὲνῇ,
976 1397 1145 1473 μέχρι
1175 1396 1308 1451 πότε
1349 1397 1576 1460 θάνατος
1607 1396 1844 1462 ἰσχύσει,
1874 1420 1904 1446 υ
1933 1394 2044 1470 οὐχ

378 1486 456 1551 ὡς
484 1491 597 1561 (41)
627 1490 796 1543 κακοῦ
846 1489 944 1542 τοῦ
1001 1485 1122 1561 βίου
1181 1481 1337 1547 ὄντος
1397 1485 1485 1540 καὶ
1526 1491 1626 1555 τῆς
1677 1483 1907 1546 κτίσεως
1939 1504 2038 1537 πο-

372 1582 566 1653 νηρᾶς,
608 1600 634 1632 ι
667 1578 884 1652 Μὲχρις
943 1574 1028 1643 ἃν,
1087 1576 1256 1644 εἶπεν,
1294 1575 1450 1647 ὑμεῖς
1506 1576 1560 1629 αἱ
1615 1578 1865 1649 γυναῖκες
1916 1571 2040 1627 τίκ-

370 1686 510 1723 τετε·
546 1690 572 1719 η
615 1665 743 1721 ἀλλ’
791 1666 864 1728 ὡς
919 1667 1021 1736 τήν
1074 1663 1406 1720 ἀκολουθίαν
1460 1664 1559 1734 τὴν
1616 1664 1849 1742 φυσικὴν
1879 1659 2039 1717 διδά-

377 1773 541 1811 σκων
573 1756 775 1831 γενὲσει
832 1753 933 1829 γὰρ
993 1755 1210 1815 πάντως
1266 1750 1453 1809 ἕπεται
1509 1752 1599 1808 καὶ
1659 1750 1851 1829 φθοραί.
1886 1754 2040 1827 Τρυ-

378 1852 487 1924 φῆς
522 1854 618 1918 μὲν
668 1843 761 1899 οὖν
810 1844 901 1899 καὶ
952 1843 1131 1914 πάσης
1173 1842 1440 1917 ἀκοσμίας
1482 1845 1630 1916 ἡμᾶς
1663 1843 1691 1896 6
1723 1841 1893 1915 νόμος
1921 1841 2039 1915 ἐξά-

377 1954 496 2009 γειν
530 1932 866 2008 προῄρηται.
926 1934 1031 1990 Καὶ
1067 1931 1229 1988 τοῦτό
1261 1931 1403 1987 ἐστιν
1438 1932 1605 1987 αὐτοῦ
1635 1931 1819 2001 τέλος,
1852 1930 1911 1986 ἐκ
1937 1938 2036 2001 τῆς

376 2020 589 2086 ἀδικίας
643 2025 793 2097 ἡμᾶς
852 2022 929 2083 εἷς
990 2020 1337 2092 δικαιοσύνην
1400 2021 1649 2098 ὑπάγειν,
1716 2022 1927 2097 γάμους
1980 2041 2040 2077 τε

379 2110 747 2187 αἱρουμένους
800 2112 1109 2190 σώφρονας,
1167 2112 1256 2166 καὶ
1316 2109 1700 2181 παιδοποιίας,
1754 2112 1845 2167 καὶ
1876 2109 2036 2166 πολι-

374 2201 544 2265 τείας.
604 2202 666 2259 Ὁ
725 2198 784 2257 δὲ
840 2200 1039 2275 Κύριος
1092 2200 1152 2256 οὐ
1212 2199 1501 2256 καταλύειν
1558 2205 1673 2274 (42)
1727 2202 1820 2255 τὸν
1866 2199 2036 2274 νόμον

376 2290 705 2367 ἀφικνείται,
767 2288 916 2345 ἀλλὰ
971 2290 1287 2365 πληρῶσαι’
1348 2289 1644 2366 πληρῶσαι
1706 2287 1764 2345 δὲ
1816 2290 1924 2366 οὐχ
1962 2290 2039 2352 ὡς

376 2376 544 2435 ἔνδεεῖ
601 2382 733 2447 (43),
793 2377 944 2434 ἀλλὰ
999 2383 1079 2452 τῷ
1133 2382 1228 2442 τὰς
1283 2380 1423 2435 κατά
1475 2380 1646 2452 νόμον
1704 2378 2042 2455 προφητείας

374 2466 647 2530 ἐπιτελεῖς
696 2468 941 2543 γενέσθαι
997 2470 1135 2524 κατὰ
1187 2471 1286 2538 τήν
1342 2470 1510 2523 αὐτοῦ
1566 2468 1885 2545 παρουσίανο
1921 2467 2038 2523 ἐπεὶ

374 2557 443 2612 τὰ
469 2562 571 2625 τῆς
604 2557 772 2631 ὀρθῆς
802 2555 1089 2621 πολιτείας
1139 2557 1229 2611 καὶ
1288 2562 1407 2619 τοῖς
1466 2553 1690 2619 δικαίως
1743 2551 2037 2632 βεϐιωκόσι

377 2646 486 2720 πρὸ
514 2649 613 2700 τοῦ
642 2644 820 2719 νόμου
851 2641 943 2699 διὰ
995 2649 1094 2699 τοῦ
1151 2643 1322 2720 λόγου
1379 2644 1729 2720 ἐκηρύσσετο.
1763 2646 1833 2702 Οἱ
1854 2644 2036 2700 τοίνυν

378 2733 611 2805 πολλοὶ,
643 2736 744 2805 τήν
805 2733 1115 2811 ἐγκράτειαν
1175 2734 1274 2791 οὐκ
1332 2733 1560 2806 εἰδότες,
1616 2733 1830 2807 σώματι
1880 2734 2040 2790 πολι-

376 2824 648 2895 τεύονται,
678 2821 808 2879 ἀλλ’
839 2823 901 2878 οὐ
932 2823 1223 2897 πνεύματι.
1260 2830 1332 2894 Γῆ
1385 2821 1442 2879 δὲ
1480 2823 1571 2879 καὶ
1604 2821 1803 2886 σποδὸς
1834 2824 1897 2878 τὸ
1928 2827 2040 2879 σῶ-

383 2935 460 2989 μα
515 2915 641 2969 ἄνευ
698 2912 1030 2986 πνεύματος,
1087 2913 1280 2968 αὐτίκα
1335 2914 1592 2989 μοιχείαν
1637 2914 1746 2987 (44)
1776 2912 1825 2986 ἐξ
1883 2912 2037 2978 ἐνου-

385 3005 607 3078 μήσεως
638 3003 812 3078 κρίνει
842 3003 871 3057 6
909 3002 1126 3076 Κύριος.
1184 3003 1250 3059 Τί
1306 3006 1408 3079 γὰρ
1437 3022 1450 3073 ;
1512 3003 1615 3058 οὐκ
1670 3001 1785 3058 ἔστι
1813 3003 1904 3058 καὶ
1936 3002 2034 3076 γά-

385 3114 475 3167 μῳ
506 3093 785 3168 ἐγκρατῶς
816 3094 1076 3168 χρῆσθαι,
1125 3093 1216 3147 καὶ
1279 3092 1355 3167 μὴ
1412 3098 1701 3169 πειρᾶσθαι
1735 3090 1977 3148 διαλύειν
2010 3093 2040 3148 ’ὀ

378 3206 408 3235 ‹‹
439 3182 742 3253 συνέζευξεν
796 3186 910 3255 (45)
966 3184 994 3236 6
1052 3180 1223 3250 Θεός;
1260 3206 1289 3233 ››
1348 3185 1587 3239 Τοιαῦτα
1617 3182 1718 3257 γὰρ
1747 3178 2033 3237 διδάσκου-

374 3293 458 3328 σιν
501 3273 555 3326 o't
596 3279 699 3341 τῆς
747 3270 998 3346 συζυγίας
1065 3271 1336 3344 μερισταί,
1395 3268 1468 3325 δι’
1525 3270 1616 3333 οὕς
1645 3270 1735 3325 καὶ
1765 3274 1827 3326 τὸ
1858 3266 2034 3343 ὄνομα
2067 3250 2107 3305 L‘

378 3360 789 3440 βλασφημεῖται
849 3364 985 3432 (46).
1045 3361 1261 3435 Μιαρὰν
1322 3357 1381 3416 δί
1437 3361 1570 3415 εἶναι
1615 3361 1715 3429 τήν
1750 3360 2035 3416 συνουσίαν

374 3450 624 3528 λὲγοντες
686 3450 859 3518 οὗτοι,
920 3449 973 3504 οἱ
1025 3450 1123 3518 τὴν
1185 3448 1437 3505 σύστασιν
1484 3450 1576 3504 καί
1625 3448 1782 3505 αὐτοὶ
1832 3451 1950 3523 (47)
1982 3448 2042 3505 ἐκ

375 3539 656 3603 συνουσίας
705 3539 1020 3616 εἰληφότες,
1069 3542 1188 3600 πῶς
1231 3538 1332 3594 οὐκ
1379 3538 1438 3594 ἂν
1490 3540 1589 3594 εἷεν
1643 3540 1832 3615 μιαροί
1866 3566 1879 3606 ;
1913 3542 2038 3596 Τῶν

379 3629 439 3688 δὲ
467 3630 826 3706 ἀγιασθέντων
856 3629 1036 3705 ἅγιον,
1071 3628 1249 3702 οἶμαι,
1306 3630 1398 3685 καὶ
1454 3629 1516 3684 τὸ
1575 3630 1812 3704 σπέρμα.
1853 3630 2039 3706 ἹΙγιά-

379 3723 503 3776 σθαι
538 3722 633 3794 μὶν
669 3717 763 3774 οὖν
793 3721 930 3791 ἡμῖν
960 3717 1167 3793 ὀφείλει
1218 3717 1281 3773 οὐ
1332 3720 1498 3791 μόνον
1539 3721 1600 3774 τὸ
1629 3723 1863 3792 πνεῦμα,
1894 3718 2042 3774 ἀλλὰ

376 3810 468 3867 καὶ
517 3812 547 3865 6
602 3809 825 3880 τρόπος,
875 3807 966 3863 καὶ
1000 3809 1027 3863 6
1064 3808 1202 3878 βίος,
1262 3807 1352 3863 καὶ
1407 3808 1471 3864 τὸ
1528 3812 1708 3881 σῶμα.
1755 3808 1903 3865 Ἐπεί
1932 3808 2038 3863 τίνι

379 3898 535 3974 λόγω
593 3900 622 3952 ὁ
681 3895 994 3960 ἀπόστολος
1058 3898 1272 3960 Παῦλος
1329 3898 1589 3973 ἡγιάσθαι
1650 3898 1795 3974 λέγει
1860 3919 1882 3948 ι
1936 3898 2035 3967 τὴν

371 3995 600 4068 γυναῖκα
631 3987 733 4042 ὑπὸ
761 3990 859 4043 τοῦ
919 3983 1139 4062 ἀνδρὸς,
1199 3987 1234 4057 ἢ
1293 3990 1385 4043 τὸν
1448 3985 1615 4062 ἃνδρα
1673 3986 1908 4057 ὑπὸτῆς
1939 4009 2038 4063 γυ-

369 4081 592 4149 ναικός;
626 4102 655 4130 ››
687 4076 746 4132 Τί
778 4074 837 4131 δὲ
865 4076 1007 4132 ἐστιν
1071 4076 1204 4148 ὅπερ
1264 4079 1293 4131 6
1346 4077 1549 4153 Κύριος
1597 4080 1716 4132 εἷπε
1744 4078 1881 4153 πρὸς
1911 4076 2038 4138 τοὺς

373 4168 499 4243 περὶ
527 4170 625 4222 τοῦ
656 4165 992 4221 ἀποστασίου
1022 4164 1486 4238 πυνθανομένους,
1524 4191 1550 4215 ››
1589 4168 1646 4222 Ei
1692 4162 1890 4238 ἔξεστιν
1923 4168 2036 4239 (48)

374 4255 646 4313 ἀπολῦσαι
677 4261 932 4329 γυναῖκα,
966 4256 1239 4318 Μωϋσέως
1292 4255 1724 4331 ἐπιτρέψαντος
1760 4280 1789 4306 ››
1831 4278 1859 4307 (ι
1894 4257 2037 4330 Πρὸς

369 4351 470 4415 τήν
493 4341 933 4419 σκληροκαρδίαν
960 4344 1135 4417 ὑμῶν,
1159 4346 1349 4423 φησὶν,
1366 4347 1395 4397 ὁ
1421 4347 1665 4412 Μωΰσῆς
1689 4346 1857 4399 ταῦτά
1879 4342 2039 4420 ἔγρα-

370 4439 491 4511 ψεν
519 4436 673 4509 ὑμεῖς
700 4431 757 4489 δὲ
780 4433 879 4489 οὐκ
897 4431 1191 4510 ἄνὲγνωτε,
1215 4436 1397 4506 ὅτιτῷ
1419 4434 1843 4510 πρωτοπλάστῳ
1862 4434 2035 4496 ὁΘεὸς

440 4597 506 4662 ιιι
534 4600 598 4654 P.
630 4599 737 4653 532
765 4598 878 4652 ED.
911 4597 1209 4666 POTTER,
1241 4599 1345 4653 445
1379 4599 1492 4654 ΕΙ).
1526 4598 1758 4653 PARIS.

371 4671 547 4727 Marc.
578 4687 638 4740 ι,
668 4673 721 4724 9.
800 4669 878 4740 (d)
905 4670 928 4722 l
952 4670 1082 4726 Cor.
1116 4686 1208 4738 vn,
1245 4672 1330 4724 14.

437 4816 549 4885 (40)
578 4808 946 4886 Ἐγνώῃκαμεν.
982 4809 1350 4886 Γινώσκομεν,
1385 4815 1593 4869 Joaun.

437 4880 550 4957 (41)
581 4880 706 4957 05χ
733 4880 842 4944 ὡς(
868 4883 1207 4957 Simplicior
1231 4880 1382 4957 'ordo
1438 4890 1551 4957 est,
1609 4883 1774 4937 εἶπεν·
1810 4880 2024 4957 Μέχρις

364 4953 425 5031 ἓν
445 4953 705 5031 ’ὑμεῖς-αῖ
730 4953 1259 5031 γυναῖκες-τίκτετε·
1313 4956 1433 5031 οὐχ,
1459 4955 1535 5031 ᾡς
1567 4958 1863 5031 κακοῦ-τοῦ
1900 4953 2025 5029 βίου

364 5023 519 5089 ὄντος
547 5027 635 5082 καὶ
665 5023 768 5097 τῆς
799 5024 1027 5088 κτίσεως
1068 5032 1333 5098 πονηρᾶς,
1387 5023 1515 5083 ἀλλ’
1566 5027 1712 5088 ὡς...
1745 5023 2020 5084 SYLBtmG.

364 5132 432 5142 —
454 5103 636 5156 Porro
662 5102 772 5156 hoc
794 5099 1011 5154 Christi
1035 5100 1109 5153 ad
1134 5102 1409 5155 Salomen
1437 5101 1661 5157 dictum
1685 5100 1902 5154 iterum
1925 5117 2025 5154 oc-

366 5174 553 5255 currit
582 5173 643 5227 in
673 5176 914 5255 Excerpt
969 5172 1289 5255 e‘l‘heodot.
1352 5190 1464 5255 pag
1539 5175 1661 5255 τον,
1710 5172 1854 5255 item
1886 5172 2021 5226 libri

366 5244 618 5317 hujusce
650 5262 779 5317 pag.
813 5245 918 5317 452
949 5243 1088 5298 edit.
1126 5244 1330 5311 Paris,
1353 5243 1455 5300 ubi
1482 5262 1551 5301 ex
1584 5243 1895 5316 Evangelio
1930 5260 2018 5299 se-

363 5314 630 5373 cundum
650 5314 959 5386 )Egyptios
990 5323 1312 5386 sumptum,
1350 5322 1643 5373 memorat
1672 5314 1897 5370 anetor.

435 5333 630 5371 ,naum
660 5333 722 5372 IL
766 5333 959 5386 ypuos
990 5333 1312 5386 sumptum,
1350 5333 1643 5373 memorat
1672 5333 1897 5370 aucwr.

435 5389 548 5451 (42)
582 5333 899 5442 Καταῖύειν.
960 5388 1162 5443 Matth.
1225 5405 1275 5456 ν,
1312 5391 1438 5457 717:
1502 5388 1592 5455 Μὴ
1636 5386 1905 5457 νομίσητε
1935 5382 2020 5457 ’ὁτι

359 5456 534 5534 ᾖλθον
579 5458 911 5534 καταλλαῦσαι
940 5455 1325 5534 τόννόμονῆ
1379 5459 1506 5521 τοὺς
1555 5455 1865 5534 προφήτας·
1921 5455 2020 5509 οὐκ

359 5528 536 5605 ἦλθον
567 5528 893 5605 καταλῦσαι.
928 5528 1074 5582 ἀλλὰ
1105 5528 1423 5605 πληρῶσαι.

433 5604 547 5674 (43)
577 5599 799 5660 Ἐνδεεῖ.
833 5597 1265 5673 Congruentius
1314 5602 1495 5673 ἐνδεῆ,
1540 5604 1630 5658 vel
1677 5597 1850 5655 ἐνδεᾶ.
1883 5600 2019 5655 SYL—

366 5690 531 5730 BURG.

436 5747 545 5817 (44)
570 5746 865 5820 Μοιχείαν,
896 5744 1160 5820 Respicit
1211 5748 1412 5804 Matth.
1463 5747 1794 5820 γ,ί18ίεὲιιᾶς
1826 5739 2021 5820 bﬁké-

362 5811 478 5893 φων
511 5811 740 5895 γυναῖκᾶ
768 5815 907 5890 πρὸς
939 5811 1388 5891 τὶῖέπιθυμῆσαι
1419 5811 1587 5883 αὐτῆς
1618 5813 1729 5889 ἢδη
1760 5811 2016 5891 ἇμοίχευ-

1880 4596 1958 4670 (a)
1987 4599 2011 4652 Ι
2040 4598 2208 4654 Joan.
2242 4613 2302 4667 ιι,
2329 4598 2417 4665 18,
2452 4599 2539 4652 19.

2148 597 2302 652 Deus
2320 597 2704 669 omnipotens
2729 615 2742 663 ;
2769 602 2826 651 et
2848 596 3052 651 dicunt
3074 612 3196 651 non
3221 613 3348 651 esse
3367 597 3804 653 admittendum

2143 687 2595 742 matrimonium
2616 686 3011 741 etliberorum
3032 687 3529 757 procreationem,
3547 687 3805 751 nec-Isin

2144 776 2438 831 mundum
2472 793 2604 830 esse
2632 775 3001 831 inducendos
3034 775 3184 830 alios
3228 775 3501 830 infelices
3546 775 3803 845 futuros,

2146 882 2257 921 nec
2290 865 2792 937 suppeditandum
2831 864 3005 920 morti
3038 865 3493 931 nutrimentum,
3519 866 3645 921 haec
3669 871 3811 921 sunt

2146 955 2542 1027 opponenda:
2578 955 2837 1026 primum
2873 954 3115 1025 quidem
3147 954 3297 1009 illud
3345 955 3631 1010 Joannis:
3667 978 3694 1004 ‹‹
3741 958 3812 1010 Ει

2150 1061 2313 1100 nunc
2333 1044 2669 1100 antichristi
2687 1044 2861 1100 multi
2884 1043 3021 1099 facti
3044 1050 3201 1112 sunt,
3226 1044 3388 1099 unde
3410 1044 3630 1099 scimus
3650 1045 3809 1115 quod

2146 1134 2469 1189 novissima
2499 1135 2644 1189 hora
2685 1139 2792 1188 est.
2840 1135 2921 1187 Ex
2972 1132 3146 1187 nobis
3197 1133 3491 1195 exierunt,
3541 1133 3645 1187 sed
3686 1149 3807 1187 non

2148 1228 2318 1278 erant
2346 1240 2418 1278 ex
2447 1223 2637 1278 nobis.
2674 1224 2818 1277 Nam
2850 1223 2895 1277 si
2926 1222 3276 1277 fuissent'ex
3308 1221 3501 1290 nobis,
3527 1239 3805 1294 perman-

2149 1312 2367 1368 sissent
2381 1313 2584 1383 utique
2597 1311 3014 1381 nobiscum(a).
3025 1311 3285 1366 nDeinde
3301 1317 3441 1365 sunt
3453 1313 3632 1366 etiam
3649 1328 3807 1367 ever-

2148 1402 2332 1463 tendi,
2369 1407 2427 1455 et
2450 1400 2856 1468 dissolvenda,
2891 1417 3024 1471 qua)
3052 1400 3125 1454 ab
3157 1400 3242 1454 eis
3291 1402 3643 1468 aﬁ‘eruntur,
3696 1401 3808 1455 hoc

2147 1492 2322 1547 modo
2354 1508 2367 1546 :
2403 1513 2430 1542 ι(
2463 1491 2713 1547 Ξᾶιοιηω
2767 1490 3180 1562 interroganti,
3232 1506 3544 1560 quousque
3594 1490 3812 1563 vigebit

2147 1597 2334 1647 mors,
2368 1603 2396 1630 ››
2428 1597 2550 1635 non
2577 1581 2745 1652 quasi
2777 1580 2894 1634 vita
2923 1586 3082 1635 esset
3119 1580 3298 1646 mala,
3346 1584 3406 1634 et
3456 1579 3611 1634 mala
3649 1596 3808 1634 crea-

2151 1675 2305 1737 tura,
2340 1688 2360 1717 ι
2383 1670 2689 1737 Dominus,
2714 1669 3136 1740 Quoadusque,
3162 1668 3376 1739 inquit,
3404 1685 3502 1723 vos
3527 1668 3811 1723 mulieres

2150 1760 2384 1832 paritis,
2417 1781 2444 1808 η
2478 1759 2583 1814 sed
2615 1759 2783 1830 quasi
2818 1758 3153 1813 naturalem
3185 1758 3406 1813 docens
3433 1774 3808 1829 consequen-

2151 1848 2294 1905 tiam
2322 1866 2334 1902 :
2369 1852 2562 1903 ortum
2596 1848 2759 1902 enim
2785 1848 3031 1902 omnino
3052 1847 3322 1917 sequitur
3352 1846 3650 1901 interitus.
3675 1846 3810 1901 Vult

2147 1954 2283 2010 ergo
2314 1938 2407 1993 lex
2440 1937 2681 2009 quidem
2716 1954 2827 1992 nos
2869 1953 2905 1991 a
2934 1935 3169 1991 deliciis
3203 1935 3488 2006 omnique
3513 1934 3728 2007 probro
3757 1940 3815 1989 et

2145 2027 2435 2083 dedecore
2461 2026 2737 2082 educere.
2781 2027 2852 2080 Et
2881 2025 2978 2080 hic
3010 2029 3102 2079 est
3133 2025 3266 2095 ejus
3298 2024 3457 2090 ﬁnis,
3486 2029 3553 2078 ut
3582 2040 3691 2078 nos
3737 2024 3809 2080 ab

2144 2116 2206 2171 in
2205 2116 2439 2188 justitia
2456 2116 2529 2171 ad
2539 2116 2562 2188 j
2574 2116 2841 2171 ustitiam
2858 2115 3245 2181 deducamur,
3262 2113 3518 2169 honesta
3532 2113 3809 2186 eligendo

2146 2205 2951 2267 matrimonia,etliberorum
2967 2203 3507 2275 procreationem,b
3519 2219 3692 2258 onam
3702 2219 3817 2275 que

2144 2295 2277 2350 vitm
2309 2295 2769 2351 institutionem.
2792 2294 3081 2349 Dominus
3118 2299 3323 2348 autem
3358 2316 3385 2343 ιι
3420 2309 3542 2348 non
3562 2292 3723 2347 venit
3743 2293 3818 2347 ad

2146 2385 2491 2441 solvendam
2523 2384 2736 2457 legem,
2769 2384 2873 2439 sed
2898 2383 2973 2439 ad
2997 2381 3472 2454 implendam(b)
3499 2398 3513 2436 :
3538 2404 3567 2431 »
3598 2382 3672 2437 ad
3701 2382 3812 2437 im-

2144 2474 2427 2544 plendam
2454 2479 2675 2541 autem,
2708 2489 2831 2528 non
2863 2478 2929 2527 ut
2975 2471 3069 2528 cui
3115 2471 3347 2541 aliquid
3397 2470 3652 2537 deesset,
3704 2470 3806 2525 sed

2144 2562 2304 2632 quod
2334 2561 2482 2633 legis
2514 2561 2839 2632 pr0phetim
2870 2578 2977 2631 per
2998 2560 3126 2630 ejus
3150 2559 3468 2614 adventum
3491 2559 3804 2630 completas

2141 2651 2384 2705 fuerint.
2418 2652 2562 2705 Nam
2594 2655 2758 2704 recta
2785 2649 2916 2703 vita;
2948 2648 3269 2715 institutio,
3322 2648 3394 2703 iis
3444 2648 3646 2712 etiam,
3700 2648 3801 2719 qui

2135 2738 2297 2812 juste
2314 2738 2589 2794 vixerunt
2604 2744 2741 2794 ante
2763 2737 2974 2811 legem,
2999 2754 3107 2809 per
3124 2738 3318 2809 Logon
3342 2737 3797 2808 praedicabatur.

2143 2827 2363 2899 Vulgus
2394 2842 2530 2899 ergo
2561 2825 2889 2892 hominum,
2922 2824 3081 2896 quod
3112 2841 3233 2879 non
3277 2825 3441 2880 novit
3477 2828 3796 2880 continen.

2142 2916 2313 2978 tiam,
2345 2932 2594 2988 corpore
2624 2915 2803 2971 vitam
2844 2915 3022 2988 degit,
3058 2915 3163 2971 sed
3190 2931 3312 2970 non
3361 2914 3613 2987 spiritu:
3667 2915 3799 2970 sine

2141 3006 2355 3078 spiritu
2382 3012 2581 3061 autem
2608 3022 2825 3077 corpus
2856 3004 3009 3060 nihil
3039 3004 3203 3060 aliud
3236 3010 3326 3059 est
3356 3020 3535 3075 quam
3556 3011 3713 3059 terra
3743 3010 3804 3060 et

2141 3096 2314 3151 cinis.
2347 3097 2473 3151 Jam
2503 3094 2866 3150 adulterium
2889 3092 3122 3167 judicat
3163 3095 3451 3150 Dominus
3484 3111 3554 3150 ex
3579 3094 3799 3167 cogita-

2080 3242 2106 3264 Ἷ
2147 3186 2330 3242 tione.
2349 3184 2500 3251 Quid
2517 3184 2678 3240 enim
2694 3183 2722 3239 ‘I
2739 3199 2939 3239 annon
2959 3184 3099 3239 licet
3121 3184 3299 3239 etiam
3318 3184 3702 3240 continenter
3718 3184 3805 3240 uti

2147 3274 2620 3341 matrimonio,et
2633 3290 2753 3328 non
2771 3273 2973 3328 conari
2992 3273 3503 3345 dissolvere,quod
3520 3275 3804 3346 aconjun-

2149 3365 2236 3423 xit
2252 3366 2405 3420 Deus
2425 3364 2496 3436 (ο)
2513 3364 2541 3419 ‘I
2556 3385 2584 3414 η
2609 3362 2773 3418 Talia
2795 3363 2955 3418 enim
2978 3362 3197 3418 docent
3215 3363 3472 3435 conjugii
3499 3362 3809 3429 divisores,

2149 3460 2395 3526 propter
2411 3451 2569 3524 quod
2584 3467 2803 3507 nomen
2826 3451 3057 3522 probris
3074 3468 3143 3507 ac
3160 3451 3494 3507 maledictis
3511 3452 3813 3523 appetitur

2152 3544 2309 3599 inter
2336 3548 2561 3616 gentes.
2597 3541 2963 3597 Sceleratum
3007 3546 3209 3597 autem
3242 3540 3508 3597 dicentes
3546 3540 3646 3596 isti
3678 3555 3809 3597 esse

2151 3632 2396 3698 coitum,
2429 3630 2531 3701 qui
2564 3630 2676 3701 ipsi
2707 3646 2943 3702 quoque
2975 3646 3145 3685 suam
3183 3630 3505 3686 essentiam
3550 3646 3621 3685 ex
3646 3629 3806 3685 coitu

2149 3737 2455 3793 accepere,
2488 3720 2787 3791 quomodo
2820 3736 2939 3774 non
2970 3718 3194 3774 fuerint
3219 3719 3539 3775 scelerati?
3584 3721 3805 3776 Eorum

2150 3817 2372 3877 autem,
2405 3810 2506 3881 qui
2539 3815 2678 3865 sunt
2709 3809 3086 3878 sanctiﬁcati,
3126 3814 3400 3865 sanctum
3431 3824 3689 3881 quoque,
3739 3815 3806 3864 ut

2148 3908 2312 3973 puto,
2346 3916 2551 3955 semen
2584 3906 2690 3954 est.
2725 3901 2808 3954 Ac
2838 3898 3012 3954 nobis
3033 3898 3276 3969 quidem
3304 3897 3481 3954 debet
3511 3914 3640 3954 esse
3664 3914 3799 3954 san-

2148 3991 2463 4059 ctiﬁcatus,
2496 4005 2617 4043 non
2650 3988 2844 4044 solum
2870 3987 3136 4058 spiritus,
3161 3987 3267 4044 sed
3282 3993 3342 4042 et
3362 4005 3582 4056 mores,
3607 3994 3666 4044 et
3685 3988 3805 4044 vita

2149 4084 2452 4149 etcorpus.
2477 4078 2623 4132 Nam
2640 4091 2900 4146 quanam
2922 4077 3153 4132 ratione
3164 4075 3538 4132 dicitPaulus
3560 4082 3801 4147 aposto-

2147 4168 2241 4224 lus
2254 4183 2383 4222 esse
2401 4187 2425 4218 α
2443 4167 2874 4221 sanctiﬁcatum
2891 4166 3206 4221 mulierem
3219 4165 3553 4234 aviro,»aut
3568 4187 3595 4215 ››
3608 4165 3799 4220 virum

2147 4255 2746 4326 amuliere(d)?»Quid
2759 4260 2850 4310 est
2861 4255 3247 4325 autem,qu0d
3262 4256 3548 4310 Dominus
3561 4270 3801 4326 quoque

2146 4346 2295 4401 dixit
2324 4346 2418 4413 iis,
2443 4343 2542 4415 qui
2566 4344 3013 4417 interrogabant
3030 4344 3104 4399 de
3130 4343 3384 4400 divortio
3409 4360 3422 4398 :
3460 4364 3488 4393 «
3511 4346 3599 4399 An
3622 4343 3802 4398 liceat

2145 4452 2393 4492 uxorem
2408 4435 2731 4500 dimittere,
2749 4451 2885 4490 cum
2903 4435 3130 4506 Moyses
3144 4433 3205 4489 id
3219 4433 3600 4505 permiserit?
3620 4453 3650 4484 ››
3666 4455 3693 4483 κ
3709 4432 3800 4488 Ad

2666 4596 2740 4666 (ὁ)
2772 4594 2974 4651 Matth.
3002 4611 3060 4663 γ,
3097 4598 3183 4649 17.
3313 4594 3383 4667 (c)
3412 4594 3561 4651 Ibid.
3593 4610 3712 4665 xix,
3742 4596 3796 4650 6.

2060 4817 2106 4881 D
2139 4832 2223 4867 σεν
2259 4809 2425 4883 αὐτὴν
2457 4808 2526 4883 τῇ
2558 4804 2753 4883 καρδίᾳ
2784 4809 2978 4866 αὐτοῦ.

2209 4886 2319 4955 (xiii)
2340 4882 2406 4938 Ὃ
2431 4881 2750 4951 συνέζευξεν.
2777 4884 2977 4955 Matth,
3002 4901 3118 4945 xIx,
3145 4898 3227 4949 v1;
3252 4882 3791 4955 Marc.,Marc.,x.9:

2135 4950 2329 5011 ’Ὀόῦν
2364 4954 2391 5007 ὁ
2422 4955 2551 5027 Θεος
2574 4950 2907 5027 συνέζευξεν,
2940 4950 3226 5025 ἄνθρωπος
3261 4954 3335 5022 μὴ
3372 4950 3679 5027 χωριζετω.

2207 5030 2319 5098 (46)
2375 5028 2452 5108 ’.Γὸ
2511 5022 2687 5108 ὄνομα
2743 5022 3792 5108 βλασφημεῖται-,ΗΝ-ρωζὲηίηβῒιςξεῐίἃτ

2134 5095 2279 5154 num
2304 5095 2442 5161 Vult,
2472 5106 2536 5153 ut
2557 5095 2834 5171 superius
2861 5095 2917 5169 ρ’.
2939 5095 3065 5161 4⁷28.
3092 5097 3232 5171 edit.
3259 5098 3447 5171 Paris.
3469 5095 3672 5171 Simile
3701 5099 3792 5171 est

2134 5171 2285 5242 illud
2315 5171 2577 5242 apostoli
2595 5164 2715 5242 Jac.
2751 5188 2809 5242 ll,
2947 5171 3067 5242 Οὐκ
3108 5169 3268 5242 αὐτοί
3305 5168 3696 5242 βλασφημοῦσι
3720 5164 3787 5242 τὸ

2130 5239 2299 5318 καλὸν
2333 5238 2509 5318 ὄνομα
2533 5241 2595 5295 τὸ
2627 5238 2943 5318 ἐπικληθξν-
2975 5241 3056 5318 ᾇφ’
3098 5240 3258 5318 ὑμᾷς³
3292 5238 3352 5296 ét
3380 5238 3547 5318 Ro‘m.
3584 5255 3641 5318 ιι,
3673 5238 3785 5318 24;:

2131 5313 2210 5407 Τὸ
2242 5314 2345 5389 γάρ
2373 5306 2551 5386 ὄνομα
2579 5317 2676 5368 τοῦ
2709 5306 2842 5368 Θεοῦ
2875 5310 2944 5367 δι’
2973 5306 3113 5386 ὑμᾶς
3134 5306 3552 5387 ’βλασφημεῖται
3583 5306 3635 5364 ἐν
3668 5310 3786 5370 τοῖς

2131 5384 2333 5448 ἔθνεσιν
2347 5432 2358 5443 .

2202 5461 2316 5530 (47)
2349 5457 2442 5512 Καὶ
2489 5454 2661 5511 αὐτοί.
2723 5456 2945 5530 Eodem
3001 5459 3349 5528 argumento
3388 5452 3786 5530 _Marc_io_nitas

2129 5524 2576 5586 matrimonium
2632 5528 3017 5600 prohibentes
3055 5524 3360 5600 oppugnat
3381 5524 3787 5600 Tert.ullianus

2130 5603 2240 5657 sub
2274 5604 2457 5658 finem
2485 5601 2589 5656 lib.
2622 5596 2651 5654 f
2670 5601 2876 5656 Conlra
2904 5596 3175 5655 Marcion.
3202 5596 3270 5652 fu
3302 5597 3514 5669 Utique
3543 5596 3705 5652 enim
3728 5600 3788 5650 et

2129 5676 2387 5730 Marcion
2413 5691 2488 5743 ei;
2513 5671 2749 5743 nuptiis
2772 5676 2944 5725 natus
2977 5675 3085 5743 est.
3106 5693 3151 5743 ί»

2201 5748 2313 5817 (48)
2348 5743 2410 5801 Εἰ
2464 5739 2682 5816 ἔξεστιν.
2743 5742 2900 5817 Haac,
2958 5742 3184 5817 verbis;
3216 5739 3462 5817 paulum
3518 5739 3785 5810 mutatis,

2132 5814 2367 5877 astant
2393 5814 2597 5876 Matth.
2626 5830 2747 5884 xix,
2777 5814 2813 5872 3
2844 5819 2904 5870 et
2933 5830 3057 5887 seq.
3084 5831 3100 5884 ;
3134 5814 3309 5871 Marc.
3340 5831 3399 5883 ι,
3429 5814 3466 5869 2
3495 5818 3556 5870 et
3585 5829 3712 5885 seq.
