4144 6424
381 372 517 431 1151
1610 374 2023 429 οιωιιτιδ

2157 374 2562 430 ΕΧΔΝΒΒῘΝῙ
3663 375 3800 432 1152

379 502 666 558 duritiam
689 501 885 558 cordis
904 502 1102 565 vestri,
1127 500 1342 571 inquit,
1366 501 1595 572 Moyses
1614 500 1742 555 hinc
1764 500 2024 571 scripsit.

2157 496 2307 552 εἶπεν·
2345 521 2373 550 (ι
2404 499 2629 563 "Eone:
2658 501 2709 556 oi
2742 497 2839 555 δύο
2872 499 2950 564 είς
2996 500 3172 577 σάρκα
3219 498 3376 572 μίαν;
3410 502 3573 556 Ὥστε
3601 500 3631 557 6
3659 500 3796 558 ἀπο.

389 594 501 648 Vos
547 600 746 648 autem
797 608 919 646 non
967 591 1217 663 legistis,
1268 588 1426 662 quod
1469 590 1836 662 protoplasto
1887 591 2042 645 Deus

2157 587 2295 644 λύων
2325 591 2426 659 τὴν
2456 597 2683 665 γυναῖκα
2726 592 2905 667 χωρὶς
2957 589 3125 667 λόγου
3168 590 3426 667 πορνείας
3457 597 3611 647 ποιεῖ
3639 592 3801 661 αὐτὴν

384 683 449 748 ἦ(
480 681 666 736 dixit:
699 704 726 731 α
761 680 939 735 Eritis
965 679 1081 735 duo
1114 681 1175 734 in
1206 696 1383 735 carne
1409 679 1577 735 una?
1605 680 1795 745 Quare
1827 679 1928 750 qui
1950 679 2040 734 di-

2157 682 2532 754 μοιχευοῆναι.
2568 679 2750 736 Ἀλλά
2803 686 2913 753 (49)
2967 683 3102 753 μετὰ
3145 682 3246 749 τὴν
3294 682 3605 749 ἀνάστασιν,
3639 684 3799 759 φησὶν

385 771 570 827 mittit
591 786 855 835 uxorem,
884 776 1279 841 praeterquam
1298 769 1714 825 fornicationis
1731 785 1927 834 causa,
1952 768 2043 824 fa-

2157 772 2272 842 :50),
2331 766 2458 823 οὔτε
2514 774 2806 845 γαμοῦσιν,
2884 768 3009 825 οὔτε
3058 770 3399 846 γαμίζονται.
3465 794 3486 821 ι·
3542 771 3642 828 Καὶ
3701 773 3803 847 γάρ

383 861 466 914 cit
498 876 629 915 eam
660 860 946 915 maechari
970 861 1063 929 (a).
1099 858 1211 913 Sed
1238 864 1372 931 post
1402 860 1924 926 resurrectionem,
1948 858 2042 914 in-

385 948 535 1019 quit,
569 965 680 1004 nec
709 966 953 1004 uxorem
988 949 1233 1013 ducunt,
1266 966 1375 1004 nec
1406 950 1660 1003 nubunt.
1686 949 1782 1018 (ὁ).
1806 948 2039 1002 Etenim

387 1036 459 1093 de
491 1043 697 1093 ventre
730 1044 789 1093 et
818 1038 966 1093 cibis
991 1038 1216 1094 dictum
1259 1044 1385 1093 est:
1435 1060 1463 1087 ‹‹
1521 1040 1677 1092 Esca}
1720 1037 1930 1098 ventri,
1985 1042 2043 1092 et

2144 857 2267 931 περὶ
2314 866 2414 927 τῆς
2457 858 2672 921 κοιλίας
2723 860 2811 915 καὶ
2865 864 2975 915 τῶν
3036 861 3344 935 βρωμάτων
3390 857 3630 934 εἶ’ρηται·
3661 885 3688 912 ι(
3721 863 3803 918 Τά

2148 946 2413 1020 βρώματα
2441 950 2511 1019 τῆ
2539 948 2748 1020 κοιλίᾳ,
2794 949 2885 1003 καὶ
2944 951 2978 1018 ἡ
3037 946 3225 1003 κοιλία
3270 953 3388 1010 τοῖς
3426 948 3738 1024 βρώμασιν·
3772 952 3800 1005 6

2145 1031 2202 1088 δὲ
2232 1036 2360 1097 Θεὸς
2391 1035 2480 1091 καὶ
2527 1036 2730 1107 ταύτην
2781 1036 2869 1091 καὶ
2909 1041 3080 1092 ταῦτα
3127 1038 3479 1113 καταργήσει.
3516 1063 3537 1091 ι
3574 1036 3801 1101 τούτους

2144 1121 2514 1201 ἐπιρῥαπίζων
2566 1125 2692 1188 τοὺς
2752 1122 2911 1196 δίκην
2986 1126 3209 1180 κάποων
3276 1127 3365 1180 καὶ
3424 1126 3640 1202 τράγων
3704 1130 3797 1201 ζῇν

2145 1212 2455 1287 οίομὲνους,
2505 1212 2592 1269 ἵνα
2650 1216 2727 1288 μή
2787 1213 2958 1277 ἀδεῶς
3017 1214 3268 1286 ἐσθίοιεν,
3306 1217 3392 1270 καὶ
3429 1214 3705 1291 ὀχεύοιεν.
3738 1217 3804 1273 Εἴ

389 1304 502 1360 sibi
534 1305 848 1360 vivendum
881 1322 1010 1361 esse
1042 1311 1314 1372 censent,
1339 1322 1413 1361 ne
1446 1322 1652 1361 secure
1683 1323 1752 1361 ac
1772 1306 1903 1361 sine
1922 1311 2036 1359 ter-

2157 1307 2271 1378 γοῦν
2316 1304 2419 1371 τήν
2467 1304 2752 1359 ἀνάστασιν
2805 1302 3174 1381 ἀπειλήφασιν
3225 1308 3360 1376 (51),
3409 1303 3490 1367 ὡς
3520 1305 3678 1359 αὐτοὶ
3715 1304 3801 1361 λέ-

387 1411 523 1449 rore
546 1401 883 1450 comessent
902 1400 961 1450 et
985 1395 1214 1449 coirent
1250 1395 1305 1449 Si
1320 1395 1816 1450 resurrectionem
1838 1395 2040 1466 itaque

2157 1412 2324 1466 γουσι,
2356 1392 2445 1447 καὶ
2478 1391 2569 1448 διὰ
2595 1398 2759 1448 τοῦτο
2791 1394 3040 1449 ἀθετοῦσι
3068 1394 3159 1448 τὸν
3209 1394 3410 1467 γάμον·
3449 1390 3595 1467 μηδὲ
3624 1392 3802 1458 ἐσθιέ-

386 1484 745 1556 receperint,
780 1490 846 1538 ut
866 1484 978 1556 ipsi
999 1484 1226 1553 dicunt,
1250 1490 1309 1540 et
1329 1483 1463 1539 ideo
1484 1485 1933 1540 matrimonium
1955 1488 2043 1539 in-

2157 1502 2342 1553 τωσαν,
2395 1479 2539 1555 μηδὶ
2583 1485 2910 1539 πινέτωσαν·
2972 1507 3001 1535 ‹‹
3033 1485 3417 1558 καταργεῖσθαι
3452 1507 3481 1536 ››
3530 1483 3635 1558 γὰρ
3701 1480 3798 1563 ἔφη

391 1574 636 1629 ﬁrmant
666 1578 726 1628 et
753 1573 1076 1647 abrogant;
1105 1590 1218 1629 nec
1247 1574 1584 1637 comedant,
1637 1591 1747 1629 nec
1795 1574 2040 1630 bibant:

2157 1598 2175 1624 [ι
2207 1575 2307 1642 τήν
2333 1573 2550 1629 κοιλίαν
2576 1573 2665 1627 καὶ
2695 1575 2764 1628 τὰ
2816 1572 3081 1649 βρώματα
3117 1600 3137 1625 ι
3191 1576 3220 1630 6
3270 1572 3619 1636 Ἀπόστολος
3650 1572 3705 1629 ἐν

388 1682 415 1710 ‹‹
452 1661 677 1718 destrui
711 1684 738 1713 ››
764 1663 924 1718 enim
950 1668 1266 1719 «ventrem
1291 1668 1349 1717 et
1370 1663 1554 1729 cibos,
1582 1685 1604 1712 ι
1631 1663 1775 1718 dicit
1793 1664 2041 1735 Aposto-

2157 1660 2451 1720 Ξναστάσει.
2486 1667 2607 1725 Πῶς
2633 1660 2724 1717 οῦν
2776 1663 2866 1718 καὶ
2913 1668 3157 1730 πεινῶσι,
3200 1663 3290 1719 καί
3323 1658 3550 1737 διψῶσι,
3581 1665 3674 1719 καὶ
3702 1665 3798 1733 τὴν

386 1752 480 1809 lus
512 1753 574 1806 in
608 1753 1062 1808 resurrectione.
1084 1753 1388 1818 Quomodo
1411 1769 1547 1825 ergo
1571 1752 1860 1819 esuriunt,
1885 1756 1945 1806 et
1964 1752 2043 1806 si-

2157 1754 2324 1824 σάρκα
2353 1751 2652 1828 πάσχουσι,
2682 1753 2773 1807 καὶ
2802 1754 2870 1807 τὰ
2901 1752 3067 1819 ἄλλα,
3101 1755 3198 1808 ὅσα
3243 1756 3272 1807 ὁ
3323 1750 3414 1808 διὰ
3449 1754 3688 1827 Χριστοῦ
3717 1773 3799 1807 τε·

390 1842 573 1906 tiunt,
605 1845 660 1896 et
693 1841 889 1895 carnis
920 1841 1227 1912 patiuntur
1252 1842 1613 1901 aﬂ'ectiones.
1649 1847 1709 1895 et
1732 1841 1867 1905 alia,
1913 1857 2043 1912 quin

2157 1840 2299 1895 λείαν
2327 1846 2427 1910 τήν
2460 1838 2928 1917 προσδοκωμένην
2976 1841 3263 1897 ἀνάστασιν
3306 1838 3495 1898 λαϐὼν
3527 1843 3593 1898 ού
3623 1842 3801 1897 πείσε-

383 1132 592 1181 venter
611 1127 764 1181 escis
779 1148 794 1191 ;
811 1128 965 1182 Deus
979 1132 1173 1183 autem
1191 1127 1428 1181 etillum
1448 1127 1623 1182 ethas
1636 1127 2037 1196 destruet(c);»

387 1216 496 1271 hos
527 1217 844 1288 impetens.
880 1217 980 1288 qui
1032 1216 1224 1271 instar
1270 1233 1584 1287 caprorum
1635 1222 1692 1271 et
1737 1216 2038 1271 hircorum

389 1947 512 1987 non
539 1930 816 2002 patietur,
842 1930 945 2001 qui
976 1948 1082 2001 per
1109 1931 1407 1986 Christum
1438 1931 1668 2003 accepit
1694 1930 2039 2002 perfectam,

393 2037 529 2093 qua)
563 2027 856 2092 speratur,
890 2021 1385 2076 resurrectionem
1406 2021 1434 2076 ‘I
1463 2022 1613 2087 Quin
1635 2020 1814 2076 etiam
1845 2021 1909 2088 ii,
1941 2020 2042 2092 qui

389 2110 599 2166 colunt
615 2110 798 2169 idola.
818 2128 854 2166 a
875 2111 1025 2167 cibis
1047 2116 1105 2166 et
1122 2127 1335 2167 venere
1347 2110 1669 2167 abstinent.
1696 2134 1722 2161 «
1749 2112 1874 2165 Non
1901 2115 1993 2165 est
2016 2131 2043 2159 ιδ

387 2206 613 2256 autem.
632 2199 846 2270 inquit,
868 2216 1146 2273 «regnum
1161 2200 1262 2256 Dei
1277 2200 1441 2255 cibus
1455 2206 1514 2255 et
1526 2206 1698 2272 potus
1713 2201 1808 2269 id).
1830 2223 1852 2251 ι
1876 2200 2046 2254 Certe

391 2289 581 2362 magis
613 2305 849 2360 quoque
880 2306 1038 2344 cura:
1069 2294 1179 2357 est,
1214 2289 1315 2362 qui
1346 2289 1590 2362 angelos
1621 2289 1901 2345 coluntet
1919 2288 2047 2343 dse-

394 2395 625 2444 mones,
660 2378 838 2434 simul
870 2395 903 2434 a
922 2379 1057 2433 vino
1088 2385 1148 2433 et
1175 2379 1456 2434 animatis
1474 2384 1531 2434 et
1552 2378 1729 2434 rebus
1745 2377 2046 2434 abstinere

391 2469 685 2524 venereis.
745 2468 1259 2534 Quemadmodum
1335 2475 1535 2524 autem
1593 2468 1900 2524 humilitas
1959 2473 2050 2523 est

392 2557 815 2625 mansuetudo,
866 2575 989 2613 non
1049 2564 1249 2613 autem
1307 2558 1551 2613 afﬂictio
1609 2557 1915 2630 corporis:
1966 2557 2048 2612 ita

393 2646 576 2702 etiam
606 2648 981 2703 continentia
1000 2653 1091 2703 est
1110 2648 1325 2703 animae
1346 2648 1552 2716 virtus,
1577 2665 1709 2719 quae
1732 2664 1851 2702 non
1875 2653 1967 2701 est
1983 2646 2044 2701 in

391 2735 737 2803 manifesto,
768 2736 873 2792 sed
905 2737 967 2791 in
997 2737 1251 2793 occulto.
1286 2737 1435 2793 Sunt
1462 2742 1661 2792 autem
1694 2737 1892 2802 etiam,
1945 2735 2047 2807 qui

390 2826 844 2882 matrimonium
879 2832 1082 2899 aperte
1112 2826 1319 2882 dicunt
1346 2827 1827 2893 fornicationem,
1858 2831 1918 2880 et
1945 2823 2046 2879 de-

392 2922 650 2971 cernunt
680 2915 738 2970 id
773 2916 1056 2971 traditum
1089 2932 1217 2972 esse
1248 2932 1283 2971 a
1311 2916 1568 2972 diabolo.
1605 2915 1820 2971 Dicunt
1845 2920 2046 2969 autem

394 3004 640 3078 gloriosi
673 3005 769 3060 isti
813 3006 1140 3077 jactatores
1184 3023 1246 3061 se
1286 3006 1506 3061 imitari
1558 3005 1898 3071 Dominum,
1946 3004 2047 3075 qui

393 3110 591 3165 neque
615 3110 862 3150 uxorem
898 3094 1084 3155 duxit,
1109 3112 1306 3167 neque
1327 3095 1388 3151 in
1412 3095 1635 3150 mundo
1657 3093 1883 3165 aliquid
1908 3110 2049 3165 pos-

391 3183 582 3249 sedit;
616 3200 680 3238 se
712 3185 897 3257 magis
929 3201 1106 3256 quam
1140 3185 1239 3240 alii
1274 3184 1653 3256 Evangelium
1675 3183 2043 3239 intellexisse

388 3272 735 3346 gloriantes.
770 3274 866 3328 Eis
897 3281 1095 3329 autem
1137 3274 1281 3330 dicit
1312 3275 1651 3346 Scriptura:
1687 3294 1716 3322 «
1750 3274 1902 3327 Deus
1933 3289 2041 3327 su-

390 3362 593 3433 perbis
621 3363 869 3425 resistit.
900 3363 1236 3420 humilibus
1265 3370 1464 3419 autem
1494 3364 1596 3420 dat
1615 3363 1865 3437 gratiam
1898 3364 1987 3433 (θ).
2014 3382 2042 3410 ››

393 3450 617 3507 Deinde
648 3455 925 3509 nesciunt
949 3471 1189 3510 causam
1221 3471 1327 3509 cur
1346 3454 1633 3514 Dominus
1653 3467 1899 3508 uxorem
1920 3467 2045 3506 non

395 3540 650 3597 duxerit.
678 3543 943 3598 Primum
966 3543 1231 3615 quidem.
1255 3543 1558 3615 propriam
1582 3543 1735 3598 τινα
1760 3557 2045 3613 sponsam

393 3628 607 3685 habuit
656 3630 1016 3687 Ecclesiam:
1063 3631 1280 3687 deinde
1329 3648 1486 3698 vero,
1533 3647 1644 3685 nec
1693 3630 1872 3685 homo
1921 3634 2049 3685 erat

394 3719 758 3787 communis,
790 3725 858 3774 ut
881 3737 1029 3792 opus
1059 3721 1310 3776 haberet
1336 3719 1516 3774 etiam
1538 3719 1811 3790 adjutore
1843 3718 2045 3790 aliquo

397 3807 727 3863 secundum
746 3825 986 3864 carnem
1008 3826 1023 3875 ;
1045 3826 1242 3881 neque
1259 3815 1386 3864 erat
1401 3810 1455 3864 ei
1476 3824 1721 3864 necesse
1734 3824 2047 3880 procreare

390 3895 571 3961 filios,
602 3896 704 3968 qui
730 3905 933 3953 manet
954 3899 1014 3954 in
1036 3904 1348 3966 aeternum,
1372 3904 1430 3953 et
1450 3904 1625 3953 natus
1647 3904 1737 3953 est
1757 3898 1920 3953 solus
1940 3897 2045 3952 Dei

390 3984 596 4040 Filius.
628 3986 732 4042 Hic
753 3988 880 4060 ipse
903 3995 1103 4045 autem
1135 3989 1424 4043 Dominus
1445 3988 1624 4042 dicit:
1655 4010 1674 4036 ο
1699 3987 1862 4053 Quod
1892 3988 2044 4042 Deus

388 4076 520 4147 conj
532 4077 720 4147 unxit,
745 4079 922 4135 homo
946 4096 1024 4135 ne
1046 4086 1282 4152 separet
1301 4081 1385 4150 (Γ).
1415 4101 1441 4127 ››
1463 4080 1537 4133 Et
1549 4095 1756 4134 rursus
1783 4095 1795 4133 :
1823 4103 1848 4128 ››
1885 4078 2048 4135 Sicut

387 4170 589 4220 autem
612 4174 740 4223 erat
761 4169 822 4223 in
840 4168 1050 4225 diebus
1068 4172 1208 4235 Noe,
1233 4174 1405 4224 erant
1423 4168 1737 4235 nubentes,
1759 4175 1818 4223 et
1833 4170 2042 4241 nuptui

387 4251 620 4323 dantes,
655 4256 1044 4327 mdiﬁcantes,
1078 4264 1137 4314 et
1156 4258 1495 4330 plantantes
1519 4277 1534 4322 ς
1566 4264 1625 4313 et
1645 4258 1799 4313 sicut
1827 4266 1955 4314 erat
1983 4259 2043 4313 in

388 4340 601 4399 diebus
634 4345 757 4407 Lot.
793 4347 876 4403 ita
906 4348 1019 4404 erit
1047 4347 1336 4404 adventus
1357 4346 1489 4402 Filii
1520 4348 1784 4402 hominis
1804 4349 1898 4418 (g).
1925 4368 1956 4397 ιο
1977 4349 2046 4404 Ει

388 4432 546 4501 quod
565 4432 676 4489 hoc
694 4453 815 4492 non
832 4437 978 4492 dicit
999 4436 1071 4492 ad
1090 4441 1319 4509 gentes,
1335 4435 1617 4504 ostendit,
1641 4452 1777 4491 cum
1793 4436 1920 4508 subj
1930 4453 2044 4492 un-

455 4562 520 4627 ›ι‹
550 4562 614 4616 Ρ.
648 4563 749 4617 533
782 4561 895 4616 ΕΙ).
931 4561 1222 4627 POTTER,
1256 4561 1361 4614 446
1392 4559 1504 4613 ED.
1539 4559 1767 4615 PARIS.

1874 4559 1948 4629 (a)
1980 4559 2182 4615 Matth.
2234 4577 2350 4625 xix,
2383 4561 2413 4614 3
2445 4576 2458 4627 ;
2499 4560 2673 4617 Marc.
2706 4576 2763 4624 x,
2796 4562 2849 4613 2.

2149 1950 2272 2002 ται;
2307 1929 2472 1986 Ἀλλ’
2494 1932 2547 1985 οἱ
2578 1931 2667 1986 καὶ
2697 1933 2765 1986 τά
2805 1929 3012 1986 εἷ’δωλα
3063 1927 3353 2005 σεϐόμενοι
3406 1932 3716 2008 βρωμάτων
3746 1952 3804 1986 τε

2149 2019 2264 2093 ’ἅμα
2291 2021 2382 2075 καὶ
2414 2018 2752 2099 ἀφροδισίων
2778 2020 3101 2097 ἀπέχονται·
3137 2045 3163 2073 ιι
3195 2021 3314 2079 Ούκ
3343 2016 3459 2077 ἔστι
3492 2018 3550 2077 δὲ
3580 2022 3615 2092 ἡ
3653 2021 3801 2097 βασιο

2151 2107 2273 2164 λεία
2302 2114 2438 2165 Θεοῦ
2498 2110 2703 2186 βρῶσις
2756 2110 2846 2166 καὶ
2904 2110 3087 2179 πόσις,
3122 2134 3151 2163 »
3208 2111 3395 2185 φησίν.
3456 2110 3687 2184 Ἀμέλει
3718 2107 3804 2165 διὰ

2151 2196 2439 2274 φροντίδος
2471 2198 2583 2254 ἐστὶ
2612 2199 2703 2254 καὶ
2734 2204 2854 2263 τοῖς
2886 2199 3105 2273 μάγοις,
3141 2198 3292 2255 οἴνου
3318 2220 3379 2255 τε
3416 2201 3564 2273 ὁμοῦ
3592 2199 3681 2254 καὶ
3716 2197 3816 2271 ἑμ-

2150 2286 2345 2363 ψύχων
2377 2288 2465 2342 καὶ
2520 2284 2856 2365 ἀφροδισίων
2902 2289 3225 2365 ἀπέχεσθαι,
3258 2288 3622 2363 λατρεύουσιν
3656 2286 3812 2363 ἀγγέ-

2153 2376 2278 2439 λοις
2337 2378 2426 2431 καὶ
2491 2373 2768 2449 δαίμοσιν.
2828 2378 2919 2439 Ὠς
2976 2375 3034 2432 δὶ
3084 2380 3120 2447 ἡ
3178 2376 3655 2455 ταπεινοφροσύνῃ
3709 2378 3814 2448 (52)

2149 2466 2398 2541 πραότης
2423 2465 2588 2538 ἐστὶν,
2623 2466 2759 2543 ούχῖ
2808 2464 2866 2521 δὲ
2915 2467 3188 2543 κακουχία
3239 2468 3523 2541 σώματος·
3554 2465 3696 2521 οὕτω
3724 2464 3810 2520 καὶ

2150 2559 2186 2627 ἡ
2217 2556 2500 2632 ἐγκράτεια
2529 2561 2719 2633 ψυχῆς
2749 2558 2938 2634 ἀρετὴ,
2992 2559 3027 2628 ἡ
3084 2556 3184 2612 οὐκ
3233 2556 3287 2613 ἰν
3335 2561 3580 2635 φανερῷ,
3612 2554 3737 2612 ἀλλ’
3763 2553 3810 2609 ἒν

2152 2645 2472 2724 ἀποκρύφῳ.
2506 2647 2661 2704 Είσίν
2716 2647 2764 2700 θ’
2822 2645 2875 2701 οἵ
2922 2647 3177 2719 πορνείαν
3235 2644 3491 2723 ἄντικρυς
3516 2647 3610 2702 τὸν
3637 2645 3804 2723 γάμον

2152 2733 2371 2810 λέγουσι
2401 2736 2492 2791 καὶ
2554 2736 2659 2792 ὑπὸ
2712 2740 2810 2791 τοῦ
2869 2732 3134 2792 διαϐόλου
3181 2736 3384 2807 ταύτην
3420 2732 3809 2809 παραδίδοσθαι

2153 2823 2563 2901 δογματίζουσι·
2600 2832 2887 2899 μιμεῖσθαι
2920 2824 2968 2880 δ’
2997 2825 3197 2890 αὐτοὺς
3222 2826 3274 2880 οἱ
3302 2824 3660 2902 μεγαλοῦχοί
3687 2843 3807 2902 φασι

2150 2915 2243 2970 τὸν
2305 2915 2523 2990 Κύριον,
2588 2917 2727 2989 μήτε
2782 2917 3057 2990 γήμαντα,
3121 2917 3265 2988 μήτε
3317 2935 3370 2969 τι
3402 2913 3460 2970 ἐν
3514 2919 3592 2988 τῷ
3620 2913 3816 2987 κόσμῳ.

2149 3003 2510 3076 κτησάμενον·
2544 3004 2759 3077 μᾶλλον
2792 3007 2939 3081 παρὰ
2986 3005 3114 3067 τοὺς
3166 3000 3373 3065 ἄλλους
3403 3004 3715 3073 νενοηκέναι
3745 3002 3805 3058 τὸ

2155 3092 2487 3169 Εὖαγγὲλιον
2537 3095 2915 3170 καυχώμενοι.
2978 3096 3133 3171 Λέγει
3194 3092 3251 3149 δὲ
3309 3093 3501 3157 αὐτοῖς
3535 3097 3569 3164 ἡ
3603 3093 3803 3170 Γραφή·

2158 3207 2186 3235 α
2218 3183 2616 3258 Ὑπερηφάνοις
2676 3184 2704 3239 6
2763 3184 2894 3245 Θεὸς
2970 3183 3364 3251 ἀντιτάσσεται,
3417 3188 3697 3244 ταπεινοῖς
3750 3179 3805 3235 δὲ

2157 3269 2350 3328 δίδωσι
2378 3272 2565 3347 χάριν.
2600 3296 2628 3325 ››
2662 3274 2774 3329 Εἶτ’
2805 3274 2908 3327 οὐκ
2936 3270 3080 3326 ἴσασι
3108 3273 3209 3340 τήν
3260 3271 3439 3327 αἰτίαν
3472 3277 3569 3328 τοῦ
3599 3272 3673 3346 μὴ
3702 3275 3804 3345 γῆ·

2156 3382 2253 3434 μαι
2283 3361 2376 3417 τὸν
2410 3359 2627 3435 Κύριον·
2656 3366 2877 3435 πρῶτον
2930 3360 3024 3435 μὲν
3078 3360 3205 3437 γὰρ,
3252 3362 3352 3429 τὴν
3405 3359 3549 3417 ἰδίαν
3593 3360 3803 3432 νύμφην

2154 3451 2323 3525 εἶχεν,
2355 3452 2457 3519 τήν
2491 3447 2844 3519 Ἐκκλησίαν·
2895 3447 3081 3505 ἔπειτα
3140 3447 3197 3504 δὲ
3251 3448 3377 3506 οὐδὲ
3426 3449 3711 3526 ἅνθρωπος
3739 3447 3803 3515 ἦν

2152 3541 2354 3605 κοινὸς,
2382 3537 2475 3594 ’ἕνα
2504 3540 2595 3594 καὶ
2630 3539 2838 3615 βοηθοῦ
2885 3559 3037 3603 τινος
3081 3540 3219 3595 κατά
3256 3538 3428 3615 σάρκα
3462 3537 3654 3612 δεηθῇ·
3687 3533 3805 3592 ούδὶ

2152 3629 2644 3698 τεκνοποιήσασθαι
2695 3629 2762 3698 ἧν
2808 3628 2956 3699 αὐτῷ
3002 3629 3300 3703 ἀναγκαῖον
3341 3626 3539 3684 ἀϊδίων
3575 3628 3801 3701 μένοντι,

2160 3717 2253 3772 καὶ
2284 3718 2436 3791 μόνω
2468 3718 2578 3789 ι’ίῷ
2598 3722 2733 3772 Θεοῦ
2758 3714 3033 3794 γεγονότι.
3060 3715 3239 3781 Αὐτὸς
3267 3716 3325 3773 δὲ
3356 3717 3520 3781 οὗτος
3550 3719 3577 3774 6
3608 3716 3804 3792 Κύριος

2154 3807 2325 3881 λέγει·
2359 3830 2387 3858 ι(
2419 3806 2481 3863 Ὀ
2509 3806 2638 3868 Θεὸς
2672 3804 2997 3881 συνέζευξεν,
3029 3806 3317 3882 ἄνθρωπος
3351 3807 3429 3880 μὴ
3466 3806 3749 3883 χωριζέτω
3774 3824 3800 3854 u

2157 3897 2256 3951 Καὶ
2312 3896 2502 3949 πάλιν·
2565 3897 2829 3971 «Ὥσπερ
2889 3898 3002 3971 (53)
3057 3894 3117 3951 δὲ
3171 3896 3240 3966 ἦν
3292 3895 3345 3951 ἒν
3405 3903 3532 3961 ταῖς
3577 3897 3802 3970 ἡμέραις

2155 3990 2299 4053 Νῶε,
2382 3985 2519 4055 ἦσαν
2568 3989 2893 4062 γαμοῦντες,
2952 3987 3300 4061 γαμίζοντες,
3366 3983 3802 4060 οἰκοδομοῦντες.

2155 4075 2493 4153 φυτεύοντες,
2517 4077 2607 4130 καὶ
2629 4077 2704 4139 ὡς
2728 4076 2797 4145 ἦν
2820 4074 2874 4131 ἐν
2894 4081 3017 4140 ταῖς
3033 4076 3267 4149 ἡμέραις
3292 4077 3438 4148 Λὼτ,
3473 4076 3645 4137 οὕτως
3663 4071 3801 4130 ἔσται

2155 4169 2191 4236 ἡ
2223 4164 2494 4241 παρουσία
2542 4169 2644 4221 τοῦ
2709 4166 2838 4221 Υἱοῦ
2892 4169 2992 4221 τοῦ
3050 4166 3362 4242 ἀνθρώπου.
3396 4189 3425 4217 ››
3484 4166 3586 4223 Καὶ
3636 4158 3802 4220 ὅτιού

2154 4255 2294 4331 πρὸς
2335 4255 2405 4309 τὰ
2456 4252 2582 4325 ἔθνη
2644 4253 2813 4331 λέγει,
2871 4252 3133 4330 ἐπιφέρει·
3190 4279 3219 4307 «
3251 4259 3392 4328 Ἀρα
3421 4254 3599 4318 ἐλθὼν
3630 4254 3658 4307 6
3686 4250 3803 4311 Υἱὸς

2155 4348 2251 4399 τοῦ
2278 4344 2570 4419 ἀνθρώπου
2599 4347 2736 4417 (54),
2769 4344 2989 4415 τύρήσει
3019 4345 3120 4413 τήν
3151 4344 3332 4399 πίστιν
3366 4343 3453 4399 ἐπὶ
3489 4350 3585 4412 τῆς
3614 4345 3716 4418 γῆς
3738 4357 3751 4407 ;
3777 4360 3803 4388 ι’

2158 4433 2257 4489 Καὶ
2287 4434 2475 4489 πάλιν·
2513 4458 2541 4486 ‹‹
2578 4433 2718 4490 Οὐαὶ
2778 4431 2837 4490 δὶ
2880 4439 3000 4495 ταῖς
3054 4432 3106 4486 ἐν
3163 4433 3355 4508 γαστρὶ
3411 4430 3670 4509 ἐχούσαις
3718 4424 3802 4482 καὶ

2954 4558 3027 4628 (b)
3056 4559 3259 4614 Matth.
3287 4573 3430 4625 χχιι,
3481 4560 3587 4624 3ος
3633 4555 3798 4628 Marc.

385 4625 489 4691 xu.
522 4634 633 4696 23;
665 4635 781 4688 Luc
829 4649 927 4691 xx.
960 4634 1045 4686 35.
1126 4625 1250 4701 (c)'l
1280 4631 1410 4685 Cor.
1446 4647 1517 4697 v1,
1550 4632 1614 4685 13
1713 4631 1795 4701 (d)
1825 4625 1991 4689 Rom.
2024 4649 2141 4700 xlv,
2177 4635 2262 4687 17.
2341 4631 2410 4703 ιθ)
2436 4625 2556 4687 Jac.
2590 4647 2661 4699 ιν,
2694 4633 2766 4698 6;
2798 4632 2823 4684 Ι
2850 4625 3008 4686 Petr.
3041 4647 3094 4699 v,
3122 4632 3175 4685 5.
3253 4631 3320 4699 (fp
3351 4629 3554 4685 Matth.
3588 4644 3701 4693 xix,
3730 4625 3798 4688 6;

389 4708 566 4762 Marc.
599 4722 655 4770 κ,
688 4710 739 4759 9.
819 4705 896 4774 (g)
931 4704 1130 4758 Matth.
1165 4719 1318 4769 xxnv,
1350 4704 1456 4769 37;
1493 4703 1626 4759 Luc.
1660 4719 1793 4767 xvu,
1825 4706 1915 4759 28.

464 4832 580 4901 (49)
611 4826 806 4906 Ἀλλά.
839 4834 992 4906 Haac,
1024 4829 1219 4906 verbis
1266 4845 1473 4906 rursus
1504 4829 1749 4906 paulum
1779 4831 2040 4906 variatis,
2072 4841 2119 4906 Ι)
2150 4832 2354 4906 carnis,
2388 4844 2517 4899 cap.
2570 4830 2656 4889 19.
2688 4827 2839 4906 alios
2894 4827 3078 4883 fuisse
3108 4826 3470 4906 haereticos,
3504 4825 3605 4897 qui
3634 4822 3793 4902 dice-

393 4908 716 4959 occurrunt
745 4901 945 4958 Matth.
978 4918 1122 4970 xxii,
1155 4903 1262 4968 30;
1295 4903 1468 4957 Marc.
1503 4919 1600 4969 xu,
1633 4903 1742 4971 23;
1778 4903 1912 4959 Luc.
1944 4919 2042 4963 xx.

389 4977 479 5032 35.

460 5047 568 5118 (50)
588 5041 800 5121 φησιν.
835 5044 892 5099 Si
924 5044 1058 5116 quis
1086 5043 1401 5117 pluraliter
1427 5043 1599 5099 malit
1626 5043 1774 5121 φασί,
1814 5061 1918 5116 per
1946 5060 2040 5099 me

386 5118 548 5175 licet.
581 5119 854 5174 SvLsuac.

461 5192 573 5263 (δι)
606 5189 717 5263 τήν
746 5187 1027 5243 ἀνάστασιν
1052 5185 1179 5263 ﬁam,
1242 5188 1311 5263 Ili
1367 5187 1632 5263 baaretici
1664 5186 2044 5263 affirmabant

386 5258 476 5329 id,
504 5262 661 5333 quod
702 5268 840 5317 ante
872 5278 994 5333 eos,
1046 5260 1101 5317 S.
1153 5259 1336 5333 Paulo
1382 5259 1444 5313 in
1493 5259 1635 5333 vivis
1674 5264 1905 5331 agente,
1939 5258 2041 5314 alii

389 5327 683 5389 dixerant.
730 5334 830 5400 τὴν
882 5332 1167 5386 ἀνάστασιν
1207 5327 1317 5398 ἤδη
1372 5330 1667 5402 γεγονέναι.
1714 5327 1743 5379 ἆ
1775 5347 2041 5385 resurre-

387 5407 646 5478 ctionem
672 5406 943 5478 essejam
965 5406 1181 5460 factam
1206 5420 1218 5457 :
1253 5426 1271 5448 -
1305 5402 1353 5456 Il
1374 5402 1522 5478 'l‘im.
1548 5418 1611 5467 ιι,
1638 5402 1722 5457 18.
1749 5402 1841 5478 Sic
1863 5404 2041 5478 etiam

387 5477 709 5533 Menander
764 5472 969 5533 docuit
1025 5499 1051 5526 ι(
1085 5472 1586 5529 resurrectionem
1619 5489 1747 5544 per,
1768 5473 1849 5535 id,
1883 5474 2041 5544 quod

386 5555 477 5621 est
504 5549 567 5603 in
597 5565 756 5615 eum,
793 5548 1088 5621 baptisma
1116 5545 1387 5617 accipere
1436 5543 1566 5615 ejus
1606 5543 1950 5615 discipulos.
1985 5551 2045 5599 et

385 5618 544 5674 ultra
572 5636 693 5674 non
724 5618 898 5690 posse
932 5618 1106 5684 mori,
1154 5633 1257 5687 seq
1307 5631 1684 5690 perseverare
1716 5632 1837 5671 non
1871 5632 2044 5690 sene-

388 5696 623 5744 scentes
649 5687 1148 5745 et‘immortales:
1185 5714 1205 5741 ι
1245 5687 1324 5743 ut"
1342 5687 1607 5744 referunt
1646 5690 1906 5743 lrenmus
1940 5687 2039 5742 lib.

388 5774 426 5831 ι.
451 5775 580 5830 cap.
613 5763 703 5826 2i,
738 5767 797 5831 et
822 5759 1224 5819 Tertullianus
1274 5758 1383 5831 lib.
1420 5761 1516 5831 ADe
1555 5761 1762 5827 anima,
1790 5775 1918 5831 cap.
1953 5760 2041 5816 50.

388 5829 677 5884 Memorat
703 5830 882 5886 etiam
925 5831 1326 5888 Tertullianus
1370 5829 1477 5887 lib.
1526 5833 1604 5889 De
1645 5829 2045 5889 resurrectione

2153 4902 2295 4955 bant
2332 4921 2355 4949 ιι
2388 4892 2885 4954 resurrectionem
2910 4915 3038 4955 eam
3069 4892 3650 4966 vindicandaquua
3670 4892 3796 4963 quis

2156 4971 2317 5028 adita
2374 4972 2618 5025 veritate
2674 4972 3082 5027 redanimatus
3134 4977 3191 5026 et
3239 4970 3630 5027 revivificatus
3660 4967 3792 5029 Deo,

2156 5043 2507 5126 ignorantia;
2539 5052 2728 5099 morte
2761 5042 3050 5126 discussa,
3070 5042 3228 5126 velut
3252 5042 3324 5097 de
3358 5041 3630 5126 sepulcro
3652 5041 3794 5126 rete:

2154 5114 2237 5189 ris
2268 5114 2529 5170 hominis
2558 5116 2859 5189 eruperit:
2896 5157 2910 5170 .
2948 5160 2960 5172 .
2998 5160 3010 5172 .
3045 5115 3258 5170 exinde
3306 5114 3793 5189 resurrectionem

2154 5185 2271 5242 fide
2302 5185 2685 5242 consecutos'
2713 5203 2847 5243 cum
2906 5189 3155 5242 Domino
3214 5202 3365 5253 esse,
3405 5200 3540 5241 cum
3572 5197 3704 5239 eum
3734 5185 3792 5233 in

2153 5258 2511 5329 baptismate
2540 5256 2865 5314 induerint.
2902 5281 2931 5309 »

2225 5323 2330 5402 (52)
2364 5329 2872 5404 'lfanazvoppoapvp.
2926 5330 3238 5404 Respicere
3289 5327 3521 5404 videtur
3575 5323 3789 5404 Qoloss.

2153 5386 2354 5476 11:23.:
2387 5402 2580 5476 Ἃτινά
2610 5386 2719 5476 ἔστι
2753 5386 2921 5475 λόγον
2986 5386 3102 5476 μέν-
3136 5394 3344 5476 ἔχοντα
3390 5394 3651 5476 σο-φίαςῌᾷν
3683 5391 3790 5475 €03:

2154 5465 2508 5545 Αοθρησκείᾳ,
2562 5474 2654 5527 καὶ
2710 5465 3206 5551 ταπεινοφροσύνης
3262 5471 3350 5525 καὶ
3436 5465 3649 5544 ἀὶρειδίᾳ
3701 5465 3790 5516 τοῦ

2153 5546 2433 5615 σώματος.
2949 5546 2958 5551 ’
3422 5566 3427 5569 ·

2228 5620 2340 5685 (53)
2370 5618 2593 5690 Ὥσπερ.
2632 5621 2853 5674 ﬂorum
2914 5633 3125 5673 sensus
3184 5616 3446 5671 occurrit
3501 5615 3635 5670 Luc.
3666 5621 3795 5669 xvn,

2153 5691 2261 5755 28;
2295 5691 2496 5745 Matth.
2530 5708 2683 5752 xxiv,
2718 5691 2806 5746 37.

2222 5746 2336 5833 (δικ)
2365 5762 2506 5833 Ἄρα
2549 5746 2721 5833 ἐλθὼν
2769 5762 2798 5814 ὁ
2848 5759 2970 5821 ι’ῑὸς
3024 5760 3124 5814 τοῦ
3173 5757 3292 5822 ἀνθ.
3336 5757 3399 5815 Ὀ
3426 5755 3548 5817 Υἱὸς
3574 5753 3669 5808 τοῦ
3697 5746 3792 5803 ιν-

2154 5831 2379 5906 θρῶπου
2409 5831 2582 5897 ἰλθὼν
2614 5831 2737 5909 ἄρα,
2766 5833 2903 5891 Luc.
