4144 6398
414 290 557 348 1159

1650 286 2066 341 ΟῙοΕὶΙΕΝΤΙΒ
2100 285 2608 344 ΑιιιχΑΝῡιιιΝι

3688 291 3815 346 1160

417 431 560 471 cens
591 410 1098 476 communionem,
1126 425 1247 464 non
1279 412 1478 463 autem
1508 407 1674 464 illam
1692 409 1981 464 incestam
2011 415 2054 463 e1

2184 408 2309 462 σατὲ
2342 427 2429 480 με*
2492 407 2641 481 ξένος
2691 406 2872 482 ἤμην,
2931 409 3021 465 καὶ
3079 407 3410 485 συνηγάγετὲ
3465 426 3552 483 με’
3600 412 3813 485 γυμνὸς,

416 502 807 577 impudicam.
840 496 1143 567 Quomodo
1176 502 1374 553 autem
1404 496 1584 552 fuerit
1612 497 1664 552 is
1695 497 1795 568 qui
1839 498 2046 569 petite

2178 495 2268 551 καὶ
2326 492 2680 573 περιεϐάλετέ
2741 518 2829 573 με·
2908 501 3025 554 εἶτα
3100 498 3366 576 ὲπιφέρει·
3434 523 3460 553 α
3516 500 3627 577 Ἐφ’
3695 500 3811 557 ὅσον

417 593 654 666 accipit,
689 598 746 646 et
775 592 825 645 is
855 590 954 660 qui
987 592 1311 649 mutuatur,
1337 586 1385 641 si
1410 586 1616 642 nullus
1638 586 1716 641 sit
1735 586 1836 657 qui
1857 586 2054 642 habea‘

2177 583 2473 656 ἐποιήσατε
2524 587 2609 643 ἑνὶ
2657 588 2870 644 τούτων
2917 592 3026 643 τῶν
3077 587 3409 663 ἐλαχίστων,
3458 588 3579 660 ἐμοὶ
3636 589 3813 661 ἐποιή-

417 689 476 739 et
498 682 599 737 det
617 685 823 737 mutuo
845 678 873 733 Ἰ
892 676 1040 743 Quid
1063 692 1197 730 vero
1222 675 1249 730 ?
1270 676 1421 731 I93
1443 674 1678 746 quando
1701 675 1845 731 dicit
1872 676 2071 730 Domi-

414 788 562 828 nus;
597 793 624 819 ι(
651 767 901 830 Esurivi,
927 772 986 821 et
1008 782 1101 820 me
1122 765 1363 837 pavistis
1389 782 1404 831 ;
1427 765 1570 831 sitii,
1597 770 1655 819 et
1677 771 1885 836 potum
1919 764 2069 819 mihi

416 859 705 925 dedistis;
737 858 953 928 hospes
985 871 1171 922 eram,
1195 859 1254 908 et
1292 871 1385 910 me
1431 854 1795 927 collegistis;
1848 853 2067 915 nudus,

414 954 473 1006 et
501 965 596 1004 me
628 946 908 1003 vestiistis
940 946 1036 1014 (a);
1070 968 1094 990 »ι
1118 943 1335 998 deinde
1360 943 1666 1014 subjungit
1687 960 1697 996 :
1718 964 1742 994 α
1768 944 2069 1007 Quatenus

413 1037 641 1094 fecistis
671 1036 773 1090 uni
807 1035 1016 1090 horum
1054 1034 1463 1095 minimorum.
1498 1033 1643 1087 mihi
1674 1032 2011 1102 fecistis(b).
2037 1053 2066 1081 ››

414 1125 692 1198 Nunquid
712 1124 946 1180 easdem
974 1139 1211 1195 quoque
1237 1122 1373 1177 tulit
1392 1121 1551 1194 leges
1574 1122 1635 1176 in
1652 1121 1843 1176 Veteri
1867 1125 2064 1176 Testa-

414 1214 665 1272 mento?
698 1238 725 1265 α
758 1214 867 1279 Qui
901 1213 1001 1267 dat
1032 1211 1330 1279 mendico,
1378 1210 1705 1266 faeneratur
1753 1211 1871 1265 Deo
1909 1211 2002 1280 (ο).
2036 1232 2065 1259 ››

409 1307 518 1361 Et:
560 1327 585 1359 ιι
617 1306 697 1359 Ne
730 1302 1091 1358 abstinueris
1116 1317 1150 1355 a
1180 1299 1608 1355 benefaciendo
1642 1315 1826 1372 egeno
1873 1299 1970 1370 (ἀ),
2038 1321 2064 1347 ››

410 1394 629 1465 inquit.
664 1395 733 1446 Et
758 1408 963 1447 rursus
989 1408 1001 1445 :
1037 1413 1062 1440 «
1098 1389 1504 1461 Eleemosyna?
1529 1394 1588 1443 et
1614 1388 1761 1443 fides
1782 1404 1858 1442 ne
1882 1393 1936 1443 te
1961 1386 2067 1441 de-

410 1485 720 1556 ficiant(e),
738 1506 765 1532 »
782 1483 976 1554 inquit
1012 1505 1037 1530 υ
1054 1484 1397 1553 Paupertas-
1418 1480 1845 1535 autemuvirum
1862 1478 2025 1533 humi
2042 1510 2056 1517 -

406 1574 536 1642 liat,
568 1575 761 1629 ditant
790 1578 987 1627 autem
1020 1587 1236 1626 manus
1266 1571 1525 1624 virorum
1553 1572 1640 1640 (f).
1678 1592 1705 1618 »ι
1749 1567 2065 1640 Subjungit

409 1670 650 1720 autem:
688 1684 716 1713 ‹‹
747 1662 856 1728 Qui
888 1660 1203 1733 pecuniam
1234 1676 1400 1715 suam
1434 1675 1554 1713 non
1586 1657 1753 1713 dedit
1798 1658 1872 1714 ad
1917 1674 2057 1712 usu-

2174 695 2319 730 σατε.
2357 700 2384 727 ››
2413 675 2558 752 Οὐχὶ
2590 674 2648 732 δὲ
2676 676 2744 732 τὰ
2782 676 2917 733 αὖτά
2962 677 3049 733 καὶ
3099 675 3153 732 ἐν
3198 680 3268 749 τῇ
3324 676 3537 748 Παλαιᾷ
3586 680 3812 754 Διαθήκῃ

2173 765 2462 836 νομοθετεῖ
2493 785 2507 833 ;
2541 791 2568 816 «
2618 766 2675 820 ’Θ
2707 763 2893 828 διδοὺς
2938 769 3050 838 (84)
3095 769 3310 840 πτωχῷ
3355 763 3581 836 δανείζει
3624 772 3755 839 Θεῷ·
3785 793 3813 822 ιι

2172 851 2284 919 καὶ,
2333 876 2357 907 ι
2403 856 2494 923 Μὴ
2546 854 2767 930 ἀπόσχῃ
2822 853 2879 909 εὖ
2936 860 3112 909 ποιεῖν
3171 851 3341 911 ἔνδεεῖ
3395 858 3522 926 (85),
3556 878 3581 905 ιι
3638 855 3813 932 φησίν.

2175 941 2278 998 Κσῖ
2307 940 2496 998 πάλιν·
2548 969 2568 996 ο
2606 943 3009 1018 Ἐλεημοσῦναι
3065 944 3153 1000 καὶ
3200 943 3409 1007 πίστεις
3466 943 3542 1016 μή
3603 943 3803 1000 ὲκλιπί.

2171 1031 2351 1085 τωσάν
2385 1052 2461 1101 σε,
2498 1057 2525 1083 »ι
2589 1034 2754 1088 εἶπεν.
2816 1059 2843 1086 α
2884 1033 3042 1089 ιΙενία
3078 1058 3097 1083 ι
3157 1030 3215 1089 δὲ
3276 1057 3304 1084 ιι
3340 1030 3508 1103 ἄνδρα
3557 1039 3811 1088 ταπεινοῦ

2175 1124 2359 1195 χεῖρες
2395 1118 2453 1176 δὲ
2482 1119 2690 1196 ἀνδρῶν
2723 1124 2855 1194 (86),
2886 1121 3293 1191 πλουτίζουσιν.
3328 1143 3352 1173 ο
3403 1123 3680 1200 Ἐπιφὲρει
3712 1125 3814 1195 (87)

2171 1205 2247 1262 δέο
2281 1208 2351 1263 Ἥ
2385 1205 2433 1263 δ’
2465 1207 2524 1263 ἃν
2553 1212 2686 1282 (88),
2719 1209 2779 1271 ’ὸς
2820 1208 2921 1264 οὐκ
2944 1206 3141 1264 ἔδωκεν
3181 1207 3269 1263 ἀπὶ
3302 1208 3451 1281 τόκῳ
3477 1207 3540 1263 τὸ
3569 1208 3814 1284 ἀργύριον

2171 1296 2357 1369 αὐτοῦ,
2391 1294 2688 1362 ἀποδεκτὸς
2720 1298 2939 1373 γίνεται’
2974 1323 3003 1351 »ι
3034 1298 3148 1368 καὶ,
3185 1323 3210 1348 ο(
3247 1298 3461 1371 Λύτρον
3493 1300 3601 1369 (89)
3632 1298 3810 1372 ψυχῆς

2169 1382 2388 1458 ἀνδρὸς,
2416 1386 2445 1441 6
2476 1384 2617 1450 ἴδιος
2648 1385 2887 1450 πλοῦτος
2916 1385 3173 1463 κρίνεται.
3203 1407 3228 1439 ιι
3267 1385 3412 1461 Οὔξιὶ
3446 1383 3694 1461 διασαφεῖ
3728 1383 3813 1440 ἄνη

2164 1496 2352 1550 τικρυς
2388 1521 2400 1545 ,
2467 1478 2543 1541 ὡς
2600 1477 2689 1532 οὗν
2748 1475 2799 1551 ἑξ
2855 1477 3109 1533 ἐναντίων
3164 1479 3192 1533 6
3252 1477 3462 1551 κόσμος
3528 1476 3815 1552 σύγκειται,

2166 1563 2350 1636 ὥσπερ
2383 1564 2442 1621 ἐκ
2470 1570 2677 1640 θερμοῦ
2702 1566 2789 1622 καὶ
2824 1570 3043 1643 ψυχροῦ
3068 1572 3200 1637 (90),
3234 1568 3402 1642 ξηροῦ
3431 1588 3490 1622 τε
3509 1565 3601 1621 καὶ
3634 1566 3809 1641 ὑγροῦ,

2166 1654 2309 1709 οὕτω
2341 1660 2445 1710 κάκ
2471 1660 2580 1710 τῶν
2614 1654 2902 1727 διδόντων,
2933 1656 3038 1712 κάκ
3064 1661 3173 1712 τῶν
3226 1651 3659 1729 λαμϐανόντωνς
3709 1655 3808 1709 Πά-

404 1772 555 1824 ram,
595 1755 661 1810 ﬁt
689 1760 988 1825 acceptus.
1023 1771 1054 1805 ι)
1091 1754 1196 1807 Et:
1243 1774 1270 1801 «
1319 1751 1583 1806 Pretium
1628 1749 2054 1821 redemptionis

2172 1742 2255 1798 λιν
2282 1765 2341 1799 τε
2370 1744 2436 1799 αὗ
2486 1744 2612 1801 ὅταν
2671 1741 2816 1820 εἴπῃ,
2874 1744 2991 1801 «bl
3050 1744 3228 1811 θέλεις
3285 1744 3493 1808 τὲλειος
3550 1743 3810 1820 γενὲσθαι,

399 1844 464 1909 is
494 1845 715 1907 anima.
746 1841 1370 1915 prOpriaejudicantur
1394 1840 1612 1894 divitiis
1646 1839 1724 1910 (g)
1780 1860 1807 1888 ››
1842 1846 2054 1894 Annon

399 1939 604 2005 aperte
636 1931 877 1999 indicat,
911 1929 1067 2002 quod
1108 1930 1261 1984 sicut
1289 1930 1549 1984 mundus
1575 1929 1953 2000 componitur
1985 1944 2057 1983 ex

402 2022 738 2088 contrariis,
769 2036 984 2091 nempe
1015 2037 1085 2074 ex
1111 2019 1303 2074 calido
1337 2025 1395 2073 et
1427 2017 1661 2091 frigido,
1703 2018 1947 2073 humido
1996 2023 2056 2072 et

404 2113 583 2173 sicco.
618 2112 699 2166 ita
727 2111 903 2166 etiam
936 2127 1005 2164 ex
1032 2109 1106 2164 lis
1132 2110 1231 2179 qui
1264 2109 1427 2173 dant,
1461 2114 1520 2162 et
1547 2125 1615 2163 ex
1643 2108 1716 2163 iis
1765 2108 1864 2179 qui
1896 2106 2054 2162 acci-

398 2200 622 2273 piunt?
651 2202 722 2254 Et
745 2214 952 2253 rursus
973 2215 1108 2253 cum
1132 2197 1281 2252 dixit
1303 2215 1315 2250 :
1342 2220 1368 2246 ι(
1393 2197 1451 2251 Si
1475 2198 1557 2250 vis
1582 2196 1876 2268 perfectus
1898 2213 2050 2262 esse,

401 2292 589 2347 vende
619 2307 751 2361 quas
782 2289 987 2355 habes,
1020 2294 1078 2343 et
1100 2287 1173 2342 da
1199 2286 1581 2359 pauperibus,
1621 2306 1643 2337 ιι
1679 2286 2051 2341 refelliteum

402 2380 504 2451 qui
536 2378 903 2452 gloriabatur
925 2376 1081 2449 quod
1107 2401 1131 2428 ιι
1158 2376 1359 2432 omnia
1377 2377 1736 2447 ajuventute
1759 2380 2054 2448 praecepta

401 2474 771 2535 servaverat;
808 2490 835 2516 ι)
863 2484 982 2522 non
1006 2467 1163 2521 enim
1189 2466 1536 2537 impleverat
1566 2464 1714 2519 illud
1742 2482 1753 2519 :
1781 2488 1805 2514 ‹‹
1833 2464 2051 2537 Diliges

396 2559 737 2630 proximum
756 2564 919 2612 tuum
936 2557 1089 2611 sicut
1108 2556 1362 2626 teipsum
1380 2555 1482 2625 (h):
1504 2579 1522 2601 ι
1544 2560 1682 2610 tunc
1696 2560 1895 2610 autem
1914 2570 2049 2609 cum

397 2665 430 2704 ιι
460 2648 709 2704 Domino
740 2647 1148 2719 perﬁceretur,
1172 2645 1496 2700 docebatur
1524 2644 1970 2699 communicare
1993 2649 2052 2698 et

2165 1831 2433 1903 πωλήσας
2468 1834 2537 1889 τὰ
2591 1834 2928 1909 ὑπάρχοντα,
2980 1831 3071 1896 δὸς
3128 1840 3399 1911 πτωχοῖς,
3459 1832 3673 1910 ἐλέγχει
3722 1832 3807 1887 τὸν

2161 1924 2525 1997 καυχώμενον
2569 1923 2654 1979 ἐπὶ
2699 1928 2781 1996 τῷ
2825 1923 2997 1986 πάσας
3041 1924 3136 1986 τὰς
3180 1922 3402 1986 ἐντολὰς
3460 1920 3521 1978 ἑκ
3566 1921 3812 1993 νεότητος

2158 2014 2533 2085 τετηρηκέναιο
2583 2012 2645 2068 οὐ
2704 2017 2809 2088 γὰρ
2868 2013 3227 2088 πεπληρώκει
3284 2013 3369 2079 τό,
3431 2038 3452 2064 ι
3498 2012 3809 2086 Ἀγαπήσεις

2157 2102 2249 2155 τὸν
2283 2100 2522 2172 πλησίον
2555 2123 2652 2157 σου
2682 2102 2756 2164 ὡς
2790 2103 2999 2158 ἔαυτόν·
3028 2126 3055 2153 ιι
3085 2103 3211 2158 τότε
3234 2099 3311 2167 δὶ,
3348 2104 3452 2159 ὑπὸ
3480 2108 3578 2160 τοῦ
3610 2103 3806 2178 Κυρίου

2158 2189 2637 2264 συντελειοῦμενος
2666 2212 2681 2260 ;
2713 2188 3023 2247 ἐδιδάσκετο
3068 2188 3138 2246 δι’
3169 2193 3382 2268 ἀγάπην
3443 2190 3801 2267 μεταδιδόναι.

2160 2278 2352 2342 Καλῶς
2402 2281 2495 2335 οὖν
2546 2279 2805 2336 πλουτεῖν
2853 2281 2915 2336 οὗ
2962 2281 3315 2354 κεκώλυκεν,
3387 2280 3535 2339 ἀλλὰ
3588 2284 3688 2360 γὰρ
3741 2282 3801 2336 τὸ

2159 2366 2361 2432 ἀδίκως
2393 2369 2481 2424 καὶ
2532 2367 2829 2441 ἀπλήστως
2888 2369 3167 2428 πλουτεῖν·
3231 2395 3259 2425 α
3288 2378 3488 2443 Κτῆσις
3521 2372 3623 2449 γὰρ
3680 2371 3798 2426 ἑπι-

2159 2456 2501 2531 σπευδομένη
2534 2463 2645 2531 (91)
2688 2461 2824 2533 μετά
2863 2460 3094 2533 ἀνομίας
3148 2460 3388 2517 ἐλάττων
3441 2462 3664 2537 γίνεται.
3714 2459 3802 2516 El-

2158 2546 2209 2603 σὶ
2260 2553 2371 2622 (92)
2419 2548 2523 2624 γὰρ
2575 2548 2626 2603 οἳ
2664 2551 2974 2624 σπείροντες
3025 2547 3255 2605 πλείονα
3299 2555 3563 2620 ποιοῦσι,
3612 2550 3697 2605 καὶ
3755 2549 3802 2604 οἳ

2157 2639 2473 2713 συνάγοντες
2506 2638 2880 2695 ἐλαττοῦνται·
2916 2664 2946 2692 ιι
2969 2640 3093 2716 περὶ
3125 2641 3199 2695 ὢν
3232 2642 3551 2716 γέγραπται·
3598 2640 3803 2715 Ἐσκόρ-

396 2736 689 2808 impertiri
721 2752 827 2807 per
855 2735 1226 2790 charitatem.
1254 2735 1509 2788 Honeste
1529 2749 1665 2805 ergo
1694 2750 1816 2788 non
1840 2733 2047 2804 probi-

2172 2748 2327 2798 τισεν,
2360 2725 2560 2783 ἔδωκεν
2616 2734 2735 2791 τοῖς
2785 2728 3027 2798 πένησιν·
3063 2733 3098 2800 ἡ
3133 2727 3457 2800 δικαιοσύνη
3520 2730 3682 2785 αὐτοῦ
3715 2729 3803 2802 μὲ-

395 2825 524 2881 buit
553 2842 682 2881 esse
714 2824 979 2891 divitem,
1012 2823 1116 2879 sed
1139 2840 1268 2878 esse
1290 2823 1533 2878 divitem
1557 2823 1779 2893 injuste
1803 2828 1862 2877 et
1882 2824 2047 2877 inex-

2152 2836 2231 2870 νει
2264 2820 2340 2878 εἱς
2387 2817 2477 2872 τὸν
2527 2816 2718 2871 αίῶνα·
2755 2843 2781 2867 ‹‹
2812 2818 2959 2889 ὁμὲν
2988 2817 3088 2894 γὰρ
3146 2817 3382 2893 σπείρων
3441 2818 3533 2874 καί
3585 2816 3805 2874 πλείονα

394 2915 715 2986 plebiliter.
756 2934 776 2961 ι
811 2913 1115 2968 Posscssio
1146 2913 1371 2982 (enim)
1403 2928 1534 2982 quin
1566 2928 1701 2966 cum
1732 2911 2047 2983 iniquitate

2172 2910 2394 2979 ιυναγων
2428 2904 2586 2969 οὗτός
2628 2904 2769 2960 ἐστιν
2827 2907 2857 2960 6
2916 2904 3007 2961 διὰ
3060 2912 3163 2976 τῆς
3219 2906 3468 2984 ἐπιγείου
3509 2909 3600 2963 καὶ
3659 2925 3812 2982 προσ-

396 3005 782 3071 acceleratur,
816 3002 1012 3058 minor
1042 3002 1311 3057 redditur
1342 3002 1426 3071 (ἱ).
1465 3023 1493 3050 ››
1527 3001 1919 3071 Sunt(enim.)
1942 3002 2045 3073 qui

2172 2995 2343 3069 ιαίρου
2376 2992 2717 3069 μεταδόσεως
2746 2995 2811 3051 τὰ
2852 2995 3076 3072 οὐράνια
3105 2998 3387 3070 κτώμενος
3449 2997 3541 3055 καὶ
3591 2999 3659 3054 τὰ
3687 2995 3808 3053 αίώ-

394 3093 761 3149 seminantes
792 3090 1213 3161 multiplicant,
1247 3095 1306 3144 et
1334 3089 1436 3159 qui
1470 3089 1817 3162 colligentes
1846 3090 2044 3146 minus

2172 3103 2260 3138 ιια·
2304 3080 2486 3159 ἕτερος
2519 3082 2575 3138 δὲ
2616 3085 2644 3138 6
2675 3082 2868 3156 μηδενὶ
2907 3082 3253 3157 μεταδιδοὺς,
3304 3112 3331 3139 ι(
3364 3092 3542 3150 κενῶς
3583 3087 3670 3143 καὶ
3714 3098 3809 3154 θη-

391 3182 616 3237 habent
638 3183 724 3252 (j).
764 3204 791 3228 ››
825 3181 903 3235 De
937 3151 1153 3251 quibus
1187 3151 1472 3250 scriptum
1515 3151 1643 3233 est:
1674 3202 1699 3228 «
1736 3179 2042 3251 Dispersit,

2172 3151 2422 3248 ιαυρίζων
2456 3173 2543 3228 ἐπὶ
2585 3151 2684 3243 τῆς
2731 3181 2856 3247 γῆς,
2908 3151 3046 3229 δπου
3096 3176 3194 3244 σὴς
3241 3151 3338 3231 ,καὶ
3379 3178 3589 3252 βρῶτις
3630 3151 3811 3254 ἀφανί-

392 3272 558 3328 dedit
586 3270 968 3343 pauperibus.
993 3269 1231 3340 justitia
1261 3270 1390 3339 ejus
1420 3275 1624 3323 manet
1650 3268 1708 3323 in
1761 3269 2045 3324 saeculum

394 3360 596 3416 saeculi
624 3361 723 3431 (Ις).
758 3381 785 3407 ››
819 3358 928 3424 Qui
950 3357 1112 3413 enim
1141 3381 1167 3406 ‹‹
1193 3358 1451 3412 seminat
1472 3363 1530 3411 et
1551 3357 1724 3428 plura
1745 3357 1988 3431 colligit,
2016 3379 2043 3405 ιι

391 3451 443 3505 is
474 3456 583 3515 est,
616 3449 714 3521 qui
749 3464 854 3518 per
884 3454 1181 3503 terrenam
1212 3454 1271 3502 et
1292 3446 1680 3517 temporalem
1712 3448 2043 3503 communi-

392 3540 688 3594 cationem
719 3554 788 3592 ac
832 3536 1336 3601 distributionem,
1385 3535 1648 3590 coelestia
1689 3537 1948 3606 acquirit
1991 3542 2050 3592 et

393 3634 638 3682 aeterna.
671 3627 775 3680 Est
804 3630 1000 3680 autem
1046 3624 1221 3687 alius,
1258 3624 1359 3694 qui
1413 3624 1639 3678 nemini
1673 3623 1958 3695 impertit,
1992 3630 2050 3680 et

392 3718 693 3772 incassum
724 3738 752 3765 ‹‹
790 3715 1099 3769 thesauros
1130 3715 1190 3768 in
1223 3720 1382 3769 terra
1412 3713 1657 3784 colligit,
1700 3713 1802 3769 ubi
1851 3732 2046 3787 aerugo

394 3812 455 3862 et
484 3806 646 3860 tinea
675 3803 992 3859 destruunt
1013 3804 1095 3869 ll).
1132 3823 1159 3851 ››
1183 3804 1264 3858 De
1291 3820 1406 3873 quo
1431 3803 1717 3874 scriptum
1737 3810 1863 3859 est:
1887 3826 1914 3854 «
1939 3805 2046 3869 Qui

392 3892 934 3966 colligitmercedes
954 3892 1177 3965 colligit
1192 3892 1251 3947 in
1268 3908 1506 3947 saccum
1521 3893 1985 3965 perforatum(m‘,
2000 3938 2005 3945 .
2021 3916 2047 3943 ιι

392 3984 626 4054 Hujus<<
652 3998 898 4055 agrum»
929 3982 1216 4036 Dominus
1235 3982 1296 4035 in
1310 3981 1623 4054 Evangelia
1646 3982 1791 4038 dicit
1811 4007 1836 4031 α
1864 3983 2047 4039 fuisse

2160 3269 2257 3334 ξεν
2296 3288 2324 3315 ιι
2356 3267 2477 3339 περί
2538 3262 2599 3318 οὗ
2655 3265 2954 3341 γέγραπται
2990 3290 3016 3316 ‹‹
3080 3265 3335 3340 Συνάγων
3390 3266 3527 3329 τοὺς
3569 3264 3808 3340 μισθοὺς,

2159 3357 2456 3431 συνήγαγεν
2490 3353 2566 3417 είς
2609 3351 2805 3427 δεσμὸν
2859 3357 3296 3429 τετρυπημένον.
3334 3383 3357 3411 ι
3419 3363 3628 3413 Τοῦτου
3659 3383 3683 3409 ιι
3715 3358 3806 3426 τὴν

2156 3447 2348 3520 χώραν
2403 3450 2511 3513 (93)
2566 3445 2918 3520 εὐφορῆσαι»
2979 3444 3129 3521 λέγει
3183 3446 3236 3501 ἂν
3290 3451 3372 3519 τῷ
3438 3446 3809 3522 Εὐαγγελίῳὸ

2158 3536 2380 3608 Κύριος*
2412 3529 2599 3588 ἔπειτα
2626 3535 2755 3596 τοὺς
2801 3534 3051 3610 καρποὺς
3103 3536 3399 3591 ἀποθέσθαι
3458 3537 3809 3613 βουληθέντα,

2158 3621 2672 3697 οἷκοδομησὸμενον
2706 3624 2989 3696 ἀποθήκας
3022 3625 3296 3698 μείζονας,
3338 3629 3482 3682 κατὰ
3527 3629 3625 3694 τὴν
3658 3645 3812 3700 προσ-

2160 3712 2469 3769 ωποποιίαν
2503 3712 2671 3769 εἰπεῖν
2706 3716 2842 3787 πρὸς
2869 3714 3078 3774 ἔαυτόν.
3133 3740 3162 3768 α
3191 3716 3383 3790 Ἔχεις
3414 3718 3594 3793 ἀγαθά
3639 3712 3815 3772 πολλά

2160 3802 2492 3875 ἀποκείμενα
2522 3824 2607 3858 σοι
2640 3803 2716 3867 είς
2755 3802 2847 3873 ἔτη
2908 3803 3115 3860 πολλάο
3171 3806 3328 3882 φάγε,
3359 3807 3478 3876 πίε,
3512 3804 3810 3884 εὐφραίνου.

2161 3895 2373 3970 Ἀφρον
2405 3892 2521 3960 οὖν,
2555 3886 2656 3962 ἔφη
2711 3894 2883 3967 ταύτῃ
2915 3895 3019 3967 γὰρ
3049 3897 3118 3967 τῇ
3149 3893 3299 3950 νυκτὶ
3340 3894 3443 3963 τήν
3491 3896 3677 3971 ψιχήν
3724 3913 3814 3947 σου

2160 3981 2479 4037 ἀπαιτοῦσιν
2508 3981 2614 4037 ἀπὸ
2646 3984 2761 4036 σοῦ·
2793 3980 2828 4035 ’ὰ
2856 3983 2947 4037 οὖν
2977 3982 3305 4051 ἡτοίςιασας,
3339 3981 3451 4039 τίνι
3482 3984 3707 4058 γενηται
3736 4002 3751 4052 ;
3784 4004 3809 4032 ι»

387 4072 646 4128 fertilem
678 4074 758 4140 (ιι)
793 4088 806 4126 :
844 4095 871 4120 ››
903 4069 1118 4126 deinde
1150 4087 1285 4125 cum
1319 4070 1495 4126 vellet
1525 4070 1751 4127 fructus
1774 4088 2084 4143 reponere.
2119 4079 2179 4129 et
2207 4077 2365 4128 esset
2396 4095 2418 4124 ‹ι
2457 4072 2684 4144 majora
2716 4072 2932 4128 horrea
2961 4072 3423 4137 aedificaturus.»
3457 4074 3572 4130 sibi
3603 4073 3812 4129 dixisse

391 4179 500 4233 per
529 4161 1007 4234 prosopopceiam
1043 4177 1056 4215 :
1096 4182 1121 4210 ι
1156 4160 1347 4215 Habes
1378 4160 1535 4215 bona
1564 4161 1752 4215 multa
1774 4162 2034 4233 reposita
2063 4163 2167 4217 tibi
2201 4162 2261 4216 in
2291 4162 2510 4216 multos
2541 4178 2753 4228 annos,
2788 4161 2914 4225 ede,
2949 4160 3107 4229 bibe,
3158 4162 3361 4218 lentare
3391 4179 3404 4217 :
3439 4164 3629 4219 Stulte
3660 4177 3811 4236 ergo,

390 4252 607 4322 inquit,
646 4251 757 4305 hac
789 4256 961 4306 nocte
985 4251 1248 4305 animam
1278 4255 1440 4304 tuam
1474 4266 1509 4305 a
1535 4256 1590 4305 te
1622 4257 1939 4321 repetunt;
1967 4269 2101 4323 quae
2133 4267 2270 4324 ergo
2301 4251 2543 4323 parasti,
2576 4252 2751 4322 cujus
2781 4257 2958 4306 erunt
2986 4256 3062 4322 (ιι)
3083 4251 3112 4306 ?
3139 4271 3166 4303 ιι

456 4368 519 4431 >X<
550 4370 615 4423 P.
650 4369 753 4422 537
786 4369 896 4423 ΕΙ).
933 4368 1229 4426 POTTER.
1262 4368 1505 4421 449450
1536 4367 1647 4422 ΕΙ).
1682 4368 1908 4422 PARIS.
1990 4367 2054 4439 (αξ

456 4459 463 4502 ι
497 4441 664 4495 Prov.
699 4456 780 4496 ιιι.
812 4443 902 4494 27.
1007 4440 1076 4506 (e)
1109 4438 1256 4493 lbid.
1291 4442 1343 4494 3.
1451 4439 1522 4506 (f)
1551 4440 1717 4494 Prov.
1752 4456 1808 4503 x,
1840 4442 1893 4493 4.
1985 4441 2054 4506 (9]

2172 4367 2298 4422 ιιιιι.
2333 4385 2464 4432 xxv,
2498 4368 2585 4434 35,
2619 4368 2706 4421 36.

2172 4457 2256 4495 ον.
2290 4457 2409 4503 χιιι,
2443 4444 2495 4494 8.
2606 4438 2687 4505 (h‘

2004 4457 2061 4509 g)
2089 4457 2256 4495 γιον.
2290 4457 2409 4503 χιιι,
2443 4457 2495 4494 δ.

386 4440 463 4511 (di
497 4441 664 4495 Prov.
699 4456 780 4496 ιιι.
812 4443 902 4494 27.
1007 4440 1076 4510 (e)
1109 4438 1256 4493 lbid.
1291 4442 1343 4494 3.
1451 4439 1522 4507 (f)
1551 4440 1717 4494 Prov.
1752 4456 1808 4503 x,
1840 4442 1893 4493 4.

2804 4368 2878 4436 (b)
2905 4366 3052 4422 Ibid.
3085 4370 3174 4423 40.
3274 4369 3345 4437 (c)
3377 4370 3548 4424 Prov.
3581 4387 3699 4435 xix,
3732 4370 3812 4421 17.

2606 4438 2687 4505 (h‘
2721 4438 2924 4494 Matth.
2952 4456 3069 4502 xix,
3108 4442 3208 4507 16;
3244 4441 3419 4497 Marc.
3449 4460 3508 4509 χ,
3543 4445 3648 4509 17;
3684 4441 3812 4495 Luc.

389 4528 542 4579 xvm,
578 4513 663 4565 18.
742 4514 807 4581 (i)
838 4513 1006 4566 Prov.
1039 4527 1158 4577 xm,
1194 4513 1279 4564 11.
1357 4510 1431 4580 (j)
1462 4511 1629 4565 Prov.
1662 4528 1742 4576 χι,
1771 4512 1862 4568 23.
1940 4512 2016 4583 (Ιι)
2047 4513 2054 4565 l

2172 4511 2202 4566 l.
2236 4528 2346 4581 cxi,
2380 4515 2433 4565 9.
2509 4510 2574 4582 (ι)
2605 4510 2810 4567 Matth.
2844 4528 2921 4577 γι,
2955 4512 3041 4566 19.
3084 4511 3181 4583 (m)
3210 4515 3351 4584 Agg.
3389 4529 3428 4579 ι,
3462 4517 3516 4569 7.
3574 4518 3655 4583 (ιι)
3685 4513 3815 4568 Luc.

387 4599 485 4647 xu,
522 4586 586 4638 16
619 4585 709 4637 20.

464 4698 673 4783 (84)"0
705 4695 810 4753 διδ.
844 4700 1016 4755 Prov.
1050 4716 1166 4766 χιχ,
1211 4698 1274 4751 17
1302 4715 1315 4753 :
1371 4697 1609 4783 Δανείζει
1670 4699 1786 4772 Θεῷ
1818 4698 1845 4753 6
1878 4696 2045 4755 ἐλεῶν

2172 4702 2322 4783 .egit,
2358 4695 2598 4783 ἐπιφέρει
2628 4693 2686 4751 δε
2716 4693 2798 4752 ὅδ’
2849 4697 2937 4753 αὗ.
3004 4700 3299 4773 lnterpres
3349 4702 3715 4757 commation
3760 4696 3816 4753 id

392 4789 643 4827 πτωγον.

465 4788 835 4916 ἅξῗϊίὲνδεεῖ,
868 4835 1081 4916 ’βνδεῆ,
1124 4842 1402 4916 Proverb.
1434 4843 1559 4916 iSic
1586 4844 1861 4916 superius
1893 4838 2047 4911 ἐνδεῆ

393 4908 785 4984 mutatumjn
819 4908 1230 4984 ἐνδεεῖλρν445
1260 4913 1380 4969 edit
1432 4914 1617 4970 Paris.

467 4986 579 5058 (86)
606 4980 868 5059 ξΔνδρῷν.
901 4980 1220 5059 Ἀνὸξείων,
1254 4986 1528 5059 Proverb.

464 5055 581 5132 (87]
615 5055 912 5132 ’,Επιιῖὲρε-ι.
955 5056 1097 5123 Quis
1154 5057 1292 5132 haec
1339 5080 1365 5107 «
1402 5056 1710 5128 subjungit
1736 5055 1764 5111 ?
1793 5078 1820 5104 ι»
1883 5056 2051 5112 Certe

390 5146 515 5185 non
548 5128 828 5186 Salomon
866 5128 994 5184 loco
1026 5128 1495 5198 proverbiorum,
1532 5144 1709 5198 quem
1741 5134 1919 5183 antea
1956 5145 2048 5183 re-

396 5146 515 5185 non
549 5146 828 5186 salomon
866 5146 994 5184 IOCO
1026 5146 1495 5254 provermorum,
1532 5146 1709 5198 quem
1741 5146 1919 5183 antea
1956 5146 2048 5183 re-

396 5201 631 5273 spexit:
664 5218 805 5256 nam
838 5200 896 5256 in
926 5218 994 5256 eo
1050 5217 1152 5255 me
1182 5217 1301 5254 non
1329 5199 1726 5273 reperiuntur.
1760 5200 1930 5273 Forte
1961 5217 2052 5256 re-

396 5270 573 5351 spicit
604 5273 738 5351 Psal
784 5289 872 5351 xv.
908 5287 1181 5351 quocum
1211 5288 1262 5326 v.
1290 5274 1323 5351 l_
1350 5270 1779 5351 interrogatum
1802 5271 2049 5351 fuisset:

468 5367 495 5392 ιι
530 5345 674 5409 Quis
707 5341 1002 5399 habitabit
1052 5344 1113 5397 in
1162 5347 1367 5397 monte
1427 5341 1777 5414 Domini?»
1823 5342 2054 5414 Aliquis

396 5411 667 5488 ἐπιφέρει,
711 5415 1052 5488 respondet,
1094 5435 1119 5461 »ι
1151 5416 1328 5488 .ν.ῃ5,
1362 5411 1611 5488 eumjbi
1644 5411 2051 5488 habitaturum

396 5478 683 5560 gsségqui
714 5486 776 5541 τὸ
807 5478 1063 5560 ἀργύριτρι
1107 5480 1271 5560 αυτοῦ
1318 5478 1454 5560 οὐκ⁸
1484 5478 1682 5537 ἔδωκεν
1742 5481 1831 5538 ἐπὶ
1887 5484 2052 5557 τόκῳ.

397 5555 630 5612 Similia
662 5555 986 5614 occurrunt
1015 5556 1219 5611 Ezech.
1243 5572 1396 5618 xvm,
1430 5556 1480 5609 8.

470 5627 577 5698 (88)
603 5626 751 5698 "116‘
784 5626 868 5683 ἅν.
902 5631 1012 5684 Pro
1039 5626 1075 5696 ἢ
1110 5623 1156 5680 δ’
1188 5622 1247 5680 ἄν
1293 5644 1413 5682 non
1472 5626 1849 5682 incommode
1880 5644 2056 5698 repo-

396 5693 592 5752 sueris
650 5693 770 5753 ἰδοῦ
817 5699 975 5772 ἀνὴρ.
1036 5693 1128 5755 Fr.
1181 5698 1392 5757 Junius
1442 5698 1662 5756 minori
1723 5693 2055 5755 mutatione

2160 4771 2472 4845 praeteriit;
2503 4771 2777 4845 Si'LaUaG.

2234 4844 2346 4917 (89)
2402 4840 2650 4917 ᾼίιτρον.
2710 4842 2982 4917 Proverb.
3049 4861 3171 4917 χιιι,
3223 4846 3297 4917 83
3358 4841 3569 4917 Λυτρον
3621 4838 3814 4917 ἀνδρὸς

2160 4910 2346 5038 ψυχξξ
2407 4912 2435 4967 6
2469 4910 2607 4975 ἷ¹δίος
2667 4910 2931 4985 πλοῦτος,
2986 4915 3211 4989 πτωγὸς
3272 4910 3329 4969 δὶ
3378 4910 3487 4991 οὐχ
3537 4910 3814 4992 ὑφίσθαται

2160 5006 2283 5038 απει
2331 5006 2378 5038 ν.

2160 5006 2283 5040 απει
2296 5006 2316 5038 Ι
2331 5006 2378 5041 ν.

2233 5061 2348 5127 (90)
2390 5058 2629 5131 Ψυχροῦ
2654 5057 2780 5131 ῌοο
2813 5058 2875 5112 in
2920 5056 3070 5112 Flor.
3100 5057 3243 5114 edit.
3290 5059 3581 5114 omissum
3614 5061 3815 5131 postu-

2161 5130 2247 5185 lat
2276 5128 2615 5185 antithesis.
2647 5129 2922 5185 SYLBUBG.

2235 5203 2350 5275 (91.)
2409 5200 2657 5275 Κτῇσις.
2692 5243 2717 5275 Σ
2762 5243 2775 5257 .
2834 5195 3319 5275 ἐπισπευδομὲνῃη
3380 5200 3645 5275 Ὕπαρξις
3700 5196 3816 5275 ἐπι-

2235 5218 2350 5265 (91)
2410 5218 2614 5267 ιπησις
2645 5242 2657 5254 .
2702 5243 2714 5255 .
2762 5243 2775 5257 .
2834 5218 3272 5275 επισπευοομενῃ
3309 5243 3319 5255 .
3381 5218 3522 5254 ἰ’πα
3564 5218 3645 5269 ξις
3700 5218 3816 5252 επι-

2164 5268 2580 5343 σπουδαζομὲνη
2618 5314 2631 5327 .
2691 5271 2976 5344 PrOverb.
3037 5277 3229 5339 κτῆσις
3287 5218 3817 5344 ὲπισπουδαζομένη,

2163 5346 2439 5401 Clemens
2470 5344 2693 5413 Paedag.
2730 5343 2831 5398 lib.
2867 5362 2949 5411 ιιι,
2983 5361 3111 5413 cap.
3146 5344 3254 5399 ult.

2235 5421 2345 5487 (921
2387 5410 2741 5488 Εἰσίηείσζν
2796 5414 2849 5469 οἳ
2881 5410 3143 5488 λτάῌῗδια
3185 5412 3539 5488 σπείροντες,
3601 5410 3819 5468 πλείονα

2163 5483 2415 5563 ποιοῦσιν
2454 5507 2467 5519 ·
2529 5484 2631 5542 εἶσὶ
2692 5483 2750 5541 δὲ
2806 5486 2896 5541 καὶ
2956 5485 3009 5540 οἳ
3068 5483 3387 5563 συνάγοντες
3446 5483 3818 5550 ἐλαττοῦνται,

2165 5560 2443 5617 Proverb.

2241 5633 2349 5705 193)
2381 5630 2603 5705 Χώραν.
2637 5630 2807 5686 Luca:
2862 5647 3128 5699 sensum,
3160 5629 3355 5687 verbis
3400 5628 3649 5705 paulum
3693 5641 3822 5683 mu-

2168 5703 2308 5760 tatis
2333 5702 2583 5760 exhibet
2606 5707 2831 5758 auctor-
