4144 6406
330 380 461 435 1161

1665 379 2113 438 ΒΤΒΟΜΔἸὋΜ
2152 378 2287 433 LIB.
2329 380 2431 432 III.

3615 389 3758 444 1162

1841 559 2074 616 CAPUT
2112 559 2229 612 VII.

726 679 845 744 Qua
874 680 934 732 in
962 695 1021 732 re
1053 678 1496 734 Christianorum
1526 678 1866 733 continentia
1895 693 2013 732 eam
2062 691 2229 745 quam
2258 675 2363 730 sibi
2386 675 2674 730 vindicant
2703 678 3021 749 philosophi
3049 679 3364 736 antecellat.

396 829 459 883 'U
494 829 587 902 μὶν
640 826 738 882 οὖν
791 829 1108 900 ἀνθρωπίνη
1162 827 1464 905 ἐγκράτεια,
1497 830 1532 898 ἠ
1564 829 1701 882 κατᾶ
1736 827 1866 892 τοὺς
1895 848 1982 904 φι-

2174 829 2445 883 Humana
2477 846 2616 901 ergo
2650 831 3041 898 continentia,
3076 849 3164 896 ea,
3208 833 3473 904 inquam,
3509 852 3639 907 quae
3673 844 3763 894 est

326 917 624 996 λοσόφους,
678 916 823 992 λέγω
871 917 1001 979 τοὺς
1049 916 1361 988 Ἑλλήνων,
1410 919 1473 972 τὸ
1524 915 1888 993 διαμάχεσθαι
1917 918 1986 989 τῇ

327 1007 608 1079 ἐπιθυμίᾳ,
658 1007 749 1061 καὶ
809 1010 883 1079 μή
965 1005 1311 1082 ἐξυπηρετεῖν
1368 1007 1505 1079 αὐτῇ
1570 1006 1645 1068 εἷς
1713 1007 1780 1061 τὰ
1835 1004 1985 1081 ἔργα,

330 1094 728 1171 ἐπαγγέλλεται
784 1098 818 1165 ἡ
849 1098 970 1158 καθ’
1002 1098 1150 1168 ἡμᾶς
1200 1093 1276 1162 δὲ,
1310 1096 1371 1149 τὸ
1426 1096 1500 1167 μὴ
1537 1094 1843 1167 ἐπιθυμεῖν,
1879 1094 1990 1169 οὐχ

325 1183 420 1240 ’ίνα
447 1206 532 1246 τις
561 1185 842 1259 ἐπιθυμῶν
875 1188 1134 1258 καρτερῇ,
1187 1183 1315 1240 ἀλλ’
1365 1185 1514 1246 ὅπως
1553 1185 1642 1239 καὶ
1671 1189 1772 1238 τοῦ
1803 1183 1988 1246 ἐπιθυ-

337 1279 456 1346 μεῖν
489 1273 903 1349 ἐγκρατεύηται.
966 1267 1160 1330 Λαϐεῖν
1222 1271 1279 1327 δὲ
1337 1270 1527 1336 ἄλλως
1584 1273 1683 1327 οὐκ
1738 1271 1986 1339 ἐστιτήν

331 1361 644 1439 ἐγκράτειαν
672 1364 874 1433 ταύτην
903 1364 939 1434 ἢ
973 1363 1161 1437 χάριτι
1183 1366 1282 1417 τοῦ
1308 1367 1468 1421 Θεοῦ.
1504 1362 1600 1416 Διᾶ
1629 1365 1790 1416 τοῦτο
1823 1362 1988 1416 εἶπενο

329 1476 356 1504 ‹‹
396 1451 634 1518 Αἰτεῖτε,
684 1453 776 1506 καὶ
835 1449 1126 1522 δοθήσεται
1186 1451 1336 1524 ὑμῖν.
1376 1477 1402 1502 ››
1458 1453 1666 1521 Ταύτην
1700 1446 1863 1505 ἔλαϐε
1890 1451 1990 1518 τὴν

331 1541 493 1617 χάριν
545 1542 692 1596 καὶὸ
726 1544 993 1612 Μωΰσῆς,
1045 1542 1110 1596 τὸ
1168 1539 1344 1602 ἐνδεὲς
1401 1545 1560 1614 σῶμα
1589 1539 1992 1616 περικείμενος,

327 1629 420 1684 ἵνα
449 1631 850 1702 τεσσαράκοντα
897 1631 1109 1706 ἡμέρας
1155 1632 1295 1702 μήτε
1341 1631 1592 1704 πεινάσῃ,
1647 1631 1788 1702 μήτε
1829 1626 1997 1701 διψή-

338 1740 430 1795 σῃ.
457 1721 547 1784 Ὠς
595 1718 651 1775 δὲ
706 1720 966 1796 ὑγιαίνειν
1017 1721 1240 1793 ἄμεινον
1283 1723 1380 1774 τοῦ
1429 1723 1690 1773 νοσοῦντα
1719 1719 1843 1794 περὶ
1877 1718 1994 1793 ὑγι-

337 1811 448 1873 είας
481 1808 846 1886 διαλέγεσθαι,
897 1811 1042 1866 οὕτω
1083 1812 1146 1865 τὸ
1198 1811 1333 1865 εἶναι
1384 1815 1501 1887 φῶς
1531 1814 1630 1865 τοῦ
1661 1809 1785 1884 περῖ
1818 1805 2000 1886 φωτὸς

337 1899 554 1964 λαλεῖν,
582 1901 673 1954 καὶ
699 1902 735 1970 ἡ
766 1902 904 1955 κατᾶ
935 1898 1196 1971 ἀλήθειαν
1247 1899 1534 1975 ἐγκράτεια
1581 1905 1681 1968 τῆς
1741 1899 1843 1952 ὑπὸ
1889 1901 1996 1952 τῶν

339 1988 657 2068 φιλοσόφων
692 1986 1114 2062 διδασκομένης.
1151 1990 1231 2047 Οὐ
1261 1989 1366 2065 γὰρ
1399 1989 1537 2043 ὅπου
1569 1993 1704 2066 φῶς,
1738 1988 1850 2042 ἐκεῖ
1881 1987 2002 2043 σκό.

332 2096 446 2140 τος’
485 2077 611 2133 ἔνθα
647 2077 701 2134 ἵε
733 2077 872 2133 ἐστιν
907 2078 1169 2150 ἐπιθυμία
1217 2078 1642 2154 ἐγκαθεζομένη,
1697 2077 1837 2150 μόνη
1871 2098 1998 2151 τυγ-

2103 933 2170 971 ex
2205 917 2502 972 sententia
2532 919 3028 990 philosOphorum
3063 922 3418 980 Graecorum.
3444 925 3760 995 profitetur

2101 1022 2362 1077 pugnare
2391 1023 2524 1061 cum
2558 1007 2904 1078 cupiditate,
2939 1014 2996 1062 et
3025 1009 3084 1063 in
3119 1010 3288 1066 factis
3320 1012 3370 1066 ei
3413 1029 3534 1066 non
3566 1013 3760 1068 inser-

2099 1095 2219 1148 vire
2245 1113 2258 1160 ;
2294 1112 2424 1166 quae
2461 1103 2549 1151 est
2573 1103 2770 1152 autem
2804 1114 2874 1152 ex
2897 1104 3100 1153 nostra
3123 1101 3418 1156 sententia
3445 1104 3760 1158 continen-

2102 1184 2203 1249 tia,
2238 1202 2357 1239 non
2390 1187 2852 1258 concupiscere;
2886 1205 3006 1242 non
3043 1194 3108 1242 ut
3147 1190 3281 1260 quis
3329 1192 3759 1262 concupiscens

2105 1291 2166 1328 se
2198 1274 2429 1329 fortiter
2458 1281 2642 1348 gerat,
2677 1276 2780 1330 sed
2809 1282 2873 1330 ut
2896 1277 3073 1332 etiam
3106 1295 3140 1333 a
3189 1281 3665 1351 concupiscendo
3697 1298 3760 1336 se

2105 1365 2425 1418 contineat.
2461 1367 2581 1420 Non
2618 1371 2813 1436 potest
2838 1372 3034 1422 autem
3085 1385 3154 1423 ea
3201 1369 3374 1424 aliter
3426 1371 3762 1442 comparari

2106 1454 2496 1519 continentia,
2529 1455 2644 1509 nisi
2671 1457 2858 1528 gratia
2889 1457 3014 1511 Dei.
3041 1459 3110 1511 Et
3130 1458 3263 1513 ideo
3287 1459 3436 1513 dixit
3460 1477 3472 1513 :
3504 1480 3526 1507 ι
3550 1460 3762 1531 Petite,

2107 1547 2166 1596 et
2195 1542 2434 1598 dabitur
2452 1542 2618 1598 vobis
2640 1544 2734 1612 (a).
2761 1563 2788 1596 ιι
2817 1546 2977 1600 Hanc
2999 1548 3250 1618 gratiam
3276 1549 3503 1621 Moyses
3527 1566 3765 1620 quoque

2109 1633 2355 1703 accepit,
2391 1633 2490 1703 qui
2523 1633 2770 1706 indigno
2797 1651 3044 1706 corpore
3067 1643 3196 1692 erat
3223 1637 3490 1706 indutus,
3519 1644 3588 1693 ut
3617 1655 3766 1710 qua-

2109 1719 2380 1792 draginta
2394 1721 2601 1776 diebus
2621 1739 2814 1793 neque
2828 1725 3306 1797 esuriret,neque
3322 1727 3530 1782 sitiret.
3549 1730 3765 1793 Quem-

2109 1811 2430 1866 admodum
2473 1816 2668 1866 autem
2719 1813 2937 1868 melius
2985 1820 3076 1868 est
3123 1831 3335 1870 sanum
3386 1833 3538 1885 esse,
3585 1833 3765 1888 quam

2111 1907 2495 1973 aegrotantem
2524 1902 2816 1957 disserere
2848 1903 2920 1956 de
2947 1904 3200 1959 sanitate
3227 1921 3240 1958 :
3274 1905 3356 1960 ita
3386 1905 3582 1961 lucem
3611 1923 3765 1974 esse,

2112 2007 2289 2061 quam
2319 1990 2482 2061 loqui
2515 1991 2584 2045 de
2618 1991 2788 2057 luce;
2823 1996 2882 2045 et
2913 2008 3044 2063 quae
3077 1998 3167 2048 est
3197 2010 3266 2048 ex
3295 1995 3540 2050 veritate
3576 1995 3766 2050 conti-

2114 2081 2340 2144 nentia,
2374 2097 2442 2134 ea
2473 2097 2603 2150 quas
2656 2080 2902 2136 docetur
2930 2099 2964 2136 ει
3002 2082 3396 2154 phiIOSOphis.
3448 2086 3571 2138 Non
3607 2084 3767 2138 enim

349 2169 613 2242 χάνουσα,
643 2168 739 2222 κᾶν
765 2171 836 2242 τῇ
885 2167 1127 2244 ἐνεργείᾳ
1175 2169 1428 2243 ἡσυχάζῃ
1463 2171 1530 2242 τῇ
1563 2165 1652 2221 διὰ.
1680 2170 1776 2221 τοῦ
1809 2167 1999 2239 σώμα-

2113 2169 2212 2223 ubi
2247 2175 2337 2222 est
2367 2169 2489 2236 lux,
2523 2169 2647 2224 illic
2689 2169 2948 2225 tenebrae
2974 2188 2987 2238 ;
3016 2171 3116 2225 ubi
3149 2179 3348 2227 autem
3395 2173 3520 2227 sola
3553 2173 3772 2227 insidet

345 2278 462 2322 τος,
491 2261 561 2332 τῇ
597 2260 789 2332 μνήμῃ
819 2263 1155 2326 συνουσιάζει
1188 2259 1324 2332 πρὸς
1369 2259 1432 2313 τὸ
1484 2259 1560 2330 μή
1602 2255 1796 2332 παρόν.
1827 2256 2002 2319 Καθό-

348 2343 450 2400 λου
484 2344 541 2402 δὲ
588 2349 726 2420 ἡμῖν
779 2348 1020 2422 προείτω
1081 2350 1192 2420 (94)
1253 2349 1280 2402 ὁ
1335 2345 1500 2423 λόγος
1556 2345 1679 2421 περῖ
1710 2366 1769 2401 τε
1796 2346 2002 2420 γάμου,

343 2435 468 2510 περί
517 2457 576 2490 τε
621 2441 851 2512 τροφῆς,
901 2435 993 2490 καὶ
1035 2440 1145 2491 τῶν
1194 2435 1407 2503 ἄλλων,
1461 2431 1634 2508 μηδὲν
1665 2436 1784 2488 κατ’
1814 2434 2004 2498 ἐπιθυ-

346 2525 475 2597 μίαν
505 2531 703 2590 ποιεῖν,
739 2524 918 2588 θέλειν
981 2522 1036 2578 δὲ
1093 2524 1232 2596 μόνα
1284 2522 1462 2578 ἐκεῖνα
1503 2523 1570 2577 τὰ
1601 2525 1889 2596 ἀναγκαῖα.
1923 2523 1998 2576 Οὐ

339 2612 442 2688 γὰρ
475 2611 632 2686 ἐσμεν
695 2613 987 2682 ἐπιθυμίας
1045 2614 1163 2685 (95)
1221 2613 1400 2675 τέκνα,
1459 2611 1606 2666 ἀλλᾶ
1664 2611 1998 2683 θελήματοςο

334 2702 425 2757 καὶ
480 2703 574 2757 τὸν
636 2701 724 2756 ἐπὶ
782 2698 1108 2772 παιδοποιίᾳ
1163 2702 1422 2774 γήμαντα
1470 2699 1780 2775 ἐγκράτειαν
1816 2700 2000 2754 ἀσκεῖν

339 2792 478 2867 χρὴ,
512 2791 586 2853 ὡς
623 2788 764 2864 μηδὶ
797 2788 1077 2863 ἐπιθυμεῖν
1108 2796 1210 2859 τῆς
1239 2790 1492 2865 γυναικὸς
1533 2795 1633 2857 τῆς
1684 2789 1900 2858 ἑαυτοῦ,
1932 2787 1999 2857 ἤν

337 2881 544 2957 ἀγαπᾶν
582 2878 812 2958 ὀφείλει,
848 2883 1030 2954 σεμνῷ
1077 2879 1167 2933 καὶ
1217 2883 1456 2956 σώφρονι
1496 2876 1997 2950 παιδοποιούμενος

337 2969 633 3042 θελήματι.
667 2968 745 3026 Οὐ
799 2969 903 3044 γὰρ
951 2992 980 3020 ‹‹
1012 2975 1114 3037 τῆς
1171 2967 1369 3042 σαρκὸς
1418 2969 1679 3042 πρόνοιαν
1722 2969 1999 3022 ποιεῖσθαι

335 3060 411 3124 εἷς
448 3059 743 3133 ἐπιθυμίας
772 3083 800 3110 ››
827 3057 1123 3132 ἐμάθομεν’
1160 3083 1186 3110 ‹‹
1213 3057 1581 3134 εὐσχημόνως
1605 3056 1662 3113 δὲ
1685 3059 1758 3119 ὡς
1781 3057 1832 3113 ἐν
1857 3059 2000 3131 ἡμὲ-

336 3169 403 3223 ρᾳ
435 3174 462 3201 ››
511 3154 592 3220 τῷ
644 3151 884 3224 Χριστῷ,
935 3147 1026 3202 καὶ
1072 3151 1140 3220 τῇ
1187 3151 1435 3222 Κυριακῇ
1475 3152 1542 3222 τῇ
1577 3152 1814 3225 φωτεινῇ
1846 3147 1997 3222 ἀγω-

336 3242 431 3314 γῇ,
457 3262 484 3290 ‹‹
518 3237 967 3312 περιπατοῦντες,
1003 3237 1079 3309 μή
1112 3237 1325 3309 κώμοις
1375 3236 1466 3291 καὶ
1521 3236 1732 3309 μέθαις,
1768 3237 1846 3309 μὴ
1876 3235 1997 3290 κοί-

335 3347 455 3388 ταις
505 3326 595 3381 καὶ
644 3323 972 3400 ἀσελγείαις,
1031 3325 1107 3399 μή
1158 3323 1296 3400 ἔρισι
1341 3325 1430 3379 καὶ
1479 3324 1690 3395 ζήλοις.
1739 3347 1768 3376 ››
1824 3321 2000 3380 Ἀλλά

338 3415 444 3492 γὰρ
476 3413 539 3470 οὐ
574 3414 738 3489 μόνον
785 3415 909 3490 περί
956 3435 1009 3469 τι
1057 3414 1112 3469 ’ἐν
1162 3412 1304 3476 εἶδος
1347 3415 1447 3483 τήν
1496 3413 1806 3490 ἐγκράτειαν
1840 3435 2000 3469 συνο-

340 3509 436 3580 ρᾷν
465 3506 754 3575 προσήκει,
807 3502 1054 3559 τουτέστι
1101 3504 1169 3558 τὰ
1225 3500 1538 3580 ἀφροδίσια,
1598 3501 1742 3558 ἀλλὰ
1771 3504 1871 3579 γὰρ
1905 3503 1993 3558 καὶ

247 3619 254 3624 ν
337 3593 460 3671 περῖ
490 3594 558 3649 τά
587 3591 752 3662 ἄλλα,
787 3593 886 3648 ὃσα
913 3590 1246 3648 σπαταλῶσα
1273 3593 1530 3666 ἐπιθυμεῖ
1559 3595 1594 3662 ἡ
1628 3593 1783 3668 ψυχή
1811 3595 1992 3665 ἡμῶν,

340 3683 439 3738 οὐκ
493 3681 804 3756 ἀρκουμένη
854 3687 972 3744 τοῖς
1031 3682 1376 3758 ἀναγκαίοις,
1429 3683 1902 3758 περιεργαζομὲνη
1939 3679 1996 3737 δὲ

335 3775 436 3844 τὴν
469 3771 699 3850 χλιδήν.
732 3774 1051 3850 Έγκράτειά
1107 3772 1248 3828 ἐστιν
1308 3773 1570 3849 ἀργυρίου
1615 3777 1993 3852 καταφρονεῖν·

337 3871 572 3944 τρυφῆς,
629 3864 902 3932 κτίσεως,
965 3865 1087 3928 θέας
1142 3864 1744 3940 καταμεγαλοφρονεῖψ
1791 3863 2000 3937 στόμα-

341 3975 437 4016 τος
466 3958 706 4029 κρατεῖν,
741 3952 1007 4028 κυριε·3ειν
1067 3952 1322 4030 λογισμῷ
1371 3957 1480 4008 τῶν
1538 3957 1816 4030 πονηρῶν.
1849 3950 1992 4024 Ἤδη

346 4041 404 4099 δὶ
450 4043 540 4098 καὶ
591 4039 812 4116 ἄγγελοί
865 4043 976 4114 (96)
1023 4062 1188 4110 τινες,
1238 4041 1488 4116 ἀκρατεῖς
1532 4041 1842 4118 γενόμενοι,
1881 4041 1996 4096 ἐπι-

345 4132 514 4205 θυμίᾳ
571 4130 818 4194 ἆλόντες,
903 4129 1191 4202 οὐρανόθεν
1277 4128 1435 4203 δεῦρο
1488 4134 1996 4186 καταπεπτωκασιν.

349 4219 720 4282 οὖπλεντῖνος
751 4217 809 4274 δὲ
839 4217 892 4274 ιν
921 4222 990 4293 τῇ
1021 4219 1158 4294 πρὸς
1190 4216 1539 4294 Ἀγαθόποδα
1567 4223 1680 4293 (97)
1712 4217 1997 4290 ἐπιστολῇ,

355 4337 375 4363 ι
412 4310 614 4377 Πάντα,
675 4309 862 4386 φησὶν,
923 4308 1242 4382 ὑπομείνας,
1301 4307 1566 4384 ἐγκρατὴς
1622 4307 1712 4382 ᾖν,
1773 4309 2002 4378 θεότητα

347 4399 559 4468 Ἰησοῦς
590 4395 886 4472 εἰργάζετο·
921 4397 1076 4466 ἤσθιε
1133 4395 1224 4451 καὶ
1279 4394 1456 4450 ἔπινεν
1521 4393 1691 4464 ἰδίως,
1734 4397 1834 4452 οὐκ
1864 4396 2004 4452 ἀπο-

349 4484 533 4549 διδοὺς
581 4485 648 4542 τά
709 4487 996 4562 βρώματα.
1057 4486 1308 4556 Τοσαύτη
1366 4487 1434 4555 ἧν
1494 4484 1642 4559 αὐτῷ
1694 4485 2006 4561 ἐγκρατείας

350 4573 604 4650 δύναμις,
637 4573 775 4630 ὣστε
822 4574 912 4629 καὶ
965 4575 1041 4648 μὴ
1101 4582 1368 4653 φθαρῆναι
1425 4575 1528 4645 τήν
1583 4577 1794 4654 τροφὴν
1825 4575 1876 4632 ἐν
1909 4575 2003 4632 αὖ·

2111 2258 2428 2330 cupiditas,
2463 2259 2694 2313 etiamsi
2728 2260 2997 2330 quiescat
3027 2277 3061 2315 a
3089 2277 3376 2332 corporea
3398 2263 3769 2333 operatione,

2107 2354 2170 2402 at
2202 2348 2490 2402 memoria
2522 2365 2655 2403 cum
2688 2365 2777 2414 eo,
2814 2349 2972 2419 quod
3005 2366 3126 2404 non
3175 2355 3264 2405 est
3309 2367 3596 2421 prsesens,
3629 2369 3773 2406 con-

2107 2436 2392 2508 greditur.
2431 2437 2770 2492 Generatim
2799 2437 2861 2500 ἦ(
2892 2444 3087 2492 autem
3123 2439 3293 2493 nobis
3325 2440 3607 2510 procedat
3638 2458 3773 2496 ora-

2107 2525 2186 2578 tio
2219 2525 2291 2578 de
2341 2526 2744 2593 matrimonio,
2780 2527 3170 2593 nutrimento,
3207 2533 3264 2581 et
3294 2527 3448 2594 aliis,
3502 2534 3568 2582 ut
3616 2528 3772 2583 nihil

2103 2612 2394 2667 faciamus
2417 2630 2485 2666 ex
2507 2613 2851 2684 cupiditate,
2877 2615 3125 2668 velimus
3152 2622 3350 2671 autem
3378 2633 3445 2671 ea
3468 2617 3613 2682 sola,
3637 2635 3769 2689 quas

2105 2706 2243 2754 sunt
2274 2701 2609 2755 necessaria
2665 2703 2790 2755 Non
2823 2719 3030 2756 sumus
3057 2704 3215 2757 enim
3269 2704 3372 2759 filii
3402 2706 3766 2776 cupiditatis,

2105 2789 2207 2844 sed
2241 2789 2598 2855 voluntatis;
2638 2796 2694 2843 et
2727 2807 2884 2856 eum,
2919 2791 3019 2862 qui
3050 2809 3292 2848 uxorem
3330 2794 3498 2849 duxit
3527 2802 3768 2868 propter

2103 2879 2426 2934 liberorum
2457 2880 2954 2950 procreationem,
3002 2899 3277 2938 exercere
3311 2891 3545 2956 Oportet
3575 2887 3764 2940 conti-

2103 2969 2390 3035 nentiam,
2422 2974 2488 3022 ut
2514 2986 2586 3023 ne
2616 2987 2783 3024 suam
2816 2969 3059 3041 quidem
3085 2974 3468 3044 concupiscat
3492 2991 3764 3038 uxorem,

2103 3075 2282 3129 quam
2301 3058 2477 3112 debet
2502 3058 2767 3130 diligere,
2789 3060 3041 3115 honesta
3059 3067 3118 3116 et
3133 3063 3437 3118 moderata
3454 3063 3762 3119 voluntate

2103 3164 2344 3218 operam
2373 3146 2520 3202 dans
2554 3147 2778 3202 liberis.
2808 3151 2933 3204 Non
2960 3151 3119 3205 enim
3151 3173 3178 3200 «
3211 3152 3411 3207 carnis
3437 3168 3641 3207 curam
3665 3168 3765 3225 ge-

2102 3252 2233 3290 rere
2255 3235 2327 3290 ad
2355 3235 2869 3306 concupiscentias
2893 3260 2920 3288 »
2949 3237 3306 3306 didicimus;
3334 3262 3359 3290 ‹‹
3386 3240 3636 3295 honeste
3659 3258 3766 3296 au-

2103 3330 2220 3379 tem
2254 3331 2538 3396 tanquam
2566 3325 2626 3379 in
2661 3325 2778 3393 die,
2808 3349 2835 3375 ››
2868 3327 3125 3396 Christo,
3161 3334 3218 3383 et
3243 3330 3548 3384 Dominica
3568 3329 3769 3386 lucida

2100 3416 2231 3469 vitae
2266 3413 2666 3484 institutione,
2706 3437 2732 3467 οι
2769 3416 3169 3487 ambulantes,
3205 3436 3325 3472 non
3357 3419 3419 3472 in
3466 3436 3768 3475 comessa-

2109 3503 2369 3558 tionibus
2400 3510 2460 3558 et
2486 3504 2892 3572 ebrietatibus,
2931 3524 3051 3561 non
3095 3507 3157 3561 in
3209 3506 3506 3563 cubilibus
3548 3514 3605 3563 et
3652 3509 3766 3563 im-

2108 3593 2432 3665 pudicitiis,
2453 3611 2572 3648 non
2592 3593 2652 3648 in
2671 3593 2879 3650 litibus
2902 3601 2960 3650 et
2982 3596 3466 3652 contentionibus
3491 3598 3584 3664 (b).
3614 3621 3639 3647 ››
3663 3599 3764 3652 Ve-

2107 3701 2239 3738 rum
2268 3683 2426 3738 enim
2448 3700 2582 3738 vero
2617 3702 2736 3738 non
2773 3691 3007 3757 oportet
3036 3687 3414 3742 considerare
3447 3687 3759 3742 continen-

2107 3774 2248 3828 tiam
2264 3773 2322 3827 in
2338 3790 2456 3828 uno
2472 3774 2664 3828 solum
2685 3791 2922 3846 genere,
2948 3792 3162 3846 nempe
3187 3776 3246 3830 in
3271 3775 3449 3831 rebus
3469 3777 3758 3846 venereis,

2109 3864 2210 3919 sed
2225 3864 2401 3918 etiam
2420 3864 2480 3917 in
2495 3863 2952 3935 quibuscunque
2970 3865 3123 3931 aliis,
3145 3882 3275 3935 quae
3295 3865 3598 3921 luxuriosa
3614 3883 3759 3922 con-

2108 3951 2361 4024 cupiscit
2391 3953 2609 4016 anima,
2646 3969 2766 4006 non
2796 3958 3078 4007 contenta
3109 3955 3484 4020 necessariis,
3514 3955 3615 4008 sed
3649 3954 3763 4009 sol-

2107 4042 2271 4096 licita
2303 4041 2374 4095 de
2405 4040 2656 4094 deliciis.
2691 4041 3072 4096 Continentia
3104 4047 3191 4096 est
3223 4042 3540 4112 pecuniam
3563 4042 3765 4113 despi-

2110 4147 2242 4184 cere
2269 4147 2282 4194 ;
2306 4129 2689 4200 voluptatem,
2716 4130 3180 4200 possessionem,
3211 4131 3614 4201 spectaculum
3640 4148 3764 4186 ma-

2109 4236 2222 4292 gno
2256 4225 2314 4273 et
2344 4218 2576 4273 excelso
2610 4217 2810 4272 animo
2851 4223 3236 4272 contemnere
3265 4237 3278 4285 ;
3325 4236 3390 4274 os
3438 4220 3767 4287 continere,

2111 4309 2341 4364 ratione
2368 4325 2499 4378 quas
2530 4313 2670 4362 sunt
2711 4307 2868 4362 mala
2905 4307 3160 4363 vincere.
3212 4309 3335 4364 iam
3389 4325 3522 4364 vero
3574 4308 3770 4382 angeli

2113 4414 2350 4469 quoque
2379 4396 2650 4468 quidam,
2681 4413 2815 4451 cum
2845 4395 3101 4452 fuissent
3132 4397 3600 4469 incontinentes,
3633 4398 3770 4452 victi

2115 4487 2459 4560 cupiditate,
2492 4487 2607 4541 huc
2639 4503 2669 4541 e
2701 4486 2848 4542 caelo
2879 4485 3251 4542 deciderunt.
3287 4486 3637 4542 Valentinus
3669 4503 3773 4542 au-

2114 4583 2233 4634 tem
2266 4577 2327 4632 in
2359 4575 2621 4648 Epistola
2656 4575 2731 4631 ad
2761 4575 3208 4648 Agathopodem
3237 4592 3248 4629 :
3282 4598 3310 4625 ‹‹
3355 4577 3500 4632 Cum
3548 4577 3772 4644 omnia,

419 4807 482 4873 ιι(
513 4805 577 4860 Ρ.
607 4804 714 4859 538
734 4803 847 4860 ΕΙ).
882 4803 1176 4873 POTTER,
1198 4805 1426 4859 450-451
1479 4802 1594 4858 ED.
1625 4802 1854 4859 PARIS.
1914 4799 1990 4875 (a)

2112 4800 2226 4856 .tth.
2259 4816 2356 4868 vn,
2384 4803 2437 4855 7.
2470 4798 2549 4870 (ὁ)
2578 4799 2746 4853 Rom.
2779 4813 2906 4866 xm,
2944 4797 3029 4862 12,
3066 4795 3151 4863 13,
3185 4793 3272 4852 14.

584 5023 855 5107 Προείτωι.
905 5027 972 5080 In
1005 5024 1248 5107 atpoaizcw
1292 5023 1536 5107 vestigia
1577 5029 1716 5079 sunt
1746 5021 1999 5095 duplicis

2118 5037 2282 5107 anno.
2307 5048 2375 5057 —
2398 5015 2568 5107 Conft.‘
2599 5031 2730 5086 quas
2757 5013 3173 5070 adnotavimus
3206 5013 3279 5070 ad
3321 5013 3503 5069 ﬁnem
3531 5011 3779 5080 Pwdag.,

351 5093 683 5171 scripturam,
715 5096 932 5171 προέτω
963 5104 1024 5171 et
1048 5093 1299 5171 ¹ιττροΐτωἈ
1321 5093 1594 5171 δγιιξυιιῦ.

425 5170 538 5243 (95)
570 5169 658 5243 υιξ
680 5168 972 5243 γᾶρῄἐσμεν
1008 5168 1391 5243 im'ﬁespicit
1436 5169 1588 5223 forte
1627 5169 1792 5243 Joan,
1827 5183 1865 5232 ι,
1903 5169 2006 5243 t3“:

353 5233 586 5312 Οῗίοῦκ
639 5233 704 5312 ἐξ
749 5233 1020 5312 αἳμᾶτων,
1076 5238 1209 5312 οὐδε
1249 5233 1568 5312 θελήματος
1631 5237 1854 5310 σαρκὸς,
1887 5233 2014 5291 οὐδὶ

353 5308 413 5364 ἐκ
440 5308 758 5386 θελήματος
786 5308 1015 5386 ἀνδρὸς,-
1037 5312 1162 5368 ἀλλ’
1196 5311 1255 5366 ἐκ
1285 5308 1421 5366 Θεοῦ
1447 5308 1830 5384 ἐγεννήθησαν.

427 5385 542 5452 (96)
566 5380 858 5469 Ἄγγελοι.
891 5380 1106 5469 Ὀρὶηἱο
1154 5380 1580 5469 istanveterum
1615 5380 2014 5469 quorumdam

357 5453 429 5528 de
462 5451 710 5528 angelis,
743 5451 960 5515 hausta
1003 5465 1092 5513 est
1140 5476 1210 5514 ex
1257 5456 1358 5511 illo
1409 5451 1710 5528 Cenes—vr
1738 5451 2016 5528 :_'186vte<

361 5523 418 5579 δέ
447 5528 500 5581 οἱ
531 5523 641 5582 υἱοὶ
670 5533 766 5583 τοῦ
814 5534 948 5584 Θεοῦ
994 5529 1090 5590 τὰς
1141 5527 1435 5655 θυγατέρας
1465 5532 1573 5581 τῶν
1606 5525 1927 5598 ἀνθρώπων,
1960 5529 2021 5579 et

361 5616 492 5655 uua:
514 5608 879 5655 seauuntur:
907 5602 1008 5655 sed
1032 5602 1268 5655 decemt
1289 5601 1330 5655 il
1360 5619 1426 5655 os
1453 5600 1836 5655 Hebraismus
1863 5616 1875 5652 :
1901 5613 2021 5655 qua

401 5616 492 5654 ua:
514 5608 879 5672 sequuntur:
907 5602 1008 5658 sed
1032 5600 1268 5673 decepit
1289 5600 1426 5656 illos
1453 5600 1836 5655 Hebraismus
1863 5616 1875 5652 :
1901 5613 2021 5667 qua

357 5617 432 5725 de
465 5689 528 5725 re
561 5679 621 5725 et
647 5676 982 5725 Munsterus
1032 5675 1093 5725 in
1142 5690 1279 5725 eum
1324 5673 1542 5725 locum.
1579 5678 1637 5725 et
1676 5669 2020 5725 Notationes

403 5687 432 5726 e
465 5689 528 5727 re
561 5679 621 5728 et
647 5676 982 5731 Munsterus
1032 5675 1093 5728 in
1142 5690 1279 5729 eum
1324 5673 1542 5742 locum,
1579 5678 1637 5727 et
1676 5673 2020 5742 Notationes

361 5750 581 5801 nostra
613 5745 677 5802 in
706 5746 985 5802 homilias
1043 5746 1098 5802 S.
1132 5747 1376 5801 Patrum
1421 5741 1557 5818 pag.
1601 5745 1728 5800 560.
1781 5742 1848 5797 Η.
1883 5741 2024 5796 8η-

680 5868 767 5930 PA
781 5884 951 5931 rnon.
1000 5869 1113 5930 Gn.
1159 5867 1322 5932 VIII.

2121 5093 2224 5148 lib.
2263 5108 2340 5152 ιιι,
2374 5104 2502 5152 cap.
2537 5090 2589 5142 2.

2190 5104 2718 5235 )(b‘lliinggéofrﬁa;
2768 5158 2852 5213 Cl.
2917 5158 3164 5235 Grabius
3216 5155 3512 5235 Sp_icileg._
3542 5169 3778 5235 seem-ti,

2124 5225 2304 5307 p.33,
2335 5225 2604 5307 ad'hunc
2638 5230 2988 5307 _Clementi_s_
3032 5225 3780 5307 locum‘hzgc‘adnotavit:

2129 5296 2155 5357 ἶ(
2186 5296 2546 5378 Agathopus,
2572 5301 2657 5378 ad
2713 5319 2890 5378 quem
2950 5301 3294 5378 Valentinus
3344 5298 3573 5378 litteras
3600 5296 3784 5362 dedit,

2127 5370 2285 5434 idem
2317 5370 2467 5430 forte
2501 5375 2613 5429 fuit
2644 5370 2777 5429 cum
2823 5373 2923 5426 illo
2977 5372 3078 5442 qui
3127 5373 3180 5425 S.
3215 5370 3506 5441 lgnatium
3537 5372 3785 5442 Romam

2128 5450 2201 5506 ad
2250 5447 2601 5518 martyrium
2661 5440 3010 5501 adductum'
3044 5440 3380 5518 comitatus
3421 5446 3530 5518 est.
3562 5463 3590 5490 ››
3622 5440 3786 5518 Ide_m

2130 5512 2490 5578 existimavit
2547 5518 2631 5573 Cl.
2697 5519 3031 5571 Pearsonus
3090 5513 3287 5567 Adnot
3368 5512 3428 5566 in
3461 5513 3586 5568 haec
3615 5512 3791 5568 verba

2130 5593 2458 5666 lgnatianes
2486 5588 2752 5666 epistolae
2781 5587 2856 5642 ad
2874 5586 3227 5666 "smyrnzeos'
3247 5600 3396 5666 cap.
3433 5585 3530 5638 1οε
3565 5581 3792 5666 Φίλ-ιωνο

2131 5651 2222 5719 κῖιὶ
2251 5663 2414 5718 Ῥέων
2447 5651 2899 5733 Ἀγαθόπουν,-οῗ
2949 5651 3407 5733 ἐπηκολούθησαν
3444 5675 3554 5733 μοι..
3601 5676 3622 5702 ε
3661 5657 3795 5712 Phi-

2133 5738 2336 5795 Ionem
2366 5739 2426 5790 et
2453 5728 2642 5790 Reum
2673 5728 3078 5804 Agathopoda,
3103 5728 3206 5802 qui
3236 5743 3332 5784 me
3365 5729 3554 5785 secuti
3574 5733 3732 5785 sunt.
3765 5747 3794 5777 ιν

3396 5851 3470 5912 37
