4144 6398
394 381 538 438 1163

1625 381 2035 438 CLEMENTIS
2073 377 2577 436 ALEXANDRINI

3689 373 3826 429 1164

394 512 614 584 inquit,
667 511 1072 576 sustinuisset,
1119 516 1247 566 erat
1296 511 1631 576 continens,
1685 508 2050 562 divinitatem

2169 503 2269 576 τῷ’
2333 502 2449 558 ἐπεὶ
2508 504 2570 558 τὸ
2625 500 2931 576 φθείρεσθαι
2985 503 3147 565 αὐτὸς
3201 502 3300 560 οὐκ
3356 505 3522 579 εἶχεν.
3561 527 3589 556 υ
3636 505 3830 575 Ἡμεῖς

397 602 510 656 sibi
544 603 908 673 comparavit
935 603 1142 665 Jesus;
1177 600 1391 656 edebat
1418 607 1474 655 et
1497 598 1735 654 bibebat
1769 597 2056 669 peculiari

394 691 592 755 modo,
627 708 748 745 non
779 689 1036 744 reddens
1067 689 1232 744 cibos
1258 707 1270 756 ;
1307 696 1471 744 tanta
1504 689 1554 742 ei
1583 689 1777 743 inerat
1810 687 1892 741 vis
1915 703 2056 740 con-

395 781 687 841 tinentiaa,
715 787 780 834 ut
811 781 989 835 etiam
1022 780 1456 835 nutrimentum
1491 780 1552 833 in
1586 795 1652 832 eo
1706 793 1826 832 non
1872 777 2058 830 inter-

393 870 548 935 ierit,
584 869 865 939 quoniam
893 868 1018 940 ipse
1046 886 1168 923 non
1220 869 1427 923 habuit
1477 868 1809 922 interitum.
1865 888 1892 914 η
1945 867 2058 920 Nos

395 974 531 1030 ergo
562 963 803 1028 propter
837 957 1220 1012 dilectionem
1255 958 1313 1011 in
1348 957 1685 1021 Dominum,
1732 961 1789 1009 et
1821 959 2061 1026 propter

391 1048 590 1118 ipsum
621 1048 939 1101 honestum
987 1047 1407 1118 amplectimur
1423 1045 1882 1110 continentiam,
1910 1050 2056 1097 tem-

391 1138 558 1209 plum
591 1137 841 1207 Spiritus
876 1137 1338 1192 sanctiﬁcantes.
1389 1137 1714 1190 Honestum
1759 1134 1922 1188 enim
1947 1138 2055 1198 est,

395 1248 423 1276 «
448 1231 694 1298 propter
706 1242 955 1298 regnum
978 1225 1262 1280 cwlorum
1278 1227 1538 1296 scipsum
1555 1224 1904 1292 castrare(a)
1933 1244 1959 1270 »
1983 1222 2056 1276 ab

393 1316 558 1370 omni
592 1315 940 1386 cupiditate,
985 1321 1042 1368 et
1089 1338 1115 1364 ‹‹
1165 1315 1491 1370 emundare
1542 1312 1972 1368 conscientiam
2025 1327 2058 1366 a

395 1405 648 1459 mortuis
683 1405 985 1475 operibus,
1020 1405 1093 1459 ad
1117 1405 1494 1459 serviendum
1522 1405 1638 1458 Deo
1662 1402 1881 1456 viventi
1903 1400 1996 1472 (b).
2026 1421 2053 1450 »

393 1494 500 1560 Qui
532 1500 732 1549 autem
767 1499 1010 1565 propter
1038 1494 1239 1548 odium
1269 1494 1549 1548 adversus
1582 1508 1824 1547 carnem
1852 1506 2055 1545 susce-

392 1589 562 1655 ptum
594 1597 629 1638 a
659 1583 958 1654 conjugali
991 1583 1436 1654 conjunctione,
1471 1587 1529 1637 et
1551 1597 1757 1636 eorum
1791 1580 1892 1650 qui
1914 1595 2056 1634 con-

389 1671 641 1728 veniunt
681 1671 951 1727 ciborum
1000 1672 1481 1743 participatione,
1532 1670 1774 1725 liberari
1821 1669 2054 1724 deside-

390 1767 549 1822 rant.
583 1761 805 1815 indocti
837 1767 978 1816 sunt
1008 1766 1067 1815 et
1086 1761 1279 1832 impii,
1316 1767 1377 1815 et
1404 1760 1628 1831 absque
1654 1760 1884 1814 ratione
1915 1775 2054 1813 con-

392 1850 680 1917 tinentes,
715 1849 870 1904 sicut
899 1850 1031 1904 aliae
1062 1856 1268 1922 gentes
1313 1850 1607 1921 plurimae.
1657 1850 2057 1904 Brachmanes
2091 1890 2135 1955 B

394 1939 641 2010 quidem
676 1944 833 1993 certe
868 1955 1063 2009 neque
1109 1940 1440 1994 animatum
1491 1938 1830 2002 comedunt,
1865 1953 2058 2008 neque

392 2029 602 2083 vinum
635 2027 893 2092 bibunt;
926 2028 1028 2082 sed
1055 2028 1241 2098 aliqui
1269 2028 1511 2099 quidem
1558 2044 1628 2081 ex
1673 2028 1744 2081 iis
1793 2027 2059 2097 quotidie

397 2119 552 2174 sicut
587 2134 700 2171 nos
732 2118 886 2171 I94
911 2117 1107 2172 cibum
1142 2118 1422 2188 capiunt;
1457 2117 1733 2171 nonnulli
1767 2123 1965 2170 autem
1991 2132 2061 2171 ex

399 2206 475 2262 iis
507 2207 680 2260 tertio
715 2222 952 2276 quoque
985 2205 1101 2272 die,
1136 2213 1201 2259 ut
1230 2207 1312 2261 ait
1343 2206 1676 2260 Alexander
1721 2205 2062 2276 Polyhistor

397 2302 462 2366 .x‘
491 2295 554 2349 in
583 2295 788 2350 Indicis
815 2312 827 2360 ;
853 2301 1108 2350 mortem
1131 2301 1328 2350 autem
1352 2300 1764 2359 contemnunt,
1791 2300 1849 2348 et
1869 2295 2059 2348 vivere

398 2383 575 2437 nihili
594 2383 823 2438 faciunt
849 2401 861 2449 ;
888 2383 1142 2438 credunt
1166 2384 1326 2438 enim
1354 2401 1483 2438 esse
1508 2384 2056 2454 regenerationem;

396 2471 582 2542 aliqui
616 2477 816 2526 autem
850 2471 1053 2526 colunt
1095 2473 1407 2526 Herculem
1441 2478 1498 2526 et
1525 2475 1770 2526 Panem.
1823 2471 1929 2536 Qui
1957 2488 2058 2525 au-

395 2565 516 2616 tem
549 2577 619 2615 ex
649 2561 809 2615 Indis
846 2567 1129 2616 vocantur
1163 2559 1385 2632 Σεμνοί,
1424 2563 1534 2616 hoc
1581 2567 1688 2623 est,
1737 2561 2056 2628 venerandi,

393 2650 540 2706 nudi
571 2656 754 2706 totam
787 2652 967 2706 vitam
1011 2652 1385 2724 transigunt:
1439 2652 1481 2705 ii
1532 2653 1839 2706 veritatem
1889 2668 2060 2706 exer-

394 2747 551 2806 cent,
615 2746 673 2795 et
721 2741 922 2794 futura
965 2741 1317 2810 praedicunt,
1367 2747 1425 2796 et
1485 2741 1690 2796 colunt
1737 2741 2057 2812 quamdam

392 2829 786 2902 pyramidem,
821 2829 931 2884 sub
966 2847 1078 2900 qua
1123 2830 1466 2885 existimant
1496 2831 1750 2902 alicujus
1781 2830 1877 2886 dei
1923 2845 2060 2884 ossa

390 2919 679 2990 reposita.
714 2921 916 2989 Neque
948 2936 1083 2974 vero
1119 2920 1656 2990 Gymnosophistae,
1689 2937 1799 2974 nec
1832 2920 1933 2990 qui
1967 2918 2059 2973 di-

389 3015 607 3064 cuntur
634 3007 857 3079 Σεμνοί,
890 3014 1140 3062 utuntur
1168 3009 1542 3074 mulieribus,
1576 3010 1687 3064 hoc
1722 3010 1880 3064 enim
1903 3026 2056 3080 pras-

2172 595 2267 667 μὲν
2301 592 2396 646 οὖν
2430 589 2501 646 δι’
2532 593 2742 666 ἀγάπην
2789 595 2888 660 τὴν
2940 595 3075 668 πρὸς
3117 595 3210 648 τὸν
3263 594 3460 670 Κύριον
3504 592 3595 648 καὶ
3627 591 3697 648 δι’
3727 593 3827 647 αὑ-

2167 680 2229 737 τὸ
2260 683 2321 736 τὸ
2361 679 2529 736 καλὸν
2591 681 2905 756 ἐγκράτειαν
2965 682 3338 753 ἀσπάζόμεθα,
3394 683 3487 737 τὸν
3546 683 3682 737 νεὼν
3730 680 3827 736 τοῦ

2171 771 2488 844 Πνεόματος
2521 774 2632 844 (98)
2666 772 3005 844 ἁγιάζοντες·
3039 771 3208 826 καλὸν
3253 771 3358 846 γὰρ
3407 797 3434 825 ‹‹
3470 770 3560 826 διὰ
3587 773 3689 840 τήν
3726 772 3829 846 βα·

2171 860 2377 915 σιλείαν
2403 865 2510 914 τῶν
2565 859 2808 935 οὐρανῶν
2857 860 3190 936 εὐνουχίζειν
3224 865 3333 934 (99)
3370 861 3557 916 ἑαυτὸν
3597 887 3616 912 ο
3652 860 3832 928 πάσης

2170 949 2485 1021 ἐπιθυμίας,
2519 973 2546 1001 α
2579 949 2669 1003 καὶ
2724 949 3031 1020 καθαρίζειν
3091 951 3191 1019 τὴν
3245 948 3554 1021 συνείδησιν
3606 950 3714 1005 ἀπὸ
3741 971 3826 1005 νε-

2168 1043 2314 1113 κρῶν
2348 1032 2518 1114 ἔργων
2549 1038 2626 1100 εἰς
2655 1039 2717 1092 τὸ
2765 1037 3044 1113 λατρεύειν
3096 1043 3213 1111 Θεῷ
3259 1045 3442 1108 ζῶντι.
3477 1065 3498 1090 ι
3553 1042 3621 1097 Οἱ
3654 1037 3711 1094 δὲ
3738 1037 3830 1094 διὰ

2168 1128 2230 1182 τὸ
2265 1134 2423 1200 μῖσος
2446 1129 2510 1182 τὸ
2544 1128 2676 1201 πρὸς
2704 1130 2805 1196 τήν
2839 1131 3011 1203 σάρκα
3065 1133 3166 1194 τῆς
3223 1130 3360 1184 κατὰ
3409 1131 3588 1204 γάμον
3629 1144 3830 1184 συναλ-

2171 1215 2346 1293 λαγῆς
2378 1218 2468 1272 καὶ
2515 1223 2616 1286 τῆς
2668 1222 2775 1272 τῶν
2831 1217 3183 1286 καθηκόντων
3239 1219 3549 1293 βρωμάτων
3583 1216 3828 1292 μεταλή-

2170 1309 2315 1380 ψεως
2371 1305 2686 1381 ἀχαρίστως
2744 1305 3189 1362 ἀπαλλάττεσθαι
3245 1311 3543 1372 ποθοῦντες
3598 1308 3828 1381 ἀμαθεῖς

2168 1415 2225 1450 τε
2276 1397 2366 1450 καὶ
2421 1395 2586 1463 ἄθεοι,
2647 1394 2869 1470 ἀλόγως
2921 1395 3399 1472 ἐγκρατευόμενοι,
3466 1396 3708 1472 καθάπερ
3761 1396 3831 1452 τὰ

2170 1482 2401 1539 πλεῖστα
2429 1491 2538 1539 τῶν
2572 1483 2760 1540 ἄλλων
2812 1485 3000 1542 ἐθνῶν.
3054 1493 3382 1561 Βραχμᾶναι
3413 1491 3492 1560 (1)
3522 1491 3655 1562 γοῦν
3702 1484 3832 1542 οὔτε

2172 1568 2423 1648 ἔμψυχον
2458 1575 2750 1644 ἐσθίουσιν,
2809 1573 2932 1630 οὔτε
2989 1576 3131 1630 οἶνον
3187 1575 3454 1631 πίνουσιν·
3489 1575 3616 1632 ἀλλ’
3639 1576 3694 1630 οἱ
3729 1577 3827 1649 μὲν

2172 1661 2348 1717 αὐτῶν
2381 1665 2500 1726 καθ’
2557 1663 2786 1734 ἑκάστην
2840 1664 3075 1737 ἡμέραν,
3125 1664 3202 1727 ὡς
3249 1667 3440 1738 ἡμεῖς,
3488 1666 3589 1734 τὴν
3615 1665 3826 1742 τροφὴν

2170 1751 2508 1826 προσίενται,
2566 1750 2695 1807 ἔνιοι
2755 1750 2799 1808 δ’
2853 1753 3028 1808 αὐτῶν
3091 1751 3182 1809 διὰ
3231 1759 3400 1830 τριῶν
3459 1757 3711 1830 ἡμερῶν,
3751 1753 3829 1818 ὥς

2173 1862 2334 1918 φησιν
2380 1840 2731 1915 Ἀλέξανδρος
2789 1843 2818 1897 ὁ
2876 1841 3200 1918 Πολυΐστωρ
3260 1844 3313 1898 έν
3371 1849 3490 1905 τοῖς
3552 1840 3826 1905 Ἰνδικοῖς·

2168 1938 2565 2010 καταφρονοῦσι
2628 1931 2685 1988 δὲ
2742 1935 2995 2000 θανάτου,
3051 1934 3140 1988 καὶ
3194 1936 3321 2008 παρ’
3368 1933 3525 1989 οὐδὲν
3559 1937 3828 2008 ἡγοῦνται

2166 2022 2228 2076 τὸ
2260 2025 2379 2095 ζῇν·
2431 2022 2708 2085 πείθονται
2767 2022 2869 2093 γὰρ
2929 2023 3060 2077 εἶναι
3113 2021 3550 2098 παλιγγενεσίαν·
3583 2020 3614 2076 ἃ
3654 2019 3712 2076 δὲ
3743 2023 3825 2096 (2)

2169 2106 2420 2165 σέϐουσιν
2447 2111 2716 2186 Ἡρακλέα
2753 2112 2843 2166 καὶ
2896 2117 3060 2168 [Ιᾶνα.
3091 2113 3159 2169 Οἱ
3187 2111 3524 2186 καλούμενοι
3556 2110 3614 2167 δὲ
3647 2118 3823 2184 Σεμ--

2168 2201 2388 2254 νοὶτῶν
2452 2198 2632 2254 Ἰνδῶν
2688 2202 2886 2274 γυμνοὶ
2947 2199 3256 2256 διαιτῶνται
3317 2202 3406 2258 τὸν
3466 2203 3641 2256 πάντα
3675 2200 3820 2276 βίον·

2170 2288 2319 2342 οὗτοι
2349 2291 2448 2356 τήν
2481 2288 2738 2360 ἀλήθειαν
2792 2290 3037 2358 ἀσκοῦσι,
3081 2291 3171 2344 καὶ
3201 2292 3325 2365 περὶ
3355 2294 3462 2346 τῶν
3498 2289 3823 2364 μελΛόντων

2167 2378 2577 2453 προμηνύουσι,
2637 2379 2724 2434 καὶ
2786 2374 3002 2434 σέϐουσί
3059 2401 3181 2434 τινα
3247 2377 3551 2456 πυραμίδα,
3610 2380 3697 2458 ὑφ’
3754 2377 3823 2448 ἣν

2169 2467 2327 2522 ὀστέα
2353 2469 2500 2529 τινὸς
2558 2469 2681 2532 θεοῦ
2736 2469 3052 2541 νομίζουσιν
3113 2469 3453 2534 ἀποκεῖσθαι.
3503 2467 3644 2527 Οὔτε
3682 2467 3741 2524 δέ
3770 2469 3826 2523 οἱ

2167 2557 2601 2634 Γυμνοσοφισταί
2627 2554 2740 2611 οὔθ’
2771 2558 2823 2612 οἱ
2847 2557 3142 2633 λεγόμενοι
3172 2559 3375 2631 Σεμνοὶ
3405 2560 3608 2634 γυναιξὶ
3634 2564 3825 2635 χρῶν-

2165 2666 2273 2700 ται·
2309 2647 2454 2722 παρὰ
2502 2647 2660 2724 φύσιν
2718 2647 2823 2724 γὰρ
2880 2653 3044 2702 τοῦτο
3102 2649 3192 2703 xui
3222 2649 3540 2724 παράνομον
3575 2646 3822 2706 δοκοῦσι’

2168 2733 2240 2789 δι’
2283 2733 2350 2806 ἤν
2406 2736 2579 2790 αἰτίαν
2641 2742 2774 2814 σφᾶς
2832 2736 3031 2798 αὐτοὺς
3088 2736 3281 2812 ἁγνοὺς
3335 2742 3588 2814 τηροῦσι·
3621 2742 3826 2815 παρθε-

2166 2825 2382 2880 νεύουσι
2414 2823 2585 2880 δὲκαὶ
2619 2827 2842 2898 Σεμναί.
2877 2831 3106 2882 Δοκοῦσι
3158 2825 3216 2882 δὲ
3263 2833 3599 2903 παρατηρεῖν
3631 2829 3698 2883 τὰ
3728 2830 3826 2885 o6-

2169 2916 2345 2989 ράνια,
2373 2917 2461 2970 καὶ
2522 2913 2610 2970 διὰ
2659 2923 2762 2986 τῆς
2815 2916 3023 2972 τούτων
3055 2917 3410 2991 σημειώσεως
3440 2922 3548 2973 τῶν
3583 2919 3823 2993 μελλόν-

2165 3026 2273 3059 των
2308 3005 2776 3079 προμαντεύεσθαί
2811 3027 2954 3064 τινα.

387 3102 480 3152 ter
508 3103 784 3152 naturam
818 3103 875 3151 et
905 3097 1180 3168 iniquum
1212 3114 1343 3153 esse
1396 3098 1775 3166 existimant;
1838 3114 1956 3169 qua
2008 3097 2080 3152 de
2137 3112 2319 3152 causa
2368 3097 2595 3169 seipsos
2653 3103 2848 3153 castos
2906 3106 3277 3156 conservant.
3326 3101 3594 3173 Virgines
3623 3109 3825 3161 autem

389 3193 532 3242 sunt
559 3187 737 3242 etiam
771 3185 1076 3248 mulieres,
1106 3204 1238 3257 quea
1281 3187 1564 3242 dicuntur
1613 3185 1835 3258 Σεμναί,
1891 3188 2003 3241 hoc
2053 3190 2158 3253 est,
2211 3187 2552 3242 venerande.
2609 3186 2892 3242 Videntur
2939 3194 3140 3244 autem
3188 3188 3502 3246 observare
3532 3191 3819 3265 ccelestia,

388 3280 447 3330 et
474 3292 582 3347 per
611 3291 817 3332 eorum
851 3275 1348 3348 signiﬁcationem
1380 3276 1654 3349 quaedam
1685 3276 1886 3332 futura
1915 3275 2260 3348 praedicere.

1888 3421 2114 3477 CAPUT
2163 3419 2306 3476 VIII.

382 3538 529 3593 Loca
556 3537 614 3593 S.
649 3538 961 3607 Scriptura?
989 3538 1057 3592 ab
1090 3537 1449 3617 hareh‘cisjn
1479 3539 1814 3617 uituperiam
1843 3536 2191 3592 matrimonii
2221 3537 2464 3617 adducta
2499 3539 2788 3617 implicat,-
2843 3546 2897 3617 et
2943 3543 3127 3610 primo
3180 3543 3345 3598 verba
3371 3544 3625 3617 Apostoli
3656 3548 3814 3603 Rom.

1211 3627 1279 3676 νε,
1315 3610 1409 3678 14,
1444 3611 1512 3664 ab
1545 3611 1928 3665 haereticorum
1946 3626 2207 3681 perversa
2237 3611 2694 3680 interpretatione
2724 3611 2994 3668 vindicat.

453 3733 747 3800 Quoniam
777 3737 975 3790 autem
1009 3735 1110 3806 qui
1143 3734 1530 3790 introducunt
1553 3735 2039 3803 indiﬂ‘erentiam,
2075 3741 2118 3807 ρ

383 3839 609 3896 paucas
635 3823 924 3895 quasdam
946 3825 1278 3896 Scripturas
1310 3825 1757 3896 detorquentes,
1779 3827 2046 3882 titillanti

388 3929 512 3967 sum
547 3912 831 3984 voluptati
857 3929 954 3968 eas
987 3915 1294 3984 suffragari
1328 3915 1709 3982 existimant;
1744 3921 1869 3970 tum
1894 3934 2044 3988 pras-

384 4002 554 4073 cipue
591 4002 759 4057 illam
793 4020 1028 4074 quoque
1056 4020 1068 4057 :
1104 4027 1129 4053 «
1163 4006 1475 4059 Peccatum
1509 4005 1668 4060 enim
1713 4006 1888 4059 vestri
1922 4023 2043 4061 non

383 4090 829 4159 dominabitur;
858 4109 977 4146 non
1004 4094 1146 4147 estis
1166 4094 1321 4148 enim
1344 4094 1451 4148 sub
1477 4093 1624 4165 lege,
1649 4094 1753 4150 sed
1783 4095 1889 4150 sub
1913 4113 2041 4168 gra-

377 4180 461 4236 tia
484 4181 588 4252 (c);
628 4204 646 4229 -
686 4187 744 4237 et
769 4181 1001 4252 aliquas
1045 4182 1192 4238 alias
1220 4183 1586 4254 hujusmodi,
1622 4201 1874 4254 quarum
1909 4191 2044 4255 post

377 4269 506 4325 haec
534 4287 655 4326 non
683 4277 772 4326 est
802 4271 1016 4326 rationi
1041 4278 1514 4327 consentaneum
1539 4278 1603 4327 ut
1632 4272 1846 4328 faciam
1870 4291 2036 4329 men-

380 4359 605 4414 tionem
636 4361 780 4431 (non
811 4361 972 4416 enim
1005 4378 1215 4416 navem
1248 4362 1476 4416 instruo
1527 4363 1882 4434 piraticam),
1935 4381 2040 4436 age

375 4447 582 4520 paucis
600 4465 807 4502 eorum
827 4455 1244 4520 argumentum
1261 4449 1714 4521 perfringamus.
1734 4452 1864 4521 Ipse
1879 4451 2038 4506 enim

381 4537 647 4609 egregius
668 4537 983 4607 Apostolus
1004 4538 1064 4592 in
1083 4538 1301 4605 verbis,
1323 4556 1454 4610 qua)
1469 4539 1765 4609 praedicta)
1789 4539 2038 4595 dictioni

378 4625 705 4697 subjungit,
742 4625 1016 4681 intentati
1049 4627 1317 4682 criminis
1373 4629 1582 4682 afferet
1629 4628 2034 4684 solutionem:

380 4734 409 4764 «
445 4713 597 4780 Quid
629 4714 811 4787 ergo?
854 4716 1254 4786 peccabimus,
1309 4717 1452 4788 quia
1498 4733 1621 4771 non
1668 4734 1875 4773 sumus
1927 4718 2036 4774 sub

375 4802 526 4878 lege,
548 4803 650 4860 sed
669 4803 778 4860 sub
795 4806 982 4874 gratia
1003 4807 1030 4861 ‘I
1047 4806 1214 4862 Absit
1229 4807 1332 4878 (εἰ).
1353 4828 1381 4857 ››
1412 4805 1574 4861 Adeo
1603 4805 1798 4862 divine
1824 4813 1881 4863 et
1906 4826 2037 4880 pro-

2228 3734 2376 3792 Ἐπεὶ
2413 3731 2470 3788 δὲ
2503 3735 2554 3788 οἱ
2583 3736 2682 3804 τήν
2733 3733 3054 3814 ἀδιαφορίαν
3116 3736 3446 3816 εΐσάγοντες,
3492 3741 3820 3817 βιαζομενοί

2151 3843 2301 3886 τινας
2359 3821 2550 3898 ὀλίγας
2603 3825 2839 3902 Γραφᾶς,
2891 3832 3213 3901 συνηγορεῖν
3273 3829 3452 3885 αὐτῶν
3494 3835 3564 3904 τῇ
3598 3829 3815 3901 ἡδυπα-

2156 3912 2275 3984 θείᾳ
2305 3911 2530 3967 οἶόνται·
2583 3915 2716 3991 ἀτὰρ
2767 3913 2833 3984 δὴ
2894 3917 3170 3987 κάκείνηνο
3233 3944 3261 3971 ‹‹
3293 3921 3566 3996 Ἀμαρτία
3594 3923 3698 3998 γὰρ
3732 3928 3808 3996 (3)

2156 4001 2311 4075 ὑμῶν
2365 4001 2426 4056 o6
2480 4004 2773 4076 κυριεύσεισ
2827 4005 2888 4060 οὐ
2942 4007 3047 4080 γὰρ
3108 4007 3227 4062 ἐστε
3289 4009 3394 4064 ὑπὸ
3452 4011 3648 4082 νόμον,
3679 4005 3809 4067 ἀλλ’

2154 4091 2258 4146 ὑπὸ
2291 4091 2476 4168 χάριν·
2511 4118 2538 4144 ››
2568 4094 2656 4148 καὶ
2687 4116 2835 4156 τινας
2869 4093 3042 4160 ἅλΛας
3081 4097 3362 4168 τοιαύτας,
3395 4099 3469 4153 ῶν
3503 4099 3593 4154 ἐπὶ
3623 4099 3811 4156 τοιού-

2148 4205 2265 4246 τοις
2303 4193 2612 4257 μεμνῆσθαι
2644 4187 2748 4242 οὐκ
2780 4185 3033 4262 εὔλογον.
3059 4190 3144 4260 (οὐ
3183 4191 3286 4264 γὰρ
3319 4191 3658 4261 ἐπισκευάζω
3678 4197 3807 4246 ναῦν

2155 4277 2521 4349 μειρατικήν.)
2552 4276 2679 4353 φέρε
2709 4273 2777 4346 δὴ
2819 4275 2907 4331 διὰ
2960 4277 3214 4353 βραχέων
3247 4277 3598 4354 διακόψωμεν
3627 4283 3810 4336 αὑτῶν

2150 4364 2252 4432 τὴν
2287 4363 2626 4438 ἐγχείρησινο
2660 4366 2823 4429 αὐτὸς
2862 4366 2964 4441 γὰρ
3015 4368 3043 4422 ὁ
3091 4373 3338 4444 γενναῖος
3373 4367 3711 4433 Ἀπόστολος
3741 4374 3811 4444 τῇ

2150 4451 2529 4527 προείρημένῃ
2565 4452 2706 4525 λέξει
2753 4452 3023 4531 ἐπιφέρων
3074 4456 3405 4512 ἀπολύσεται
3435 4459 3498 4513 τὸ
3530 4457 3804 4536 ἔγκλημα

2151 4565 2178 4593 ‹‹
2211 4542 2277 4597 Τί
2309 4540 2441 4612 οὖν;
2489 4544 2896 4619 ἁμαρτήσωμεν
2943 4548 3044 4617 (4),
3096 4545 3183 4600 ὅτι
3230 4543 3331 4602 οὕκ
3372 4547 3533 4620 ἐσμεν
3568 4549 3672 4604 ὑπὸ
3707 4550 3811 4605 νό-

2151 4653 2271 4704 μον,
2305 4629 2433 4686 ἀλλ’
2487 4632 2590 4687 ὑπὸ
2621 4633 2826 4709 χάριν;
2886 4635 2980 4703 Μὴ
3039 4634 3275 4710 γένοιτο.
3313 4659 3337 4690 ι)
3396 4636 3584 4700 Οὖτως
3617 4637 3812 4703 ἐνθέως

2145 4720 2236 4775 καὶ
2285 4726 2646 4798 προφητικῶς
2693 4722 2980 4780 καταλεύει
3025 4725 3376 4801 παραχρῆμα
3423 4729 3523 4798 τὴν
3565 4748 3816 4807 σοφιστι-

2143 4810 2246 4879 κήν
2281 4816 2382 4879 τῆς
2414 4807 2619 4881 ἡδονῆς
2650 4813 2876 4888 τέχνην.
2930 4810 3003 4867 Οὐ
3055 4813 3311 4868 συνίειοιν
3358 4813 3474 4888 οῦν,
3508 4815 3585 4878 ὡς
3611 4811 3811 4887 ἔοικεν,

372 4894 608 4966 phetice
641 4911 671 4949 e
701 4895 944 4967 vestigio
975 4896 1245 4952 dissolvit
1271 4900 1459 4950 artem
1480 4895 1797 4967 voluptatis
1829 4899 2031 4968 scphi-

2166 4897 2228 4954 ἔτι
2261 4924 2288 4951 ‹‹
2322 4898 2463 4960 Τοὺς
2510 4902 2715 4964 πάντας
2764 4903 2913 4975 ἡμᾶς
2961 4906 3345 4981 φανερωθῆναι
3394 4902 3478 4960 δεῖ
3505 4901 3816 4983 ἔμπροσθεν

441 5020 612 5106 ξιξ(ιῆ
641 5019 844 5106 Matth.
876 5039 991 5089 xxx,
1023 5025 1108 5076 12.
1145 5021 1222 5093 (b)
1254 5020 1429 5076 Hebr.
1463 5038 1541 5089 Ix,
1578 5023 1664 5076 14.
1690 5021 1754 5085 >X<
1779 5025 1842 5078 Ρ,
1885 5025 1988 5079 539
2027 5027 2050 5081 1

2175 5028 2470 5091 POTTER,
2504 5031 2631 5100 451,
2682 5032 2788 5086 452
2838 5031 2952 5087 EI).
2997 5033 3224 5088 PARIS.
3283 5033 3372 5106 (ο).
3408 5037 3576 5091 Rom.
3611 5052 3687 5106 vr,
3724 5038 3817 5093 14.

373 5093 452 5166 (d)
482 5092 652 5160 una,
677 5095 762 5150 ιδ.

445 5217 690 5295 (98λΤὸν
746 5217 880 5269 νεὼν
941 5218 1037 5270 τοῦ
1091 5214 1428 5289 Πνεύματος.
1491 5218 1654 5276 Conf.
1716 5221 1912 5277 ICor.
1945 5241 2029 5295 lu,

380 5292 967 5432 £6696;.E6vouxi§ew.
1020 5361 1282 5432 Respicit
1329 5362 1530 5415 Matth.
1585 5379 1702 5432 xix,
1738 5367 1842 5418 l2:
1879 5364 2027 5420 Εἷσίν

375 5427 650 5507 εὐνοῦχοι,
680 5427 878 5491 οἵτινες
936 5427 1261 5507 εὐνούχισαν
1323 5431 1544 5494 ἑαυτοὺς
1597 5427 1694 5486 διὰν
1739 5437 1837 5504 τήν
1876 5439 2032 5512 βασι-

377 5499 524 5556 λείαν
555 5507 664 5556 τῶν
698 5502 971 5556 οὐρανῶν.

416 5524 524 5557 ειαν
555 5522 664 5558 των
698 5523 971 5576 ουρανων.

450 5580 525 5650 ιη
578 5577 935 5650 Βραχμᾶναι..
985 5577 1065 5630 De
1130 5577 1503 5650 philosophis
1585 5577 1808 5633 Indicis
1869 5583 2024 5639 conf.

380 5643 841 5723 §trabo,'Geogr.
877 5647 978 5704 lib.
1002 5665 1074 5702 xv
1097 5643 1449 5723 ;Euse_bius,
1469 5651 1715 5723 Pra’pq.
1756 5655 2024 5721 evangel.,

378 5710 481 5769 lib.
514 5710 601 5781 vi,
623 5734 670 5772 ο.
706 5710 775 5774 ίό
795 5738 808 5784 ;
841 5710 1219 5789 Recognition.
1269 5710 1605 5775 Clementis.
1636 5720 1739 5776 lib.
1788 5739 1862 5790 ix,
1894 5710 2022 5798 Eapl

2143 5228 2271 5352 ξολ
2310 5225 2586 5352 Clettnens
2641 5234 2866 5298 noster,
2921 5231 3124 5286 Strom.
3184 5249 3226 5299 1,
3287 5249 3419 5306 pag.
3477 5235 3600 5301 305,
3663 5233 3812 5290 edit.

2188 5314 2352 5352 aris...
2385 5315 2415 5352 e
2448 5316 2499 5352 c.

2188 5314 2352 5358 aI‘IS..
2385 5314 2499 5355 etc.

2212 5371 2287 5440 (2)
2316 5370 2384 5446 ᾊ
2412 5366 2487 5426 δὲ.
2523 5374 2734 5444 Aptius
2780 5373 3049 5446 legemus
3083 5373 3135 5426 οἱ
3168 5370 3248 5446 δὲ,
3279 5375 3371 5431 vel
3401 5372 3536 5446 οἵδε,
3568 5382 3635 5432 ut
3671 5393 3814 5432 mox

2140 5440 2311 5497 οὗτοι,
2347 5440 2628 5501 ΞγιΒυιιὶὲ.

2209 5515 2282 5584 (3)
2317 5512 2443 5584 Γάρ.
2479 5516 2565 5581 Δέ,
2600 5520 2767 5574 Rom.

2316 5589 2787 5664 'Axaptvjcwpev._
2837 5589 3304 5664 convenientius
3383 5590 3813 5664 ἁμαρτήσομεν,

2138 5656 2317 5734 indic.
2351 5656 2660 5734 modo,_ut'
2684 5662 3009 5734 Vulg._Blb.
3043 5663 3216 5719 Rom.
3251 5680 3325 5722 v1.
3359 5656 3810 5722 Eadem'Bibtia

2134 5729 2186 5782 II
2215 5729 2342 5784 Cor.
2380 5747 2434 5802 ν,
2463 5730 2530 5785 τὰ
2559 5727 2652 5788 διὰ
2679 5736 2774 5788 τοῦ
2799 5727 3080 5806 σώματος.
3115 5735 3255 5790 SYLB
3270 5751 3400 5794 URG.
