4144 6392
373 330 515 386 1165

1710 325 2160 385 STROMATUM
2197 323 2311 377 LIB
2374 323 2472 378 ΠΙ.

3660 329 3801 386 1166

373 459 472 510 τοῦ
507 455 758 530 βήματος
787 455 885 508 τοῦ
916 455 1176 529 Χριστοῦ,
1227 449 1314 507 ἵνα
1359 449 1663 525 κομίσηται
1695 449 1917 510 ἕκαστος
1949 445 2032 502 διά

2147 447 2376 502 sticam.
2405 448 2530 502 Non
2549 447 2895 522 intelligunt
2911 466 3069 524 ergo,
3093 451 3421 521 utvidetur,
3438 453 3596 526 quod
3621 475 3645 507 ιι
3671 472 3802 512 om-

371 545 759 617 τοῦσώματος
816 543 956 618 πρὸς
1016 540 1046 597 ἃ
1106 541 1326 618 ἔπραξεν
1380 542 1486 598 εἴτε
1543 541 1738 618 ἀγαθὸν
1795 536 1903 593 εἷ’τε
1930 558 2029 592 κα-

369 633 482 688 κόν.
518 659 546 685 ››
573 631 666 689 ’ίνα
715 633 748 688 ἃ
797 631 889 688 διὰ
933 636 1031 688 τοῦ
1077 633 1332 705 σώματος
1381 630 1574 704 ἔπραξέ
1612 650 1713 699 τις,
1746 625 2026 701 ἀπολάϐῃ.

378 725 580 778 σ’Ὼστε
612 721 668 777 εἶ’
690 743 775 783 τις
808 723 860 776 ἐν
888 723 1132 796 Χριστῷ,
1164 722 1324 790 καινή
1357 720 1597 787 κτίσις,››
1623 718 1721 774 οὐκ
1747 716 1823 772 ἔτι
1855 718 2032 790 ἀμαρ-

368 813 586 882 τητική.
640 836 669 862 ιι
719 811 794 866 Τά
845 811 1052 885 ἀρχαῖα
1080 809 1385 884 παρῆλθεν,
1420 834 1449 861 ››
1490 805 1910 879 ἀπελουσάμεθα
1939 805 2030 858 τὸν

377 903 492 979 βίον
523 902 618 957 τὸν
649 900 908 958 παλαιόν’
939 925 964 950 ‹‹
992 897 1135 956 Ἰδοὺ
1159 905 1236 972 (5)
1260 900 1363 975 γὰρ
1385 899 1576 976 γέγονε
1598 897 1775 966 καινὰ,
1803 920 1829 945 ››
1856 892 2034 969 ἁγνεία

373 992 432 1048 ἐκ
481 991 759 1066 πορνείας,
809 991 899 1045 καὶ
969 989 1254 1066 ἐγκράτεια
1320 988 1370 1062 ἐξ
1421 987 1702 1064 ἀκρασίας,
1758 981 2034 1040 δικαιοσύ-

371 1104 436 1152 νη
471 1081 526 1152 ἐξ
559 1079 794 1143 ἀδικίας.
850 1103 874 1134 ιι
920 1078 1020 1141 Τίς
1055 1079 1159 1154 γὰρ
1194 1079 1406 1154 μετοχή
1440 1075 1756 1150 δικαιοσύνῃ
1791 1075 1878 1128 καὶ
1913 1072 2034 1127 ἀνο-

380 1170 516 1245 μίᾳς
550 1169 584 1240 ἢ
615 1169 695 1232 τίς
741 1171 816 1243 (6)
871 1167 1131 1224 κοινωνία
1193 1167 1332 1246 φωτὶ
1387 1168 1524 1242 πρὸς
1583 1164 1812 1232 σκότος;
1867 1161 1948 1225 τίς
1979 1159 2035 1216 δὲ

377 1259 738 1338 συμφώνησιν
775 1261 1012 1333 Χριστοῦ
1043 1266 1180 1333 πρὸς
1228 1253 1427 1330 Βελίαρ
1455 1275 1469 1323 ;
1518 1254 1602 1318 τίς
1653 1251 1803 1328 μερὶς
1833 1253 1911 1324 (7)
1941 1271 2032 1304 πι-

376 1353 486 1420 στῷ
549 1348 665 1422 μετ’
719 1347 992 1418 ἀπίστους
1049 1346 1135 1408 τίς
1196 1343 1253 1400 δὲ
1309 1343 1690 1420 συγκατάθεσις
1743 1345 1858 1413 ναῷ
1902 1342 2035 1394 Θεοῦ

381 1439 498 1510 μετ’
531 1434 816 1507 εἷ’δώλωνς
869 1434 1082 1499 Ταύτας
1131 1432 1220 1490 οὖν
1277 1433 1496 1509 ἔχοντες
1543 1434 1639 1494 τάς
1680 1428 2033 1507 ἐπαγγελίας,

373 1525 758 1603 καθαρίσωμεν
811 1523 1031 1586 ἐαυτοὺς
1089 1523 1195 1580 ἀπὸ
1252 1522 1454 1585 παντὸς
1507 1521 1798 1597 μολυσμοῦ
1838 1517 2037 1603 σαρκρς

372 1617 463 1671 καὶ
520 1601 880 1691 -πνεύματος,
952 1612 1325 1675 ἐπιτελοῦντες
1402 1611 1712 1689 ἁγιωσύνην
1772 1609 1823 1664 ἐν
1880 1601 2036 1684 φόϐῳ

376 1709 534 1762 Θεοῦ.
572 1729 600 1758 n

2149 553 2256 591 nes
2275 553 2382 591 nos
2405 539 3019 608 Oportetmanifestari
3045 547 3181 597 ante
3203 543 3462 598 tribunal
3481 543 3717 613 Christi,
3737 550 3802 600 ut

2146 623 2366 680 referat
2395 628 2808 699 unusquisque
2842 647 2947 701 per
2986 647 3200 702 corpus
3226 649 3296 687 ea
3315 649 3446 703 qua:
3477 633 3635 700 fecit,
3681 635 3801 689 sive

2143 714 2395 784 bonum,
2433 717 2552 771 sive
2584 719 2810 774 malum
2842 719 2915 791 (a)
2942 737 2954 774 :
2989 743 3016 770 »
3050 728 3116 776 ut
3147 739 3277 793 quas
3302 739 3407 793 per
3427 740 3641 796 corpus
3665 725 3806 779 fecit

2145 805 2384 876 aliquis,
2420 807 2686 878 recipiat.
2724 832 2752 860 ιι
2786 810 2978 875 Quare
3021 811 3069 866 si
3121 811 3254 883 quis
3303 818 3392 867 est
3440 813 3500 867 in
3549 815 3804 882 Christo,

2146 910 2298 949 nova
2327 901 2599 951 creatura
2625 903 2734 963 est,
2774 922 2800 947 ››
2834 916 2941 954 nec
2984 900 3243 972 amplius
3275 904 3532 972 peccatis
3563 903 3801 959 dedita:

2147 1006 2174 1032 ‹‹
2208 986 2418 1039 Vetera
2449 987 2887 1057 praeterierunt,
2926 1013 2946 1040 ι
2977 991 3154 1044 vitam
3178 992 3484 1062 antiquam
3508 993 3799 1048 exuimus.

2149 1095 2172 1124 ιι
2207 1075 2354 1128 Ecce
2387 1075 2548 1129 enim
2582 1093 2729 1132 nova
2751 1075 2905 1133 facta
2926 1085 3065 1133 sunt
3085 1080 3180 1150 (b),
3204 1101 3230 1128 »
3258 1081 3497 1136 castitas
3525 1099 3594 1136 ex
3616 1082 3802 1138 forni-

2147 1164 2400 1231 catione,
2423 1169 2480 1219 et
2497 1167 2888 1235 continentia,
2913 1184 2981 1222 ex
3004 1169 3714 1244 incontinentia,justitia
3731 1191 3803 1229 ex

2146 1252 2459 1324 injustitia.
2502 1279 2520 1302 -
2557 1256 2695 1320 Qua:
2741 1261 2830 1310 est
2859 1257 3018 1311 enim
3049 1258 3425 1330 participatio
3449 1260 3699 1332 justitim
3745 1267 3804 1318 et

2147 1341 2454 1413 injustitize
2476 1343 2504 1398 ?
2520 1350 2622 1398 aut
2643 1362 2774 1416 quae
2798 1346 2915 1401 luci
2936 1363 3070 1402 cum
3088 1347 3349 1403 tenebris
3364 1350 3653 1407 societas?
3669 1370 3800 1424 quas

2147 1435 2237 1485 est
2267 1437 2465 1487 autem
2496 1436 2808 1490 conventio
2841 1435 3073 1491 Christo
3096 1453 3232 1492 cum
3259 1439 3438 1494 Belial
3463 1438 3490 1496 ?
3511 1457 3641 1512 quas
3664 1458 3802 1513 pars

2147 1525 2235 1574 est
2266 1520 2428 1576 fideli
2463 1539 2601 1578 cum
2633 1524 2864 1579 inﬁdeli
2887 1525 2914 1580 ?
2945 1543 3077 1597 qua:
3105 1531 3194 1581 est
3241 1534 3441 1584 autem
3485 1532 3802 1588 consensio

2146 1610 2369 1682 templo
2398 1612 2501 1667 Dei
2534 1630 2665 1668 cum
2702 1613 2877 1669 idolis
2899 1615 2968 1687 (ο)
2991 1614 3018 1670 ?
3040 1617 3153 1671 Has
3186 1633 3320 1690 ergo
3344 1617 3634 1676 habentes
3663 1639 3803 1693 pro-

2146 1697 2485 1767 missiones,
2515 1702 2876 1759 mundemus
2908 1721 3017 1759 nos
3040 1703 3200 1777 ipsos
3223 1705 3294 1761 ab
3327 1708 3490 1763 omni
3522 1709 3801 1782 inquina-

377 1802 580 1853 mento
607 1796 805 1853 carnis
831 1799 891 1851 et
918 1794 1181 1868 spiritus,
1213 1793 1596 1868 perﬁcientes
1626 1791 2004 1847 sanctitatem
2033 1787 2099 1844 in
2129 1788 2342 1844 timore
2373 1789 2474 1844 Dei
2506 1793 2604 1863 (d).

1905 1915 2136 1970 CAPUT
2176 1915 2268 1969 XI.

595 2015 817 2069 Dictum
847 2013 1054 2070 Christi
1082 2013 1156 2068 ad
1183 2011 1440 2068 Salomen
1469 2011 1721 2080 exponit,
1752 2006 1900 2078 quod
1930 2007 2284 2131 tﬁnqugmtin
2315 2005 2653 2077 vituperium
2683 2011 3012 2079 nuptiarum
3028 2011 3316 2081 prolatum
3343 2013 3589 2072 haeretici

1914 2092 1947 2131 α
1995 2092 2094 2131 eaa
2135 2093 2206 2130 an
2240 2119 2252 2131 .

1914 2092 2252 2146 auegaoant.

447 2201 517 2257 Ol.
569 2197 627 2256 ὃὶ
675 2200 1125 2274 ἀντιτασσόμενοι
1169 2198 1238 2274 τῇ
1285 2198 1456 2254 κτίσει
1505 2201 1604 2252 τοῦ
1652 2198 1787 2251 Θεοῦ
1817 2191 1907 2249 8ιά
1933 2199 2032 2262 τῆς

2213 2195 2322 2260 Qui
2357 2201 2557 2251 autem
2583 2198 2687 2252 Dei
2717 2204 3004 2254 creaturae
3027 2199 3318 2256 resistunt
3341 2219 3448 2273 per
3470 2206 3804 2276 speciosam

375 2290 630 2367 εὐφήμου
660 2289 972 2364 ἐγκρατείας
1023 2290 1246 2344 κάκεῖνα
1291 2288 1509 2363 λέγουσι
1557 2287 1627 2340 τά
1674 2284 1812 2361 πρὸς
1847 2281 2038 2339 Σαλώ-

379 2399 488 2450 μην
521 2377 805 2455 εἰρημένα,
837 2379 912 2432 ὧν
945 2378 1209 2453 πρότερον
1270 2380 1345 2450 (8)
1399 2377 1770 2448 ἐμνήσθημεν·
1816 2372 2034 2450 φέρεται

377 2463 456 2536 δὲ,
485 2467 665 2539 οἶμαι,
725 2466 776 2522 ἐν
833 2472 912 2539 τῷ
961 2469 1080 2523 κατ’
1135 2465 1473 2540 Αἰγυπτίους
1519 2462 1863 2538 Εὖαγγελίῳ.
1891 2462 2032 2516 Φασὶ

375 2555 500 2632 γὰρ,
533 2555 617 2610 ὅτι
649 2555 808 2618 αὐτὸς
839 2557 982 2611 εἶπεν
1037 2557 1064 2610 ὁ
1117 2557 1338 2628 Σωτήρο
1394 2577 1422 2606 ιι
1473 2551 1680 2607 Ἦλθον
1731 2548 2030 2606 καταλῦσαι

374 2646 442 2700 τὰ
469 2640 600 2720 ἔργα
628 2652 728 2715 τῆς
787 2643 1032 2716 θηλείαςο
1096 2669 1124 2697 ιι
1167 2642 1396 2713 θηλείας
1431 2643 1528 2714 μὲν
1557 2644 1658 2706 τῆς
1713 2639 2030 2711 ἐπιθυμίας,

375 2727 505 2809 ἔργα
533 2731 592 2789 δί
620 2734 872 2808 γέννησιν
903 2733 993 2789 καὶ
1024 2733 1250 2811 φθοράν.
1285 2731 1353 2788 Τί
1404 2729 1493 2786 οὖν
1544 2727 1605 2784 ἃν
1655 2729 1857 2785 εἷ’ποιεν
1883 2747 1896 2798 ;
1933 2735 2030 2782 Ka-

373 2823 578 2894 τελύθη
611 2827 646 2894 ἡ
680 2821 955 2894 διοίκησις
985 2822 1162 2893 αίᾶτητ¹
1204 2821 1316 2876 Οὐκ
1353 2818 1414 2875 ἃν
1461 2822 1710 2899 φήσαιεν·
1751 2821 1897 2892 μένει
1927 2819 2030 2894 γὰρ

371 2911 460 2968 ἐπὶ
489 2919 592 2982 τῆς
621 2912 790 2981 αὐτῆς
839 2911 1158 2984 οἰκονομίας
1191 2913 1218 2965 ὁ
1262 2909 1491 2983 κόσμος.
1547 2906 1703 2966 Ἀλλ’
1745 2908 1846 2963 οὐκ
1875 2906 2029 2981 ἐψεύ-

377 3023 507 3057 σατο
541 3003 569 3056 ὁ
605 3002 821 3076 Κύριος·
853 3006 932 3073 τῷ
974 2999 1090 3056 ὄντι
1130 3000 1232 3076 γὰρ
1282 3001 1350 3056 τά
1402 3007 1502 3068 τῆς
1557 2997 1848 3071 ἐπιθυμίας
1873 2995 2032 3052 κατέ-

379 3087 539 3146 λυσεν
572 3084 722 3165 ἔργα,
757 3089 1144 3168 φιλαργυρίαν,
1177 3086 1538 3167 φιλονεικίαν,
1572 3083 1910 3166 φιλοδοξίαν,
1939 3108 2030 3160 γυ-

373 3177 754 3252 ναικομανίαν,
804 3177 1212 3254 παιδεραστίαν,
1263 3177 1589 3254 ὀψοφαγίαν,
1640 3176 1899 3242 ἀσωτίαν,
1940 3175 2030 3230 καὶ

373 3268 440 3323 τά
466 3268 686 3332 τούτοις
737 3269 926 3342 ὅμοια.
984 3267 1206 3326 Τούτων
1266 3264 1325 3322 δὲ
1371 3269 1408 3336 ἡ
1457 3267 1664 3342 γένεσις
1713 3265 1889 3343 φθορά
1929 3271 2028 3335 τῆς

371 3359 580 3434 ψυχῆς,
617 3357 669 3413 εἷ’
700 3379 762 3434 γε
812 3379 835 3408 σ
861 3358 1049 3432 νεκροὶ
1099 3362 1178 3430 (9)
1223 3360 1342 3416 τοῖς
1373 3356 1783 3431 παραπτώμασι
1817 3378 1846 3407 ››
1875 3355 2031 3429 γινό-

375 3459 534 3520 μεθα³
568 3448 660 3503 καὶ
707 3447 844 3518 αὕτη
888 3449 923 3517 ἡ
975 3445 1170 3518 θήλεια
1221 3445 1452 3519 ἀκρασία
1493 3445 1582 3514 ἦν.
1619 3446 1827 3499 Γένεσιν
1853 3442 1910 3499 δέ
1938 3445 2030 3500 καὶ

370 3537 571 3616 φθορὰν
602 3539 704 3606 τήν
739 3536 790 3592 ἐν
839 3536 1010 3592 κτίσει
1065 3536 1498 3627 προηγουμένως
1554 3533 1790 3609 γίνεσθαι
1821 3534 2022 3627 ἀνάγκη
2057 3560 2099 3627 C

377 3627 544 3702 μὶχρι
620 3625 923 3690 παντελοῦς
997 3623 1320 3702 διακρίσεως
1384 3623 1476 3679 καὶ
1535 3624 2024 3687 ἀποκαταστάσεως

375 3713 642 3792 ἐκλογῆς,
677 3713 744 3770 δι’
777 3713 844 3786 ἤν
875 3715 966 3771 καὶ
1007 3716 1062 3770 αἱ
1109 3719 1190 3788 τῷ
1232 3714 1430 3788 κόσμῳ
1459 3715 1908 3791 συμπεφυρμέναι
1940 3714 2036 3770 οὐ·

377 3805 486 3861 σίαι
517 3809 588 3880 τῇ
617 3805 915 3877 οἰκειότητι
964 3805 1385 3881 προσνέμονται.
1427 3806 1586 3868 Ὃθεν
1639 3802 1884 3871 εἰκότως,
1933 3825 2031 3860 πε-

377 3897 430 3973 ρὶ
464 3894 772 3959 συντελείας
826 3891 1135 3969 μηνύσατος
1185 3899 1283 3950 τοῦ
1339 3893 1540 3968 Λόγου,
1571 3895 1607 3962 ἡ
1644 3893 1891 3966 Σαλώμη
1921 3915 2031 3972 φη-

375 3985 448 4040 σί·
491 4011 515 4039 ι
549 3987 733 4060 Μέχρι
780 3984 923 4048 τίνος
974 3985 1026 4039 οἱ
1075 3983 1353 4061 ἅνθρωποι
1410 3983 1807 4037 ἀποθανοῦνται
1840 4001 1898 4050 ς»
1935 3980 2030 4036 ἄν·

375 4085 597 4151 θρωπον
630 4071 688 4130 δὶ
715 4073 878 4130 καλεῖ
905 4076 940 4142 ἡ
994 4073 1181 4151 Γραφὴ
1237 4074 1349 4146 (10)
1389 4069 1586 4147 διχῶς,
1633 4072 1726 4126 τόν
1758 4092 1817 4126 τε
1847 4070 2032 4148 φαινό-

377 4184 538 4236 μενον
567 4163 657 4219 καὶ
691 4164 792 4232 τὴν
842 4163 1054 4237 ψυχήν·
1108 4160 1275 4216 πάλιν
1331 4182 1390 4216 τε
1448 4159 1512 4215 αὖ
1565 4160 1658 4215 τὸν
1718 4161 2028 4232 σωζόμενον

371 4252 585 4308 καὶτὸν
624 4254 721 4326 μή.
778 4251 880 4308 Καὶ
930 4251 1154 4314 θάνατος
1203 4253 1390 4325 ψυχῆς
1439 4251 1475 4320 ἡ
1527 4248 1763 4324 ἁμαρτία
1796 4245 2028 4323 λέγεται.

375 4344 470 4399 Διὸ
527 4342 620 4399 καὶ
685 4340 1223 4417 παρατετηρημένως
1309 4339 1659 4411 ἀποκρίνεται
1719 4339 1747 4393 ὁ
1807 4338 2028 4410 Κύριος·

376 4457 405 4487 ιι
439 4433 656 4508 Μέχρις
711 4435 822 4502 (11)
880 4429 940 4485 ἂν
995 4429 1249 4485 τίκτωσιν
1304 4429 1359 4482 αἱ
1414 4432 1682 4505 γυναῖκες,
1714 4450 1744 4480 ιο
1783 4429 2031 4484 τουτέστι

374 4621 633 4690 ι52,·453
667 4624 779 4677 ED.
813 4621 1044 4678 PARIS.
1074 4622 1142 4692 (e)
1174 4621 1388 4692 Ephes.
1419 4629 1478 4684 ιι,
1511 4623 1564 4676 5.

2140 2282 2308 2338 illam
2341 2286 2797 2348 continentiam.
2836 2288 2940 2344 illa
2980 2305 3219 2360 quoque
3268 2291 3496 2361 dicunt,
3547 2311 3679 2366 qua;
3729 2295 3803 2352 ad

2142 2372 2418 2430 Salomen
2451 2376 2611 2431 dicta
2653 2382 2812 2444 sunt,
2854 2395 3109 2449 quorum
3159 2379 3325 2449 prius
3373 2384 3800 2440 meminimus:

2141 2462 2440 2519 habentur
2465 2472 2687 2533 autem,
2721 2473 2788 2521 ut
2818 2467 3112 2533 existimo,
3143 2468 3204 2522 in
3234 2471 3544 2542 Evangelia
3595 2490 3802 2530 secun-

2140 2551 2282 2606 dum
2313 2562 2375 2625 μι‹
2406 2556 2726 2625 Εεγριὶοε.
2762 2557 2946 2610 Aiunt
2971 2557 3134 2610 enim
3163 2556 3360 2627 ipsum
3392 2560 3614 2616 dixisse
3667 2565 3804 2619 Ser-

2138 2646 2398 2696 vatorem
2428 2659 2440 2696 :
2472 2663 2496 2694 ι
2534 2645 2677 2698 Veni
2697 2645 2771 2699 ad
2791 2645 3235 2705 dissolvendum
3260 2667 3439 2720 Opera
3467 2650 3706 2707 femina;
3730 2671 3750 2715 ;
3775 2676 3802 2703 ››

2138 2728 2377 2784 femina:
2410 2732 2674 2802 quidem,
2709 2735 3090 2806 cupiditatis;
3118 2757 3298 2811 opera
3321 2745 3519 2795 autem
3552 2757 3805 2813 genera-

2141 2821 2365 2875 tionem
2401 2826 2459 2875 et
2498 2822 2826 2878 interitum.
2886 2825 3034 2890 Quid
3085 2845 3220 2902 ergo
3265 2829 3571 2884 dixerint?
3617 2833 3804 2888 Desiit

2141 2911 2267 2966 huic
2324 2911 2813 2969 administratio?
2857 2917 2980 2970 Non
3025 2917 3321 2973 dixerint:
3377 2925 3581 2974 manet
3638 2921 3798 2975 enim

2141 3000 2402 3056 mundus
2435 3001 2494 3055 in
2525 3002 2732 3058 eadem
2756 3006 3106 3062 mconomia.
3134 3007 3244 3062 Sed
3265 3024 3384 3062 non
3408 3008 3626 3064 falsum
3651 3009 3802 3065 dixit

2142 3090 2467 3159 Dominus;
2500 3107 2705 3147 revera
2736 3094 2896 3148 enim
2931 3112 3108 3166 opera
3140 3097 3410 3151 dissolvit
3430 3099 3796 3170 cupiditatis,

2140 3179 2468 3242 avaritiam,
2502 3183 2974 3250 contentionem,
3008 3185 3211 3256 gloria)
3235 3186 3648 3258 cupiditatem,
3673 3206 3799 3243 mu-

2140 3268 2355 3323 lierum
2387 3269 2662 3324 insanum
2697 3287 2986 3339 amorem,
3035 3273 3412 3344 pasdicatum,
3449 3277 3798 3349 ingluviem,

2138 3358 2344 3413 luxum
2377 3365 2437 3413 et
2467 3359 2902 3429 profusionem,
2937 3367 2994 3416 et
3043 3380 3174 3433 quas
3223 3371 3365 3418 sunt
3413 3367 3503 3420 his
3554 3367 3791 3421 similia.

2139 3449 2360 3503 Horum
2383 3454 2582 3503 autem
2602 3455 2788 3518 ortus,
2811 3456 2900 3505 est
2919 3452 3134 3507 animai
3157 3454 3433 3509 interitus
3459 3471 3472 3508 :
3497 3456 3794 3526 siquidem

2139 3560 2168 3587 «
2204 3537 2436 3592 delictis
2469 3539 2689 3592 mortui
2717 3559 2744 3587 »
2770 3539 3067 3595 efficimur
3090 3545 3173 3612 te).
3201 3545 3280 3597 Ea
3296 3560 3431 3598 vero
3459 3545 3684 3600 femina
3706 3551 3798 3600 est

2138 3626 2620 3698 intemperantia.
2639 3629 2846 3683 Ortum
2870 3635 3065 3685 autem
3087 3636 3144 3685 et
3163 3631 3471 3688 interitum
3493 3640 3792 3690 creatura-

2142 3733 2276 3772 rum
2320 3723 2564 3789 propter
2610 3717 2878 3788 ipsorum
2922 3725 3166 3776 naturas
3217 3722 3346 3777 ﬁeri
3393 3740 3636 3780 necesse
3681 3730 3792 3794 est,

2142 3823 2330 3877 usque
2363 3807 2434 3861 ad
2453 3807 2776 3878 perfectam
2801 3809 3249 3867 distinctionem
3276 3818 3334 3866 et
3353 3815 3794 3870 restitutionem

2144 3895 2473 3959 electionis,
2508 3912 2617 3967 per
2646 3913 2848 3967 quam,
2882 3916 3014 3969 quae
3034 3901 3212 3956 etiam
3243 3907 3383 3956 sunt
3411 3903 3634 3958 mundo
3667 3921 3797 3976 pen-

2142 3985 2334 4039 mistze
2354 3984 2690 4039 etconfusaa
2714 3985 3085 4053 substantia,
3110 3990 3458 4060 proprietati
3483 4009 3604 4046 suas
3621 3993 3798 4047 resti-

2143 4079 2412 4128 tuuntur.
2448 4072 2612 4127 Unde
2647 4075 2858 4128 merito
2891 4092 3026 4130 cum
3060 4076 3132 4131 de
3155 4081 3673 4136 consummatione
3696 4081 3798 4136 Lo-

2142 4179 2246 4234 gos
2276 4163 2509 4217 locutus
2539 4161 2752 4224 fuerat.
2782 4164 2866 4218 ait
2904 4164 3175 4221 Salome:
3226 4189 3255 4216 ιι
3299 4169 3618 4240 Quousque
3667 4186 3796 4224 mo-

2141 4253 2374 4306 rientur
2404 4251 2678 4306 homines
2701 4251 2728 4306 ?
2757 4274 2786 4302 »
2821 4254 3134 4310 Hominem
3174 4262 3374 4312 autem
3425 4264 3592 4315 vocat
3643 4259 3800 4314 Scri-

2143 4347 2318 4413 ptura
2337 4339 2657 4412 dupliciter
2679 4357 2692 4396 :
2727 4347 2787 4396 et
2809 4358 2969 4410 eum,
2995 4344 3095 4414 qui
3120 4352 3385 4416 apparet,
3420 4353 3478 4402 et
3495 4349 3758 4403 animam
3782 4365 3795 4414 ;

2145 4437 2204 4485 et
2261 4446 2397 4486 eum
2448 4447 2676 4495 rursus,
2723 4431 2826 4502 qui
2879 4440 3164 4500 servatur,
3215 4440 3275 4489 et
3318 4453 3456 4491 eum
3502 4437 3602 4509 qui
3652 4454 3797 4493 non.

449 4553 525 4625 (a)
551 4553 602 4606 ΙΙ
631 4552 762 4606 Cor.
790 4567 843 4617 v,
877 4552 964 4605 10.
987 4549 1074 4676 ἑὸ)
1104 4548 1276 4615 lbid.,
1312 4549 1518 4631 16,17.
1553 4549 1624 4621 (c)
1655 4548 1707 4603 II
1753 4547 1883 4604 Cor.
1942 4565 2018 4617 γι,

449 4628 502 4690 2,
531 4625 633 4678 453
667 4624 779 4677 ΕΙ).
813 4623 982 4677 PARI
1031 4664 1044 4678 .
1074 4622 1142 4692 (e)
1174 4621 1388 4692 Ephes.
1419 4638 1478 4684 ιι,
1511 4623 1564 4676 5.

2145 4579 2167 4617 ι,
2231 4551 2316 4616 15,
2353 4550 2439 4604 16.
2474 4547 2552 4616 (d)
2583 4549 2632 4604 II
2663 4547 2794 4602 Cor.
2827 4565 2921 4617 vn,
2953 4549 3008 4605 1.
3039 4549 3102 4614 ›ι‹
3132 4553 3196 4608 Ρ.
3223 4554 3328 4608 540
3358 4555 3470 4611 ED.
3503 4555 3800 4626 POTTER,

1001 4733 1024 4790 έ

473 4743 526 4803 5)
557 4732 722 4809 Ἰδού,
771 4731 996 4809 Ἰδοῦᾳγ

471 4802 526 4883 6)
557 4805 761 4883 'lI_-t_ic.
791 4802 999 4883 TicA'o‘é'.
1033 4802 1082 4863 Ῐῐ
1096 4809 1245 4883 _Cor.
1277 4825 1353 4863 v1.

469 4876 527 4953 7)
562 4877 760 4954 Βελίαρ
785 4900 814 4954 ;_
847 4879 931 4940 τίς
985 4900 1068 4954 μς..
1095 4877 1338 4954 Βελλίαλς
1495 4876 1583 4939 τίς
1617 4899 1676 4951 μ.
1713 4879 1760 4937 ll
1791 4880 1920 4935 Cor.
1955 4897 2035 4949 γι,

375 4948 477 5011 ubi
511 4948 1154 5026 moxsiic'énqvéliac,
1188 4950 1485 5026 ἀγαπητοὶ,
1516 4948 1639 5026 καθ’,

449 5027 526 5097 (8)
559 5023 852 5098 Πρότερον.
886 5023 1108 5096 Nempe
1139 5041 1196 5096 p.
1220 5023 1324 5079 445
1349 5024 1487 5079 edit.
1515 5024 1725 5090 Paris.,
1752 5023 1852 5078 ubi
1877 5024 2033 5080 conf.

378 5098 685 5154 adnotata.

449 5167 774 5243 (9)_Nu.poi.
805 5167 1307 5243 RespicitEphes.
1341 5185 1405 5232 ιι,
1453 5170 1518 5221 5;
1561 5164 1658 5243 Καὶ
1696 5160 1856 5243 ὄντας
1885 5165 2035 5243 ἠμᾷς

374 5235 599 5314 νεκροὺς
651 5235 770 5303 τοῖς
823 5235 1233 5314 παραπτώμασι
1283 5235 1722 5307 συνεζωοποίησε
1765 5241 1845 5310 τῷ
1899 5235 2035 5311 Χρί-

377 5333 440 5367 στ

447 4741 465 4954 ἔ

445 5335 570 5466 at».
593 5385 802 5466 Γραφή.
836 5385 1058 5466 II_.C_01_‘_..
1083 5399 1158 5440 iv.
1192 5382 1279 5437 Ad
1301 5382 1538 5466 dicth
1571 5381 1644 5436 de
1674 5385 1867 5466 morte
1892 5398 2037 5466 _p_er-

376 5451 530 5514 tinet
558 5451 728 5513 ιδιὺᾶ
751 5451 916 5513 Pauli
948 5457 970 5510 Ι
1000 5456 1148 5511 Tim.
1181 5473 1212 5508 v
1241 5475 1252 5509 ;
1301 5454 1366 5511 Ἦ
1424 5451 1481 5508 δὲ
1522 5451 1855 5507 σπαταλῶσα
1891 5451 2037 5520 ζῶσα

370 5529 618 5600 τέθνηκε·
654 5535 714 5586 et
743 5529 869 5584 haec
906 5525 1181 5600 Philonis
1216 5543 1358 5600 pag.
1412 5528 1470 5582 4-1
1508 5543 1520 5581 :
1561 5523 1742 5600 ΔΦρσει
1793 5524 1886 5600 μὶν
1937 5523 2037 5578 οὐκ

373 5594 486 5673 ἔστι
519 5594 768 5673 θάνατος,
797 5599 916 5673 καθ’
969 5596 1049 5673 ὅν-
1078 5594 1379 5673 χωρίζετῗαι
1428 5597 1593 5673 ψυχὴ,
1617 5595 1722 5673 ἀπο
1753 5594 2032 5673 σωματος·

373 5673 402 5729 ὁ
435 5671 495 5730 δι
525 5672 614 5728 ἐπὶ
642 5666 886 5748 τιμωρίᾳ
931 5666 1264 5744 συνίσταται,
1311 5666 1453 5727 ὅταν
1572 5668 1728 5746 ψυχή
1774 5666 1868 5724 τὸν
1909 5666 2035 5744 ἀρε-

1061 4754 1151 4812 ονε
1193 4733 1355 4788 καινά
1399 4733 1468 4789 τὰ
1511 4733 1702 4791 πάντα.
1735 4735 1786 4790 ΙΙ
1815 4736 1946 4791 Cor.
1980 4751 2028 4791 ν.
2069 4746 2115 4812 D
2144 4732 2398 4812 iﬁgﬁtov
2430 4734 2662 4808 θνήσκῃ,
2694 4732 2787 4812 τρν
2840 4731 2898 4812 δὲ
2943 4734 3138 4799 κακίας
3190 4740 3255 4812 ζῇ
3300 4737 3490 4811 μόνον.
3524 4741 3596 4798 Εὗ
3631 4737 3688 4796 δὶ
3711 4741 3806 4797 καὶ

2147 4803 2581 4888 (τέ-Ἥράκλειτος,
2611 4803 2748 4888 κλιτά
2793 4809 2956 4888 τοῦτο
3007 4803 3700 4888 μωϋσέ-ωςίάκολουτήσας
3725 4818 3806 4888 τῷ

2148 4875 2416 4957 δόγματι,
2441 4878 2598 4957 φησίς
2628 4879 2819 4957 Ζῶμεν
2862 4879 2954 4957 τὸν
3003 4880 3221 4937 ἐκείνων
3256 4885 3507 4957 θάνατον,
3540 4875 3803 4956 τεθνήκειζ

2151 4949 2244 5024 μεν
2260 4949 2265 4950 ⁷
2281 4949 2337 5004 δὶ
2362 4949 2886 5025 τρνίέκείνωνίβίον.
2919 4955 3193 5012 SYLBURG.

2219 5022 2596 5102 (⁸11)-1γ1ἑγζριςἶ
2632 5022 2791 5102 Infra
2842 5024 2929 5102 in_
2955 5029 3216 5102 Excerpt.
3250 5046 3319 5102 ex
3355 5030 3800 5102 Th_eodot.,_p_ag.

2299 5094 2438 5150 edit.
2467 5096 2652 5172 Paris.
2681 5096 2880 5172 εᾪταν
2909 5097 2937 5150 ὁ
2961 5094 3159 5172 Σωτὴρ
3181 5100 3317 5172 πρὸς
3345 5097 3624 5172 Σαλώμην
3651 5094 3804 5172 λέγῇ,

2148 5189 2175 5215 ‹‹
2204 5164 2387 5241 Μέχρι
2423 5165 2548 5245 τότε
2575 5166 2709 5245 εἶναι
2742 5167 2990 5245 θάνατον,
3024 5164 3187 5245 ἄχρις
3225 5164 3305 5245 ’ἂν
3350 5172 3403 5224 αἱ
3451 5164 3701 5245 γυναῖκες
3729 5164 3808 5245 Fci-

2148 5189 2175 5215 ‹‹
2204 5189 2387 5241 ινιεγρι
2423 5189 2548 5221 τοτε
2575 5189 2709 5220 ειναι
2742 5189 2990 5238 οανατον,
3024 5191 3055 5224 α
3105 5190 3187 5240 ρις
3239 5189 3298 5224 αν
3350 5189 3403 5224 αι
3451 5189 3701 5245 γυναικες
3730 5192 3805 5226 τι-

2145 5234 2372 5318 κτωσιν,
2408 5263 2434 5318 >3
2467 5237 2530 5318 οῦ
2559 5239 2660 5306 τὴν
2719 5238 2931 5318 γένεσιν
2980 5189 3216 5310 καιῇζων
3263 5238 3466 5318 ἔλεγεν,
3517 5243 3805 5318 ἀναγκαίαν

2147 5309 2313 5363 οὖσαν
2347 5307 2437 5365 διὰ
2471 5311 2564 5376 τὴν
2602 5307 2874 5381 σπτηρίαν
2926 5317 3034 5366 τῶν
3081 5307 3465 5371 πὶστευόντὶυν.
3501 5340 3527 5367 ιι
3560 5307 3806 5382 Quando

2147 5383 2419 5438 Servator
2450 5384 2703 5458 Salomm
2737 5383 2923 5440 dixit:
2954 5389 3031 5441 Eo
3053 5403 3222 5457 usque
3241 5390 3359 5455 fore
3385 5395 3634 5455 mortem,
3668 5404 3811 5458 quo-

2146 5471 2318 5525 usque
2346 5455 2603 5512 muliercs
2626 5463 2913 5527 parerent,
2954 5474 3072 5512 non
3106 5455 3338 5514 loculus
3370 5465 3460 5514 est
3491 5460 3603 5515 ista
3635 5455 3695 5515 in
3726 5459 3808 5513 vi-

2147 5529 2445 5598 tuperium
2519 5527 2911 5594 enerationis,
2941 5545 3071 5599 qua:
3113 5530 3319 5602 utique
3350 5532 3690 5588 necessaria
3723 5535 3814 5588 est

2147 5605 2392 5656 nronter
2422 5545 2684 5656 seintem
2717 5599 3003 5656 fidelium.
3041 5623 3069 5651 ››

2455 5617 2488 5657 a

2146 5605 2392 5673 propter
2422 5599 2684 5657 salutem
2717 5599 3003 5656 fidelium.
3041 5623 3069 5651 »
