4144 6388
368 349 510 405 1167

1608 340 2016 399 CLEMENTIS
2052 339 2559 399 ALEXANDle

3652 345 3796 401 1168

367 480 523 535 Mors
554 480 754 534 autem
785 474 998 528 animm
1030 469 1248 525 dicitur
1264 474 1592 542 peccatum.
1626 470 1816 534 Quare
1848 472 2017 522 caute

2137 464 2336 540 μέχρις
2366 463 2427 520 ἂν
2461 469 2515 522 αἱ
2548 467 2827 542 ἐπιθυμίαι
2883 470 3166 546 ἐνεργῶσι.
3217 493 3243 526 α
3283 470 3384 526 Διὰ
3410 474 3575 526 τοῦτο
3607 474 3791 546 ὥσπερ

369 576 429 626 et
458 570 827 625 considerate
858 564 1180 637 respondet
1223 564 1543 618 Dominus:
1566 587 1591 611 ‹‹
1628 561 2022 632 Quoadusque

373 659 717 732 pepererint
730 658 1066 717 mulieres,»
1090 654 1201 708 hoc
1216 651 1599 723 est.quandiu
1617 652 2025 723 operabuntur

373 748 745 820 cupiditates.
769 768 795 795 «
813 747 883 799 Et
900 744 1031 799 ideo
1056 741 1559 815 quemadmodum
1583 759 1690 814 per
1704 758 1890 796 unum
1914 741 1988 795 ho
2008 769 2022 782 -

372 837 595 892 minem
627 841 935 908 peccatum
968 835 1300 905 ingressum
1334 838 1422 888 est
1450 832 1508 887 in
1561 831 1875 895 mundum,
1921 846 2027 902 per

373 932 681 999 peccatum
713 941 949 997 quoque
985 940 1144 979 mors
1175 922 1248 978 ad
1281 939 1491 977 omnes
1521 921 1795 976 homines
1818 938 2026 993 perva-

375 1017 453 1071 sit
477 1021 768 1087 quatenus
800 1031 1009 1070 omnes
1031 1019 1427 1085 peccaverunt
1450 1030 1463 1078 ;
1490 1019 1547 1066 et
1576 1011 1845 1084 regnavit
1865 1026 2026 1065 mors

373 1105 445 1161 ab
478 1104 665 1160 Adam
689 1120 878 1176 usque
903 1103 977 1159 ad
999 1105 1239 1175 Moysen
1262 1104 1354 1172 (α),
1390 1124 1416 1151 ›ι
1448 1101 1645 1173 inquit
1670 1099 2023 1172 Apostolus;

373 1194 634 1250 naturali
658 1200 857 1249 autem
886 1193 1099 1249 divinm
1122 1192 1466 1248 (economiaa
1487 1190 1841 1246 necessitate
1864 1206 2026 1244 mors

371 1284 643 1356 sequitur
671 1283 1118 1356 generationem
1143 1299 1154 1336 :
1189 1287 1248 1337 et
1276 1281 1542 1353 corporis
1565 1285 1624 1335 et
1643 1280 1858 1336 animae
1883 1296 2027 1334 con-

362 1373 741 1449 junctionem
771 1372 1160 1444 consequitur
1190 1388 1395 1427 eorum
1442 1370 1777 1426 dissolutio.
1830 1369 1885 1423 Si
1936 1372 2028 1423 est

370 1466 567 1517 autem
601 1468 842 1534 propter
872 1462 1204 1517 doctrinam
1236 1466 1294 1515 et
1310 1461 1674 1533 agnitionem
1697 1458 2022 1531 generatio,

368 1550 765 1607 restitutionis
794 1568 975 1608 causa
1004 1551 1117 1605 erit
1138 1550 1473 1605 dissolutio.
1499 1549 1801 1615 Quomodo
1823 1554 2023 1603 autem

370 1640 744 1697 existimatur
769 1640 989 1697 mulier
1018 1656 1197 1694 causa
1235 1640 1467 1708 mortis,
1500 1644 1815 1710 propterea
1864 1634 2024 1708 quod

370 1730 564 1801 pariat
588 1746 600 1784 :
634 1730 717 1785 ita
734 1731 914 1785 etiam
936 1730 1167 1784 dicetur
1187 1728 1306 1783 dux
1325 1728 1455 1782 vita:
1478 1733 1721 1799 propter
1750 1724 2023 1782 eamdem

2133 552 2201 609 δι’
2233 556 2350 618 ἑνὸς
2384 554 2679 624 ἄνθρώπου
2711 560 2744 628 ἠ
2796 560 3037 634 ἁμαρτία
3089 559 3165 623 εἷς
3212 561 3307 617 τὸν
3357 561 3562 633 κόσμον
3600 559 3790 631 εἰσῆλ-

2132 645 2209 713 Θε,
2241 647 2328 701 καὶ
2365 643 2454 702 διὰ
2508 654 2608 717 τῆς
2666 649 2936 726 ἁμαρτίας
2992 651 3020 704 ὁ
3080 650 3308 712 θάνατος
3341 654 3451 725 (12)
3487 651 3562 712 είς
3590 653 3795 713 πάντας

2132 736 2454 810 ἀνθρώπους
2503 737 2744 808 διῆλθεν,
2802 738 2884 819 ἐφ’
2938 740 2984 813 ᾧ
3037 741 3231 803 πάντες
3282 743 3515 816 ἣματον·
3559 741 3647 797 καὶ
3679 744 3794 817 (13)

2133 821 2473 884 ἐϐασίλευσεν
2508 830 2535 884 ὁ
2566 831 2795 893 Θάνατος
2845 830 2952 885 ἀπὸ
3001 827 3186 903 Ἀδάμ
3220 832 3389 907 μέχρι
3422 832 3723 900 Μωϋσὲως,
3760 858 3784 887 ι

2133 918 2296 993 φησὶν
2332 918 2360 973 ὁ
2391 918 2753 981 Ἀπόστολος·
2788 923 2989 994 φυσικῇ
3044 917 3102 974 δὲ
3150 920 3351 996 ἀνάγκη
3393 921 3536 983 θείας
3569 921 3792 977 οἶκονο”

2136 1006 2262 1079 μίας
2293 1008 2494 1082 γενὲσει
2546 1010 2771 1073 θάνατος
2812 1005 3020 1067 ἕπεται.
3074 1010 3162 1065 καὶ
3223 1007 3435 1083 συνόδῳ
3479 1014 3665 1086 ψυχῆς
3697 1011 3793 1066 καὶ

2133 1096 2385 1168 σώματος
2431 1100 2466 1168 ἡ
2516 1097 2723 1153 τούτων
2771 1094 3017 1161 διάλυσις
3076 1096 3388 1163 ἀκολουθεῖ,
3424 1098 3489 1157 El
3522 1097 3580 1155 δὲ
3607 1096 3793 1156 ἕνεκεν

2135 1188 2420 1259 μαθήσεως
2479 1190 2568 1243 καὶ
2627 1188 2977 1264 ἐπιγνώσεως
3031 1191 3066 1259 ἡ
3122 1189 3350 1265 γένεσις,
3408 1189 3790 1246 ἀποκαταστά-

2131 1297 2267 1339 σεως
2298 1272 2355 1331 δὲ
2382 1280 2491 1351 (14)
2531 1280 2566 1348 ἠ
2618 1276 2888 1342 διάλυσις·
2943 1278 3018 1339 ὡς
3063 1275 3121 1335 δὲ
3168 1278 3314 1334 αἲτία
3345 1281 3574 1344 θανάτου
3605 1276 3697 1336 διὰ
3726 1279 3794 1336 τὸ

2128 1365 2325 1423 τίκτειν
2355 1369 2390 1438 ἡ
2422 1369 2557 1445 γυνὴ
2589 1368 2894 1442 νομίζεται,
2928 1369 3073 1426 οὕτω
3123 1370 3215 1425 καί
3266 1375 3413 1440 ζωῆς
3442 1368 3533 1426 διὰ
3560 1372 3660 1441 τήν
3695 1369 3793 1427 αὖ·

2129 1457 2228 1525 τήν
2263 1455 2437 1511 αἰτίαν
2470 1455 2804 1533 λεχθήσεται
2852 1461 3103 1535 ἡγεμών.
3160 1459 3369 1515 Αὐτίκα
3398 1462 3433 1529 ἡ
3466 1462 3789 1535 προκατάρ-

2132 1545 2262 1615 ξασα
2290 1552 2389 1616 τῆς
2418 1542 2778 1623 παραϐάσεως
2813 1549 2923 1623 (15)
2961 1572 2982 1602 ι
3019 1548 3133 1618 ζωὴ
3170 1572 3198 1600 »
3247 1552 3359 1621 (16)
3400 1550 3787 1627 προσηγορεύ-

2133 1644 2198 1706 θη
2233 1631 2322 1689 διὰ
2349 1636 2448 1704 τὴν
2488 1643 2590 1706 τῆς
2637 1632 2906 1713 διαδοχῆς
2959 1635 3161 1708 αἰτίαν,
3204 1643 3313 1693 τῶν
3344 1659 3404 1694 τε
3432 1638 3787 1714 γεννωμὲνων

2128 1728 2237 1778 τῶν
2269 1744 2328 1779 τε
2358 1726 2777 1801 ἁμαρτανόντων
2837 1729 2951 1800 (17)
3008 1727 3237 1804 γίνεται,
3299 1729 3514 1801 ὁμοίως
3562 1727 3787 1787 δικαίων

369 1835 631 1875 causam.
661 1819 919 1873 Proinde
959 1835 1091 1889 quaa
1140 1818 1304 1889 prior
1353 1816 1652 1871 inchoavit
1695 1821 2017 1888 transgres-

2134 1812 2210 1874 ὡς
2238 1812 2329 1868 καί
2358 1811 2583 1881 ἀδίκων,
2645 1817 2853 1891 μήτηρ,
2913 1815 3141 1872 ἑκάστου
3200 1815 3364 1890 ἡμῶν
3396 1818 3585 1875 ἑαυτὸν
3618 1816 3793 1876 δικαι-

370 1908 625 1975 sionem,
688 1907 821 1963 Vita
874 1913 965 1962 est
1008 1906 1306 1978 appellata
1346 1907 1442 1973 (ὁ),
1497 1911 1741 1978 propter
1784 1919 2024 1960 causam

373 1996 803 2053 successionis:
831 2002 1136 2062 eteorum,
1162 1997 1260 2067 qui
1284 2001 1668 2069 generantur,
1690 2000 1744 2050 et
1764 1995 1864 2066 qui
1888 2010 2026 2065 pec-

374 2090 533 2152 cant,
568 2091 688 2141 tam
712 2087 1014 2158 justorum
1049 2101 1227 2156 quam
1276 2085 1658 2156 injustorum,
1692 2090 1884 2139 mater
1913 2088 2022 2149 est,

373 2192 737 2246 unoquoque
767 2181 1039 2230 nostrum
1064 2174 1327 2245 seipsum
1346 2173 1739 2245 justiﬁcante,
1760 2173 1849 2228 vel
1882 2190 2022 2228 con-

373 2270 464 2320 tra
498 2264 946 2320 inobedientem
978 2264 1392 2320 constituente.
1430 2262 1594 2318 Unde
1627 2280 1746 2318 non
1770 2278 1874 2334 ego
1900 2263 2025 2332 qui-

376 2354 510 2410 dem
545 2354 802 2410 arbitror
831 2354 1180 2427 Apostolum
1211 2352 1534 2408 abhorrere
1560 2352 1763 2417 vitam,
1787 2369 1917 2422 quae
1936 2355 2028 2407 est

369 2442 433 2507 »Χε
460 2444 521 2498 in
554 2460 756 2512 carne,
790 2460 925 2499 cum
959 2443 1142 2498 dicit:
1178 2465 1205 2491 ‹‹
1239 2442 1350 2497 Sed
1383 2442 1444 2496 in
1483 2441 1648 2496 omni
1690 2440 1927 2510 ﬁducia,
1958 2445 2026 2495 ut

374 2551 628 2607 semper,
664 2553 824 2591 nunc
850 2550 1087 2606 quoque
1118 2534 1387 2589 Christus
1437 2532 1916 2605 magniﬁcabitur
1961 2532 2024 2587 in

373 2641 617 2696 corpore
651 2642 802 2690 meo,
852 2624 971 2679 sive
1018 2641 1125 2695 per
1169 2624 1369 2687 vitam,
1423 2624 1543 2677 sive
1592 2639 1699 2694 per
1746 2628 2022 2678 mortem.

373 2714 511 2769 Mihi
539 2715 699 2770 enim
726 2715 914 2769 vivere
946 2714 1214 2769 Christus
1248 2718 1305 2768 et
1357 2712 1505 2768 mori
1536 2712 1791 2767 lucrum.
1829 2712 1885 2767 Si
1917 2729 2025 2767 au—

372 2808 492 2859 tem
524 2806 715 2859 vivere
748 2805 809 2858 in
841 2819 1038 2869 carne,
1072 2808 1132 2858 et
1162 2804 1274 2858 hoc
1318 2818 1554 2873 quoque
1604 2802 1752 2857 mihi
1794 2801 2024 2858 fructus

372 2894 591 2965 operis,
625 2894 767 2966 quid
798 2893 1012 2967 eligam
1044 2893 1267 2957 nescio,
1300 2898 1360 2948 et
1389 2897 1657 2948 coarctor
1676 2909 1747 2948 ex
1768 2892 2021 2963 duobus,

372 2984 621 3055 cupiens
652 2983 891 3051 resolvi,
926 2988 984 3038 et
1013 3000 1142 3038 esse
1172 2999 1309 3037 cum
1336 2982 1606 3037 Christo:
1640 2981 1830 3037 multo
1862 2980 2024 3037 enim

369 3072 623 3129 melius:
655 3089 898 3128 manere
930 3078 1129 3128 autem
1162 3072 1223 3127 in
1254 3088 1456 3142 carne,
1488 3076 1580 3127 est
1601 3071 1789 3145 magis
1817 3088 2024 3127 neces-

369 3162 593 3218 sarium
625 3168 867 3233 propter
894 3180 994 3217 vos
1024 3162 1112 3233 (c).
1151 3185 1178 3211 ››
1210 3163 1322 3217 Per
1352 3162 1479 3217 haec
1510 3162 1692 3229 enim,
1741 3166 1809 3215 ut
1854 3166 2019 3233 puto,
2051 3202 2095 3270 C

366 3256 569 3323 aperte
591 3251 872 3317 ostendit,
908 3252 1099 3307 exitus
1120 3251 1364 3323 quidem
1387 3268 1418 3307 e
1440 3268 1687 3323 corpore
1703 3250 2019 3323 perfectio-

365 3356 525 3408 nem,
557 3358 689 3397 esse
716 3342 783 3397 in
814 3342 916 3397 Dei
938 3340 1320 3397 dilectionem
1346 3358 1360 3395 :
1386 3341 1516 3412 ejus
1532 3346 1729 3396 autem
1761 3358 2022 3412 praasen-

366 3428 463 3485 tiae
494 3430 555 3485 in
586 3447 787 3494 carne,
820 3448 892 3486 ex
920 3436 1088 3503 grato
1133 3431 1333 3486 animo
1384 3430 1713 3501 profectam
1762 3431 2022 3486 toleran-

366 3518 534 3588 tiam,
566 3526 813 3592 propter
843 3538 967 3587 eos,
1001 3521 1100 3591 qui
1124 3520 1315 3576 salute
1347 3520 1634 3592 indigent.
1668 3519 1816 3583 Quid
1838 3535 1974 3575 vero
1997 3519 2024 3573 ‘I

366 3624 489 3663 non
510 3609 693 3665 etiam
711 3625 804 3677 ea,
828 3626 960 3680 quas
983 3609 1267 3680 deinceps
1290 3613 1643 3678 sequuntur,
1677 3624 1747 3663 ex
1768 3609 1863 3675 iis,
1889 3624 2021 3679 qua;

367 3697 529 3753 dicta
559 3703 702 3753 sunt
728 3697 802 3753 ad
834 3697 1133 3765 Salomen,
1179 3698 1330 3754 I95
1387 3696 1757 3768 subjungunt
1803 3697 1866 3765 ii,
1919 3698 2021 3768 qui

367 3786 600 3858 quidvis
658 3787 857 3858 potius
915 3803 1093 3857 quam
1143 3803 1275 3857 quaa
1327 3803 1397 3840 ex
1453 3786 1719 3854 veritate,
1762 3773 2018 3859 'evange-

367 3875 547 3931 licam
577 3876 842 3950 regulam
876 3882 1017 3931 sunt
1033 3875 1220 3933 secuti
1244 3875 1271 3930 ?
1289 3876 1435 3931 Cum
1458 3893 1527 3932 ea
1547 3877 1708 3931 enim
1731 3875 1978 3931 dixisset
2002 3894 2015 3932 :

368 3987 395 4016 (ι
428 3968 605 4021 Recte
637 3983 774 4039 ergo
804 3966 939 4034 feci,
964 3982 1095 4037 quaa
1118 3983 1240 4021 non
1266 3966 1469 4038 peperi
1497 3982 1509 4019 :
1536 3987 1563 4015 ››
1588 3965 1833 4036 scilicet,
1857 3967 2018 4037 quod

364 4056 666 4127 generatio
699 4073 821 4111 non
853 4061 1010 4111 esset
1039 4062 1102 4111 ut
1135 4061 1368 4126 oportet
1410 4062 1751 4127 assumpta;
1802 4057 2020 4128 excipit

362 4144 669 4214 Dominus,
702 4145 1004 4201 dicens:«
1050 4145 1224 4201 Omni
1276 4144 1461 4201 herba
1505 4161 1762 4213 vescere,
1811 4161 1879 4201 ea
1907 4163 2011 4201 au-

359 4239 502 4303 tem,
535 4251 666 4306 quaa
696 4233 877 4289 habet
906 4234 1391 4302 amaritudinem,
1424 4250 1499 4288 ne
1544 4234 1821 4289 vescaris.
1847 4256 1876 4284 »
1904 4236 2017 4290 Per

357 4323 484 4380 hac
501 4323 661 4380 enim
681 4323 995 4396 signiﬁcat,
1020 4341 1150 4380 esse
1173 4325 1236 4379 in
1255 4329 1459 4379 nostra
1478 4328 1789 4395 potestate,
1811 4331 1871 4379 et
1890 4341 2012 4379 non

2131 1904 2341 1971 οὖντος,
2399 1902 2435 1973 ἢ
2494 1897 2734 1977 ἔμπαλιν
2792 1905 2988 1975 ἀπειθῆ
3047 1907 3565 1977 κατασκευάζοντος.
3624 1910 3787 1974 Ὅθεν

2130 1990 2239 2065 οὐχ
2267 1994 2514 2065 ἠγοῦμαι
2562 1987 2741 2069 ἔγωγε
2792 1996 3150 2066 μυσάττεσθαι
3198 1998 3298 2067 τήν
3349 1994 3401 2051 ἒν
3454 1998 3611 2073 σαρκὶ
3641 1999 3790 2069 ζωὴν

2127 2079 2221 2134 τὸν
2255 2080 2614 2151 Ἀπόστολον,
2674 2083 2914 2153 ὁπηνίκα
2970 2083 3029 2139 ἂν
3089 2088 3185 2162 φῇ.
3248 2109 3276 2138 (ι
3329 2084 3490 2144 Ἀλλ’
3540 2087 3592 2142 ἐν
3637 2089 3786 2163 μάσῃ

2130 2169 2429 2245 παρῥησίᾳ,
2462 2172 2539 2234 ὡς
2569 2171 2821 2243 πάντοτε,
2871 2174 2961 2229 καὶ
3010 2177 3109 2243 νῦν
3155 2177 3621 2251 μεγαλυνθήσεται
3650 2177 3788 2252 Χρι-

2130 2260 2253 2322 στὸς
2284 2260 2339 2314 ὲν
2369 2264 2449 2332 τῷ
2480 2261 2695 2333 σώματί
2742 2284 2849 2334 μου
2898 2262 3006 2318 εἴτε
3053 2260 3144 2319 διὰ
3189 2268 3335 2334 ζωῆς
3363 2264 3473 2321 εἴτε
3502 2262 3593 2321 διὰ
3623 2268 3788 2321 Θανά-

2126 2370 2245 2407 του.
2276 2347 2402 2421 ἐμοὶ
2432 2351 2537 2425 γάρ
2566 2351 2628 2406 τὸ
2681 2354 2776 2424 ζῇν
2818 2352 3074 2425 Χριστὸς,
3122 2352 3213 2408 καὶ
3255 2354 3318 2408 τὸ
3350 2354 3638 2410 ἀποθανεῖν
3665 2355 3790 2430 κίρ-

2129 2436 2241 2501 δος.
2276 2438 2343 2495 Ei’
2371 2436 2429 2494 δὲ
2456 2440 2518 2495 τὸ
2570 2444 2667 2514 ζῇν
2718 2439 2772 2495 ἐν
2827 2441 3009 2517 σαρκὶ,
3054 2443 3142 2497 καὶ
3175 2445 3287 2516 (18)
3316 2444 3478 2499 τοῦτό
3530 2465 3625 2517 μοι
3655 2465 3788 2521 καρ-

2127 2529 2230 2590 πὸς
2258 2523 2437 2605 ἔργου·
2487 2530 2540 2584 τί
2584 2530 2909 2603 αἱρήσομαι,
2960 2530 3022 2586 οὐ
3067 2531 3340 2606 γνωρίζω·
3391 2533 3697 2610 Θυνὲχομαί
3724 2554 3787 2590 τε

2130 2616 2190 2673 ἐκ
2215 2623 2324 2673 τῶν
2354 2616 2472 2687 δύο,
2505 2620 2604 2688 τήν
2638 2617 2927 2692 ἐπιθυμίαν
2961 2617 3108 2697 ἔχων
3157 2619 3235 2683 ἔίς
3280 2621 3343 2677 τὸ
3372 2620 3659 2695 ἀναλῦσαι,
3689 2623 3785 2680 καὶ

2131 2709 2224 2763 σὺν
2255 2710 2475 2784 Χριστῷ
2504 2710 2657 2764 εἶναι’
2690 2708 2890 2782 πολλῷ
2919 2710 3024 2785 γὰρ
3067 2716 3367 2782 κρεῖττοον·
3407 2713 3472 2768 τὸ
3502 2710 3560 2768 δὶ
3589 2713 3786 2787 ἐπιμε-

2127 2819 2238 2853 νειν
2269 2800 2336 2872 τῇ
2385 2800 2541 2872 σαρκὶ
2595 2799 3011 2875 ἀναγκαιότερον
3072 2797 3146 2856 δι’
3204 2802 3363 2875 ὑμᾶς·
3397 2826 3425 2855 aa
3485 2799 3783 2875 ἐνεδείξατο

2129 2887 2256 2963 γάρ,
2290 2888 2468 2961 οἶμαι,
2500 2885 2591 2943 διά
2634 2888 2847 2945 τούτων
2905 2894 3092 2964 σαφῶς
3146 2897 3247 2961 τῆς
3307 2891 3402 2965 μὲν
3453 2889 3639 2963 ἐξόδου
3680 2898 3782 2949 τοῦ

2129 2977 2383 3049 σώματος
2414 2979 2514 3047 τήν
2546 2978 2683 3054 πρὸς
2737 2978 2867 3034 Θεὸν
2911 2979 3122 3054 ἀγάπην
3171 2978 3453 3036 τελείωσιν
3491 2982 3647 3051 εἶναι,
3679 2989 3782 3053 τῆς

2130 3062 2187 3121 δὲ
2212 3064 2267 3121 ἐν
2291 3068 2447 3142 σαρκί
2477 3069 2783 3140 παρουσίας
2811 3069 2913 3138 τήν
2957 3069 3287 3145 εὐχάριστον
3318 3067 3408 3125 διὰ
3433 3070 3564 3135 τοὺς
3595 3078 3787 3142 σωθῆ-

2130 3176 2219 3210 ναι
2252 3152 2542 3229 δεομένους
2579 3157 2885 3230 ὑπομονήν.
2915 3158 2984 3215 Τί
3017 3155 3112 3229 δὶς
3144 3157 3274 3235 οὐχὶ
3302 3160 3394 3215 καὶ
3423 3161 3493 3216 τὰ
3519 3160 3644 3234 ἑξῆς
3673 3166 3784 3217 τῶν

2134 3245 2269 3318 πρὸς
2296 3245 2579 3319 Σαλώμην
2618 3245 2925 3322 εἰρημένων
2971 3246 3317 3325 ἂπιφὲρουσιν
3351 3248 3405 3304 oi
3432 3249 3608 3306 πάντα
3641 3250 3790 3324 μᾶλ-

2134 3332 2232 3390 λον
2263 3334 2300 3404 ἢ
2324 3340 2406 3407 τῷ
2433 3337 2570 3391 κατὰ
2596 3336 2698 3405 τὴν
2731 3335 2991 3407 ἀλήθειαν
3022 3336 3365 3413 εὖάγγελικῷ
3396 3339 3792 3411 στοιχήσαντες

2131 3424 2357 3496 κανόνι;
2417 3426 2679 3499 Φαμένης
2734 3427 2839 3501 γὰρ
2895 3425 3087 3497 αὐτῆς.
3147 3452 3175 3480 ‹‹
3203 3427 3401 3491 Καλῶς
3435 3426 3528 3486 οὗν
3554 3429 3790 3500 ἐποίησα

2135 3515 2212 3588 μὴ
2242 3519 2492 3571 τεκοῦσα·
2527 3541 2555 3569 ››
2618 3517 2694 3579 ὡς
2754 3516 2822 3571 οὐ
2875 3514 3107 3580 δεόντως
3164 3523 3267 3587 τῆς
3321 3519 3579 3595 γενέσεως
3607 3539 3787 3595 παρα-

2132 3599 2571 3677 λαυϐανομὲνης,
2631 3599 2917 3678 ἀμείϐεται
2976 3605 3148 3681 λέγων
3210 3606 3239 3661 ὁ
3288 3606 3505 3680 Κύριος·
3541 3632 3569 3660 ‹‹
3606 3612 3788 3664 Ηᾶσαν

2130 3694 2268 3769 φάγε
2302 3693 2557 3767 βοτάνην·
2589 3694 2691 3763 τήν
2740 3691 2797 3750 δὲ
2851 3715 3073 3770 πικριαν
3133 3690 3366 3771 ἔχουσαν
3401 3698 3478 3771 μὴ
3509 3699 3714 3776 φάγῃς·
3749 3722 3781 3751 aa

2128 3782 2385 3855 σημαίνει
2413 3782 2519 3858 γὰρ
2549 3782 2639 3837 καὶ
2671 3780 2762 3838 διὰ
2788 3782 3021 3854 τούτων,
3067 3782 3151 3862 ἐφ’
3197 3788 3336 3858 ἡμῖν
3368 3785 3525 3855 εἶναι,
3558 3789 3647 3842 καὶ
3680 3785 3783 3843 οὐκ

2128 3871 2179 3944 ἐξ
2210 3873 2467 3949 ἀνάγκης,
2519 3877 2657 3927 κατὰ
2712 3871 2953 3929 κώλυσιν
3012 3871 3261 3945 ἐντοΑῆς,
3301 3872 3427 3946 ἤτοι
3454 3876 3555 3945 τὴν
3587 3875 3779 3953 ἐγκρά-

2124 3983 2271 4018 τειαν
2302 3959 2338 4030 ἢ
2369 3961 2581 4016 καὶτὸν
2628 3963 2832 4037 γάμοψ
2882 3962 2972 4018 καὶ
3031 3964 3115 4019 ὃτι
3165 3965 3194 4019 ὁ
3240 3965 3418 4040 γάμος
3450 3967 3779 4040 συνεργάζε-

2123 4053 2212 4110 ταί
2239 4075 2293 4109 τι
2321 4056 2390 4127 τῇ
2421 4053 2611 4121 κτίσει,
2670 4051 3121 4133 προσδιασαφῶν.
3178 4061 3266 4127 Μή
3312 4057 3436 4112 ποτ’
3467 4056 3558 4112 οὖν
3591 4056 3798 4133 ἀμέρ--

2121 4144 2275 4217 τημά
2300 4165 2385 4207 τις
2415 4144 2653 4220 ἡγείσθω
2683 4145 2774 4201 τὸν
2823 4147 3002 4220 γάμον
3048 4146 3141 4203 τὸν
3185 4148 3325 4202 κατὰ
3378 4148 3582 4224 Λόγον,
3616 4146 3661 4202 εἰ
3695 4148 3773 4220 μὴ

2122 4234 2320 4309 πικρὰν
2354 4240 2459 4307 (19)
2511 4230 2886 4309 ὑπολαμϐάνει
2936 4234 3355 4314 παιδοτροφίαν·
3403 4234 3644 4300 πολλοῖς
3672 4235 3777 4313 γὰρ

2123 4321 2362 4398 ἔμπαλιν
2413 4324 2628 4380 ἀτεκνία
2678 4325 3078 4401 λυπηρότατον·
3132 4326 3261 4399 μήτ’
3306 4324 3366 4380 ἂν
3401 4328 3511 4401 (20)
3540 4326 3712 4403 πικρά
3739 4328 3775 4396 ἡ

356 4429 484 4470 esse
505 4415 911 4470 necessarium
937 4430 1008 4468 ex
1027 4412 1425 4486 prohibitione
1440 4413 1743 4486 praacepti,
1757 4413 2001 4470 velcon-

2132 4412 2439 4470 παιδοποιία
2469 4413 2725 4493 φαίνηταί
2769 4435 2899 4485 τινι,
2958 4419 3416 4492 μεταπερισπῶσα
3459 4421 3569 4472 τῶν
3615 4413 3774 4480 θείων

426 4554 501 4625 (α)
531 4557 699 4611 Rom.
730 4571 782 4623 v,
815 4558 881 4609 12
920 4557 1004 4609 14.
1037 4556 1113 4627 (ὁ)
1146 4556 1288 4611 Gen.
1322 4571 1400 4622 ιιι,
1431 4555 1521 4611 20.
1543 4552 1607 4618 ἰα
1635 4555 1697 4609 Ρ.
1733 4557 1829 4609 541
1865 4556 1977 4612 ED.
2011 4558 2017 4613 ξ

2132 4558 2305 4614 .‘TER.
2338 4559 2465 4626 453,
2499 4559 2606 4613 434
2633 4559 2752 4615 ED.
2790 4558 3019 4614 PARIS.
3053 4558 3125 4631 (c)
3154 4558 3349 4631 Philip
3400 4575 3437 4629 ι,
3468 4559 3665 4614 20-24.

421 4700 535 4824 812)
561 4699 820 4761 Θάνατος.
855 4699 1007 4756 Bibl.
1062 4700 1312 4768 addunt,
1350 4700 1442 4752 καὶ
1480 4699 1659 4783 οὕτως
1689 4699 1765 4764 εἰς
1798 4701 2002 4764 πάντας

351 4768 411 4824 ἀν
454 4790 673 4845 ρωπους
707 4770 733 4823 ὁ
760 4771 1008 4845 θάνατος.
1033 4772 1189 4843 quod
1213 4777 1574 4828 commatlon
1598 4790 1704 4845 per
1726 4775 2000 4832 librario-

351 4860 484 4917 rum
516 4842 941 4917 negligentiam
972 4848 1214 4916 propter
1236 4845 1465 4907 θάνατος
1496 4842 1816 4917 repetitum
1849 4848 2001 4904 exci-

351 4914 510 4971 disse
539 4914 790 4970 videtur.

419 4989 531 5055 (13)
564 4985 691 5042 Καὶ.
724 4982 882 5043 Ἀλλ’
908 4987 1076 5055 nom.

444 5051 530 5131 14)
564 5057 649 5112 Δὲ.
684 5056 881 5113 Malim
909 5051 998 5129 δή.

439 5133 522 5202 15)
556 5131 940 5204 Παραυάσεῳς.
992 5132 1318 5204 Respicere
1365 5133 1610 5204 videtur
1645 5131 1687 5204 il
1744 5132 1895 5188 Tim.
1931 5152 1994 5201 ιι,

344 5198 443 5277 14ξ
480 5198 921 5277 Καὶᾼᾉδάμοὺκ
976 5198 1260 5273 ἠπατῆθη·
1293 5207 1328 5272 ἡ
1362 5200 1420 5257 δὲ
1446 5204 1603 5277 γυνὴ,
1637 5198 1995 5273 auat-qod”,

338 5269 391 5326 ἐν
417 5267 967 5349 ,παραϐάσειςγὲγονε

406 5346 518 5417 (16)
549 5346 695 5415 Ζωή.
731 5346 811 5403 De
834 5346 973 5402 Ἐνω
1004 5346 1405 5419 appellatione
1456 5346 1519 5399 in
1552 5346 1822 5401 eamdem
1855 5366 1991 5404 seu-

336 5419 585 5474 tentiam
611 5418 766 5473 infra
796 5435 1034 5490 quoque
1065 5418 1343 5473 meminit
1381 5424 1587 5472 auctor
1618 5434 1674 5487 p.
1712 5421 1833 5490 197,
1866 5421 1992 5490 201,

336 5494 395 5560 et
418 5490 674 5560 Philo‘p.
712 5492 832 5560 136.
864 5490 933 5560 ll.
968 5489 1128 5544 SYLB.
1157 5520 1222 5530 —
1255 5490 1466 5560 Genes.
1488 5491 1701 5560 111,20:
1737 5489 1839 5544 Καὶ
1869 5488 1990 5544 ἐκάζ

335 5552 487 5635 λεσεν
522 5552 703 5635 Ἀδάμ
748 5559 812 5613 τὸ
840 5555 1035 5635 Ηὸνομα
1078 5564 1180 5628 τῆς
1226 5558 1483 5635 γυναικὸς
1528 5557 1694 5613 αὐτοῦ
1726 5562 1873 5630 Ζωὴ,
1906 5560 1989 5617 ὅτι

338 5629 524 5697 μήτηρ
555 5628 768 5683 πάντων
796 5633 904 5685 τῶν
937 5628 1173 5697 ζώντων.

384 5700 524 5769 ,(17)
572 5698 1042 5774 Ἃμαρτανόντων.
1108 5703 1352 5758 Videtur
1406 5701 1724 5773 legendum
1780 5702 1991 5768 ἀποθα-

2109 4702 2316 4759 νόντων
2329 4746 2340 4759 .
2376 4703 2600 4760 Lowra.

2181 4777 2296 4848 (18)
2327 4774 2453 4849 Kal,
2487 4776 2672 4832 Abest
2699 4792 2733 4849 a
2762 4776 3047 4849 Philipp.,
3100 4776 3201 4832 ubi
3255 4794 3414 4848 mox,
3454 4778 3545 4849 καὶ
3574 4776 3629 4833 τί
3653 4778 3767 4849 αἱρ.

2109 4842 2288 4927 Dein,
2313 4842 2618 4927 συνέχομαι
2678 4848 2782 4927 γὰρ
2840 4845 2893 4927 ἐν
2923 4842 3343 4927 '€._'Rursum,
3399 4842 3610 4923 ’μολλῷ
3662 4842 3767 4927 γάρ

2113 4916 2326 4991 μᾶλλον
2358 4916 2531 4994 κρεῖτξ
2563 4916 2828 4994 tandem,
2856 4918 3129 4993 ἐπιμένειν
3162 4920 3214 4974 ἐν
3245 4916 3398 4994 τῇσ.

2181 4994 2292 5065 (19)
2324 4987 2549 5065 Πικράν.
2582 4987 2970 5049 Ειιᾶθω’νοοὸ
3002 5010 3147 5050 usus
3177 4987 3427 5050 est'hac
3457 4994 3520 5049 in
3555 5012 3618 5051 re
3649 4996 3767 5051 Me-

2107 5062 2340 5118 nander
2367 5062 2524 5136 apud
2557 5065 2713 5138 apud
2745 5065 3043 5122 Stobaaum
3076 5082 3254 5122 serm.
3288 5068 3395 5120 74:

2789 5207 2801 5220 .
2849 5206 2861 5217 .
2909 5208 2919 5219 .
2960 5163 3031 5219 "H
3075 5158 3158 5216 δεῖ
3189 5164 3283 5230 ζῆν
3322 5161 3510 5234 μόνον,

2277 5230 2481 5308 πατέρα
2528 5230 2740 5308 παίδων
2763 5307 2767 5308 ί
2790 5234 3075 5308 άποθανειν
3118 5230 3478 5308 γεννωμένων

2176 5301 2337 5359 Οὕτω
2363 5301 2427 5359 τό
2462 5306 2598 5378 μετὰ
2623 5307 2772 5361 ταῦτ’
2805 5306 2916 5362 ἐστὶ
2945 5311 3044 5363 τοῦ
3078 5301 3201 5383 βίόυ
3232 5301 3453 5381 πικρόν.

2180 5467 2508 5540 Vipendum,
2539 5474 2637 5523 aut
2666 5437 2847 5524 sobole
2869 5398 3411 5525 εγίαῖάυτξιὲιξίάξάωη
3437 5470 3598 5540 patri
3619 5485 3638 5523 :

2170 5538 2328 5593 Adeo
2362 5545 2441 5594 est
2470 5542 2748 5607 acerbum,
2780 5541 3058 5612 quidquid
3087 5548 3167 5597 est
3197 5544 3323 5597 vita
3346 5538 3530 5611 super.

2175 5635 2290 5714 (20)
2327 5636 2474 5714 Μήτ’
2503 5633 2730 5714 afvqu
2764 5638 2893 5709 μήτ’
2940 5634 3002 5693 ἄν
3052 5656 3174 5697 non
3206 5639 3409 5697 minus
3438 5644 3574 5713 apte
3605 5639 3771 5714 lege-

2102 5712 2271 5762 retur
2310 5708 2440 5779 μήτ’
2471 5708 2557 5767 αὗ.
2593 5708 2869 5768 SYLBUBG.
