4144 6394
374 371 515 430 1169

1712 372 2163 433 ΒΤΒΟΜΔΤΠΜ
2197 375 2336 430 LIB.
2375 376 2477 430 III.

3666 375 3806 432 1170

368 494 460 554 διὰ
483 497 578 560 τὰς
609 493 901 573 χρειώδεις
929 493 1223 573 ἀσχολίας.
1257 497 1353 567 Μὴ
1387 497 1570 572 φέρων
1604 495 1649 553 δ’
1682 498 1840 563 οὗτος
1868 497 2021 554 εὔκο-

2148 500 2482 568 tinentiam,
2515 498 2608 553 vel
2639 497 2817 554 etiam
2834 497 3288 555 matrimonium
3311 516 3324 555 :
3341 502 3401 556 et
3421 499 3580 572 quod
3598 503 3806 558 matri-

368 586 484 651 λως
510 589 602 644 τὸν
636 590 859 663 μονήρη
900 587 1044 664 βίον,
1077 586 1336 661 ἐπιθυμεῖ
1385 592 1482 642 τοῦ
1540 588 1742 663 γάμου’
1803 587 1918 643 ἐπεὶ
1974 590 2037 644 τὸ

369 676 654 751 εὐάρεστον
709 679 844 751 μετά
923 676 1282 756 σωφροσύνης
1363 672 1623 749 ἀϐλαϐὲς,
1699 676 1790 733 καὶ
1847 678 2036 752 κύριος

366 768 593 830 ’ἕκαστος
621 770 784 842 ἡμῶν
816 766 1075 843 τυγχάνει
1106 769 1207 836 τῆς
1263 766 1389 842 περὶ
1443 768 1646 823 τέκνων
1676 769 1840 842 γονῆς
1886 766 2037 843 αἱρέ-

371 878 528 922 σεως.
566 861 791 932 Συνορῶ
827 854 874 911 δ’
896 855 1048 919 ὅπως
1080 859 1150 931 τῇ
1194 857 1462 934 προφάσει
1491 861 1590 912 τοῦ
1635 858 1820 933 γάμου
1851 857 1904 912 οἱ
1936 857 2033 930 μὲν

368 945 748 1023 ἀπισχημένοι
778 951 892 1020 (21)
920 944 1117 1001 τούτου
1163 947 1240 1018 μή
1300 945 1437 1001 κατὰ
1488 948 1589 1016 τὴν
1644 946 1801 1020 ἁγίαν
1832 950 2032 1022 γνῶσιν

369 1036 446 1099 εἰς
497 1036 911 1112 μισανθρωπίαν
989 1033 1357 1112 ὑπερῥύησαν,
1405 1036 1494 1091 καὶ
1547 1036 1609 1090 τὸ
1654 1042 1755 1105 τῆς
1823 1036 2035 1112 ἀγάπης

368 1123 584 1202 οἴχεται
615 1126 742 1202 παρ’
773 1125 980 1188 αὐτοῖς·
1018 1126 1071 1179 οἱ
1104 1122 1181 1194 δὲ,
1215 1124 1556 1201 ἐνσχεθέντες
1612 1125 1701 1181 καὶ
1750 1122 2031 1196 ἡδυπαθή-

366 1236 552 1278 σαντες
572 1219 641 1290 τῇ
669 1219 767 1271 τοῦ
797 1215 973 1289 νόμου
1025 1220 1413 1292 συμπεριφορᾷ
1469 1220 1605 1286 (22),
1663 1214 1738 1280 ὥς
1794 1235 1956 1293 φησιν
2004 1216 2032 1271 6

368 1307 690 1384 Προφήτης,
713 1305 1203 1381 παρωμοιώθησαν
1235 1311 1355 1369 τοῖς
1395 1307 1671 1377 κτήνεσιν.

2147 589 2415 644 monium
2451 588 2738 649 creationi
2765 587 2992 659 aliquid
3047 590 3221 643 atlert
3257 590 3484 656 auxilii,
3517 596 3806 662 praeterea

2147 679 2472 751 explicans.
2500 681 2581 735 Ne
2612 679 2747 750 quis
2778 696 2914 751 ergo
2946 696 3081 734 eum
3114 679 3439 751 deliquisse
3483 681 3802 751 existimet,

2146 768 2247 839 qui
2281 768 2609 823 secundum
2652 768 2847 838 Logon
2902 767 3353 822 matrimonium
3401 769 3623 835 inierit,
3684 769 3803 825 nisi

2146 858 2443 913 existimet
2497 873 2761 913 amaram
2820 873 2949 912 esse
3008 856 3268 911 ﬁliorum
3326 857 3741 913 educationem
3786 876 3799 915 :

2145 952 2354 1002 contra
2382 952 2606 1013 tamen,
2636 945 2953 1016 permultis
3001 945 3233 1000 videtur
3284 961 3413 1001 esse
3442 945 3800 1002 molestissi-

2144 1050 2310 1088 mum
2342 1032 2547 1088 liberis
2579 1048 2801 1087 carere.
2837 1034 3038 1102 Neque
3070 1047 3273 1087 amara
3296 1032 3577 1103 cuiquam
3602 1032 3800 1088 videa-

2144 1128 2240 1179 tur
2270 1123 2597 1178 liberorum
2628 1123 2983 1194 procreatio,
3013 1139 3081 1178 eo
3125 1122 3284 1193 quod
3323 1122 3576 1196 negotiis
3605 1123 3801 1196 impli-

2144 1218 2305 1269 catos
2336 1229 2371 1268 ει
2400 1213 2615 1269 divinis
2644 1212 2971 1268 abstrahat.
3002 1214 3102 1267 Est
3132 1213 3312 1278 enim,
3363 1213 3465 1284 qui
3495 1213 3674 1269 vitam
3705 1230 3799 1270 so-

2142 1304 2405 1360 litariam
2436 1303 2610 1359 facile
2639 1302 2763 1358 fere
2794 1319 2917 1357 non
2964 1302 3192 1371 valens,
3225 1303 3447 1375 expetit
3486 1304 3801 1359 matrimo-

366 1397 534 1453 nium
571 1414 585 1451 :
620 1396 1109 1469 quandoquidem
1140 1414 1234 1453 res
1266 1402 1451 1470 grata,
1488 1413 1608 1469 qua
1628 1397 1764 1469 quis
1796 1399 2201 1469 temperanter
2260 1393 2495 1462 fruitur,
2559 1399 2617 1448 et
2664 1392 2910 1448 innoxia
2944 1409 2957 1447 :
3000 1397 3059 1447 et
3086 1392 3499 1464 unusquisque
3525 1397 3800 1448 nostrum

364 1493 613 1543 eatenus
643 1487 735 1542 sui
757 1486 1039 1542 dominus
1073 1491 1184 1555 est,
1209 1493 1274 1542 ut
1304 1487 1503 1559 eligat,
1563 1504 1639 1542 an
1697 1486 1839 1542 velit
1895 1486 2117 1541 liberos
2171 1500 2508 1556 procreare.
2559 1482 2833 1555 Intelligo
2866 1487 3086 1547 autem,
3119 1481 3281 1553 quod
3309 1481 3494 1553 aliqui
3528 1482 3793 1554 quidem,

363 1576 465 1647 qui
497 1580 789 1648 pratextu
818 1576 1188 1631 matrimonii
1219 1575 1642 1632 difﬁcultatum
1672 1576 1746 1632 ab
1806 1592 1873 1631 eo
1931 1574 2372 1638 abstinuerunt,
2432 1589 2555 1628 non
2603 1571 3026 1627 convenienter
3074 1576 3293 1626 sanctae
3335 1570 3659 1643 cognitioni
3718 1570 3793 1628 ad

361 1667 863 1723 inhumanitatem
894 1672 953 1723 et
979 1667 1182 1722 odium
1214 1667 1529 1723 hominum
1573 1666 1974 1734 deﬂuxerunt,
2009 1670 2068 1721 et
2096 1664 2251 1737 perit
2293 1663 2452 1737 apud
2496 1663 2656 1736 ipsos
2705 1663 2964 1718 charitas
2997 1682 3012 1731 ;
3045 1661 3146 1717 alii
3179 1667 3377 1718 autem
3409 1663 3790 1719 matrimonio

359 1755 547 1829 ligati,
580 1762 640 1811 et
666 1755 834 1810 luxui
865 1771 936 1811 ac
991 1755 1394 1828 voluptatibus
1452 1755 1661 1826 dediti,
1718 1756 1847 1829 lege
1902 1752 2342 1827 quodammodo
2401 1768 2503 1808 eos
2561 1752 2905 1820 comitante,
2937 1750 3198 1819 fuerunt,
3230 1754 3299 1806 ut
3327 1751 3412 1806 ait
3467 1751 3787 1823 Propheta,

360 1866 390 1896 «
423 1844 741 1901 assimilati
762 1844 1058 1917 jumentis
1082 1846 1185 1919 (a).
1220 1864 1250 1896 κ

1899 1933 2132 1990 CAPUT
2178 1932 2247 1987 X.

1337 2024 1516 2081 Verba
1545 2025 1750 2082 Christi
1777 2024 1979 2081 Matth.
2011 2022 2174 2090 xvui,
2205 2023 2295 2089 20,
2319 2021 2545 2092 mystice
2572 2020 2823 2090 exponit.

438 2119 593 2182 Τίνες
626 2116 684 2175 δὲ
705 2143 733 2172 ‹‹
758 2120 811 2175 οἱ
842 2117 939 2175 δύο
969 2120 1060 2176 καὶ
1105 2125 1255 2194 τρεῖς
1311 2119 1676 2197 ὑπάρχουσιν,
1704 2119 1760 2176 ἐν
1795 2120 2021 2193 ὀνόματι

2201 2118 2454 2184 Quinam
2485 2121 2625 2172 sunt
2655 2122 2855 2171 autem
2879 2115 2970 2170 illi
3000 2139 3026 2166 (ι
3078 2115 3195 2171 duo
3227 2121 3287 2171 et
3322 2119 3463 2183 tres,
3516 2114 3618 2187 qui
3650 2131 3795 2172 con-

367 2208 606 2283 Χριστοῦ
671 2208 1051 2285 συναγόμενοι,
1110 2236 1133 2267 ι
1171 2212 1299 2286 παρ’
1356 2213 1440 2273 οἷς
1502 2235 1525 2262 ι
1590 2211 1754 2284 μέσος
1804 2208 1946 2265 ἐστὶν
1998 2209 2021 2263 6

2136 2213 2449 2282 gregantur
2472 2207 2532 2261 in
2559 2205 2805 2261 nomine
2828 2204 3087 2273 Domini,
3115 2205 3176 2259 in
3210 2228 3237 2254 ››
3261 2221 3515 2276 quorum
3536 2203 3599 2269 »Β
3619 2227 3648 2255 ‹‹
3665 2220 3781 2260 me-

367 2296 567 2368 Κύριος
600 2316 614 2366 ;
647 2321 677 2351 ››
704 2296 740 2367 ἤ
769 2296 899 2373 οὐχὶ
931 2295 1097 2374 ἄνδρα
1151 2299 1242 2355 καὶ
1299 2305 1532 2377 γυναῖκα
1559 2299 1649 2355 καὶ
1679 2302 1865 2355 τὲκνον
1896 2297 2026 2360 τοὺς

362 2391 509 2461 τρεῖς
543 2384 692 2462 λέγει
745 2409 760 2458 ;
817 2387 901 2443 ὅτι
957 2386 1112 2464 ἀνδρὶ
1168 2391 1304 2463 γυνὴ
1376 2385 1466 2443 διὰ
1517 2393 1652 2445 Θεοῦ
1709 2389 2024 2463 ἁρμόζεται.

363 2473 539 2533 Ἀλλά
572 2474 670 2531 κᾶν
734 2474 975 2546 εὕζωνός
1021 2498 1103 2539 τις
1159 2479 1293 2532 εἶναι
1344 2476 1497 2552 θέλῃ,
1540 2477 1649 2553 οὐχ
1702 2476 2025 2551 αἱρούμενος

360 2566 462 2634 τὴν
509 2564 862 2622 παιδοποιίαν
920 2563 1010 2622 διὰ
1078 2568 1176 2635 τὴν
1236 2566 1289 2621 ἐν
1337 2564 1661 2639 παιδοποιίᾳ
1732 2565 2023 2642 ἀσχολίαν,

361 2658 600 2725 Μενὲτω,
655 2655 819 2733 φησὶν
878 2656 906 2710 6
991 2654 1348 2723 Ἀπόστολος,
1407 2653 1615 2731 ἄγαμος
1672 2659 1800 2729 (23),
1866 2678 1888 2709 ι
1949 2656 2024 2718 ὡς

360 2743 535 2818 κάγώ.
564 2767 593 2796 ››
643 2743 946 2801 Βούλεσθαι
976 2744 1078 2820 γὰρ
1128 2743 1306 2820 λέγειν
1362 2745 1455 2800 τὸν
1506 2744 1710 2821 Κύριον
1766 2744 2023 2819 ἐξηγοῦν-

358 2853 471 2901 ται,
508 2832 643 2906 μετά
676 2834 771 2906 μὲν
824 2838 934 2889 τῶν
987 2831 1284 2900 πλειόνων,
1340 2834 1432 2891 τὸν
1487 2836 1832 2911 Δημιουργὸν
1889 2834 2022 2889 εἶναι

358 2923 454 2979 τὸν
478 2921 854 2999 γενεσιουργὸν
910 2923 1061 2994 Θεὸν,
1119 2923 1254 2997 μετά
1312 2921 1370 2979 δὲ
1423 2928 1521 2980 τοῦ
1578 2924 1713 2994 ἑνὸς,
1743 2927 1841 2979 τοῦ
1870 2920 2022 2979 ἐκλε-

363 3016 520 3081 κτοῦ,
545 3013 639 3067 τὸν
673 3015 928 3087 Σωτῆρα,
960 3011 1138 3069 ἄλλου
1169 3010 1430 3082 δηλονότι
1489 3018 1624 3070 Θεοῦ
1679 3018 1776 3069 τοῦ
1819 3014 2024 3089 ἀγαθοῦ

362 3102 485 3157 Υἱὸν
518 3101 816 3180 πεφυκότα.
848 3102 925 3159 Τὸ
957 3100 1006 3157 δ’
1037 3102 1147 3180 οὐχ
1184 3101 1358 3166 οὕτως
1414 3100 1552 3180 ἔχει’
1587 3102 1714 3161 ιίιλλ⁹
1762 3101 1875 3159 ἔστι
1926 3104 2019 3178 μὲν

361 3191 452 3247 καὶ
505 3191 642 3263 μετᾶ
694 3195 803 3246 τῶν
860 3192 1158 3271 σωφρόνως
1205 3193 1501 3269 γημάντων
1550 3194 1642 3249 καὶ
1700 3214 2021 3264 τεκνοποιη-

363 3279 565 3336 σάντων
595 3281 623 3336 ὁ
654 3281 784 3344 Θεὸς
812 3279 883 3336 δι’
904 3283 1052 3337 Υἱοῦ·
1079 3278 1190 3337 ἔστι
1251 3280 1309 3338 δὲ
1351 3282 1439 3338 καὶ
1501 3284 1637 3356 μετά
1671 3280 1768 3338 τοῦ
1821 3282 2023 3359 ἐγκρασ

359 3371 692 3444 τευσαμὲνου
722 3370 959 3447 λογικῶς
990 3372 1018 3427 6
1046 3370 1206 3434 αὐτὸς
1239 3371 1499 3435 ὡσαύτως
1512 3373 1675 3437 Θεός.
1710 3372 1828 3430 Εἶεν
1882 3370 1929 3427 δ’
1959 3372 2019 3428 ἂν

2131 2298 2230 2354 dio
2263 2320 2291 2347 ››
2315 2301 2405 2352 est
2434 2296 2720 2351 Dominus
2745 2296 2817 2361 (ὁ)
2837 2294 2865 2349 ‘I
2883 2312 3083 2350 annon
3101 2295 3290 2349 virum
3314 2301 3372 2350 et
3402 2294 3720 2350 mulierem
3734 2298 3793 2350 et

2132 2387 2322 2442 {ilium
2355 2391 2476 2440 tres
2495 2384 2660 2452 dicit,
2692 2384 2978 2456 quoniam
3036 2384 3256 2439 mulier
3304 2400 3437 2439 cum
3499 2383 3621 2438 viro
3678 2399 3787 2454 per

2130 2480 2317 2534 Deum
2366 2475 2799 2549 conjungitur?
2835 2475 3002 2541 Quod
3052 2475 3101 2530 si
3158 2475 3461 2531 accinctus
3490 2475 3624 2546 quis
3656 2491 3786 2531 esse

2127 2567 2269 2622 velit
2297 2571 2357 2621 et
2384 2566 2714 2637 expeditus,
2746 2582 2867 2619 non
2923 2564 3126 2618 volens
3184 2580 3496 2635 procreare
3541 2564 3786 2634 liberos,

2127 2661 2370 2728 propter
2395 2671 2548 2721 eam,
2581 2671 2713 2726 quas
2745 2660 2836 2709 est
2886 2653 2947 2709 in
2978 2654 3363 2725 procreandis
3394 2653 3621 2722 liberis,
3655 2670 3787 2709 mo-

2128 2747 2364 2803 lestiam
2389 2752 2449 2802 et
2478 2745 2954 2817 occupationem,
2986 2767 3014 2796 ‹‹
3047 2750 3305 2813 maneat,
3340 2766 3366 2794 »
3398 2744 3597 2816 inquit
3626 2746 3782 2817 Apo-

2130 2836 2338 2894 stolus.
2363 2835 2587 2907 absque
2618 2851 2800 2890 uxore
2832 2856 2859 2884 ι(
2894 2840 2959 2890 ut
2989 2851 3093 2908 ego
3126 2835 3220 2906 (c).
3281 2856 3308 2884 »
3367 2834 3619 2901 Quidam
3649 2849 3786 2890 vero

2129 2926 2372 2982 eﬂ‘atum
2404 2923 2637 2979 Domini
2669 2928 2993 2994 exponunt,
3026 2939 3094 2978 ac
3116 2923 3165 2978 si
3197 2922 3464 2991 dixisset,
3497 2939 3631 2978 cum
3653 2922 3789 2995 plu-

2126 3016 2293 3071 ribus
2323 3014 2565 3086 quidem
2595 3030 2726 3069 esse
2747 3014 3087 3069 Creatorem
3117 3029 3185 3070 ac
3208 3013 3524 3085 praesidem
3540 3029 3790 3086 genera-

2129 3106 2310 3162 tionis
2339 3106 2524 3160 Deum
2565 3121 2578 3171 ;
2610 3120 2748 3159 cum
2772 3120 2891 3158 uno
2923 3109 3145 3170 autem,
3178 3119 3393 3174 nempe
3422 3102 3631 3165 electo.
3656 3103 3791 3159 Ser-

2125 3202 2409 3259 vatorem,
2443 3194 2542 3265 qui
2575 3193 2844 3261 alterius,
2884 3192 3024 3248 boni
3057 3193 3304 3258 scilicet,
3337 3193 3441 3248 Dei
3473 3192 3657 3248 Filius
3687 3192 3787 3248 sit.

2126 3287 2247 3341 Hoc
2268 3290 2467 3341 autem
2499 3300 2621 3339 non
2650 3282 2733 3338 ita
2756 3282 2937 3339 habet
2966 3299 2985 3336 :
3015 3282 3120 3337 sed
3169 3288 3261 3338 est
3316 3282 3558 3353 quidem
3606 3282 3787 3337 etiam

2126 3391 2262 3431 cum
2291 3373 2385 3442 iis,
2416 3372 2516 3444 qui
2552 3372 2804 3427 honeste
2835 3387 2904 3426 ac
2949 3371 3255 3427 moderate
3308 3373 3368 3425 in
3399 3370 3783 3426 matrimonio

360 3464 450 3566 ἰιαί
482 3456 669 3526 ἄλλως
698 3463 751 3516 οἱ
784 3461 879 3534 μὲν
907 3467 1053 3537 τρεῖς
1085 3461 1255 3533 θυμός
1287 3465 1394 3534 (24)
1425 3484 1483 3518 τε
1510 3462 1601 3517 καὶ
1632 3462 1895 3537 ἐπιθυμία
1923 3464 2011 3519 καὶ

2136 3463 2337 3519 versati
2399 3466 2678 3530 sunt,'et
2730 3461 2952 3517 liberos
3010 3465 3422 3533 susceperunt,
3475 3461 3631 3516 Deus
3678 3476 3788 3533 per

361 3546 785 3626 λογισμὸς,σάρξ
806 3554 915 3625 (25)
948 3548 1006 3606 δὲ
1034 3551 1124 3607 καὶ
1154 3551 1310 3626 ψυχή
1340 3551 1430 3607 καὶ
1450 3556 1665 3626 πνεῦμα
1693 3553 1811 3608 κατ’
1837 3550 2009 3609 ἄλλον

360 3637 544 3714 λόγον·
575 3638 721 3716 τάχα
753 3636 809 3695 δὲ
839 3641 927 3695 καὶ
958 3640 1059 3709 τήν
1100 3637 1294 3711 κλῆσιν
1348 3643 1447 3712 τήν
1498 3662 1557 3697 τε
1613 3640 1855 3718 ἐκλογὴν
1891 3639 2013 3698 δευ-

357 3728 536 3804 τέραν,
567 3729 658 3785 καὶ
687 3728 872 3805 τρίτον
902 3730 966 3785 τὸ
996 3729 1072 3793 εἷς
1099 3732 1199 3799 τὴν
1246 3732 1464 3807 πρώτην
1518 3732 1689 3805 τιμὴν
1746 3753 2014 3789 κατατασ-

357 3818 586 3890 σύμενον
671 3819 847 3896 γένος,
923 3819 1214 3875 αἰνίσσεται
1288 3822 1323 3890 ἡ
1407 3822 1780 3897 προειρημένη
1834 3823 2037 3896 τριάς⁸

360 3909 478 3983 μεθ’
499 3908 573 3963 ὧν
606 3910 642 3978 ἡ
701 3909 1109 3965 πανεπίσκοπος
1167 3914 1269 3965 τοῦ
1327 3915 1462 3966 Θεοῦ
1515 3907 1745 3985 δύναμις
1796 3912 2016 3987 άμερῶς

359 3998 700 4072 μεριστή.¹Ο
750 3998 930 4054 τοίνυν
987 4003 1106 4061 ταῖς
1163 4002 1300 4055 κατὰ
1354 3999 1511 4077 φύσιν
1569 3998 1859 4076 ἐνεργείαις
1916 4005 2014 4071 τῆς

356 4089 545 4161 ψυχῆς
582 4087 633 4142 ἐν
691 4084 863 4143 δέοντι
925 4088 1217 4163 χρώμενος
1271 4088 1529 4162 ἐπιθυμεῖ
1578 4090 1673 4163 μὶν
1731 4094 1839 4145 τῶν
1896 4091 2016 4147 κατ’

358 4175 627 4246 ἀλλήλων
655 4179 788 4251 (26),
823 4182 973 4249 μισεῖ
1001 4174 1060 4233 δὲ
1113 4178 1181 4233 τὰ
1242 4176 1575 4254 βλάπτοντα,
1617 4179 1795 4242 καθὼς
1845 4180 1900 4234 αἱ
1931 4178 2013 4234 ἐν·

353 4262 515 4322 τολαὶ
573 4269 684 4341 (27)
736 4268 1186 4341 προστάττουσιν·
1245 4292 1272 4320 ‹‹
1336 4266 1747 4342 Ἐνευλογήσεις
1800 4291 1830 4321 ››
1887 4268 2012 4346 γάρ,

2126 3554 2343 3610 Filium
2378 3557 2508 3608 :est
2534 3557 2734 3608 autem
2765 3550 2945 3607 etiam
2978 3568 3112 3607 cum
3168 3567 3260 3619 eo,
3313 3550 3414 3622 qui
3447 3549 3778 3606 secundum

2121 3644 2322 3716 logon,
2354 3660 2459 3699 seu
2490 3642 2805 3705 rationem,
2854 3641 2967 3696 fuit
3011 3641 3346 3710 continens,
3411 3640 3570 3697 idem
3600 3641 3778 3696 Deus.

2122 3732 2369 3788 Fuerint
2395 3735 2594 3787 autem
2617 3730 2791 3785 aliter
2819 3745 3055 3801 quoque
3088 3734 3209 3785 tres
3238 3729 3501 3801 quidem,
3535 3729 3644 3794 ira,
3676 3744 3779 3784 cu-

2122 3821 2361 3894 piditas,
2391 3826 2450 3876 et
2478 3821 2629 3876 ratio
2663 3837 2675 3875 :
2705 3836 2842 3875 caro
2874 3824 3074 3875 autem
3098 3824 3157 3874 et
3185 3820 3387 3875 anima
3417 3824 3478 3874 et
3506 3818 3778 3891 spiritus,

2123 3914 2241 3970 alia
2262 3912 2510 3967 ratione.
2545 3913 2714 3967 Forte
2734 3916 2935 3967 autem
2965 3916 3024 3966 et
3052 3910 3419 3966 vocationem
3449 3916 3509 3965 et
3538 3909 3784 3965 electio-

2123 4018 2262 4058 nem
2286 4000 2633 4068 secundam,
2668 4006 2726 4055 et
2746 4001 2986 4055 tertium
3034 4016 3242 4073 genus,
3287 3997 3447 4070 quod
3500 3999 3561 4053 in
3588 3998 3781 4070 primo

2122 4092 2350 4147 honore
2381 4088 2727 4155 collocatur,
2778 4089 2980 4144 innuit
3037 4089 3149 4144 tria
3194 4088 3360 4160 prius
3416 4087 3575 4143 dicta
3608 4104 3781 4142 :cum

2124 4180 2345 4251 quibus
2369 4184 2477 4246 est,
2538 4195 2671 4250 quaa
2720 4176 2922 4233 omnia
2971 4176 3329 4245 considerat,
3361 4176 3463 4232 Dei
3494 4180 3779 4248 potestas,

2124 4269 2349 4342 absque
2382 4268 2669 4324 divisione
2702 4266 2921 4324 cadens
2978 4267 3040 4321 in
3094 4266 3467 4322 divisionem.
3501 4265 3610 4331 Qui
3642 4280 3779 4338 ergo

430 4394 508 4468 (a)
537 4394 695 4452 Psal.
728 4412 919 4467 vam,
944 4399 1032 4451 21.
1054 4395 1117 4459 ’Β
1146 4398 1211 4451 Ρ.
1245 4396 1350 4452 542
1375 4398 1493 4454 ED.
1533 4398 1833 4465 POTTER,
1867 4397 1991 4468 454,
2019 4432 2021 4438 ι

2154 4397 2267 4452 ED.
2299 4396 2529 4452 PARIS.
2564 4396 2640 4467 (b)
2674 4395 2875 4450 Matth.
2908 4410 3065 4461 xvm,
3098 4396 3186 4448 20.
3215 4392 3291 4466 (ο)
3314 4393 3490 4448 ICor.
3522 4408 3622 4459 vn,
3653 4394 3706 4447 7.

429 4519 1033 4596 (2i)__’_A_‘lttO’XT)p.éVOt.
1117 4522 1399 4578 Usitatius
1490 4520 1892 4596 ἀπεσχημένοι,
1952 4526 2017 4577 ut

356 4608 492 4667 cum
524 4592 688 4667 alibi,
715 4592 838 4667 tum
869 4610 1000 4667 pag.
1040 4596 1161 4661 196,
1186 4596 1310 4650 238.
1343 4596 1614 4651 SvLBuac.

428 4664 542 4747 (22)
570 4665 686 4749 Ἰξοῦ
716 4663 892 4749 νόμου
948 4663 1351 4749 συμπεριφορᾷ.
1409 4666 1750 4749 Intelligit,”
1774 4671 1839 4721 ut
1885 4665 2012 4737 opi-

282 4745 289 4750 ‘
356 4750 489 4803 nor,
522 4736 954 4811 indulgentiam
985 4736 1525 4810 plurium'uxorum
1574 4736 2016 4811 Patribuscon-

358 4823 609 4883 cassam,
640 4810 854 4883 v.7pag.
920 4813 1044 4866 461.
1098 4812 1316 4866 Lowru.
1372 4842 1440 4851 —-
1473 4811 1575 4866 Vel
1623 4811 1683 4867 id
1712 4810 2017 4881 intelligit,

356 4879 515 4964 quod
546 4879 608 4964 in
640 4879 845 4964 Latina
876 4883 1164 4964 versione
1213 4883 1637 4964 expressimus,
1682 4879 2019 4964 ‘no‘nnul—los

360 4951 609 5036 scilicet.
644 4958 931 5036 praetextu
964 4951 1354 5036 matrimonii,
1387 4970 1455 5009 ac
1485 4954 1735 5036 proinde
1770 4955 1917 5036 lege,
1953 4958 2022 5036 ut

360 5021 473 5077 sibi
504 5021 887 5095 persuadent,
915 5021 1501 5095 permittente,carni
1534 5027 1789 5081 nimium
1820 5021 2018 5095 indul—

394 5090 529 5151 ει·θῖ
554 5112 690 5172 cum
721 5113 753 5152 e
777 5090 1078 5165 contra,ut
1099 5104 1304 5169 postea
1324 5097 1496 5172 dicit:
1519 5096 1826 5172 ξωφρόνως
1856 5090 2016 5172 ᾇϐούτ

398 5184 486 5243 ετο
538 5170 659 5243 ταῖς
712 5164 1015 5243 γαμεταῖς,
1034 5164 1275 5243 χρῆσθαι
1327 5164 1734 5243 τοὺςᾼᾶνδρας,
1793 5167 1879 5222 καὶ
1927 5165 2017 5223 ἐπὶ

361 5235 500 5312 μόνῃ
527 5235 875 5312 παιδοποιίᾳ·
907 5262 935 5291 ι(
997 5235 1111 5297 L'e'x
1137 5235 1143 5237 “
1169 5241 1323 5296 viros
1355 5235 1661 5297 moderate
1690 5235 1750 5298 et
1776 5246 2020 5312 propter

360 5309 551 5383 solam
580 5311 909 5369 liberorum
938 5313 1415 5383 procreationem
1465 5312 1748 5369 uxoribus
1781 5309 2015 5368 uti—vo-

356 5379 472 5437 luit
505 5401 519 5438 :
553 5399 608 5454 p.
642 5387 748 5439 456
773 5385 912 5441 edit.
940 5379 1129 5440 Paris.
1164 5384 1330 5441 Conf.
1359 5385 1580 5456 Pazdog.
1616 5385 1720 5443 lib.
1756 5402 1818 5451 ιι,
1855 5402 1904 5439 c.
1928 5388 2013 5441 10.

440 5455 554 5538 (23)
584 5456 856 5528 Ἅγαμος.
887 5457 1007 5513 Hoc
1036 5474 1145 5538 vox
1166 5474 1286 5538 non
1319 5457 1513 5538 solum
1535 5455 1692 5538 "eum
1722 5457 2019 5538 significat

359 5528 460 5605 qui
491 5544 801 5600 nunquam
831 5546 1077 5605 uxorem
1104 5528 1291 5605 duxit,
1336 5529 1440 5605 sed
1494 5530 1697 5605 etiam_
1720 5545 1870 5605 eum
1891 5530 2014 5599 qui,

357 5600 544 5660 uxore
574 5606 828 5663 mortua,
860 5601 1041 5657 aliam
1072 5618 1194 5658 non
1225 5601 1393 5657 duxit
1417 5618 1429 5656 :
1454 5607 1519 5656 ut
1542 5600 1701 5669 apud
1751 5600 2012 5669 Latinos,

359 5672 589 5747 ςξςιείθίζε.Δ
612 5673 648 5747 ΙΔ
691 5673 824 5747 Co_r.
874 5690 972 5740 VII,
1034 5674 1121 5738 10,
1357 5670 1728 5747 [ξαραγγέλλω
1786 5676 2016 5745 γυναῖκα

356 5745 465 5802 ἀπὸ
497 5738 690 5818 ἀνδρὸς
715 5743 792 5818 μὴ
824 5738 1189 5819 χωρισθῆναι·
1226 5742 1314 5799 ἰὰν
1377 5738 1566 5801 δὶίιάῖ
1606 5738 1882 5822 χωρισθῇ,
1918 5764 2012 5818 με·

2125 4520 2261 4576 νέτω
2283 4520 2519 4595 ἄγαμος,
2541 4515 2578 4587 ἤ
2608 4522 2688 4591 τῷ
2711 4514 3318 4595 ἀνδρὶῌκαταλλάγήτω.

2198 4596 2310 4662 (24)
2332 4588 2543 4663 ’Θυμός.
2576 4588 2837 4663 Respicit
2870 4588 3240 4663 Platonicam
3269 4590 3485 4663 animm
3537 4588 3782 4645 divisio-

2047 4636 2095 4701 Β
2129 4636 2267 4722 nem
2290 4636 2350 4721 in
2379 4636 2606 4737 partem
2631 4636 3179 4737 colicupiscibilem.
3212 4662 3589 4737 irascibilem;
3613 4666 3782 4737 etra-

2132 4734 2419 4794 tionalem
2453 4754 2467 4791 :
2501 4737 2571 4792 de
2600 4752 2717 4806 qua
2747 4735 3020 4806 superius
3052 4734 3127 4789 ad
3153 4735 3517 4806 principium
3554 4734 3779 4803 Pwdag.

2131 4810 2234 4866 lib.
2270 4827 2358 4877 ιιι,
2388 4809 2612 4864 dictum
2632 4814 2741 4862 est.

2201 4882 2313 4953 (25)
2342 4874 2521 4953 ’Σάεῄ
2535 4879 2666 4953 Alia
2696 4879 2972 4953 humanm
3005 4882 3234 4953 natura;
3265 4877 3510 4953 divisio:
3530 4874 3781 4953 διαρκε-

2130 4945 2348 5036 mentis
2379 4945 2708 5036 discipulus
2762 4950 3042 5036 prigenes
3072 4949 3345 5036 Philocql.
3398 4966 3454 5036 ρ.
3486 4950 3518 5003 8
3545 4945 3646 5035 :"O
3678 4945 3778 5034 ὁὶνὶ-

2129 5035 2348 5097 θρωπος
2379 5014 2700 5092 συνέστηκεν
2758 5019 2818 5074 ἐκ
2864 5014 3122 5093 σώματος
3152 5020 3241 5074 καὶ
3273 5014 3458 5093 ψυχῆς
3486 5016 3578 5097 θεαὶ
3627 5014 3785 5071 «v36-

2132 5089 2322 5168 ματος·
2363 5119 2383 5148 ι
2420 5089 2606 5152 Homo
2637 5111 2710 5168 ex
2737 5089 3007 5168 corpore,
3067 5094 3269 5168 anima
3286 5089 3392 5168 ξιΓ
3406 5089 3623 5168 spiritu
3644 5106 3776 5145 cono

2129 5161 2262 5226 stat.
2299 5192 2328 5220 ››
2359 5171 2621 5223 Ιιειιειιιιε
2651 5165 2755 5220 lib.
2788 5161 3043 5234 vfinitio
3076 5182 3126 5220 c.
3154 5166 3188 5219 9
3208 5181 3262 5218 ια
3285 5161 3587 5234 Perfectus
3599 5161 3778 5217 homo

2127 5247 2360 5297 constat
2387 5256 2586 5307 carne,
2619 5232 2912 5293 animo‘et
2942 5236 3218 5309 spiritqu
3240 5232 3783 5309 Ante_hosﬁD.I_’au-

2125 5313 2220 5368 lus
2251 5316 2274 5368 Ι
2306 5313 2513 5368 Thess.
2545 5302 2598 5371 vv.
2630 5313 2721 5368 23.
2744 5310 2892 5365 dixit
2925 5327 2937 5363 :
2968 5302 3139 5369 Ᾰὺτὸς
3174 5304 3233 5377 δῖε
3264 5303 3453 5377 ὁμθεὸς
3492 5308 3591 5377 τῇς
3623 5302 3781 5377 εἷρήέ-

2125 5405 2225 5454 νης
2256 5384 2467 5456 ἁγιάσαι
2498 5382 2636 5455 ὑμᾶς
2670 5378 2953 5456 ὁλοτελεῖς
2978 5379 3001 5456 _l
3032 5377 3122 5456 καῖ
3173 5372 3487 5456 ὁλὸιιληρον
3521 5372 3684 5456 ὑμᾶῂ
3714 5376 3776 5456 τρ

2124 5444 2339 5527 πνεῦμα
2367 5444 2546 5523 καὶ
2582 5456 2736 5526 ψυχὴ
2791 5451 2881 5506 καὶ
2933 5451 3007 5527 τὸ,
3059 5453 3217 5527 σῶμα
3265 5444 3567 5521 ἀμέμπτως
3624 5444 3677 5502 ἐν
3707 5451 3777 5522 τῇ

2123 5522 2397 5601 παρουσίᾳ
2419 5522 2744 5601 τοῦ-Κυρίὀυ
2781 5522 3045 5601 τηρηθείη
3082 5522 3095 5577 l

2196 5587 2307 5673 (26)
2340 5587 2464 5654 Κάτ⁷
2493 5587 2782 5673 ἀλλήλων.
2826 5587 3064 5673 Rectius
3122 5592 3437 5664 conjuncte
3494 5587 3781 5663 καταλλή-

2124 5671 2260 5739 λων,
2290 5668 2323 5725 ἀ
2357 5670 2858 5729 convenientium.
2895 5689 2922 5716 »
2963 5668 3235 5739 Svnnuao.

2197 5735 2309 5821 (27)
2338 5744 2410 5802 At
2439 5739 2677 5799 ὶντολαί.
2711 5743 2846 5798 Haec
2877 5740 2940 5794 in
2961 5739 3017 5795 S.
3052 5738 3355 5810 Scriptura
3372 5735 3595 5795 frustra
3610 5752 3779 5811 quae-
