4144 6412
362 394 501 451 1171

1599 389 2011 445 CLEMEan
2045 389 2234 446 ALBX
2241 392 2548 450 ANDBINI

3659 386 3804 446 H72

360 522 578 579 animae
593 518 988 579 naturalibus.
1019 516 1104 573 ita
1125 518 1192 572 ut
1218 518 1469 589 oportet,
1502 516 1692 570 utitur
1722 514 2019 586 operatio-

2138 514 2292 589 φησὶ,
2325 539 2355 567 ι(
2384 516 2477 571 τὸν
2537 514 2890 593 εὐλογοῦντα,
2942 514 3034 573 καὶ
3090 514 3368 592 καταράσῃ
3415 512 3511 571 τὸν
3547 516 3806 591 καταρώ-

363 609 871 675 nibus,desiderat
900 607 1140 679 quidem
1176 622 1404 677 eaquae
1424 612 1564 661 sunt
1585 603 2021 670 convenientia,

364 702 502 757 odio
532 707 731 756 autem
752 698 932 753 habet
976 714 1064 766 ea,
1126 714 1259 769 quae
1309 696 1553 763 laedunt,
1603 697 1759 751 sicut
1806 695 2026 768 jubent

362 788 684 846 mandata:
720 809 747 838 «
781 787 1104 843 Benedices
1138 809 1166 837 »
1228 787 1412 855 enim,
1463 787 1680 858 inquit,
1715 808 1743 837 «
1776 785 2023 841 benedi-

360 878 541 945 centi,
575 884 633 933 et
661 878 984 933 maledices
1044 877 1443 934 maledicenti.
1477 897 1504 929 ι
1549 875 1795 942 Quando
1823 882 2022 931 autem

360 968 476 1035 his,
512 969 600 1023 ira
630 968 859 1023 scilicet
886 974 945 1023 et
998 968 1344 1039 cupiditate.
1397 968 1668 1039 superior
1705 967 1919 1034 factus,
1965 971 2026 1021 et

362 1065 648 1114 creaturas
680 1074 882 1113 amore
912 1073 1048 1113 vere
1080 1058 1328 1112 affectus
1360 1063 1603 1130 propter
1633 1056 1911 1128 eum,qui
1935 1061 2026 1110 est

362 1146 517 1205 Deus
544 1153 604 1203 et
633 1149 877 1203 effector
906 1148 1196 1211 omnium,
1220 1148 1486 1221 gnostice
1535 1147 1717 1202 vitam
1748 1147 2022 1201 institue-

358 1237 456 1297 rit.
476 1242 535 1293 et
556 1238 842 1293 Salvatori
864 1238 1079 1294 similis
1111 1238 1387 1306 evadens,
1419 1237 1657 1294 facilem
1683 1242 2024 1309 temperan-

359 1328 456 1383 tiae
487 1327 757 1383 habitum
789 1327 1259 1400 acquisiverit,et
1288 1327 1922 1399 cognitionemﬁdem,
1954 1342 2023 1382 ac

359 1415 743 1471 dilectionem
767 1416 1429 1488 conjunxerit,simplici
1455 1417 1566 1471 hac
1587 1416 1647 1470 in
1679 1420 1846 1488 parte
1861 1414 2021 1487 judi-

361 1504 451 1563 cio
510 1510 706 1570 utens,
741 1510 800 1560 et
856 1521 991 1562 vere
1050 1500 1339 1577 spiritalis
1391 1504 1604 1570 factus,
1660 1520 1736 1560 ne
1794 1520 2023 1571 earum,

362 1608 493 1665 quas
524 1609 595 1648 ex
625 1594 714 1649 ira
745 1599 804 1649 et
834 1594 1157 1666 cupiditate
1215 1595 1567 1666 procedunt,
1598 1594 2024 1667 cogitationum

362 1682 609 1739 omnino
644 1698 850 1756 capax,
884 1683 958 1739 ad
991 1683 1227 1739 Domini
1258 1683 1584 1757 imaginem
1615 1683 1689 1739 ab
1716 1683 1849 1755 ipso
1883 1682 2023 1739 arti-

362 1771 474 1828 fice
507 1772 765 1828 efﬁcitur
794 1773 972 1828 homo
1003 1773 1326 1845 perfectus,
1357 1774 1407 1829 is
1466 1790 1612 1829 sane
1660 1773 1872 1846 dignus
1894 1771 2024 1845 jam

364 1866 475 1927 est,
504 1862 607 1933 qui
637 1862 822 1917 frater
850 1880 886 1917 a
916 1862 1165 1917 Domino
1190 1862 1557 1930 nominetur,
1603 1864 1655 1917 is
1708 1864 1888 1918 simul
1935 1868 2027 1919 est

365 1949 595 2005 amicus
628 1956 685 2005 et
715 1951 895 2007 filius.
930 1952 1023 2007 Sic
1045 1967 1180 2023 ergo
1208 1973 1234 2001 «
1267 1951 1382 2006 duo
1416 1958 1475 2007 et
1517 1957 1637 2006 tres
1670 1973 1696 2001 »
1731 1952 1792 2007 in
1814 1953 2026 2009 eodem

363 2059 393 2088 ει
427 2046 886 2113 congregantur,
918 2061 945 2093 ιι
980 2057 1198 2113 nempe
1230 2042 1294 2096 in
1317 2041 1559 2097 homine
1591 2042 1880 2115 gnostico.
1914 2043 2027 2096 Po-

362 2128 504 2183 terit
541 2130 721 2184 etiam
752 2130 1078 2186 multorum
1099 2146 1337 2202 quoque
1368 2131 1688 2186 concordia
1735 2148 1804 2185 ex
1837 2130 2025 2185 tribus

367 2218 682 2286 aestimata,
725 2236 860 2274 cum
906 2218 1123 2290 quibus
1174 2226 1264 2275 est
1320 2218 1629 2287 Dominus,
1690 2220 2027 2293 significare

363 2324 548 2363 unam
582 2309 929 2378 Ecclesiam,
962 2327 1149 2366 unum
1210 2311 1539 2377 hominem,
1589 2326 1775 2383 genus
1815 2326 2023 2365 unum.

363 2397 579 2452 Annon
611 2414 748 2454 cum
779 2416 897 2455 uno
930 2400 1172 2471 quidem
1221 2400 1421 2456 Judzeo
1450 2400 1514 2464 ᾧ
1542 2407 1668 2455 erat
1716 2399 2024 2467 Dominus,

362 2502 498 2541 cum
533 2487 722 2561 legem
755 2490 893 2544 tulit
926 2506 939 2543 :
972 2496 1033 2546 at
1061 2490 1446 2561 prophetans,
1473 2495 1531 2544 et
1558 2490 2023 2545 Jeremiammit-

360 2580 493 2631 tens
522 2577 903 2649 Babylonem,
923 2579 1254 2649 quinetiam
1277 2596 1378 2635 eos
1410 2580 1511 2651 qui
1539 2585 1711 2634 erant
1740 2597 1809 2635 ex
1834 2579 2025 2653 genti-

361 2663 473 2720 bus
502 2683 717 2722 vocans
749 2685 855 2740 per
876 2669 1657 2742 prophetiam,congregavit
1677 2669 1825 2725 duos
1841 2686 2026 2742 p0pu-

360 2751 453 2809 los
478 2771 492 2808 :
526 2757 736 2812 tertius
768 2766 968 2813 autem
995 2764 1084 2813 est
1112 2758 1405 2830 unus,qui
1435 2775 1505 2814 ex
1531 2757 1762 2814 duobus
1793 2780 1823 2809 «
1854 2774 2023 2814 crea-

360 2847 460 2899 tur
490 2844 553 2900 in
580 2862 801 2902 novum
832 2847 1158 2911 hominem,
1184 2865 1301 2919 quo
1334 2847 1669 2904 inambulat
1699 2853 1757 2903 et
1788 2847 2022 2903 inhabi-

361 2936 451 2987 tat
477 2953 505 2983 »
538 2934 599 2990 in
631 2935 763 3007 ipsa
792 2935 1055 2993 Ecclesia
1075 2936 1103 2991 ‘l
1134 2939 1204 2991 Et
1233 2937 1325 2992 lex
1358 2938 1538 2992 simul
1589 2943 1649 2993 et
1694 2938 2023 3011 prophetae,

2135 624 2316 677 μενον.
2379 629 2402 658 ι
2461 607 2627 664 Ὀταν
2689 604 2747 662 δὲ
2782 653 2796 674 ,
2850 605 2941 662 καὶ
3011 605 3220 662 τούτων
3283 600 3644 679 ὑπεραναϐὰς,
3701 609 3803 661 τοῦ

2130 694 2309 765 θυμοῦ
2339 695 2428 751 καὶ
2460 699 2562 761 τῆς
2591 695 2906 769 ἐπιθυμίας,
2941 693 3089 773 ἔργῳ
3148 696 3407 769 ἀγαπήσῃ
3465 694 3568 762 τήν
3622 691 3803 750 κτίσιν

2133 780 2223 839 διὰ
2264 786 2356 840 τὸν
2417 787 2669 843 ἁπάντων
2727 785 2857 843 Θεόν
2919 807 2979 843 τε
3034 786 3124 841 καὶ
3182 787 3445 857 ποιητὴν,
3478 789 3806 861 γνωστικῶς

2136 873 2424 949 βιώσεται,
2480 872 2588 947 ἕξιν
2639 874 2953 953 ἐγκρατείας
3008 878 3208 931 ἄπονον
3292 874 3803 952 περιπεποιημένος

2130 967 2267 1020 κατᾶ
2294 967 2394 1034 τήν
2426 967 2563 1041 πρὸς
2598 966 2691 1021 τὸν
2737 973 2972 1041 Σωτῆρα
3026 964 3371 1039 ἐξομοίωσιν,
3437 964 3642 1027 ἐνώσας
3697 965 3802 1035 τὴν

2118 1058 2354 1130 ίγνῶσιν,
2385 1055 2589 1125 πίστιν,
2639 1056 2875 1132 ἀγάπην,
2931 1057 3009 1117 εἴς
3061 1052 3134 1110 ὤν
3186 1053 3393 1110 ἐνθένδε
3434 1055 3536 1122 τήν
3593 1053 3804 1128 κρίσιν,

2131 1143 2221 1198 καὶ
2253 1145 2618 1217 πνευματικὸς
2665 1141 2859 1211 ὅντως,
2920 1142 3296 1220 ἀπαράδεκτος
3345 1147 3459 1199 τῶν
3517 1143 3654 1198 κατά
3707 1142 3806 1198 τὸν

2134 1233 2307 1305 θυμὸν
2347 1233 2437 1289 καὶ
2486 1234 2588 1303 τὴν
2645 1233 2937 1307 ἐπιθυμίαν
2996 1231 3372 1310 διαλογισμῶν
3431 1233 3607 1303 πάντη
3667 1232 3807 1287 πάν-

2129 1323 2301 1392 τως,ὁ
2328 1324 2448 1378 κατ’
2479 1322 2663 1379 εἰκόνα
2694 1322 3091 1396 ἐκτελούμενος
3118 1326 3217 1377 τοῦ
3252 1320 3452 1396 Κυρίου
3474 1321 3612 1398 πρὸς
3633 1320 3806 1377 αὐτοῦ

2130 1415 2229 1467 τοῦ
2252 1411 2510 1489 τεχνίτου
2540 1411 2830 1487 ἄνθρωπος
2855 1409 3095 1482 τὲλειος,
3155 1408 3302 1485 ἄξιος
3357 1408 3469 1482 ἢδη
3501 1413 3601 1466 τοῦ
3632 1407 3766 1466 ἀδελ
3788 1441 3804 1453 ·

2134 1502 2232 1573 φὸς
2251 1503 2365 1575 (28)
2397 1502 2534 1578 πρὸς
2555 1506 2652 1556 τοῦ
2674 1502 2877 1572 Κυρίου
2901 1501 3289 1576 ὀνομάζεσθαιο
3318 1501 3485 1579 φίλος
3504 1501 3619 1573 ἅμα
3639 1500 3804 1562 οὗτος

2132 1590 2222 1646 καὶ
2255 1592 2372 1654 υἱός
2405 1591 2766 1655 ἐστιν.οὕτως
2786 1592 2883 1646 «οἳ
2915 1589 3011 1646 δύο
3040 1590 3131 1645 καὶ
3161 1590 3214 1645 οἱ
3242 1595 3391 1666 τρεῖς
3411 1613 3438 1640 ››
3469 1588 3558 1645 ἐπὶ
3587 1589 3651 1644 τὸ
3669 1588 3805 1645 αὐτὸ

2141 1702 2168 1735 ε
2197 1679 2542 1755 συνάγονται,
2569 1704 2590 1731 ι
2624 1680 2718 1735 τὸν
2738 1680 3041 1756 γνωστικὸν
3066 1678 3376 1756 ἄνθρωπον.
3409 1675 3511 1750 Εῗη
3544 1674 3594 1733 δ’
3622 1675 3685 1733 ἂν
3705 1677 3804 1734 καὶ

2132 1772 2169 1841 ἡ
2194 1771 2426 1844 ὁμόνοια
2450 1775 2560 1825 τῶν
2614 1767 2843 1825 πολλῶν
2904 1768 3012 1825 ἀπὸ
3039 1773 3146 1824 τῶν
3188 1772 3358 1845 τριῶν
3390 1766 3801 1845 ἀριθμουμένη,

2137 1861 2255 1932 μεθ’
2275 1860 2350 1915 ὧν
2381 1860 2409 1914 6
2441 1858 2667 1936 Κύριος,
2695 1862 2730 1929 ἡ
2763 1857 2864 1932 μία
2895 1856 3213 1928 Ἐκκλησία,
3248 1858 3277 1913 6
3310 1859 3388 1922 εἷς
3418 1857 3801 1931 ἄνθρωπος,τὸ

2134 1950 2288 2027 γένος
2317 1952 2381 2006 τὸ
2421 1947 2496 2006 ἓν.
2529 1952 2602 2006 ’Ἠ
2636 1951 2769 2024 μήτι
2801 1948 2938 2025 μετὰ
2970 1949 3065 2023 μὶν
3095 1951 3193 2004 τοῦ
3223 1948 3342 2011 δνὸς
3395 1950 3495 2003 τοῦ
3523 1942 3803 2002 Ἰουδαίου

2136 2042 2166 2096 6
2216 2039 2416 2116 Κύριος
2472 2041 2788 2115 νομοθετῶν
2841 2040 2930 2109 ἦν’
2990 2036 3354 2115 προφητεύων
3410 2033 3468 2092 δὲ
3518 2033 3655 2108 ἠδη,
3703 2036 3798 2090 καὶ

2135 2131 2229 2185 τὸν
2258 2126 2523 2206 Ἱερεμίαν
2572 2127 2930 2185 ἀποστέλλων
2988 2127 3065 2191 εἷς
3128 2122 3445 2190 Βαϐυλῶνα,
3502 2122 3651 2181 ἀλλὰ
3705 2125 3805 2179 καὶ

2134 2219 2263 2283 τοὺς
2317 2219 2371 2290 ἐξ
2429 2219 2596 2275 ἐθνῶν
2642 2217 2732 2274 διὰ
2783 2224 2884 2289 τῆς
2939 2216 3274 2296 προφητείας
3330 2216 3536 2285 καλῶν,
3596 2220 3807 2290 συδῆγε

2138 2308 2308 2372 λαοὺς
2363 2309 2491 2372 τοὺς
2538 2307 2657 2364 δύο·
2716 2308 2901 2384 τρίτος
2960 2306 3018 2364 δέ
3070 2309 3139 2378 ἦν
3193 2304 3254 2363 ἐκ
3306 2311 3414 2361 τῶν
3491 2302 3638 2361 δυεῖν
3684 2305 3805 2378 (29)

2141 2420 2171 2453 α
2198 2399 2519 2473 κτιζόμενος
2547 2424 2573 2451 ι)
2607 2400 2685 2462 εἷς
2718 2423 2747 2449 ‹‹
2807 2397 2886 2460 εἷς
2942 2398 3127 2453 καινὸν
3163 2392 3470 2473 ἄνθρωπον,
3501 2394 3549 2467 ᾧ
3591 2391 3660 2464 δὴ
3691 2391 3802 2467 ἐμ-

2136 2494 2503 2563 περιπατεῖτε
2532 2489 2622 2544 καὶ
2652 2492 2901 2543 κατοικεῖ
2930 2510 2959 2538 »
3018 2485 3071 2541 ἐν
3126 2484 3265 2561 αὐτῇ
3312 2486 3381 2560 τῇ
3443 2480 3749 2555 Ἐκκλησία
3787 2508 3804 2551 ;

2134 2579 2326 2653 Νόμος
2352 2599 2410 2634 τε
2440 2580 2583 2651 ὁμοῦ
2611 2579 2702 2633 καὶ
2734 2583 3015 2654 προφῆται
3069 2576 3163 2631 σὺν
3218 2574 3308 2630 καὶ
3364 2577 3445 2647 τῷ
3474 2571 3802 2648 Εὗαγγελίῳ

2136 2666 2190 2723 ἐν
2270 2667 2502 2741 ὀνόματι
2571 2670 2811 2742 Χριστοῦ
2874 2666 2954 2729 εἰς
3006 2665 3134 2740 μίαν
3196 2662 3512 2740 συνάγονται
3569 2666 3801 2738 γνῶσιν.

2136 2756 2346 2815 Οὐκοῦν
2380 2758 2432 2812 οἱ
2464 2754 2554 2812 διὰ
2587 2762 2745 2831 μῖσος
2808 2758 2885 2830 μὴ
2944 2759 3277 2832 γαμοῦντες,
3307 2752 3343 2823 ἣ
3377 2750 3446 2809 δι’
3505 2749 3799 2826 ἐπιθυμίαν

2136 2842 2450 2924 ἀδιαφόρως
2502 2850 2571 2920 τῇ
2624 2844 2784 2919 σαρκὶ
2842 2846 3282 2920 καταχρώμενοι,
3334 2842 3434 2898 οὐκ
3482 2839 3537 2897 ἐν
3579 2841 3803 2918 ἀριθμῷ

2132 2940 2238 2990 τῶν
2273 2937 2597 3008 σωζομένων
2633 2934 2875 3004 ἐκείνων,
2903 2935 3025 3008 μτθ⁹
3058 2934 3132 2989 ὧν
3167 2935 3196 2989 6
3219 2932 3449 3008 Κύριος.

360 3038 484 3079 una
513 3040 649 3080 cum
679 3025 995 3098 Evangelio
1027 3026 1088 3081 in
1118 3027 1364 3083 nomine
1394 3027 1609 3083 Christi
1641 3033 2077 3101 congregantur
2133 3027 2196 3082 in
2246 3043 2428 3083 unam
2482 3026 2904 3098 cognitionem.
2961 3026 3069 3092 Qui
3127 3041 3265 3099 ergo
3313 3027 3560 3096 propter
3594 3021 3802 3079 odium

360 3128 612 3169 uxorem
642 3131 765 3170 non
798 3114 1043 3185 ducunt,
1076 3115 1166 3171 vel
1192 3123 1437 3189 propter
1467 3118 2014 3190 concupiscentiam
2058 3133 2237 3173 carne
2281 3116 2693 3173 indiil'erenter
2739 3116 3088 3182 abutuntur,
3120 3131 3243 3171 non
3277 3120 3418 3170 sunt
3454 3114 3516 3169 in
3548 3126 3802 3169 numero

361 3199 607 3258 illorum
641 3203 743 3275 qui
781 3210 1109 3274 servantur,
1146 3223 1283 3263 cum
1324 3207 1540 3280 quibus
1571 3212 1663 3263 est
1692 3208 2000 3263 Dominus.

1908 3356 2138 3412 CAPUT
2185 3356 2280 3411 ΧΙ.
2634 3408 2639 3415 ,

1174 3455 1334 3524 Legis
1361 3459 1416 3510 et
1442 3453 1651 3509 Christi
1679 3454 2004 3510 mandatum
2034 3454 2102 3510 ab
2131 3470 2244 3510 non
2270 3453 2701 3526 concupiscendo
2721 3454 2973 3524 exponit.

434 3577 538 3632 llis
569 3577 655 3632 sic
700 3577 977 3644 ostensis,
1010 3592 1115 3651 age
1148 3577 1502 3650 Scripturas,
1535 3594 1669 3649 quae
1712 3578 2024 3635 adversan-

2218 3575 2434 3633 Τούτων
2465 3573 2572 3632 ὧδε
2600 3572 3075 3651 ἐπιδεδειγμὲνων,
3135 3574 3281 3653 φέρε.
3344 3571 3543 3629 ὁπόσαι
3587 3571 3810 3638 τούτοις

368 3673 467 3723 tur
494 3665 777 3738 sapbistis
808 3666 1125 3737 haereticis,
1141 3667 1267 3738 jam
1301 3666 1755 3734 adducamus,et
1773 3669 2024 3741 regulam

2144 3671 2262 3729 τοῖς
2290 3667 2425 3722 κατά
2471 3665 2568 3724 τὰς
2624 3666 2855 3741 αἱρέσεις
2918 3669 3201 3743 σοφισταῖς
3254 3661 3618 3719 ἐναντιοῦνται
3662 3668 3807 3740 Γρα-

370 3755 756 3812 continentia:
789 3757 1118 3811 secundum
1149 3756 1329 3828 logon
1362 3773 1464 3811 seu
1495 3756 1791 3812 rationem
1819 3758 2034 3813 obser-

364 3845 619 3901 vandam
677 3844 1072 3901 declaremus.
1124 3845 1231 3911 Qui
1317 3861 1455 3900 vero
1541 3845 1840 3919 intelligit,
1902 3864 2033 3919 qua)

365 3932 670 4008 Scriptura
700 3934 917 4006 cuique
948 3934 1163 3989 haeresi
1205 3935 1505 3990 contraria
1562 3936 1658 3999 sit,
1719 3950 1849 3991 eam
1882 3941 2035 3992 tem-

361 4025 588 4097 pestive
618 4023 961 4080 adhibendo
995 4023 1281 4079 refutabit
1311 4025 1548 4096 eos,qui
1574 4024 2032 4098 dogmataman-

362 4113 517 4170 datis
566 4113 867 4170 contraria
922 4114 1176 4186 tingunt.
1238 4115 1429 4187 Atque
1482 4120 1550 4170 ut
1608 4113 1680 4171 ab
1730 4115 1849 4172 alto
1901 4132 2029 4172 rem

361 4208 725 4275 repetamus,
753 4201 850 4258 lex
874 4201 1138 4273 quidem,
1166 4202 1322 4260 sicut
1349 4203 1516 4277 prius
1543 4205 1823 4275 diximus,
1855 4205 2027 4272 illud,

367 4317 393 4345 ιι
432 4295 559 4348 Non
591 4293 980 4366 concupisces
1011 4309 1260 4351 uxorem
1292 4294 1547 4367 proximi
1576 4294 1659 4351 tui
1681 4296 1779 4368 (α),
1804 4319 1832 4347 ››
1863 4297 2029 4369 prius

364 4381 718 4439 exclamavit
736 4389 875 4439 ante
897 4384 1281 4457 conjunctam
1299 4386 1609 4442 Dominiin
1643 4387 1797 4442 Novo
1827 4388 2026 4443 Testa-

362 4477 565 4527 mento
595 4488 820 4540 vocem,
873 4489 1004 4545 quae
1059 4473 1205 4529 dicit
1234 4491 1305 4529 ex
1344 4491 1451 4530 sua
1505 4475 1695 4548 ipsius
1726 4493 2023 4549 persona:

361 4583 390 4611 ‹‹
424 4561 746 4616 Audivistis
777 4561 969 4635 legem
1002 4563 1452 4636 praecipientem
1479 4581 1493 4620 :
1528 4566 1653 4621 Non
1683 4565 2024 4622 mcechabe-

358 4650 463 4705 ris.
499 4652 616 4723 Ego
647 4656 846 4707 autem
867 4651 1038 4707 dico:
1072 4654 1197 4708 Non
1255 4656 1645 4727 concupisces
1667 4655 1764 4727 (b).
1798 4677 1824 4704 »
1854 4656 2022 4722 Quod

359 4740 521 4795 enim
550 4740 729 4795 vellet
774 4741 870 4796 lex
929 4742 1082 4798 viros
1140 4743 1225 4798 uti
1268 4745 1574 4801 moderate
1604 4744 1911 4815 uxoribus,
1963 4751 2022 4802 et

2146 3756 2271 3834 φαῖ,
2306 3754 2415 3828 ἤδη
2466 3755 2840 3834 παραθώμεθα
2889 3755 2982 3811 τὸν
3031 3752 3231 3810 κανόνα
3287 3754 3388 3823 τῆς
3445 3753 3582 3809 κατᾶ
3631 3750 3805 3829 λόγον

2141 3832 2493 3921 τηρουμένης
2548 3832 2859 3923 ἐγκρατείας
2920 3845 3242 3917 μηνύοντες.
3303 3842 3535 3917 Ἐκάστῃ
3591 3839 3650 3898 δὶ
3690 3846 3802 3898 τῶν

2143 3937 2401 4012 αἱρέσεων
2427 3936 2527 4006 τὴν
2577 3935 2791 3998 οἰκείως
2839 3932 3193 4007 ἐνισταμένην
3242 3934 3463 4009 Γραφὴν
3518 3933 3546 3987 ὁ
3604 3932 3803 3988 συνιὼν

2142 4021 2533 4101 ἐπιλεγόμενος
2556 4025 2693 4080 κατᾶ
2721 4024 2933 4100 καιρὸν,
2991 4023 3258 4096 Χρήσεται
3310 4021 3447 4098 πρὸς
3505 4020 3802 4078 κατάλυσιν

2137 4119 2246 4172 τῶν
2276 4115 2421 4193 παρᾶ
2449 4116 2545 4181 τὰς
2573 4113 2801 4180 ἐντολὰς
2857 4111 3325 4191 δογματιζόντων.
3375 4113 3622 4178 Ἀνωθεν
3706 4111 3802 4186 μὲν

2139 4205 2229 4261 οὗν
2283 4206 2311 4261 6
2369 4207 2565 4279 νόμος,
2671 4204 2853 4283 ὥσπερ
2937 4204 3375 4281 προειρήκαμεν,
3427 4201 3510 4275 τὸ,
3597 4225 3627 4253 ‹‹
3689 4200 3807 4259 Οὐκ

2138 4296 2498 4369 ἐπιθυμήσεις
2553 4298 2655 4362 τῆς
2721 4298 2822 4350 τοῦ
2900 4291 3162 4364 πλησίον,
3244 4298 3348 4363 τῆς
3424 4295 3523 4347 τοῦ
3602 4290 3804 4367 Κυρίου

2137 4386 2448 4462 προσεχοῦς
2481 4384 2617 4441 κατᾶ
2659 4384 2759 4455 τὴν
2809 4384 2945 4440 Νέαν
3002 4384 3283 4454 Διαθήκην
3330 4388 3542 4462 φωνῆς,
3592 4400 3807 4457 προσα-

2136 4474 2499 4553 ναπεφώνηκε
2544 4478 2679 4544 (30),
2731 4478 2833 4543 τῆς
2886 4470 3056 4543 αὐτῆς
3113 4469 3562 4547 αὖτοπροσώπως
3610 4466 3807 4544 Λεγού-

2136 4584 2257 4635 σης·
2314 4590 2335 4615 ι
2396 4562 2693 4619 Ἠκούσατε
2750 4567 2848 4617 τοῦ
2933 4560 3105 4634 νόμου
3175 4559 3618 4636 παραγγὲλοντος
3666 4560 3800 4631 (39)·

2135 4654 2212 4714 Οὐ
2246 4654 2581 4730 μοιχεύσεις·
2632 4651 2744 4727 ἐγὼ
2805 4649 2864 4707 δὲ
2921 4648 3091 4726 λὲγω·
3158 4650 3271 4705 Οὐκ
3324 4649 3708 4721 ἐπιθυμήσεις.
3770 4670 3802 4699 ››

2133 4750 2253 4799 ’Ότι
2282 4744 2386 4820 γὰρ
2422 4742 2719 4822 σωφρόνως
2767 4736 3033 4797 ἐϐούλετο
3091 4746 3212 4803 ταῖς
3256 4742 3523 4815 γαμεταῖς
3553 4744 3802 4814 χρῆσθαι

430 4883 493 4948 ›χ‹
524 4887 585 4940 P.
620 4888 720 4941 543
752 4889 863 4943 EI).
890 4890 1183 4959 POTTER,
1208 4894 1310 4947 452s
1342 4893 1454 4946 ED.
1492 4891 1720 4945 PARlS.
1755 4892 1830 4962 (α)
1860 4894 2023 4947 Exod

2138 4910 2175 4961 ι,
2211 4894 2296 4947 17.
2332 4892 2406 4964 (ὁ)
2428 4891 2632 4948 Matth.
2667 4907 2722 4959 ν,
2753 4893 2846 4961 27,
2877 4891 2968 4944 28.

361 5032 589 5101 rentur.
624 5029 885 5101 Respicit
910 5033 1063 5101 torte
1095 5031 1236 5086 Gen.
1270 5048 1372 5098 xu,
1433 5034 1487 5098 3,
1526 5031 1630 5086 ubi
1691 5033 1844 5086 Deus
1894 5034 1977 5088 ait
2011 5050 2024 5088 :

363 5097 667 5179 Εύλογήσω
722 5097 851 5162 ¹υἱοὺς
907 5099 1268 5179 εὐλογοῦντάς
1324 5097 1414 5179 σε,
1461 5097 1552 5155 καὶ
1605 5100 1733 5166 τοὺς
1777 5122 2024 5179 καταρω-

363 5167 561 5297 ἰιὲνους
620 5190 678 5224 σε
734 5172 1004 5246 καταρασο
1053 5167 1107 5225 α’
1163 5174 1255 5228 vel
1311 5176 1453 5229 Gen.
1524 5191 1698 5240 xxvu,
1773 5178 1860 5234 29.
1917 5167 2022 5233 'ubi

390 5259 601 5297 saacus
629 5244 842 5297 Jacobo
874 5246 960 5297 sic
1012 5194 1360 5297 Eenedicit:
1420 5246 1481 5297 Ὁ
1523 5246 1909 5297 καταοώυιενός
1965 5267 2022 5297 σε

390 5259 601 5320 saacus
629 5244 844 5320 Jacobo
874 5243 960 5320 sic
1012 5243 1360 5320 benedicit:
1420 5246 1909 5320 'Ouxarapubuevdc
1965 5267 2024 5301 σε

362 5309 772 5391 ἐπικατάλρατος·
824 5316 853 5370 6
911 5311 959 5368 δ’
1010 5311 1273 5391 εόλ-ογῷν-
1318 5336 1377 5369 σε
1424 5309 1835 5391 ηύλογημὲνος.
1901 5321 2021 5376 Nisi

362 5387 561 5458 potius
578 5387 813 5461 hagoex
841 5387 1180 5461 apocrypho
1214 5387 1366 5461 libro
1410 5387 1595 5461 petita
1635 5387 1876 5446 fuerint.

433 5454 1157 5533 (28;_fA_Sslcpéq.'liespi'cit
1213 5460 1386 5533 Hebr.
1412 5454 1481 5531 ἰι,
1516 5465 1621 5533 ll,
1673 5462 1772 5517 ubi
1824 5464 2020 5519 Domi-

364 5542 509 5614 nus-
537 5528 774 5601 dicitur;
853 5529 951 5582 οὐκ
1009 5528 1429 5604 ἐπαισχύνεσθαι
1468 5528 1773 5609 ’ἀδελφοὺς
1827 5533 2023 5596 αὐτοὺς

366 5615 576 5656 καΛων.

439 5672 552 5737 (29)
582 5668 903 5746 T&v_86siv.
930 5673 1194 5746 Respicit
1218 5674 1432 5746 Ephes.
1495 5691 1561 5746 ir,
1608 5676 1674 5730 10
1702 5694 1714 5731 :
1746 5676 1860 5733 Ἵνα
1892 5673 2019 5738 τοὺς

439 5689 552 5737 (κν)
583 5689 706 5725 Των
738 5689 903 5726 ουειν.
931 5689 1043 5728 nes
1090 5689 1194 5728 1οη
1218 5689 1432 5746 npnes.
1495 5691 1561 5740 η.
1608 5689 1674 5730 1U
1702 5694 1714 5731 :
1749 5689 1860 5733 ἰνα
1892 5689 2018 5738 τους

371 5730 467 5789 δᾶο
522 5739 682 5812 κτίσῃ
713 5739 764 5797 ἐν
816 5741 992 5815 ἑαυτῷ
1015 5689 1096 5805 είέ
1123 5740 1217 5798 ἵνα
1272 5743 1455 5799 καινὸν
1506 5742 1814 5820 ἄνθρωπον,
1844 5750 2018 5803 ποιῶν

2136 5028 2832 5107 εἶρήνην,ἀ-ποκαταλλάξῃ
2890 5028 3024 5093 τοὺς
3072 5030 3428 5107 ,ἀμφοτέρους
3473 5023 3803 5107 ἐνρνὶΑσώε

2181 5097 2289 5160 ἁτί.
2317 5097 2467 5161 Dein
2507 5108 2556 5160 II
2614 5105 2744 5162 Cor.
2781 5097 2881 5172 vin,
2931 5107 2995 5159 16
3024 5120 3038 5158 :
3070 5097 3452 5174 Ὑμεῖςςγὰρᾼ
3473 5097 3623 5174 ναὸς-
3658 5099 3799 5174 Θεοῦ

2164 5196 2253 5231 στε
2286 5181 2509 5245 ζῶντος,
2542 5177 2723 5236 καθὼς
2781 5168 2925 5229 εἶπεν
2968 5175 2996 5228 ὁ
3055 5168 3205 5238 Θεὸς,
3265 5168 3350 5227 ὃτί
3387 5168 3710 5241 ’Ἐνοικήσω
3740 5168 3796 5223 ἐν

2133 5247 2341 5317 αὐτοῖς,
2372 5250 2463 5303 καί
2496 5248 2949 5323 ἐμπεριπατήσω.

2206 5315 2335 5413 (39)
2377 5315 2939 5413 Προσαναθπεφώνηκε.
3024 5320 3219 5413 ξοηθο
3274 5315 3473 5390 aptius
3551 5330 3797 5389 προανα-

2130 5388 2443 5470 πεφώνηκε”,
2485 5415 2506 5443 ε
2540 5388 3095 5466 prius'exclamavit.
3126 5411 3156 5439 ››
3188 5388 3465 5445 Snﬁuno.

2204 5469 2311 5537 (31)
2342 5468 2455 5522 Τοῦ
2510 5466 2688 5540 νόμου
2746 5458 3250 5540 παραγγέλλοντοςἶ
3294 5462 3797 5540 Interpretamen-

2132 5529 2255 5593 tum
2288 5529 2631 5603 Clementis,
2687 5529 3358 5608 qui,'rv_erbisﬁpauium
3420 5529 3796 5608 mutati-mus.

2131 5609 2448 5682 Scriptura:
2493 5598 2737 5682 sensum
2768 5598 3405 5682 e'xbibet._'l'lxo-5_¢ats,
3465 5600 3549 5656 δτι
3594 5598 3794 5676 egetur,

2130 5677 2403 5757 ἀρχαίοις,
2435 5683 2582 5739 dicit
2605 5679 2873 5738 Christus
2896 5677 3057 5750 apud
3105 5677 3466 5735 Matthaeum.
