4144 6390
371 313 513 371 1173

1713 306 2159 365 ΒΤΒΟΜΔΤΠΜ
2196 308 2335 364 LIB.
2378 310 2478 366 III.

3664 313 3804 370 1174

367 438 496 499 τοὺς
528 432 731 507 ἄνδρας
763 433 791 488 6
821 431 994 506 νόμος
1043 429 1136 487 καὶ
1184 429 1270 486 ἐπὶ
1333 427 1472 504 μόνῃ
1519 431 1630 504 (32)
1678 426 2017 501 παιδοποιίᾳ,

2138 437 2383 503 propter
2441 433 2630 490 solam
2688 435 3017 491 liberorum
3075 435 3542 508 susceptionem,
3603 454 3673 492 ex
3733 455 3800 494 eo

372 525 542 598 δῆλον
576 525 637 582 ἐκ
664 529 765 580 τοῦ
797 521 1027 578 κωλύειν
1066 520 1160 595 μὶν
1193 524 1262 594 τῇ
1299 545 1324 572 ι(
1349 518 1699 596 αῗχμαλώτῳ
1734 543 1756 573 ιι
1790 522 1901 593 (33)
1925 540 2030 573 πα-

374 624 644 694 ραχρῆμα
702 613 1090 688 ἐπιμίγνυσθαι
1145 611 1238 665 τὸν
1299 607 1527 686 ἄγαμον·
1589 609 2028 684 ἐπιθυμήσαντος

372 705 430 763 δὲ
487 707 647 777 απαξ,
677 706 972 780 τριάκοντα
1001 704 1213 765 πενθεῖν
1273 695 1580 775 ἐπιτρέπειν
1631 697 1866 774 ἡμέρας,
1912 719 2027 754 κει-

373 797 579 873 ραμένη
613 795 704 850 καὶ
733 794 828 857 τὰς
861 791 1076 867 τρίχας’
1135 789 1179 844 εί
1214 787 1271 844 δὲ
1321 786 1450 863 μηδ’
1484 788 1654 852 οὕτως
1711 787 2027 863 μαραίνοιτο

371 890 407 957 ἡ
439 884 724 959 ἐπιθυμία,
754 884 878 938 τότε
921 877 1387 949 παιδοποιεῖσθαι,
1424 875 1896 952 δεδοκιμασμένης
1925 885 2028 947 τῆς

373 977 554 1052 ὁρμῆς
613 981 712 1044 τῆς
776 969 1138 1047 κυριευούσης
1203 969 1340 1024 κατὰ
1389 970 1490 1039 τήν
1537 968 1874 1044 προθεσμίαν
1929 973 2027 1023 τοῦ

371 1065 599 1142 χρόνου,
646 1063 722 1127 είς
767 1059 940 1139 ὄρεξιν
972 1057 1228 1136 εὔλογον.
1285 1061 1443 1123 Ὅθεν
1491 1057 1552 1114 ού
1601 1055 1822 1131 δείξειας
1867 1056 2028 1132 ἐγκύ-

376 1177 502 1228 μονι
541 1152 925 1224 πλησιάσαντα
977 1154 1086 1206 τῶν
1131 1143 1510 1224 πρεσϐυτέρων
1569 1147 1692 1203 τινά
1738 1147 1876 1202 κατά
1925 1148 2024 1216 τήν

371 1246 612 1322 Γραφήνο
649 1241 776 1298 ἀλλ’
809 1240 1028 1316 ὕστερον
1089 1237 1222 1312 μετά
1261 1260 1320 1293 τε
1375 1239 1473 1307 τὴν
1529 1236 1826 1314 κυοφορίαν
1890 1237 2027 1310 μετά

365 1354 425 1390 τε
447 1335 549 1402 τὴν
579 1337 676 1388 τοῦ
733 1331 1020 1408 τεχθέντος
1069 1327 1479 1405 γαλακτουχίαν
1527 1326 1706 1402 εὕροις
1738 1326 1796 1381 ἃν
1857 1325 2024 1381 πάλιν

365 1421 502 1496 πρὸς
530 1426 637 1477 τῶν
673 1420 882 1497 ἀνδρῶν
909 1417 1316 1496 γινωσκομένας
1347 1417 1442 1482 τὰς
1489 1422 1767 1492 γυναῖκας.
1817 1415 2026 1472 Αὐτίκα

363 1510 557 1568 τοῦτον
609 1512 859 1587 εὑρήσεις
918 1510 1009 1565 τὸν
1072 1509 1273 1564 σκοπὸν
1328 1507 1537 1562 καὶτὸν
1591 1511 1690 1561 τοῦ
1747 1509 2024 1569 Μωυσέως

365 1603 574 1677 πατέρα
630 1598 1004 1680 φυλάσσοντα,
1058 1597 1292 1674 τριετίαν
1351 1595 1676 1653 διαλιπόντα
1734 1598 1869 1670 μετά
1922 1598 2021 1665 τὴν

363 1696 461 1747 τοῦ
520 1691 733 1764 Ἀαρὼν
793 1688 1101 1760 ἀποκύησιν
1137 1733 1152 1760 ,
1210 1688 1541 1764 γεννήσαντα
1594 1688 1686 1742 τὸν
1744 1687 2020 1743 Μωυσέα.

360 1783 432 1838 Ἠ
487 1802 546 1836 τε
606 1778 670 1836 αὖ
704 1781 960 1849 Λευῖτική
995 1776 1166 1857 φυλή,
1199 1781 1390 1833 τοῦτον
1425 1776 1769 1853 φυλάσσουσα
1797 1779 1888 1832 τὸν
1920 1784 2019 1846 τῆς

2143 521 2371 578 clarum
2406 529 2515 592 est,
2550 525 2708 595 quod
2755 527 3032 596 prohibet
3063 527 3305 596 quidem
3338 543 3498 594 eum,
3551 527 3651 598 qui
3682 545 3805 583 non

2142 613 2321 667 habet
2352 630 2616 678 uxorem,
2653 615 2851 669 statim
2875 633 3009 670 cum
3044 638 3069 664 α
3101 617 3329 686 captiva
3360 639 3387 666 »
3420 616 3639 672 habere
3663 634 3805 672 con-

2141 703 2522 757 suetudinem
2567 705 2661 772 (a).
2714 705 2879 770 Quod
2925 706 2972 759 si
3007 705 3192 760 semel
3225 705 3674 773 desideraverit,
3726 708 3804 776 ei,

2139 809 2275 847 cum
2308 797 2483 847 tonsa
2530 793 2709 848 fuerit
2757 795 3029 865 capillos,
3080 795 3422 865 permittere
3479 801 3547 850 ut
3603 796 3805 868 lugeat

2138 882 2384 954 triginta
2415 881 2646 938 diebus.
2684 883 2738 936 Si
2772 891 2970 938 autem
3004 899 3078 937 ne
3112 885 3195 938 sic
3237 883 3478 954 quidem
3537 901 3802 940 emarce-

2139 976 2265 1027 seat
2289 971 2604 1042 cupiditas,
2643 977 2782 1027 tunc
2814 973 3022 1027 liberis
3053 990 3293 1044 Operam
3316 973 3479 1040 dare,
3513 991 3648 1028 cum
3669 991 3800 1046 qua)

2139 1060 2483 1116 dominatur
2516 1062 3086 1134 impulsio,probata
3119 1063 3510 1134 sitprasﬁnito
3535 1069 3800 1135 tempore

2137 1158 2539 1207 consentanea
2563 1153 2778 1207 rationi
2805 1154 3112 1224 appetitio.
3149 1153 3313 1207 Unde
3346 1152 3580 1207 nullum
3612 1170 3681 1208 ex
3710 1170 3802 1208 ve-

2137 1240 2362 1296 teribus
2407 1257 2477 1294 ex
2526 1241 2830 1312 Scriptura
2880 1241 3236 1310 ostenderis,
3289 1242 3389 1313 qui
3439 1259 3574 1297 cum
3610 1259 3800 1316 praeg-

2137 1335 2316 1385 nante
2352 1347 2474 1384 rem
2508 1330 2827 1386 habuerit:
2878 1331 2980 1386 sed
3014 1337 3328 1403 postquam
3369 1331 3618 1404 gestavit
3669 1337 3799 1387 ute-

2135 1437 2290 1486 rum,
2325 1425 2384 1474 et
2413 1426 2729 1492 postquam
2780 1421 3003 1475 editum
3035 1421 3219 1476 fetum
3278 1439 3313 1477 a
3351 1421 3503 1476 lacte
3547 1420 3797 1494 depulit,

2135 1526 2345 1564 rursus
2375 1526 2409 1564 a
2439 1509 2577 1565 viris
2626 1511 2890 1582 cognitas
2923 1511 3105 1566 fuisse
3155 1528 3389 1566 uxores.
3449 1512 3576 1567 Jam
3633 1511 3797 1568 hunc

2135 1600 2290 1654 I96
2341 1616 2586 1672 scepum
2636 1605 2696 1654 et
2756 1600 3097 1655 institutum
3146 1600 3411 1656 invenies
3459 1607 3796 1657 servantem

2136 1689 2347 1760 Moysis
2371 1695 2621 1760 patrem,
2653 1707 2789 1746 cum
2825 1691 3149 1745 triennium
3184 1696 3318 1762 post
3349 1693 3643 1746 Aaronem
3667 1691 3796 1747 edi-

2133 1784 2260 1834 tum
2304 1779 2750 1847 intermisisset,
2805 1779 3081 1852 genuisse
3131 1781 3409 1851 Moysem.
3471 1781 3542 1834 Et
3586 1797 3795 1836 rursus

389 1836 412 1838 α
949 1836 960 1849 ι
1006 1836 1016 1857 ι
1132 1836 1165 1850 -ι
1437 1836 1446 1853 ι
1977 1836 2014 1846 ’-

365 1870 576 1949 φύσεως
624 1869 794 1944 νόμον
843 1869 902 1924 ἐκ
955 1872 1110 1938 Θεοῦ,
1161 1865 1400 1924 ἐλάττων
1461 1867 1551 1922 τὸν
1583 1867 1815 1941 ἀριθμὸν
1875 1866 2017 1941 παρά

2133 1869 2385 1925 Levitica
2427 1868 2640 1935 tribus,
2675 1887 2918 1925 servans
2947 1869 3100 1924 hanc
3134 1876 3360 1923 natura;
3391 1869 3583 1942 legem
3610 1886 3644 1924 a
3675 1871 3794 1925 Deo

360 1962 458 2026 τὰς
498 1959 672 2024 ἄλλας
725 1960 802 2023 εἷς
857 1960 956 2028 τὴν
1003 1956 1560 2034 προκατηγγελμένην
1613 1955 1834 2025 εἰσῆλθε
1888 1964 2016 2032 γῆν.

363 2050 425 2106 ού
473 2051 576 2127 γάρ
628 2047 830 2127 ῥᾳδίως
860 2048 1069 2119 αὐξάνει
1119 2048 1273 2123 γένος
1305 2047 1382 2109 είς
1421 2046 1834 2117 πολυπληθίαν,
1869 2067 2018 2100 σπει-

361 2141 567 2215 ράντων
629 2140 725 2214 μὲν
781 2144 890 2194 τῶν
946 2134 1154 2209 ἀνδρῶν
1208 2141 1316 2192 τῶν
1359 2137 1450 2191 τὸν
1487 2137 1621 2192 κατά
1661 2135 1786 2198 τοὺς
1816 2136 2019 2208 νόμους

358 2230 541 2304 γάμον
603 2225 1068 2302 ἀναδεδεγμένων,
1109 2227 1484 2299 ἀναμενόντων
1546 2223 1604 2280 δὲ
1646 2227 1708 2280 οὐ
1738 2225 1838 2294 τήν
1888 2245 2018 2279 κυο-

358 2319 552 2398 φορίαν
588 2319 779 2391 μόνον.
813 2315 960 2372 ἀλλά
988 2317 1078 2372 καὶ
1107 2317 1205 2386 τήν
1239 2315 1708 2391 γαλακατουχίαν.
1737 2316 1900 2372 Ὀθεν
1943 2313 2022 2370 εἲ-

357 2409 533 2470 κότως
561 2408 653 2463 καὶ
686 2409 714 2463 ὁ
749 2411 1014 2477 Μωϋσῆς,
1055 2408 1171 2462 κατ’
1208 2405 1396 2482 ὀλίγον
1431 2405 1506 2466 είς
1537 2404 1852 2479 ἐγκράτειαν
1884 2424 2020 2476 προ-

361 2494 603 2568 ϐιϐάζων
630 2496 760 2561 τοὺς
795 2494 1116 2561 Ἰουδαίους,
1163 2500 1328 2570 τριῶν
1362 2497 1585 2570 ἡμερῶν
1619 2493 1756 2548 κατά
1782 2494 1844 2548 τὸ
1897 2493 2018 2562 ἑξῆς

359 2589 782 2662 ἀπεσχημένους
839 2582 1170 2660 ἀφροδισίου
1226 2580 1456 2653 ἡδονῆς,
1517 2579 1836 2657 προσέταξεν
1891 2579 2020 2635 ἐπα-

357 2677 539 2733 κούειν
588 2681 696 2731 τῶν
740 2674 896 2739 θείων
947 2671 1156 2748 λόγων.
1190 2698 1218 2725 ‹‹
1251 2673 1442 2744 Ἡμεῖς
1474 2668 1564 2726 οὖν
1595 2671 1715 2724 ναοὶ
1745 2674 1842 2724 τοῦ
1886 2675 2020 2725 Θεοῦ

359 2766 542 2840 ἰσμεν,
574 2765 754 2826 καθὼς
815 2765 956 2818 εἶπεν
991 2764 1018 2818 6
1049 2764 1345 2836 προφήτης
1381 2765 1516 2835 (34),
1572 2759 1655 2816 ὅτι
1715 2762 2018 2830 Ἐνοικήσω

357 2855 408 2911 ἐν
455 2855 641 2916 αὐτοῖς
689 2853 779 2909 καὶ
813 2853 1263 2926 ἐμπεριπατήσω·
1313 2850 1400 2906 καὶ
1434 2845 1626 2924 ἔσομαι
1657 2851 1836 2905 αὐτῶν
1865 2850 2015 2920 Θεὸς,

355 2945 445 3001 καὶ
476 2945 630 3000 αὐτοὶ
664 2941 874 2999 ἔσονταί
913 2963 1018 3015 μου
1059 2940 1214 3004 λαός·
1253 2963 1277 2994 ι
1332 2939 1418 2994 ἐὰν
1467 2941 1602 2995 κατά
1650 2939 1744 3002 τὰς
1792 2939 2017 3004 ἐντολὰς

354 3034 796 3107 πολιτευώμεθα,
855 3031 963 3087 εἴτε
1015 3033 1042 3086 6
1085 3032 1206 3086 καθ’
1253 3026 1478 3085 ἕκαστον
1529 3033 1714 3103 ἡμῶν,
1763 3026 1870 3095 εἴτε
1926 3028 2014 3083 καὶ

354 3123 524 3199 ἀθρόα
577 3125 610 3192 ἡ
658 3120 982 3192 Ἐκκλησία.
1036 3145 1064 3173 ‹‹
1100 3120 1192 3174 Διὸ
1241 3119 1480 3190 έξέλθενε
1511 3119 1569 3174 ἐκ
1611 3120 1778 3192 μέσου
1838 3117 2014 3173 αὐτῶν

2125 1958 2425 2028 traditam,
2456 1958 2590 2013 aliis
2619 1974 2871 2014 numero
2905 1958 3102 2012 minor
3133 1958 3400 2031 ingressa
3445 1962 3534 2012 est
3580 1958 3643 2012 in
3675 1961 3794 2012 ter-

2126 2065 2254 2103 ram
2309 2049 2689 2119 promissam.
2745 2051 2871 2103 Non
2919 2049 3076 2104 enim
3125 2047 3300 2103 facile
3358 2048 3796 2120 multiplicatur

2125 2154 2333 2210 genus,
2367 2155 2504 2193 cum
2539 2138 2644 2192 viri
2678 2139 2919 2209 quidem
2953 2139 3273 2205 seminant,
3305 2137 3572 2210 legitimo
3596 2138 3794 2209 juncti

2127 2228 2552 2294 matrimonio;
2587 2233 2934 2298 exspectant
2992 2233 3190 2282 autem
3239 2245 3360 2282 non
3395 2227 3589 2282 solum
3636 2226 3792 2282 uteri

2128 2318 2544 2390 gestationem,
2578 2317 2680 2372 sed
2714 2319 2893 2372 etiam
2925 2334 2958 2372 a
2989 2317 3140 2372 lacte
3173 2317 3605 2388 depulsionem.
3626 2315 3791 2372 Unde

2129 2407 2342 2462 merito
2366 2408 2592 2477 Moyses
2617 2424 2850 2478 quoque
2871 2406 3105 2462 Iudaeos
3124 2405 3431 2477 paulatim,
3457 2405 3792 2478 provehens

2129 2496 2204 2550 ad
2225 2496 2679 2552 continentiam.
2708 2513 2843 2550 cum
2873 2499 2936 2563 ἦ(
2963 2519 2990 2544 ‹‹
3018 2496 3206 2549 tribus
3229 2495 3440 2550 diebus
3464 2495 3536 2568 ib)
3563 2517 3590 2545 »
3621 2495 3789 2550 dein-

2129 2599 2268 2653 ceps
2292 2583 2797 2652 consequentibus
2821 2601 2855 2638 a
2874 2599 3123 2637 venerea
3152 2582 3450 2652 voluptate
3474 2582 3793 2638 abstinuis-

2131 2677 2282 2734 sent,
2299 2672 2484 2744 jussit
2501 2671 2706 2727 audire
2730 2672 2905 2727 verba
2930 2673 3047 2727 Dei.
3078 2696 3103 2722 «
3143 2674 3256 2727 Nos
3280 2689 3416 2739 ergo
3444 2673 3542 2728 Dei
3567 2672 3793 2745 templa

2129 2779 2355 2829 sumus,
2391 2762 2541 2817 sicut
2574 2762 2723 2817 dixit
2753 2763 3081 2834 propheta:
3115 2763 3464 2818 Inhabitabo
3497 2763 3558 2817 in
3591 2763 3699 2830 eis,
3733 2768 3793 2818 et

2127 2850 2535 2917 inambulabo,
2563 2856 2622 2905 et
2653 2867 2752 2906 ero
2787 2868 2993 2905 eorum
3020 2852 3260 2911 Deus,et
3290 2852 3403 2922 ipsi
3431 2858 3790 2906 eruntmeus

2126 2941 2405 3013 populus,
2446 2963 2472 2988 »
2507 2941 2552 2994 si
2588 2958 2656 2996 ex
2687 2942 3001 3013 praeceptis
3024 2941 3201 2996 vitam
3234 2942 3638 3003 instituamus.
3666 2940 3787 2996 sive

2127 3030 2346 3101 singuli
2378 3035 2671 3098 nostrum,
2705 3031 2823 3085 sive
2855 3036 2979 3086 tota
3016 3031 3194 3085 simul
3225 3031 3506 3086 Ecclesia.
3541 3052 3567 3077 ‹‹
3597 3032 3788 3096 Quare

2127 3119 2477 3192 egredimini
2514 3137 2543 3174 e
2575 3119 2773 3174 medio
2811 3120 3097 3192 ipsorum,
3131 3125 3190 3175 et
3225 3119 3609 3191 separamini,
3642 3119 3788 3174 dicit

351 3189 440 3269 xui
499 3189 872 3287 ἀφορίσθητε,
933 3209 1078 3284 λέγει
1139 3189 1356 3282 Κύριος·
1418 3208 1506 3263 καὶ
1565 3189 1871 3283 ἀκαθάρτου
1935 3209 2010 3279 μὴ

2133 3208 2436 3271 Dominus,
2485 3213 2542 3262 et
2588 3207 2966 3264 immundum
3021 3226 3095 3264 ne
3131 3210 3425 3282 tangatis;
3462 3214 3520 3263 et
3549 3225 3652 3281 ego
3684 3225 3786 3263 vos

353 3302 602 3366 ἅπτεσθε·
653 3299 803 3375 κάγὼ
858 3296 1166 3372 εἰσδέξομαι
1231 3299 1415 3370 ὑμᾶς,
1477 3298 1568 3352 καὶ
1629 3295 1824 3370 ἔσομαι
1885 3297 2012 3370 ὑμῖν

354 3391 431 3454 εἷς
462 3387 688 3466 πατέρα,
722 3390 810 3445 καὶ
847 3389 1002 3462 ὑμεῖς
1033 3387 1212 3452 ἔσεσθέ
1264 3408 1358 3460 μοι
1408 3387 1483 3449 είς
1533 3385 1683 3448 υἱοὺς
1715 3386 1806 3441 καὶ
1856 3389 2016 3462 θυγα-

355 3479 533 3556 τέρας,
587 3479 732 3555 λέγει
786 3477 982 3553 Κύριος
1032 3475 1512 3552 παντοκράτωρ.»
1563 3475 1640 3533 Ού
1697 3479 1804 3530 τῶν
1858 3497 2016 3550 γεγα-

362 3569 642 3643 μηκότων,
699 3569 772 3630 ὥς
821 3589 999 3646 φασιν,
1034 3565 1181 3620 ἀλλά
1207 3570 1315 3621 τῶν
1349 3565 1512 3630 ἐθνῶν
1542 3571 1650 3620 τῶι
1692 3564 1743 3620 ἐν
1790 3566 2016 3640 πορνείᾳ

364 3660 628 3735 βιούντων
665 3657 768 3724 ἔτι,
798 3658 934 3730 πρὸς
969 3653 1025 3711 δὲ
1045 3654 1134 3711 καὶ
1165 3656 1273 3710 τῶν
1304 3655 1724 3730 προειρημένων
1758 3657 2013 3732 αἱρέσεων

363 3749 746 3826 ἀφορισθῆναι,
792 3747 868 3810 ὡς
912 3745 1228 3819 ἀκαθάρτων
1274 3745 1364 3799 καὶ
1398 3746 1568 3809 ἀθέων
1616 3744 1828 3800 κελεύει
1886 3767 2018 3821 προ-

363 3842 607 3916 φητικῶς
640 3840 812 3910 ἡμᾶς.
843 3839 1000 3900 Ὅθεν
1026 3834 1115 3889 καὶ
1149 3835 1176 3888 ὁ
1211 3832 1428 3896 Παῦλος
1457 3835 1594 3907 πρὸς
1624 3833 1752 3898 τοὺς
1785 3835 2015 3908 ὁμοίους

360 3927 783 4000 ἀποτεινόμενος
813 3931 929 3987 τοῖς
955 3924 1292 4000 εἰρημένοις,
1323 3951 1342 3975 ι
1370 3923 1582 3987 Ταύτας
1614 3922 1705 3980 οὖν
1728 3923 1881 3999 ἔχετε
1904 3928 2016 3999 (35)

358 4018 456 4080 τάς
536 4015 862 4093 ἐπαγγελίας
937 4015 1139 4092 φησὶν,
1227 4014 1543 4091 ἀγαπητοί·
1630 4013 2012 4088 καθαρίσωμεν

366 4107 570 4162 ἑαυτῶν
623 4107 717 4168 τάς
791 4102 1018 4180 καρδίας
1075 4105 1180 4159 ἀπὸ
1237 4105 1436 4165 παντὸς
1488 4103 1778 4178 μολυσμοῦ
1817 4105 2012 4178 σαρκὸς

355 4195 447 4251 καὶ
514 4195 847 4267 πνεύματος,
925 4193 1298 4254 ἐπιτελοῦντες
1372 4195 1677 4267 ἁγιωσύνην
1754 4193 1805 4248 ἐν
1858 4188 2014 4271 φόϐῳ

357 4290 512 4344 Θεοῦ.
547 4285 714 4355 Ζηλῶ
759 4284 862 4359 γὰρ
919 4284 1059 4358 ὑμᾶς
1105 4287 1240 4339 Θεοῦ
1287 4283 1464 4355 ζήλῳ*
1516 4285 1854 4355 ἡρμοσάμην
1912 4282 2014 4357 γὰρ

362 4376 502 4448 ὑμᾶς
536 4373 613 4429 ἐνὶ
645 4372 822 4448 ἀνδρὶ,
854 4372 1117 4448 παρθένον
1159 4373 1331 4447 ἁγνὴν
1381 4375 1723 4448 παραστῆσαι
1768 4377 1875 4445 (36)
1934 4377 2014 4445 τῷ

356 4467 587 4541 Χριστῇ.
627 4489 652 4514 n
686 4462 984 4531 Ἐκκλησία
1029 4459 1086 4518 δὲ
1122 4459 1296 4517 ἄλλον
1329 4461 1390 4516 ού
1439 4466 1626 4536 γαμεῖ,
1660 4461 1751 4516 τὸν
1781 4462 2016 4538 νυμφίον

2127 3297 2470 3368 suscipiam,
2522 3303 2581 3352 et
2624 3313 2723 3351 ero
2779 3298 2942 3352 vobis
2994 3299 3056 3352 in
3088 3305 3340 3370 patrem,
3373 3303 3431 3353 et
3460 3315 3561 3353 vos
3618 3298 3786 3353 eritis

2124 3387 2270 3442 mihi
2305 3387 2366 3440 in
2424 3386 2579 3442 ﬁlios
2637 3392 2695 3442 et
2756 3387 2910 3442 ﬁlias
2970 3387 3112 3443 dicit
3167 3387 3453 3443 Dominus
3513 3387 3786 3459 omnipo-

2123 3481 2258 3531 tens
2290 3478 2383 3546 (c).
2418 3498 2445 3524 ››
2488 3478 2613 3530 Non
2671 3477 2742 3532 ab
2780 3477 2873 3543 iis,
2909 3477 3010 3548 qui
3064 3495 3277 3532 uxores
3336 3477 3657 3543 duxerunt,
3721 3480 3787 3531 ut

2123 3566 2312 3633 aiunt,
2347 3565 2450 3621 sed
2481 3583 2514 3620 a
2544 3567 2840 3637 gentibus,
2876 3584 3007 3637 quas
3039 3567 3232 3622 adhuc
3262 3566 3538 3621 vivebant
3566 3566 3628 3621 in
3662 3566 3782 3621 for-

2125 3656 2447 3721 nicatione,
2497 3662 2787 3728 prmterea
2831 3663 3028 3711 autem
3060 3673 3094 3711 a
3125 3658 3290 3728 prius
3341 3673 3579 3727 quoque
3612 3655 3787 3710 dictis

2126 3746 2475 3813 hmresibus,
2509 3752 2574 3801 ut
2603 3746 2928 3801 immundis
2961 3753 3019 3800 et
3042 3747 3263 3817 impiis,
3295 3746 3643 3818 prophetice
3674 3762 3785 3800 nos

2118 3838 2292 3910 jubet
2323 3839 2605 3910 separari.
2643 3839 2807 3894 Unde
2842 3840 3020 3893 etiam
3055 3838 3273 3894 Paulus
3326 3855 3562 3908 quoque
3612 3837 3791 3892 verba

2125 3928 2384 4000 dirigens
2413 3927 2485 3982 ad
2520 3945 2640 3992 eos,
2677 3929 2776 3998 qui
2813 3934 2982 3984 erant
3013 3929 3106 3994 iis,
3139 3928 3239 3999 qui
3271 3927 3412 3981 dicti
3443 3933 3602 3993 sunt,
3629 3926 3789 3982 simi-

2125 4017 2250 4072 les:
2314 4037 2341 4066 «
2403 4017 2516 4071 Has
2575 4033 2713 4089 ergo
2776 4017 3202 4088 promissiones
3256 4016 3468 4071 habete
3504 4059 3517 4082 ,
3568 4016 3786 4086 inquit,

2126 4105 2327 4161 dilecti
2355 4123 2367 4160 ε
2415 4106 2773 4161 mandemus
2805 4107 2984 4162 corda
3033 4112 3237 4161 nostra
3267 4105 3339 4160 ab
3371 4105 3533 4159 omni
3583 4105 3788 4175 inqui-

2123 4201 2407 4251 namento
2430 4196 2628 4250 carnis
2651 4201 2709 4250 et
2732 4195 3385 4267 spiritus,perﬁcientes
3408 4195 3785 4250 sanctitatem

2125 4284 2185 4338 in
2209 4284 2421 4338 timore
2442 4283 2540 4337 Dei
2565 4284 2666 4353 (ἁ).
2699 4284 2832 4338 Zelo
2859 4283 3021 4338 enim
3053 4300 3153 4337 vos
3171 4282 3293 4337 zelo
3327 4282 3430 4337 Dei
3455 4299 3468 4348 ;
3492 4280 3784 4352 despondi

2126 4373 2290 4428 enim
2350 4389 2451 4427 vos
2509 4373 2612 4427 uni
2661 4373 2818 4440 viro,
2879 4372 3167 4444 virginem
3227 4376 3451 4427 castam
3504 4370 3785 4426 exhibere

2124 4463 2354 4518 Christo
2383 4463 2472 4533 te).
2511 4486 2538 4514 ››
2570 4465 2639 4517 Ει
2668 4462 2932 4518 Ecclesia
2962 4461 3204 4533 quidem
3236 4461 3338 4516 alii
3370 4477 3489 4516 non
3511 4460 3787 4534 jungitur

356 4553 685 4627 κεκτημένη·
713 4552 840 4609 ἀλλ’
873 4554 901 4607 6
932 4553 1050 4608 καθ’
1079 4550 1302 4610 ’ἕκαστον
1352 4554 1536 4624 ἡμῶν,
1578 4553 1638 4621 ἣν
1686 4551 1747 4606 ἃν
1806 4552 2014 4622 βούλη-

2133 4552 2529 4620 matrimonio,
2565 4569 2700 4608 cum
2735 4569 3021 4623 sponsum
3045 4551 3292 4608 habeat:
3327 4551 3429 4606 sed
3460 4551 3786 4622 unusquis-

357 4665 446 4700 ναι
495 4646 634 4699 κατά
685 4645 776 4699 τὸν
810 4642 979 4716 νόμον
1031 4647 1248 4718 γαμεῖν,
1303 4643 1395 4697 τὸν
1445 4646 1662 4717 πρῶτον
1716 4640 1864 4717 λέγω
1913 4643 2013 4718 γά-

360 4755 467 4808 μον
497 4736 634 4808 (37),
687 4728 804 4808 ἔχει
848 4733 948 4802 τὴν
1005 4730 1270 4806 ἐξουσίαν.
1332 4727 1623 4806 Φοϐοῦμαι
1684 4729 1741 4786 δὲ
1792 4733 2011 4804 μήπως,

358 4824 434 4887 ὡς
493 4825 521 4878 6
575 4817 697 4899 ὄφις
760 4821 1094 4893 ἐξηπάτησεν
1130 4819 1267 4878 Εὕαν
1302 4825 1414 4896 (38)
1458 4822 1509 4876 έν
1563 4825 1630 4896 τῇ
1690 4822 2014 4896 πανουργίᾳ,

433 4960 513 5032 (α)
546 4961 715 5016 Deut.
747 4976 875 5032 xxx,
899 4961 984 5032 ιι,
1020 4959 1102 5032 ιε,
1140 4960 1226 5014 ιο.
1301 4956 1366 5021 »ιι
1395 4960 1458 5014 Ρ.
1492 4959 1598 5032 διε
1630 4959 1739 5032 En.
1775 4960 2017 5015 POTTEI

2136 4960 2342 5014 56-457
2375 4959 2486 5014 ΕΙ).
2522 4957 2752 5014 PARIS.

361 5030 448 5102 γι,
472 5036 618 5103 1,17,
653 5033 738 5088 18.
816 5031 895 5102 (ἀ)
927 5031 976 5085 II
1007 5031 1139 5086 Cor.
1173 5046 1271 5098 vn,
1309 5034 1357 5085 1.
1435 5030 1506 5102 (ε)
1538 5031 1588 5083 lI
1618 5031 1749 5086 Cor.
1791 5047 1870 5099 xi,
1903 5035 1958 5085 2.

429 5171 700 5248 (32)_‘Eni
737 5171 878 5248 μόνῃ
911 5193 970 5228 π.
1017 5173 1182 5229 Conf.
1231 5173 1481 5244 P2dag.,
1511 5171 1616 5228 lib.
1650 5190 1710 5241 ιι,
1745 5191 1794 5230 c.
1833 5177 1918 5242 10,
1951 5192 2009 5247 p.

362 5251 465 5305 192
496 5246 638 5302 edit.
673 5246 861 5303 Paris.

428 5321 542 5401 (3.3)
572 5316 956 5394 Αίχμαλώτῳ.
1007 5316 1170 5374 Conf.
1219 5318 1422 5373 Strom.
1456 5333 1516 5384 ιι,
1551 5333 1679 5390 pag.
1715 5319 1816 5372 399
1867 5317 2010 5374 edit.

597 5462 857 5534 ’Ῑῖμεῖς...
917 5460 1480 5537 προφήτηςηὙμεῖς
1536 5461 1661 5537 γάρᾳ
1694 5459 1819 5514 ναὸς
1879 5463 2014 5537 Θεοῦ

355 5532 474 5589 ἔστε
534 5531 757 5602 ζῶντος,
814 5531 994 5598 καθὼς
1042 5531 1195 5588 ἐἶπεν
1258 5533 1285 5586 ὁ
1345 5531 1498 5602 Θεός,
1540 5531 1590 5590 ΙΙ
1615 5531 1754 5590 Cor.
1803 5550 1878 5600 v1,
1912 5533 2015 5588 ubi

357 5606 760 5680 mox.7€00vrat
793 5627 888 5680 μοι
922 5602 977 5664 λ.

432 5679 546 5754 (35)
575 5675 804 5755 Ἐχετεξ
842 5681 1108 5754 Ἔχοντες
1156 5679 1207 5735 ΙΙ
1237 5679 1368 5736 Cor.
1403 5695 1501 5750 vn,
1522 5677 1624 5734 ubi
1654 5693 1814 5746 mox,
1845 5675 2014 5731 καθα-

2128 4661 2240 4716 que
2260 4648 2534 4698 nostrum
2563 4642 2744 4698 habet
2773 4647 3126 4713 potestatem
3157 4641 3434 4706 ducendi,
3453 4657 3786 4712 quamcun-

2127 4750 2241 4805 que
2274 4732 2433 4799 velit,
2483 4733 2810 4805 legitimam
2861 4747 3107 4787 uxorem
3141 4732 3203 4786 in
3253 4731 3483 4803 primis,
3515 4730 3782 4802 inquam,

2130 4822 2373 4894 nuptiis.
2422 4845 2449 4871 ‹‹
2481 4824 2699 4878 Vereor
2729 4827 2928 4877 autem
2969 4839 3065 4886 ne,
3099 4821 3253 4877 sicut
3278 4837 3521 4892 serpens
3551 4821 3787 4876 seduxit

2832 4957 2908 5028 (ὸ)
2940 4955 3121 5014 Exod.
3144 4974 3262 5022 xix,
3296 4959 3385 5011 20.
3462 4956 3536 5027 (c)
3568 4953 3619 5009 ΙΙ
3647 4953 3778 5009 Cor.

2124 5173 2263 5245 ρίσω
2273 5191 2366 5241 μεν
2397 5169 2618 5245 ἑαυτοὺς
2648 5169 2745 5245 ἀπ.

2197 5236 2610 5322 (36)“Παρθένον
2663 5244 2828 5322 ἀγνην
2879 5247 3241 5318 παραστῆσαι.
3292 5236 3779 5297 Subaudiendum

2124 5314 2282 5370 ὥστε.
2318 5317 2600 5373 SYLBURG.

2195 5391 2309 5454 (37)
2341 5388 2444 5442 Τὸν
2503 5393 2724 5460 πρῶτον
2786 5387 2838 5444 λ.
2900 5386 3104 5461 γάμον.
3138 5384 3304 5440 Conf.
3332 5401 3390 5455 p.
3422 5383 3526 5437 428
3559 5386 3618 5436 et
3653 5380 3778 5436 461.

2125 5463 2345 5516 Lowrn.

2195 5535 2306 5604 (38)
2330 5529 2591 5604 Ἐξηπάτ.
2622 5528 2719 5589 Eii.
2754 5527 2893 5586 Εὕαν
2925 5527 3258 5598 ἐξηπάτησεν
3285 5523 3338 5580 ἐν
3370 5527 3440 5599 τῇ
3467 5522 3780 5598 πανουργίᾳ

2123 5603 2311 5674 αὐτοῦ,
2345 5603 2489 5659 οὕτω
2523 5607 2725 5680 φθαρῇ,
2757 5605 2808 5659 ΙΙ
2837 5604 2966 5658 Cor.
2999 5619 3073 5657 xl.
