4144 6396
323 382 351 412 ,
400 336 544 395 1175

1635 330 2047 387 οιωιιιπιε
2081 329 2585 387 ALEXANDle

3680 332 3809 391 1176

399 462 579 516 Evam
602 460 664 515 in
682 457 919 522 astutia,
944 458 1405 528 corrumpantur
1424 471 1639 511 sensus
1660 454 1834 509 vestri
1853 470 1889 509 a
1914 470 2052 508 sen-

2181 451 2344 525 ρθαρῇ
2374 451 2442 506 τὰ
2470 453 2720 525 νοήματα
2754 451 2908 525 ὑμῶν
2936 451 3044 507 ἀπὸ
3086 457 3186 521 τῆς
3237 450 3555 524 ἁπλότητος
3600 457 3696 525 τῆς
3741 457 3814 521 είς

401 549 689 622 plicitate,
716 566 847 620 qua;
869 548 929 601 in
955 545 1185 601 Christo
1208 550 1297 600 est
1326 546 1421 615 (α),
1458 566 1485 592 ››
1516 545 1612 616 pie
1644 542 1968 599 admodum
2002 546 2061 594 et

403 640 664 696 doctoris
695 638 882 692 instar
902 635 1050 691 dixit
1071 634 1389 706 Apostolus
1429 634 1717 699 Quocirca
1740 629 2061 687 admirabi-

404 730 479 785 lis
512 742 747 799 quoque
804 728 1051 780 Petrus:
1113 746 1141 773 ››
1198 722 1566 780 Charissimi.
1610 721 1825 793 inquit,
1877 720 2057 776 obse-

406 834 504 873 cro
536 833 637 871 vos
667 822 952 885 tanquam
985 812 1244 868 advenas
1275 818 1334 867 et
1362 812 1731 885 peregrinos.
1764 809 2060 864 abstinete

402 923 504 962 vos
533 923 568 961 a
598 904 936 960 carnalibus
968 902 1303 969 desideriis,
1336 919 1467 973 quae
1500 901 1761 956 militant
1779 899 2061 954 adversus

403 995 696 1060 animam,
756 992 1269 1048 conversationem
1326 997 1583 1046 vestram
1642 990 1800 1044 inter
1855 993 2060 1061 gentes

400 1085 688 1142 habentes
734 1083 992 1138 bonam:
1047 1081 1332 1153 quoniam
1385 1080 1470 1135 sic
1508 1085 1600 1134 est
1627 1078 1901 1134 voluntas
1934 1076 2059 1143 Dei,

398 1181 465 1231 ut
493 1174 643 1229 bene
675 1172 961 1228 facientes
992 1170 1403 1226 obmutescere
1436 1169 1667 1224 faciatis
1718 1166 2063 1239 impruden-

401 1266 551 1320 tium
601 1262 914 1317 hominum
952 1259 1383 1332 ignorantiam;
1418 1259 1586 1330 quasi
1622 1257 1815 1321 liberi,
1850 1261 1909 1310 et
1938 1272 2060 1310 non

402 1354 571 1427 quasi
605 1352 874 1407 velamen
897 1350 1188 1405 habentes
1218 1348 1465 1404 malitias
1496 1344 1967 1410 libertatem,sed
1996 1350 2064 1399 ut

404 1443 554 1499 servi
588 1443 690 1498 Dei
709 1441 843 1512 (h).»
870 1438 1158 1495 Similiter
1175 1439 1353 1494 etiam
1378 1438 1586 1494 scribit
1607 1436 1825 1493 Paulus
1848 1436 1909 1490 in
1932 1434 2062 1507 Epi-

404 1532 559 1589 stola
588 1531 662 1587 ad
711 1534 1047 1587 Romanos:
1103 1550 1131 1580 α
1162 1530 1270 1595 Qui
1304 1529 1522 1584 mortui
1557 1544 1763 1583 sumus
1794 1530 2059 1599 peccato,

405 1621 702 1694 quomodo
745 1620 940 1675 adhuc
970 1620 1232 1674 vivemus
1262 1619 1325 1672 in
1374 1619 1502 1690 ipso
1525 1617 1553 1672 ?
1578 1617 1872 1683 Quoniam
1897 1620 2063 1670 vetus

405 1714 582 1769 homo
631 1716 840 1767 noster
886 1710 1068 1767 simul
1118 1716 1210 1765 est
1256 1710 1597 1777 cruciﬁxus,
1628 1713 1696 1763 ut
1724 1708 2066 1762 destruatur

404 1819 621 1874 corpus
652 1800 877 1872 peccati
899 1801 990 1871 (ο),
1024 1821 1050 1849 ››
1074 1815 1264 1870 usque
1286 1798 1578 1890 adillud:
1613 1820 1641 1848 «
1678 1799 1876 1868 Neque
1905 1795 2063 1890 exhi-
2098 1825 2142 1890 Β

402 1892 538 1949 bete
566 1890 840 1947 membra
867 1894 1078 1954 vestra,
1114 1904 1279 1944 arma
1309 1888 1619 1959 injustitias
1651 1891 1891 1959 peccato
1924 1886 2055 1957 (ά).-

405 1982 598 2051 Atque
630 1978 779 2034 adeo
802 1994 938 2033 cum
970 1979 1029 2032 in
1054 1978 1215 2033 hunc
1242 1977 1441 2032 locum
1474 1976 1836 2039 devenerim,
1870 1975 2073 2029 videor

403 2070 554 2125 mihi
585 2086 706 2124 non
738 2086 865 2124 esse
908 2067 1438 2140 prmtermissurus,
1472 2067 1619 2138 quin
1648 2073 1872 2129 notem,
1907 2064 2069 2136 quod

412 2156 692 2214 eumdem
725 2158 910 2211 Deum
943 2172 1048 2227 per
1080 2155 1267 2228 legem
1301 2161 1361 2210 et
1388 2155 1709 2227 prophetas
1741 2160 1800 2208 et
1821 2156 2071 2225 Evange-

406 2246 556 2302 lium
585 2246 869 2317 praedicet
891 2244 1391 2317 Apostolus.lllud
1423 2245 1583 2300 enim
1610 2261 1623 2299 :
1649 2266 1677 2292 ‹‹
1704 2246 1829 2298 Non
1848 2259 2073 2297 concu-

408 2335 623 2408 pisces,
659 2358 687 2385 n
718 2335 877 2407 quod
905 2336 1192 2406 scriptum
1244 2340 1333 2389 est
1359 2334 1420 2388 in
1466 2333 1802 2405 Evangelio,
1836 2332 1950 2405 legi
1984 2337 2070 2386 at-

410 2425 620 2479 tribuit
650 2425 712 2479 in
744 2424 1008 2495 Epistola
1037 2424 1111 2479 ad
1142 2425 1460 2491 Romanos,
1495 2423 1689 2477 sciens
1722 2438 1851 2477 esse
1883 2438 2070 2477 unum

412 2530 569 2580 eum,
604 2515 705 2585 qui
734 2513 1075 2585 prmdicavit
1104 2530 1210 2585 per
1256 2512 1449 2585 legem
1482 2517 1540 2567 et
1571 2512 1911 2583 prophetas,
1962 2513 2073 2567 Pa-

410 2610 585 2665 trem,
638 2609 697 2658 et
744 2604 846 2674 qui
879 2620 985 2674 per
1033 2602 1231 2673 ipsum
1264 2607 1354 2656 est
1383 2601 1793 2657 annuntiatus.
1832 2600 1985 2655 Dicit
2009 2604 2073 2667 ›ι‹

412 2695 571 2749 enim
595 2710 608 2747 :
633 2716 660 2743 ‹‹
684 2692 835 2758 Quid
858 2692 1126 2748 dicemus
1158 2693 1171 2746 1
1192 2692 1306 2747 Lex
1323 2697 1492 2746 estne
1514 2690 1864 2763 peccatum?
1880 2689 2067 2745 Absit.

411 2783 525 2839 Sed
573 2788 883 2855 peccatum
915 2798 1033 2837 non
1077 2782 1344 2854 cognovi,
1378 2781 1493 2836 nisi
1536 2797 1641 2851 per
1670 2780 1881 2851 legem.
1916 2780 2067 2833 ϐοη-

409 2872 840 2943 cupiscentiam
889 2872 1047 2927 enim
1082 2888 1203 2931 non
1234 2871 1665 2943 cognovissem.
1706 2869 1822 2924 nisi
1853 2868 1947 2924 lex
1977 2868 2063 2923 di-

2160 540 2253 594 τὸν
2313 541 2565 612 Χριστόν
2621 563 2649 591 »
2710 538 2920 617 σφόδρα
2970 534 3222 602 εὐλαϐῶς
3271 542 3360 597 καὶ
3421 539 3814 608 διδασκαλικῶς

2164 627 2377 704 εἴρηκεν
2429 631 2458 685 6
2509 628 2848 693 Ἀπόστολος
2921 630 3015 685 Διὸ
3045 630 3135 685 καὶ
3185 631 3214 686 6
3263 631 3568 704 θαυμάσιος
3620 634 3813 710 Πέτρος

2163 719 2347 795 φησίν·
2387 740 2414 773 ε
2445 718 2768 795 Ἀγαπητοὶ,
2802 718 3108 795 παρακαλῶ
3140 720 3214 782 ὡς
3244 721 3547 795 παροίκους
3574 724 3666 777 καὶ
3694 743 3819 800 παρ-

2164 806 2494 880 επιδήμους,
2546 810 2845 884 ἀπέχεσθαι
2895 814 3003 864 τῶν
3056 814 3330 885 σαρκικῶν
3381 808 3711 884 ἐπιθυμιῶν,
3741 809 3818 867 α’ί-

2162 917 2302 960 τινες
2362 898 2743 973 στρατεῦονται
2793 900 2929 954 κατᾶ
2968 902 3068 964 τῆς
3099 902 3306 974 ψυχῆς,
3339 901 3440 967 τήν
3484 900 3819 980 ἀναστροφὴν

2169 985 2321 1057 ὑμῶν
2349 984 2527 1055 καλὴν
2571 985 2791 1063 ἔχοντες
2826 990 2936 1060 (39)
2969 985 3020 1041 ἐν
3063 992 3179 1050 τοῖς
3228 983 3456 1051 ἔθνεσιν*
3513 988 3597 1043 ὅτι
3655 988 3821 1053 οὕτως

2166 1073 2277 1130 ἐστί
2308 1075 2371 1129 τὸ
2398 1074 2617 1148 θέλημα
2657 1080 2756 1131 τοῦ
2787 1080 2942 1145 Θεοῦ,
2970 1077 3465 1151 ἀγαθοποιοῦντας,
3498 1083 3699 1155 φιμοῦν
3726 1081 3820 1150 τήν

2164 1167 2272 1218 τῶν
2320 1163 2567 1241 ἀφρόνων
2618 1164 2924 1241 ἀνθρώπων
2972 1164 3229 1241 ἐργασίαν
3280 1170 3418 1237 (40)·
3485 1167 3560 1230 ὡς
3618 1166 3827 1224 ἐλεύθε-

2166 1271 2275 1325 ροι,
2315 1254 2404 1307 καὶ
2459 1253 2536 1327 μή
2587 1254 2663 1317 ὡς
2712 1252 3073 1328 ἐπικάλυμμα
3106 1251 3329 1332 ἳχοντες
3360 1262 3462 1326 τῆς
3495 1255 3685 1320 κακίας
3727 1258 3821 1327 τὴν

2165 1339 2495 1419 ἐλευθερίαν,
2529 1341 2659 1399 ἀλλ’
2690 1346 2764 1406 ὡς
2795 1341 2986 1400 δοῦλοι
3018 1348 3173 1400 Θεοῦ.
3225 1368 3253 1395 »
3301 1345 3549 1418 Ὁμοίως
3583 1343 3641 1401 δὲ
3681 1345 3769 1402 καὶ
3798 1347 3825 1403 6

2166 1432 2386 1496 Παῦλος
2444 1432 2496 1490 ἐν
2551 1438 2622 1510 τῇ
2677 1436 2816 1511 πρὸς
2872 1435 3182 1509 Ῥωμαίους
3262 1434 3533 1512 ἐπιστολῇ
3592 1440 3823 1517 γράφει²

2167 1546 2195 1575 ι(
2250 1520 2459 1589 Οἵτινες
2516 1524 2857 1598 ἀπεθάνομεν
2907 1524 2977 1600 τῇ
3057 1524 3348 1600 ἁμαρτίᾳ,
3415 1531 3535 1589 πῶς
3595 1524 3675 1583 ἔτι
3731 1530 3824 1600 ζή-

2168 1632 2333 1685 σομεν
2407 1613 2458 1668 ἐν
2515 1614 2703 1689 adq];
2763 1616 2887 1673 Ὅτι
2945 1616 2973 1671 6
3032 1613 3269 1680 παλαιὸς
3325 1617 3489 1689 ⁴ἡμῶν
3552 1617 3828 1694 ἄνθρωπος

2167 1704 2610 1779 συνεσταυρώθη,
2663 1703 2756 1759 ἵνα
2800 1706 3118 1782 καταργηθῇ
3166 1704 3230 1759 τὸ
3286 1705 3448 1778 σῶμα
3506 1713 3608 1777 τῆς
3657 1708 3828 1783 ἆμαρ-

2169 1789 2312 1861 τίας,
2343 1816 2370 1843 ››
2396 1789 2527 1865 ἓως,
2559 1816 2587 1845 ‹‹
2622 1791 2776 1864 Μηδὶ
2819 1794 3171 1869 παριστάνετε
3200 1795 3267 1849 τὰ
3301 1792 3446 1867 μέλη
3487 1795 3642 1869 ὑμῶν
3690 1796 3828 1852 δπλα

2173 1877 2390 1945 ἀδικίας
2445 1887 2513 1958 τῇ
2566 1883 2823 1958 ἁμαρτίᾳ.
2860 1905 2886 1937 ι
2941 1883 3051 1941 Καὶ
3113 1880 3179 1953 δὴ
3241 1881 3471 1939 ἐνταῦθα
3519 1886 3827 1961 γενόμενος,

2174 1969 2322 2026 δοκῶ
2381 1992 2474 2045 μοι
2536 1974 2614 2046 μή
2672 1972 3032 2049 παραλείψειν
3095 1973 3570 2045 άνεπισημείωτον
3620 1974 3700 2031 ὅτι
3743 1976 3829 2031 τὸν

2174 2060 2335 2116 αὐτὸν
2403 2061 2536 2117 Θεὸν
2604 2060 2694 2117 διὰ
2767 2064 2943 2136 νόμου
3008 2061 3098 2117 καὶ
3158 2067 3464 2140 προφητῶν
3519 2064 3609 2120 καὶ
3668 2063 3831 2140 Εὐαγ-

2174 2148 2367 2225 γελίου
2400 2152 2428 2206 6
2457 2151 2800 2215 Ἀπόστολος
2843 2152 3128 2225 κηρύσσεισ
3180 2152 3243 2206 τὸ
3301 2153 3427 2229 γὰρ,
3490 2179 3511 2203 ο
3565 2153 3679 2212 Οὐκ
3718 2153 3830 2209 ἐπι-

2178 2238 2467 2312 θυμήσεις,
2548 2265 2570 2294 ι
2658 2239 2711 2296 ἐν
2776 2243 2855 2313 τῷ
2914 2237 3235 2317 Εὕα-(γελίῳ
3299 2244 3703 2317 γεγραμμένον,
3759 2246 3833 2315 τῷ

2174 2326 2330 2399 νόμῳ
2362 2329 2701 2404 περιτίθησιν
2735 2328 2789 2385 ἐν
2920 2329 3057 2406 πρὸς
3086 2327 3396 2400 Ῥωμαίους
3432 2331 3719 2406 ἐπιστολῇ,
3746 2328 3831 2386 ἕνα

2177 2412 2336 2478 εἰδὼς
2402 2418 2496 2472 τὸν
2580 2416 2669 2474 διὰ
2741 2421 2918 2493 νόμου
2994 2418 3085 2474 καὶ
3145 2424 3452 2497 προφητῶν
3511 2422 3827 2499 κηρύξαντα,

2174 2503 2266 2559 καί
2322 2506 2416 2561 τὸν
2490 2506 2562 2563 δι’
2639 2510 2806 2565 αὐτοῦ
2881 2508 3332 2584 εὖαγγελισθέντα
3395 2513 3629 2585 Πατέρα.
3692 2510 3825 2581 Φησὶ

2174 2593 2299 2669 γάρ·
2336 2620 2363 2647 ‹‹
2395 2596 2461 2651 Τί
2491 2596 2721 2674 ἐροῦμεν
2754 2602 2868 2673 (41)
2895 2617 2909 2669 ;
2942 2599 3004 2658 Ὁ
3032 2599 3203 2673 νόμος
3249 2605 3493 2679 ἁμαρτίᾳ
3518 2605 3629 2679 (42)
3670 2629 3683 2669 ς
3739 2600 3825 2669 Mi.

2175 2685 2411 2758 γένοιτο.
2447 2687 2625 2743 ’ὶλΛᾶ
2662 2692 2763 2759 τὴν
2814 2692 3081 2765 ἁμαρτίαν
3143 2693 3241 2750 οὐκ
3301 2693 3475 2770 ἔγνων
3536 2693 3586 2749 εἲ
3639 2693 3713 2767 μὴ
3745 2688 3828 2746 διὰ

2174 2776 2371 2849 νόμου’
2429 2780 2529 2848 τήν
2587 2800 2648 2834 τε
2689 2780 2791 2856 γαρ
2824 2780 3113 2855 ἐπιθυμίαν
3174 2785 3277 2840 οὐκ
3334 2781 3516 2860 ᾔδειν,
3570 2784 3614 2840 εί
3678 2782 3752 2857 μὴ
3804 2780 3829 2834 6

2174 2864 2345 2939 νόμος
2375 2863 2580 2943 ῐλεγεν·
2615 2869 2726 2924 Οὐκ
2769 2869 3149 2945 ἐπιθυμήσεις.
3188 2897 3214 2922 »ι
3242 2873 3354 2932 Κᾶν
3415 2876 3472 2930 οἱ
3518 2869 3826 2929 ἀντιτασσό-

409 2968 608 3017 ceret:
642 2964 765 3017 Non
805 2962 1194 3033 concupisces
1239 2962 1332 3033 (e).
1365 2983 1392 3010 ν›
1422 2959 1588 3025 Quod
1621 2958 1667 3015 si
1700 2960 1764 3023 ii,
1800 2960 1899 3031 qui
1933 2963 2069 3013 sunt

2181 2976 2334 3029 μενοι
2365 2960 2474 3012 τῶν
2505 2956 2858 3029 ἑτεροδόξων,
2892 2964 3473 3037 προσαποτεινόμενον
3501 2966 3593 3021 τὸν
3623 2958 3824 3019 Παῦλον

408 3050 654 3106 diversas
678 3051 1441 3123 sententias,repugnantes.
1460 3048 1803 3103 existiment
1819 3047 2067 3102 Paulum

2181 3049 2253 3117 τῷ
2287 3045 2514 3121 Κτίστῃ,
2548 3046 2821 3122 είρηκέναι
2848 3046 3171 3107 ὑπολάϐωσι
3201 3054 3268 3107 τὰ
3299 3054 3452 3125 ἐξῆςο
3485 3080 3512 3109 ι(
3547 3050 3681 3113 Οἶδα
3710 3050 3829 3125 γὰρ,

407 3139 586 3195 verba
615 3157 723 3196 sua
750 3140 1103 3213 dirigentem
1135 3139 1416 3194 adversus
1450 3139 1812 3199 Creatorem,
1846 3136 2066 3192 dixisse

422 3245 467 3247 η
598 3246 607 3247 ,
1032 3246 1073 3247 η
1495 3227 1628 3247 mm.
1671 3226 1818 3247 ηιμ
1916 3226 2062 3247 ____J

2182 3133 2266 3190 ὅτι
2296 3134 2396 3190 οὐκ
2424 3134 2568 3190 οΐκεῖ
2596 3134 2648 3191 ἐν
2681 3135 2833 3211 ἐμοὶ,
2864 3143 3137 3195 τουτέστιν
3170 3141 3221 3196 ἐν
3249 3146 3317 3217 τῇ
3350 3144 3514 3218 σαρκί
3544 3164 3670 3217 μου,
3705 3140 3830 3213 ἀγα-

2185 3236 2208 3247 Α
2285 3244 2296 3247 -
2404 3224 2452 3247 3,‘
2472 3223 2493 3247 λ
2512 3227 2524 3247 ν
2566 3225 2583 3247 2
2880 3227 2895 3247 Ι
3127 3230 3141 3247 \
3476 3234 3486 3247 Ι
3704 3229 3719 3247 1
3806 3228 3829 3247 ι

411 3245 501 3295 ea,
535 3246 666 3301 quin
698 3228 978 3301 deinceps
1024 3235 1395 3300 sequuntur:
1435 3251 1455 3276 ι
1494 3227 1630 3282 Νονί
1664 3226 1846 3290 enim,
1910 3226 2068 3297 quod

2183 3223 2297 3288 θόν·
2337 3249 2364 3277 η
2396 3223 2524 3281 ἀλλ’
2554 3225 3039 3302 ἀναγινωσκόντων
3085 3230 3151 3286 τὰ
3180 3234 3576 3308 προειρημένα,
3632 3229 3720 3287 καὶ
3771 3228 3833 3281 τὰ

411 3335 534 3374 non
575 3318 805 3374 habitat
851 3318 914 3373 in
965 3334 1082 3379 me.
1134 3318 1246 3374 hoc
1297 3322 1407 3380 est,
1440 3315 1501 3371 in
1545 3331 1722 3371 carne
1754 3331 1906 3375 mea.
1968 3314 2076 3370 bo-

412 3424 558 3463 num
580 3411 651 3477 (Γ)
678 3425 692 3475 ;
736 3430 764 3458 »
794 3408 995 3482 legant
1024 3425 1115 3469 ea.
1149 3424 1280 3479 quas
1310 3406 1474 3478 prius
1502 3405 1661 3460 dicta
1692 3410 1866 3469 sunt;
1896 3410 1955 3459 et
1984 3422 2073 3473 ea,

413 3513 546 3568 quas
579 3503 1049 3568 consequuntur.
1085 3497 1256 3551 Prius
1288 3495 1448 3549 enim
1472 3494 1659 3548 dixit:
1693 3516 1721 3542 ‹‹
1756 3493 1869 3548 Sed
1900 3494 2077 3549 inha-

414 3586 614 3642 bitans
644 3587 708 3641 in
740 3603 835 3641 me
868 3591 1213 3658 peccatum;
1252 3607 1280 3635 »υ
1313 3591 1557 3657 propter
1587 3582 1745 3654 quod
1768 3590 2079 3639 consenta-

417 3691 600 3730 neum
632 3682 762 3730 erat
815 3675 1015 3731 dicere
1067 3674 1217 3729 illud
1248 3690 1261 3728 :
1303 3697 1331 3723 «
1367 3676 1494 3728 Non
1526 3672 1755 3727 habitat
1783 3672 1845 3727 in
1899 3689 2077 3728 carne

417 3780 551 3819 mea
580 3764 805 3818 bonum
826 3765 925 3834 (h).
948 3783 976 3811 ι
1001 3765 1448 3834 Consequenter
1470 3762 1780 3833 subjunxit
1804 3778 1816 3817 :
1841 3783 1868 3811 ‹‹
1901 3763 1958 3817 Si
1981 3779 2079 3818 au-

416 3858 537 3908 tem
588 3852 748 3923 quod
796 3853 958 3917 nolo,
1006 3853 1118 3908 hoc
1150 3868 1256 3924 ego
1285 3851 1459 3915 facio,
1494 3867 1616 3906 non
1647 3851 1856 3922 utique
1887 3867 1993 3923 ego
2017 3851 2080 3907 id

416 3942 764 4013 operor,sed
779 3943 938 4013 quod
963 3942 1258 3997 inhabitat
1283 3941 1345 3996 in
1363 3958 1457 3997 me
1481 3945 1788 4012 peccatum
1818 3957 1831 3995 :
1870 3962 1896 3989 ι»
1922 3940 2080 4013 quod

416 4054 444 4082 ι‹
474 4047 835 4105 repugnans,
869 4053 897 4082 »ι
927 4032 1143 4103 inquit,
1168 4055 1195 4080 ‹‹
1219 4031 1333 4103 legi
1367 4054 1395 4080 ››
1419 4031 1523 4086 Dei
1548 4035 1609 4085 et
1634 4054 1658 4079 ‹‹
1691 4032 1910 4086 mentis
1933 4047 2081 4087 meai

416 4122 672 4193 captivat
722 4138 816 4177 me
867 4122 930 4177 in
958 4122 1085 4195 lege
1119 4121 1367 4193 peccati,
1396 4137 1528 4192 quas
1562 4125 1652 4175 est
1680 4120 1742 4174 in
1794 4120 2081 4177 membris

417 4212 588 4267 meis.
640 4212 817 4268 Miser
847 4228 952 4285 ego
1004 4212 1208 4274 homo.
1240 4211 1376 4282 quis
1417 4226 1512 4265 me
1546 4209 1826 4265 liberabit
1856 4209 1927 4265 de
1958 4227 2083 4265 cor-

417 4316 561 4371 pore
591 4301 803 4356 mortis
825 4301 1004 4372 hujus
1029 4300 1107 4371 (h)
1139 4299 1168 4355 ?
1188 4321 1215 4350 »ι
1239 4302 1310 4354 Et
1328 4315 1537 4354 rursus
1568 4303 1893 4369 (nunquam
1920 4300 2080 4354 enim

418 4389 626 4460 quovis
658 4389 833 4444 modo
858 4387 1123 4461 juvando
1158 4386 1533 4459 defatigatur)
1570 4402 1689 4441 non
1724 4393 1957 4442 veretur
1986 4405 2078 4441 ve-

2179 3314 2567 3393 ἐπιφερόμενα·
2601 3323 2831 3392 προεῖπε
2859 3319 2987 3396 γὰρ,
3022 3345 3050 3373 ‹‹
3083 3320 3238 3378 Ἀλλ’
3270 3323 3305 3393 ἡ
3358 3322 3588 3380 οἰκοῦσα
3616 3321 3666 3378 ἐν
3715 3317 3830 3391 ἐμοὶ

2182 3405 2449 3480 άμαρτία’
2482 3433 2507 3456 η
2536 3404 2609 3462 δι’
2637 3408 2704 3478 ἢν
2738 3408 3040 3473 ἀκόλουθον
3072 3412 3137 3480 ἦν
3155 3409 3349 3481 εἰπεῖν,
3376 3438 3404 3464 ‹‹
3430 3414 3559 3471 ’Ότι
3586 3412 3684 3469 οὐκ
3704 3407 3833 3463 οίκεῖ

2184 3494 2237 3551 ἐν
2266 3498 2335 3569 τῇ
2364 3493 2520 3569 σαρκί
2554 3516 2660 3568 μου
2684 3497 2944 3572 ἀγαθόν.»
2971 3498 3291 3572 Ἐπομὲνως
3314 3498 3611 3577 ἐπήγαγεν·
3641 3525 3667 3551 «ι
3694 3495 3755 3556 Εἰ
3777 3491 3830 3549 δὲ

2183 3585 2213 3640 ’ὃ
2246 3583 2307 3639 οὖ
2340 3583 2506 3652 θέλω,
2538 3589 2702 3641 τοῦτο
2733 3586 2839 3663 ἐγὼ
2871 3591 2985 3661 (43)
3016 3593 3181 3658 ποιῶ,
3236 3590 3339 3646 οὐκ
3368 3588 3447 3646 ἔτι
3502 3591 3606 3667 ἐγὼ
3654 3605 3829 3660 κατερ-

2183 3674 2423 3749 γάζομαι
2476 3674 2631 3741 αὐτό,
2691 3672 2820 3729 ἀλλ’
2863 3678 2896 3746 ἡ
2948 3675 3174 3733 οἷ’κοῦσα
3228 3677 3280 3735 ἓν
3314 3677 3442 3754 ἐμοὶ
3496 3677 3746 3755 ἁμαρτία·
3807 3696 3828 3728 ι

2184 3763 2329 3836 ἥτις,
2380 3788 2410 3816 α
2443 3765 2967 3839 ἀντιστρατευομενη
3001 3769 3116 3840 (44)
3147 3771 3227 3841 τῷ
3256 3771 3414 3843 νόμῳ
3443 3774 3544 3826 τοῦ
3575 3771 3706 3825 Θεοῦ
3748 3763 3831 3820 καὶ

2183 3857 2280 3907 τοῦ
2310 3853 2435 3915 νοός
2470 3873 2596 3925 μου,
2635 3876 2662 3903 ››
2684 3852 2870 3931 φησὶν.
2904 3879 2931 3906 ι(
2960 3854 3365 3930 αέχμαλωτίζει
3402 3880 3473 3931 με
3504 3856 3558 3916 ἔν
3588 3863 3665 3930 τῷ
3692 3855 3835 3927 νόμῳ

2182 3948 2284 4011 τῆς
2341 3940 2629 4015 ἁμαρτίας,
2681 3945 2760 4014 τῷ
2809 3938 2923 3999 ὄντι
2980 3942 3032 3999 ἐν
3080 3950 3201 4008 τοῖς
3234 3945 3425 4019 μέλεσί
3461 3971 3587 4023 μου.
3647 3941 3834 4001 Ταλαί-

2185 4052 2371 4107 πωρος
2405 4030 2511 4108 ἐγὼ
2540 4032 2846 4106 ἄνθρωπος’
2894 4033 2979 4097 τίς
3028 4055 3095 4108 με
3147 4033 3360 4112 ῥύσεται
3390 4036 3450 4093 ἐκ
3501 4041 3598 4095 τοῦ
3655 4033 3831 4107 σώμα-

2183 4143 2276 4184 τος
2302 4124 2399 4176 τοῦ
2431 4122 2658 4184 θανάτου
2681 4121 2919 4191 τούτους
2971 4146 2998 4175 »
3031 4121 3198 4179 πάλιν
3258 4145 3316 4180 τε
3367 4123 3433 4181 αὖ
3466 4129 3680 4200 (κάμνει
3736 4119 3832 4197 γὰρ

2186 4209 2300 4267 οὔδ’
2358 4209 2509 4273 ὅπως
2552 4232 2638 4275 τις
2668 4211 2759 4265 οὖν
2787 4215 2900 4287 (45)
2930 4212 3210 4289 ὠφελῶν)
3243 4213 3341 4271 οὐκ
3371 4216 3520 4272 ὀκνεῖ
3547 4213 3832 4289 ἐπιλέγεινσ

2188 4302 2309 4358 «Ὁ
2368 4301 2472 4377 γὰρ
2505 4301 2678 4373 νόμος
2704 4305 2801 4355 τοῦ
2859 4301 3170 4375 πνεύματος
3220 4306 3335 4379 (46)
3381 4305 3724 4381 ἠλευθέρωσέ
3774 4317 3835 4374 tu

2187 4392 2293 4446 άπὸ
2339 4395 2436 4446 τοῦ
2492 4392 2668 4465 νόμου
2715 4399 2817 4463 τῆς
2871 4394 3140 4467 ἁμαρτίας
3200 4395 3290 4451 καὶ
3344 4401 3441 4452 τοῦ
3502 4396 3749 4464 θανάτου·
3804 4410 3830 4442 ν

414 4476 524 4533 luti
556 4476 952 4534 concludere:
985 4499 1014 4528 «
1047 4478 1162 4532 Lex
1190 4476 1349 4533 enim
1379 4477 1624 4548 spiritus
1659 4475 1929 4533 liberavit
1984 4494 2071 4534 me

2188 4480 2303 4535 ἐπεὶ
2336 4506 2362 4531 ι(
2397 4478 2487 4535 διὰ
2523 4486 2620 4536 τοῦ
2664 4482 2794 4537 Υἳοῦ
2852 4483 2880 4536 6
2931 4483 3061 4545 Θεὸς
3093 4484 3371 4560 κατέκρινε
3419 4487 3521 4557 τήν
3581 4479 3834 4559 ἁμαρτίαν

418 4581 451 4621 a
483 4566 609 4638 lege
640 4567 867 4637 peccati
900 4571 960 4621 et
1016 4567 1226 4621 mortis
1256 4582 1268 4620 :
1305 4590 1325 4618 ι
1356 4566 1640 4636 quoniam
1671 4585 1698 4616 ι
1729 4581 1835 4637 per
1865 4566 2071 4622 Filium

2189 4568 2239 4625 ἐν
2298 4573 2368 4643 τῇ
2425 4570 2605 4645 σαρκὶ,
2657 4568 2749 4625 ’ίνα
2802 4572 2865 4626 τὸ
2923 4568 3202 4647 δικαίωμα
3237 4551 3336 4630 τοῦ
3366 4551 3541 4650 νόμου
3572 4551 3832 4648 πληρωθῇ

420 4657 573 4711 Deus
604 4656 1025 4713 condemnavit
1052 4662 1362 4730 peccatum
1399 4658 1462 4713 in
1492 4673 1693 4724 carne,
1752 4662 1820 4711 ut
1865 4656 2082 4727 justifi-

420 4746 573 4801 catio
606 4745 751 4819 legis
784 4745 1105 4816 impleatur
1132 4745 1195 4801 in
1228 4746 1420 4816 nobis,
1454 4747 1556 4818 qui
1594 4761 1716 4801 non
1748 4745 2078 4802 secundum

492 4865 565 4936 (a)
592 4862 803 4936 iIlACror.
840 4879 919 4936 xi,
948 4864 1012 4936 3.7
1042 4934 1049 4936 ξ
1078 4863 1155 4936 (ὁ)
1186 4864 1395 4936 IPetr.
1430 4881 1490 4924 ιι,
1526 4867 1609 4931 11,
1646 4864 1733 4929 12,
1772 4861 1869 4936 15,
1893 4865 1977 4936 lii.

420 5124 444 5175 Ι
664 5047 847 5118 Καλὴν
908 5048 998 5125 ἐχ.
1060 5052 1147 5107 Ἑν
1204 5056 1321 5113 τοῖς
1381 5047 1584 5115 ἔθνεσιν
1630 5048 1852 5125 ἔχοντες
1877 5049 2078 5123 καλήν,

521 5138 551 5176 Θ
584 5139 630 5176 Γ.
668 5140 732 5176 Π.

491 5130 947 5267 {ligula-faciam
1010 5192 1305 5266 Ἀγνωσίαν
1366 5195 1382 5249 l
1434 5196 1590 5251 Petr.
1624 5212 1683 5252 lt.
1717 5196 1775 5251 Si
1808 5201 2084 5259 Clemen-

423 5264 503 5345 tis
526 5264 847 5349 lectionem
880 5264 1222 5349 sequamur,
1255 5282 1533 5349 «‘sensus
1556 5271 1892 5349 _».Apos_toli
1946 5276 2079 5342 erit,

420 5337 616 5407 inquit
645 5339 862 5396 Estius.
915 5361 943 5387 «
970 5337 976 5338 “
1000 5338 1071 5393 Ut
1110 5338 1251 5391 dum
1300 5337 1696 5406 benefacitisf
1727 5337 2080 5402 adversariae

418 5406 638 5475 lingua:
671 5426 792 5464 non
827 5408 1086 5464 habeant
1114 5409 1271 5480 quod
1298 5409 1518 5477 dicant,
1554 5417 1612 5465 et
1640 5414 1702 5467 in
1735 5430 1851 5485 quo
1902 5434 2081 5473 occu-

419 5488 655 5549 pentur.
694 5504 715 5530 ι

489 5550 699 5624 (401%
727 5549 897 5624 ὲρ.-Τί
930 5549 1022 5624 οὖν
1054 5548 1131 5624 ἐρ.
1169 5553 1334 5624 Rom.
1368 5569 1467 5608 vn.

463 5621 623 5708 Ἀ(42)Δ
648 5621 716 5708 Ἱξ
745 5621 925 5704 ινόμος
979 5621 1239 5708 ἁμαρτία.
1296 5624 1585 5708 Rectius”
1613 5623 1650 5707 ,ὁ
1699 5624 1871 5708 νόμος
1898 5628 2076 5708 ἁμαρ-

463 5648 606 5701 sz.)
666 5648 709 5677 υ
745 5648 925 5704 ,νομος
979 5648 1239 5708 αμαρτιᾳ.
1296 5648 1585 5693 ιὶιςυινιυδ,⁴
1622 5648 1650 5678 ο
1699 5648 1761 5680 νο
1812 5648 1871 5689 ος
1898 5648 2013 5699 αμα
2057 5661 2074 5672 -

421 5701 531 5754 τια,
561 5692 880 5765 utrobique
938 5701 1231 5752 nominat.
1292 5713 1457 5765 casu,
1516 5702 1581 5751 ut
1610 5696 1671 5752 in
1730 5648 1896 5773 V6613.
1950 5648 2074 5759 Big.

2023 4866 2125 4944 (ε)
2156 4870 2324 4944 Rom,
2350 4886 2435 4944 _v_i,
2459 4872 2513 4936 2,
2547 4871 2598 4924 6.

418 4931 555 5007 457,
576 4934 680 4988 458
714 4934 823 4989 ED.
861 4931 1093 4990 PARIS.
1137 4931 1234 5008 ’(e)
1269 4938 1435 4992 Rom.
1474 4951 1567 5001 vn,
1599 4936 1649 4990 1.
1728 4936 1799 5006 (ί)
1828 4931 1977 4991 Ibid.
2015 4931 2098 4995 18.

2190 4657 2243 4715 ἐν
2299 4662 2462 4733 ἡμῖν,
2518 4664 2636 4721 τοῖς
2689 4661 2765 4733 μή
2822 4662 2959 4716 κατᾶ
3013 4663 3183 4739 σάρκα
3230 4671 3643 4737 περιπατοῦσιν,
3701 4658 3837 4718 ἀλλά

2187 4750 2325 4805 κατὰ
2378 4753 2616 4822 πνεῦμα.
2673 4772 2703 4802 ιι
2762 4751 2905 4826 Πρὸς
2949 4752 3169 4815 τούτοις
3212 4751 3291 4839 ἔτι
3323 4752 3722 4835 ἐπισαφηνίζων
3775 4746 3838 4803 τὰ

2677 4869 2755 4941 (ἆ)
2786 4868 2935 4925 Ibid.
2963 4873 3048 4926 13.
3123 4871 3187 4937 ἰε
3218 4874 3276 4930 Ρ.
3309 4875 3413 4930 545
3435 4877 3545 4932 ED.
3571 4869 3833 4930 POTTER

2176 4944 2254 5011 (g)
2279 4939 2426 4995 Ibid.
2464 4945 2548 4995 n-
2630 4939 2709 5012 (Ιι)
2737 4939 2888 4996 Ibid.
2924 4945 3017 5009 20,
3046 4944 3137 5011 23,
3168 4948 3257 5002 24.

2191 5059 2359 5115 Rom.
2392 5074 2492 5115 vn.
2528 5057 2801 5115 SvLauac.

2264 5131 2380 5206 (43)
2407 5130 2585 5206 Ίῖεῦτο
2610 5128 2740 5206 ἐγώ·
2777 5129 2919 5206 Ἐγὼ
2949 5134 3135 5206 reieo-
3170 5135 3339 5206 Rem-

2266 5198 2614 5279 (“lfllnm
2651 5198 2913 5279 ’ἀντιτέμ
2973 5201 3173 5279 Βλέπω
3232 5200 3289 5258 δέ
3344 5203 3528 5279 ἕτερον
3577 5203 3742 5277 νόμον
3784 5198 3835 5279 ἐν

2188 5278 2307 5334 τοῖς
2343 5269 2530 5353 μέλεσί
2576 5294 2681 5353 μου
2723 5269 3270 5353 ἀντιστρατευόμενον
3300 5283 3381 5350 τῷ
3410 5269 3565 5353 ν’όμῳ
3592 5269 3687 5331 τοῦ
3715 5270 3831 5332 νοός

2193 5345 2971 5438 μοιτνμξεαεξὶιμειλωτίεονέά
3004 5367 3072 5438 re
3099 5345 3330 5438 νείμ-
3353 5345 3663 5438 Rom-v.11;

2260 5422 2374 5505 (4'5)
2431 5415 2595 5505 0136":
2619 5418 2769 5481 ὅπως
2826 5439 2940 5505 τις.
2964 5415 3105 5505 οδω,
3138 5415 3193 5476 Si
3236 5415 3521 5505 legamus,
3554 5418 3665 5476 οὔδ’
3693 5416 3835 5505 ἕξεως

2186 5508 2242 5567 τι
2267 5487 2386 5567 οὖν,
2422 5490 2849 5567 restringemus
2871 5492 2944 5567 ad
2962 5487 3467 5567 Paulum,alioqui
3488 5487 3833 5566 generaliter

2185 5561 2429 5637 dictum
2441 5561 2798 5637 extendetur
2824 5565 2898 5619 ad
2931 5561 3676 5637 quemcunque-Sirmium.

2266 5635 2379 5710 (4Q)
2410 5632 2747 5710 Ιένεύματος.
2809 5627 3128 5708 lived-pato;
3182 5627 3283 5707 τῆς
3337 5642 3485 5710 ζωῆς
3531 5635 3583 5693 ἐν
3633 5627 3836 5710 Χριστῷ

2186 5701 2389 5777 Ἰησοῦ,
2421 5701 2589 5763 Boni.
