4144 6392
321 355 462 412 1177

1658 350 2111 408 BTROMA'I‘UM
2148 348 2285 403 LIB.
2325 350 2427 403 III.

3611 334 3752 410 i178

315 478 709 556 προείρημένα,
741 470 957 547 ἐπιϐοᾷ·
993 498 1023 528 ‹‹
1054 474 1128 532 Td
1158 475 1253 549 μὶν
1287 478 1446 549 σῶμα
1474 475 1665 550 νεκρὸν
1697 472 1767 529 δι’
1799 474 1974 548 ἀμαρ-

2104 488 2335 527 zarnem
2366 472 2770 539 ambulamus,
2796 473 2899 529 sed
2924 474 3255 531 secundum
3287 475 3566 548 spiritum
3599 480 3696 550 (a).
3722 500 3745 527 ι

316 570 456 625 τίαν·
493 591 522 620 ››
555 566 767 638 δηλῶν,
801 566 875 629 ὡς
909 564 992 620 ὅτι
1054 565 1131 638 μὴ
1183 565 1339 629 νεὼς,
1387 567 1558 631 τάφος
1606 563 1653 619 δ’
1705 563 1843 619 ἐστὶν
1903 562 1983 619 ἔτι

319 665 420 729 τῆς
452 661 639 733 ψυχῆς
673 659 806 730 (47)·
843 656 1083 725 ὁπηνίκα
1128 654 1228 730 γὰρ
1283 655 1515 729 ἁγιασθῇ
1544 655 1624 726 τῷ
1658 658 1796 726 Θεῷ,
1847 677 1875 707 ‹‹
1907 652 1983 710 Τὸ

320 750 544 820 Πνεῦμα
567 750 704 819 (48),
738 743 1027 811 ››ἐποίσει,
1080 767 1109 795 ι(
1141 747 1241 799 τοῦ
1289 741 1599 819 ἐγείραντος
1657 742 1718 798 ἐκ
1777 747 1981 817 νεκρῶν

321 839 532 909 Ἰησοῦν
564 836 705 892 οἰκεῖ
761 835 813 890 ἐν
876 835 1021 908 ὑμῖν
1082 834 1141 896 ’ὀς
1187 836 1519 905 ζωοποιήσει
1578 834 1775 889 καὶτά
1814 834 1987 904 θνητά

320 924 547 999 σώματα
578 924 732 998 ὑμῶν
782 920 871 978 διὰ
917 927 1015 977 τοῦ
1065 922 1403 984 ἐνοικοῦντος
1452 921 1617 978 αὐτοῦ
1663 921 1981 996 Πνεόματος

320 1013 374 1071 ἐν
421 1016 574 1088 ὑμῖν.
610 1037 640 1066 ››
668 1010 835 1077 Αὖθις
892 1010 1007 1078 οὖν,
1062 1016 1181 1072 τοῖς
1231 1008 1555 1088 φιληδόνοις
1594 1010 1976 1081 ἐπιπλήττων,

322 1101 500 1159 ἐκεῖνα
551 1101 898 1179 προστίθησι·
936 1126 964 1153 (ι
996 1100 1070 1157 Τὸ
1128 1100 1234 1175 γὰρ
1285 1099 1544 1174 φρόνημα
1598 1106 1699 1169 τῆς
1761 1100 1980 1173 σαρκὸς-⁹

324 1193 571 1258 θάνατος.
615 1192 737 1249 Ὂτι
767 1191 825 1245 οἱ
854 1189 989 1246 κατά
1046 1189 1218 1264 σάρκα
1277 1194 1473 1259 ζῶντες
1531 1190 1598 1244 τὰ
1651 1196 1751 1258 τῆς
1786 1191 1982 1265 σαρκὸς

323 1285 642 1361 φρονοῦσιν·
696 1280 788 1336 καὶ
853 1279 916 1334 τὸ
974 1277 1232 1355 φρόνημα
1277 1286 1377 1349 τῆς
1435 1283 1630 1355 σαρκὸς
1689 1273 1862 1354 ἔχθρα
1906 1279 1981 1342 εἷς

318 1366 471 1428 Θεόν’
505 1374 585 1444 τῷ
614 1369 718 1446 γὰρ
771 1368 928 1442 νόμῳ
982 1372 1080 1423 τοῦ
1137 1372 1272 1423 Θεοῦ
1333 1366 1441 1444 οὐχ
1500 1368 1878 1427 ὑποτάσσεται.
1913 1370 1980 1427 Οἱ

325 1457 383 1516 δὲ
437 1459 492 1516 ἕν
550 1460 708 1536 σαρκί
762 1458 912 1521 ὅντες
945 1482 974 1511 »
1033 1457 1164 1534 οὐχ,
1226 1458 1301 1520 ὥς
1358 1480 1502 1521 τινες
1562 1456 1980 1543 δογματίζουσι,

330 1573 354 1602 ι
387 1553 504 1623 Θεῷ
534 1549 721 1624 ἀρὲσαι
769 1547 831 1603 οὐ
864 1544 1142 1617 δύνανται,
1178 1571 1206 1598 ››
1249 1544 1373 1603 ἀλλ’
1420 1550 1495 1609 ὼς
1548 1549 1978 1624 προειρήκαμεν.

326 1642 462 1699 Εἶτα
500 1639 638 1710 πρὸς
684 1635 1101 1706 ἀντιδιαστολὴν
1132 1634 1313 1692 τούτω
1360 1640 1430 1711 τῇ
1461 1636 1764 1710 Ἐκκλησία
1793 1637 1978 1715 φησίν·

327 1731 566 1804 «Ὑμεῖς
600 1726 659 1785 δὶ
687 1724 787 1783 οὔκ
816 1727 934 1782 ἰστε
962 1727 1016 1782 ἐν
1045 1725 1225 1802 σαρκὶ,
1256 1724 1382 1781 ἀλλ’
1416 1725 1469 1781 ἐν
1509 1724 1802 1799 πνεύματι,
1832 1726 1980 1804 εἴπερ

2084 1636 2313 1710 jicitur.
2348 1638 2457 1703 Qui
2488 1643 2689 1694 autem
2713 1640 2936 1695 suntin
2971 1657 3170 1710 carne,
3207 1668 3228 1693 ι

2094 562 2314 616 Praeter
2346 563 2469 617 haec
2500 562 2694 618 adhuc
2724 563 3035 620 declarans
3067 581 3157 631 ea,
3202 582 3333 636 qua)
3382 567 3547 638 prius
3597 567 3758 625 dicta

2090 658 2250 716 sunt,
2286 651 2616 707 exclamat:
2652 675 2679 703 «
2713 654 2937 725 Corpus
2983 654 3228 725 quidem
3276 661 3579 711 mortuum
3610 674 3748 729 pro-

2088 745 2221 812 pter
2250 747 2562 812 peccatum
2589 758 2601 795 :
2629 766 2647 789 ι
2682 742 3029 815 significans
3054 744 3113 798 id
3138 761 3258 799 non
3284 761 3412 799 esse
3438 746 3756 817 templum,

2091 830 2195 885 sed
2227 830 2569 902 sepulcrum
2601 832 2836 887 animai.
2861 834 3108 898 Quando
3133 835 3294 889 enim
3313 835 3752 891 sanctiﬁcatum

2089 918 2271 975 fuerit
2298 921 2438 989 Deo,
2473 944 2500 971 «
2534 921 2789 993 Spiritus
2819 924 2974 996 ejus,
3000 945 3027 972 ››
3061 924 3259 989 infert,
3293 948 3321 975 «
3353 925 3455 996 qui
3498 927 3755 982 suscita-

2091 1009 2173 1063 vit
2199 1011 2401 1064 Jesum
2423 1027 2457 1065 a
2478 1012 2753 1076 mortuis,
2778 1013 3007 1068 habitat
3035 1014 3097 1069 in
3129 1014 3289 1069 vobis
3315 1031 3328 1068 :
3363 1015 3465 1085 qui
3496 1015 3752 1070 vivifica-

2090 1097 2181 1153 bit
2211 1099 2391 1154 etiam
2422 1100 2700 1155 mortalia
2740 1107 2934 1157 vestra
2953 1120 3225 1175 corpora,
3252 1120 3359 1175 per
3397 1104 3525 1175 ejus
3568 1104 3751 1175 Spiri-

2090 1192 2241 1255 tum,
2269 1189 2370 1260 qui
2402 1188 2632 1244 habitat
2651 1190 2714 1245 in
2735 1190 2900 1247 vobis
2922 1190 3017 1264 (b).
3043 1215 3069 1241 ››
3106 1195 3328 1248 Rursus
3360 1193 3561 1264 itaque
3586 1193 3752 1248 volu-

2090 1278 2315 1350 ptarios
2348 1279 2689 1352 increpans,
2723 1280 2827 1336 illa
2856 1282 3061 1354 adjicit
3087 1280 3109 1337 εΔ
3166 1307 3187 1332 ι
3219 1283 3545 1339 Prudentia
3587 1285 3749 1339 enim

2089 1368 2310 1435 carnis,
2345 1385 2543 1437 mors;
2579 1370 2863 1442 quoniam
2913 1372 3015 1444 qui
3074 1389 3145 1427 ex
3199 1389 3377 1428 carne
3429 1373 3645 1441 vivunt,
3682 1390 3753 1430 ea

2090 1474 2223 1529 quas
2255 1462 2395 1513 sunt
2416 1459 2638 1524 carnis,
2671 1461 2933 1532 cogitant
2959 1478 2971 1529 ;
3008 1467 3069 1517 et
3097 1462 3415 1534 prudentia
3440 1464 3639 1518 carnis
3661 1468 3753 1519 est

2091 1564 2227 1603 cum
2246 1548 2364 1603 Deo
2390 1564 2594 1619 gerere
2618 1548 2965 1606 inimicitias
2991 1568 3004 1617 ;
3030 1551 3144 1624 legi
3167 1553 3328 1607 enim
3354 1552 3455 1607 Dei
3479 1570 3601 1607 non
3619 1553 3753 1609 sub-

3267 1659 3388 1697 non
3410 1648 3476 1697 ut
3506 1642 3751 1713 quidam

2092 1725 2444 1795 decernunt,
2478 1749 2507 1778 «
2541 1729 2659 1783 Deo
2697 1727 2935 1801 placere
2980 1747 3101 1785 non
3153 1736 3423 1802 possunt,
3460 1754 3487 1781 ››
3539 1731 3642 1786 sed
3689 1737 3755 1786 ut

322 1823 540 1891 πνεῦμα
565 1821 701 1873 Θεοῦ
733 1817 874 1873 οἶκεῖ
898 1815 952 1872 ἐν
988 1817 1137 1890 ὑμῖν.
1172 1815 1237 1873 Εἰ
1270 1812 1329 1872 δὲ
1355 1836 1441 1878 τις
1492 1820 1706 1890 πνεῦμα
1748 1820 1982 1891 Χριστοῦ

370 1909 385 1920 .
464 1903 485 1920 .,
674 1909 694 1920 -
884 1905 898 1920 .
1000 1903 1023 1920 ς.
1236 1904 1250 1920 .
1326 1908 1353 1920 ..
1442 1905 1499 1920 ..ς
1566 1903 1609 1920 ι..
1674 1911 1708 1920 ..
1846 1906 1858 1920 .
1935 1905 1950 1920 .

2104 1817 2258 1889 prius
2319 1816 2599 1873 diximus.
2659 1818 2885 1873 Deinde
2939 1824 3007 1873 ut
3064 1834 3164 1874 eos
3221 1819 3568 1893 distinguat,
3604 1819 3751 1874 dicit

327 1909 431 1965 οὐκ
460 1903 600 1984 ἔχει,
633 1909 792 1970 οὗτος
844 1905 944 1962 οὐκ
998 1903 1140 1961 ἔστιν
1191 1904 1378 1964 αὐτοῦ.
1440 1905 1501 1961 Εἰ
1562 1903 1621 1961 δὲ
1669 1906 1899 1981 Χριστὸς
1931 1905 1982 1962 ἐν

326 1995 480 2071 ὐμῖν,
499 1997 564 2052 τὸ
598 1996 695 2069 μὶν
724 2000 884 2068 σῶμα
912 1995 1100 2071 νεκρὸν
1135 1991 1206 2049 δι’
1235 1992 1529 2071 ἁμαρτίαν,
1560 1995 1623 2050 τὸ
1673 1991 1731 2051 δὲ
1774 1998 1987 2069 πνεῦμα

333 2088 447 2157 ζωὴ
500 2082 590 2141 διὸ.
620 2084 1166 2160 δικαιοσῦνην.¹’Δρα
1223 2081 1340 2150 οὖν,
1401 2080 1653 2163 ἀδελφοὶ,
1709 2083 1985 2160 ὀφειλέται

329 2175 491 2251 ισμὶν
526 2177 589 2233 οῦ
617 2179 686 2244 τῆ
713 2176 869 2252 σαρκὶ
921 2179 1020 2231 τοῦ
1077 2176 1213 2230 κατὰ
1270 2175 1442 2250 σάρκα
1473 2178 1590 2249 ζῇν·
1625 2173 1671 2230 εἰ
1701 2176 1803 2250 γάρ
1853 2175 1990 2231 κατὰ

331 2267 503 2340 σάρκα
554 2270 707 2338 ζῆτε,
770 2263 1002 2339 μέλλετε
1056 2265 1440 2335 ἀποθνήσκειν
1494 2263 1543 2318 εἷ’
1599 2261 1657 2319 δὲ
1709 2265 1990 2337 πνεύματα

327 2357 423 2420 τάς
453 2359 677 2432 πράξεις
707 2361 805 2412 τοῦ
862 2355 1117 2430 σώματος
1178 2357 1488 2425 θανατοῦτε,
1522 2356 1768 2426 ζήσεσθε.
1820 2358 1986 2412 ’Όσοι

328 2448 433 2523 γάρ
492 2443 759 2520 πνεύματι
819 2450 953 2503 Θεοῦ
1005 2448 1246 2522 ἄγονται,
1279 2442 1431 2500 οὗτοί
1462 2444 1594 2498 εἰσιν
1628 2444 1739 2499 υἱοὶ
1770 2449 1925 2503 Θεοῦ.
1958 2469 1987 2499 ››

331 2535 436 2596 Καὶ
467 2537 605 2610 πρὸς
632 2537 731 2605 τήν
764 2534 1027 2612 εὐγένειαν
1059 2537 1150 2590 καὶ
1181 2534 1320 2609 πρὸς
1370 2536 1471 2604 τὴν
1526 2530 1834 2607 ἐλευθερίαν
1889 2534 1989 2602 τήν

330 2624 724 2688 καταπτύστως
783 2625 885 2680 ὑπὸ
967 2627 1077 2680 τῶν
1165 2619 1491 2698 ἑτεροδόξων
1582 2622 1939 2699 εῗσαγομένην
1975 2666 1989 2692 ,

334 2711 416 2769 ἐπ’
447 2713 702 2791 ἀσελγείᾳ
729 2712 1133 2790 καυχιυμὲνων,
1167 2711 1407 2791 ἐπιφέρει
1442 2709 1635 2789 λέγων’
1699 2736 1725 2764 ι‹
1757 2711 1835 2770 Οὐ
1890 2713 1993 2787 γὰρ

340 2799 567 2861 ιλάϐετε
596 2808 808 2878 πνεῦμα
839 2800 1091 2865 δουλείας
1121 2804 1290 2858 πάλιν
1331 2801 1407 2864 εἷς
1463 2797 1656 2880 φόϐον,
1687 2800 1815 2858 ἀλλ’
1866 2800 1996 2857 ἐλά-

334 2886 459 2947 ϐετε
512 2891 727 2965 πνεῦμα
780 2890 1046 2953 υἱοθεσίας
1079 2936 1097 2962 ,
1157 2889 1208 2946 ἐν
1267 2891 1314 2964 ᾧ
1371 2895 1677 2966 κράζομεν,
1737 2884 1908 2947 Ἀὄόᾶ
1965 2890 1995 2945 ὁ

336 2983 546 3056 Πατήρ·
587 3005 615 3033 ››
664 2983 966 3052 τουτέστιν,
1020 2978 1096 3043 εῗς
1134 2984 1296 3035 τοῦτο
1347 2976 1642 3053 ἒλάῦομεν,
1685 2977 1780 3035 ἵνα
1824 2980 1996 3057 γινώ-

334 3091 552 3145 σκωμεν
599 3077 823 3141 τοῦτον,
862 3074 911 3145 ᾧ
959 3071 1403 3148 προσευχόμεθα,
1452 3072 1545 3126 τὸν
1591 3076 1670 3143 τῷ
1729 3070 1845 3127 ὄντι
1890 3093 1995 3127 πα-

338 3162 490 3237 τέρα,
521 3163 616 3218 τὸν
647 3167 756 3218 τῶν
785 3158 955 3218 ὅντων
994 3156 1159 3235 μόνον
1203 3159 1433 3235 Πατὲρα,
1465 3161 1558 3217 τὸν
1591 3160 1669 3223 εἷς
1720 3161 1997 3234 σωτηρίαν

2094 1906 2371 1962 Ecclesia
2399 1923 2411 1961 :
2444 1926 2475 1959 α
2511 1908 2623 1962 Vos
2655 1914 2854 1963 autem
2902 1925 3024 1963 non
3056 1910 3200 1964 estis
3234 1910 3376 1965 I97
3438 1910 3500 1964 in
3550 1926 3751 1974 carne,

2095 1997 2201 2053 sed
2230 1998 2293 2053 in
2315 1997 2550 2069 spiritu,
2578 1998 2627 2052 si
2659 1997 2901 2070 quidem
2925 1998 3170 2070 spiritus
3193 1999 3295 2054 Dei
3319 1999 3547 2056 habitat
3570 2001 3631 2055 in
3654 2017 3756 2055 vo-

2093 2089 2206 2144 bis.
2239 2089 2297 2144 Si
2320 2090 2454 2161 quis
2485 2094 2685 2145 autem
2725 2089 3001 2161 spiritum
3053 2090 3269 2146 Christi
3316 2108 3438 2146 non
3474 2091 3668 2153 habet,
3703 2091 3755 2145 is

2097 2195 2216 2234 non
2248 2185 2339 2233 est
2367 2179 2516 2250 ejus.
2552 2179 2609 2234 Si
2642 2184 2841 2235 autem
2882 2180 3151 2235 Christus
3201 2180 3262 2235 in
3302 2181 3487 2248 vobis,
3539 2197 3755 2253 corpus

2097 2268 2342 2340 quidem
2364 2274 2454 2323 est
2474 2274 2773 2324 mortuum
2798 2286 2905 2340 per
2933 2275 3263 2341 peccatum,
3289 2270 3535 2342 spiritus
3556 2276 3756 2326 autem

2097 2358 2260 2414 vivus
2286 2375 2393 2431 per
2413 2358 2734 2431 justitiam.
2770 2359 3076 2415 Debitores
3109 2360 3309 2432 itaque
3360 2377 3589 2427 sumus,
3635 2360 3757 2415 ira-

2099 2452 2241 2516 tres,
2275 2466 2395 2504 non
2426 2450 2614 2514 carni,
2644 2455 2710 2504 ut
2735 2449 3063 2505 secundum
3089 2466 3329 2505 carnem
3370 2451 3652 2508 vivamus.
3699 2449 3757 2505 Si

2100 2538 2262 2593 enim
2291 2538 2622 2593 secundum
2653 2554 2895 2593 carnem
2922 2538 3133 2603 vivitis,
3168 2539 3311 2594 estis
3359 2539 3632 2594 morituri
3660 2555 3672 2592 :
3713 2538 3765 2592 si

2099 2642 2235 2682 vero
2271 2627 2483 2698 spiritu
2520 2627 2677 2682 facta
2721 2627 2920 2683 carnis
2973 2627 3489 2697 mortiﬁcaveritis,
3532 2627 3756 2683 vivetis.

2102 2716 2452 2787 Quicunque
2484 2716 2645 2770 enim
2664 2715 2877 2788 spiritu
2897 2717 2997 2772 Dei
3031 2722 3307 2789 aguntur,
3338 2715 3401 2780 ›ι‹
3427 2717 3623 2772 iisunt
3645 2716 3755 2771 filii

2100 2805 2225 2861 Dei.
2249 2828 2268 2855 ιι
2289 2803 2653 2861 Etadversus
2667 2805 3042 2861 nobilitatem
3058 2806 3409 2861 etadversus
3424 2805 3760 2861 libertatem

2102 2909 2234 2965 quas
2247 2893 2692 2950 exsecrabiliter
2704 2893 2776 2950 ab
2790 2895 3023 2966 iis.quaa
3039 2900 3178 2950 sunt
3190 2895 3433 2951 diversas
3449 2895 3763 2951 sententias

2101 2983 2635 3056 introducitur,qui
2656 2983 2728 3040 de
2742 2984 2988 3040 libidine
3002 2985 3493 3058 gloriantur,subj
3504 2985 3768 3057 ungitdi-

2103 3090 2275 3141 cens:
2296 3096 2323 3123 ‹‹
2346 3076 2473 3129 Non
2501 3075 2658 3129 enim
2676 3073 2992 3146 accepistis
3015 3075 3293 3148 spiritum
3312 3074 3614 3130 servitutis
3636 3092 3765 3131 rur-

2103 3181 2204 3220 sus
2226 3164 2289 3219 in
2324 3164 2621 3230 timorem,
2657 3163 2759 3219 sed
2793 3164 3107 3236 accepistis
3133 3165 3410 3237 spiritum
3433 3163 3771 3237 adeptionis

333 3248 665 3308 παιδεύοντα
718 3253 795 3315 ώς
851 3254 1078 3327 πατὲρα,
1110 3251 1198 3306 καὶ
1254 3252 1346 3306 τὸν
1375 3245 1543 3328 φόϐον
1598 3250 1814 3306 ἀπειλεῖ
1860 3255 1991 3323 (49).

2112 3253 2396 3318 filiorum,
2430 3255 2492 3309 in
2525 3271 2642 3328 quo
2676 3254 3027 3318 clamamus,
3052 3236 3218 3309 Abba
3246 3256 3420 3309 Pater
3446 3255 3550 3324 (c);
3590 3274 3615 3302 ι)
3651 3253 3769 3308 hoc

336 3348 445 3404 est.
478 3343 554 3400 ad
583 3345 699 3401 hoc
728 3344 1091 3417 accepimus,
1124 3347 1191 3398 ut
1220 3358 1648 3416 cognoscamus
1680 3359 1838 3410 eum,
1874 3359 2053 3414 quem
2085 3359 2346 3411 oramus,
2379 3344 2481 3415 qui
2540 3349 2631 3400 est
2686 3359 2818 3398 vere
2869 3345 3043 3398 Pater
3090 3344 3193 3415 qui
3241 3360 3445 3400 rerum
3498 3342 3768 3399 omnium

333 3432 500 3490 solus
531 3439 623 3491 est
640 3436 836 3502 Pater,
868 3433 970 3505 qui
1000 3432 1075 3489 ad
1107 3431 1362 3488 salutem
1392 3432 1589 3487 erudit
1617 3437 1677 3488 et
1706 3432 1955 3506 castigat
1980 3437 2049 3487 ut
2079 3439 2268 3506 pater,
2301 3438 2362 3489 et
2389 3433 2665 3489 timorem
2696 3432 2977 3488 minatur.

1858 3577 2087 3634 CAPUT
2124 3579 2246 3634 XII.

631 3679 811 3737 Verba
836 3676 1091 3744 Apostoli
1118 3677 1149 3733 Ι
1175 3677 1299 3732 Cor.
1333 3692 1427 3745 vn,
1461 3679 1515 3744 ὅ,
1550 3677 1638 3745 39,
1671 3676 1763 3747 40,
1793 3675 2016 3748 aliaque
2056 3678 2114 3734 S.
2163 3678 2467 3749 Scriptura?
2517 3677 2635 3733 loca
2664 3677 2851 3733 eodem
2879 3679 3187 3749 spectantia
3217 3677 3483 3749 erplicat.

408 3797 475 3852 Ἦ
506 3792 565 3850 δὲ
612 3793 673 3849 ἐκ
722 3792 1022 3871 συμφώνου
1053 3794 1165 3864 (50)
1208 3790 1347 3863 πρὸς
1401 3789 1589 3867 καιρὸν
1648 3789 2001 3865 σχολάζουσα

336 3888 407 3961 τῇ
463 3885 749 3960 προσευχῇ
816 3879 1046 3957 συζυγία
1102 3878 1420 3956 ἐγκρατείας
1478 3878 1589 3935 ἐστὶ
1651 3876 1996 3935 διδασκαλία·

338 3975 647 4050 προσέθηκε
680 3975 786 4048 γὰρ
846 3972 908 4026 τὸ
966 3972 1061 4045 μὶν
1093 3994 1121 4023 ‹‹
1156 3968 1216 4025 ἐκ
1245 3969 1568 4047 συμφώνου,
1602 3993 1630 4022 ››
1682 3965 1776 4023 ’ίνα
1807 3972 1884 4042 μή
1915 3990 1999 4032 τις

341 4061 575 4137 διαλύσῃ
608 4062 699 4117 τὸν
744 4060 944 4136 γάμον,
982 4082 1009 4113 ε
1038 4060 1179 4131 πρὸς
1217 4059 1411 4132 καὶρὸν
1443 4054 1517 4125 δὲ,
1551 4082 1579 4108 ››
1613 4058 1687 4119 ὡς
1734 4059 1835 4130 μὴ,
1864 4059 2003 4113 κατά

338 4152 584 4227 ἀνάγκην
643 4145 982 4218 ἐπιτηδεύων
1041 4147 1141 4215 τήν
1202 4145 1518 4222 ἐγκράτειαν
1551 4147 1580 4200 ὁ
1620 4147 1824 4222 γήμας,
1878 4145 2004 4201 ὀλι-

338 4243 514 4316 σθήσῃ
570 4238 704 4295 ποτὶ
764 4236 843 4301 εἷς
908 4236 1202 4312 ἁμαρτίαν,
1263 4232 1445 4313 φειδοῖ
1498 4234 1594 4307 μὶν
1651 4240 1751 4305 τῆς
1810 4236 2003 4290 ἑαυτοῦ

339 4330 617 4406 συζυγίας,
653 4324 914 4399 ἐπιθυμίᾳ
943 4322 1002 4380 δὶ
1034 4321 1306 4398 ἀλλοτρίᾳ
1354 4323 1685 4398 περιπεσών.
1736 4328 1799 4403 ᾪ
1845 4320 2002 4399 λόγῳ

336 4420 429 4477 καὶ
458 4420 551 4475 τὸν
583 4419 923 4493 ἀσχημονεῖν
957 4418 1065 4487 (5i)
1113 4413 1301 4469 ἑαυτὸν
1361 4411 1448 4469 ἐπὶ
1506 4416 1576 4487 τῇ
1634 4415 2001 4489 παρθενοτρο-

342 4508 438 4585 φίᾳ
488 4500 952 4579 ὑπολαμϐάνοντα
999 4504 1184 4565 καλῶς
1247 4502 1325 4564 εἰς
1380 4500 1556 4578 γάμον
1617 4499 1871 4558 ἐκδώσειν
1901 4505 2001 4573 τήν

344 4599 608 4674 θυγατερα
661 4592 870 4670 ἔλεγεν.
927 4594 999 4651 Ἠ
1056 4591 1311 4668 πρόθεσίς
1365 4612 1424 4647 τε
1480 4592 1735 4661 ἑκάστου,
1793 4596 1895 4647 τοῦ
1944 4614 2006 4648 τε

342 4688 531 4745 ἒαυτὸν
582 4685 1002 4762 εὖνουχίσαντος
1046 4688 1145 4741 τοῦ
1195 4705 1254 4739 τε
1315 4683 1381 4738 αὗ
1430 4681 1594 4759 γάμῳ
1652 4680 1742 4738 διὰ
1796 4680 2001 4739 παιδο-

337 4779 521 4833 ποιίαν
572 4774 941 4846 συζεόξσιντος,
991 4770 1275 4837 ἀνένδοτος
1334 4772 1470 4848 πρὸς
1522 4773 1586 4829 τὸ
1615 4775 1777 4842 ἧττον
1812 4769 2003 4847 διαμὲ-

2181 3793 2347 3859 Quod
2380 3799 2579 3849 autem
2618 3817 2636 3840 -
2675 3810 2747 3849 ex
2776 3809 3074 3848 consensu
3105 3792 3179 3848 ad
3228 3796 3463 3863 tempus
3511 3791 3770 3847 orationi

2109 3886 2278 3938 vacat
2299 3904 2327 3932 »
2359 3882 2725 3955 conjugium,
2758 3882 3031 3937 doctrina
3052 3886 3143 3937 est
3158 3880 3567 3937 continentia).
3598 3881 3773 3952 Adje-

2111 3972 2194 4027 cit
2229 3971 2391 4027 enim
2423 3970 2575 4026 illud
2607 3970 2871 4042 quidem,
2919 3993 2947 4021 «
2983 3987 3052 4026 ex
3104 3986 3421 4037 consensu,
3468 3990 3496 4018 »
3528 3985 3602 4023 ne
3634 3969 3770 4040 quis

2112 4059 2463 4122 dissolveret
2492 4059 2937 4114 matrimonium
2963 4078 2976 4126 ;
3011 4057 3085 4113 ad
3109 4062 3342 4129 tempus
3373 4061 3573 4113 autem
3604 4057 3705 4129 (ἁ),
3742 4079 3770 4107 ››

2110 4166 2211 4217 ne,
2234 4149 2377 4204 dum
2395 4165 2465 4204 ex
2484 4149 2842 4204 necessitate
2860 4153 3095 4203 exercet
3115 4147 3545 4203 continentiam
3569 4146 3641 4213 is,
3667 4148 3767 4218 qui

2111 4256 2357 4296 uxorem
2400 4239 2657 4309 duxerit,
2689 4238 2927 4295 labatur
2956 4237 3017 4293 in
3056 4243 3384 4311 peccatum,
3409 4243 3468 4292 et
3491 4237 3633 4292 dum
3664 4253 3773 4292 suo

2113 4329 2391 4403 conjugio
2424 4329 2634 4402 parcit.
2668 4328 2934 4385 alienum
2957 4329 3361 4400 concupiscat.
3387 4329 3512 4393 Qua
3538 4327 3772 4383 ratione

2115 4434 2273 4486 eum,
2307 4417 2406 4489 qui
2432 4434 2493 4473 se
2520 4416 2801 4473 indecore
2832 4433 3037 4490 gerere
3062 4416 3383 4484 existimat,
3410 4414 3571 4487 quod
3596 4414 3774 4487 virgi-

2113 4524 2252 4562 nem
2275 4507 2416 4575 alat,
2448 4512 2608 4562 recte
2639 4523 2770 4562 eam
2809 4505 2955 4562 dicit
3002 4522 3132 4562 esse
3185 4511 3437 4577 nuptum
3468 4504 3774 4561 daturum.

2117 4599 2331 4652 Verum
2362 4596 2801 4667 unusquisque,
2836 4600 2956 4650 tam
2987 4595 3038 4650 is
3070 4596 3171 4667 qui
3223 4594 3558 4651 castitatem
3610 4593 3776 4650 dele-

2113 4686 2216 4760 git,
2250 4702 2427 4757 quam
2460 4684 2510 4739 is
2542 4683 2644 4756 qui
2668 4689 2911 4756 propter
2939 4684 3266 4739 liberorum
3295 4684 3774 4757 procreationem

2115 4776 2380 4847 seipsum
2410 4774 2722 4846 conjunxit
2752 4773 3158 4841 matrimonio,
3192 4774 3255 4829 in
3306 4790 3412 4830 suo
3466 4774 3774 4846 proposito

408 4926 486 4998 (a)
517 4921 997 4998 Romgig,2_,.3_,
1030 4919 1398 4998 (b)_lbid.,
1436 4923 1536 4998 10,
1560 4924 1643 4977 11.
1679 4922 1752 4994 (ο)
1783 4919 1931 4977 ibid.
1957 4921 1991 4975 5

2127 4924 2180 4991 7,
2213 4922 2267 4992 8,
2295 4924 2349 4989 9,
2384 4923 2475 4992 ιο,
2511 4922 2596 4986 12,
2631 4919 2718 4988 13,
2753 4921 2840 4989 14,
2876 4922 2963 4977 ιε.
3010 4920 3075 4988 μχ‹
3104 4921 3169 4977 Ρ.
3201 4922 3304 4976 346
3334 4920 3449 4976 ED.
3478 4919 3774 4985 POTTER,

338 4991 598 5066 £58,459
629 4995 743 5051 ΕΙ).
776 4991 1008 5048 PARIS.
1038 4991 1117 5063 (ἀ)
1150 4993 1174 5046 Ι
1202 4992 1332 5047 Cor.
1368 5008 1466 5054 vn,
1509 4995 1561 5048 5.

412 5140 958 5217 (47)_Tdcpoc.'._tﬁc
999 5138 1208 5217 ψυχῆς.
1260 5137 1426 5193 Plato
1458 5137 1540 5217 .in
1589 5138 1813 5217 (Iratqu
1864 5154 1997 5217 pag.

344 5206 623 5270 275:'K1i
651 5206 757 5287 γὰρ
790 5215 941 5282 σῆμα
994 5206 1140 5269 τινες
1198 5227 1357 5285 φασιν
1412 5206 1546 5262 αὐτὸ
1605 5210 1810 5279 (σῶμα)
1861 5206 2001 5264 ἑῖνᾶι

344 5292 441 5335 τῆς
498 5287 685 5335 ιιιυνῆε
720 5326 735 5335 .
790 5282 865 5335 ὡς
923 5279 1271 5335 τεθαμμένης
1327 5280 1379 5333 ἐν
1432 5284 1513 5335 τῶ
1568 5283 1658 5332 νῦν
1719 5278 1947 5335 παρόντι
1983 5301 1997 5313 ·

341 5292 441 5353 τῆς
498 5287 685 5359 ψυχῆς
720 5326 735 5352 ,
790 5287 865 5343 ὡς
923 5287 1271 5352 τεθαμμένης
1327 5287 1379 5333 ἐν
1432 5287 1513 5351 τῷ
1568 5287 1658 5332 νῦν
1719 5287 1947 5353 παρόντι
1983 5301 1997 5313 ·

347 5377 370 5407 ε
402 5359 629 5429 Corpus
657 5356 822 5413 enim
854 5356 966 5429 hoc
996 5356 1212 5409 anima:
1231 5354 1566 5429 sepulcrum
1594 5353 1835 5423 quidam
1870 5371 1999 5429 esse

342 5426 587 5486 tradunt
645 5446 657 5483 :
718 5427 888 5499 quasi
948 5426 1078 5498 ipsa
1144 5426 1426 5498 prmsenti
1483 5426 1547 5481 in
1600 5431 1866 5497 tempore
1927 5426 2003 5480 sit

346 5501 928 5651 έϐἃιθιῖἂῗόὶῦνεῦμα.
980 5569 1120 5634 Quas
1166 5574 1530 5651 sequuntur,
1565 5566 1910 5651 imperfecte
1941 5573 2001 5624 et

338 5637 635 5772 ﬁgam;
662 5637 750 5696 διὰ
804 5637 1029 5714 μνήμης
1060 5637 1283 5697 recitat
1299 5647 1507 5699 auctor
1557 5656 1628 5697 ex
1653 5637 1844 5696 _Rom.
1878 5657 1997 5705 vm,

382 5761 397 5786 ,
466 5758 481 5786 ,
553 5757 569 5786 ,
644 5756 657 5771 .

382 5756 481 5789 ,ν’
526 5756 569 5786 Ι,
602 5756 657 5771 υ.

2182 5137 2297 5203 (49)
2357 5135 2481 5193 Ἐάν
2538 5135 2630 5190 τὸν
2686 5130 2857 5209 φόϐον
2945 5135 3165 5193 ἀπειλεῖ
3244 5136 3478 5209 Exponi
3522 5138 3766 5206 potest,

2117 5228 2140 5258 ι
2176 5210 2456 5281 idemque
2484 5205 3023 5282 timorem‘abigit:
3061 5230 3085 5260 ιι
3147 5205 3357 5282 utnon
3408 5205 3481 5262 ad
3531 5205 3770 5282 Patrem

2111 5277 3285 5364 spectet;-quemadmodum'existimavit
3305 5280 3628 5364 interpres,
3663 5277 3767 5331 sed

2109 5352 2182 5436 ad
2216 5353 2493 5436 spiritum
2516 5352 2877 5435 adoptionis,
2902 5369 3078 5424 quem
3102 5352 3349 5423 opponit
3379 5352 3613 5420 spiritui
3637 5365 3763 5403 ser-

2109 5431 2309 5480 vitutls
2340 5440 2407 5480 ac
2440 5431 2690 5480 timoris.

2108 5443 2309 5480 vuuus
2340 5443 2407 5480 ac
2440 5443 2690 5480 umoris.

2180 5500 2290 5567 (5οι
2322 5497 2419 5551 Ἐκ
2467 5516 2530 5549 συ
2581 5495 2788 5559 φώνου.
2853 5494 3115 5565 Respicit
3159 5494 3184 5547 Ι
3232 5495 3362 5547 Cor.
3396 5508 3493 5556 vn,
3546 5494 3619 5547 5:
3671 5490 3767 5559 Μὴ

2108 5566 2459 5622 ἀποστερεῖτε
2504 5516 2813 5622 ἀλλήλους.
2848 5562 2893 5617 εί
2929 5566 3005 5622 μή
3039 5584 3089 5619 τι
3121 5560 3180 5618 ἂν
3214 5560 3274 5617 ἐκ
3299 5562 3597 5622 συμφώνου
3629 5562 3767 5622 πρὸς

2107 5560 2459 5646 ἀποστερεῖτε
2504 5560 2813 5646 ἀλλήλους,
2848 5562 2893 5646 εί
2929 5560 3005 5636 μῆ
3039 5584 3094 5646 τι
3121 5560 3180 5618 ἂν
3214 5560 3274 5646 ἐκ
3299 5562 3597 5646 συμφώνου
3629 5562 3769 5646 πρὸς

2105 5634 2436 5715 καιρὸνξβίνα
2464 5637 2783 5715 σχολάζητξ
2810 5638 2877 5708 τῇ
2906 5634 3134 5715 νηστεία
3161 5634 3251 5690 καὶ
3287 5634 3356 5702 τῆ
3372 5634 3692 5715 προσευχῇ,

2176 5707 2288 5787 (5i)
2321 5707 2712 5787 ’Aaxn'jiovaiv.
2746 5707 3008 5781 Respicit
3035 5710 3061 5765 Ι
3087 5707 3218 5766 Cor.
3252 5725 3349 5778 vn,
3381 5707 3473 5766 36.
