4144 6392
398 286 541 343 1179

1643 283 2057 346 CLEMENTIB
2091 284 2594 349 ALEXANDBINI

3689 287 3831 346 1180

398 413 654 471 firmiter
682 412 861 470 debet
887 428 1284 487 perseverare,
1317 429 1427 469 nec
1459 413 1520 468 in
1554 413 1815 469 deterius
1868 411 2033 467 deﬂe-

2164 430 2274 465 νειν
2308 408 2540 490 ὀφείλει.
2573 410 2637 467 Ei
2688 411 2781 483 μὶν
2829 407 2931 488 γὰρ
2974 408 3238 466 ἔπιτιῖναι
3280 408 3393 473 οἶός
3433 430 3495 467 τε
3540 408 3690 468 ἔσται
3733 415 3832 469 τὸν

399 507 580 561 ctere.
604 505 661 560 Si
682 506 841 560 enim
868 505 995 559 vitm
1020 521 1140 559 sum
1161 504 1498 559 institutum
1521 520 1739 576 augere
1770 518 1837 557 ac
1861 502 2055 557 inten-

398 592 539 650 dere
570 594 806 665 poterit,
838 594 1129 665 majorem
1152 592 1263 647 sibi
1288 593 1447 665 apud
1472 594 1654 647 Deum
1685 591 1942 663 acquirit
1962 590 2051 645 di-

397 685 704 758 gnitatem,
734 689 975 756 propter
1004 699 1216 755 puram
1248 689 1307 738 et
1337 700 1407 738 ex
1451 682 1681 738 ratione
1724 681 2052 754 profectam

397 773 848 830 continentiam.
874 774 930 828 Si
952 778 1153 828 autem
1177 789 1329 836 eam,
1355 790 1534 844 quam
1562 772 1759 845 elegit,
1782 771 2051 844 regulam

2169 496 2309 574 βίον,
2347 497 2570 571 μείζονα
2608 496 2755 572 ἀξίαν
2816 497 2869 554 έν
2897 502 3013 572 Θεῷ
3071 497 3230 561 αὐτὸς
3291 498 3468 572 ἑαυτῷ
3526 503 3826 575 περιποιή-

2165 607 2335 655 σεται,
2384 591 2638 661 καθαρῶς
2699 586 2811 660 ἅμα
2859 587 2950 642 καὶ
3011 585 3423 663 λελογισμένως
3478 587 3833 666 ἐγκρατευσᾶ-

2166 696 2343 749 μενος·
2375 675 2419 732 εί
2453 673 2511 731 δὲ
2537 671 2775 752 ὑπερϐὰς
2805 682 2919 751 (52)
2950 677 3008 733 ὃν
3045 675 3224 734 ε’ίλετο
3252 679 3449 733 κανόνα
3479 677 3555 742 είς
3598 678 3835 753 μείζονα

2163 766 2343 844 δόξαν,
2398 766 2583 824 ἔπειτα
2634 768 2885 846 ἀποπέσῃ
2947 771 3082 845 πρὸς
3132 771 3232 839 τὴν
3287 768 3507 826 ἐλπίδα·
3555 767 3672 848 ἔχει
3719 774 3828 849 γὰρ

394 863 777 934 superaverit,
810 863 872 917 in
908 863 1197 936 majorem
1221 862 1436 919 deinde
1478 862 1553 918 ad
1584 878 1752 934 spem
1800 862 2033 935 gloriari

2162 858 2341 935 ὥσπερ
2374 862 2409 929 ἡ
2452 858 2735 935 εὐνουχία,
2801 858 2943 915 οὕτω
3000 862 3089 915 καὶ
3121 860 3149 914 ὁ
3178 860 3356 938 γάμος
3403 859 3545 924 ίδίας
3579 859 3829 940 λειτουρ-

390 952 637 1008 recidet.
675 952 856 1008 Habet
887 952 1049 1007 enim
1082 952 1237 1008 sicut
1261 953 1523 1019 castitas,
1547 952 1626 1006 ita
1643 952 1819 1007 etiam
1847 951 2049 1006 matri-

391 1043 660 1097 monium
693 1043 936 1114 propria
978 1059 1233 1098 munera
1288 1048 1345 1096 et
1397 1041 1751 1109 ministeria,
1785 1057 1917 1112 qum
1975 1040 2047 1095 ad

386 1132 706 1187 Dominum
739 1132 1062 1204 pertinent,
1099 1132 1380 1198 filiorum,
1415 1132 1682 1202 inquam,
1716 1148 1919 1187 curam
1945 1147 2044 1204 ge-

385 1238 518 1277 rere
551 1227 609 1277 et
638 1222 857 1276 uxoris.
886 1222 1055 1289 Quod
1086 1222 1246 1277 enim
1275 1222 1523 1277 honeste
1546 1225 1826 1277 causatur
1848 1220 1917 1285 is,
1943 1220 2043 1293 qui

386 1316 475 1367 est
504 1310 565 1366 in
598 1311 978 1366 matrimonio
1011 1312 1331 1383 perfectus,
1358 1317 1448 1367 est
1476 1312 1608 1383 conj
1622 1311 1738 1383 ugii
1771 1310 2043 1365 necessi-

383 1401 549 1465 tudo,
584 1406 649 1455 ut
678 1401 777 1472 qui
811 1401 1080 1457 omnium
1140 1418 1340 1457 curam
1397 1418 1464 1456 ac
1518 1400 1949 1473 providentiam
1982 1399 2043 1455 in

383 1490 563 1547 domo
594 1490 898 1546 communi
931 1490 1279 1546 ostenderit.
1318 1493 1400 1545 Ac
1440 1489 1710 1563 proinde,
1749 1510 1777 1540 ‹‹
1811 1489 2040 1562 episco-

382 1598 515 1654 pos,
566 1602 595 1630 »
650 1580 865 1651 inquit,
926 1586 1161 1653 Oportet
1218 1580 1525 1646 constitui,
1576 1579 1679 1651 qui
1737 1596 1806 1635 ex
1863 1579 2039 1635 domo

381 1670 625 1743 propria
654 1670 761 1725 toti
792 1687 1031 1741 quoque
1088 1669 1367 1726 Ecclesiae
1412 1687 1672 1744 praeesse
1725 1670 1847 1725 sint
1902 1686 2037 1725 me-

382 1761 575 1817 ditati.
635 1783 663 1811 «
700 1759 1119 1832 Unusquisque
1151 1782 1178 1810 »
1241 1777 1401 1833 ergo,
1463 1783 1491 1809 «

383 1851 559 1923 est(a)
580 1872 608 1901 »
626 1867 803 1921 opere
827 1850 1227 1905 ministerium
1250 1855 1583 1925 peragat,ut
1599 1850 1752 1905 liber
1774 1850 1835 1905 in
1855 1850 2042 1906 Chris-

379 1946 441 1996 to
474 1940 597 2012 fiat,
630 1944 689 1995 et
712 1938 975 1995 debitam
1027 1938 1361 1995 ministerio
1411 1957 1517 1996 suo
1570 1939 1912 1996 mercedem
1943 1956 2038 1997 ac-

380 2030 585 2103 cipiat.
616 2031 687 2085 Et
716 2046 923 2085 rursus
955 2028 1025 2085 de
1058 2029 1186 2103 lege
1234 2029 1559 2100 disserens,
1592 2035 1770 2086 utens
1814 2030 2039 2103 allego-

379 2119 517 2176 ria:
561 2141 589 2169 ‹‹
622 2120 769 2175 Nam
818 2135 948 2190 quae
1005 2120 1111 2174 sub
1144 2120 1266 2174 viro
1317 2124 1409 2175 est
1462 2119 1701 2188 mulier,
1735 2141 1763 2169 »
1823 2119 2039 2191 inquit,

382 2232 412 2261 «
445 2209 658 2264 viventi
682 2209 803 2263 viro
825 2208 1066 2282 alligata
1096 2215 1182 2264 est
1206 2209 1334 2283 lege
1357 2210 1461 2279 (ὸ).
1490 2232 1515 2259 ››
1547 2215 1748 2281 etquae
1775 2226 2037 2281 sequun-

384 2304 501 2354 tur.
526 2301 595 2354 Et
640 2315 882 2354 rursus:
921 2320 943 2350 α
979 2298 1192 2354 Multer
1228 2306 1319 2354 est
1369 2298 1631 2372 alligata,
1661 2299 1926 2371 quandiu
1955 2299 2041 2353 vi-

380 2390 464 2445 vit
488 2388 552 2452 ›ι‹
572 2389 659 2443 vir
688 2392 737 2459 ej
749 2406 817 2443 us
842 2406 856 2456 ;
890 2386 981 2444 sin
1004 2394 1203 2444 autem
1226 2395 1495 2445 mortuus
1516 2389 1715 2456 fuerit,
1739 2388 1928 2444 libera
1951 2393 2041 2444 est

375 2484 443 2536 ut
472 2479 678 2548 nubat,
704 2477 880 2534 modo
913 2479 975 2535 in
1003 2478 1274 2535 Domino.
1305 2481 1482 2535 Beata
1510 2484 1599 2534 est
1643 2485 1839 2534 autem
1870 2478 1916 2533 si
1950 2478 2035 2534 sic

370 2568 771 2644 permanserit
786 2585 917 2624 mea
932 2568 1175 2640 quidem
1192 2569 1584 2640 sententia(c).
1596 2592 1623 2619 ››
1639 2569 1750 2624 Sed
1766 2569 1825 2623 in
1840 2568 2035 2640 priore

373 2658 617 2731 quidem
670 2658 982 2731 particula,
1036 2681 1062 2709 «
1115 2658 1458 2715 lnortificati
1518 2659 1680 2727 estis,
1727 2680 1757 2709 ››
1816 2658 2032 2731 inquit,

374 2771 402 2801 «
426 2749 564 2822 legi,
590 2771 618 2797 »
641 2765 764 2804 non
785 2748 1186 2815 matrimonio,
1213 2771 1240 2799 «
1263 2753 1328 2804 ut
1350 2748 1700 2805 efﬁciamini
1721 2765 1820 2802 vos
1839 2748 2031 2809 alteri,

375 2838 476 2912 qui
499 2838 789 2895 excitatus
811 2843 901 2894 est
913 2855 983 2894 ex
1002 2839 1253 2894 mortuis
1266 2839 1402 2910 (d),»
1423 2854 1645 2911 sponsa
1658 2844 1717 2894 et
1736 2837 2029 2907 Ecclesiaf;

374 2945 552 3002 quam
585 2934 808 2985 castam
860 2945 988 2984 esse
1022 2933 1273 3001 oportet,
1300 2935 1359 2984 et
1388 2928 1459 2984 ab
1489 2929 1563 2984 iis
1586 2945 1717 3001 qua;
1769 2932 1910 2983 sunt
1938 2927 2033 2982 in-

371 3024 489 3083 tus,
512 3017 1134 3092 cogitationibus,qum
1165 3022 1306 3074 sunt
1328 3018 1641 3074 contrarias
1666 3016 1897 3073 veritati
1925 3034 1939 3085 ;
1975 3020 2033 3071 et

375 3109 448 3165 ab
479 3109 574 3175 iis,
608 3109 709 3181 qui
743 3112 977 3164 tentant
1006 3108 1399 3177 extrinsecus,
1432 3109 1545 3165 hoc
1574 3114 1664 3164 est
1694 3107 1765 3163 ab
1799 3107 1891 3173 iis,
1927 3106 2029 3178 qui

2158 948 2276 1023 γίας
2328 949 2421 1003 καὶ
2481 945 2780 1019 διακονίας,
2823 946 2904 1022 τῷ
2961 948 3150 1023 Κυρίῳ
3202 947 3562 1029 διαφερούσας
3615 953 3818 1008 τέκνων

2160 1035 2308 1113 λέγω
2366 1036 2626 1107 κῆδεσθαι
2681 1039 2771 1093 καὶ
2825 1038 3122 1114 γυναικός·
3181 1039 3451 1119 πρόφασις
3511 1041 3614 1118 γὰρ
3652 1086 3666 1111 ,
3740 1044 3817 1105 ὡς

2157 1124 2352 1200 ἔοικεν,
2386 1132 2464 1202 τῷ
2495 1129 2631 1183 κατὰ
2660 1128 2838 1203 γάμον
2871 1128 3066 1203 τελείῳ
3096 1131 3130 1201 ἢ
3161 1136 3261 1201 τῆς
3310 1131 3565 1208 συζυγίας
3614 1132 3815 1188 οἰκειό-

2154 1238 2255 1288 της
2279 1217 2505 1292 γίνεται,
2534 1219 2634 1287 τὴν
2666 1216 2926 1293 πρόνοιαν
2960 1219 3170 1275 πάντων
3217 1218 3655 1298 ἀναδεδειγμένφ
3701 1223 3819 1297 (53)

2152 1307 2286 1362 κατὰ
2314 1308 2404 1361 τὸν
2438 1307 2586 1362 οἶκον
2612 1307 2703 1363 τὸν
2735 1309 2941 1363 κοινόν·
2994 1308 3185 1365 αὐτίκα
3244 1310 3430 1389 φησίν.
3499 1335 3523 1366 α
3560 1310 3788 1369 Ἐπισκό
3809 1344 3830 1357 ο

2150 1416 2287 1458 πους
2318 1400 2427 1469 (54)
2456 1420 2482 1448 n
2519 1393 2600 1451 δεῖ
2628 1396 2979 1461 καθίστασθαι
3027 1396 3155 1461 τοὺς
3186 1396 3246 1453 ἐκ
3299 1402 3399 1454 τοῦ
3455 1396 3596 1455 ἰδίου
3655 1397 3814 1455 οἷ’κου

2150 1485 2241 1541 καὶ
2323 1493 2423 1557 τῆς
2491 1486 2822 1557 Ἐκκλησίας
2906 1488 3119 1558 ἁπάσης
3203 1485 3562 1563 προΐστασθαι
3649 1488 3815 1562 μελε-

2148 1575 2436 1646 τήσαντας.
2474 1598 2501 1626 (ι
2532 1577 2796 1637 Ἕκαστος
2829 1576 2938 1649 (55)
2975 1600 2996 1626 ι
3034 1577 3124 1630 οὖν
3152 1600 3178 1627 ‹‹
3208 1575 3259 1631 ἐν
3290 1576 3336 1651 ᾧ
3367 1575 3576 1649 ἐκλήθη
3615 1603 3636 1629 ι
3672 1573 3815 1655 ἔργῳ

2146 1665 2247 1734 τήν
2295 1662 2573 1719 διακονίαν
2632 1662 2943 1734 έκτελείτω,
2993 1663 3086 1720 ἳνα
3141 1664 3430 1742 ἐλεύθερος
3481 1665 3534 1723 έν
3589 1672 3818 1745 Χριστῷ

1534 1760 1595 1815 in
1628 1776 1746 1831 quo
1797 1764 2033 1815 vocatus

2154 1757 2415 1833 γένηται,
2472 1758 2563 1813 τὸν
2626 1756 2827 1813 οἶκεῖον
2904 1764 3005 1828 τῆς
3065 1755 3342 1822 διακονίας
3399 1756 3818 1834 ἀπολαμϐάνων

2257 1846 2317 1863 ,η
2400 1844 2509 1863 πη
2728 1847 2754 1863 ν
2935 1846 2950 1863 .
3077 1851 3102 1862 -
3202 1847 3214 1863 .
3392 1845 3417 1863 κ
3481 1847 3501 1863 ς
3601 1848 3612 1863 .

2155 1846 2365 1921 μισθόν.
2400 1844 2575 1902 Πάλιν
2602 1868 2658 1901 τε
2690 1847 2776 1920 αὖ,
2829 1846 2952 1924 περὶ
3010 1851 3107 1903 τοῦ
3156 1847 3331 1922 νόμου
3390 1845 3810 1926 διαλεγόμενος,

2149 1934 2467 2015 ἀλληγορία
2515 1936 2827 2013 χρώμενος·
2881 1962 2909 1989 ί(
2969 1937 3034 1995 Ἡ
3096 1936 3198 2014 γὰρ
3260 1935 3529 2016 ὕπανδρος
3581 1939 3745 2015 γυνὴ,
3779 1962 3810 1991 ››

2150 2026 2308 2104 φησὶ,
2342 2050 2370 2077 ‹‹
2401 2029 2479 2100 τῷ
2511 2030 2670 2095 ζῶντι
2698 2023 2853 2101 ἀνδρὶ
2886 2022 3094 2082 δέδεται
3142 2026 3322 2101 νόμῳ,
3357 2051 3385 2081 ››
3442 2026 3529 2084 καῖ
3560 2029 3627 2083 τὰ
3656 2029 3811 2102 ἑξῆς·

2151 2116 2304 2181 αὖθίς
2332 2136 2408 2173 τε·
2444 2141 2471 2169 «
2501 2122 2569 2175 Ἡ
2595 2118 2727 2194 γυνή
2762 2114 2972 2173 δέδεται
3006 2116 3087 2198 ἐφ’
3119 2117 3242 2175 ὅσον
3275 2123 3340 2195 ζῇ
3384 2120 3591 2197 χρόνον
3638 2123 3757 2196 (56)
3789 2121 3818 2177 6

2147 2205 2286 2281 ἀνὴρ
2317 2206 2504 2277 αὐτῆς·
2546 2205 2635 2263 ἐὰν
2692 2204 2751 2262 δὲ
2809 2208 3075 2283 ἀποθάνῃ,
3130 2207 3388 2285 ἐλευθέρα
3446 2208 3593 2266 ἐστὶν
3651 2231 3810 2286 γαμη

2149 2302 2331 2366 θῆναι,
2380 2297 2547 2369 μόνον
2602 2295 2653 2352 ἐν
2716 2297 2917 2372 Κυρίῳ.
2975 2297 3232 2373 Μακαρία
3289 2296 3346 2354 δέ
3402 2296 3687 2366 ἐστιν,έὰν
3718 2299 3815 2355 οὕ-

2145 2406 2253 2449 τως
2287 2390 2400 2460 (57)
2434 2385 2615 2462 μείνῃ,
2647 2386 2784 2441 κατά
2820 2388 2919 2457 τὴν
2968 2386 3106 2460 ἐμὴν
3156 2389 3408 2465 γνώμην.
3445 2411 3473 2440 »
3522 2385 3682 2445 Ἀλλ’
3727 2388 3816 2445 ἐπ’

2151 2476 2245 2549 μὲν
2304 2482 2404 2546 τῆς
2457 2474 2727 2552 προτέρας
2780 2478 3109 2552 περικοπῆς,
3171 2502 3198 2529 ‹‹
3249 2476 3665 2545 Ἐθανατώθητε
3697 2519 3711 2544 ,
3778 2501 3805 2529 η

2147 2566 2305 2644 φησὶ,
2340 2590 2363 2620 (ι
2396 2570 2477 2640 τῷ
2506 2565 2683 2640 νόμῳ,
2722 2590 2748 2617 ››
2781 2566 2845 2622 οὐ
2876 2570 2954 2640 τῷ
2995 2566 3180 2643 γάμῳ,
3244 2591 3272 2619 ‹(
3306 2567 3381 2631 εἰς
3440 2567 3503 2623 τὸ
3560 2568 3808 2644 γενέσθαι

2150 2658 2291 2730 ὑμᾶς
2320 2655 2511 2733 ἑτέρῳ,
2550 2662 2629 2730 τῷ
2667 2657 2727 2712 ἐκ
2780 2662 2984 2733 νεκρῶν
3037 2654 3331 2734 ὅγερθὲντι,
3369 2684 3395 2710 »ι
3445 2657 3667 2734 νύμφην
3715 2661 3810 2716 καὶ

2146 2746 2494 2818 Ἐκκλησίαν·
2528 2748 2594 2819 ἢν
2628 2747 2798 2823 ἁγνὴν
2832 2750 2967 2803 εἶναι
3016 2745 3099 2803 δεῖ
3126 2752 3233 2803 τῶν
3282 2769 3341 2804 τε
3387 2743 3538 2804 ἔνδον
3585 2747 3809 2805 ἐννοιῶν

2141 2841 2250 2892 τῶν
2284 2836 2531 2891 ἐναντίων
2562 2839 2632 2911 τῇ
2655 2833 2911 2911 ἀληθείᾳ,
2944 2841 3049 2893 τῶν
3077 2859 3136 2894 τε
3165 2831 3358 2912 ἔξωθεν
3408 2834 3805 2912 πειραζόντων,

2139 2926 2384 2983 τουτέστι
2434 2927 2668 2989 τῶντὰς
2727 2928 2960 3003 αἱρέσεις
3022 2928 3316 3002 μετιόντων
3377 2927 3466 2984 καὶ
3524 2928 3809 3003 πορνεύειν

2140 3014 2374 3072 ἀπὸτοῦ
2436 3017 2553 3080 ἑνὸς
2608 3013 2805 3091 ἀνδρὸς
2861 3015 3284 3089 ἀναπειθόντων,
3341 3023 3438 3073 τοῦ
3495 3017 3803 3095 παντοκρά-

2138 3125 2300 3180 τορος
2334 3109 2488 3159 Θεοῦ·
2550 3131 2577 3158 ‹‹
2611 3108 2724 3164 Ἵνα
2783 3106 2861 3181 μὴ
2920 3108 3059 3182 (58),
3117 3108 3191 3171 ὡς
3225 3101 3406 3188 ὁὸφις
3467 3107 3803 3183 ἐξηπάτησεν

371 3203 680 3257 sectantur
700 3198 979 3267 haareses,
1006 3204 1065 3254 et
1079 3198 1445 3272 persuadent
1461 3199 1625 3255 vobis
1651 3196 1933 3253 fornicari
1954 3195 2027 3251 ab

2154 3174 2307 3264 Είίαν,
2347 3220 2366 3245 ι
2404 3196 2505 3265 τήν
2528 3174 2832 3273 λεγομένην
2863 3220 2890 3249 ‹‹
3093 3199 3229 3272 (59),
3266 3225 3288 3253 ι
3329 3174 3436 3254 ’καί
3484 3174 3649 3272 ημεῖς
3696 3174 3805 3254 υπὸ

370 3306 494 3348 uno
522 3289 665 3359 viro,
725 3306 939 3364 nempe
999 3289 1401 3363 omnipotenti
1455 3291 1623 3347 Deo:
1677 3313 1705 3341 «
1740 3290 1819 3345 Ne
1881 3285 2034 3342 sicut

2140 3290 2239 3356 τῆς
2272 3284 2408 3340 κατᾶ
2449 3287 2546 3349 τὰς
2608 3286 2838 3362 αἱρέσεις
2898 3284 3098 3364 λίχνου
3155 3287 3490 3365 πανουργίας
3546 3282 3807 3349 παραϐὧο

442 3390 520 3460 (a)
551 3390 576 3444 Ι
605 3390 739 3445 Cor.
780 3406 874 3457 vn,
908 3393 997 3446 24.
1032 3391 1106 3464 (b)
1136 3392 1305 3450 Rom.
1340 3408 1441 3459 vn,
1474 3394 1527 3447 2.
1559 3392 1622 3457 ᾧ
1651 3392 1715 3448 Ρ.
1748 3393 1852 3446 547
1883 3392 1996 3447 ED.
2030 3392 2033 3445 ζ

2154 3390 2326 3457 .‘TER,
2362 3387 2484 3456 459,
2513 3390 2618 3443 460
2662 3390 2775 3445 ED.
2808 3390 2851 3445 P
2872 3390 3055 3446 ARIS.
3105 3389 3177 3462 (ε)
3208 3390 3234 3444 I
3264 3392 3398 3445 Cor.
3456 3405 3553 3453 vn,
3587 3387 3678 3458 39,
3707 3390 3803 3445 40.

374 3462 432 3534 d)
466 3464 634 3517 Rom.
662 3478 754 3526 vn,
779 3464 832 3519 4.

447 3561 555 3630 (52)
582 3556 648 3615 Εἰ
683 3554 741 3612 8‘s
772 3558 969 3631 ὕπερο.
1001 3560 1152 3625 Quid
1184 3561 1296 3616 sibi
1327 3558 1513 3616 voluit
1557 3559 1855 3631 interpres
1909 3560 2035 3615 hmo

372 3639 631 3705 vertens,
664 3631 833 3705 haud
854 3630 1027 3705 facile
1070 3632 1321 3705 intelligi
1371 3637 1585 3705 potest.
1619 3630 1757 3705 Mihi
1805 3630 2038 3687 videtur

421 3709 516 3758 ost
542 3702 641 3776 τὴν
676 3698 876 3776 ἐλπίδα
904 3703 1132 3774 aliquid
1164 3698 1511 3776 hujusmodi
1546 3703 1861 3776 excidisse,
1896 3720 2035 3776 «ne

421 3721 516 3758 OSI.
542 3722 641 3767 την
676 3721 876 3755 εΛπιοα
904 3721 1132 3774 aliquid
1164 3721 1511 3776 nujusmoai
1546 3721 1861 3770 exemisse,
1896 3726 1923 3751 «
1959 3721 2035 3758 ne

376 3721 747 3846 Sespondeat
775 3775 1043 3830 animum
1080 3792 1092 3841 ;
1134 3798 1161 3823 »
1210 3783 1277 3829 ut
1306 3791 1518 3831 sensus
1567 3775 1679 3829 sit:
1726 3797 1752 3825 ‹‹
1788 3775 1957 3840 Quod
1985 3775 2037 3830 si

378 3862 518 3920 eam
563 3851 970 3920 transgressus
1024 3846 1313 3920 regulam,
1354 3847 1920 3920 qua_constituerat
1962 3846 2036 3902 ad

374 3918 625 3993 gloriam
656 3917 934 3993 grassari,
958 3936 993 3974 a
1013 3917 1181 3975 tanta
1210 3937 1314 3991 spe
1345 3917 1649 3993 exciderit.
1684 3941 1717 3993 »_
1735 3936 1811 3974 ne
1835 3925 2036 3993 tamen

378 3990 645 4048 animum
664 3990 1040 4062 despondeat
1064 4009 1076 4045 :
1104 4016 1119 4039 -
1154 3990 1291 4047 nam
1323 3990 1829 4063 quemadmodum
1858 3991 2031 4047 casti-

375 4063 504 4132 tati,
539 4063 623 4119 sic
651 4063 826 4118 etiam
858 4064 1240 4119 matrimonio
1273 4081 1378 4119 sua
1401 4070 1541 4118 sunt
1567 4080 1819 4119 munera
1836 4080 1903 4119 ac
1923 4063 2035 4119 mi-

376 4135 626 4209 nisteria
673 4136 924 4192 Domino
976 4142 1273 4209 pergrata,
1333 4135 1673 4209 liberorum
1719 4135 1950 4209 scilicet
1979 4140 2037 4190 et

379 4208 582 4264 uxoris
623 4224 786 4264 cura.
819 4210 963 4264 Nam
981 4207 1073 4271 ’ei,
1094 4207 1207 4280 _qui
1240 4209 1302 4263 in
1332 4207 1715 4264 matrimonio
1775 4207 2035 4279 perfecte

369 4280 528 4353 vivit,
548 4280 690 4353 ipsa
719 4280 1096 4353 necessitudo
1127 4279 1389 4353 conjugii
1422 4279 1652 4353 videtur
1682 4297 1812 4335 esse
1862 4296 2033 4335 occa-

374 4352 462 4409 sio
480 4351 885 4419 ministrandi,
909 4352 1051 4409 dum
1076 4351 1369 4413 omnium,
1394 4369 1525 4422 qum
1557 4352 1629 4407 ad
1651 4367 2032 4406 communem

369 4423 663 4497 familiam
697 4424 1019 4495 pertinent,
1055 4440 1531 4497 curaingerere
1560 4440 1621 4497 se
1649 4423 1928 4478 ostendit.
1965 4453 2033 4497 -_—-

374 4494 766 4567 Doctjssimus
796 4496 1150 4551 Oxoniensis
1201 4494 1393 4551 editor
1444 4495 1744 4551 existimat
1770 4501 1903 4567 post
1930 4494 2031 4561 τήν

374 4563 572 4620 ἐλπίδα
592 4566 821 4638 aliquid
841 4567 1189 4638 hujusmodi
1212 4567 1524 4631 excidisse,
1554 4587 1575 4614 ε
1598 4583 1673 4621 ne
1690 4563 1885 4623 tamen
1910 4568 2035 4622 ani-

378 4655 542 4712 mum
577 4638 966 4708 despondeat,
1002 4660 1028 4712 »ξ
1078 4640 1163 4695 ita
1191 4645 1258 4694 ut
1276 4639 1357 4712 is,
1391 4639 1493 4712 qui
1526 4645 1660 4712 post
1690 4646 2032 4712 susceptum
2064 4645 2109 4709 Β

378 4710 769 4783 continentiae
794 4710 1164 4783 propositum
1188 4710 1346 4766 cadit
1374 4710 1676 4767 redeundo
1700 4711 1774 4767 ad
1794 4712 1851 4766 id
1865 4710 2031 4783 quod

374 4781 722 4852 reliquerat.
756 4781 810 4837 is
840 4781 1071 4853 lapsum
1104 4799 1277 4837 suum
1308 4783 1419 4838 hac
1447 4784 1678 4840 ratione
1726 4781 2023 4839 consolari

371 4853 580 4927 possit,
617 4854 777 4927 quod
805 4858 872 4927 ut
900 4854 1290 4927 castitas,iita
1337 4856 1517 4911 etiam
1573 4856 2024 4911 matrimonium

372 4925 512 4999 suas
543 4925 761 4981 habeat
783 4925 1049 4999 virtutes.
1085 4926 1198 4981 Sed
1224 4926 1382 4999 quod
1412 4928 1509 4983 hic
1540 4927 1758 4983 dicitur
1794 4929 1867 4983 de
1898 4944 2025 4984 ma-

368 4997 635 5083 trimonii
657 4998 1002 5083 virtutibus,
1034 5014 1155 5081 non
1188 4997 1256 5083 eo
1287 5006 1533 5083 spectat,
1562 4999 1816 5083 utillius
1848 5016 2022 5083 usum

368 5075 640 5142 repetere
657 5069 835 5143 liceat
854 5070 947 5125 his
968 5070 1069 5141 qui
1088 5069 1503 5143 perfectiorem
1527 5076 1744 5143 statum
1765 5071 2025 5142 amplexi

370 5141 527 5225 sunt.
565 5144 706 5198 Nam
750 5142 987 5225 lapsum
1027 5141 1192 5199 vocat
1221 5144 1405 5225 hanc
1463 5141 1675 5225 agendi
1730 5141 2024 5225 rationem

369 5213 407 5287 S_
458 5212 752 5287 Clemens,
776 5212 973 5287 atque.
993 5215 1479 5287 utperstantibus
1496 5212 1559 5287 in
1584 5220 1859 5287 suscepta
1880 5232 2019 5271 con-

366 5285 622 5357 tinentia
646 5285 981 5342 uberiorem
1007 5285 1343 5342 mercedem
1366 5285 1680 5357 promittit,
1702 5286 1786 5341 ita
1810 5287 2021 5342 caden-

368 5356 529 5412 tibus
559 5359 936 5421 gravissimas
981 5359 1174 5413 minas
1232 5356 1504 5413 intentat.
1560 5357 1751 5421 Quare
1807 5360 2022 5415 vulnus

368 5374 529 5412 unus
559 5374 936 5483 gravissumas
981 5374 1174 5413 minas
1232 5374 1504 5413 intentat.
1560 5374 1751 5421 uuare
1807 5374 2022 5415 vulnus

364 5428 546 5513 bujus
571 5430 1054 5513 ._eci_s_anabi‘tur,
1086 5430 1134 5484 si
1176 5430 1462 5513 legamus,
1495 5430 1611 5513 πῷς
1662 5430 1762 5513 τὴν
1797 5427 2023 5513 ,ἐλπίδα

359 5494 485 5573 ἓχᾶι
522 5518 535 5567 ;
567 5500 719 5575 illud
750 5499 872 5575 ἔχοι
920 5500 1094 5575 facile
1121 5494 1394 5575 excidere
1428 5500 1621 5575 potuit
1648 5501 1721 5555 ob
1763 5501 2021 5559 similem

361 5568 570 5656 vocem
593 5568 733 5647 ἕχει,
767 5568 899 5656 (fuse
916 5572 1183 5656 proxime
1215 5568 1502 5656 sequitur.
1523 5573 1640 5656 .Sic‘
1661 5588 1798 5643 ergo
1830 5579 2019 5656 totum

363 5591 563 5627 vocem
596 5591 733 5647 εχει,
767 5591 899 5656 quae
916 5591 1183 5644 pI‘Olee
1215 5591 1278 5629 se
1328 5591 1502 5627 uitur.
1538 5591 1629 5627 Sic
1661 5591 1798 5643 ergo
1830 5591 2018 5630 torum

363 5641 525 5716 hunc
553 5642 751 5716 locum
782 5650 1179 5716 interpretor:
1234 5667 1258 5692 ‹‹
1284 5591 1457 5709 (Quod
1489 5644 1537 5699 si
1567 5644 1745 5699 vitam
1780 5645 1851 5699 ad
1882 5662 2018 5716 per-

362 5711 577 5789 f_ectius
599 5713 911 5789 intendere
945 5711 1247 5789 ‘potuerit,
1276 5715 1471 5789 majus
1530 5717 1810 5772 meritum
1860 5711 2016 5789 apud

363 5781 552 5841 Deum
582 5784 695 5840 sibi
724 5786 855 5859 ipse
885 5781 1255 5861 comparabit
1273 5781 1643 5844 observatam
1662 5805 1811 5863 pure
1833 5781 2015 5846 et'ra-

2142 3558 2293 3614 tioni
2322 3562 2722 3630 consentanee
2753 3558 3205 3615 continentiam.
3245 3557 3357 3615 Sed
3388 3558 3438 3630 si
3486 3561 3807 3630 postquam

2145 3629 2544 3703 transcendit,
2569 3631 2817 3701 majoris
2848 3631 3049 3703 gloriae
3099 3647 3279 3688 causa
3312 3674 3326 3699 ,
3359 3629 3804 3703 electumwvitaa

2144 3718 2352 3784 genus.
2387 3700 2688 3784 ceciderit,
2722 3700 3019 3784 quomodo
3048 3720 3218 3784 spem
3262 3700 3561 3784 habebit?
3599 3701 3810 3784 .Habet

2148 3773 2332 3846 enim,
2366 3777 2432 3826 ut
2460 3773 2828 3833 castitas.ita
2853 3781 2911 3830 et
2940 3773 3390 3832 matrimonium
3411 3773 3654 3846 propria
3668 3789 3811 3845 per-

2143 3844 2484 3919 functiones
2508 3852 2566 3898 et
2592 3846 2949 3919 ministeria.
2973 3865 3105 3919 quae
3128 3847 3379 3904 Domino
3396 3844 3749 3919 probantur.
3776 3867 3806 3894 ››

2146 3919 2321 3991 Spem
2352 3916 2546 3972 aufert
2568 3917 2925 3991 cadentibus
2958 3961 2971 3983 ,
2991 3916 3269 3991 quandiu
3301 3916 3530 3974 scilicet
3549 3917 3631 3991 _ad
3662 3934 3806 3989 pro-

2145 3990 2391 4061 missam
2421 3990 2853 4061 continentiam
2903 3989 3041 4046 noni
3056 3990 3374 4059 redibunt;
3407 3989 3566 4061 quod
3598 3995 3804 4061 autem

2143 4062 2314 4118 addit
2340 4060 2427 4134 de,
2446 4060 2846 4118 laudabilibus
2862 4063 3229 4118 matrimonii
3260 4060 3805 4134 perl‘unctionibus,

2147 4151 2215 4191 eo
2237 4131 2553 4190 manifeste
2575 4140 2820 4207 spectat.
2837 4142 2905 4191 ut
2921 4136 3021 4207 qui
3043 4136 3205 4191 hunc
3224 4131 3443 4191 statum
3468 4134 3805 4207 elegerunt,

2144 4223 2266 4262 non
2293 4211 2517 4260 temere
2542 4206 2615 4262 ad
2646 4206 3062 4278 perfectiorem
3086 4211 3517 4278 transcurrant.
3547 4207 3684 4262 Haec
3729 4206 3801 4261 D.

2143 4281 2405 4352 Maranus
2426 4278 2487 4333 in
2510 4277 2664 4352 notis
2681 4279 2755 4334 ad
2781 4280 3156 4352 Athenagora
3180 4277 3492 4352 Legationis
3518 4294 3674 4333 num.
3710 4278 3801 4333 33.

2151 4350 2288 4406 Vide
2323 4349 2709 4421 Patr._Gra963
2747 4358 2788 4406 ί.
2830 4352 2922 4421 VI,
2947 4349 3050 4408 col.
3086 4354 3207 4407 965.
3242 4349 3397 4421 Enlr.

2358 4418 2824 4503 ’Ava8:§st7_pé3cp
2910 4417 3207 4503 YelAforte
3238 4417 3644 4503 ἀναδεδεγμένιρ
3676 4462 3691 4489 ,
3716 4419 3801 4503 ἑὼ

2143 4488 2505 4567 ᾁναδέχομαι.
2545 4488 2823 4550 Sic-infra
2851 4512 2909 4567 p.
2944 4499 3067 4558 552,
3110 4512 3217 4567 pro
3276 4492 3377 4567 οὐκ
3403 4488 3541 4567 ἦσρξν
3600 4488 3801 4567 ἀποδε-

2142 4562 2426 4693 ξεξγμέὶὲαι
2454 4571 2706 4638 γυναῖκες
2738 4586 2817 4633 κ.,
2853 4562 3261 4624 “εοτὶὺεηὶὶιιω
3308 4564 3409 4622 οὐκ
3464 4563 3601 4634 ἦσαν
3660 4563 3797 4620 duo-

2177 4654 2342 4693 εοεγυ.
2372 4658 2457 4691 ναι
2484 4658 2536 4693 γ.
2569 4658 2622 4693 κ.

2177 4654 2457 4693 εοεγμεναι
2484 4658 2536 4693 γ.
2569 4658 2622 4693 κ.

2213 4658 2295 4711 οεγ
2345 4658 2457 4692 εναι
2484 4658 2536 4712 γ.
2569 4658 2622 4693 κ.

2213 4661 2342 4781 (54)
2380 4708 2741 4769 Ἐπισκόπούς
2778 4750 2792 4763 .
2849 4710 3116 4781 Respicit
3169 4711 3194 4765 Ι
3244 4710 3370 4767 Tim
3405 4749 3417 4764 .
3468 4725 3569 4779 ru,
3627 4711 3681 4780 4,
3740 4711 3797 4766 5.

2139 4782 2371 4840 Similia
2401 4783 2546 4837 dicit
2575 4782 2749 4843 infra,
2781 4797 2912 4853 pag.
2950 4784 3071 4836 472.

2211 4856 2325 4927 (ᾗῇ)
2354 4855 2637 4927 Ἕκαστος.
2667 4854 2932 4927 _Respicit
2964 4854 2983 4909 Ι
3016 4856 3145 4927 _Cor.
3198 4872 3301 4927 v._1,
3356 4856 3425 4909 24
3455 4869 3468 4907 :
3498 4857 3798 4927 _"Exao'roc

2140 4924 2191 4980 ἐν
2299 4922 2534 5001 ἐκλήθη.
2568 4922 2820 5001 ᾇδελ-φοῖ,
2853 4922 3114 5001 ἐν’-τούτῳ
3145 4922 3352 5001 μενέτω
3374 4922 3525 5001 παρὰ
3548 4927 3630 5001 τῷ
3653 4923 3795 5001 Quir

2141 4993 2276 5054 etv.
2316 5002 2385 5054 22
2410 4993 2517 5073 fit.)
2545 4999 2645 5073 γὰρ
2671 4995 2746 5073 ’ἰν
2793 4995 2976 5073 Κυρίῳ
3031 4993 3260 5068 κληθεὶς
3309 4993 3514 5060 δοῦλος
3562 4993 3799 5052 ἀπελεῦ-

2140 5080 2296 5139 θερος
2332 5070 2537 5133 Κυρίου
2560 5068 2732 5139 έστίν.

2210 5143 2325 5217 (56)
2370 5142 2440 5217 ἹῙ-
2489 5142 2639 5217 γυνή
2668 5137 2874 5217 δέδεται
2909 5137 3018 5217 ’ἐφ’
3050 5138 3180 5217 ὅσον
3220 5143 3299 5217 ,ζῇ
3358 5138 3580 5217 χρόνον,
3649 5141 3794 5209 Γυνή

2141 5208 2353 5304 sane:
2380 5208 2536 5287 νάμψ
2562 5214 2646 5304 ἐτ’
2667 5208 3027 5304 saxea:
3046 5215 3181 5304 CM
3202 5208 3329 5304 cs'r-
3360 5208 3748 5304 mana:st
3779 5208 3794 5279 έ

2139 5285 2262 5342 »Εὰν
2382 5281 2631 5363 κοιμηθῇ
2665 5287 2693 5341 ὁ
2721 5281 2866 5361 ἆνῆρ
2889 5281 3097 5355 αὐτῆς,
3116 5284 3371 5360 ἐλευθέρα
3399 5282 3542 5338 ἐστὶν
3565 5281 3613 5354 ᾧ
3644 5281 3794 5347 θέλει

2139 5378 2283 5412 vam.
2325 5378 2465 5412 πναι.

2170 5378 2465 5425 σμηυηναι.

2134 5379 2465 5432 γαμηυηναι.

2206 5433 2321 5502 (57)
2356 5430 2680 5505 Μακαρία...
2709 5427 2905 5505 οὕτως.
2939 5429 3411 5505 Μγακαριωτὲρα...
3444 5425 3621 5505 οὕτωΣ
3643 5426 3793 5505 ibid.

2353 5504 2467 5560 Ἵνα
2498 5496 2612 5597 μὴ.ι
2653 5502 2930 5597 Ρθερξείι
2956 5496 3192 5597 nvom;
3254 5496 3334 5569 in,
3365 5503 3437 5597 Eli;
3492 5496 3795 5597 ροϐοξμαι

2135 5568 2193 5660 δξ
2213 5568 2449 5660 μήπως,
2483 5568 2618 5660 (ἒςὸ
2650 5568 2957 5660 δεξις’ὲ·.ὕαν
3004 5572 3343 5660 ἐξηπάτησεν
3372 5570 3434 5660 ἐν.
3453 5574 3521 5645 τῇ
3546 5568 3796 5660 ἱκανουρ-

2176 5644 2604 5723 ία⁷αὐτοῦ,ίοῦτω
2635 5644 2962 5723 ,φ’θαρῇίτά
3013 5647 3263 5723 νοήματα
3323 5644 3507 5717 ὑμῶνί
3535 5645 3642 5702 ἀπὸ
3689 5644 3800 5708 τῆς

2167 5716 2574 5793 πλότητοςντῆς
2606 5716 2805 5793 είς-τὸν
2837 5720 3091 5793 Χριστόν.

2205 5787 2725 5865 (59)'Zw1§v.(}onf.
2758 5787 3033 5865 superius
3062 5807 3197 5868 pag.
3242 5792 3347 5853 463
3400 5788 3545 5850 odit.
3591 5787 3787 5849 Paris.
