4144 6410
368 352 510 414 1181

1709 355 2158 417 ΒΤΒΟΠΔἸἮΗ
2203 358 2338 414 LIB.
2378 361 2482 414 III.

3661 352 3806 411 1182

369 480 465 556 μὶν
495 478 592 544 τὰς
638 477 888 544 ἕντολάς.
920 480 986 539 Ἦ
1043 475 1272 556 δευτέρα
1327 476 1388 537 δὲ
1441 482 1717 556 περικοπή
1792 502 2028 558 μονογα-

2148 501 2396 557 serpens
2417 482 2841 556 decepitEvam
2862 482 2964 554 (a),
2984 504 3013 532 »
3040 496 3174 553 quas
3203 499 3225 531 ι
3252 480 3413 538 vita»
3431 480 3670 548 dicitur,
3689 498 3799 538 nos

371 572 499 645 μίαν
534 570 779 643 ’ίστησινο
843 571 905 626 οὗ
965 571 1095 646 γάρ,
1158 571 1233 633 ὥς
1280 592 1421 633 τινες
1479 570 1837 647 ἐξηγήσαντο,
1887 570 2031 628 δὲσιν

368 661 629 735 γυναικὸς
675 661 812 736 πρὸς
874 657 1047 737 ἄνδρα
1100 661 1202 730 τήν
1251 660 1447 736 σαρκὸς
1503 661 1642 737 πρὸς
1696 662 1796 731 τὴν
1827 662 2031 736 φθορὰν

368 748 679 818 ἐπιπλοκὴν
741 748 1046 823 μηνύεσθαι
1108 749 1510 820 ὑποτοπητὲον·
1563 755 1674 806 τῶν
1721 752 1825 828 γὰρ
1881 749 2032 807 ἄντι-

366 859 499 916 κρυς
531 833 780 912 διαϐόλῳ
800 838 1226 907 προσαπτόντων
1286 840 1386 909 τὴν
1438 844 1538 894 τοῦ
1590 839 1773 915 γάμου
1830 839 2035 916 εὕρεσιν

369 928 540 993 ἀθέων
573 927 876 1004 ἀνθρώπων
902 925 1148 1003 ἇπίνυοιαν
1201 932 1503 1002 κατηγορεῖ
1553 929 1643 982 καὶ
1684 931 1799 1004 (60)
1846 927 2036 985 κινδυ-

366 1017 503 1074 νεύει
540 1017 994 1095 βλασφημεῖσθαι
1028 1018 1056 1073 6
1077 1018 1405 1091 νομοθέτης.
1440 1018 1711 1075 Τατιανὸν
1755 1019 1909 1093 οἶμαι
1940 1021 2030 1076 τὸν

370 1106 545 1181 Σύρον
567 1109 634 1163 τά
659 1110 887 1162 τοιαῦτα
932 1105 1149 1180 τολμᾷν
1213 1103 1587 1182 δογματίζειν.
1640 1109 1840 1185 Γράφει
1898 1109 2032 1185 γοῦν

364 1197 504 1252 κατά
533 1195 676 1268 Αέξιν
723 1196 775 1252 ἐν
830 1201 909 1268 τῷ
961 1196 1089 1269 Περὶ
1138 1200 1235 1251 τοῦ
1293 1197 1430 1252 κατά
1476 1198 1568 1253 τὸν
1631 1202 1867 1273 Σωτῆρα
1918 1219 2027 1254 κα-

362 1289 685 1362 ταρτισμοῦ·
719 1284 1051 1363 Συμφωνίαν
1112 1286 1227 1359 (61)
1289 1285 1383 1359 μὲν
1444 1284 1536 1341 οὗν
1598 1286 1827 1361 ἁρμόζει
1858 1307 2035 1360 προσ-

363 1378 527 1452 ευχῇ⁶
586 1375 848 1431 κοινωνία
898 1371 958 1430 δὲ
1007 1379 1215 1452 φθορᾶς
1265 1373 1386 1430 λύει
1437 1376 1539 1444 τήν
1595 1372 1827 1450 ἔντευξιν
1886 1381 2028 1450 (62).

364 1463 512 1520 Πάνυ
543 1468 676 1540 γοῦν
730 1462 1132 1534 δυσωπητικῶς
1165 1460 1258 1519 διὰ
1310 1466 1410 1533 τῆς
1468 1467 1881 1542 συγχωρήσεως
1911 1465 2031 1540 εἴρ-

363 1573 472 1630 γει·
504 1552 670 1609 πάλιν
697 1554 804 1629 γὰρ
867 1577 895 1605 ‹‹
945 1551 1035 1608 ἐπὶ
1092 1553 1259 1609 ταύτὸ
1320 1577 1348 1604 ιι
1406 1556 1773 1630 συγχωρήσας
1807 1580 1836 1608 ‹‹
1866 1555 2031 1632 γενὲ-

365 1644 486 1700 σθαι
519 1639 718 1698 διὰτὸν
752 1648 981 1698 σατανᾶν
1031 1641 1123 1698 καὶ
1175 1643 1277 1711 τήν
1335 1642 1619 1718 ἀκρασίαν,
1680 1667 1709 1697 ››
1769 1645 1862 1701 τὸν
1910 1666 2034 1701 πει-

367 1732 705 1804 σθησόμενον
732 1753 761 1785 ιι
792 1729 914 1788 δυσὶ
942 1731 1159 1809 κυρίοις
1194 1730 1419 1805 μέλλειν
1444 1729 1725 1789 δουλεύειν
1763 1758 1785 1786 ι
1821 1734 2033 1814 ἀπεφή-

2147 591 2385 646 quoque
2405 574 2630 630 inducti
2654 573 2887 631 callidis
2910 573 3229 628 haeresium
3256 572 3577 637 illecebris,
3604 577 3802 627 trans-

2145 664 2485 738 grediamur
2547 664 2846 720 mandata.
2905 663 3177 719 Secunda
3250 668 3448 718 autem
3507 660 3802 733 particula

2147 755 2353 810 statuit
2377 754 2816 827 monogamiam
2841 771 2854 808 :
2890 769 3010 809 non
3042 754 3224 820 enim,
3244 759 3310 807 ut
3329 751 3574 823 quidam
3597 750 3803 806 existi-

2146 849 2406 903 marunt.
2428 843 2697 898 mulieris
2716 859 2851 898 cum
2863 843 2984 897 viro
2998 842 3427 915 alligationem,
3450 841 3647 897 carnis
3658 857 3797 897 cum

2144 932 2389 991 interitu
2429 933 2882 996 connexionem,
2935 931 3256 1005 signiﬁcari
3303 931 3636 1003 putandum
3669 934 3796 986 est:

2145 1023 2467 1095 impiorum
2499 1022 2659 1077 enim
2689 1022 3023 1079 hominum.
3056 1021 3157 1093 qui
3190 1021 3558 1077 matrimonii
3592 1020 3798 1077 inven-

2143 1112 2370 1168 tionem
2400 1112 2637 1168 diabolo
2666 1118 2867 1185 aperte
2893 1111 3180 1180 tribuunt,
3213 1111 3558 1183 opinionem
3591 1127 3799 1182 repre-

2142 1202 2372 1268 hendit,
2406 1202 2564 1257 unde
2594 1202 2656 1257 in
2696 1202 3030 1274 periculum
3062 1202 3224 1256 venit
3252 1201 3556 1274 legislator
3584 1217 3659 1256 ne
3700 1201 3798 1256 in-

2143 1298 2410 1350 cessatur
2466 1291 2829 1349 maledictis.
2898 1291 3212 1347 Tatianum
3274 1291 3533 1347 arbitror
3582 1292 3797 1362 Syrum

2144 1381 2285 1438 talia
2313 1381 2533 1437 audere
2564 1382 2840 1454 dogmata
2871 1380 3129 1437 tradere.
3177 1381 3277 1436 His
3313 1380 3504 1438 verbis
3550 1380 3796 1451 quidem

2142 1476 2300 1527 certe
2333 1471 2540 1527 scribit
2568 1471 2630 1526 in
2662 1470 2817 1526 libro
2864 1473 2942 1526 De
2964 1469 3311 1542 perfectione
3336 1470 3635 1527 secundum
3658 1471 3796 1525 Ser-

2140 1568 2387 1618 vatorem
2415 1578 2428 1616 :
2454 1582 2482 1614 ιι
2502 1562 2873 1617 Consensum
2895 1560 3138 1631 quidem
3161 1560 3469 1633 conjungit
3500 1560 3754 1616 orationi
3781 1574 3796 1615 :

2143 1652 2484 1707 communio
2513 1657 2713 1709 autem
2741 1667 2846 1707 seu
2889 1650 3256 1721 conjunctio,
3306 1650 3584 1707 interitus
3624 1649 3800 1706 solvit

2142 1740 2712 1813 interpellationem.
2732 1740 3068 1799 Admodum
3081 1746 3239 1796 certe
3257 1740 3687 1810 circumspecte
3700 1756 3795 1794 ar-

365 1841 496 1915 νατο
522 1818 613 1876 διὰ
644 1821 740 1894 μὲν
773 1820 1094 1899 συμφωνίας
1145 1825 1288 1895 Θεῷ,
1336 1819 1456 1915 διᾶιΔ
1489 1819 1546 1877 δὶ
1600 1826 1704 1889 τῆς
1758 1824 2028 1903 ἀσυμφω-

2142 1836 2236 1887 cet
2266 1846 2375 1902 per
2404 1831 2878 1887 concessionem.
2912 1832 3058 1885 Nam
3096 1846 3232 1885 cum
3279 1845 3488 1885 rursus
3526 1828 3800 1900 permisit

365 1908 485 1973 νίας
515 1909 746 1985 ἀκρασίᾳ
774 1911 864 1965 καὶ
904 1909 1128 1986 πορνείᾳ
1187 1911 1278 1965 καὶ
1330 1905 1602 1985 διαϐόλῳ.
1662 1935 1690 1963 ››
1735 1915 1919 1970 Ταῦτα
1974 1911 2033 1970 δὲ

366 2019 526 2074 φησι,
558 2000 651 2055 τὸν
681 1997 1026 2056 Ἀπόστολον
1059 1998 1447 2077 ἐξηγούμενος.
1498 2001 1789 2080 Σοφίζεται
1822 2000 1881 2058 δὲ
1929 2003 2032 2072 τὴν

364 2086 650 2160 ἀλήθειαν,
694 2085 766 2145 δι’
825 2088 1070 2160 ἀληθοῦς
1125 2087 1323 2164 ψεῦδος
1371 2091 1805 2162 κατασκευάζων·
1866 2093 2032 2169 ἀκρα-

363 2175 482 2234 σίαν
528 2179 625 2252 μὶν
681 2180 786 2255 γὰρ
843 2178 936 2235 καὶ
1013 2178 1268 2251 πορνείαν
1347 2176 1646 2238 διαϐολικὰ
1692 2183 1827 2238 εἶναι
1882 2184 2029 2254 πάθη

362 2268 454 2325 καὶ
480 2273 645 2340 ἡμεῖς
674 2267 1084 2355 ὁμολογοῦμενο
1111 2272 1295 2348 γάμου
1355 2268 1413 2327 δὲ
1441 2276 1539 2327 τοῦ
1584 2273 1869 2352 σώφρονος
1932 2294 2029 2347 με·

310 2358 312 2361 ’
364 2356 565 2414 σιτεόει
596 2358 903 2433 συμφωνία,
934 2359 1023 2415 ἐπί
1050 2379 1110 2416 τε
1146 2361 1246 2431 τήν
1297 2360 1469 2437 εὖχήν
1500 2360 1777 2437 ἐγκρατῶς
1807 2361 2029 2437 ἄγουσα,

362 2448 453 2506 ἰπί
481 2470 541 2506 τε
567 2450 671 2519 τὴν
702 2447 1056 2506 παιδοποιίαν
1112 2452 1247 2525 μετά
1298 2451 1632 2525 σεμνότητος
1657 2453 2029 2531 νυμφεύουσα.

365 2544 572 2605 Γνῶσις
594 2543 726 2616 γοῦν
756 2539 847 2595 καὶ
898 2541 926 2595 6
982 2547 1084 2609 τῆς
1127 2537 1488 2605 παιδοποιίας
1515 2543 1707 2617 καιρὸς
1736 2541 1872 2613 πρὸς
1927 2549 2028 2610 τῆς

364 2634 583 2706 Γραφῆς
616 2627 853 2701 εἴρηται,
884 2625 1102 2684 ἐπειδὰν
1131 2632 1228 2703 φῇ’
1265 2653 1294 2682 «
1350 2631 1532 2703 ’Έγνω
1564 2627 1621 2685 δὲ
1681 2626 1860 2703 Ἀδὰμ
1887 2627 2026 2686 Εὕαν

363 2720 464 2790 τὴν
524 2724 759 2795 γυναῖκα
811 2717 998 2774 αὐτοῦ’
1084 2718 1175 2773 καὶ
1243 2714 1596 2774 συλλαϐοῦσα
1650 2713 1825 2775 ἔτεκεν
1886 2720 2024 2776 υἱόν·

363 2809 454 2865 καὶ
516 2808 841 2881 ἐπωνόμασε
891 2807 956 2864 τὸ
1043 2805 1220 2881 ὄνομα
1277 2806 1441 2863 αὐτοῦ
1514 2810 1653 2880 Σήθο
1714 2808 2030 2880 Ἐξανέστη-

366 2920 425 2957 es
455 2903 567 2973 (63)
597 2901 701 2976 γάρ
736 2920 831 2973 μοι
863 2900 893 2956 6
925 2899 1055 2963 Θεὸς
1088 2899 1306 2976 σπὲρμα
1342 2895 1529 2976 ἕτερον
1584 2898 1702 2957 ἀντὶ
1765 2895 1965 2959 νΑϐελ.
1999 2923 2028 2954 ››

364 2990 552 3065 Ὁρᾷς,
603 2989 680 3053 εἷς
731 2988 852 3046 τίνα
913 2989 1336 3069 βλασφημοῦσιν
1372 2990 1423 3045 οἳ
1476 2990 1877 3065 μυσαττόμενοι
1927 2991 2027 3060 τὴν

368 3080 625 3158 σώφρονα
656 3079 887 3156 σπορὰν,
918 3078 1009 3135 καὶ
1038 3084 1120 3153 τῷ
1177 3077 1424 3154 διαϐόλῳ
1481 3081 1885 3157 προσάπτεσθαι
1916 3084 2027 3155 (64)

360 3169 596 3246 γένεσιν·
630 3168 691 3224 οὐ
721 3169 822 3244 γὰρ
854 3169 982 3224 Θεὸν
1040 3167 1232 3233 ἁπλῶς
1282 3174 1576 3245 προσεῖπεν
1609 3170 1638 3225 ὁ
1675 3174 1743 3244 τῇ
1773 3175 1873 3226 τοῦ
1931 3170 2031 3245 ἀρ·-

366 3270 502 3336 θρου
556 3256 815 3334 προτάσει
869 3257 963 3313 τὸν
1023 3257 1440 3333 παντοκράτορα
1514 3256 1794 3330 δηλώσας.
1851 3261 1916 3315 ἹΙ
1973 3257 2032 3315 δὲ

368 3346 1112 3428 ἱπιφοράτοῦἊποσ-τόλου*
1179 3372 1207 3400 ‹‹
1269 3347 1373 3405 Καὶ
1431 3346 1601 3404 πάλιν
1662 3354 1776 3421 (65)
1822 3347 1912 3405 ἐπὶ
1967 3351 2031 3406 τὸ

364 3437 500 3495 αὐτὸ
528 3437 740 3515 γίνεσθε
769 3458 797 3491 ε
858 3433 951 3492 διὰ
1007 3438 1098 3492 τὸν
1158 3442 1419 3508 Σατανᾶν,
1484 3437 1658 3493 ἐκεῖνο
1713 3437 2031 3514 προανακό-

296 3516 319 3589 ί
364 3547 509 3596 nec,
546 3528 624 3600 μὴ
656 3524 735 3587 είς
766 3524 1059 3599 ἰπιθυμίας
1115 3525 1301 3602 ἑτέρας
1358 3524 1696 3603 ἐκτραπῆναι
1754 3544 1909 3584 ποτε’
1969 3527 2032 3584 οὗ

367 3617 474 3693 γὰρ
523 3615 888 3690 ἀποκρούεται
941 3613 1154 3688 τέλεον,
1215 3615 1311 3679 τὰς
1365 3623 1467 3687 τῆς
1535 3616 1746 3695 φύσεως
1831 3618 2035 3694 ὀρέξεις

369 3703 717 3776 δυσωποῦσα,
776 3707 812 3775 ἡ
871 3703 1205 3781 πρόσκαιρος
1265 3704 1583 3780 συμφωνία·
1612 3704 1683 3762 δι’
1731 3707 1799 3779 ἢν
1831 3708 2032 3786 εἰσάγει

362 3793 533 3852 πάλιν
558 3796 660 3865 τὴν
692 3793 942 3871 συζυγίαν
972 3798 1071 3849 τοῦ
1114 3795 1299 3870 γάμου
1357 3794 1458 3850 οὐκ
1512 3795 1593 3859 εἷς
1623 3796 1882 3871 ἀκρασίαν
1940 3799 2032 3853 καὶ

359 3887 618 3963 πορνείαν
649 3884 741 3941 καὶ
772 3885 838 3940 τὸ
891 3889 992 3941 τοῦ
1046 3880 1313 3941 διαϐόλου
1371 3879 1555 3962 ἔργον,
1590 3884 1718 3943 ἀλλ’
1749 3887 1901 3948 ’ὁπως
1953 3889 2031 3961 μὴ

363 3976 609 4051 ὑποπὲσῃ
667 3974 901 4046 ἀκρασίᾳ
943 3975 1032 4030 καὶ
1093 3976 1322 4049 πορνείᾳ
1375 3977 1465 4031 καὶ
1526 3971 1798 4049 διαϐόλῳ.
1853 3977 2033 4053 Χωρί-

362 4070 439 4136 ζει
470 4067 586 4137 (66)
617 4061 675 4119 δὲ
705 4063 795 4118 καὶ
842 4064 933 4118 τὸν
994 4061 1232 4118 παλαιὸν
1266 4061 1435 4139 ἄνδρα
1490 4065 1583 4120 καὶ
1640 4066 1702 4120 τὸ
1756 4066 1941 4121 καινὸν
2002 4067 2031 4121 6

431 4189 512 4257 (α)
538 4190 589 4244 II
618 4190 748 4245 Cor.
781 4205 860 4254 χι,
883 4188 1101 4263 3.Α(ζ›)ῌΙ
1130 4188 1262 4243 Cor.
1296 4205 1391 4257 vn,
1425 4192 1476 4244 5.
1511 4189 1580 4263 (c)
1610 4191 1813 4246 Matth.
1858 4208 1934 4261 v1,
1993 4192 2082 4247 24.

361 4262 454 4336 (d)
484 4265 625 4318 Gen.
660 4278 732 4329 IV,
756 4263 844 4315 25.
880 4260 961 4332 (ε)
990 4260 1010 4315 Ι
1044 4260 1176 4315 Cor.
1215 4277 1310 4330 vn,
1344 4263 1398 4315 5.

456 4388 545 4457 60)
579 4383 695 4439 Καί.
723 4385 929 4457 Melius
961 4385 1259 4455 legeretur
1287 4384 1356 4456 ᾧ,
1388 4385 1475 4441 vel
1502 4382 1645 4448 ὅθεν.
1673 4387 1889 4442 Lowrn.

456 4456 546 4531 61)
580 4456 936 4532 Συμφωνίαν.
959 4527 972 4532 _
999 4457 1132 4512 Haec
1183 4458 1666 4532 dixit__'l‘at_ianus
1708 4460 2025 4532 explicans

359 4532 386 4603 ξ
415 4526 545 4587 Cor.
579 4526 676 4603 νυ,
710 4526 740 4584 5
768 4547 780 4584 :
948 4527 1297 4603 ἀποστερεῖτε
1329 4527 1645 4603 ἀλλήλους,
1679 4527 1728 4583 εἷ’
1879 4550 1927 4582 τι

357 4599 748 4677 ἔκᾼσυμερώνου
777 4600 916 4677 πρὸς
946 4597 1164 4677 καιρδνξ
1185 4597 1279 4677 ’ίνα
1334 4597 1651 4677 σχολάζῃτε
1703 4597 2026 4677 τῇίνηστείᾳ

356 4673 448 4749 καὶ
478 4669 547 4749 τῇ
576 4669 887 4749 προσευχῆς
918 4671 1008 4725 καὶ
1039 4669 1206 4749 πάλιν
1263 4672 1349 4726 ἐπὶ
1372 4669 1473 4749 ’τρ
1513 4669 1658 4749 αὐτὸλ
1679 4669 2023 4749 συνερχεσθε,

349 4744 443 4801 *ίνα
478 4742 554 4819 μῆ
599 4742 1011 4819 πειράζῆὑμᾶς
1069 4745 1097 4799 6
1153 4750 1396 4819 Σατανᾶς
1452 4742 1541 4800 διὰ
1604 4746 1706 4812 τὴν
1765 4742 2022 4815 ἀκρασίαν

362 4817 541 4890 ὑμῶν.
576 4817 759 4874 Porro
780 4817 1015 4890 i'l‘atiani
1046 4818 1225 4874 verba
1254 4819 1412 4873 hunc
1471 4836 1713 4873 sensum
1763 4819 2025 4890 prmbere

356 4892 673 4947 videntur:
707 4912 736 4941 ι(
760 4889 1131 4963 Consensum
1163 4890 1342 4963 igitur
1399 4891 1717 4962 Apestolus
1770 4890 2025 4946 orationi

356 4970 565 5036 aptum
592 4961 941 5036 pronuntiat
974 4977 987 5015 :
1021 4961 1365 5036 communio
1426 4961 1625 5036 autem
1671 4963 2024 5034 corruptelas

357 5031 856 5092 intercessionem
895 5031 1180 5105 impedit.
1216 5032 1384 5089 Unde
1414 5050 1522 5104 per
1549 5034 1743 5105 ipsam
1774 5031 2022 5090 conces-

359 5108 593 5164 sionem
626 5120 826 5161 severe
858 5104 931 5159 ab
981 5120 1050 5158 ea
1109 5111 1290 5160 arcet.
1350 5105 1499 5159 Dum
1537 5104 1698 5160 enim
1731 5107 2026 5177 permittit

358 5201 389 5232 α
420 5185 665 5252 propter
686 5178 966 5252 satanam
1027 5180 1084 5229 et
1140 5177 1668 5252 intemperantiam
1727 5200 1754 5228 ››
1811 5195 2024 5252 rursus

357 5247 699 5308 co'nve'nire.
722 5248 987 5304 declarat
1021 5262 1178 5315 eum,
1211 5248 1312 5319 qui
1347 5247 1719 5319 obsequitur,
1747 5249 2024 5305 «duobus

356 5324 581 5402 servire
613 5320 912 5376 dominis:
944 5335 1136 5402 o‘per‘
1173 5336 1534 5402 consensum
1586 5320 1827 5402 quidem
1862 5325 2022 5383 (eum

356 5395 733 5464 scilicet.quo
756 5391 1144 5447 consentiunt
1166 5392 1451 5465 coniuges
1473 5408 1508 5448 a
1529 5409 1591 5448 se
1612 5391 1942 5460 abstinere,
1959 5398 2024 5449 ut

354 5466 612 5523 orationi
628 5462 1510 5535 vacent)Deo:perviolatio'nem
1533 5469 2022 5529 consensus(eam

350 5553 719 5611 nempe,qua
733 5534 1326 5611 diremptoconsensu
1340 5534 1414 5611 ad
1428 5536 2022 5611 concubitumrever-

353 5607 585 5675 tuntur)
608 5607 1105 5680 intemperantiae,
1128 5615 1185 5662 et
1204 5607 1608 5680 fornicationi,
1634 5614 1693 5664 et
1722 5607 2012 5675 diabolo,»

424 5672 832 5754 (62)Κοινωνία
861 5674 919 5731 δὲ
974 5672 1176 5754 φθορᾶς
1208 5675 1326 5732 λόει
1377 5679 1477 5745 τὴν
1536 5672 1644 5754 ἔντ.
1700 5672 2017 5754 Perperam

354 5750 654 5825 interpres
679 5750 1091 5825 ειιοοιιιιῑιιιιιὶο
1111 5756 1312 5807 autem
1331 5767 1437 5825 seu
1459 5750 2017 5825 conjyunctio,_inter-

348 5827 474 5884 itus
502 5820 677 5881 solvit
703 5820 1269 5894 interpellationem.
1286 5843 1316 5875 ιι
1332 5823 1486 5890 Quid
1503 5820 1665 5880 enim
1680 5828 1773 5880 est
1785 5844 1814 5875 ιι
1827 5823 2015 5881 inter-

2145 1940 2175 1970 α
2198 1918 2376 1974 simul
2400 1919 2717 1975 convenire
2734 1924 2979 1991 propter
2999 1919 3278 1974 Satanam
3300 1924 3360 1974 et
3387 1918 3798 1990 intemperan-

2143 2008 3014 2081 tiam(b),»pronuntiaviteum,
3031 2007 3133 2079 qui
3153 2007 3797 2079 estobtemperaturus,

2144 2119 2173 2148 κ
2205 2099 2564 2155 serviturum
2580 2098 2816 2154 duobus
2837 2096 3099 2154 dominis
3119 2101 3192 2166 (c)
3213 2113 3226 2151 :
3254 2119 3282 2147 ι»
3307 2112 3415 2168 per
3435 2112 3797 2153 consensum

2142 2188 2409 2260 quidem,
2441 2190 2597 2255 Deo;
2631 2204 2738 2259 per
2768 2187 3210 2244 dissensionem
3235 2193 3458 2253 autem,
3500 2186 3800 2257 intempe-

2141 2279 2351 2334 rantiae
2374 2284 2434 2334 et
2450 2277 2830 2333 fornicationi
2846 2282 2905 2332 et
2921 2276 3181 2333 diabolo.
3210 2298 3232 2325 ι
3251 2276 3386 2331 Haec
3405 2282 3607 2331 autem
3629 2275 3794 2345 dicit,

2141 2368 2492 2439 Apostolum
2517 2383 2842 2439 exponens.
2863 2366 3191 2437 Sophistice
3213 2371 3413 2421 autem
3434 2365 3624 2421 eludit
3643 2364 3796 2420 veri—

2141 2462 2346 2525 tatem,
2374 2473 2481 2529 per
2500 2473 2704 2513 verum
2726 2456 2941 2511 talsum
2964 2455 3326 2510 conﬁrmans
3350 2471 3364 2509 :
3387 2454 3796 2525 intemperan-

2140 2547 2280 2602 tiam
2313 2547 2475 2602 enim
2506 2552 2565 2601 et
2584 2545 3060 2604 fornicationem.
3086 2544 3385 2600 diabolica
3410 2544 3551 2598 vitia
3573 2549 3633 2598 et
3651 2544 3798 2598 affe-

2140 2636 2367 2691 ctiones
2398 2651 2506 2691 nos
2535 2651 2774 2706 quoque
2823 2634 3216 2701 conﬁtemur;
3250 2632 3566 2689 intercedit
3595 2638 3794 2689 autem

2140 2722 2433 2781 moderati
2462 2723 2830 2779 matrimonii
2862 2724 3200 2787 consensio,
3233 2740 3366 2794 quas
3397 2729 3524 2778 tum
3553 2721 3628 2778 ad
3657 2737 3795 2793 pre-

2142 2814 2439 2871 cationem
2463 2813 2844 2869 continenter
2863 2812 3124 2880 deducit,
3150 2818 3275 2867 tum
3296 2811 3370 2868 ad
3393 2811 3793 2883 procreandos

2141 2902 2361 2960 liberos
2392 2919 2528 2959 cum
2559 2903 2870 2959 honestate
2912 2902 3212 2958 conciliat.
3246 2924 3275 2952 ‹‹
3308 2902 3575 2974 Cognitio
3605 2923 3631 2950 ››
3664 2900 3797 2973 qui-

2142 2992 2280 3050 dem
2306 2998 2465 3049 certe
2486 3009 2521 3049 a
2538 2993 2842 3065 Scriptura
2852 2993 3077 3048 dictum
3095 2996 3186 3047 est
3213 2996 3448 3064 tempus
3469 2991 3795 3048 liberorum

2141 3083 2597 3156 procreationis,
2630 3099 2766 3138 cum
2796 3081 2982 3139 dixit:
3006 3103 3036 3132 «
3067 3081 3350 3155 Cognovit
3377 3087 3576 3137 autem
3607 3079 3796 3137 Adam

2143 3175 2316 3229 Evam
2349 3187 2597 3228 uxorem
2623 3188 2792 3227 suam
2816 3190 2831 3237 ;
2862 3170 2927 3235 ἰα
2956 3176 3015 3226 et
3052 3171 3345 3242 concepit,
3370 3176 3430 3226 et
3457 3170 3689 3242 peperit
3719 3170 3797 3224 fi-

2141 3262 2310 3327 lium,
2330 3268 2389 3318 et
2404 3261 2733 3317 nominavit
2747 3277 2969 3317 nomen
2984 3261 3113 3333 ejus
3125 3261 3263 3316 Seth
3281 3278 3295 3316 :
3310 3259 3621 3317 Suscitavit
3636 3259 3798 3315 enim

2140 3352 2291 3409 mihi
2322 3353 2477 3407 Deus
2499 3349 2664 3407 aliud
2685 3366 2890 3407 semen
2922 3368 3029 3423 pro
3046 3350 3192 3407 Abel
3214 3350 3317 3421 (ά).
3343 3371 3372 3400 ››
3393 3349 3591 3413 Vides,
3617 3364 3797 3420 quem

2142 3458 2281 3498 nam
2294 3440 2629 3497 maledictis
2654 3440 2975 3506 incessant,
2992 3441 3091 3512 qui
3116 3440 3428 3496 honestam
3442 3455 3510 3495 ac
3525 3438 3796 3494 modera-

2141 3537 2266 3589 tam
2288 3531 2599 3587 incessunt
2619 3530 3100 3599 seminationem,
3125 3534 3184 3585 et
3205 3528 3442 3587 diabolo
3464 3528 3799 3585 attribuunt

2142 3619 2610 3695 generationem.
2644 3618 2774 3673 Non
2806 3618 2968 3673 enim
3008 3617 3362 3689 simpliciter
3408 3618 3595 3672 Deum
3626 3614 3794 3683 dixit,

2143 3710 2245 3782 qui
2260 3707 2495 3765 articuli
2507 3707 2942 3779 prmmissione,
2958 3722 3172 3777 nempe
3195 3705 3223 3759 6
3238 3704 3368 3768 Θεός
3379 3704 3798 3777 dicens,signi-

2144 3798 2340 3856 ticavit
2369 3814 2526 3863 eum,
2561 3795 2662 3867 qui
2686 3802 2779 3851 est
2807 3796 3211 3866 omnipotens.
3237 3796 3403 3860 Quod
3419 3794 3491 3851 ab
3515 3793 3799 3865 Apostolo

2143 3893 2344 3944 autem
2384 3885 2802 3958 subjungitur:
2833 3906 2862 3935 ‹‹
2898 3886 2968 3939 Et
3004 3901 3211 3940 rursus
3262 3884 3441 3939 simul
3489 3882 3799 3940 convenite

2141 3982 2386 4049 prOpter
2417 3976 2695 4031 Satanam
2720 3974 2813 4046 (ε),
2840 3995 2867 4023 ιο
2902 3974 2962 4028 in
2991 3991 3125 4029 eum
3149 3974 3333 4029 finem
3352 3973 3594 4040 dicitur,
3615 3979 3680 4027 ut
3698 3988 3801 4027 oc-

2142 4066 2445 4122 casionem
2462 4063 2632 4119 tollat
2648 4062 2722 4118 ad
2740 4062 2888 4119 alias
2904 4061 3246 4118 declinandi
3268 4061 3642 4133 cupiditates.
3668 4062 3795 4115 Non

2136 4189 2201 4255 >X<
2248 4191 2309 4244 Ρ.
2372 4189 2475 4243 548
2522 4187 2634 4242 ED.
2694 4184 2989 4256 POTTER,
3044 4189 3170 4254 460,
3226 4186 3319 4242 461
3386 4187 3499 4242 ED.
3559 4185 3788 4241 PARIS.

2138 4387 2262 4459 itus
2286 4384 2729 4459 interpellatio?
2750 4407 2776 4435 ››
2793 4385 2885 4459 Sic
2905 4385 3097 4459 igitur
3127 4384 3794 4459 distinguendumzxoz-

2134 4456 2298 4511 νωνία
2322 4454 2379 4510 δὲ
2402 4450 2617 4531 φόορᾶςῗ
2642 4453 2759 4510 λύει
2784 4456 2883 4522 τήν
2903 4450 3151 4531 ἔιῖτευᾷξιν.
3178 4482 3203 4505 u
3229 4450 3579 4531 Communio
3593 4462 3793 4531 autem

2135 4529 2520 4602 corruptelae.
2547 4551 2573 4579 ι)
2606 4530 2717 4584 hoc
2749 4535 2839 4602 est
2864 4529 3121 4585 carnalis
3150 4529 3534 4602 concubitus,
3560 4549 3587 4578 ‹‹
3611 4529 3798 4602 inter-

2135 4600 2467 4658 cessionem
2492 4623 2521 4650 υ
2553 4618 2621 4656 ac
2654 4601 2986 4656 orationem
3021 4622 3049 4648 ‹‹
3087 4601 3262 4656 solvit
3310 4623 3336 4651 ι
3401 4618 3469 4657 ac
3523 4600 3789 4671 impedit.

2134 4675 2280 4730 Nam
2314 4675 2597 4747 Tatianus
2626 4673 2995 4747 connubium
3024 4674 3249 4728 vocavit
3276 4673 3504 4747 φθοράν,
3539 4673 3796 4744 Epipha-

2135 4747 2272 4801 nius
2295 4746 2368 4801 de
2401 4763 2469 4801 eo
2502 4746 2628 4799 haec
2649 4744 2814 4809 dicit,
2845 4746 3056 4800 haeres.
3090 4747 3156 4798 46
3193 4740 3329 4814 εΤὸν
3359 4740 3417 4798 δὲ
3443 4740 3620 4814 γάμον
3650 4740 3792 4814 Erop-

2135 4765 2272 4801 mus
2295 4765 2368 4801 ue
2401 4765 2469 4801 e0
2504 4765 2628 4799 naso
2649 4765 2814 4809 (non,
2845 4765 3056 4800 maeres.
3090 4765 3156 4798 φο
3193 4765 3205 4798 :
3239 4765 3329 4796 ιον
3359 4765 3417 4798 οε
3480 4765 3620 4814 αμον
3652 4765 3792 4814 πορο

2134 4820 2280 4870 νείαν
2310 4815 2401 4891 καὶ
2434 4814 2639 4891 φθορᾲν
2672 4817 2904 4891 ἡγεῖται,
2935 4815 3155 4891 φάσκων
3210 4812 3380 4886 μηδὲν
3443 4765 3793 4891 διαλλάττειν

2133 4888 2391 4961 πορνείας
2420 4884 2512 4943 τ’ὸν
2533 4884 2735 4961 γάμον,
2769 4884 2898 4942 ἀλλ’
2937 4884 3070 4942 αὐτὸ
3102 4884 3259 4963 εἶναι·
3298 4911 3326 4940 ‹‹
3357 4890 3603 4963 Nuptias
3624 4888 3796 4944 adul-

2136 4960 2353 5017 terium
2385 4978 2514 5017 esse
2544 4960 2777 5016 merum
2801 4965 2862 5015 et
2889 4960 3292 5032 corruptelam
3326 4960 3642 5021 existimat.
3677 4976 3790 5032 nec

2136 5034 2208 5090 ab
2240 5034 2343 5089 illo
2367 5032 2705 5103 discrepare
2736 5033 2997 5103 penitus,
3032 5031 3165 5103 sed”
3193 5033 3353 5088 idem
3387 5050 3534 5088 esse.
3563 5054 3591 5081 »
3624 5031 3791 5086 Unde

2135 5106 2410 5179 glemens
2436 5101 2615 5179 paulo
2647 5101 2785 5179 ante
2809 5101 2920 5179 r06
2950 5104 3073 5179 γὰρ,
3138 5101 3226 5179 ὣς-
3264 5124 3407 5179 τινες
3437 5103 3792 5179 ἐξηγήσαντο,

2136 5171 2554 5251 δέσιν-γυνᾷαἶκὸς
2580 5175 2716 5251 πρὸς
2745 5171 2912 5251 ἄνδρα
2941 5171 3039 5244 τῆς
3070 5176 3268 5251 σαρκὸς
3300 5171 3565 5251 mags“.
3587 5173 3790 5251 φθορὰν

2135 5246 2447 5314 ἐπιπλοκὴν
2505 5246 2803 5319 μηνῦεσθαι
2848 5246 3277 5315 ’ὑποτοπητέονο
3330 5246 3359 5298 ιι
3420 5249 3545 5302 Non
3605 5247 3789 5319 enim,

2132 5328 2199 5377 ut
2213 5321 2452 5392 quidam
2473 5318 2982 5393 explicarunt,per
3001 5319 3271 5393 mulieris
3287 5320 3360 5374 ad
3379 5319 3565 5393 virum
3584 5318 3791 5393 alliga-

2132 5390 2355 5449 tionem
2372 5390 2584 5451 .carnis
2597 5410 2732 5448 cum
2749 5390 3087 5464 corruptela
3100 5392 3230 5462 conj
3241 5391 3581 5464 unctionem
3607 5390 3790 5463 signi.

2132 5466 2296 5522 ficari
2327 5462 2655 5537 putandum
2678 5472 2783 5537 est.
2800 5462 3256 5537 {Sic‘enimhaac
3273 5462 3787 5537 vertidebuerunt.

2205 5531 2484 5606 (63)}3-40-
2522 5535 2624 5606 Ἐξ.
2662 5534 2800 5604 Σήθ,
2830 5531 3080 5607 λέγουσα·
3113 5534 3219 5602 Ἐξ.
3265 5535 3474 5607 Genes.

2202 5611 2317 5677 (64)
2348 5607 2779 5679 Προσάπτεσθαι.
2818 5605 3057 5679 Rectius
3099 5605 3571 5679 προσαπτόμενοι.

2202 5682 2316 5754 (65)
2376 5677 2473 5735 Καὶ
2530 5677 3076 5754 πάλ.ῃ1ῐιιρθι·ῑθοιθ
3128 5678 3341 5734 recitat
3391 5678 3561 5735 Pauli
3611 5678 3793 5734 verba

2126 5750 2306 5826 paulo
2340 5751 2617 5826 superius
2649 5750 2851 5826 allata.

2198 5825 2312 5897 (66)
2338 5821 2596 5898 Χώρίζει.
2646 5823 2785 5890 Quae
2818 5826 3171 5893 sequuntur,
3213 5822 3329 5881 hoc
3359 5823 3538 5881 modo
3570 5821 3786 5880 distin-
