  <div class='ocr_page' id='page_1' title='image "/cluster/home/n/w/nwhite01/storage/ocr_20150623/8/coo.31924054872878/597.png"; bbox 0 0 4144 6408; ppageno 0'>
   <div class='ocr_carea' id='block_1_1' title="bbox 379 354 2035 416">
    <p class='ocr_par' dir='ltr' id='par_1_1' title="bbox 379 357 2023 415">
     <span class='ocr_line' id='line_1_1' title="bbox 379 357 2023 415; baseline -0.001 -2"><span class='ocrx_word' id='word_1_1' title='bbox 379 358 403 413; x_wconf 77' lang='grc'><strong>1</strong></span> <span class='ocrx_word' id='word_1_2' title='bbox 418 358 519 415; x_wconf 82' lang='grc'>183</span> <span class='ocrx_word' id='word_1_3' title='bbox 1615 357 2023 413; x_wconf 72' lang='lat' dir='ltr'>CLEMENTIS</span> 
     </span>
    </p>
   </div>
   <div class='ocr_carea' id='block_1_2' title="bbox 2151 354 3808 416">
    <p class='ocr_par' dir='ltr' id='par_1_2' title="bbox 2151 354 3808 416">
     <span class='ocr_line' id='line_1_2' title="bbox 2151 354 3808 416; baseline 0.003 -6"><span class='ocrx_word' id='word_1_4' title='bbox 2151 354 2559 413; x_wconf 71' lang='lat' dir='ltr'>BXANDBINI</span> <span class='ocrx_word' id='word_1_5' title='bbox 3659 356 3808 416; x_wconf 69' lang='grc'>1184</span> 
     </span>
    </p>
   </div>
   <div class='ocr_carea' id='block_1_3' title="bbox 377 470 2035 557">
    <p class='ocr_par' dir='ltr' id='par_1_3' title="bbox 377 479 2030 556">
     <span class='ocr_line' id='line_1_3' title="bbox 377 479 2030 556; baseline -0.002 -18"><span class='ocrx_word' id='word_1_6' title='bbox 377 483 539 539; x_wconf 90' lang='lat' dir='ltr'>enim</span> <span class='ocrx_word' id='word_1_7' title='bbox 567 483 805 556; x_wconf 83' lang='lat' dir='ltr'>penitus</span> <span class='ocrx_word' id='word_1_8' title='bbox 836 481 1073 554; x_wconf 80' lang='lat' dir='ltr'>repellit</span> <span class='ocrx_word' id='word_1_9' title='bbox 1111 485 1339 537; x_wconf 63' lang='lat' dir='ltr'>natura)</span> <span class='ocrx_word' id='word_1_10' title='bbox 1371 480 1786 553; x_wconf 87' lang='lat' dir='ltr'>appetitiones,</span> <span class='ocrx_word' id='word_1_11' title='bbox 1820 479 1921 551; x_wconf 87' lang='lat' dir='ltr'>qui</span> <span class='ocrx_word' id='word_1_12' title='bbox 1962 480 2030 535; x_wconf 80' lang='lat' dir='ltr'>fit</span> 
     </span>
    </p>
   </div>
   <div class='ocr_carea' id='block_1_4' title="bbox 2151 470 3812 557">
    <p class='ocr_par' dir='ltr' id='par_1_4' title="bbox 2151 470 3812 557">
     <span class='ocr_line' id='line_1_4' title="bbox 2151 470 3812 557; baseline 0.002 -23"><span class='ocrx_word' id='word_1_13' title='bbox 2151 478 2427 548; x_wconf 84' lang='grc' dir='ltr'>Γατιανὸς,</span> <span class='ocrx_word' id='word_1_14' title='bbox 2459 476 2588 534; x_wconf 81' lang='grc' dir='ltr'>ἀλλ’</span> <span class='ocrx_word' id='word_1_15' title='bbox 2617 477 2726 554; x_wconf 80' lang='grc' dir='ltr'>οὐχ</span> <span class='ocrx_word' id='word_1_16' title='bbox 2750 477 2826 541; x_wconf 83' lang='grc' dir='ltr'>ὡς</span> <span class='ocrx_word' id='word_1_17' title='bbox 2851 470 3016 551; x_wconf 74' lang='grc' dir='ltr'>ἡμεῖς</span> <span class='ocrx_word' id='word_1_18' title='bbox 3046 498 3243 556; x_wconf 79' lang='grc' dir='ltr'>φαμεν·</span> <span class='ocrx_word' id='word_1_19' title='bbox 3296 504 3326 532; x_wconf 87' lang='grc'><em>‹‹</em></span> <span class='ocrx_word' id='word_1_20' title='bbox 3376 479 3612 537; x_wconf 86' lang='grc' dir='ltr'>παλαιὸν</span> <span class='ocrx_word' id='word_1_21' title='bbox 3646 507 3674 537; x_wconf 75' lang='grc' dir='ltr'>ι)</span> <span class='ocrx_word' id='word_1_22' title='bbox 3712 484 3812 557; x_wconf 76' lang='grc' dir='ltr'>μὲν</span> 
     </span>
    </p>
   </div>
   <div class='ocr_carea' id='block_1_5' title="bbox 379 562 2035 647">
    <p class='ocr_par' dir='ltr' id='par_1_5' title="bbox 379 569 2035 645">
     <span class='ocr_line' id='line_1_5' title="bbox 379 569 2035 645; baseline -0.002 -17"><span class='ocrx_word' id='word_1_23' title='bbox 379 573 454 629; x_wconf 87' lang='lat' dir='ltr'>ad</span> <span class='ocrx_word' id='word_1_24' title='bbox 486 579 741 645; x_wconf 83' lang='lat' dir='ltr'>tempus,</span> <span class='ocrx_word' id='word_1_25' title='bbox 775 588 1140 627; x_wconf 88' lang='lat' dir='ltr'>consensus:</span> <span class='ocrx_word' id='word_1_26' title='bbox 1174 588 1280 642; x_wconf 90' lang='lat' dir='ltr'>per</span> <span class='ocrx_word' id='word_1_27' title='bbox 1329 588 1508 642; x_wconf 87' lang='lat' dir='ltr'>quem</span> <span class='ocrx_word' id='word_1_28' title='bbox 1557 587 1764 625; x_wconf 85' lang='lat' dir='ltr'><strong>rursus</strong></span> <span class='ocrx_word' id='word_1_29' title='bbox 1806 569 2035 625; x_wconf 84' lang='lat' dir='ltr'>inducit</span> 
     </span>
    </p>
   </div>
   <div class='ocr_carea' id='block_1_6' title="bbox 2151 562 3816 647">
    <p class='ocr_par' dir='ltr' id='par_1_6' title="bbox 2151 562 3816 647">
     <span class='ocr_line' id='line_1_6' title="bbox 2151 562 3816 647; baseline 0.007 -30"><span class='ocrx_word' id='word_1_30' title='bbox 2151 590 2172 618; x_wconf 84' lang='lat' dir='ltr'>l(</span> <span class='ocrx_word' id='word_1_31' title='bbox 2206 562 2373 638; x_wconf 73' lang='grc' dir='ltr'>ἄνδρα</span> <span class='ocrx_word' id='word_1_32' title='bbox 2399 592 2428 620; x_wconf 87' lang='grc'><strong>››</strong></span> <span class='ocrx_word' id='word_1_33' title='bbox 2451 568 2543 622; x_wconf 89' lang='grc' dir='ltr'>τὸν</span> <span class='ocrx_word' id='word_1_34' title='bbox 2569 567 2760 640; x_wconf 86' lang='grc' dir='ltr'>νόμον,</span> <span class='ocrx_word' id='word_1_35' title='bbox 2794 592 2821 620; x_wconf 86' lang='grc'>‹‹</span> <span class='ocrx_word' id='word_1_36' title='bbox 2850 569 3034 623; x_wconf 74' lang='grc' dir='ltr'>καινὸν</span> <span class='ocrx_word' id='word_1_37' title='bbox 3070 594 3098 620; x_wconf 88' lang='grc'>››</span> <span class='ocrx_word' id='word_1_38' title='bbox 3118 566 3176 624; x_wconf 73' lang='grc' dir='ltr'>δὲ</span> <span class='ocrx_word' id='word_1_39' title='bbox 3203 570 3265 624; x_wconf 88' lang='grc' dir='ltr'>τὸ</span> <span class='ocrx_word' id='word_1_40' title='bbox 3295 569 3816 647; x_wconf 80' lang='grc' dir='ltr'>Εὐαγγέλιον,συμ-</span> 
     </span>
    </p>
   </div>
   <div class='ocr_carea' id='block_1_7' title="bbox 382 655 2035 735">
    <p class='ocr_par' dir='ltr' id='par_1_7' title="bbox 382 659 2033 734">
     <span class='ocr_line' id='line_1_7' title="bbox 382 659 2033 734; baseline -0.002 -16"><span class='ocrx_word' id='word_1_41' title='bbox 382 662 700 734; x_wconf 75' lang='lat' dir='ltr'><strong>Apostolus</strong></span> <span class='ocrx_word' id='word_1_42' title='bbox 725 661 875 716; x_wconf 75' lang='lat'>198</span> <span class='ocrx_word' id='word_1_43' title='bbox 899 661 1381 733; x_wconf 88' lang='lat' dir='ltr'>conjugationem</span> <span class='ocrx_word' id='word_1_44' title='bbox 1402 661 1792 728; x_wconf 81' lang='lat' dir='ltr'>matrimonii,</span> <span class='ocrx_word' id='word_1_45' title='bbox 1816 676 1935 714; x_wconf 92' lang='lat' dir='ltr'>non</span> <span class='ocrx_word' id='word_1_46' title='bbox 1960 659 2033 714; x_wconf 89' lang='lat' dir='ltr'>ad</span> 
     </span>
    </p>
   </div>
   <div class='ocr_carea' id='block_1_8' title="bbox 2151 655 3820 735">
    <p class='ocr_par' dir='ltr' id='par_1_8' title="bbox 2151 655 3820 735">
     <span class='ocr_line' id='line_1_8' title="bbox 2151 655 3820 735; baseline 0.006 -26"><span class='ocrx_word' id='word_1_47' title='bbox 2151 661 2433 731; x_wconf 66' lang='grc' dir='ltr'>φωνοῦμεν</span> <span class='ocrx_word' id='word_1_48' title='bbox 2480 657 2631 730; x_wconf 83' lang='grc' dir='ltr'>αὐτῷ</span> <span class='ocrx_word' id='word_1_49' title='bbox 2688 657 2778 712; x_wconf 77' lang='grc' dir='ltr'>καὶ</span> <span class='ocrx_word' id='word_1_50' title='bbox 2834 656 2988 713; x_wconf 78' lang='grc' dir='ltr'>αὐτοί</span> <span class='ocrx_word' id='word_1_51' title='bbox 3047 655 3339 734; x_wconf 72' lang='grc' dir='ltr'>λέγοντες,</span> <span class='ocrx_word' id='word_1_52' title='bbox 3398 658 3550 729; x_wconf 71' lang='grc' dir='ltr'>πλὴν</span> <span class='ocrx_word' id='word_1_53' title='bbox 3606 662 3719 718; x_wconf 76' lang='grc' dir='ltr'>οὐχ</span> 
     </span>
    </p>
   </div>
   <div class='ocr_carea' id='block_1_9' title="bbox 380 749 2030 822">
    <p class='ocr_par' dir='ltr' id='par_1_9' title="bbox 380 749 2030 822">
     <span class='ocr_line' id='line_1_9' title="bbox 380 749 2030 822; baseline -0.003 -14"><span class='ocrx_word' id='word_1_54' title='bbox 380 752 903 822; x_wconf 88' lang='lat' dir='ltr'>intemperantiam</span> <span class='ocrx_word' id='word_1_55' title='bbox 937 756 995 804; x_wconf 91' lang='lat' dir='ltr'>et</span> <span class='ocrx_word' id='word_1_56' title='bbox 1023 751 1476 805; x_wconf 79' lang='lat' dir='ltr'>fornicationem</span> <span class='ocrx_word' id='word_1_57' title='bbox 1511 758 1569 806; x_wconf 89' lang='lat' dir='ltr'>et</span> <span class='ocrx_word' id='word_1_58' title='bbox 1597 767 1745 821; x_wconf 91' lang='lat' dir='ltr'>opus</span> <span class='ocrx_word' id='word_1_59' title='bbox 1788 749 2030 815; x_wconf 91' lang='lat' dir='ltr'>diaboli,</span> 
     </span>
    </p>
   </div>
   <div class='ocr_carea' id='block_1_10' title="bbox 380 840 2037 913">
    <p class='ocr_par' dir='ltr' id='par_1_10' title="bbox 380 840 2037 913">
     <span class='ocr_line' id='line_1_10' title="bbox 380 840 2037 913; baseline -0.002 -17"><span class='ocrx_word' id='word_1_60' title='bbox 380 841 482 897; x_wconf 90' lang='lat' dir='ltr'>sed</span> <span class='ocrx_word' id='word_1_61' title='bbox 516 857 590 895; x_wconf 94' lang='lat' dir='ltr'>ne</span> <span class='ocrx_word' id='word_1_62' title='bbox 621 840 975 913; x_wconf 87' lang='lat' dir='ltr'>subjugetur</span> <span class='ocrx_word' id='word_1_63' title='bbox 1013 840 1510 911; x_wconf 81' lang='lat' dir='ltr'>intemperantiae,</span> <span class='ocrx_word' id='word_1_64' title='bbox 1544 840 1944 906; x_wconf 80' lang='lat' dir='ltr'>fornicationi,</span> <span class='ocrx_word' id='word_1_65' title='bbox 1976 844 2037 894; x_wconf 93' lang='lat' dir='ltr'>et</span> 
     </span>
    </p>
   </div>
   <div class='ocr_carea' id='block_1_11' title="bbox 378 926 2032 999">
    <p class='ocr_par' dir='ltr' id='par_1_11' title="bbox 378 926 2032 999">
     <span class='ocr_line' id='line_1_11' title="bbox 378 926 2032 999; baseline 0 -18"><span class='ocrx_word' id='word_1_66' title='bbox 378 926 638 982; x_wconf 84' lang='lat' dir='ltr'>diabolo.</span> <span class='ocrx_word' id='word_1_67' title='bbox 672 927 991 999; x_wconf 84' lang='lat' dir='ltr'>Distinguit</span> <span class='ocrx_word' id='word_1_68' title='bbox 1021 932 1219 982; x_wconf 89' lang='lat' dir='ltr'>autem</span> <span class='ocrx_word' id='word_1_69' title='bbox 1258 935 1515 983; x_wconf 80' lang='lat' dir='ltr'>veterem</span> <span class='ocrx_word' id='word_1_70' title='bbox 1563 944 1799 999; x_wconf 89' lang='lat' dir='ltr'>quoque</span> <span class='ocrx_word' id='word_1_71' title='bbox 1830 927 2032 983; x_wconf 89' lang='lat' dir='ltr'>homi-</span> 
     </span>
    </p>
   </div>
   <div class='ocr_carea' id='block_1_12' title="bbox 379 1017 2031 1085">
    <p class='ocr_par' dir='ltr' id='par_1_12' title="bbox 379 1017 2031 1085">
     <span class='ocr_line' id='line_1_12' title="bbox 379 1017 2031 1085; baseline 0 -13"><span class='ocrx_word' id='word_1_72' title='bbox 379 1033 520 1072; x_wconf 86' lang='lat' dir='ltr'>nem</span> <span class='ocrx_word' id='word_1_73' title='bbox 551 1023 610 1071; x_wconf 91' lang='lat' dir='ltr'>et</span> <span class='ocrx_word' id='word_1_74' title='bbox 639 1033 857 1071; x_wconf 88' lang='lat' dir='ltr'>novum</span> <span class='ocrx_word' id='word_1_75' title='bbox 881 1017 1182 1083; x_wconf 86' lang='lat' dir='ltr'>&#39;l‘atianus,</span> <span class='ocrx_word' id='word_1_76' title='bbox 1210 1018 1311 1072; x_wconf 92' lang='lat' dir='ltr'>sed</span> <span class='ocrx_word' id='word_1_77' title='bbox 1336 1034 1457 1072; x_wconf 92' lang='lat' dir='ltr'>non</span> <span class='ocrx_word' id='word_1_78' title='bbox 1480 1024 1547 1072; x_wconf 90' lang='lat' dir='ltr'>ut</span> <span class='ocrx_word' id='word_1_79' title='bbox 1567 1019 1842 1085; x_wconf 87' lang='lat' dir='ltr'>dicimus,</span> <span class='ocrx_word' id='word_1_80' title='bbox 1868 1040 1895 1068; x_wconf 84' lang='lat'><strong><em>«</em></strong></span> <span class='ocrx_word' id='word_1_81' title='bbox 1928 1019 2031 1072; x_wconf 90' lang='lat' dir='ltr'>Ve-</span> 
     </span>
    </p>
   </div>
   <div class='ocr_carea' id='block_1_13' title="bbox 379 1106 2030 1180">
    <p class='ocr_par' dir='ltr' id='par_1_13' title="bbox 379 1106 2030 1180">
     <span class='ocr_line' id='line_1_13' title="bbox 379 1106 2030 1180; baseline 0.001 -19"><span class='ocrx_word' id='word_1_82' title='bbox 379 1111 568 1162; x_wconf 91' lang='lat' dir='ltr'>terem</span> <span class='ocrx_word' id='word_1_83' title='bbox 596 1129 621 1155; x_wconf 82' lang='grc'>››</span> <span class='ocrx_word' id='word_1_84' title='bbox 645 1106 889 1177; x_wconf 88' lang='lat' dir='ltr'>quidem</span> <span class='ocrx_word' id='word_1_85' title='bbox 914 1128 940 1156; x_wconf 78' lang='grc' dir='ltr'>(ι</span> <span class='ocrx_word' id='word_1_86' title='bbox 965 1108 1179 1171; x_wconf 87' lang='lat' dir='ltr'>virum,</span> <span class='ocrx_word' id='word_1_87' title='bbox 1208 1130 1231 1155; x_wconf 77' lang='grc' dir='ltr'>›ν</span> <span class='ocrx_word' id='word_1_88' title='bbox 1260 1107 1450 1180; x_wconf 82' lang='lat' dir='ltr'>legem</span> <span class='ocrx_word' id='word_1_89' title='bbox 1475 1128 1489 1175; x_wconf 91' lang='lat'><strong>;</strong></span> <span class='ocrx_word' id='word_1_90' title='bbox 1515 1124 1732 1163; x_wconf 90' lang='lat' dir='ltr'>novum</span> <span class='ocrx_word' id='word_1_91' title='bbox 1759 1129 1782 1159; x_wconf 70' lang='grc' dir='ltr'>υ</span> <span class='ocrx_word' id='word_1_92' title='bbox 1808 1112 2030 1174; x_wconf 85' lang='lat' dir='ltr'>autem,</span> 
     </span>
    </p>
   </div>
   <div class='ocr_carea' id='block_1_14' title="bbox 376 1196 2033 1269">
    <p class='ocr_par' dir='ltr' id='par_1_14' title="bbox 376 1196 2033 1269">
     <span class='ocr_line' id='line_1_14' title="bbox 376 1196 2033 1269; baseline -0.001 -17"><span class='ocrx_word' id='word_1_93' title='bbox 376 1196 776 1269; x_wconf 88' lang='lat' dir='ltr'>Evangelium.</span> <span class='ocrx_word' id='word_1_94' title='bbox 804 1197 1183 1251; x_wconf 88' lang='lat' dir='ltr'>Assentimur</span> <span class='ocrx_word' id='word_1_95' title='bbox 1205 1197 1255 1252; x_wconf 91' lang='lat' dir='ltr'>ei</span> <span class='ocrx_word' id='word_1_96' title='bbox 1290 1214 1398 1251; x_wconf 92' lang='lat' dir='ltr'>nos</span> <span class='ocrx_word' id='word_1_97' title='bbox 1425 1214 1663 1268; x_wconf 90' lang='lat' dir='ltr'>quoque</span> <span class='ocrx_word' id='word_1_98' title='bbox 1688 1197 1790 1252; x_wconf 91' lang='lat' dir='ltr'>sed</span> <span class='ocrx_word' id='word_1_99' title='bbox 1821 1213 1942 1251; x_wconf 91' lang='lat' dir='ltr'>non</span> <span class='ocrx_word' id='word_1_100' title='bbox 1965 1213 2033 1251; x_wconf 89' lang='lat' dir='ltr'>eo</span> 
     </span>
    </p>
   </div>
   <div class='ocr_carea' id='block_1_15' title="bbox 375 1285 2034 1359">
    <p class='ocr_par' dir='ltr' id='par_1_15' title="bbox 375 1285 2034 1359">
     <span class='ocr_line' id='line_1_15' title="bbox 375 1285 2034 1359; baseline -0.002 -17"><span class='ocrx_word' id='word_1_101' title='bbox 375 1286 575 1353; x_wconf 90' lang='lat' dir='ltr'>modo,</span> <span class='ocrx_word' id='word_1_102' title='bbox 609 1302 725 1357; x_wconf 91' lang='lat' dir='ltr'>quo</span> <span class='ocrx_word' id='word_1_103' title='bbox 756 1286 879 1340; x_wconf 88' lang='lat' dir='ltr'>vult</span> <span class='ocrx_word' id='word_1_104' title='bbox 909 1286 1033 1351; x_wconf 88' lang='lat' dir='ltr'>ille,</span> <span class='ocrx_word' id='word_1_105' title='bbox 1068 1285 1402 1342; x_wconf 87' lang='lat' dir='ltr'>dissolvens</span> <span class='ocrx_word' id='word_1_106' title='bbox 1434 1286 1623 1359; x_wconf 84' lang='lat' dir='ltr'>legem</span> <span class='ocrx_word' id='word_1_107' title='bbox 1672 1292 1741 1342; x_wconf 91' lang='lat' dir='ltr'>ut</span> <span class='ocrx_word' id='word_1_108' title='bbox 1788 1286 2034 1342; x_wconf 85' lang='lat' dir='ltr'>alterius</span> 
     </span>
    </p>
   </div>
   <div class='ocr_carea' id='block_1_16' title="bbox 376 1375 2030 1442">
    <p class='ocr_par' dir='ltr' id='par_1_16' title="bbox 376 1375 2030 1442">
     <span class='ocr_line' id='line_1_16' title="bbox 376 1375 2030 1442; baseline 0 -11"><span class='ocrx_word' id='word_1_109' title='bbox 376 1376 478 1431; x_wconf 89' lang='lat' dir='ltr'>Dei</span> <span class='ocrx_word' id='word_1_110' title='bbox 505 1392 517 1430; x_wconf 93' lang='lat'><strong>:</strong></span> <span class='ocrx_word' id='word_1_111' title='bbox 554 1375 656 1430; x_wconf 86' lang='lat' dir='ltr'>sed</span> <span class='ocrx_word' id='word_1_112' title='bbox 687 1375 844 1430; x_wconf 91' lang='lat' dir='ltr'>idem</span> <span class='ocrx_word' id='word_1_113' title='bbox 880 1376 965 1429; x_wconf 90' lang='lat' dir='ltr'>vir</span> <span class='ocrx_word' id='word_1_114' title='bbox 993 1381 1052 1429; x_wconf 92' lang='lat' dir='ltr'>et</span> <span class='ocrx_word' id='word_1_115' title='bbox 1082 1376 1389 1442; x_wconf 89' lang='lat' dir='ltr'>Dominus,</span> <span class='ocrx_word' id='word_1_116' title='bbox 1441 1377 1582 1432; x_wconf 90' lang='lat' dir='ltr'>dum</span> <span class='ocrx_word' id='word_1_117' title='bbox 1628 1383 1823 1432; x_wconf 87' lang='lat' dir='ltr'>vetera</span> <span class='ocrx_word' id='word_1_118' title='bbox 1846 1393 2030 1431; x_wconf 89' lang='lat' dir='ltr'>reno-</span> 
     </span>
    </p>
   </div>
   <div class='ocr_carea' id='block_1_17' title="bbox 372 1464 2033 1537">
    <p class='ocr_par' dir='ltr' id='par_1_17' title="bbox 372 1464 2033 1537">
     <span class='ocr_line' id='line_1_17' title="bbox 372 1464 2033 1537; baseline -0.001 -17"><span class='ocrx_word' id='word_1_119' title='bbox 372 1470 487 1531; x_wconf 87' lang='lat' dir='ltr'>vat,</span> <span class='ocrx_word' id='word_1_120' title='bbox 520 1480 639 1520; x_wconf 91' lang='lat' dir='ltr'>non</span> <span class='ocrx_word' id='word_1_121' title='bbox 671 1464 930 1535; x_wconf 87' lang='lat' dir='ltr'>amplius</span> <span class='ocrx_word' id='word_1_122' title='bbox 962 1464 1240 1520; x_wconf 90' lang='lat' dir='ltr'>concedit</span> <span class='ocrx_word' id='word_1_123' title='bbox 1271 1465 1669 1537; x_wconf 82' lang='lat' dir='ltr'>polygamiam</span> <span class='ocrx_word' id='word_1_124' title='bbox 1692 1468 1855 1531; x_wconf 88' lang='lat' dir='ltr'>(nam</span> <span class='ocrx_word' id='word_1_125' title='bbox 1879 1465 2033 1520; x_wconf 90' lang='lat' dir='ltr'>hanc</span> 
     </span>
    </p>
   </div>
   <div class='ocr_carea' id='block_1_18' title="bbox 374 1552 2031 1626">
    <p class='ocr_par' dir='ltr' id='par_1_18' title="bbox 374 1552 2031 1626">
     <span class='ocr_line' id='line_1_18' title="bbox 374 1552 2031 1626; baseline -0.001 -17"><span class='ocrx_word' id='word_1_126' title='bbox 374 1553 616 1626; x_wconf 90' lang='lat' dir='ltr'>quidem</span> <span class='ocrx_word' id='word_1_127' title='bbox 640 1552 955 1625; x_wconf 81' lang='lat' dir='ltr'>expetebat</span> <span class='ocrx_word' id='word_1_128' title='bbox 971 1554 1146 1619; x_wconf 85' lang='lat' dir='ltr'><strong>Deus,</strong></span> <span class='ocrx_word' id='word_1_129' title='bbox 1171 1554 1411 1623; x_wconf 87' lang='lat' dir='ltr'>quando</span> <span class='ocrx_word' id='word_1_130' title='bbox 1425 1554 1737 1625; x_wconf 83' lang='lat' dir='ltr'>oportebat</span> <span class='ocrx_word' id='word_1_131' title='bbox 1754 1554 2031 1609; x_wconf 87' lang='lat' dir='ltr'>homines</span> 
     </span>
    </p>
   </div>
   <div class='ocr_carea' id='block_1_19' title="bbox 373 1642 2035 1716">
    <p class='ocr_par' dir='ltr' id='par_1_19' title="bbox 373 1642 2035 1716">
     <span class='ocr_line' id='line_1_19' title="bbox 373 1642 2035 1716; baseline -0.001 -18"><span class='ocrx_word' id='word_1_132' title='bbox 373 1643 573 1716; x_wconf 79' lang='lat' dir='ltr'>augeri</span> <span class='ocrx_word' id='word_1_133' title='bbox 594 1647 651 1697; x_wconf 92' lang='lat' dir='ltr'>et</span> <span class='ocrx_word' id='word_1_134' title='bbox 667 1642 1100 1713; x_wconf 88' lang='lat' dir='ltr'>multiplicari),</span> <span class='ocrx_word' id='word_1_135' title='bbox 1126 1642 1230 1698; x_wconf 91' lang='lat' dir='ltr'>sed</span> <span class='ocrx_word' id='word_1_136' title='bbox 1247 1644 1685 1715; x_wconf 90' lang='lat' dir='ltr'>monogamiam</span> <span class='ocrx_word' id='word_1_137' title='bbox 1706 1642 2035 1697; x_wconf 84' lang='lat' dir='ltr'>introducit</span> 
     </span>
    </p>
   </div>
   <div class='ocr_carea' id='block_1_20' title="bbox 372 1732 2031 1805">
    <p class='ocr_par' dir='ltr' id='par_1_20' title="bbox 372 1732 2031 1805">
     <span class='ocr_line' id='line_1_20' title="bbox 372 1732 2031 1805; baseline -0.001 -18"><span class='ocrx_word' id='word_1_138' title='bbox 372 1738 616 1805; x_wconf 89' lang='lat' dir='ltr'>propter</span> <span class='ocrx_word' id='word_1_139' title='bbox 633 1732 961 1786; x_wconf 90' lang='lat' dir='ltr'>liberorum</span> <span class='ocrx_word' id='word_1_140' title='bbox 981 1733 1459 1803; x_wconf 86' lang='lat' dir='ltr'>procreationem</span> <span class='ocrx_word' id='word_1_141' title='bbox 1479 1739 1539 1788; x_wconf 93' lang='lat' dir='ltr'>et</span> <span class='ocrx_word' id='word_1_142' title='bbox 1567 1732 1781 1788; x_wconf 91' lang='lat' dir='ltr'>domus</span> <span class='ocrx_word' id='word_1_143' title='bbox 1803 1748 2031 1799; x_wconf 88' lang='lat' dir='ltr'>curam,</span> 
     </span>
    </p>
   </div>
   <div class='ocr_carea' id='block_1_21' title="bbox 373 1820 2031 1893">
    <p class='ocr_par' dir='ltr' id='par_1_21' title="bbox 373 1820 2031 1893">
     <span class='ocr_line' id='line_1_21' title="bbox 373 1820 2031 1893; baseline -0.001 -16"><span class='ocrx_word' id='word_1_144' title='bbox 373 1821 448 1877; x_wconf 91' lang='lat' dir='ltr'>ad</span> <span class='ocrx_word' id='word_1_145' title='bbox 473 1837 654 1892; x_wconf 90' lang='lat' dir='ltr'>quam</span> <span class='ocrx_word' id='word_1_146' title='bbox 686 1820 823 1875; x_wconf 82' lang='lat' dir='ltr'>data</span> <span class='ocrx_word' id='word_1_147' title='bbox 854 1825 945 1875; x_wconf 91' lang='lat' dir='ltr'>est</span> <span class='ocrx_word' id='word_1_148' title='bbox 982 1820 1200 1875; x_wconf 87' lang='lat' dir='ltr'>mulier</span> <span class='ocrx_word' id='word_1_149' title='bbox 1229 1821 1489 1892; x_wconf 84' lang='lat' dir='ltr'>adjutrix</span> <span class='ocrx_word' id='word_1_150' title='bbox 1516 1839 1527 1875; x_wconf 96' lang='lat'>:</span> <span class='ocrx_word' id='word_1_151' title='bbox 1553 1826 1613 1877; x_wconf 89' lang='lat' dir='ltr'>et</span> <span class='ocrx_word' id='word_1_152' title='bbox 1648 1821 1698 1876; x_wconf 90' lang='lat' dir='ltr'>si</span> <span class='ocrx_word' id='word_1_153' title='bbox 1739 1822 1833 1877; x_wconf 91' lang='lat' dir='ltr'>cui</span> <span class='ocrx_word' id='word_1_154' title='bbox 1875 1824 2031 1893; x_wconf 83' lang='lat' dir='ltr'>Apo-</span> 
     </span>
    </p>
   </div>
   <div class='ocr_carea' id='block_1_22' title="bbox 372 1910 2034 1982">
    <p class='ocr_par' dir='ltr' id='par_1_22' title="bbox 372 1910 2034 1982">
     <span class='ocr_line' id='line_1_22' title="bbox 372 1910 2034 1982; baseline -0.002 -14"><span class='ocrx_word' id='word_1_155' title='bbox 372 1910 563 1968; x_wconf 87' lang='lat' dir='ltr'>stolus</span> <span class='ocrx_word' id='word_1_156' title='bbox 583 1916 829 1982; x_wconf 89' lang='lat' dir='ltr'>propter</span> <span class='ocrx_word' id='word_1_157' title='bbox 847 1910 1379 1980; x_wconf 89' lang='lat' dir='ltr'>intemperantiam</span> <span class='ocrx_word' id='word_1_158' title='bbox 1394 1918 1451 1966; x_wconf 93' lang='lat' dir='ltr'>et</span> <span class='ocrx_word' id='word_1_159' title='bbox 1468 1912 1787 1977; x_wconf 89' lang='lat' dir='ltr'>ustionem,</span> <span class='ocrx_word' id='word_1_160' title='bbox 1802 1911 2034 1966; x_wconf 84' lang='lat' dir='ltr'>veniam</span> 
     </span>
    </p>
   </div>
   <div class='ocr_carea' id='block_1_23' title="bbox 372 1998 2035 2073">
    <p class='ocr_par' dir='ltr' id='par_1_23' title="bbox 372 1998 2035 2073">
     <span class='ocr_line' id='line_1_23' title="bbox 372 1998 2035 2073; baseline -0.001 -18"><span class='ocrx_word' id='word_1_161' title='bbox 372 1999 621 2055; x_wconf 89' lang='lat' dir='ltr'>secundi</span> <span class='ocrx_word' id='word_1_162' title='bbox 645 1998 920 2054; x_wconf 88' lang='lat' dir='ltr'>concedit</span> <span class='ocrx_word' id='word_1_163' title='bbox 941 2000 1307 2055; x_wconf 80' lang='lat' dir='ltr'>matrimonii</span> <span class='ocrx_word' id='word_1_164' title='bbox 1337 2017 1350 2055; x_wconf 87' lang='lat'><strong>:</strong></span> <span class='ocrx_word' id='word_1_165' title='bbox 1373 2017 1513 2056; x_wconf 89' lang='lat' dir='ltr'>nam</span> <span class='ocrx_word' id='word_1_166' title='bbox 1536 2001 1632 2056; x_wconf 89' lang='lat' dir='ltr'>hic</span> <span class='ocrx_word' id='word_1_167' title='bbox 1655 2017 1893 2073; x_wconf 90' lang='lat' dir='ltr'>quoque</span> <span class='ocrx_word' id='word_1_168' title='bbox 1912 2016 2035 2057; x_wconf 89' lang='lat' dir='ltr'>non</span> 
     </span>
    </p>
   </div>
   <div class='ocr_carea' id='block_1_24' title="bbox 371 2088 2033 2165">
    <p class='ocr_par' dir='ltr' id='par_1_24' title="bbox 371 2088 2033 2165">
     <span class='ocr_line' id='line_1_24' title="bbox 371 2088 2033 2165; baseline 0.002 -20"><span class='ocrx_word' id='word_1_169' title='bbox 371 2095 583 2163; x_wconf 83' lang='lat' dir='ltr'>peccat</span> <span class='ocrx_word' id='word_1_170' title='bbox 622 2088 867 2159; x_wconf 91' lang='lat' dir='ltr'>quidem</span> <span class='ocrx_word' id='word_1_171' title='bbox 892 2105 961 2143; x_wconf 85' lang='lat' dir='ltr'>ex</span> <span class='ocrx_word' id='word_1_172' title='bbox 986 2090 1365 2145; x_wconf 87' lang='lat' dir='ltr'>Testamento</span> <span class='ocrx_word' id='word_1_173' title='bbox 1388 2090 1533 2161; x_wconf 90' lang='lat' dir='ltr'>(non</span> <span class='ocrx_word' id='word_1_174' title='bbox 1557 2097 1647 2145; x_wconf 91' lang='lat' dir='ltr'>est</span> <span class='ocrx_word' id='word_1_175' title='bbox 1666 2090 1827 2145; x_wconf 91' lang='lat' dir='ltr'>enim</span> <span class='ocrx_word' id='word_1_176' title='bbox 1850 2107 1883 2145; x_wconf 92' lang='lat' dir='ltr'>a</span> <span class='ocrx_word' id='word_1_177' title='bbox 1903 2090 2033 2165; x_wconf 89' lang='lat' dir='ltr'>lege</span> 
     </span>
    </p>
   </div>
   <div class='ocr_carea' id='block_1_25' title="bbox 372 2177 2037 2251">
    <p class='ocr_par' dir='ltr' id='par_1_25' title="bbox 372 2177 2037 2251">
     <span class='ocr_line' id='line_1_25' title="bbox 372 2177 2037 2251; baseline 0.001 -18"><span class='ocrx_word' id='word_1_178' title='bbox 372 2178 754 2251; x_wconf 77' lang='lat' dir='ltr'>prohibitus),</span> <span class='ocrx_word' id='word_1_179' title='bbox 788 2193 909 2233; x_wconf 91' lang='lat' dir='ltr'>non</span> <span class='ocrx_word' id='word_1_180' title='bbox 938 2177 1148 2249; x_wconf 91' lang='lat' dir='ltr'>implet</span> <span class='ocrx_word' id='word_1_181' title='bbox 1168 2185 1367 2233; x_wconf 89' lang='lat' dir='ltr'>autem</span> <span class='ocrx_word' id='word_1_182' title='bbox 1393 2195 1690 2235; x_wconf 89' lang='lat' dir='ltr'>summam</span> <span class='ocrx_word' id='word_1_183' title='bbox 1712 2180 1880 2235; x_wconf 85' lang='lat' dir='ltr'>illam</span> <span class='ocrx_word' id='word_1_184' title='bbox 1906 2181 2037 2235; x_wconf 69' lang='lat' dir='ltr'>vitas</span> 
     </span>
    </p>
   </div>
   <div class='ocr_carea' id='block_1_26' title="bbox 373 2267 2039 2341">
    <p class='ocr_par' dir='ltr' id='par_1_26' title="bbox 373 2267 2039 2341">
     <span class='ocr_line' id='line_1_26' title="bbox 373 2267 2039 2341; baseline 0.001 -18"><span class='ocrx_word' id='word_1_185' title='bbox 373 2267 827 2341; x_wconf 83' lang='lat' dir='ltr'>perfectionem,</span> <span class='ocrx_word' id='word_1_186' title='bbox 849 2283 980 2338; x_wconf 74' lang='lat' dir='ltr'>quaa</span> <span class='ocrx_word' id='word_1_187' title='bbox 1003 2269 1194 2340; x_wconf 86' lang='lat' dir='ltr'>agitur</span> <span class='ocrx_word' id='word_1_188' title='bbox 1208 2284 1277 2323; x_wconf 84' lang='lat' dir='ltr'>ex</span> <span class='ocrx_word' id='word_1_189' title='bbox 1290 2269 1625 2341; x_wconf 84' lang='lat' dir='ltr'>Evangelio.</span> <span class='ocrx_word' id='word_1_190' title='bbox 1648 2269 1907 2325; x_wconf 87' lang='lat' dir='ltr'>Gloriam</span> <span class='ocrx_word' id='word_1_191' title='bbox 1932 2287 2039 2325; x_wconf 85' lang='lat' dir='ltr'>au-</span> 
     </span>
    </p>
   </div>
   <div class='ocr_carea' id='block_1_27' title="bbox 372 2358 2037 2431">
    <p class='ocr_par' dir='ltr' id='par_1_27' title="bbox 372 2358 2037 2431">
     <span class='ocr_line' id='line_1_27' title="bbox 372 2358 2037 2431; baseline 0.001 -17"><span class='ocrx_word' id='word_1_192' title='bbox 372 2363 496 2414; x_wconf 90' lang='lat' dir='ltr'>tem</span> <span class='ocrx_word' id='word_1_193' title='bbox 528 2358 639 2414; x_wconf 90' lang='lat' dir='ltr'>sibi</span> <span class='ocrx_word' id='word_1_194' title='bbox 665 2358 923 2429; x_wconf 87' lang='lat' dir='ltr'>acquirit</span> <span class='ocrx_word' id='word_1_195' title='bbox 952 2358 1276 2421; x_wconf 69' lang='lat' dir='ltr'>caelestem,</span> <span class='ocrx_word' id='word_1_196' title='bbox 1311 2360 1410 2430; x_wconf 89' lang='lat' dir='ltr'>qui</span> <span class='ocrx_word' id='word_1_197' title='bbox 1443 2360 1602 2431; x_wconf 91' lang='lat' dir='ltr'>apud</span> <span class='ocrx_word' id='word_1_198' title='bbox 1634 2376 1697 2414; x_wconf 89' lang='lat' dir='ltr'>se</span> <span class='ocrx_word' id='word_1_199' title='bbox 1726 2360 2037 2428; x_wconf 87' lang='lat' dir='ltr'>manserit,</span> 
     </span>
    </p>
   </div>
   <div class='ocr_carea' id='block_1_28' title="bbox 375 2447 2037 2520">
    <p class='ocr_par' dir='ltr' id='par_1_28' title="bbox 375 2447 2037 2520">
     <span class='ocr_line' id='line_1_28' title="bbox 375 2447 2037 2520; baseline 0 -16"><span class='ocrx_word' id='word_1_200' title='bbox 375 2465 532 2515; x_wconf 89' lang='lat' dir='ltr'>eam,</span> <span class='ocrx_word' id='word_1_201' title='bbox 566 2464 699 2519; x_wconf 70' lang='lat' dir='ltr'>qum</span> <span class='ocrx_word' id='word_1_202' title='bbox 731 2453 821 2503; x_wconf 91' lang='lat' dir='ltr'>est</span> <span class='ocrx_word' id='word_1_203' title='bbox 845 2453 1035 2502; x_wconf 91' lang='lat' dir='ltr'>morte</span> <span class='ocrx_word' id='word_1_204' title='bbox 1057 2447 1367 2513; x_wconf 86' lang='lat' dir='ltr'>dissoluta,</span> <span class='ocrx_word' id='word_1_205' title='bbox 1394 2448 1769 2520; x_wconf 89' lang='lat' dir='ltr'>impollutam</span> <span class='ocrx_word' id='word_1_206' title='bbox 1794 2466 2037 2505; x_wconf 89' lang='lat' dir='ltr'>servans</span> 
     </span>
    </p>
   </div>
   <div class='ocr_carea' id='block_1_29' title="bbox 373 2537 2040 2611">
    <p class='ocr_par' dir='ltr' id='par_1_29' title="bbox 373 2537 2040 2611">
     <span class='ocr_line' id='line_1_29' title="bbox 373 2537 2040 2611; baseline 0 -17"><span class='ocrx_word' id='word_1_207' title='bbox 373 2537 882 2610; x_wconf 88' lang='lat' dir='ltr'>conjunctionem,</span> <span class='ocrx_word' id='word_1_208' title='bbox 927 2543 984 2593; x_wconf 88' lang='lat' dir='ltr'>et</span> <span class='ocrx_word' id='word_1_209' title='bbox 1013 2543 1179 2610; x_wconf 88' lang='lat' dir='ltr'>grato</span> <span class='ocrx_word' id='word_1_210' title='bbox 1209 2554 1277 2593; x_wconf 88' lang='lat' dir='ltr'>ac</span> <span class='ocrx_word' id='word_1_211' title='bbox 1328 2538 1572 2594; x_wconf 90' lang='lat' dir='ltr'>lubente</span> <span class='ocrx_word' id='word_1_212' title='bbox 1619 2539 1819 2594; x_wconf 90' lang='lat' dir='ltr'>animo</span> <span class='ocrx_word' id='word_1_213' title='bbox 1860 2545 2040 2611; x_wconf 87' lang='lat' dir='ltr'>paret</span> 
     </span>
    </p>
   </div>
   <div class='ocr_carea' id='block_1_30' title="bbox 372 2626 2036 2698">
    <p class='ocr_par' dir='ltr' id='par_1_30' title="bbox 372 2626 2036 2698">
     <span class='ocr_line' id='line_1_30' title="bbox 372 2626 2036 2698; baseline 0.001 -14"><span class='ocrx_word' id='word_1_214' title='bbox 372 2626 741 2691; x_wconf 65' lang='lat' dir='ltr'>oeconomia,</span> <span class='ocrx_word' id='word_1_215' title='bbox 777 2643 883 2698; x_wconf 92' lang='lat' dir='ltr'>per</span> <span class='ocrx_word' id='word_1_216' title='bbox 913 2643 1095 2697; x_wconf 92' lang='lat' dir='ltr'>quam</span> <span class='ocrx_word' id='word_1_217' title='bbox 1127 2628 1404 2683; x_wconf 85' lang='lat' dir='ltr'>eﬂ‘ectum</span> <span class='ocrx_word' id='word_1_218' title='bbox 1437 2633 1545 2696; x_wconf 90' lang='lat' dir='ltr'>est,</span> <span class='ocrx_word' id='word_1_219' title='bbox 1588 2633 1655 2683; x_wconf 87' lang='lat' dir='ltr'>ut</span> <span class='ocrx_word' id='word_1_220' title='bbox 1675 2628 1877 2684; x_wconf 88' lang='lat' dir='ltr'>divelli</span> <span class='ocrx_word' id='word_1_221' title='bbox 1914 2646 2036 2685; x_wconf 91' lang='lat' dir='ltr'>non</span> 
     </span>
    </p>
   </div>
   <div class='ocr_carea' id='block_1_31' title="bbox 371 2715 2036 2790">
    <p class='ocr_par' dir='ltr' id='par_1_31' title="bbox 371 2715 2036 2790">
     <span class='ocr_line' id='line_1_31' title="bbox 371 2715 2036 2790; baseline 0.002 -19"><span class='ocrx_word' id='word_1_222' title='bbox 371 2717 561 2790; x_wconf 88' lang='lat' dir='ltr'>possit</span> <span class='ocrx_word' id='word_1_223' title='bbox 591 2732 626 2771; x_wconf 87' lang='lat' dir='ltr'>a</span> <span class='ocrx_word' id='word_1_224' title='bbox 655 2715 891 2771; x_wconf 88' lang='lat' dir='ltr'>Domini</span> <span class='ocrx_word' id='word_1_225' title='bbox 933 2716 1287 2771; x_wconf 88' lang='lat' dir='ltr'>ministerio.</span> <span class='ocrx_word' id='word_1_226' title='bbox 1333 2716 1443 2771; x_wconf 92' lang='lat' dir='ltr'>Sed</span> <span class='ocrx_word' id='word_1_227' title='bbox 1494 2733 1604 2773; x_wconf 90' lang='lat' dir='ltr'>nec</span> <span class='ocrx_word' id='word_1_228' title='bbox 1642 2734 1800 2786; x_wconf 88' lang='lat' dir='ltr'>eum,</span> <span class='ocrx_word' id='word_1_229' title='bbox 1831 2720 1932 2789; x_wconf 93' lang='lat' dir='ltr'>qui</span> <span class='ocrx_word' id='word_1_230' title='bbox 1964 2736 2036 2774; x_wconf 83' lang='lat' dir='ltr'>ex</span> 
     </span>
    </p>
   </div>
   <div class='ocr_carea' id='block_1_32' title="bbox 377 2804 2037 2880">
    <p class='ocr_par' dir='ltr' id='par_1_32' title="bbox 377 2804 2037 2880">
     <span class='ocr_line' id='line_1_32' title="bbox 377 2804 2037 2880; baseline 0.001 -18"><span class='ocrx_word' id='word_1_231' title='bbox 377 2805 677 2877; x_wconf 89' lang='lat' dir='ltr'>conjugali</span> <span class='ocrx_word' id='word_1_232' title='bbox 707 2805 895 2878; x_wconf 78' lang='lat' dir='ltr'>surgit</span> <span class='ocrx_word' id='word_1_233' title='bbox 915 2804 1119 2873; x_wconf 90' lang='lat' dir='ltr'>cubili,</span> <span class='ocrx_word' id='word_1_234' title='bbox 1137 2805 1416 2860; x_wconf 90' lang='lat' dir='ltr'>similiter</span> <span class='ocrx_word' id='word_1_235' title='bbox 1434 2810 1501 2861; x_wconf 91' lang='lat' dir='ltr'>ut</span> <span class='ocrx_word' id='word_1_236' title='bbox 1520 2805 1687 2875; x_wconf 87' lang='lat' dir='ltr'>olim,</span> <span class='ocrx_word' id='word_1_237' title='bbox 1704 2807 1850 2880; x_wconf 88' lang='lat' dir='ltr'>tingi</span> <span class='ocrx_word' id='word_1_238' title='bbox 1875 2825 2037 2863; x_wconf 87' lang='lat' dir='ltr'>nunc</span> 
     </span>
    </p>
   </div>
   <div class='ocr_carea' id='block_1_33' title="bbox 387 2893 2035 2968">
    <p class='ocr_par' dir='ltr' id='par_1_33' title="bbox 387 2893 2035 2968">
     <span class='ocr_line' id='line_1_33' title="bbox 387 2893 2035 2968; baseline 0.002 -18"><span class='ocrx_word' id='word_1_239' title='bbox 387 2910 625 2967; x_wconf 91' lang='lat' dir='ltr'>quoque</span> <span class='ocrx_word' id='word_1_240' title='bbox 649 2893 825 2966; x_wconf 89' lang='lat' dir='ltr'>jubet</span> <span class='ocrx_word' id='word_1_241' title='bbox 874 2893 1077 2950; x_wconf 87' lang='lat' dir='ltr'>divina</span> <span class='ocrx_word' id='word_1_242' title='bbox 1121 2911 1229 2967; x_wconf 91' lang='lat' dir='ltr'>per</span> <span class='ocrx_word' id='word_1_243' title='bbox 1275 2896 1596 2952; x_wconf 90' lang='lat' dir='ltr'>Dominum</span> <span class='ocrx_word' id='word_1_244' title='bbox 1628 2896 2035 2968; x_wconf 87' lang='lat' dir='ltr'>providentia:</span> 
     </span>
    </p>
   </div>
   <div class='ocr_carea' id='block_1_34' title="bbox 380 2983 2037 3058">
    <p class='ocr_par' dir='ltr' id='par_1_34' title="bbox 380 2983 2037 3058">
     <span class='ocr_line' id='line_1_34' title="bbox 380 2983 2037 3058; baseline 0.002 -18"><span class='ocrx_word' id='word_1_245' title='bbox 380 3001 501 3040; x_wconf 92' lang='lat' dir='ltr'>non</span> <span class='ocrx_word' id='word_1_246' title='bbox 536 2984 698 3039; x_wconf 91' lang='lat' dir='ltr'>enim</span> <span class='ocrx_word' id='word_1_247' title='bbox 730 2983 1067 3041; x_wconf 87' lang='lat' dir='ltr'>necessario</span> <span class='ocrx_word' id='word_1_248' title='bbox 1090 3001 1125 3039; x_wconf 87' lang='lat' dir='ltr'>a</span> <span class='ocrx_word' id='word_1_249' title='bbox 1150 2984 1475 3039; x_wconf 91' lang='lat' dir='ltr'>liberorum</span> <span class='ocrx_word' id='word_1_250' title='bbox 1499 2985 1744 3042; x_wconf 90' lang='lat' dir='ltr'>abducit</span> <span class='ocrx_word' id='word_1_251' title='bbox 1764 3003 2037 3058; x_wconf 90' lang='lat' dir='ltr'>procrea-</span> 
     </span>
    </p>
   </div>
   <div class='ocr_carea' id='block_1_35' title="bbox 375 3073 2036 3146">
    <p class='ocr_par' dir='ltr' id='par_1_35' title="bbox 375 3073 2036 3146">
     <span class='ocr_line' id='line_1_35' title="bbox 375 3073 2036 3146; baseline 0.002 -18"><span class='ocrx_word' id='word_1_252' title='bbox 375 3074 561 3140; x_wconf 88' lang='lat' dir='ltr'>tione,</span> <span class='ocrx_word' id='word_1_253' title='bbox 599 3074 701 3144; x_wconf 92' lang='lat' dir='ltr'>qui</span> <span class='ocrx_word' id='word_1_254' title='bbox 734 3073 1047 3129; x_wconf 87' lang='lat' dir='ltr'>credentes</span> <span class='ocrx_word' id='word_1_255' title='bbox 1068 3091 1174 3145; x_wconf 91' lang='lat' dir='ltr'>per</span> <span class='ocrx_word' id='word_1_256' title='bbox 1195 3090 1380 3129; x_wconf 92' lang='lat' dir='ltr'>unum</span> <span class='ocrx_word' id='word_1_257' title='bbox 1405 3074 1767 3146; x_wconf 88' lang='lat' dir='ltr'>baptismum</span> <span class='ocrx_word' id='word_1_258' title='bbox 1789 3076 1863 3131; x_wconf 87' lang='lat' dir='ltr'>ad</span> <span class='ocrx_word' id='word_1_259' title='bbox 1896 3093 2036 3132; x_wconf 89' lang='lat' dir='ltr'>con-</span> 
     </span>
    </p>
   </div>
   <div class='ocr_carea' id='block_1_36' title="bbox 378 3162 2035 3235">
    <p class='ocr_par' dir='ltr' id='par_1_36' title="bbox 378 3162 2035 3235">
     <span class='ocr_line' id='line_1_36' title="bbox 378 3162 2035 3235; baseline 0.002 -17"><span class='ocrx_word' id='word_1_260' title='bbox 378 3162 760 3219; x_wconf 83' lang='lat' dir='ltr'>suetudinem</span> <span class='ocrx_word' id='word_1_261' title='bbox 790 3163 951 3217; x_wconf 90' lang='lat' dir='ltr'>omni</span> <span class='ocrx_word' id='word_1_262' title='bbox 982 3180 1051 3218; x_wconf 84' lang='lat' dir='ltr'>ex</span> <span class='ocrx_word' id='word_1_263' title='bbox 1074 3169 1239 3235; x_wconf 91' lang='lat' dir='ltr'>parte</span> <span class='ocrx_word' id='word_1_264' title='bbox 1259 3163 1581 3235; x_wconf 86' lang='lat' dir='ltr'>perfectam</span> <span class='ocrx_word' id='word_1_265' title='bbox 1604 3164 1812 3233; x_wconf 88' lang='lat' dir='ltr'>abluit,</span> <span class='ocrx_word' id='word_1_266' title='bbox 1836 3166 2035 3221; x_wconf 88' lang='lat' dir='ltr'>Domi-</span> 
     </span>
    </p>
   </div>
   <div class='ocr_carea' id='block_1_37' title="bbox 2147 742 3811 821">
    <p class='ocr_par' dir='ltr' id='par_1_37' title="bbox 2147 742 3811 821">
     <span class='ocr_line' id='line_1_37' title="bbox 2147 742 3811 821; baseline 0.005 -23"><span class='ocrx_word' id='word_1_267' title='bbox 2147 742 2406 819; x_wconf 71' lang='grc' dir='ltr'>βοῦλεται</span> <span class='ocrx_word' id='word_1_268' title='bbox 2463 746 2668 806; x_wconf 77' lang='grc' dir='ltr'>ὲκεῖνος</span> <span class='ocrx_word' id='word_1_269' title='bbox 2704 789 2718 814; x_wconf 93' lang='grc'>,</span> <span class='ocrx_word' id='word_1_270' title='bbox 2768 744 3058 802; x_wconf 77' lang='grc' dir='ltr'>καταλύων</span> <span class='ocrx_word' id='word_1_271' title='bbox 3108 748 3205 802; x_wconf 86' lang='grc' dir='ltr'>τὸν</span> <span class='ocrx_word' id='word_1_272' title='bbox 3265 747 3435 821; x_wconf 86' lang='grc' dir='ltr'>νόμον</span> <span class='ocrx_word' id='word_1_273' title='bbox 3495 749 3571 812; x_wconf 83' lang='grc' dir='ltr'>ὡς</span> <span class='ocrx_word' id='word_1_274' title='bbox 3629 750 3811 807; x_wconf 81' lang='grc' dir='ltr'>ἄλλου</span> 
     </span>
    </p>
   </div>
   <div class='ocr_carea' id='block_1_38' title="bbox 2142 832 3812 911">
    <p class='ocr_par' dir='ltr' id='par_1_38' title="bbox 2142 832 3812 911">
     <span class='ocr_line' id='line_1_38' title="bbox 2142 832 3812 911; baseline 0.006 -25"><span class='ocrx_word' id='word_1_275' title='bbox 2142 838 2296 887; x_wconf 81' lang='grc' dir='ltr'>Θεοῦ’</span> <span class='ocrx_word' id='word_1_276' title='bbox 2332 832 2517 890; x_wconf 86' lang='grc' dir='ltr'>ἀλλ’ὁ</span> <span class='ocrx_word' id='word_1_277' title='bbox 2551 834 2709 897; x_wconf 72' lang='grc' dir='ltr'>αὐτὸς</span> <span class='ocrx_word' id='word_1_278' title='bbox 2759 837 2897 909; x_wconf 69' lang='grc' dir='ltr'>ἀνὴρ</span> <span class='ocrx_word' id='word_1_279' title='bbox 2949 837 3037 891; x_wconf 81' lang='grc' dir='ltr'>καὶ</span> <span class='ocrx_word' id='word_1_280' title='bbox 3102 837 3319 911; x_wconf 75' lang='grc' dir='ltr'>Κύριος,</span> <span class='ocrx_word' id='word_1_281' title='bbox 3369 836 3581 894; x_wconf 82' lang='grc' dir='ltr'>παλαιᾶ</span> <span class='ocrx_word' id='word_1_282' title='bbox 3638 840 3812 897; x_wconf 81' lang='grc' dir='ltr'>καινί-</span> 
     </span>
    </p>
   </div>
   <div class='ocr_carea' id='block_1_39' title="bbox 2145 919 3811 1005">
    <p class='ocr_par' dir='ltr' id='par_1_39' title="bbox 2145 919 3811 1005">
     <span class='ocr_line' id='line_1_39' title="bbox 2145 919 3811 1005; baseline 0.005 -30"><span class='ocrx_word' id='word_1_283' title='bbox 2145 926 2250 991; x_wconf 82' lang='grc' dir='ltr'>ζων</span> <span class='ocrx_word' id='word_1_284' title='bbox 2282 926 2420 996; x_wconf 82' lang='grc'>(67),</span> <span class='ocrx_word' id='word_1_285' title='bbox 2474 923 2536 978; x_wconf 77' lang='grc' dir='ltr'>οὗ</span> <span class='ocrx_word' id='word_1_286' title='bbox 2605 921 2963 1000; x_wconf 86' lang='grc' dir='ltr'>πολυγαμίαν</span> <span class='ocrx_word' id='word_1_287' title='bbox 3023 919 3101 979; x_wconf 76' lang='grc' dir='ltr'>ἔτι</span> <span class='ocrx_word' id='word_1_288' title='bbox 3162 931 3465 1001; x_wconf 75' lang='grc' dir='ltr'>συγχιορεῖο</span> <span class='ocrx_word' id='word_1_289' title='bbox 3498 929 3649 997; x_wconf 81' lang='grc' dir='ltr'>(τότε</span> <span class='ocrx_word' id='word_1_290' title='bbox 3704 930 3811 1005; x_wconf 72' lang='grc' dir='ltr'>γὰρ</span> 
     </span>
    </p>
   </div>
   <div class='ocr_carea' id='block_1_40' title="bbox 2145 1011 3808 1087">
    <p class='ocr_par' dir='ltr' id='par_1_40' title="bbox 2145 1011 3808 1087">
     <span class='ocr_line' id='line_1_40' title="bbox 2145 1011 3808 1087; baseline 0.004 -22"><span class='ocrx_word' id='word_1_291' title='bbox 2145 1011 2340 1086; x_wconf 75' lang='grc' dir='ltr'>ἃπῄτει</span> <span class='ocrx_word' id='word_1_292' title='bbox 2381 1015 2491 1087; x_wconf 88' lang='lat'>(68)</span> <span class='ocrx_word' id='word_1_293' title='bbox 2546 1014 2575 1067; x_wconf 98' lang='lat'>6</span> <span class='ocrx_word' id='word_1_294' title='bbox 2624 1016 2778 1079; x_wconf 85' lang='grc' dir='ltr'>Θεὸς,</span> <span class='ocrx_word' id='word_1_295' title='bbox 2841 1012 2931 1068; x_wconf 77' lang='grc' dir='ltr'>ὅτε</span> <span class='ocrx_word' id='word_1_296' title='bbox 2987 1011 3303 1084; x_wconf 77' lang='grc' dir='ltr'>αὒξάνεσθαι</span> <span class='ocrx_word' id='word_1_297' title='bbox 3360 1015 3453 1070; x_wconf 83' lang='grc' dir='ltr'>καὶ</span> <span class='ocrx_word' id='word_1_298' title='bbox 3500 1013 3808 1087; x_wconf 73' lang='grc' dir='ltr'>πληθύνειν</span> 
     </span>
    </p>
   </div>
   <div class='ocr_carea' id='block_1_41' title="bbox 2143 1100 3818 1179">
    <p class='ocr_par' dir='ltr' id='par_1_41' title="bbox 2143 1100 3818 1179">
     <span class='ocr_line' id='line_1_41' title="bbox 2143 1100 3818 1179; baseline 0.005 -24"><span class='ocrx_word' id='word_1_299' title='bbox 2143 1100 2361 1177; x_wconf 63' lang='grc' dir='ltr'>ἐχρῆν)</span> <span class='ocrx_word' id='word_1_300' title='bbox 2412 1104 2752 1178; x_wconf 86' lang='grc' dir='ltr'>μονογαμίαν</span> <span class='ocrx_word' id='word_1_301' title='bbox 2805 1101 2863 1159; x_wconf 68' lang='grc' dir='ltr'>δὲ</span> <span class='ocrx_word' id='word_1_302' title='bbox 2921 1103 3121 1179; x_wconf 74' lang='grc' dir='ltr'>εῗσάγει</span> <span class='ocrx_word' id='word_1_303' title='bbox 3175 1101 3265 1159; x_wconf 81' lang='grc' dir='ltr'>διὰ</span> <span class='ocrx_word' id='word_1_304' title='bbox 3312 1103 3661 1161; x_wconf 80' lang='grc' dir='ltr'>παιδοποιίαν</span> <span class='ocrx_word' id='word_1_305' title='bbox 3723 1111 3818 1165; x_wconf 78' lang='grc' dir='ltr'>καὶ</span> 
     </span>
    </p>
   </div>
   <div class='ocr_carea' id='block_1_42' title="bbox 2140 1190 3807 1269">
    <p class='ocr_par' dir='ltr' id='par_1_42' title="bbox 2140 1190 3807 1269">
     <span class='ocr_line' id='line_1_42' title="bbox 2140 1190 3807 1269; baseline 0.005 -24"><span class='ocrx_word' id='word_1_306' title='bbox 2140 1191 2240 1258; x_wconf 80' lang='grc' dir='ltr'>τὴν</span> <span class='ocrx_word' id='word_1_307' title='bbox 2288 1196 2385 1246; x_wconf 78' lang='grc' dir='ltr'>τοῦ</span> <span class='ocrx_word' id='word_1_308' title='bbox 2443 1190 2598 1248; x_wconf 69' lang='grc' dir='ltr'>οἴκου</span> <span class='ocrx_word' id='word_1_309' title='bbox 2647 1190 2999 1265; x_wconf 68' lang='grc' dir='ltr'>κηδεμονίαν,</span> <span class='ocrx_word' id='word_1_310' title='bbox 3060 1192 3136 1256; x_wconf 85' lang='grc' dir='ltr'>είς</span> <span class='ocrx_word' id='word_1_311' title='bbox 3197 1193 3263 1263; x_wconf 73' lang='grc' dir='ltr'>ἢν</span> <span class='ocrx_word' id='word_1_312' title='bbox 3319 1195 3525 1269; x_wconf 80' lang='grc' dir='ltr'>βοηθὸς</span> <span class='ocrx_word' id='word_1_313' title='bbox 3568 1193 3735 1266; x_wconf 81' lang='grc' dir='ltr'>ἐδόθη</span> <span class='ocrx_word' id='word_1_314' title='bbox 3768 1199 3807 1266; x_wconf 72' lang='grc' dir='ltr'>ἢ</span> 
     </span>
    </p>
   </div>
   <div class='ocr_carea' id='block_1_43' title="bbox 2142 1280 3814 1359">
    <p class='ocr_par' dir='ltr' id='par_1_43' title="bbox 2142 1280 3814 1359">
     <span class='ocr_line' id='line_1_43' title="bbox 2142 1280 3814 1359; baseline 0.005 -26"><span class='ocrx_word' id='word_1_315' title='bbox 2142 1281 2299 1354; x_wconf 82' lang='grc' dir='ltr'>γυνή·</span> <span class='ocrx_word' id='word_1_316' title='bbox 2345 1280 2434 1336; x_wconf 81' lang='grc' dir='ltr'>καὶ</span> <span class='ocrx_word' id='word_1_317' title='bbox 2470 1282 2516 1336; x_wconf 80' lang='grc' dir='ltr'>εἳ</span> <span class='ocrx_word' id='word_1_318' title='bbox 2561 1302 2669 1336; x_wconf 91' lang='grc' dir='ltr'>τινι</span> <span class='ocrx_word' id='word_1_319' title='bbox 2701 1287 2814 1355; x_wconf 85' lang='grc'>(69)</span> <span class='ocrx_word' id='word_1_320' title='bbox 2844 1283 2873 1337; x_wconf 93' lang='lat'>6</span> <span class='ocrx_word' id='word_1_321' title='bbox 2907 1281 3249 1345; x_wconf 78' lang='grc' dir='ltr'>’Δπόστολος</span> <span class='ocrx_word' id='word_1_322' title='bbox 3299 1280 3371 1339; x_wconf 86' lang='grc' dir='ltr'>δι’</span> <span class='ocrx_word' id='word_1_323' title='bbox 3408 1282 3667 1359; x_wconf 83' lang='grc' dir='ltr'>ἀκρασίαν</span> <span class='ocrx_word' id='word_1_324' title='bbox 3719 1286 3814 1341; x_wconf 79' lang='grc' dir='ltr'>καὶ</span> 
     </span>
    </p>
   </div>
   <div class='ocr_carea' id='block_1_44' title="bbox 2141 1368 3814 1450">
    <p class='ocr_par' dir='ltr' id='par_1_44' title="bbox 2141 1368 3814 1450">
     <span class='ocr_line' id='line_1_44' title="bbox 2141 1368 3814 1450; baseline 0.004 -26"><span class='ocrx_word' id='word_1_325' title='bbox 2141 1369 2385 1446; x_wconf 81' lang='grc' dir='ltr'>πύρωσιν</span> <span class='ocrx_word' id='word_1_326' title='bbox 2431 1372 2568 1426; x_wconf 76' lang='grc' dir='ltr'>κατὰ</span> <span class='ocrx_word' id='word_1_327' title='bbox 2624 1373 2956 1447; x_wconf 78' lang='grc' dir='ltr'>συγγνώμην</span> <span class='ocrx_word' id='word_1_328' title='bbox 3018 1368 3271 1448; x_wconf 72' lang='grc' dir='ltr'>δευτέρου</span> <span class='ocrx_word' id='word_1_329' title='bbox 3323 1370 3651 1446; x_wconf 82' lang='grc' dir='ltr'>μεταδίδωσι</span> <span class='ocrx_word' id='word_1_330' title='bbox 3704 1378 3814 1450; x_wconf 80' lang='grc' dir='ltr'>γά-</span> 
     </span>
    </p>
   </div>
   <div class='ocr_carea' id='block_1_45' title="bbox 2145 1460 3815 1538">
    <p class='ocr_par' dir='ltr' id='par_1_45' title="bbox 2145 1460 3815 1538">
     <span class='ocr_line' id='line_1_45' title="bbox 2145 1460 3815 1538; baseline 0.003 -22"><span class='ocrx_word' id='word_1_331' title='bbox 2145 1460 2522 1535; x_wconf 72' lang='grc' dir='ltr'>μου’ἔπεὶκαὶ</span> <span class='ocrx_word' id='word_1_332' title='bbox 2555 1462 2711 1525; x_wconf 86' lang='grc' dir='ltr'>οὗτος</span> <span class='ocrx_word' id='word_1_333' title='bbox 2747 1462 2859 1537; x_wconf 84' lang='grc' dir='ltr'>οὐχ</span> <span class='ocrx_word' id='word_1_334' title='bbox 2916 1463 3209 1538; x_wconf 78' lang='grc' dir='ltr'>ἁμαρτάνει</span> <span class='ocrx_word' id='word_1_335' title='bbox 3272 1463 3365 1536; x_wconf 69' lang='grc' dir='ltr'>μὲν</span> <span class='ocrx_word' id='word_1_336' title='bbox 3423 1465 3563 1520; x_wconf 81' lang='grc' dir='ltr'>κατᾶ</span> <span class='ocrx_word' id='word_1_337' title='bbox 3601 1468 3815 1537; x_wconf 85' lang='grc' dir='ltr'>Διαθή-</span> 
     </span>
    </p>
   </div>
   <div class='ocr_carea' id='block_1_46' title="bbox 2139 1549 3817 1630">
    <p class='ocr_par' dir='ltr' id='par_1_46' title="bbox 2139 1549 3817 1630">
     <span class='ocr_line' id='line_1_46' title="bbox 2139 1549 3817 1630; baseline 0.003 -24"><span class='ocrx_word' id='word_1_338' title='bbox 2139 1571 2244 1620; x_wconf 84' lang='grc' dir='ltr'>κην</span> <span class='ocrx_word' id='word_1_339' title='bbox 2277 1550 2362 1623; x_wconf 85' lang='grc' dir='ltr'>(οὐ</span> <span class='ocrx_word' id='word_1_340' title='bbox 2393 1551 2493 1626; x_wconf 67' lang='grc' dir='ltr'>γὰρ</span> <span class='ocrx_word' id='word_1_341' title='bbox 2523 1549 2831 1606; x_wconf 73' lang='grc' dir='ltr'>κεκώλυται</span> <span class='ocrx_word' id='word_1_342' title='bbox 2864 1552 2999 1623; x_wconf 82' lang='grc' dir='ltr'>πρὸς</span> <span class='ocrx_word' id='word_1_343' title='bbox 3045 1556 3145 1606; x_wconf 80' lang='grc' dir='ltr'>τοῦ</span> <span class='ocrx_word' id='word_1_344' title='bbox 3203 1555 3423 1624; x_wconf 79' lang='grc' dir='ltr'>νόμου),</span> <span class='ocrx_word' id='word_1_345' title='bbox 3484 1553 3547 1609; x_wconf 82' lang='grc' dir='ltr'>οὐ</span> <span class='ocrx_word' id='word_1_346' title='bbox 3591 1553 3817 1630; x_wconf 85' lang='grc' dir='ltr'>πληροῖ</span> 
     </span>
    </p>
   </div>
   <div class='ocr_carea' id='block_1_47' title="bbox 2141 1636 3815 1715">
    <p class='ocr_par' dir='ltr' id='par_1_47' title="bbox 2141 1636 3815 1715">
     <span class='ocr_line' id='line_1_47' title="bbox 2141 1636 3815 1715; baseline 0.001 -20"><span class='ocrx_word' id='word_1_347' title='bbox 2141 1636 2200 1695; x_wconf 76' lang='grc' dir='ltr'>δὲ</span> <span class='ocrx_word' id='word_1_348' title='bbox 2228 1646 2327 1708; x_wconf 74' lang='grc' dir='ltr'>τῆς</span> <span class='ocrx_word' id='word_1_349' title='bbox 2352 1639 2489 1695; x_wconf 85' lang='grc' dir='ltr'>κατά</span> <span class='ocrx_word' id='word_1_350' title='bbox 2515 1640 2579 1695; x_wconf 87' lang='grc' dir='ltr'>τὸ</span> <span class='ocrx_word' id='word_1_351' title='bbox 2609 1639 2947 1715; x_wconf 77' lang='grc' dir='ltr'>Εὐαγγὲλιον</span> <span class='ocrx_word' id='word_1_352' title='bbox 3006 1639 3293 1705; x_wconf 74' lang='grc' dir='ltr'>πολιτείας</span> <span class='ocrx_word' id='word_1_353' title='bbox 3342 1643 3441 1710; x_wconf 84' lang='grc' dir='ltr'>τήν</span> <span class='ocrx_word' id='word_1_354' title='bbox 3500 1645 3619 1699; x_wconf 72' lang='grc' dir='ltr'>κατ’</span> <span class='ocrx_word' id='word_1_355' title='bbox 3684 1641 3815 1699; x_wconf 78' lang='grc' dir='ltr'>ἐπί-</span> 
     </span>
    </p>
   </div>
   <div class='ocr_carea' id='block_1_48' title="bbox 2140 1725 3814 1807">
    <p class='ocr_par' dir='ltr' id='par_1_48' title="bbox 2140 1725 3814 1807">
     <span class='ocr_line' id='line_1_48' title="bbox 2140 1725 3814 1807; baseline 0.004 -25"><span class='ocrx_word' id='word_1_356' title='bbox 2140 1748 2291 1782; x_wconf 90' lang='grc' dir='ltr'>τασιν</span> <span class='ocrx_word' id='word_1_357' title='bbox 2314 1727 2658 1798; x_wconf 77' lang='grc' dir='ltr'>τελειότητα·</span> <span class='ocrx_word' id='word_1_358' title='bbox 2693 1726 2850 1798; x_wconf 78' lang='grc' dir='ltr'>δόξαν</span> <span class='ocrx_word' id='word_1_359' title='bbox 2906 1725 2965 1784; x_wconf 72' lang='grc' dir='ltr'>δὲ</span> <span class='ocrx_word' id='word_1_360' title='bbox 3020 1730 3173 1803; x_wconf 81' lang='grc' dir='ltr'>αὖτῷ</span> <span class='ocrx_word' id='word_1_361' title='bbox 3211 1730 3473 1807; x_wconf 77' lang='grc' dir='ltr'>οὐράνιον</span> <span class='ocrx_word' id='word_1_362' title='bbox 3527 1738 3814 1803; x_wconf 82' lang='grc' dir='ltr'>περιποεῖ,</span> 
     </span>
    </p>
   </div>
   <div class='ocr_carea' id='block_1_49' title="bbox 2145 1815 3812 1895">
    <p class='ocr_par' dir='ltr' id='par_1_49' title="bbox 2145 1815 3812 1895">
     <span class='ocr_line' id='line_1_49' title="bbox 2145 1815 3812 1895; baseline 0.003 -24"><span class='ocrx_word' id='word_1_363' title='bbox 2145 1817 2333 1890; x_wconf 88' lang='grc' dir='ltr'>μείνας</span> <span class='ocrx_word' id='word_1_364' title='bbox 2364 1816 2689 1895; x_wconf 70' lang='grc' dir='ltr'>ἐφ’ἒαυτοῦ,</span> <span class='ocrx_word' id='word_1_365' title='bbox 2738 1816 2829 1873; x_wconf 79' lang='grc' dir='ltr'>καί</span> <span class='ocrx_word' id='word_1_366' title='bbox 2885 1818 2984 1886; x_wconf 81' lang='grc' dir='ltr'>τὴν</span> <span class='ocrx_word' id='word_1_367' title='bbox 3043 1815 3390 1874; x_wconf 78' lang='grc' dir='ltr'>διαλυθεῖσαν</span> <span class='ocrx_word' id='word_1_368' title='bbox 3445 1820 3660 1894; x_wconf 83' lang='grc' dir='ltr'>θανάτῳ</span> <span class='ocrx_word' id='word_1_369' title='bbox 3713 1841 3812 1876; x_wconf 86' lang='grc' dir='ltr'>συ-</span> 
     </span>
    </p>
   </div>
   <div class='ocr_carea' id='block_1_50' title="bbox 2149 1904 3815 1985">
    <p class='ocr_par' dir='ltr' id='par_1_50' title="bbox 2149 1904 3815 1985">
     <span class='ocr_line' id='line_1_50' title="bbox 2149 1904 3815 1985; baseline 0.004 -25"><span class='ocrx_word' id='word_1_370' title='bbox 2149 1907 2336 1982; x_wconf 83' lang='grc' dir='ltr'>ζυγίαν</span> <span class='ocrx_word' id='word_1_371' title='bbox 2365 1904 2633 1980; x_wconf 58' lang='grc' dir='ltr'>ἄλραντον</span> <span class='ocrx_word' id='word_1_372' title='bbox 2659 1904 2970 1985; x_wconf 78' lang='grc' dir='ltr'>φυλάσσων,</span> <span class='ocrx_word' id='word_1_373' title='bbox 3023 1909 3109 1963; x_wconf 83' lang='grc' dir='ltr'>καὶ</span> <span class='ocrx_word' id='word_1_374' title='bbox 3162 1907 3231 1983; x_wconf 74' lang='grc' dir='ltr'>τῇ</span> <span class='ocrx_word' id='word_1_375' title='bbox 3277 1908 3570 1983; x_wconf 78' lang='grc' dir='ltr'>οἰκονομίᾳ</span> <span class='ocrx_word' id='word_1_376' title='bbox 3621 1910 3815 1975; x_wconf 80' lang='grc' dir='ltr'>πειθό-</span> 
     </span>
    </p>
   </div>
   <div class='ocr_carea' id='block_1_51' title="bbox 2148 1994 3816 2072">
    <p class='ocr_par' dir='ltr' id='par_1_51' title="bbox 2148 1994 3816 2072">
     <span class='ocr_line' id='line_1_51' title="bbox 2148 1994 3816 2072; baseline 0.002 -22"><span class='ocrx_word' id='word_1_377' title='bbox 2148 2016 2308 2070; x_wconf 85' lang='grc' dir='ltr'>μενος</span> <span class='ocrx_word' id='word_1_378' title='bbox 2363 1994 2687 2072; x_wconf 72' lang='grc' dir='ltr'>εὐαρέστως,</span> <span class='ocrx_word' id='word_1_379' title='bbox 2744 1997 2865 2060; x_wconf 80' lang='grc' dir='ltr'>καθ’</span> <span class='ocrx_word' id='word_1_380' title='bbox 2922 1997 2989 2067; x_wconf 76' lang='grc' dir='ltr'>ἢν</span> <span class='ocrx_word' id='word_1_381' title='bbox 3076 1995 3478 2070; x_wconf 80' lang='grc' dir='ltr'>ἀπερίσπαστος</span> <span class='ocrx_word' id='word_1_382' title='bbox 3536 2000 3654 2072; x_wconf 84' lang='grc'>(70)</span> <span class='ocrx_word' id='word_1_383' title='bbox 3708 2005 3816 2068; x_wconf 83' lang='grc' dir='ltr'>τῆς</span> 
     </span>
    </p>
   </div>
   <div class='ocr_carea' id='block_1_52' title="bbox 2143 2084 3816 2162">
    <p class='ocr_par' dir='ltr' id='par_1_52' title="bbox 2143 2084 3816 2162">
     <span class='ocr_line' id='line_1_52' title="bbox 2143 2084 3816 2162; baseline 0.002 -21"><span class='ocrx_word' id='word_1_384' title='bbox 2143 2090 2241 2141; x_wconf 79' lang='grc' dir='ltr'>τοῦ</span> <span class='ocrx_word' id='word_1_385' title='bbox 2274 2085 2474 2160; x_wconf 83' lang='grc' dir='ltr'>Κυρίου</span> <span class='ocrx_word' id='word_1_386' title='bbox 2504 2086 2700 2161; x_wconf 79' lang='grc' dir='ltr'>γὲγονε</span> <span class='ocrx_word' id='word_1_387' title='bbox 2757 2084 3125 2162; x_wconf 82' lang='grc' dir='ltr'>λειτουργίας.</span> <span class='ocrx_word' id='word_1_388' title='bbox 3174 2084 3315 2144; x_wconf 73' lang='grc' dir='ltr'>Οὐδὲ</span> <span class='ocrx_word' id='word_1_389' title='bbox 3375 2088 3482 2160; x_wconf 74' lang='grc' dir='ltr'>μὴν</span> <span class='ocrx_word' id='word_1_390' title='bbox 3549 2087 3642 2143; x_wconf 84' lang='grc' dir='ltr'>τὸν</span> <span class='ocrx_word' id='word_1_391' title='bbox 3702 2086 3816 2144; x_wconf 76' lang='grc' dir='ltr'>ἀπὸ</span> 
     </span>
    </p>
   </div>
   <div class='ocr_carea' id='block_1_53' title="bbox 2143 2174 3814 2250">
    <p class='ocr_par' dir='ltr' id='par_1_53' title="bbox 2143 2174 3814 2250">
     <span class='ocr_line' id='line_1_53' title="bbox 2143 2174 3814 2250; baseline 0.002 -20"><span class='ocrx_word' id='word_1_392' title='bbox 2143 2181 2243 2244; x_wconf 80' lang='grc' dir='ltr'>τῆς</span> <span class='ocrx_word' id='word_1_393' title='bbox 2275 2174 2413 2229; x_wconf 74' lang='grc' dir='ltr'>κατὰ</span> <span class='ocrx_word' id='word_1_394' title='bbox 2451 2176 2708 2250; x_wconf 84' lang='grc' dir='ltr'>συζυγίαν</span> <span class='ocrx_word' id='word_1_395' title='bbox 2774 2174 2965 2245; x_wconf 82' lang='grc' dir='ltr'>κοίτης</span> <span class='ocrx_word' id='word_1_396' title='bbox 3014 2178 3150 2249; x_wconf 82' lang='lat'>(71).</span> <span class='ocrx_word' id='word_1_397' title='bbox 3209 2176 3419 2248; x_wconf 73' lang='grc' dir='ltr'>ὁμοίως</span> <span class='ocrx_word' id='word_1_398' title='bbox 3478 2177 3556 2239; x_wconf 89' lang='grc' dir='ltr'>ὡς</span> <span class='ocrx_word' id='word_1_399' title='bbox 3612 2177 3814 2247; x_wconf 81' lang='grc' dir='ltr'>πάλαι,</span> 
     </span>
    </p>
   </div>
   <div class='ocr_carea' id='block_1_54' title="bbox 2149 2263 3813 2340">
    <p class='ocr_par' dir='ltr' id='par_1_54' title="bbox 2149 2263 3813 2340">
     <span class='ocr_line' id='line_1_54' title="bbox 2149 2263 3813 2340; baseline 0.002 -22"><span class='ocrx_word' id='word_1_400' title='bbox 2149 2263 2500 2340; x_wconf 80' lang='grc' dir='ltr'>βαπτίζεσθαι</span> <span class='ocrx_word' id='word_1_401' title='bbox 2558 2265 2646 2319; x_wconf 81' lang='grc' dir='ltr'>καὶ</span> <span class='ocrx_word' id='word_1_402' title='bbox 2697 2268 2791 2318; x_wconf 65' lang='grc' dir='ltr'>νῦν</span> <span class='ocrx_word' id='word_1_403' title='bbox 2853 2265 3181 2339; x_wconf 80' lang='grc' dir='ltr'>προστάσσει</span> <span class='ocrx_word' id='word_1_404' title='bbox 3254 2267 3289 2335; x_wconf 78' lang='grc' dir='ltr'><strong>ἡ</strong></span> <span class='ocrx_word' id='word_1_405' title='bbox 3371 2267 3489 2329; x_wconf 85' lang='grc' dir='ltr'>θεία</span> <span class='ocrx_word' id='word_1_406' title='bbox 3542 2264 3635 2321; x_wconf 76' lang='grc' dir='ltr'>διὰ</span> <span class='ocrx_word' id='word_1_407' title='bbox 3701 2269 3813 2324; x_wconf 78' lang='grc' dir='ltr'>Κυ-</span> 
     </span>
    </p>
   </div>
   <div class='ocr_carea' id='block_1_55' title="bbox 2147 2352 3815 2430">
    <p class='ocr_par' dir='ltr' id='par_1_55' title="bbox 2147 2352 3815 2430">
     <span class='ocr_line' id='line_1_55' title="bbox 2147 2352 3815 2430; baseline 0.002 -23"><span class='ocrx_word' id='word_1_408' title='bbox 2147 2354 2266 2429; x_wconf 87' lang='grc' dir='ltr'>ρίου</span> <span class='ocrx_word' id='word_1_409' title='bbox 2349 2354 2603 2427; x_wconf 86' lang='grc' dir='ltr'>πρόνοια·</span> <span class='ocrx_word' id='word_1_410' title='bbox 2698 2354 2764 2408; x_wconf 83' lang='grc' dir='ltr'>οὐ</span> <span class='ocrx_word' id='word_1_411' title='bbox 2845 2356 2947 2429; x_wconf 75' lang='grc' dir='ltr'>γὰρ</span> <span class='ocrx_word' id='word_1_412' title='bbox 3062 2352 3355 2430; x_wconf 66' lang='grc' dir='ltr'>ἐπάναγκες</span> <span class='ocrx_word' id='word_1_413' title='bbox 3452 2352 3815 2420; x_wconf 82' lang='grc' dir='ltr'>παιδοποιίας</span> 
     </span>
    </p>
   </div>
   <div class='ocr_carea' id='block_1_56' title="bbox 2146 2441 3813 2521">
    <p class='ocr_par' dir='ltr' id='par_1_56' title="bbox 2146 2441 3813 2521">
     <span class='ocr_line' id='line_1_56' title="bbox 2146 2441 3813 2521; baseline 0.001 -22"><span class='ocrx_word' id='word_1_414' title='bbox 2146 2443 2404 2521; x_wconf 79' lang='grc' dir='ltr'>ἀφίστησι</span> <span class='ocrx_word' id='word_1_415' title='bbox 2482 2442 2610 2505; x_wconf 83' lang='grc' dir='ltr'>τοὺς</span> <span class='ocrx_word' id='word_1_416' title='bbox 2690 2442 3039 2505; x_wconf 83' lang='grc' dir='ltr'>πιστεύοντας</span> <span class='ocrx_word' id='word_1_417' title='bbox 3079 2487 3093 2513; x_wconf 93' lang='grc'>,</span> <span class='ocrx_word' id='word_1_418' title='bbox 3154 2441 3225 2499; x_wconf 80' lang='grc' dir='ltr'>δι’</span> <span class='ocrx_word' id='word_1_419' title='bbox 3290 2443 3409 2507; x_wconf 80' lang='grc' dir='ltr'>ἐνὸς</span> <span class='ocrx_word' id='word_1_420' title='bbox 3498 2445 3813 2520; x_wconf 81' lang='grc' dir='ltr'>βαπτίσμα-</span> 
     </span>
    </p>
   </div>
   <div class='ocr_carea' id='block_1_57' title="bbox 2142 2530 3812 2605">
    <p class='ocr_par' dir='ltr' id='par_1_57' title="bbox 2142 2530 3812 2605">
     <span class='ocr_line' id='line_1_57' title="bbox 2142 2530 3812 2605; baseline 0.001 -17"><span class='ocrx_word' id='word_1_421' title='bbox 2142 2550 2240 2595; x_wconf 80' lang='grc' dir='ltr'>τος</span> <span class='ocrx_word' id='word_1_422' title='bbox 2324 2532 2403 2597; x_wconf 76' lang='grc' dir='ltr'>εἷς</span> <span class='ocrx_word' id='word_1_423' title='bbox 2501 2534 2564 2588; x_wconf 85' lang='grc' dir='ltr'>τὸ</span> <span class='ocrx_word' id='word_1_424' title='bbox 2648 2530 2913 2594; x_wconf 75' lang='grc' dir='ltr'>παντελὲς</span> <span class='ocrx_word' id='word_1_425' title='bbox 3004 2540 3105 2599; x_wconf 81' lang='grc' dir='ltr'>τῆς</span> <span class='ocrx_word' id='word_1_426' title='bbox 3181 2533 3408 2605; x_wconf 81' lang='grc' dir='ltr'>ὁμιλίας</span> <span class='ocrx_word' id='word_1_427' title='bbox 3488 2534 3812 2596; x_wconf 74' lang='grc' dir='ltr'>ἀπολούσας</span> 
     </span>
    </p>
   </div>
   <div class='ocr_carea' id='block_1_58' title="bbox 2145 2620 3805 2698">
    <p class='ocr_par' dir='ltr' id='par_1_58' title="bbox 2145 2620 3805 2698">
     <span class='ocr_line' id='line_1_58' title="bbox 2145 2620 3805 2698; baseline 0.001 -21"><span class='ocrx_word' id='word_1_428' title='bbox 2145 2623 2173 2677; x_wconf 89' lang='lat'>6</span> <span class='ocrx_word' id='word_1_429' title='bbox 2238 2622 2458 2698; x_wconf 82' lang='grc' dir='ltr'>Κύριος,</span> <span class='ocrx_word' id='word_1_430' title='bbox 2538 2620 2585 2677; x_wconf 82' lang='grc' dir='ltr'>εί</span> <span class='ocrx_word' id='word_1_431' title='bbox 2643 2623 2732 2678; x_wconf 86' lang='grc' dir='ltr'>καὶ</span> <span class='ocrx_word' id='word_1_432' title='bbox 2788 2622 2858 2676; x_wconf 74' lang='grc' dir='ltr'>τὰ</span> <span class='ocrx_word' id='word_1_433' title='bbox 2912 2621 3102 2677; x_wconf 78' lang='grc' dir='ltr'>πολλὰ</span> <span class='ocrx_word' id='word_1_434' title='bbox 3159 2624 3440 2686; x_wconf 83' lang='grc' dir='ltr'>Μωϋσὲως</span> <span class='ocrx_word' id='word_1_435' title='bbox 3528 2621 3599 2679; x_wconf 82' lang='grc' dir='ltr'>δι’</span> <span class='ocrx_word' id='word_1_436' title='bbox 3685 2624 3805 2686; x_wconf 76' lang='grc' dir='ltr'>ἑνὸς</span> 
     </span>
    </p>
   </div>
   <div class='ocr_carea' id='block_1_59' title="bbox 2144 2706 3810 2787">
    <p class='ocr_par' dir='ltr' id='par_1_59' title="bbox 2144 2706 3810 2787">
     <span class='ocr_line' id='line_1_59' title="bbox 2144 2706 3810 2787; baseline 0.001 -20"><span class='ocrx_word' id='word_1_437' title='bbox 2144 2706 2461 2787; x_wconf 81' lang='grc' dir='ltr'>περιλαϐὼν</span> <span class='ocrx_word' id='word_1_438' title='bbox 2495 2710 2890 2787; x_wconf 85' lang='grc' dir='ltr'>βαπτίσματος.</span> <span class='ocrx_word' id='word_1_439' title='bbox 2953 2712 3195 2768; x_wconf 78' lang='grc' dir='ltr'>’Δνωθεν</span> <span class='ocrx_word' id='word_1_440' title='bbox 3248 2708 3340 2766; x_wconf 80' lang='grc' dir='ltr'>οὖν</span> <span class='ocrx_word' id='word_1_441' title='bbox 3395 2712 3425 2766; x_wconf 89' lang='lat'>6</span> <span class='ocrx_word' id='word_1_442' title='bbox 3480 2713 3654 2784; x_wconf 90' lang='grc' dir='ltr'>νόμος</span> <span class='ocrx_word' id='word_1_443' title='bbox 3706 2714 3810 2781; x_wconf 78' lang='grc' dir='ltr'>τὴν</span> 
     </span>
    </p>
   </div>
   <div class='ocr_carea' id='block_1_60' title="bbox 2146 2799 3816 2877">
    <p class='ocr_par' dir='ltr' id='par_1_60' title="bbox 2146 2799 3816 2877">
     <span class='ocr_line' id='line_1_60' title="bbox 2146 2799 3816 2877; baseline 0.001 -21"><span class='ocrx_word' id='word_1_444' title='bbox 2146 2800 2498 2877; x_wconf 78' lang='grc' dir='ltr'>ἆναγὲννησιν</span> <span class='ocrx_word' id='word_1_445' title='bbox 2532 2804 2695 2875; x_wconf 78' lang='grc' dir='ltr'>ἡμῶν</span> <span class='ocrx_word' id='word_1_446' title='bbox 2757 2802 3139 2876; x_wconf 70' lang='grc' dir='ltr'>προφητεύων,</span> <span class='ocrx_word' id='word_1_447' title='bbox 3200 2799 3291 2856; x_wconf 82' lang='grc' dir='ltr'>διὰ</span> <span class='ocrx_word' id='word_1_448' title='bbox 3330 2809 3593 2874; x_wconf 83' lang='grc' dir='ltr'>σαρκικῆς</span> <span class='ocrx_word' id='word_1_449' title='bbox 3661 2803 3816 2877; x_wconf 77' lang='grc' dir='ltr'>γενέ-</span> 
     </span>
    </p>
   </div>
   <div class='ocr_carea' id='block_1_61' title="bbox 2146 2876 3817 2969">
    <p class='ocr_par' dir='ltr' id='par_1_61' title="bbox 2146 2876 3817 2969">
     <span class='ocr_line' id='line_1_61' title="bbox 2146 2876 3817 2969; baseline 0.001 -24"><span class='ocrx_word' id='word_1_450' title='bbox 2146 2912 2303 2955; x_wconf 82' lang='grc' dir='ltr'>σεως,</span> <span class='ocrx_word' id='word_1_451' title='bbox 2362 2876 2463 2945; x_wconf 64' lang='grc' dir='ltr'>ἐπί</span> <span class='ocrx_word' id='word_1_452' title='bbox 2500 2893 2570 2962; x_wconf 78' lang='grc' dir='ltr'>τῇ</span> <span class='ocrx_word' id='word_1_453' title='bbox 2626 2889 2916 2966; x_wconf 75' lang='grc' dir='ltr'>γεννητικῇ</span> <span class='ocrx_word' id='word_1_454' title='bbox 2970 2894 3069 2945; x_wconf 81' lang='grc' dir='ltr'>τοῦ</span> <span class='ocrx_word' id='word_1_455' title='bbox 3122 2889 3434 2966; x_wconf 72' lang='grc' dir='ltr'>σπέρματος</span> <span class='ocrx_word' id='word_1_456' title='bbox 3510 2876 3817 2969; x_wconf 66' lang='grc' dir='ltr'>προσέφερε</span> 
     </span>
    </p>
   </div>
   <div class='ocr_carea' id='block_1_62' title="bbox 2141 2977 3812 3056">
    <p class='ocr_par' dir='ltr' id='par_1_62' title="bbox 2141 2977 3812 3056">
     <span class='ocr_line' id='line_1_62' title="bbox 2141 2977 3812 3056; baseline -0.001 -21"><span class='ocrx_word' id='word_1_457' title='bbox 2141 2981 2206 3035; x_wconf 84' lang='grc' dir='ltr'>τὸ</span> <span class='ocrx_word' id='word_1_458' title='bbox 2241 2978 2546 3054; x_wconf 75' lang='grc' dir='ltr'>βάπτισμα,</span> <span class='ocrx_word' id='word_1_459' title='bbox 2595 2979 2657 3035; x_wconf 81' lang='grc' dir='ltr'>οὐ</span> <span class='ocrx_word' id='word_1_460' title='bbox 2717 2977 3152 3054; x_wconf 82' lang='grc' dir='ltr'>βδελυσσόμενος</span> <span class='ocrx_word' id='word_1_461' title='bbox 3228 2980 3521 3056; x_wconf 73' lang='grc' dir='ltr'>ἀνθρώπου</span> <span class='ocrx_word' id='word_1_462' title='bbox 3577 2981 3812 3055; x_wconf 68' lang='grc' dir='ltr'>γένεσινο</span> 
     </span>
    </p>
   </div>
   <div class='ocr_carea' id='block_1_63' title="bbox 2144 3066 3814 3146">
    <p class='ocr_par' dir='ltr' id='par_1_63' title="bbox 2144 3066 3814 3146">
     <span class='ocr_line' id='line_1_63' title="bbox 2144 3066 3814 3146; baseline 0.001 -21"><span class='ocrx_word' id='word_1_463' title='bbox 2144 3068 2174 3125; x_wconf 82' lang='grc' dir='ltr'><strong>’ὀ</strong></span> <span class='ocrx_word' id='word_1_464' title='bbox 2212 3072 2314 3145; x_wconf 74' lang='grc' dir='ltr'>γὰρ</span> <span class='ocrx_word' id='word_1_465' title='bbox 2372 3069 2615 3145; x_wconf 78' lang='grc' dir='ltr'>φαίνεται</span> <span class='ocrx_word' id='word_1_466' title='bbox 2672 3069 2951 3143; x_wconf 73' lang='grc' dir='ltr'>γεννηθεὶς</span> <span class='ocrx_word' id='word_1_467' title='bbox 3010 3066 3318 3146; x_wconf 77' lang='grc' dir='ltr'>ἄνθρωπος,</span> <span class='ocrx_word' id='word_1_468' title='bbox 3366 3075 3529 3125; x_wconf 78' lang='grc' dir='ltr'>τοῦτο</span> <span class='ocrx_word' id='word_1_469' title='bbox 3588 3067 3814 3126; x_wconf 82' lang='grc' dir='ltr'>δύναται</span> 
     </span>
    </p>
   </div>
   <div class='ocr_carea' id='block_1_64' title="bbox 2143 3152 3815 3234">
    <p class='ocr_par' dir='ltr' id='par_1_64' title="bbox 2143 3152 3815 3234">
     <span class='ocr_line' id='line_1_64' title="bbox 2143 3152 3815 3234; baseline 0.001 -21"><span class='ocrx_word' id='word_1_470' title='bbox 2143 3160 2179 3228; x_wconf 78' lang='grc' dir='ltr'><strong>ἡ</strong></span> <span class='ocrx_word' id='word_1_471' title='bbox 2219 3163 2316 3213; x_wconf 80' lang='grc' dir='ltr'>τοῦ</span> <span class='ocrx_word' id='word_1_472' title='bbox 2348 3160 2659 3234; x_wconf 70' lang='grc' dir='ltr'>σπέρματος</span> <span class='ocrx_word' id='word_1_473' title='bbox 2681 3152 2990 3228; x_wconf 78' lang='grc' dir='ltr'>καταϐολή.</span> <span class='ocrx_word' id='word_1_474' title='bbox 3019 3157 3232 3216; x_wconf 72' lang='grc' dir='ltr'>Οὐκοῦν</span> <span class='ocrx_word' id='word_1_475' title='bbox 3283 3159 3340 3213; x_wconf 79' lang='grc' dir='ltr'>αἱ</span> <span class='ocrx_word' id='word_1_476' title='bbox 3377 3156 3586 3215; x_wconf 76' lang='grc' dir='ltr'>πολλαὶ</span> <span class='ocrx_word' id='word_1_477' title='bbox 3619 3180 3815 3215; x_wconf 86' lang='grc' dir='ltr'>συνου-</span> 
     </span>
    </p>
   </div>
   <div class='ocr_carea' id='block_1_65' title="bbox 378 3233 2035 3326">
    <p class='ocr_par' dir='ltr' id='par_1_65' title="bbox 378 3233 2035 3326">
     <span class='ocr_line' id='line_1_65' title="bbox 378 3233 2035 3326; baseline 0.002 -18"><span class='ocrx_word' id='word_1_478' title='bbox 378 3269 515 3319; x_wconf 88' lang='lat' dir='ltr'>nus,</span> <span class='ocrx_word' id='word_1_479' title='bbox 549 3253 651 3324; x_wconf 88' lang='lat' dir='ltr'>qui</span> <span class='ocrx_word' id='word_1_480' title='bbox 683 3253 863 3308; x_wconf 90' lang='lat' dir='ltr'>etiam</span> <span class='ocrx_word' id='word_1_481' title='bbox 886 3233 1311 3326; x_wconf 20' lang='lat' dir='ltr'>multa‘Moysis</span> <span class='ocrx_word' id='word_1_482' title='bbox 1332 3254 1693 3325; x_wconf 86' lang='lat' dir='ltr'>baptismata</span> <span class='ocrx_word' id='word_1_483' title='bbox 1721 3272 1829 3326; x_wconf 88' lang='lat' dir='ltr'>per</span> <span class='ocrx_word' id='word_1_484' title='bbox 1849 3272 2035 3311; x_wconf 90' lang='lat' dir='ltr'>unum</span> 
     </span>
    </p>
   </div>
   <div class='ocr_carea' id='block_1_66' title="bbox 2151 3233 3815 3326">
    <p class='ocr_par' dir='ltr' id='par_1_66' title="bbox 2151 3233 3815 3323">
     <span class='ocr_line' id='line_1_66' title="bbox 2151 3233 3815 3323; baseline 0.001 -21"><span class='ocrx_word' id='word_1_485' title='bbox 2151 3247 2261 3302; x_wconf 86' lang='grc' dir='ltr'>σίαι</span> <span class='ocrx_word' id='word_1_486' title='bbox 2291 3233 2538 3323; x_wconf 81' lang='grc' dir='ltr'>γόνιμοι,</span> <span class='ocrx_word' id='word_1_487' title='bbox 2569 3245 2697 3301; x_wconf 84' lang='grc' dir='ltr'>ἀλλ’</span> <span class='ocrx_word' id='word_1_488' title='bbox 2751 3249 2786 3317; x_wconf 77' lang='grc' dir='ltr'><strong>ἡ</strong></span> <span class='ocrx_word' id='word_1_489' title='bbox 2842 3254 2943 3317; x_wconf 74' lang='grc' dir='ltr'>τῆς</span> <span class='ocrx_word' id='word_1_490' title='bbox 2993 3249 3205 3323; x_wconf 79' lang='grc' dir='ltr'>μήτρας</span> <span class='ocrx_word' id='word_1_491' title='bbox 3250 3246 3544 3323; x_wconf 86' lang='grc' dir='ltr'>παραδοχή</span> <span class='ocrx_word' id='word_1_492' title='bbox 3576 3250 3677 3319; x_wconf 77' lang='grc' dir='ltr'>τήν</span> <span class='ocrx_word' id='word_1_493' title='bbox 3720 3247 3815 3323; x_wconf 76' lang='grc' dir='ltr'>γὲ-</span> 
     </span>
    </p>
   </div>
   <div class='ocr_carea' id='block_1_67' title="bbox 377 3339 2038 3414">
    <p class='ocr_par' dir='ltr' id='par_1_67' title="bbox 377 3339 2038 3414">
     <span class='ocr_line' id='line_1_67' title="bbox 377 3339 2038 3414; baseline 0.001 -18"><span class='ocrx_word' id='word_1_494' title='bbox 377 3347 441 3412; x_wconf 52' lang='lat'><strong><em>*</em></strong></span> <span class='ocrx_word' id='word_1_495' title='bbox 471 3339 927 3413; x_wconf 90' lang='lat' dir='ltr'>comprehendit</span> <span class='ocrx_word' id='word_1_496' title='bbox 955 3341 1340 3413; x_wconf 88' lang='lat' dir='ltr'>baptismum.</span> <span class='ocrx_word' id='word_1_497' title='bbox 1374 3340 1632 3396; x_wconf 88' lang='lat' dir='ltr'>Proinde</span> <span class='ocrx_word' id='word_1_498' title='bbox 1674 3340 1788 3409; x_wconf 84' lang='lat' dir='ltr'>lex,</span> <span class='ocrx_word' id='word_1_499' title='bbox 1839 3348 1907 3397; x_wconf 90' lang='lat' dir='ltr'>ut</span> <span class='ocrx_word' id='word_1_500' title='bbox 1930 3358 2038 3414; x_wconf 90' lang='lat' dir='ltr'>per</span> 
     </span>
    </p>
   </div>
   <div class='ocr_carea' id='block_1_68' title="bbox 378 3430 2036 3504">
    <p class='ocr_par' dir='ltr' id='par_1_68' title="bbox 378 3430 2036 3504">
     <span class='ocr_line' id='line_1_68' title="bbox 378 3430 2036 3504; baseline 0 -17"><span class='ocrx_word' id='word_1_501' title='bbox 378 3430 679 3487; x_wconf 88' lang='lat' dir='ltr'>carnalem</span> <span class='ocrx_word' id='word_1_502' title='bbox 712 3430 1160 3501; x_wconf 82' lang='lat' dir='ltr'>generationem</span> <span class='ocrx_word' id='word_1_503' title='bbox 1194 3436 1459 3486; x_wconf 86' lang='lat' dir='ltr'>nostram</span> <span class='ocrx_word' id='word_1_504' title='bbox 1492 3430 1844 3503; x_wconf 72' lang='lat' dir='ltr'>prmdiceret</span> <span class='ocrx_word' id='word_1_505' title='bbox 1870 3448 2036 3504; x_wconf 84' lang='lat' dir='ltr'>rege-</span> 
     </span>
    </p>
   </div>
   <div class='ocr_carea' id='block_1_69' title="bbox 378 3519 2036 3593">
    <p class='ocr_par' dir='ltr' id='par_1_69' title="bbox 378 3519 2036 3593">
     <span class='ocr_line' id='line_1_69' title="bbox 378 3519 2036 3593; baseline 0.001 -19"><span class='ocrx_word' id='word_1_506' title='bbox 378 3520 775 3586; x_wconf 89' lang='lat' dir='ltr'>nerationem,</span> <span class='ocrx_word' id='word_1_507' title='bbox 808 3520 1052 3593; x_wconf 86' lang='lat' dir='ltr'>genitali</span> <span class='ocrx_word' id='word_1_508' title='bbox 1086 3519 1335 3577; x_wconf 88' lang='lat' dir='ltr'>seminis</span> <span class='ocrx_word' id='word_1_509' title='bbox 1374 3520 1642 3576; x_wconf 85' lang='lat' dir='ltr'>facultati</span> <span class='ocrx_word' id='word_1_510' title='bbox 1672 3520 2036 3593; x_wconf 88' lang='lat' dir='ltr'>baptismum</span> 
     </span>
    </p>
   </div>
   <div class='ocr_carea' id='block_1_70' title="bbox 383 3608 2035 3683">
    <p class='ocr_par' dir='ltr' id='par_1_70' title="bbox 383 3608 2035 3683">
     <span class='ocr_line' id='line_1_70' title="bbox 383 3608 2035 3683; baseline 0.001 -18"><span class='ocrx_word' id='word_1_511' title='bbox 383 3609 528 3665; x_wconf 89' lang='lat' dir='ltr'>olim</span> <span class='ocrx_word' id='word_1_512' title='bbox 560 3608 856 3676; x_wconf 87' lang='lat' dir='ltr'>adhibuit,</span> <span class='ocrx_word' id='word_1_513' title='bbox 890 3625 1011 3665; x_wconf 93' lang='lat' dir='ltr'>non</span> <span class='ocrx_word' id='word_1_514' title='bbox 1042 3626 1180 3665; x_wconf 88' lang='lat' dir='ltr'>vero</span> <span class='ocrx_word' id='word_1_515' title='bbox 1212 3609 1371 3681; x_wconf 90' lang='lat' dir='ltr'>quod</span> <span class='ocrx_word' id='word_1_516' title='bbox 1393 3609 1466 3665; x_wconf 86' lang='lat' dir='ltr'>ab</span> <span class='ocrx_word' id='word_1_517' title='bbox 1495 3610 1759 3665; x_wconf 86' lang='lat' dir='ltr'>hominis</span> <span class='ocrx_word' id='word_1_518' title='bbox 1788 3626 2035 3683; x_wconf 89' lang='lat' dir='ltr'>genera-</span> 
     </span>
    </p>
   </div>
   <div class='ocr_carea' id='block_1_71' title="bbox 378 3698 2037 3771">
    <p class='ocr_par' dir='ltr' id='par_1_71' title="bbox 378 3698 2037 3771">
     <span class='ocr_line' id='line_1_71' title="bbox 378 3698 2037 3771; baseline 0.001 -18"><span class='ocrx_word' id='word_1_519' title='bbox 378 3698 542 3753; x_wconf 88' lang='lat' dir='ltr'>tione</span> <span class='ocrx_word' id='word_1_520' title='bbox 572 3698 943 3753; x_wconf 85' lang='lat' dir='ltr'>abhorreret.</span> <span class='ocrx_word' id='word_1_521' title='bbox 976 3698 1143 3762; x_wconf 85' lang='lat' dir='ltr'>Quod</span> <span class='ocrx_word' id='word_1_522' title='bbox 1184 3699 1347 3753; x_wconf 90' lang='lat' dir='ltr'>enim</span> <span class='ocrx_word' id='word_1_523' title='bbox 1378 3703 1627 3769; x_wconf 89' lang='lat' dir='ltr'>apparet</span> <span class='ocrx_word' id='word_1_524' title='bbox 1646 3698 1823 3753; x_wconf 89' lang='lat' dir='ltr'>homo</span> <span class='ocrx_word' id='word_1_525' title='bbox 1857 3714 2037 3771; x_wconf 81' lang='lat' dir='ltr'>gene-</span> 
     </span>
    </p>
   </div>
   <div class='ocr_carea' id='block_1_72' title="bbox 376 3786 2036 3861">
    <p class='ocr_par' dir='ltr' id='par_1_72' title="bbox 376 3786 2036 3861">
     <span class='ocr_line' id='line_1_72' title="bbox 376 3786 2036 3861; baseline 0.001 -19"><span class='ocrx_word' id='word_1_526' title='bbox 376 3793 564 3853; x_wconf 88' lang='lat' dir='ltr'>ratus,</span> <span class='ocrx_word' id='word_1_527' title='bbox 598 3787 711 3841; x_wconf 93' lang='lat' dir='ltr'>hoc</span> <span class='ocrx_word' id='word_1_528' title='bbox 741 3786 900 3841; x_wconf 89' lang='lat' dir='ltr'>valet</span> <span class='ocrx_word' id='word_1_529' title='bbox 939 3787 1185 3842; x_wconf 89' lang='lat' dir='ltr'>seminis</span> <span class='ocrx_word' id='word_1_530' title='bbox 1216 3787 1490 3859; x_wconf 86' lang='lat' dir='ltr'>dejectio.</span> <span class='ocrx_word' id='word_1_531' title='bbox 1543 3789 1669 3842; x_wconf 86' lang='lat' dir='ltr'>Non</span> <span class='ocrx_word' id='word_1_532' title='bbox 1715 3794 1854 3843; x_wconf 90' lang='lat' dir='ltr'>sunt</span> <span class='ocrx_word' id='word_1_533' title='bbox 1900 3805 2036 3861; x_wconf 86' lang='lat' dir='ltr'>ergo</span> 
     </span>
    </p>
   </div>
   <div class='ocr_carea' id='block_1_73' title="bbox 377 3875 2037 3950">
    <p class='ocr_par' dir='ltr' id='par_1_73' title="bbox 377 3875 2037 3950">
     <span class='ocr_line' id='line_1_73' title="bbox 377 3875 2037 3950; baseline 0.001 -18"><span class='ocrx_word' id='word_1_534' title='bbox 377 3876 553 3933; x_wconf 90' lang='lat' dir='ltr'>multi</span> <span class='ocrx_word' id='word_1_535' title='bbox 582 3876 774 3931; x_wconf 89' lang='lat' dir='ltr'>coitus</span> <span class='ocrx_word' id='word_1_536' title='bbox 805 3875 1115 3949; x_wconf 88' lang='lat' dir='ltr'>genitales,</span> <span class='ocrx_word' id='word_1_537' title='bbox 1136 3876 1239 3932; x_wconf 86' lang='lat' dir='ltr'>sed</span> <span class='ocrx_word' id='word_1_538' title='bbox 1262 3877 1525 3932; x_wconf 88' lang='lat' dir='ltr'>matricis</span> <span class='ocrx_word' id='word_1_539' title='bbox 1553 3878 1859 3950; x_wconf 88' lang='lat' dir='ltr'>susceptio</span> <span class='ocrx_word' id='word_1_540' title='bbox 1888 3877 2037 3934; x_wconf 87' lang='lat' dir='ltr'>fate-</span> 
     </span>
    </p>
   </div>
   <div class='ocr_carea' id='block_1_74' title="bbox 376 3966 2039 4039">
    <p class='ocr_par' dir='ltr' id='par_1_74' title="bbox 376 3966 2039 4039">
     <span class='ocr_line' id='line_1_74' title="bbox 376 3966 2039 4039; baseline 0.001 -18"><span class='ocrx_word' id='word_1_541' title='bbox 376 3971 476 4021; x_wconf 89' lang='lat' dir='ltr'>tur</span> <span class='ocrx_word' id='word_1_542' title='bbox 500 3966 972 4039; x_wconf 89' lang='lat' dir='ltr'>generationem,</span> <span class='ocrx_word' id='word_1_543' title='bbox 1014 3982 1149 4020; x_wconf 93' lang='lat' dir='ltr'>cum</span> <span class='ocrx_word' id='word_1_544' title='bbox 1179 3971 1240 4020; x_wconf 78' lang='lat' dir='ltr'>in</span> <span class='ocrx_word' id='word_1_545' title='bbox 1287 3972 1514 4022; x_wconf 71' lang='lat' dir='ltr'>naturaa</span> <span class='ocrx_word' id='word_1_546' title='bbox 1562 3966 1803 4023; x_wconf 82' lang='lat' dir='ltr'>officina</span> <span class='ocrx_word' id='word_1_547' title='bbox 1832 3984 2039 4023; x_wconf 90' lang='lat' dir='ltr'>semen</span> 
     </span>
    </p>
   </div>
   <div class='ocr_carea' id='block_1_75' title="bbox 377 4055 2038 4128">
    <p class='ocr_par' dir='ltr' id='par_1_75' title="bbox 377 4055 2038 4128">
     <span class='ocr_line' id='line_1_75' title="bbox 377 4055 2038 4128; baseline 0 -16"><span class='ocrx_word' id='word_1_548' title='bbox 377 4056 671 4112; x_wconf 88' lang='lat' dir='ltr'>formatur</span> <span class='ocrx_word' id='word_1_549' title='bbox 694 4055 757 4111; x_wconf 90' lang='lat' dir='ltr'>in</span> <span class='ocrx_word' id='word_1_550' title='bbox 782 4055 989 4111; x_wconf 89' lang='lat' dir='ltr'>fetum.</span> <span class='ocrx_word' id='word_1_551' title='bbox 1024 4056 1330 4121; x_wconf 88' lang='lat' dir='ltr'>Quomodo</span> <span class='ocrx_word' id='word_1_552' title='bbox 1358 4062 1556 4112; x_wconf 85' lang='lat' dir='ltr'>autem</span> <span class='ocrx_word' id='word_1_553' title='bbox 1588 4062 1754 4113; x_wconf 88' lang='lat' dir='ltr'>vetus</span> <span class='ocrx_word' id='word_1_554' title='bbox 1794 4057 2038 4128; x_wconf 89' lang='lat' dir='ltr'>quidem</span> 
     </span>
    </p>
   </div>
   <div class='ocr_carea' id='block_1_76' title="bbox 378 4145 2034 4219">
    <p class='ocr_par' dir='ltr' id='par_1_76' title="bbox 378 4145 2034 4219">
     <span class='ocr_line' id='line_1_76' title="bbox 378 4145 2034 4219; baseline 0 -17"><span class='ocrx_word' id='word_1_555' title='bbox 378 4151 469 4203; x_wconf 90' lang='lat' dir='ltr'>est</span> <span class='ocrx_word' id='word_1_556' title='bbox 499 4145 693 4201; x_wconf 88' lang='lat' dir='ltr'>solum</span> <span class='ocrx_word' id='word_1_557' title='bbox 734 4145 1185 4201; x_wconf 90' lang='lat' dir='ltr'>matrimonium</span> <span class='ocrx_word' id='word_1_558' title='bbox 1216 4150 1276 4202; x_wconf 91' lang='lat' dir='ltr'>et</span> <span class='ocrx_word' id='word_1_559' title='bbox 1322 4146 1469 4219; x_wconf 86' lang='lat' dir='ltr'>legis</span> <span class='ocrx_word' id='word_1_560' title='bbox 1514 4146 1843 4218; x_wconf 85' lang='lat' dir='ltr'>inventum,</span> <span class='ocrx_word' id='word_1_561' title='bbox 1889 4146 2034 4202; x_wconf 88' lang='lat' dir='ltr'>alie-</span> 
     </span>
    </p>
   </div>
   <div class='ocr_carea' id='block_1_77' title="bbox 446 4271 1888 4342">
    <p class='ocr_par' dir='ltr' id='par_1_77' title="bbox 446 4271 1888 4342">
     <span class='ocr_line' id='line_1_77' title="bbox 446 4271 1888 4342; baseline -0.003 -14"><span class='ocrx_word' id='word_1_562' title='bbox 446 4271 511 4336; x_wconf 67' lang='grc' dir='ltr'>»ιι</span> <span class='ocrx_word' id='word_1_563' title='bbox 538 4273 601 4328; x_wconf 90' lang='grc' dir='ltr'>Ρ.</span> <span class='ocrx_word' id='word_1_564' title='bbox 630 4272 735 4327; x_wconf 77' lang='grc'>549</span> <span class='ocrx_word' id='word_1_565' title='bbox 766 4272 878 4327; x_wconf 92' lang='lat' dir='ltr'>ED.</span> <span class='ocrx_word' id='word_1_566' title='bbox 910 4272 1205 4339; x_wconf 81' lang='lat' dir='ltr'>POTTER,</span> <span class='ocrx_word' id='word_1_567' title='bbox 1233 4272 1359 4342; x_wconf 65' lang='lat'>461,</span> <span class='ocrx_word' id='word_1_568' title='bbox 1390 4272 1495 4327; x_wconf 82' lang='grc'>462</span> <span class='ocrx_word' id='word_1_569' title='bbox 1524 4273 1636 4329; x_wconf 91' lang='lat' dir='ltr'>ED.</span> <span class='ocrx_word' id='word_1_570' title='bbox 1661 4272 1888 4327; x_wconf 83' lang='lat' dir='ltr'>PARIS.</span> 
     </span>
    </p>
   </div>
   <div class='ocr_carea' id='block_1_78' title="bbox 374 4413 2033 4545">
    <p class='ocr_par' dir='ltr' id='par_1_78' title="bbox 374 4413 2033 4545">
     <span class='ocr_line' id='line_1_78' title="bbox 412 4413 2033 4504; baseline -0.002 -32"><span class='ocrx_word' id='word_1_571' title='bbox 412 4416 472 4472; x_wconf 89' lang='lat' dir='ltr'>ui</span> <span class='ocrx_word' id='word_1_572' title='bbox 505 4422 563 4471; x_wconf 90' lang='lat' dir='ltr'>et</span> <span class='ocrx_word' id='word_1_573' title='bbox 594 4416 877 4488; x_wconf 82' lang='lat' dir='ltr'>explicari</span> <span class='ocrx_word' id='word_1_574' title='bbox 908 4417 1214 4504; x_wconf 83' lang='lat' dir='ltr'>potuerint</span> <span class='ocrx_word' id='word_1_575' title='bbox 1247 4433 1259 4470; x_wconf 92' lang='lat'>:</span> <span class='ocrx_word' id='word_1_576' title='bbox 1292 4416 1526 4489; x_wconf 83' lang='grc' dir='ltr'>Χωρίζει</span> <span class='ocrx_word' id='word_1_577' title='bbox 1559 4413 1684 4472; x_wconf 70' lang='grc' dir='ltr'>δὲ...</span> <span class='ocrx_word' id='word_1_578' title='bbox 1752 4435 2033 4489; x_wconf 71' lang='grc' dir='ltr'>αμεψπα-</span> 
     </span>
     <span class='ocr_line' id='line_1_79' title="bbox 374 4432 2033 4545; baseline 0.001 -4"><span class='ocrx_word' id='word_1_579' title='bbox 374 4432 532 4545; x_wconf 51' lang='grc' dir='ltr'>λαιὸν</span> <span class='ocrx_word' id='word_1_580' title='bbox 570 4488 663 4545; x_wconf 73' lang='grc' dir='ltr'>μὲν</span> <span class='ocrx_word' id='word_1_581' title='bbox 697 4484 861 4545; x_wconf 74' lang='grc' dir='ltr'>ἄνδρα</span> <span class='ocrx_word' id='word_1_582' title='bbox 884 4507 976 4541; x_wconf 90' lang='grc' dir='ltr'>τον</span> <span class='ocrx_word' id='word_1_583' title='bbox 1020 4487 1215 4545; x_wconf 75' lang='grc' dir='ltr'>νόμον.</span> <span class='ocrx_word' id='word_1_584' title='bbox 1272 4488 1459 4542; x_wconf 82' lang='grc' dir='ltr'>καινὸν</span> <span class='ocrx_word' id='word_1_585' title='bbox 1494 4485 1551 4543; x_wconf 74' lang='grc' dir='ltr'>δὲ</span> <span class='ocrx_word' id='word_1_586' title='bbox 1597 4488 1660 4542; x_wconf 90' lang='grc' dir='ltr'>τὸ</span> <span class='ocrx_word' id='word_1_587' title='bbox 1692 4436 2033 4545; x_wconf 59' lang='grc' dir='ltr'>ἔύαγγέλιον</span> 
     </span>
    </p>
   </div>
   <div class='ocr_carea' id='block_1_79' title="bbox 416 4436 2033 4563">
    <p class='ocr_par' dir='ltr' id='par_1_79' title="bbox 416 4436 2033 4563">
     <span class='ocr_line' id='line_1_80' title="bbox 416 4436 2033 4504; baseline -0.002 -32"><span class='ocrx_word' id='word_1_588' title='bbox 416 4436 472 4472; x_wconf 76' lang='grc' dir='ltr'>ιιι</span> <span class='ocrx_word' id='word_1_589' title='bbox 505 4436 563 4471; x_wconf 81' lang='lat' dir='ltr'>et</span> <span class='ocrx_word' id='word_1_590' title='bbox 594 4436 877 4488; x_wconf 79' lang='lat' dir='ltr'>explicari</span> <span class='ocrx_word' id='word_1_591' title='bbox 908 4436 1214 4504; x_wconf 78' lang='lat' dir='ltr'>powerlnt</span> <span class='ocrx_word' id='word_1_592' title='bbox 1247 4436 1259 4470; x_wconf 94' lang='lat'>:</span> <span class='ocrx_word' id='word_1_593' title='bbox 1292 4436 1526 4489; x_wconf 71' lang='grc' dir='ltr'>Λωριςει</span> <span class='ocrx_word' id='word_1_594' title='bbox 1559 4436 1684 4472; x_wconf 89' lang='grc' dir='ltr'>οε...</span> <span class='ocrx_word' id='word_1_595' title='bbox 1752 4436 2033 4489; x_wconf 66' lang='grc' dir='ltr'>αμεννπα-</span> 
     </span>
     <span class='ocr_line' id='line_1_81' title="bbox 416 4436 2033 4563; baseline 0.001 -22"><span class='ocrx_word' id='word_1_596' title='bbox 416 4485 532 4541; x_wconf 86' lang='grc' dir='ltr'>αιὸν</span> <span class='ocrx_word' id='word_1_597' title='bbox 570 4488 663 4559; x_wconf 74' lang='grc' dir='ltr'>μὶν</span> <span class='ocrx_word' id='word_1_598' title='bbox 697 4484 976 4563; x_wconf 44' lang='grc' dir='ltr'>ἄνδρα-τον</span> <span class='ocrx_word' id='word_1_599' title='bbox 1020 4487 1215 4563; x_wconf 80' lang='grc' dir='ltr'>νόμον,</span> <span class='ocrx_word' id='word_1_600' title='bbox 1272 4488 1459 4563; x_wconf 75' lang='grc' dir='ltr'>καινὸν</span> <span class='ocrx_word' id='word_1_601' title='bbox 1494 4485 1551 4543; x_wconf 74' lang='grc' dir='ltr'>δὲ</span> <span class='ocrx_word' id='word_1_602' title='bbox 1597 4488 1660 4563; x_wconf 84' lang='grc' dir='ltr'>τὸ</span> <span class='ocrx_word' id='word_1_603' title='bbox 1692 4436 2033 4563; x_wconf 59' lang='grc' dir='ltr'>ἔύαγγέλιον</span> 
     </span>
    </p>
   </div>
   <div class='ocr_carea' id='block_1_80' title="bbox 377 4557 2034 4643">
    <p class='ocr_par' dir='ltr' id='par_1_80' title="bbox 377 4557 2034 4643">
     <span class='ocr_line' id='line_1_82' title="bbox 377 4557 2034 4643; baseline 0.002 -30"><span class='ocrx_word' id='word_1_604' title='bbox 377 4557 967 4643; x_wconf 63' lang='grc' dir='ltr'>συμφωνοῦμεναιξτῷ</span> <span class='ocrx_word' id='word_1_605' title='bbox 996 4557 1100 4613; x_wconf 61' lang='grc' dir='ltr'>καί</span> <span class='ocrx_word' id='word_1_606' title='bbox 1143 4558 1298 4614; x_wconf 77' lang='grc' dir='ltr'>αὐτοὶ</span> <span class='ocrx_word' id='word_1_607' title='bbox 1331 4559 1385 4615; x_wconf 95' lang='grc' dir='ltr'>λ.</span> <span class='ocrx_word' id='word_1_608' title='bbox 1421 4557 1829 4643; x_wconf 48' lang='grc' dir='ltr'>‹‹“υἱξῑὶ[ιεζιιὶῐ’</span> <span class='ocrx_word' id='word_1_609' title='bbox 1854 4557 2034 4643; x_wconf 61' lang='lat' dir='ltr'>etiam</span> 
     </span>
    </p>
   </div>
   <div class='ocr_carea' id='block_1_81' title="bbox 2144 3335 3813 3413">
    <p class='ocr_par' dir='ltr' id='par_1_81' title="bbox 2144 3335 3813 3413">
     <span class='ocr_line' id='line_1_83' title="bbox 2144 3335 3813 3413; baseline 0.001 -21"><span class='ocrx_word' id='word_1_610' title='bbox 2144 3359 2287 3393; x_wconf 84' lang='grc' dir='ltr'>νεσιν</span> <span class='ocrx_word' id='word_1_611' title='bbox 2327 3335 2613 3412; x_wconf 81' lang='grc' dir='ltr'>ὁμολογεῖ,</span> <span class='ocrx_word' id='word_1_612' title='bbox 2642 3335 2697 3392; x_wconf 81' lang='grc' dir='ltr'>ἐν</span> <span class='ocrx_word' id='word_1_613' title='bbox 2726 3341 2807 3408; x_wconf 84' lang='grc' dir='ltr'>τῷ</span> <span class='ocrx_word' id='word_1_614' title='bbox 2853 3343 2956 3406; x_wconf 89' lang='grc' dir='ltr'>τῆς</span> <span class='ocrx_word' id='word_1_615' title='bbox 3015 3336 3228 3413; x_wconf 78' lang='grc' dir='ltr'>φύσεως</span> <span class='ocrx_word' id='word_1_616' title='bbox 3286 3335 3634 3412; x_wconf 81' lang='grc' dir='ltr'>ἐργαστηρίῳ</span> <span class='ocrx_word' id='word_1_617' title='bbox 3682 3336 3813 3393; x_wconf 84' lang='grc' dir='ltr'>δια-</span> 
     </span>
    </p>
   </div>
   <div class='ocr_carea' id='block_1_82' title="bbox 2145 3420 3814 3501">
    <p class='ocr_par' dir='ltr' id='par_1_82' title="bbox 2145 3420 3814 3501">
     <span class='ocr_line' id='line_1_84' title="bbox 2145 3420 3814 3501; baseline 0 -20"><span class='ocrx_word' id='word_1_618' title='bbox 2145 3424 2529 3499; x_wconf 79' lang='grc' dir='ltr'>πλαττομένου</span> <span class='ocrx_word' id='word_1_619' title='bbox 2555 3430 2652 3480; x_wconf 85' lang='grc' dir='ltr'>τοῦ</span> <span class='ocrx_word' id='word_1_620' title='bbox 2703 3424 3014 3500; x_wconf 72' lang='grc' dir='ltr'>σπέρματος</span> <span class='ocrx_word' id='word_1_621' title='bbox 3054 3424 3132 3487; x_wconf 84' lang='grc' dir='ltr'>είς</span> <span class='ocrx_word' id='word_1_622' title='bbox 3182 3420 3442 3501; x_wconf 79' lang='grc' dir='ltr'>ἔμϐρυον.</span> <span class='ocrx_word' id='word_1_623' title='bbox 3473 3430 3603 3489; x_wconf 84' lang='grc' dir='ltr'>Πῶς</span> <span class='ocrx_word' id='word_1_624' title='bbox 3666 3423 3724 3482; x_wconf 75' lang='grc' dir='ltr'>δὶ</span> <span class='ocrx_word' id='word_1_625' title='bbox 3784 3430 3814 3484; x_wconf 82' lang='lat'>6</span> 
     </span>
    </p>
   </div>
   <div class='ocr_carea' id='block_1_83' title="bbox 2150 3515 3816 3595">
    <p class='ocr_par' dir='ltr' id='par_1_83' title="bbox 2150 3515 3816 3595">
     <span class='ocr_line' id='line_1_85' title="bbox 2150 3515 3816 3595; baseline 0.001 -23"><span class='ocrx_word' id='word_1_626' title='bbox 2150 3518 2246 3591; x_wconf 79' lang='grc' dir='ltr'>μὲν</span> <span class='ocrx_word' id='word_1_627' title='bbox 2276 3519 2452 3595; x_wconf 83' lang='grc' dir='ltr'>γάμος</span> <span class='ocrx_word' id='word_1_628' title='bbox 2484 3515 2720 3582; x_wconf 88' lang='grc' dir='ltr'>παλαιὸς</span> <span class='ocrx_word' id='word_1_629' title='bbox 2750 3517 2913 3590; x_wconf 87' lang='grc' dir='ltr'>μόνον</span> <span class='ocrx_word' id='word_1_630' title='bbox 2946 3517 3037 3572; x_wconf 85' lang='grc' dir='ltr'>καὶ</span> <span class='ocrx_word' id='word_1_631' title='bbox 3084 3516 3258 3590; x_wconf 87' lang='grc' dir='ltr'>νόμου</span> <span class='ocrx_word' id='word_1_632' title='bbox 3307 3516 3544 3591; x_wconf 70' lang='grc' dir='ltr'>εὕρημα,</span> <span class='ocrx_word' id='word_1_633' title='bbox 3577 3515 3816 3584; x_wconf 80' lang='grc' dir='ltr'>ἀλλοῖος</span> 
     </span>
    </p>
   </div>
   <div class='ocr_carea' id='block_1_84' title="bbox 2148 3604 3811 3683">
    <p class='ocr_par' dir='ltr' id='par_1_84' title="bbox 2148 3604 3811 3683">
     <span class='ocr_line' id='line_1_86' title="bbox 2148 3604 3811 3683; baseline 0 -20"><span class='ocrx_word' id='word_1_634' title='bbox 2148 3604 2206 3663; x_wconf 73' lang='grc' dir='ltr'>δὲ</span> <span class='ocrx_word' id='word_1_635' title='bbox 2236 3608 2425 3662; x_wconf 75' lang='grc' dir='ltr'>ὁκατὰ</span> <span class='ocrx_word' id='word_1_636' title='bbox 2460 3607 2553 3662; x_wconf 91' lang='grc' dir='ltr'>τὸν</span> <span class='ocrx_word' id='word_1_637' title='bbox 2615 3606 2809 3682; x_wconf 78' lang='grc' dir='ltr'>Κύριον</span> <span class='ocrx_word' id='word_1_638' title='bbox 2866 3608 3071 3681; x_wconf 76' lang='grc' dir='ltr'>γάμος,</span> <span class='ocrx_word' id='word_1_639' title='bbox 3127 3607 3225 3662; x_wconf 81' lang='grc' dir='ltr'>τοῦ</span> <span class='ocrx_word' id='word_1_640' title='bbox 3273 3605 3439 3662; x_wconf 80' lang='grc' dir='ltr'>αὐτοῦ</span> <span class='ocrx_word' id='word_1_641' title='bbox 3491 3611 3627 3663; x_wconf 75' lang='grc' dir='ltr'>Θεοῦ</span> <span class='ocrx_word' id='word_1_642' title='bbox 3668 3608 3811 3683; x_wconf 86' lang='grc' dir='ltr'>πρὸς</span> 
     </span>
    </p>
   </div>
   <div class='ocr_carea' id='block_1_85' title="bbox 2147 3695 3811 3771">
    <p class='ocr_par' dir='ltr' id='par_1_85' title="bbox 2147 3695 3811 3771">
     <span class='ocr_line' id='line_1_87' title="bbox 2147 3695 3811 3771; baseline 0.001 -20"><span class='ocrx_word' id='word_1_643' title='bbox 2147 3699 2308 3769; x_wconf 78' lang='grc' dir='ltr'>ἡμῶν</span> <span class='ocrx_word' id='word_1_644' title='bbox 2348 3695 2697 3770; x_wconf 74' lang='grc' dir='ltr'>τηρουμένου</span> <span class='ocrx_word' id='word_1_645' title='bbox 2731 3714 2744 3763; x_wconf 90' lang='grc'><strong>;</strong></span> <span class='ocrx_word' id='word_1_646' title='bbox 2784 3716 2808 3746; x_wconf 72' lang='grc' dir='ltr'>α</span> <span class='ocrx_word' id='word_1_647' title='bbox 2840 3695 2918 3753; x_wconf 80' lang='grc' dir='ltr'>Οὐ</span> <span class='ocrx_word' id='word_1_648' title='bbox 2954 3718 2983 3747; x_wconf 86' lang='grc'><strong>››</strong></span> <span class='ocrx_word' id='word_1_649' title='bbox 3007 3697 3109 3771; x_wconf 79' lang='grc' dir='ltr'>γὰρ</span> <span class='ocrx_word' id='word_1_650' title='bbox 3141 3719 3171 3748; x_wconf 75' lang='grc' dir='ltr'>(ι</span> <span class='ocrx_word' id='word_1_651' title='bbox 3214 3695 3274 3752; x_wconf 78' lang='grc' dir='ltr'>ἃν</span> <span class='ocrx_word' id='word_1_652' title='bbox 3337 3696 3367 3751; x_wconf 83' lang='lat'>6&#39;</span> <span class='ocrx_word' id='word_1_653' title='bbox 3415 3695 3721 3767; x_wconf 64' lang='grc' dir='ltr'>συνέζευξεν</span> <span class='ocrx_word' id='word_1_654' title='bbox 3780 3698 3811 3753; x_wconf 89' lang='lat'>6</span> 
     </span>
    </p>
   </div>
   <div class='ocr_carea' id='block_1_86' title="bbox 2148 3782 3815 3859">
    <p class='ocr_par' dir='ltr' id='par_1_86' title="bbox 2148 3782 3815 3859">
     <span class='ocr_line' id='line_1_88' title="bbox 2148 3782 3815 3859; baseline 0.001 -19"><span class='ocrx_word' id='word_1_655' title='bbox 2148 3785 2300 3853; x_wconf 88' lang='grc' dir='ltr'>Θεὸς,</span> <span class='ocrx_word' id='word_1_656' title='bbox 2333 3784 2606 3840; x_wconf 72' lang='grc' dir='ltr'>διαλύσειέ</span> <span class='ocrx_word' id='word_1_657' title='bbox 2645 3804 2778 3839; x_wconf 91' lang='grc' dir='ltr'>ποτε</span> <span class='ocrx_word' id='word_1_658' title='bbox 2818 3785 3106 3857; x_wconf 79' lang='grc' dir='ltr'>ἅνθρωπος</span> <span class='ocrx_word' id='word_1_659' title='bbox 3157 3807 3185 3835; x_wconf 85' lang='lat'><strong>»</strong></span> <span class='ocrx_word' id='word_1_660' title='bbox 3219 3783 3486 3859; x_wconf 83' lang='grc' dir='ltr'>εὐλόγως’</span> <span class='ocrx_word' id='word_1_661' title='bbox 3546 3784 3694 3841; x_wconf 79' lang='grc' dir='ltr'>πολὺ</span> <span class='ocrx_word' id='word_1_662' title='bbox 3750 3782 3815 3841; x_wconf 71' lang='grc' dir='ltr'>δὶ</span> 
     </span>
    </p>
   </div>
   <div class='ocr_carea' id='block_1_87' title="bbox 2147 3871 3816 3949">
    <p class='ocr_par' dir='ltr' id='par_1_87' title="bbox 2147 3871 3816 3949">
     <span class='ocr_line' id='line_1_89' title="bbox 2147 3871 3816 3949; baseline 0.001 -20"><span class='ocrx_word' id='word_1_663' title='bbox 2147 3873 2313 3930; x_wconf 70' lang='grc' dir='ltr'>πλέον</span> <span class='ocrx_word' id='word_1_664' title='bbox 2347 3871 2481 3949; x_wconf 73' lang='grc' dir='ltr'>ἅπερ</span> <span class='ocrx_word' id='word_1_665' title='bbox 2513 3875 2540 3929; x_wconf 88' lang='grc' dir='ltr'>ὁ</span> <span class='ocrx_word' id='word_1_666' title='bbox 2575 3875 2761 3947; x_wconf 76' lang='grc' dir='ltr'>Πατὴρ</span> <span class='ocrx_word' id='word_1_667' title='bbox 2815 3873 3129 3949; x_wconf 70' lang='grc' dir='ltr'>προσέταξε,</span> <span class='ocrx_word' id='word_1_668' title='bbox 3194 3876 3412 3949; x_wconf 80' lang='grc' dir='ltr'>τηρήσῃ</span> <span class='ocrx_word' id='word_1_669' title='bbox 3472 3876 3586 3948; x_wconf 83' lang='grc'>(72)</span> <span class='ocrx_word' id='word_1_670' title='bbox 3643 3879 3816 3930; x_wconf 78' lang='grc' dir='ltr'>ταῦτα</span> 
     </span>
    </p>
   </div>
   <div class='ocr_carea' id='block_1_88' title="bbox 2146 3960 3813 4036">
    <p class='ocr_par' dir='ltr' id='par_1_88' title="bbox 2146 3960 3813 4036">
     <span class='ocr_line' id='line_1_90' title="bbox 2146 3960 3813 4036; baseline 0 -17"><span class='ocrx_word' id='word_1_671' title='bbox 2146 3964 2234 4019; x_wconf 73' lang='grc' dir='ltr'>καὶ</span> <span class='ocrx_word' id='word_1_672' title='bbox 2270 3963 2475 4025; x_wconf 80' lang='grc' dir='ltr'>ὀΥἱός.</span> <span class='ocrx_word' id='word_1_673' title='bbox 2534 3963 2595 4020; x_wconf 78' lang='grc' dir='ltr'>Εἰ</span> <span class='ocrx_word' id='word_1_674' title='bbox 2654 3960 2712 4018; x_wconf 80' lang='grc' dir='ltr'>δὲ</span> <span class='ocrx_word' id='word_1_675' title='bbox 2767 3964 2795 4018; x_wconf 91' lang='lat'>6</span> <span class='ocrx_word' id='word_1_676' title='bbox 2853 3960 3012 4025; x_wconf 69' lang='grc' dir='ltr'>αυτὸς</span> <span class='ocrx_word' id='word_1_677' title='bbox 3072 3962 3548 4036; x_wconf 53' lang='grc' dir='ltr'>νομοθέτηίᾶμα</span> <span class='ocrx_word' id='word_1_678' title='bbox 3574 3964 3665 4019; x_wconf 71' lang='grc' dir='ltr'>καὶ</span> <span class='ocrx_word' id='word_1_679' title='bbox 3723 3964 3813 4020; x_wconf 76' lang='grc' dir='ltr'>εὐ-</span> 
     </span>
    </p>
   </div>
   <div class='ocr_carea' id='block_1_89' title="bbox 2146 4051 3813 4130">
    <p class='ocr_par' dir='ltr' id='par_1_89' title="bbox 2146 4051 3813 4130">
     <span class='ocr_line' id='line_1_91' title="bbox 2146 4051 3813 4130; baseline -0.001 -21"><span class='ocrx_word' id='word_1_680' title='bbox 2146 4052 2502 4129; x_wconf 76' lang='grc' dir='ltr'>αγγελιστὴς,</span> <span class='ocrx_word' id='word_1_681' title='bbox 2537 4054 2601 4108; x_wconf 83' lang='grc' dir='ltr'>οὐ</span> <span class='ocrx_word' id='word_1_682' title='bbox 2636 4051 2871 4128; x_wconf 82' lang='grc' dir='ltr'>μάχεταί</span> <span class='ocrx_word' id='word_1_683' title='bbox 2899 4073 3033 4107; x_wconf 83' lang='grc' dir='ltr'>ποτε</span> <span class='ocrx_word' id='word_1_684' title='bbox 3070 4052 3267 4123; x_wconf 66' lang='grc' dir='ltr'>ἑαυτῷ.</span> <span class='ocrx_word' id='word_1_685' title='bbox 3322 4056 3397 4125; x_wconf 80' lang='grc' dir='ltr'>Ζῇ</span> <span class='ocrx_word' id='word_1_686' title='bbox 3455 4054 3561 4130; x_wconf 80' lang='grc' dir='ltr'>γὰρ</span> <span class='ocrx_word' id='word_1_687' title='bbox 3620 4055 3649 4109; x_wconf 94' lang='lat'>6</span> <span class='ocrx_word' id='word_1_688' title='bbox 3705 4054 3813 4108; x_wconf 89' lang='grc' dir='ltr'>τό-</span> 
     </span>
    </p>
   </div>
   <div class='ocr_carea' id='block_1_90' title="bbox 2149 4141 3815 4218">
    <p class='ocr_par' dir='ltr' id='par_1_90' title="bbox 2149 4141 3815 4218">
     <span class='ocr_line' id='line_1_92' title="bbox 2149 4141 3815 4218; baseline 0.001 -21"><span class='ocrx_word' id='word_1_689' title='bbox 2149 4164 2276 4218; x_wconf 87' lang='grc' dir='ltr'>μος,</span> <span class='ocrx_word' id='word_1_690' title='bbox 2308 4142 2675 4217; x_wconf 86' lang='grc' dir='ltr'>πνευματικὸς</span> <span class='ocrx_word' id='word_1_691' title='bbox 2702 4146 2816 4217; x_wconf 86' lang='lat'>(73)</span> <span class='ocrx_word' id='word_1_692' title='bbox 2847 4141 2918 4197; x_wconf 80' lang='grc' dir='ltr'>ὥν</span> <span class='ocrx_word' id='word_1_693' title='bbox 2976 4141 3067 4196; x_wconf 81' lang='grc' dir='ltr'>καὶ</span> <span class='ocrx_word' id='word_1_694' title='bbox 3125 4146 3441 4216; x_wconf 83' lang='grc' dir='ltr'>γνωστικῶς</span> <span class='ocrx_word' id='word_1_695' title='bbox 3487 4142 3815 4218; x_wconf 72' lang='grc' dir='ltr'>νοούμενος³</span> 
     </span>
    </p>
   </div>
   <div class='ocr_carea' id='block_1_91' title="bbox 2146 4414 3814 4488">
    <p class='ocr_par' dir='ltr' id='par_1_91' title="bbox 2146 4414 3814 4488">
     <span class='ocr_line' id='line_1_93' title="bbox 2146 4414 3814 4488; baseline 0.003 -21"><span class='ocrx_word' id='word_1_696' title='bbox 2146 4439 2174 4467; x_wconf 88' lang='grc'>‹‹</span> <span class='ocrx_word' id='word_1_697' title='bbox 2208 4418 2529 4488; x_wconf 84' lang='lat' dir='ltr'>PrOpterea</span> <span class='ocrx_word' id='word_1_698' title='bbox 2549 4415 2711 4471; x_wconf 91' lang='lat' dir='ltr'>enim</span> <span class='ocrx_word' id='word_1_699' title='bbox 2741 4432 2863 4471; x_wconf 91' lang='lat' dir='ltr'>non</span> <span class='ocrx_word' id='word_1_700' title='bbox 2885 4415 3071 4471; x_wconf 84' lang='lat' dir='ltr'>vetuit</span> <span class='ocrx_word' id='word_1_701' title='bbox 3098 4419 3325 4470; x_wconf 90' lang='lat' dir='ltr'>veteres</span> <span class='ocrx_word' id='word_1_702' title='bbox 3355 4415 3559 4487; x_wconf 91' lang='lat' dir='ltr'>plures</span> <span class='ocrx_word' id='word_1_703' title='bbox 3590 4414 3814 4488; x_wconf 79' lang='lat' dir='ltr'>habere</span> 
     </span>
    </p>
   </div>
   <div class='ocr_carea' id='block_1_92' title="bbox 2145 4486 3814 4560">
    <p class='ocr_par' dir='ltr' id='par_1_92' title="bbox 2145 4486 3814 4560">
     <span class='ocr_line' id='line_1_94' title="bbox 2145 4486 3814 4560; baseline -0.001 -16"><span class='ocrx_word' id='word_1_704' title='bbox 2145 4486 2380 4555; x_wconf 80' lang='lat' dir='ltr'>uxores,</span> <span class='ocrx_word' id='word_1_705' title='bbox 2411 4494 2477 4543; x_wconf 89' lang='lat' dir='ltr'>ut</span> <span class='ocrx_word' id='word_1_706' title='bbox 2504 4504 2690 4560; x_wconf 88' lang='lat' dir='ltr'>genus</span> <span class='ocrx_word' id='word_1_707' title='bbox 2749 4488 3080 4560; x_wconf 87' lang='lat' dir='ltr'>humanum</span> <span class='ocrx_word' id='word_1_708' title='bbox 3111 4486 3429 4560; x_wconf 80' lang='lat' dir='ltr'>augeretur</span> <span class='ocrx_word' id='word_1_709' title='bbox 3463 4504 3495 4560; x_wconf 89' lang='lat'>:_</span> <span class='ocrx_word' id='word_1_710' title='bbox 3511 4503 3703 4560; x_wconf 78' lang='lat' dir='ltr'>eaque</span> <span class='ocrx_word' id='word_1_711' title='bbox 3736 4486 3814 4543; x_wconf 88' lang='lat' dir='ltr'>de</span> 
     </span>
    </p>
   </div>
   <div class='ocr_carea' id='block_1_93' title="bbox 2148 4558 3811 4632">
    <p class='ocr_par' dir='ltr' id='par_1_93' title="bbox 2148 4558 3811 4632">
     <span class='ocr_line' id='line_1_95' title="bbox 2148 4558 3811 4632; baseline -0.001 -16"><span class='ocrx_word' id='word_1_712' title='bbox 2148 4577 2328 4617; x_wconf 89' lang='lat' dir='ltr'>causa</span> <span class='ocrx_word' id='word_1_713' title='bbox 2358 4558 2537 4615; x_wconf 83' lang='lat' dir='ltr'>etiam</span> <span class='ocrx_word' id='word_1_714' title='bbox 2570 4559 2676 4613; x_wconf 83' lang='lat' dir='ltr'>viri</span> <span class='ocrx_word' id='word_1_715' title='bbox 2706 4559 2968 4632; x_wconf 85' lang='lat' dir='ltr'>religiosi</span> <span class='ocrx_word' id='word_1_716' title='bbox 2981 4600 3005 4632; x_wconf 14' lang='grc' dir='ltr'>,ξ</span> <span class='ocrx_word' id='word_1_717' title='bbox 3027 4575 3161 4614; x_wconf 91' lang='lat' dir='ltr'>cum</span> <span class='ocrx_word' id='word_1_718' title='bbox 3193 4558 3457 4632; x_wconf 77' lang='lat' dir='ltr'>plurium</span> <span class='ocrx_word' id='word_1_719' title='bbox 3481 4558 3811 4632; x_wconf 76' lang='lat' dir='ltr'>liberorum</span> 
     </span>
    </p>
   </div>
   <div class='ocr_carea' id='block_1_94' title="bbox 379 4621 3815 4705">
    <p class='ocr_par' dir='ltr' id='par_1_94' title="bbox 379 4621 3815 4705">
     <span class='ocr_line' id='line_1_96' title="bbox 379 4621 3815 4705; baseline 0.001 -22"><span class='ocrx_word' id='word_1_720' title='bbox 379 4655 407 4683; x_wconf 84' lang='grc'><em>‹‹</em></span> <span class='ocrx_word' id='word_1_721' title='bbox 438 4621 697 4705; x_wconf 68' lang='lat' dir='ltr'>veterem</span> <span class='ocrx_word' id='word_1_722' title='bbox 728 4621 1036 4687; x_wconf 80' lang='lat' dir='ltr'>hominem</span> <span class='ocrx_word' id='word_1_723' title='bbox 1068 4654 1095 4682; x_wconf 84' lang='lat'><strong>»</strong></span> <span class='ocrx_word' id='word_1_724' title='bbox 1119 4650 1198 4689; x_wconf 69' lang='grc' dir='ltr'>δα</span> <span class='ocrx_word' id='word_1_725' title='bbox 1218 4650 1366 4688; x_wconf 86' lang='lat' dir='ltr'>novo</span> <span class='ocrx_word' id='word_1_726' title='bbox 1400 4654 1428 4682; x_wconf 87' lang='lat'>»</span> <span class='ocrx_word' id='word_1_727' title='bbox 1460 4621 1739 4689; x_wconf 70' lang='lat' dir='ltr'>Tatianiis</span> <span class='ocrx_word' id='word_1_728' title='bbox 1764 4651 1776 4688; x_wconf 90' lang='lat'><strong>:</strong></span> <span class='ocrx_word' id='word_1_729' title='bbox 1799 4633 1903 4689; x_wconf 87' lang='lat' dir='ltr'>sed</span> <span class='ocrx_word' id='word_1_730' title='bbox 1918 4651 2038 4689; x_wconf 88' lang='lat' dir='ltr'>non</span> <span class='ocrx_word' id='word_1_731' title='bbox 2071 4621 2117 4684; x_wconf 86' lang='lat' dir='ltr'>D</span> <span class='ocrx_word' id='word_1_732' title='bbox 2148 4639 2348 4705; x_wconf 84' lang='lat' dir='ltr'>patres</span> <span class='ocrx_word' id='word_1_733' title='bbox 2380 4647 2510 4705; x_wconf 85' lang='lat' dir='ltr'>esse</span> <span class='ocrx_word' id='word_1_734' title='bbox 2537 4621 2851 4705; x_wconf 54' lang='lat' dir='ltr'>cuperent:</span> <span class='ocrx_word' id='word_1_735' title='bbox 2871 4630 3122 4696; x_wconf 88' lang='lat' dir='ltr'>duabus,</span> <span class='ocrx_word' id='word_1_736' title='bbox 3148 4621 3211 4685; x_wconf 71' lang='lat' dir='ltr'>et</span> <span class='ocrx_word' id='word_1_737' title='bbox 3239 4629 3516 4699; x_wconf 87' lang='lat' dir='ltr'>tribus,et</span> <span class='ocrx_word' id='word_1_738' title='bbox 3538 4630 3815 4703; x_wconf 90' lang='lat' dir='ltr'>pluribus</span> 
     </span>
    </p>
   </div>
   <div class='ocr_carea' id='block_1_95' title="bbox 378 4702 2036 4774">
    <p class='ocr_par' dir='ltr' id='par_1_95' title="bbox 378 4702 2036 4774">
     <span class='ocr_line' id='line_1_97' title="bbox 378 4702 2036 4774; baseline 0.001 -15"><span class='ocrx_word' id='word_1_739' title='bbox 378 4702 609 4765; x_wconf 85' lang='lat' dir='ltr'>eodem,</span> <span class='ocrx_word' id='word_1_740' title='bbox 631 4720 746 4774; x_wconf 90' lang='lat' dir='ltr'>quo</span> <span class='ocrx_word' id='word_1_741' title='bbox 778 4720 910 4764; x_wconf 79' lang='lat' dir='ltr'>nos.</span> <span class='ocrx_word' id='word_1_742' title='bbox 937 4721 1135 4760; x_wconf 85' lang='lat' dir='ltr'>sensu.</span> <span class='ocrx_word' id='word_1_743' title='bbox 1164 4706 1276 4760; x_wconf 86' lang='lat' dir='ltr'>Nos</span> <span class='ocrx_word' id='word_1_744' title='bbox 1308 4705 1470 4759; x_wconf 91' lang='lat' dir='ltr'>enim</span> <span class='ocrx_word' id='word_1_745' title='bbox 1494 4705 1554 4759; x_wconf 91' lang='lat' dir='ltr'>in</span> <span class='ocrx_word' id='word_1_746' title='bbox 1578 4706 1688 4761; x_wconf 91' lang='lat' dir='ltr'>hoc</span> <span class='ocrx_word' id='word_1_747' title='bbox 1707 4706 1759 4762; x_wconf 91' lang='lat' dir='ltr'>ei</span> <span class='ocrx_word' id='word_1_748' title='bbox 1778 4707 2036 4762; x_wconf 87' lang='lat' dir='ltr'>assenti-</span> 
     </span>
    </p>
   </div>
   <div class='ocr_carea' id='block_1_96' title="bbox 376 4775 2036 4848">
    <p class='ocr_par' dir='ltr' id='par_1_96' title="bbox 376 4775 2036 4848">
     <span class='ocr_line' id='line_1_98' title="bbox 376 4775 2036 4848; baseline 0.001 -17"><span class='ocrx_word' id='word_1_749' title='bbox 376 4791 533 4838; x_wconf 88' lang='lat' dir='ltr'>mur,</span> <span class='ocrx_word' id='word_1_750' title='bbox 576 4775 734 4846; x_wconf 93' lang='lat' dir='ltr'>quod</span> <span class='ocrx_word' id='word_1_751' title='bbox 768 4797 797 4825; x_wconf 87' lang='lat'>«</span> <span class='ocrx_word' id='word_1_752' title='bbox 854 4782 1112 4831; x_wconf 86' lang='lat' dir='ltr'>veterem</span> <span class='ocrx_word' id='word_1_753' title='bbox 1146 4798 1173 4827; x_wconf 86' lang='lat'>»</span> <span class='ocrx_word' id='word_1_754' title='bbox 1206 4776 1447 4848; x_wconf 91' lang='lat' dir='ltr'>quidem</span> <span class='ocrx_word' id='word_1_755' title='bbox 1480 4798 1508 4825; x_wconf 74' lang='grc' dir='ltr'>ιι</span> <span class='ocrx_word' id='word_1_756' title='bbox 1563 4778 1868 4832; x_wconf 90' lang='lat' dir='ltr'>hominem</span> <span class='ocrx_word' id='word_1_757' title='bbox 1898 4802 1917 4825; x_wconf 83' lang='grc' dir='ltr'>ιι</span> <span class='ocrx_word' id='word_1_758' title='bbox 1958 4778 2036 4833; x_wconf 89' lang='lat' dir='ltr'>le-</span> 
     </span>
    </p>
   </div>
   <div class='ocr_carea' id='block_1_97' title="bbox 376 4847 2035 4973">
    <p class='ocr_par' dir='ltr' id='par_1_97' title="bbox 376 4847 2035 4973">
     <span class='ocr_line' id='line_1_99' title="bbox 376 4847 2035 4973; baseline 0.002 -71"><span class='ocrx_word' id='word_1_759' title='bbox 376 4862 509 4973; x_wconf 62' lang='lat' dir='ltr'>gem</span> <span class='ocrx_word' id='word_1_760' title='bbox 545 4862 558 4912; x_wconf 89' lang='lat'><strong>;</strong></span> <span class='ocrx_word' id='word_1_761' title='bbox 593 4868 621 4896; x_wconf 84' lang='lat'><strong><em>«</em></strong></span> <span class='ocrx_word' id='word_1_762' title='bbox 667 4863 887 4903; x_wconf 91' lang='lat' dir='ltr'>novum</span> <span class='ocrx_word' id='word_1_763' title='bbox 946 4870 974 4898; x_wconf 81' lang='lat'><strong>»</strong></span> <span class='ocrx_word' id='word_1_764' title='bbox 1036 4847 1258 4914; x_wconf 85' lang='lat' dir='ltr'>autem,</span> <span class='ocrx_word' id='word_1_765' title='bbox 1319 4847 1701 4931; x_wconf 84' lang='lat' dir='ltr'>Evangelium</span> <span class='ocrx_word' id='word_1_766' title='bbox 1760 4849 2035 4916; x_wconf 90' lang='lat' dir='ltr'>dicimus,</span> 
     </span>
     <span class='ocr_line' id='line_1_100' title="bbox 402 4918 2035 4973; baseline 0 0"><span class='ocrx_word' id='word_1_767' title='bbox 402 4918 520 4973; x_wconf 93' lang='lat' dir='ltr'>icet</span> <span class='ocrx_word' id='word_1_768' title='bbox 548 4934 670 4973; x_wconf 88' lang='lat' dir='ltr'>non</span> <span class='ocrx_word' id='word_1_769' title='bbox 702 4918 953 4973; x_wconf 79' lang='lat' dir='ltr'>perinde</span> <span class='ocrx_word' id='word_1_770' title='bbox 983 4935 1051 4973; x_wconf 90' lang='lat' dir='ltr'>ac</span> <span class='ocrx_word' id='word_1_771' title='bbox 1082 4919 1184 4973; x_wconf 91' lang='lat' dir='ltr'>ille</span> <span class='ocrx_word' id='word_1_772' title='bbox 1217 4919 1361 4973; x_wconf 83' lang='lat' dir='ltr'>vult-</span> <span class='ocrx_word' id='word_1_773' title='bbox 1395 4937 1496 4973; x_wconf 79' lang='lat' dir='ltr'>aui</span> <span class='ocrx_word' id='word_1_774' title='bbox 1522 4920 1715 4973; x_wconf 69' lang='lat' dir='ltr'>lenem</span> <span class='ocrx_word' id='word_1_775' title='bbox 1748 4928 2035 4973; x_wconf 79' lang='lat' dir='ltr'>tanquam</span> 
     </span>
    </p>
   </div>
   <div class='ocr_carea' id='block_1_98' title="bbox 402 4918 2038 4994">
    <p class='ocr_par' dir='ltr' id='par_1_98' title="bbox 402 4918 2038 4994">
     <span class='ocr_line' id='line_1_101' title="bbox 402 4918 2038 4994; baseline 0.002 -21"><span class='ocrx_word' id='word_1_776' title='bbox 402 4918 670 4994; x_wconf 79' lang='lat' dir='ltr'>i_cet__no_n</span> <span class='ocrx_word' id='word_1_777' title='bbox 702 4918 953 4994; x_wconf 81' lang='lat' dir='ltr'>perinde</span> <span class='ocrx_word' id='word_1_778' title='bbox 983 4935 1051 4975; x_wconf 88' lang='lat' dir='ltr'>ac</span> <span class='ocrx_word' id='word_1_779' title='bbox 1082 4919 1184 4994; x_wconf 85' lang='lat' dir='ltr'>ille</span> <span class='ocrx_word' id='word_1_780' title='bbox 1217 4919 1361 4994; x_wconf 83' lang='lat' dir='ltr'>vult,</span> <span class='ocrx_word' id='word_1_781' title='bbox 1395 4918 1505 4991; x_wconf 82' lang='lat' dir='ltr'>qui</span> <span class='ocrx_word' id='word_1_782' title='bbox 1522 4920 1715 4994; x_wconf 88' lang='lat' dir='ltr'>legem</span> <span class='ocrx_word' id='word_1_783' title='bbox 1748 4928 2038 4992; x_wconf 89' lang='lat' dir='ltr'>tanquam</span> 
     </span>
    </p>
   </div>
   <div class='ocr_carea' id='block_1_99' title="bbox 378 4989 1566 5065">
    <p class='ocr_par' dir='ltr' id='par_1_99' title="bbox 378 4989 1566 5065">
     <span class='ocr_line' id='line_1_102' title="bbox 378 4989 1566 5065; baseline -0.003 -19"><span class='ocrx_word' id='word_1_784' title='bbox 378 4989 591 5065; x_wconf 79' lang='lat' dir='ltr'>abalio</span> <span class='ocrx_word' id='word_1_785' title='bbox 621 4989 736 5065; x_wconf 78' lang='lat' dir='ltr'>Deo</span> <span class='ocrx_word' id='word_1_786' title='bbox 772 4990 953 5065; x_wconf 83' lang='lat' dir='ltr'>latam</span> <span class='ocrx_word' id='word_1_787' title='bbox 976 4991 1214 5062; x_wconf 87' lang='lat' dir='ltr'>penitus</span> <span class='ocrx_word' id='word_1_788' title='bbox 1242 4989 1507 5065; x_wconf 84' lang='lat' dir='ltr'>abrogat.</span> <span class='ocrx_word' id='word_1_789' title='bbox 1546 5017 1566 5042; x_wconf 71' lang='grc' dir='ltr'><strong>ρ</strong></span> 
     </span>
    </p>
   </div>
   <div class='ocr_carea' id='block_1_100' title="bbox 445 5059 2038 5135">
    <p class='ocr_par' dir='ltr' id='par_1_100' title="bbox 445 5059 2038 5135">
     <span class='ocr_line' id='line_1_103' title="bbox 445 5059 2038 5135; baseline -0.001 -20"><span class='ocrx_word' id='word_1_790' title='bbox 590 5059 804 5116; x_wconf 82' lang='grc' dir='ltr'>Παλαιὰ</span> <span class='ocrx_word' id='word_1_791' title='bbox 832 5059 1177 5135; x_wconf 39' lang='lat' dir='ltr'>natm—Nam,</span> <span class='ocrx_word' id='word_1_792' title='bbox 1210 5068 1277 5135; x_wconf 83' lang='lat' dir='ltr'>ut</span> <span class='ocrx_word' id='word_1_793' title='bbox 1325 5059 1421 5135; x_wconf 52' lang='lat' dir='ltr'>ait:</span> <span class='ocrx_word' id='word_1_794' title='bbox 1454 5064 1796 5135; x_wconf 81' lang='lat' dir='ltr'>Apostolus,</span> <span class='ocrx_word' id='word_1_795' title='bbox 1847 5062 1894 5114; x_wconf 82' lang='grc' dir='ltr'>εἳ</span> <span class='ocrx_word' id='word_1_796' title='bbox 1919 5082 2038 5135; x_wconf 22' lang='grc' dir='ltr'>*τις</span> 
     </span>
    </p>
   </div>
   <div class='ocr_carea' id='block_1_101' title="bbox 375 5128 2037 5208">
    <p class='ocr_par' dir='ltr' id='par_1_101' title="bbox 375 5128 2037 5208">
     <span class='ocr_line' id='line_1_104' title="bbox 375 5128 2037 5208; baseline 0.002 -23"><span class='ocrx_word' id='word_1_797' title='bbox 375 5128 428 5208; x_wconf 70' lang='grc' dir='ltr'>ἐν</span> <span class='ocrx_word' id='word_1_798' title='bbox 454 5128 707 5205; x_wconf 78' lang='grc' dir='ltr'>Χριστῷ,</span> <span class='ocrx_word' id='word_1_799' title='bbox 730 5134 900 5208; x_wconf 22' lang='grc' dir='ltr'>,καινή</span> <span class='ocrx_word' id='word_1_800' title='bbox 932 5132 1147 5208; x_wconf 33' lang='grc' dir='ltr'>’κτίσιςο</span> <span class='ocrx_word' id='word_1_801' title='bbox 1206 5133 1274 5188; x_wconf 84' lang='grc' dir='ltr'>τὰ</span> <span class='ocrx_word' id='word_1_802' title='bbox 1330 5128 1539 5208; x_wconf 75' lang='grc' dir='ltr'>ἀρχαῖα</span> <span class='ocrx_word' id='word_1_803' title='bbox 1579 5132 1883 5205; x_wconf 79' lang='grc' dir='ltr'>παρῆλθεν,</span> <span class='ocrx_word' id='word_1_804' title='bbox 1918 5131 2037 5188; x_wconf 78' lang='grc' dir='ltr'>ἰδοὺ</span> 
     </span>
    </p>
   </div>
   <div class='ocr_carea' id='block_1_102' title="bbox 374 5201 1520 5277">
    <p class='ocr_par' dir='ltr' id='par_1_102' title="bbox 374 5201 1520 5277">
     <span class='ocr_line' id='line_1_105' title="bbox 374 5201 1520 5277; baseline 0.003 -20"><span class='ocrx_word' id='word_1_805' title='bbox 374 5201 565 5277; x_wconf 69' lang='grc' dir='ltr'>γέγονε</span> <span class='ocrx_word' id='word_1_806' title='bbox 591 5201 752 5260; x_wconf 76' lang='grc' dir='ltr'>καινὰ</span> <span class='ocrx_word' id='word_1_807' title='bbox 778 5205 843 5259; x_wconf 75' lang='grc' dir='ltr'>τὰ</span> <span class='ocrx_word' id='word_1_808' title='bbox 874 5203 1066 5277; x_wconf 82' lang='grc' dir='ltr'>πάντα,</span> <span class='ocrx_word' id='word_1_809' title='bbox 1100 5208 1150 5261; x_wconf 89' lang='grc' dir='ltr'><strong><em>Π</em></strong></span> <span class='ocrx_word' id='word_1_810' title='bbox 1181 5208 1308 5261; x_wconf 87' lang='lat' dir='ltr'>Cor.</span> <span class='ocrx_word' id='word_1_811' title='bbox 1345 5201 1520 5274; x_wconf 51' lang='lat' dir='ltr'>v&#39;,&quot;17.</span> 
     </span>
    </p>
   </div>
   <div class='ocr_carea' id='block_1_103' title="bbox 445 5276 2039 5349">
    <p class='ocr_par' dir='ltr' id='par_1_103' title="bbox 445 5276 2039 5349">
     <span class='ocr_line' id='line_1_106' title="bbox 445 5276 2039 5349; baseline 0.001 -20"><span class='ocrx_word' id='word_1_812' title='bbox 445 5278 558 5344; x_wconf 87' lang='lat'>(68)</span> <span class='ocrx_word' id='word_1_813' title='bbox 618 5278 758 5333; x_wconf 87' lang='grc' dir='ltr'>Τότε</span> <span class='ocrx_word' id='word_1_814' title='bbox 816 5277 919 5349; x_wconf 80' lang='grc' dir='ltr'>γὰρ</span> <span class='ocrx_word' id='word_1_815' title='bbox 970 5276 1062 5330; x_wconf 81' lang='grc' dir='ltr'>ἀπ.</span> <span class='ocrx_word' id='word_1_816' title='bbox 1126 5279 1358 5333; x_wconf 81' lang='lat' dir='ltr'>Similia</span> <span class='ocrx_word' id='word_1_817' title='bbox 1422 5276 1569 5331; x_wconf 88' lang='lat' dir='ltr'>dicit</span> <span class='ocrx_word' id='word_1_818' title='bbox 1634 5276 2039 5349; x_wconf 81' lang='lat' dir='ltr'>Theodoretus</span> 
     </span>
    </p>
   </div>
   <div class='ocr_carea' id='block_1_104' title="bbox 374 5346 2038 5437">
    <p class='ocr_par' dir='ltr' id='par_1_104' title="bbox 374 5346 2038 5437">
     <span class='ocr_line' id='line_1_107' title="bbox 374 5346 2038 5437; baseline 0.008 -35"><span class='ocrx_word' id='word_1_819' title='bbox 374 5348 578 5433; x_wconf 58' lang='lat' dir='ltr'>Haeret.</span> <span class='ocrx_word' id='word_1_820' title='bbox 633 5352 752 5437; x_wconf 48' lang='lat' dir='ltr'>[ab‘</span> <span class='ocrx_word' id='word_1_821' title='bbox 806 5346 911 5437; x_wconf 33' lang='lat' dir='ltr'>Ilib‘.</span> <span class='ocrx_word' id='word_1_822' title='bbox 956 5367 1028 5437; x_wconf 52' lang='lat' dir='ltr'>&quot;v,</span> <span class='ocrx_word' id='word_1_823' title='bbox 1088 5366 1215 5421; x_wconf 90' lang='lat' dir='ltr'>cap.</span> <span class='ocrx_word' id='word_1_824' title='bbox 1269 5351 1378 5437; x_wconf 40' lang='lat'>.25,</span> <span class='ocrx_word' id='word_1_825' title='bbox 1410 5366 1468 5419; x_wconf 92' lang='lat' dir='ltr'>p.</span> <span class='ocrx_word' id='word_1_826' title='bbox 1498 5349 1603 5435; x_wconf 45' lang='lat'>‘307</span> <span class='ocrx_word' id='word_1_827' title='bbox 1634 5365 1646 5414; x_wconf 85' lang='lat'>;</span> <span class='ocrx_word' id='word_1_828' title='bbox 1681 5346 1779 5437; x_wconf 59' lang='grc' dir='ltr'>ιξιά</span> <span class='ocrx_word' id='word_1_829' title='bbox 1816 5347 1915 5437; x_wconf 64' lang='grc' dir='ltr'>γὰρ</span> <span class='ocrx_word' id='word_1_830' title='bbox 1971 5346 2038 5437; x_wconf 63' lang='grc' dir='ltr'><strong>ξῆ</strong></span> 
     </span>
    </p>
   </div>
   <div class='ocr_carea' id='block_1_105' title="bbox 369 5413 2042 5494">
    <p class='ocr_par' dir='ltr' id='par_1_105' title="bbox 369 5413 2042 5494">
     <span class='ocr_line' id='line_1_108' title="bbox 369 5413 2042 5494; baseline 0.002 -24"><span class='ocrx_word' id='word_1_831' title='bbox 369 5421 534 5494; x_wconf 56' lang='grc' dir='ltr'>τουτο</span> <span class='ocrx_word' id='word_1_832' title='bbox 566 5413 653 5473; x_wconf 64' lang='grc' dir='ltr'>καί</span> <span class='ocrx_word' id='word_1_833' title='bbox 687 5418 917 5494; x_wconf 76' lang='grc' dir='ltr'>πλείους</span> <span class='ocrx_word' id='word_1_834' title='bbox 956 5413 1103 5494; x_wconf 70' lang='grc' dir='ltr'>ἔχειν</span> <span class='ocrx_word' id='word_1_835' title='bbox 1131 5413 1556 5494; x_wconf 44' lang='grc' dir='ltr'>γυναῖκας-’τοὺς</span> <span class='ocrx_word' id='word_1_836' title='bbox 1614 5413 1917 5494; x_wconf 39' lang='grc' dir='ltr'>παλαιοῦς,</span> <span class='ocrx_word' id='word_1_837' title='bbox 1942 5413 2042 5474; x_wconf 80' lang='grc' dir='ltr'>οὐκ</span> 
     </span>
    </p>
   </div>
   <div class='ocr_carea' id='block_1_106' title="bbox 376 5487 2036 5564">
    <p class='ocr_par' dir='ltr' id='par_1_106' title="bbox 376 5487 2036 5564">
     <span class='ocr_line' id='line_1_109' title="bbox 376 5487 2036 5564; baseline 0.002 -23"><span class='ocrx_word' id='word_1_838' title='bbox 376 5487 672 5564; x_wconf 49' lang='grc' dir='ltr'>ἑκιίξΑυσεν,</span> <span class='ocrx_word' id='word_1_839' title='bbox 746 5490 836 5546; x_wconf 82' lang='grc' dir='ltr'>ἳνα</span> <span class='ocrx_word' id='word_1_840' title='bbox 920 5487 1155 5564; x_wconf 56' lang='grc' dir='ltr'>αὐξήθῆ</span> <span class='ocrx_word' id='word_1_841' title='bbox 1196 5496 1338 5564; x_wconf 41' lang='lat' dir='ltr'>tam</span> <span class='ocrx_word' id='word_1_842' title='bbox 1385 5490 1687 5564; x_wconf 73' lang='grc' dir='ltr'>ᾁνθρῴπων</span> <span class='ocrx_word' id='word_1_843' title='bbox 1863 5489 2036 5564; x_wconf 66' lang='grc' dir='ltr'>γένος,</span> 
     </span>
    </p>
   </div>
   <div class='ocr_carea' id='block_1_107' title="bbox 374 5557 2041 5637">
    <p class='ocr_par' dir='ltr' id='par_1_107' title="bbox 374 5557 2041 5637">
     <span class='ocr_line' id='line_1_110' title="bbox 374 5557 2041 5637; baseline 0.003 -24"><span class='ocrx_word' id='word_1_844' title='bbox 374 5558 596 5637; x_wconf 60' lang='grc' dir='ltr'>Ταότης</span> <span class='ocrx_word' id='word_1_845' title='bbox 624 5558 780 5637; x_wconf 70' lang='grc' dir='ltr'>ἕνεκα</span> <span class='ocrx_word' id='word_1_846' title='bbox 809 5567 909 5637; x_wconf 80' lang='grc' dir='ltr'>τῇς</span> <span class='ocrx_word' id='word_1_847' title='bbox 942 5557 1115 5637; x_wconf 76' lang='grc' dir='ltr'>αἰτίας</span> <span class='ocrx_word' id='word_1_848' title='bbox 1142 5562 1236 5637; x_wconf 63' lang='grc' dir='ltr'>καί</span> <span class='ocrx_word' id='word_1_849' title='bbox 1295 5562 1346 5617; x_wconf 74' lang='grc' dir='ltr'>οἳ</span> <span class='ocrx_word' id='word_1_850' title='bbox 1378 5558 1655 5637; x_wconf 79' lang='grc' dir='ltr'>Θεοφιλεῖς</span> <span class='ocrx_word' id='word_1_851' title='bbox 1706 5557 1894 5636; x_wconf 71' lang='grc' dir='ltr'>ἄνδρες</span> <span class='ocrx_word' id='word_1_852' title='bbox 1950 5563 2041 5637; x_wconf 80' lang='grc' dir='ltr'>καί</span> 
     </span>
    </p>
   </div>
   <div class='ocr_carea' id='block_1_108' title="bbox 378 5626 2040 5707">
    <p class='ocr_par' dir='ltr' id='par_1_108' title="bbox 378 5626 2040 5707">
     <span class='ocr_line' id='line_1_111' title="bbox 378 5626 2040 5707; baseline 0.001 -21"><span class='ocrx_word' id='word_1_853' title='bbox 378 5626 668 5707; x_wconf 35' lang='grc' dir='ltr'>δυσὶίκαὶ</span> <span class='ocrx_word' id='word_1_854' title='bbox 727 5626 894 5707; x_wconf 80' lang='grc' dir='ltr'>τρισῖ,</span> <span class='ocrx_word' id='word_1_855' title='bbox 950 5636 1042 5691; x_wconf 84' lang='grc' dir='ltr'>καὶ</span> <span class='ocrx_word' id='word_1_856' title='bbox 1102 5631 1317 5707; x_wconf 70' lang='grc' dir='ltr'>πλείοσι</span> <span class='ocrx_word' id='word_1_857' title='bbox 1406 5626 1750 5707; x_wconf 67' lang='grc' dir='ltr'>συνήπτοντο</span> <span class='ocrx_word' id='word_1_858' title='bbox 1808 5626 2040 5707; x_wconf 74' lang='grc' dir='ltr'>γυναιξὶ,</span> 
     </span>
    </p>
   </div>
   <div class='ocr_carea' id='block_1_109' title="bbox 378 5697 2040 5783">
    <p class='ocr_par' dir='ltr' id='par_1_109' title="bbox 378 5697 2040 5783">
     <span class='ocr_line' id='line_1_112' title="bbox 378 5697 2040 5783; baseline 0.005 -31"><span class='ocrx_word' id='word_1_859' title='bbox 378 5697 647 5755; x_wconf 69' lang='grc' dir='ltr'>πλε-όνων</span> <span class='ocrx_word' id='word_1_860' title='bbox 724 5697 971 5781; x_wconf 58' lang='grc' dir='ltr'>γενέσθαι</span> <span class='ocrx_word' id='word_1_861' title='bbox 1054 5703 1283 5783; x_wconf 68' lang='grc' dir='ltr'>πατέρες</span> <span class='ocrx_word' id='word_1_862' title='bbox 1350 5697 1558 5760; x_wconf 72' lang='grc' dir='ltr'>παίδων</span> <span class='ocrx_word' id='word_1_863' title='bbox 1622 5697 2040 5778; x_wconf 62' lang='grc' dir='ltr'>ἑπιθυμίοῢντέςί</span> 
     </span>
    </p>
   </div>
   <div class='ocr_carea' id='block_1_110' title="bbox 2149 4703 2949 4792">
    <p class='ocr_par' dir='ltr' id='par_1_110' title="bbox 2149 4703 2949 4792">
     <span class='ocr_line' id='line_1_113' title="bbox 2149 4703 2949 4792; baseline -0.009 -33"><span class='ocrx_word' id='word_1_864' title='bbox 2149 4703 2434 4792; x_wconf 45' lang='lat' dir='ltr'>uxqilihu’s</span> <span class='ocrx_word' id='word_1_865' title='bbox 2458 4703 2761 4792; x_wconf 57' lang='lat' dir='ltr'>Jupgeban</span> <span class='ocrx_word' id='word_1_866' title='bbox 2773 4710 2884 4792; x_wconf 45' lang='lat' dir='ltr'>tlur.</span> <span class='ocrx_word' id='word_1_867' title='bbox 2900 4724 2949 4792; x_wconf 35' lang='grc' dir='ltr'>ιτ)</span> 
     </span>
    </p>
   </div>
   <div class='ocr_carea' id='block_1_111' title="bbox 2220 4771 3816 4857">
    <p class='ocr_par' dir='ltr' id='par_1_111' title="bbox 2220 4771 3816 4857">
     <span class='ocr_line' id='line_1_114' title="bbox 2220 4771 3816 4857; baseline 0 -27"><span class='ocrx_word' id='word_1_868' title='bbox 2220 4780 2313 4843; x_wconf 85' lang='lat'>(69</span> <span class='ocrx_word' id='word_1_869' title='bbox 2318 4777 2345 4847; x_wconf 81' lang='lat'><em>)</em></span> <span class='ocrx_word' id='word_1_870' title='bbox 2373 4771 2475 4857; x_wconf 61' lang='grc' dir='ltr'>Καὶ</span> <span class='ocrx_word' id='word_1_871' title='bbox 2505 4771 2572 4857; x_wconf 46' lang='grc' dir='ltr'>εἳ.</span> <span class='ocrx_word' id='word_1_872' title='bbox 2594 4793 2721 4828; x_wconf 88' lang='grc' dir='ltr'>τινι.</span> <span class='ocrx_word' id='word_1_873' title='bbox 2781 4774 2978 4857; x_wconf 74' lang='lat' dir='ltr'>Oratio</span> <span class='ocrx_word' id='word_1_874' title='bbox 3032 4773 3316 4857; x_wconf 61' lang='lat' dir='ltr'>elliptica.</span> <span class='ocrx_word' id='word_1_875' title='bbox 3350 4773 3816 4857; x_wconf 73' lang='lat' dir='ltr'>Subintelligen-</span> 
     </span>
    </p>
   </div>
   <div class='ocr_carea' id='block_1_112' title="bbox 2150 4845 3809 4918">
    <p class='ocr_par' dir='ltr' id='par_1_112' title="bbox 2150 4845 3809 4918">
     <span class='ocr_line' id='line_1_115' title="bbox 2150 4845 3809 4918; baseline -0.003 -16"><span class='ocrx_word' id='word_1_876' title='bbox 2150 4845 2434 4913; x_wconf 77' lang='grc' dir='ltr'>(111111,καῖ</span> <span class='ocrx_word' id='word_1_877' title='bbox 2480 4847 2641 4918; x_wconf 67' lang='grc' dir='ltr'>τοῦτο</span> <span class='ocrx_word' id='word_1_878' title='bbox 2696 4848 2993 4918; x_wconf 74' lang='grc' dir='ltr'>συγχωρεῖ.</span> <span class='ocrx_word' id='word_1_879' title='bbox 3034 4847 3203 4918; x_wconf 78' lang='lat' dir='ltr'>«hoc</span> <span class='ocrx_word' id='word_1_880' title='bbox 3235 4845 3414 4901; x_wconf 89' lang='lat' dir='ltr'>etiam</span> <span class='ocrx_word' id='word_1_881' title='bbox 3452 4845 3747 4918; x_wconf 81' lang='lat' dir='ltr'>concedit,</span> <span class='ocrx_word' id='word_1_882' title='bbox 3780 4865 3809 4897; x_wconf 71' lang='grc' dir='ltr'>ι</span> 
     </span>
    </p>
   </div>
   <div class='ocr_carea' id='block_1_113' title="bbox 2149 4915 3523 4987">
    <p class='ocr_par' dir='ltr' id='par_1_113' title="bbox 2149 4915 3523 4987">
     <span class='ocr_line' id='line_1_116' title="bbox 2149 4915 3523 4987; baseline -0.004 -13"><span class='ocrx_word' id='word_1_883' title='bbox 2149 4919 2382 4974; x_wconf 90' lang='lat' dir='ltr'>scilicet</span> <span class='ocrx_word' id='word_1_884' title='bbox 2414 4917 2701 4987; x_wconf 86' lang='lat' dir='ltr'>Dominus</span> <span class='ocrx_word' id='word_1_885' title='bbox 2735 4934 2749 4972; x_wconf 88' lang='lat'>:</span> <span class='ocrx_word' id='word_1_886' title='bbox 2775 4915 2863 4972; x_wconf 77' lang='lat' dir='ltr'>vel</span> <span class='ocrx_word' id='word_1_887' title='bbox 2893 4915 3126 4987; x_wconf 86' lang='lat' dir='ltr'>aliquid</span> <span class='ocrx_word' id='word_1_888' title='bbox 3155 4916 3523 4987; x_wconf 87' lang='lat' dir='ltr'>hujusmodi.</span> 
     </span>
    </p>
   </div>
   <div class='ocr_carea' id='block_1_114' title="bbox 2219 4985 3815 5062">
    <p class='ocr_par' dir='ltr' id='par_1_114' title="bbox 2219 4985 3815 5062">
     <span class='ocr_line' id='line_1_117' title="bbox 2219 4985 3815 5062; baseline 0.002 -19"><span class='ocrx_word' id='word_1_889' title='bbox 2219 4990 2370 5062; x_wconf 27' lang='grc'>(70),</span> <span class='ocrx_word' id='word_1_890' title='bbox 2408 4985 2862 5062; x_wconf 24' lang='grc' dir='ltr'>’ᾼμπερίσπαστοᾳ</span> <span class='ocrx_word' id='word_1_891' title='bbox 2909 4985 3190 5062; x_wconf 60' lang='lat' dir='ltr'>Respicit</span> <span class='ocrx_word' id='word_1_892' title='bbox 3235 4985 3263 5044; x_wconf 85' lang='grc' dir='ltr'>Ῐ</span> <span class='ocrx_word' id='word_1_893' title='bbox 3321 4989 3450 5044; x_wconf 92' lang='lat' dir='ltr'>Cor.</span> <span class='ocrx_word' id='word_1_894' title='bbox 3504 5005 3643 5062; x_wconf 65' lang='grc' dir='ltr'>νζιιι,⁸</span> <span class='ocrx_word' id='word_1_895' title='bbox 3679 4990 3746 5045; x_wconf 83' lang='lat'><strong>35</strong></span> <span class='ocrx_word' id='word_1_896' title='bbox 3800 5005 3815 5046; x_wconf 90' lang='lat'>:</span> 
     </span>
    </p>
   </div>
   <div class='ocr_carea' id='block_1_115' title="bbox 2149 5055 3814 5148">
    <p class='ocr_par' dir='ltr' id='par_1_115' title="bbox 2149 5055 3814 5148">
     <span class='ocr_line' id='line_1_118' title="bbox 2149 5055 3814 5148; baseline -0.002 -31"><span class='ocrx_word' id='word_1_897' title='bbox 2149 5055 2293 5148; x_wconf 63' lang='grc' dir='ltr'>Ῑίῥρς</span> <span class='ocrx_word' id='word_1_898' title='bbox 2322 5055 2384 5114; x_wconf 82' lang='grc' dir='ltr'>τὸ</span> <span class='ocrx_word' id='word_1_899' title='bbox 2418 5055 2700 5133; x_wconf 61' lang='grc' dir='ltr'>εὔσχημον</span> <span class='ocrx_word' id='word_1_900' title='bbox 2749 5059 2839 5114; x_wconf 88' lang='grc' dir='ltr'>καὶ</span> <span class='ocrx_word' id='word_1_901' title='bbox 2871 5055 3235 5133; x_wconf 72' lang='grc' dir='ltr'>εὐπρόσεδρον</span> <span class='ocrx_word' id='word_1_902' title='bbox 3276 5063 3357 5129; x_wconf 78' lang='grc' dir='ltr'>τῷ</span> <span class='ocrx_word' id='word_1_903' title='bbox 3398 5059 3586 5134; x_wconf 83' lang='grc' dir='ltr'>Κυρίῳ</span> <span class='ocrx_word' id='word_1_904' title='bbox 3618 5057 3814 5134; x_wconf 81' lang='grc' dir='ltr'>ἀπερι-</span> 
     </span>
    </p>
   </div>
   <div class='ocr_carea' id='block_1_116' title="bbox 2148 5152 2422 5192">
    <p class='ocr_par' dir='ltr' id='par_1_116' title="bbox 2148 5152 2422 5192">
     <span class='ocr_line' id='line_1_119' title="bbox 2148 5152 2422 5192; baseline 0.004 -6"><span class='ocrx_word' id='word_1_905' title='bbox 2148 5152 2422 5192; x_wconf 89' lang='grc' dir='ltr'>σπαστως.</span> 
     </span>
    </p>
   </div>
   <div class='ocr_carea' id='block_1_117' title="bbox 2218 5200 3326 5275">
    <p class='ocr_par' dir='ltr' id='par_1_117' title="bbox 2218 5200 3326 5275">
     <span class='ocr_line' id='line_1_120' title="bbox 2218 5200 3326 5275; baseline -0.002 -17"><span class='ocrx_word' id='word_1_906' title='bbox 2218 5206 2332 5275; x_wconf 77' lang='grc'>(71)</span> <span class='ocrx_word' id='word_1_907' title='bbox 2358 5200 2625 5275; x_wconf 86' lang='grc' dir='ltr'>Συζυγίαν</span> <span class='ocrx_word' id='word_1_908' title='bbox 2656 5203 2871 5273; x_wconf 86' lang='grc' dir='ltr'>κοίτης.</span> <span class='ocrx_word' id='word_1_909' title='bbox 2903 5203 3079 5258; x_wconf 86' lang='lat' dir='ltr'>Levit.</span> <span class='ocrx_word' id='word_1_910' title='bbox 3113 5220 3205 5269; x_wconf 80' lang='lat' dir='ltr'>xv,</span> <span class='ocrx_word' id='word_1_911' title='bbox 3240 5204 3326 5258; x_wconf 82' lang='grc'>18.</span> 
     </span>
    </p>
   </div>
   <div class='ocr_carea' id='block_1_118' title="bbox 2222 5274 3811 5348">
    <p class='ocr_par' dir='ltr' id='par_1_118' title="bbox 2222 5274 3811 5348">
     <span class='ocr_line' id='line_1_121' title="bbox 2222 5274 3811 5348; baseline -0.001 -15"><span class='ocrx_word' id='word_1_912' title='bbox 2222 5274 2334 5347; x_wconf 74' lang='lat'>(72)</span> <span class='ocrx_word' id='word_1_913' title='bbox 2357 5274 2600 5348; x_wconf 74' lang='grc' dir='ltr'>Τηρήσῃ.</span> <span class='ocrx_word' id='word_1_914' title='bbox 2629 5277 2862 5348; x_wconf 75' lang='grc' dir='ltr'>Τηρτςσῃ</span> <span class='ocrx_word' id='word_1_915' title='bbox 2920 5275 3059 5330; x_wconf 87' lang='lat' dir='ltr'>ferri</span> <span class='ocrx_word' id='word_1_916' title='bbox 3095 5281 3307 5348; x_wconf 70' lang='lat' dir='ltr'>potest.</span> <span class='ocrx_word' id='word_1_917' title='bbox 3344 5274 3392 5329; x_wconf 91' lang='lat' dir='ltr'>si</span> <span class='ocrx_word' id='word_1_918' title='bbox 3438 5274 3573 5348; x_wconf 89' lang='lat' dir='ltr'>quis</span> <span class='ocrx_word' id='word_1_919' title='bbox 3607 5281 3811 5331; x_wconf 89' lang='lat' dir='ltr'>tamen</span> 
     </span>
    </p>
   </div>
   <div class='ocr_carea' id='block_1_119' title="bbox 2150 5344 3736 5421">
    <p class='ocr_par' dir='ltr' id='par_1_119' title="bbox 2150 5344 3736 5421">
     <span class='ocr_line' id='line_1_122' title="bbox 2150 5344 3736 5421; baseline 0 -18"><span class='ocrx_word' id='word_1_920' title='bbox 2150 5344 2467 5404; x_wconf 85' lang='lat' dir='ltr'>indicative</span> <span class='ocrx_word' id='word_1_921' title='bbox 2497 5344 2731 5421; x_wconf 68' lang='grc' dir='ltr'>τηρήσει</span> <span class='ocrx_word' id='word_1_922' title='bbox 2760 5344 2951 5421; x_wconf 68' lang='lat' dir='ltr'>malit,</span> <span class='ocrx_word' id='word_1_923' title='bbox 2988 5344 3114 5421; x_wconf 51' lang='lat' dir='ltr'>per—</span> <span class='ocrx_word' id='word_1_924' title='bbox 3144 5362 3240 5421; x_wconf 78' lang='lat' dir='ltr'>me</span> <span class='ocrx_word' id='word_1_925' title='bbox 3271 5344 3428 5421; x_wconf 79' lang='lat' dir='ltr'>licet.</span> <span class='ocrx_word' id='word_1_926' title='bbox 3458 5344 3736 5403; x_wconf 70' lang='lat' dir='ltr'>SYLBL&#39;RG.</span> 
     </span>
    </p>
   </div>
   <div class='ocr_carea' id='block_1_120' title="bbox 2221 5417 3816 5501">
    <p class='ocr_par' dir='ltr' id='par_1_120' title="bbox 2221 5417 3816 5501">
     <span class='ocr_line' id='line_1_123' title="bbox 2221 5417 3816 5501; baseline 0 -27"><span class='ocrx_word' id='word_1_927' title='bbox 2221 5422 2331 5501; x_wconf 78' lang='grc'>(73)</span> <span class='ocrx_word' id='word_1_928' title='bbox 2395 5417 2783 5501; x_wconf 62' lang='grc' dir='ltr'>Ιίνευνλατικός.</span> <span class='ocrx_word' id='word_1_929' title='bbox 2843 5440 2870 5470; x_wconf 78' lang='grc' dir='ltr'>ι(</span> <span class='ocrx_word' id='word_1_930' title='bbox 2919 5417 3250 5501; x_wconf 71' lang='lat' dir='ltr'>Spiritalis,</span> <span class='ocrx_word' id='word_1_931' title='bbox 3308 5418 3511 5501; x_wconf 78' lang='lat' dir='ltr'>»_hoc</span> <span class='ocrx_word' id='word_1_932' title='bbox 3570 5425 3678 5501; x_wconf 78' lang='lat' dir='ltr'>est.</span> <span class='ocrx_word' id='word_1_933' title='bbox 3741 5436 3816 5474; x_wconf 82' lang='lat' dir='ltr'>ex</span> 
     </span>
    </p>
   </div>
   <div class='ocr_carea' id='block_1_121' title="bbox 2151 5488 3816 5564">
    <p class='ocr_par' dir='ltr' id='par_1_121' title="bbox 2151 5488 3816 5564">
     <span class='ocr_line' id='line_1_124' title="bbox 2151 5488 3816 5564; baseline -0.002 -18"><span class='ocrx_word' id='word_1_934' title='bbox 2151 5488 2645 5564; x_wconf 75' lang='lat' dir='ltr'>interpretatione</span> <span class='ocrx_word' id='word_1_935' title='bbox 2688 5488 3032 5551; x_wconf 73' lang='lat' dir='ltr'>Clementis.</span> <span class='ocrx_word' id='word_1_936' title='bbox 3117 5490 3430 5564; x_wconf 65' lang='lat' dir='ltr'>vaattxé&#39;):</span> <span class='ocrx_word' id='word_1_937' title='bbox 3489 5488 3816 5564; x_wconf 73' lang='grc' dir='ltr'>νοούμενος,</span> 
     </span>
    </p>
   </div>
   <div class='ocr_carea' id='block_1_122' title="bbox 2158 5561 3819 5633">
    <p class='ocr_par' dir='ltr' id='par_1_122' title="bbox 2158 5561 3819 5633">
     <span class='ocr_line' id='line_1_125' title="bbox 2158 5561 3819 5633; baseline -0.001 -14"><span class='ocrx_word' id='word_1_938' title='bbox 2158 5586 2184 5615; x_wconf 72' lang='grc' dir='ltr'>α</span> <span class='ocrx_word' id='word_1_939' title='bbox 2207 5561 2471 5633; x_wconf 65' lang='grc' dir='ltr'>ᾳηοέῑὶοθ</span> <span class='ocrx_word' id='word_1_940' title='bbox 2503 5588 2528 5614; x_wconf 74' lang='grc' dir='ltr'>»ι</span> <span class='ocrx_word' id='word_1_941' title='bbox 2564 5571 2622 5620; x_wconf 88' lang='lat' dir='ltr'>et</span> <span class='ocrx_word' id='word_1_942' title='bbox 2652 5564 2981 5621; x_wconf 87' lang='lat' dir='ltr'>secundum</span> <span class='ocrx_word' id='word_1_943' title='bbox 3009 5561 3325 5633; x_wconf 86' lang='lat' dir='ltr'>mysticum</span> <span class='ocrx_word' id='word_1_944' title='bbox 3359 5561 3678 5633; x_wconf 29' lang='lat' dir='ltr'>sensumigc</span> <span class='ocrx_word' id='word_1_945' title='bbox 3729 5563 3819 5618; x_wconf 84' lang='lat' dir='ltr'>in-</span> 
     </span>
    </p>
   </div>
   <div class='ocr_carea' id='block_1_123' title="bbox 2154 5629 3817 5708">
    <p class='ocr_par' dir='ltr' id='par_1_123' title="bbox 2154 5629 3817 5708">
     <span class='ocr_line' id='line_1_126' title="bbox 2154 5629 3817 5708; baseline -0.001 -17"><span class='ocrx_word' id='word_1_946' title='bbox 2154 5629 2448 5708; x_wconf 82' lang='lat' dir='ltr'>tellectus.</span> <span class='ocrx_word' id='word_1_947' title='bbox 2483 5659 2513 5708; x_wconf 85' lang='lat'>»_</span> <span class='ocrx_word' id='word_1_948' title='bbox 2539 5636 2801 5708; x_wconf 80' lang='lat' dir='ltr'>Respicit</span> <span class='ocrx_word' id='word_1_949' title='bbox 2842 5629 3259 5708; x_wconf 29' lang='lat' dir='ltr'>autemjﬂom.</span> <span class='ocrx_word' id='word_1_950' title='bbox 3292 5650 3390 5699; x_wconf 81' lang='lat' dir='ltr'>vn,</span> <span class='ocrx_word' id='word_1_951' title='bbox 3423 5635 3521 5689; x_wconf 70' lang='lat'>14:</span> <span class='ocrx_word' id='word_1_952' title='bbox 3571 5629 3817 5707; x_wconf 74' lang='grc' dir='ltr'>Οἵδαμεν</span> 
     </span>
    </p>
   </div>
   <div class='ocr_carea' id='block_1_124' title="bbox 2152 5702 3185 5782">
    <p class='ocr_par' dir='ltr' id='par_1_124' title="bbox 2152 5702 3185 5782">
     <span class='ocr_line' id='line_1_127' title="bbox 2152 5702 3185 5782; baseline 0.001 -21"><span class='ocrx_word' id='word_1_953' title='bbox 2152 5705 2254 5782; x_wconf 80' lang='grc' dir='ltr'>γὰρ</span> <span class='ocrx_word' id='word_1_954' title='bbox 2288 5705 2370 5762; x_wconf 83' lang='grc' dir='ltr'>ὅτι</span> <span class='ocrx_word' id='word_1_955' title='bbox 2395 5707 2423 5762; x_wconf 91' lang='lat'>6</span> <span class='ocrx_word' id='word_1_956' title='bbox 2454 5706 2626 5780; x_wconf 89' lang='grc' dir='ltr'>νόμος</span> <span class='ocrx_word' id='word_1_957' title='bbox 2656 5702 3024 5781; x_wconf 66' lang='grc' dir='ltr'>⁸πνευματικός</span> <span class='ocrx_word' id='word_1_958' title='bbox 3051 5702 3185 5762; x_wconf 78' lang='grc' dir='ltr'>ἐστι.</span> 
     </span>
    </p>
   </div>
  </div>
