4144 6404
336 330 479 388 1185

1671 327 2122 386 ΒΤΒΟΜΔἸἭΜ
2159 327 2297 383 LIB.
2335 328 2437 383 ΠΙ.

3621 330 3764 388 1186

327 458 494 530 ἡμεῖς
519 451 585 511 δ’·
622 477 651 507 «
680 453 1194 528 ἐθανατώθημεντῷ
1223 454 1379 527 νόμῳ
1396 450 1486 509 διὰ
1499 456 1596 509 τοῦ
1628 450 1990 526 σώματοςτοῦ

2112 467 2249 507 num
2271 456 2471 508 autem
2505 456 2614 518 est,
2667 449 2825 523 quod
2858 454 2949 507 est
2998 468 3068 509 ex
3126 452 3399 518 Domino,
3456 456 3767 511 matrimo-

328 548 563 623 Χριστοῦ
594 544 672 610 εἰς
698 545 763 600 τὸ
794 544 1041 619 γενέσθαι
1092 545 1242 614 ἡμᾶς
1292 542 1484 618 ἑτέρῳ,
1540 547 1620 615 τῷ
1670 541 1730 598 ὲκ
1786 545 1993 616 νεκρῶν

333 636 630 712 ἐγερθέντι,
691 660 720 688 ››
802 640 882 703 τῷ
958 635 1063 690 ὑπὸ
1138 637 1235 689 τοῦ
1293 634 1469 706 νόμου
1543 633 1996 711 προφητευθέντι,

342 748 364 775 ι
392 724 486 781 ’ίνα
512 725 1028 803 καρποφορήσωμεν
1081 728 1162 797 τῷ
1219 727 1355 794 Θεῷ.
1392 747 1418 776 ι(
1450 724 1543 778 Διὸ
1577 749 1604 775 ‹‹
1638 724 1666 778 6
1692 723 1787 796 μὲν
1830 722 2001 794 νόμος

335 816 510 892 ἅγιος,
566 814 660 871 καὶ
711 816 745 868 ἢ
808 812 1006 882 ἐντολὴ
1093 813 1237 888 ἁγία,
1295 812 1387 869 καὶ
1458 811 1663 884 δικαία,
1720 812 1810 868 καὶ
1867 813 2001 887 ἁγα-

333 906 424 975 θή.
483 928 510 958 ι
565 903 1019 976 Ἐθανατώθημεν
1080 903 1172 957 οὑν
1243 907 1323 975 τῷ
1406 902 1586 976 νόμῳ,
1634 902 1879 957 τουτέστι
1930 902 1998 972 τῇ

338 994 443 1049 ὑπὸ
516 996 613 1048 τοῦ
668 993 847 1066 νόμου
918 989 1238 1067 δηλουμένη
1322 991 1581 1066 ἁμαρτίᾳ·
1661 993 1727 1063 ἢν
1789 989 2003 1045 δείκνυ-

336 1105 417 1139 σιν
450 1085 587 1155 (74),
617 1081 679 1137 οὑ
710 1085 873 1158 γεννᾷ
903 1082 931 1136 ὁ
962 1081 1159 1155 νόμος,
1194 1078 1283 1136 διὰ
1338 1088 1440 1151 τῆς
1490 1083 1839 1156 προστάξεως
1890 1082 1999 1153 (75)

331 1176 440 1227 τῶν
468 1167 768 1242 ποιητέων,
800 1170 890 1226 καὶ
917 1170 1343 1246 ἀπαγορεύσεως
1400 1175 1509 1225 τῶν
1570 1169 1632 1224 οὐ
1699 1170 1998 1239 ποιητέων,

333 1258 580 1336 ἐλέγχων
609 1261 708 1329 τήν
744 1260 1109 1333 ὑποκειμένην
1130 1260 1424 1333 ἁμαρτίαν,
1455 1283 1482 1312 ‹‹
1519 1256 1612 1314 ἵνα
1640 1262 1782 1333 φανῇ
1818 1259 2000 1330 ἁμαρ-

331 1349 443 1407 τία.
469 1373 496 1401 n
532 1349 597 1405 Εἴ
624 1345 682 1405 δὲ
706 1349 948 1426 ἁμαρτία
995 1350 1177 1424 γάμος
1207 1349 1235 1403 6
1283 1349 1423 1404 κατὰ
1476 1348 1672 1422 νόμον,
1731 1347 1832 1402 οὑκ
1881 1342 2000 1400 οῖδα

333 1444 453 1501 πῶς
480 1460 563 1501 τις
593 1438 707 1516 ἐρεῖ
735 1440 863 1495 Θεὸν
898 1440 1217 1514 ἐγνωκέναι,
1251 1436 1425 1514 λέγων
1455 1439 1520 1494 τὸ
1548 1439 1876 1513 πρόσταγμα
1902 1438 2000 1491 τοῦ

340 1533 478 1584 Θεοῦ
509 1527 776 1603 ἁμαρτίαν
814 1528 970 1584 εἶναι’
997 1552 1027 1580 ‹‹
1060 1530 1219 1605 ἁγίου
1251 1552 1279 1580 ››
1303 1527 1362 1583 δῖε
1392 1526 1549 1592 ὄντος
1580 1526 1677 1584 τοῦ
1705 1552 1734 1580 ‹‹
1765 1528 1999 1601 νόμου,››

338 1620 490 1694 ἅγιος
524 1619 553 1674 6
581 1617 782 1694 γάμος.
809 1618 885 1674 T6
920 1620 1223 1692 μυστήριον
1256 1622 1369 1692 (76)
1399 1618 1578 1673 τοίνυν
1606 1619 1770 1674 τοῦτο
1801 1616 1880 1680 εἷς
1903 1615 1998 1671 τὸν

334 1706 567 1782 Χριστὸν
596 1707 685 1762 καὶ
715 1709 815 1777 τήν
856 1705 1183 1778 Ἐκκλησίαν
1238 1707 1356 1783 ἄγει
1404 1708 1432 1762 6
1487 1706 1848 1768 Ἀπόστολος·
1898 1725 1999 1759 κα-

2111 542 2301 610 nium,
2333 559 2469 597 cum
2519 541 2679 597 idem
2710 543 2866 597 Deus
2896 547 3160 597 servetur
3192 558 3226 597 a
3255 542 3428 597 nobis
3460 542 3487 598 ?
3521 567 3541 593 ι
3581 547 3705 599 Non
3740 566 3770 595 »

2111 631 2273 686 enim
2301 654 2329 681 ‹‹
2362 631 2520 702 quod
2542 638 2700 686 Deus
2732 631 3063 703 conjunxit,
3086 632 3263 686 homo
3284 655 3303 680 ι
3330 633 3467 687 Jure
3498 655 3525 682 ι(
3561 633 3778 689 dissol-

2109 721 2375 790 verit(a);
2402 745 2423 773 ι
2454 721 2641 776 multo
2663 728 2859 777 autem
2889 721 3218 794 magisquaa
3241 721 3425 794 jussit
3444 724 3778 791 Pater,ser-

2110 811 2269 865 vabit
2299 827 2537 881 quoque
2568 810 2771 865 Filius.
2802 811 2858 865 Si
2890 817 3092 866 autem
3149 811 3309 866 idem
3364 812 3545 867 simul
3575 819 3666 868 est
3720 817 3779 869 et

2110 900 2415 972 legislator
2439 905 2497 954 et
2525 900 2904 972 evangelista,
2929 917 3237 971 nunquam
3271 900 3399 972 ipse
3430 917 3632 957 secum
3661 920 3771 974 pu-

2111 993 2270 1062 gnat.
2308 989 2458 1042 Vivit
2485 988 2647 1044 enim
2672 989 2789 1057 lex,
2847 1006 2983 1045 cum
3030 990 3108 1045 sit
3162 990 3468 1061 spiritalis,
3520 997 3580 1046 et
3633 1008 3776 1065 gno-

2112 1080 2256 1133 stice
2288 1079 2659 1151 intelligatur
2681 1096 2819 1134 :nos
2840 1085 3042 1135 autem
3066 1101 3094 1130 «
3109 1080 3327 1134 mortui
3350 1101 3376 1132 ι
3397 1097 3603 1137 sumus
3623 1081 3774 1154 «legi

2110 1188 2217 1242 per
2245 1188 2460 1242 corpus
2490 1172 2729 1240 Christi,
2777 1177 2846 1226 ut
2871 1172 3251 1244 gigneremur
3280 1172 3474 1241 alteri,
3531 1173 3633 1243 qui
3690 1190 3773 1230 re-

2111 1260 2370 1315 surrexit
2398 1277 2467 1316 ex
2500 1260 2917 1332 mortuis,»qui
2950 1260 3270 1333 praadictus
3290 1261 3404 1316 fuit
3432 1279 3468 1317 a
3496 1262 3684 1334 lege,«
3708 1267 3776 1318 ut

2110 1353 2229 1407 Deo
2259 1352 2758 1409 fructiﬁcaremus
2796 1354 2899 1424 (ὁ).
2934 1376 2962 1403 ››
2984 1355 3175 1419 Quare
3203 1374 3231 1404 «τ
3283 1353 3379 1410 lex
3408 1354 3654 1426 quidem
3686 1359 3778 1411 est

2112 1448 2336 1511 sancta,
2371 1448 2431 1498 et
2477 1444 2825 1499 mandatum
2868 1448 3162 1509 sanctum,
3196 1449 3255 1498 et
3272 1444 3529 1516 justum,
3564 1449 3623 1499 et
3667 1444 3776 1500 bo-

2110 1548 2256 1587 num
2282 1534 2374 1603 (C).
2407 1554 2428 1581 ι
2456 1535 2665 1589 Mortui
2699 1550 2804 1607 ego
2834 1550 3039 1588 sumus
3070 1533 3328 1606 legi,hoc
3358 1540 3467 1598 est,
3505 1539 3772 1605 peccato,

2112 1622 2271 1693 quod
2300 1639 2334 1678 a
2364 1623 2490 1696 lege
2523 1624 2913 1697 signiﬁcatur,
2939 1623 3103 1695 quod
3132 1624 3543 1691 ostendit,non
3572 1630 3774 1680 autem

2109 1717 2355 1784 generat
2373 1712 2492 1780 lex,
2514 1730 2621 1784 per
2639 1713 2976 1785 jussionem
2999 1730 3205 1769 eorum
3239 1730 3371 1784 quae
3388 1720 3530 1771 sunt
3548 1714 3773 1770 facien-

337 1778 505 1869 θάπερ
532 1819 560 1848 ι(
582 1795 646 1849 τὸ
672 1796 1015 1871 γεννώμενον
1048 1797 1163 1869 (77)
1196 1794 1257 1851 ἐκ
1284 1778 1382 1865 τῆς
1410 1797 1608 1870 σαρκὸς
1667 1797 1794 1867 σάρξ
1826 1794 1992 1867 ἐστιν,

2112 1800 2198 1864 da,
2232 1807 2290 1855 et
2317 1802 2785 1873 prohibitionem
2839 1818 3046 1858 eorum
3104 1818 3235 1873 quaa
3293 1816 3415 1857 non
3445 1801 3770 1869 facienda;

342 1885 486 1939 οὕτω
516 1885 581 1939 τὸ
612 1883 673 1940 ἐκ
694 1884 1003 1958 πνεύματος
1062 1889 1296 1959 πνεῦμα,
1354 1885 1424 1940 ὀὐ
1487 1886 1655 1959 μόνον
1712 1889 1819 1959 (78)
1867 1886 2004 1941 κατὰ

339 1975 440 2043 τὴν
466 1973 794 2046 ἀποκύησιν,
823 1972 970 2030 ἀλλὰ
997 1974 1088 2029 καί⁵
1128 1966 1273 2030 ’κατὰ
1325 1975 1426 2044 τὴν
1490 1977 1742 2048 μάθησιν.
1799 1974 2003 2031 Αὐτίκα

339 2086 369 2115 ‹‹
397 2062 524 2137 ἅγια
544 2064 614 2118 τὰ
640 2063 823 2118 τέκνα·
862 2087 890 2115 ››
922 2064 978 2117 αἱ
1034 2063 1415 2138 εὖαρεστήσεις
1473 2069 1554 2136 τῷ
1595 2069 1712 2137 Θεῷ
1756 2069 1864 2120 τῶν
1899 2071 2007 2120 Κυ-

336 2156 542 2227 ριακῶν
629 2153 834 2228 λόγων,
893 2154 1315 2230 νυμφευσάντων
1360 2155 1458 2223 τὴν
1508 2156 1719 2229 ψυχήν.
1770 2154 2006 2230 Πορνεία

338 2246 470 2316 γοῦν
521 2243 607 2297 καὶ
670 2242 849 2316 γάμος
900 2243 1256 2317 κεχώρισται·
1302 2240 1420 2297 ἐπεὶ
1473 2243 1680 2317 μακρὰν
1738 2242 2007 2323 ἀφέστηκε

340 2332 439 2383 τοῦ
470 2332 605 2383 Θεοῦ
653 2329 681 2383 6
715 2322 998 2390 διάϐολος.
1035 2352 1064 2382 ‹‹
1117 2329 1222 2387 Καὶ
1286 2330 1443 2403 ὑμεῖς
1494 2327 1585 2384 οῦν
1632 2328 2008 2401 ἐθανατώθητε

335 2422 418 2490 τῷ
449 2417 626 2491 νόμῳ,
682 2415 771 2473 διὰ
818 2421 920 2473 τοῦ
978 2417 1237 2491 σώματος
1281 2423 1381 2474 τοῦ
1420 2420 1683 2493 Χριστοῦ,
1713 2420 1792 2483 εἷς
1820 2420 1881 2474 τὸ
1911 2441 2006 2495 γε·

336 2507 518 2570 νέσθαι
553 2507 693 2581 ὑμᾶς
728 2506 919 2581 ἑτέρῳ,
968 2512 1051 2580 τῷ
1106 2507 1167 2563 ἐκ
1221 2512 1426 2582 νεκρῶν
1463 2507 1757 2584 ἐγερθέντι.
1799 2534 1824 2561 υ
1862 2515 2005 2563 Συν-

345 2595 658 2668 εξακοὺεται
713 2597 815 2672 γὰρ
902 2601 1216 2671 προσεχῶς,
1300 2597 1581 2666 ὑπηκόους
1643 2597 2002 2672 γενομένους*

344 2684 464 2740 ἐπεὶ
523 2684 797 2741 καὶκατὰ
879 2686 978 2753 τὴν
1035 2684 1297 2756 ἀλήθειαν
1353 2689 1450 2740 τοῦ
1507 2685 1684 2760 νόμου
1748 2691 1859 2757 ι’79)
1926 2691 2005 2759 τῷ

341 2774 493 2847 αὑτῴ
554 2775 741 2850 Κυρίῳ
800 2772 1169 2847 ὑπακούομεν,
1229 2773 1509 2850 πόρῥωθεν
1570 2778 1683 2849 (80)
1766 2796 2003 2852 παρακε-

342 2864 648 2935 λευομένῳ.
683 2863 786 2919 Καὶ
824 2864 958 2936 μήτι
989 2863 1077 2917 ἐπὶ
1135 2868 1243 2918 τῶν
1279 2863 1548 2919 τοιούτων
1583 2864 1807 2927 εἲκότως
1865 2890 1892 2918 ‹‹
1942 2865 2005 2920 τὸ

344 2955 564 3026 Πνεῦμα
595 2946 842 3026 ἄντικρυς
877 2952 989 3025 (81)
1022 2951 1192 3026 λέγει,
1253 2952 1337 3007 ὅτι
1377 2950 1430 3008 ἐν
1490 2953 1733 3029 ὑστέροις
1790 2957 2005 3026 καιροῖς

343 3041 741 3113 ἀποστήσονταί
778 3061 922 3103 τινες
978 3047 1079 3111 τῆς
1134 3042 1392 3109 πίστεως,
1446 3042 1813 3118 προσέχοντες
1842 3042 2007 3099 πνεό-

2107 1889 2555 1961 reprehendens
2586 1890 2924 1962 subjectum
2953 1895 3288 1961 peccatum,
3321 1913 3348 1939 «
3378 1896 3446 1946 ut
3490 1896 3777 1963 appareat

2109 1986 2439 2051 peccatum.
2477 2001 2504 2028 »
2520 1980 2577 2034 Si
2609 1986 2808 2035 autem
2840 1986 3152 2051 peccatum
3184 1984 3273 2035 est
3294 1980 3773 2035 matrimonium.

2111 2068 2267 2140 quod
2301 2069 2629 2125 secundum
2662 2069 2852 2142 legem
2877 2068 3293 2136 initur,nescio
3325 2068 3626 2140 quomodo
3641 2068 3776 2140 quis

2112 2158 2268 2213 dicet
2297 2175 2359 2213 se
2390 2159 2575 2214 Deum
2598 2175 2798 2226 nosse,
2832 2159 3039 2214 dicens
3064 2158 3166 2213 Dei
3195 2159 3436 2214 Jussum
3483 2175 3614 2214 esse
3644 2175 3780 2230 pec-

2112 2253 2331 2303 catum.
2359 2246 2525 2312 Quod
2549 2247 2597 2301 si
2623 2268 2650 2296 «
2686 2246 2779 2302 lex
2801 2252 3009 2303 sancta
3039 2268 3068 2297 »
3099 2252 3208 2312 est,
3243 2253 3518 2302 sanctum
3542 2253 3632 2303 est
3646 2264 3776 2304 ma-

2112 2338 2485 2393 trimonium.
2546 2338 2891 2409 Mysterium
2923 2353 3059 2410 ergo
3093 2337 3205 2392 hoc
3243 2337 3319 2393 ad
3349 2337 3650 2393 Christum
3718 2341 3779 2393 et

2111 2427 2437 2483 Ecclesiam
2470 2426 2636 2482 ducit
2664 2426 2985 2498 Apostolus
3009 2443 3021 2480 :
3046 2426 3589 2497 quemadmodum«
3614 2426 3776 2498 quod

2112 2531 2183 2571 ex
2215 2532 2392 2571 carne
2428 2521 2766 2587 generatur,
2794 2531 2932 2571 caro
2965 2520 3084 2581 est;
3114 2515 3197 2570 ita
3238 2513 3395 2586 quod
3438 2532 3507 2570 ex
3538 2515 3774 2587 spiritu,

2112 2604 2378 2676 spiritus,
2411 2604 2495 2675 (ἀ)
2527 2625 2555 2653 ››
2585 2620 2706 2658 non
2737 2603 2930 2658 solum
2963 2604 3024 2658 in
3056 2603 3478 2675 pariendo,sed
3504 2605 3681 2660 etiam
3713 2604 3776 2659 in

2111 2692 2413 2748 discendo.
2447 2693 2572 2747 Jam
2596 2715 2624 2741 «
2676 2693 2866 2747 sancti
2924 2697 3070 2748 sunt
3116 2693 3224 2747 filii
3258 2695 3349 2764 (ε),
3383 2715 3411 2743 ››
3447 2694 3565 2749 Deo
3594 2699 3775 2767 grata

2112 2781 2540 2837 oblectationes
2590 2780 2907 2835 verborum
2967 2781 3433 2849 Dominicorum,
3490 2800 3621 2853 quas
3673 2782 3778 2839 de-

2112 2871 2488 2943 sponderunt
2514 2869 2778 2925 animam
2816 2869 2967 2924 Sunt
2996 2886 3134 2942 ergo
3161 2877 3435 2943 separata
3457 2870 3774 2928 fornicatio

2112 2966 2172 3015 et
2198 2959 2672 3026 matrimonium,
2707 2958 2993 3030 quoniam
3024 2975 3059 3014 a
3081 2960 3198 3014 Deo
3242 2959 3417 3033 longe
3443 2960 3613 3017 abest
3642 2962 3775 3017 dia-

2112 3048 2305 3104 bolus.
2332 3070 2360 3098 «
2393 3050 2463 3102 Et
2482 3065 2582 3104 vos
2605 3064 2741 3120 ergo
2772 3048 2991 3103 mortui
3025 3048 3168 3104 estis
3226 3048 3342 3122 legi
3400 3066 3505 3122 per
3542 3066 3776 3122 corpus

341 3150 472 3203 μασι
509 3127 743 3201 πλάνης,
775 3128 866 3185 καὶ
897 3125 1272 3192 διδασκαλίαις
1331 3129 1635 3202 δαιμονίων
1664 3131 1717 3186 ἐν
1770 3131 1997 3208 ὑποκρί-

2114 3137 2354 3204 Christi,
2389 3143 2456 3192 ut
2483 3155 2586 3193 vos
2616 3136 3011 3210 gigneremini
3043 3137 3237 3206 alteri,
3272 3138 3375 3210 qui
3430 3140 3690 3195 surrexit
3745 3155 3782 3196 a

336 3238 417 3273 σει
471 3216 851 3295 ψευδολόγων,
909 3221 1460 3293 κεκαυτηριασμένων
1516 3222 1617 3290 τήν
1664 3219 1996 3291 συνείδησιν,

336 3307 431 3363 καὶ
461 3305 793 3363 κωλυόντων
846 3313 1067 3385 γαμεῖν,
1123 3309 1424 3384 ἀπέχεσθαι
1488 3310 1819 3385 βρωμάτων,
1880 3308 1913 3365 ἄ
1969 3310 1998 3366 6

334 3398 469 3462 Θεὸς
516 3394 722 3454 ἔκτισεν
782 3397 858 3459 εἷς
920 3397 1228 3472 μετάληψιν
1289 3400 1406 3472 μετ’
1471 3399 1825 3476 εὐχαριστίας
1880 3404 1999 3464 τοῖς

336 3486 578 3557 πιστοὶς,
609 3487 701 3542 καὶ
729 3486 1066 3561 ἐπεγνωκόσι
1094 3488 1195 3556 τήν
1224 3485 1504 3558 ἀλήθειαν,
1538 3488 1621 3544 δτι
1661 3495 1764 3544 πᾶν
1797 3489 2000 3563 κτίσμα

332 3580 468 3630 Θεοῦ
497 3575 692 3645 καλὸν,
751 3576 841 3631 καὶ
904 3573 1059 3631 οὐδὲν
1108 3572 1428 3646 ἀπόϐλητον
1480 3578 1595 3650 μετ’
1652 3577 2002 3654 εὐχαριστίας

336 3659 784 3739 λαμϐανόμενον·
838 3664 1114 3740 ἁγιάζεται
1187 3667 1290 3740 γὰρ
1351 3663 1441 3722 διὰ
1499 3666 1664 3744 Λόγου
1723 3673 1858 3723 Θεοῦ
1909 3668 2001 3723 καὶ

335 3751 646 3825 ἐντεύξεως.
682 3778 710 3807 ››
757 3754 1086 3829 Ἐπάναγκες
1148 3755 1242 3829 μὲν
1305 3754 1397 3810 οὑν
1454 3756 1516 3811 οὑ
1570 3757 1847 3814 κωλυτέον
1900 3759 1999 3835 γά-

337 3848 484 3916 μεῖν,
516 3840 643 3898 οὑδὲ
672 3844 781 3916 μὴν
813 3850 1175 3922 κρεωφαγεῖν,
1207 3844 1243 3915 ἢ
1304 3845 1635 3902 οἰνοποτεῖψ
1697 3848 2004 3923 γέγραπται

331 3929 459 4009 γάρ*
498 3955 525 3985 ιι
558 3932 739 3989 Καλὸν
767 3934 832 3988 τὸ
867 3935 945 4006 μὴ
980 3941 1172 4012 φαγεῖν
1212 3936 1364 4010 κρέα,
1431 3934 1574 4010 μηδὲ
1605 3936 1777 3992 πίνειν
1830 3939 2003 4010 οἶνον,

335 4021 425 4078 ἐὰν
460 4019 552 4076 διὰ
581 4022 1011 4098 προσκόμματος
1044 4022 1214 4098 ἐσθίῃ·
1248 4048 1276 4076 »
1327 4027 1438 4080 καί·
1476 4050 1505 4078 ‹‹
1561 4025 1736 4081 Καλὸν
1801 4029 2001 4101 μένειν,

336 4111 413 4173 ὡς
444 4110 619 4185 κάγώ⁹
654 4109 843 4166 »ἀλλ’
901 4113 932 4167 6'
986 4133 1046 4167 τε
1105 4114 1393 4189 χρώμενος
1456 4116 1575 4187 μετ’
1629 4115 2001 4191 εὑχαροιτίας,

334 4197 446 4254 ὅτε
475 4197 542 4254 αὖ
603 4201 679 4274 μή
728 4202 1040 4276 χρώμενος,
1093 4199 1183 4256 καί
1232 4201 1393 4264 αὐτὸς
1454 4204 1572 4275 μετ’
1626 4202 2000 4279 εὐχαριστίας,

2112 3229 2497 3298 ωοιιιιιὶε(ν).ι
2526 3228 2927 3284 Simulautem
2944 3229 3212 3299 proxime
3236 3229 3571 3299 exauditur,
3589 3230 3778 3287 sifue-

2110 3318 2249 3374 ritis
2280 3317 2628 3374 obedientes
2650 3333 2663 3372 :
2687 3317 3177 3389 quandoquidem
3220 3320 3401 3375 etiam
3432 3336 3501 3374 ex
3532 3320 3778 3375 veritate

2113 3408 2262 3481 legis
2293 3407 2486 3463 eidem
2506 3408 2757 3463 Domino
2788 3406 3123 3475 obedimus,
3149 3410 3250 3480 qui
3308 3409 3582 3481 praecipit
3628 3409 3782 3465 emi-

2113 3513 2250 3551 nus.
2279 3496 2343 3559 ἄ(
2384 3496 2662 3567 Nunquid
2711 3501 2908 3551 autem
2962 3496 3035 3557 de
3096 3496 3388 3569 ejusmodi
3434 3498 3780 3553 hominibus

2113 3587 2324 3642 merito
2353 3593 2556 3659 aperte
2581 3610 2609 3637 ιι
2641 3586 2787 3642 dicit
2809 3587 3082 3658 Spiritus,
3117 3587 3278 3658 quod
3321 3588 3382 3643 in
3432 3590 3777 3659 posteriori-

2113 3676 2225 3732 bus
2257 3676 2625 3748 temporibus
2660 3676 2945 3731 deﬁcient
2964 3676 3210 3747 quidam
3234 3692 3269 3731 a
3297 3676 3435 3743 ﬁde,
3460 3678 3779 3733 attenden-

2115 3771 2204 3821 tes
2229 3765 2538 3837 spiritibus
2583 3765 2826 3827 erroris,
2888 3770 2948 3819 et
2995 3765 3283 3821 doctrinis
3322 3766 3777 3837 daamoniorum,

2114 3856 2177 3910 in
2220 3854 2521 3927 hypocrisi
2579 3854 3061 3926 falsiloquorum,
3111 3855 3500 3911 cauteriatam
3549 3856 3782 3912 haben-

2115 3944 2263 3999 tium
2291 3943 2813 4009 conscientiam,et
2842 3943 3291 4014 prohibentium
3323 3944 3572 4012 nubere,
3591 3945 3775 4001 absti-

2116 4049 2257 4087 nere
2289 4049 2323 4087 a
2353 4032 2521 4099 cibis,
2540 4049 2690 4103 quos
2719 4032 2874 4087 Deus
2904 4033 3123 4087 creavit
3147 4032 3221 4087 ad
3253 4034 3774 4103 participationem

2113 4138 2249 4177 cum
2281 4122 2608 4193 gratiarum
2630 4121 2865 4177 actione
2923 4121 3226 4189 ﬁdelibus,
3259 4128 3320 4176 et
3371 4123 3470 4193 qui
3519 4139 3775 4196 agnove-

2114 4215 2255 4264 runt
2274 4208 2603 4277 veritatem,
2655 4209 2817 4280 quod
2875 4209 3070 4265 omnis
3128 4215 3404 4266 creatura
3458 4211 3561 4266 Dei
3618 4210 3775 4269 bona

406 4328 495 4408 (ρ)
526 4329 745 4408 Matth;
759 4328 1070 4408 unita)
1095 4332 1283 4408 119m:
1307 4332 1514 4408 xtur-
1546 4330 1851 4408 μυρίαι
1910 4332 1997 4391 42-

2112 4334 2141 4405 ῐ)
2197 4335 2365 4391 Joan.
2430 4351 2515 4405 ιιι,
2587 4336 2641 4403 6,
2675 4335 2739 4408 (e)
2770 4336 2795 4389 Ι
2824 4336 2954 4391 Cor.
2998 4352 3100 4404 vn,
3136 4336 3225 4393 14.
3254 4339 3328 4407 (f)
3358 4338 3527 4394 Rom.
3561 4354 3656 4406 vn,
3715 4339 3769 4395 4.

336 4399 401 4465 ’χι
430 4402 493 4457 Ρ.
527 4403 631 4455 550
661 4401 775 4456 ED.
797 4399 1092 4473 POTTER,
1123 4403 1364 4456 462-463
1397 4403 1509 4458 ED.
1545 4399 1777 4459 PARIS.

404 4526 514 4596 (74)
540 4526 640 4580 Ἦν
674 4520 961 4596 δείκνυσιν.
997 4526 1163 4582 Conf.
1194 4529 1361 4583 Rom.
1394 4544 1490 4593 vn,
1516 4531 1568 4595 7,
1606 4529 1692 4583 13.

407 4594 518 4691 (75)
558 4594 933 4691 Ρὶροστάξειυς.
965 4598 1248 4691 Superius
1280 4600 1471 4691 legem
1518 4599 1821 4691 describit,
1884 4596 1986 4654 λό-

330 4688 437 4745 γον,
486 4668 677 4757 όρθόγι
732 4668 1131 4757 προστακτικὸν
1174 4671 1282 4757 ,μὲν
1333 4668 1408 4724 ὧν
1456 4670 1737 4740 ποιητέον,
1768 4668 1985 4754 sum-

330 4738 578 4816 ρευτικὸν
628 4738 687 4816 δέ
728 4738 818 4816 div
877 4738 939 4795 οὔ
994 4738 1276 4816 ποιητέον*
1339 4765 1367 4794 ‹‹
1401 4738 1626 4799 rectam
1669 4738 1985 4811 rationem,

333 4812 466 4886 quae
496 4812 771 4941 Errecipit
799 4829 870 4869 ea
917 4830 1048 4885 quae
1102 4815 1231 4870 ﬁeri
1290 4820 1543 4887 oportet,
1603 4821 1661 4871 et
1717 4816 1994 4899 prohibet

333 4902 462 4941 uuas
540 4902 625 4940 eri
656 4901 777 4940 non
811 4890 1064 4941 onortet.
1094 4908 1122 4937 »
1150 4887 1357 4941 Strom.
1401 4904 1438 4941 ι.
1498 4903 1631 4941 nan.
1672 4889 1791 4941 350.
1842 4887 1984 4941 edit.

329 4884 462 5014 gum
496 4884 625 4941 ﬁeri
656 4884 777 4940 non
811 4890 1064 4957 oportet.
1094 4908 1122 4937 »
1150 4884 1357 4943 Stromi
1401 4904 1438 4957 ι,
1498 4903 1631 4961 pag,
1672 4884 1791 4957 350,
1842 4887 1984 4944 edit.

378 4974 517 5014 aris.

378 4974 517 5015 aris.

424 5031 512 5101 76)
540 5027 615 5102 T6
649 5027 969 5102 μυστήριον.
1004 5029 1267 5102 Respicit
1285 5030 1498 5102 Ephes.
1528 5047 1581 5091 ν,
1609 5031 1700 5085 32.

534 5100 605 5155 Τὸ
637 5091 1003 5176 γεννῶμενον,
1038 5091 1300 5173 Respicit
1334 5091 1552 5157 Christi
1582 5104 1780 5172 verba,
1814 5105 1982 5162 Joan.

332 5190 417 5229 ΠΙ.
452 5190 504 5229 Ο.

541 5241 619 5300 Οὖ
656 5242 845 5316 μόνον.
880 5243 1066 5316 Sensu
1123 5249 1232 5312 est,
1293 5244 1374 5311 id,
1420 5242 1581 5315 quod
1632 5245 1760 5315 jam
1837 5246 1989 5304 dixit

326 5314 553 5390 auctor,
586 5314 1044 5390 intelligendum
1065 5331 1215 5390 esse,
1247 5339 1274 5390 ι(
1304 5314 1647 5390 ηοῐιίδοιιιιξι
1680 5318 1751 5373 de
1781 5318 1987 5377 liberis

326 5388 430 5459 qui
464 5405 535 5443 ex
561 5396 755 5460 partu,
783 5386 889 5460 sed
920 5386 1100 5442 etiam
1132 5388 1203 5444 de
1244 5389 1317 5443 iis
1349 5388 1449 5459 qui
1490 5404 1562 5444 ex
1588 5388 1862 5446 doctrina
1882 5409 1986 5449 na-

327 5458 595 5515 sCuntur.
622 5458 876 5516 Proinde
898 5480 926 5508 «
951 5465 1190 5533 sanctos
1216 5484 1240 5511 ››
1268 5458 1487 5515 liberos
1523 5477 1651 5516 esse
1665 5478 1846 5533 Opera
1870 5465 1985 5520 Deo

324 5538 511 5605 grata,
546 5549 696 5605 quae,
728 5531 1083 5605 proveniunt
1134 5549 1203 5587 ex
1260 5534 1479 5596 anima,
1515 5531 1718 5605 quam‘
1751 5535 1986 5590 Domini

326 5602 635 5678 sermones
666 5602 1133 5678 desponderunt.
1157 5626 1184 5654 η
1200 5604 1465 5678 Respicit
1484 5602 1683 5661 autem
1708 5606 1860 5662 [Cor
1887 5623 1982 5676 vn,

324 5676 412 5753 ῳ,
446 5691 565 5753 quo
596 5676 726 5731 loco
758 5675 1022 5753 afﬁrmat
1051 5675 1390 5753 Apostolus,
1451 5683 1797 5753 sanctorum
1855 5677 1984 5753 ἅγια

322 5745 672 5821 εῖναι-τέκνα,
701 5769 731 5800 ‹‹
752 5751 991 5805 sanctos
1011 5745 1142 5803 esse
1170 5748 1427 5806 liberos:
1452 5768 1481 5799 »
1513 5748 1674 5821 quod
1704 5745 1983 5809 Clemens

2018 4534 2065 4599 D
2098 4532 2172 4615 ad
2199 4532 2462 4615 animam
2489 4548 2596 4603 per
2612 4532 2911 4615 Eyangelii
2944 4531 3279 4615 doctrinam
3303 4535 3422 4590 Deo
3441 4534 3770 4608 desponsa-

2100 4611 2220 4660 tam
2250 4605 2579 4677 applicans,
2614 4604 2955 4680 d_icit_ejus«
2983 4604 3206 4661 liberos
3231 4624 3246 4673 ;
3271 4626 3296 4657 ι
3322 4604 3768 4680 nempe—Opera,

2099 4693 2228 4733 esse
2251 4699 2277 4726 «
2314 4676 2539 4748 sancta.
2576 4698 2603 4725 »
2639 4676 2896 4731 Proinde
2914 4693 3061 4748 quas
3094 4682 3407 4748 sequntur,
3441 4676 3556 4734 hoc
3586 4676 3764 4735 modo

2099 4746 2519 4821 distinguenda.
2552 4753 2735 4821 Nsunt
2787 4764 2801 4802 :
2855 4746 3060 4803 Λύτίκα
3119 4746 3248 4821 ἆγία
3305 4746 3583 4821 τὰντέκνα
3614 4793 3630 4819 ,
3710 4751 3765 4805 αἱ

2098 4818 2586 4899 εὑαρεστὴαεις-τῷ
2610 4890 2622 4899 ⁸
2644 4823 2781 4890 Θεῷ,
2812 4822 2922 4873 τῶν
2979 4818 3266 4893 Κυριακῶν
3307 4818 3492 4895 λόγων
3525 4818 3767 4899 νυμφευ-

2100 4890 2305 4945 σὰντων
2335 4892 2448 4964 τήνΔ
2467 4890 2679 4964 ψυχήν.

2173 4966 2282 5034 (79]
2321 4957 2633 5035 Kuta‘c'tﬁv;
2658 4957 2931 5035 Δἀλάθειαν
2966 4966 3062 5035 τοῦ
3120 4962 3317 5035 νόμου.
3366 4965 3459 5019 Sic
3614 4965 3765 5020 Pau-

2099 5030 2191 5112 lus
2225 5036 2329 5112 Gal
2384 5052 2445 5112 II.
2475 5036 2565 5112 14.
2600 5032 2716 5091 Οόκ
2764 5030 3160 5108 ὀρθοποδοῦσιν
3188 5030 3344 5112 ’πρὸς
3372 5036 3473 5103 τήν
3505 5033 3766 5104 ἀλήθειαν

2094 5109 2192 5161 τοῦ
2223 5104 2552 5179 [εὐαγγελίου
2563 5148 2575 5161 .

2170 5180 2279 5252 (80)
2332 5175 2650 5252 Πόρὃευθενἱ
2705 5178 3049 5252 ¢_Eminus,
3116 5201 3142 5229 ››
3197 5194 3412 5252 nempe
3472 5177 3536 5231 in
3576 5176 3757 5249 lege:

2098 5246 2814 5323 qu'emadm'odumjéw-Sg,
2853 5271 2879 5300 ι
2907 5266 3295 5323 ριόροροεεο
3316 5246 3759 5323 dic_unt_ur,qum

2097 5320 2239 5449 tsunt
2268 5323 2329 5377 in
2357 5320 3270 5395 Evangelio;‘relatione‘scilicet
3298 5320 3371 5375 ad
3390 5321 3757 5377 Christianos

2121 5401 2271 5449 acta.

2121 5401 2271 5450 acta.

2166 5468 2278 5536 (8h
2301 5470 2613 5535 "Avuxpug.
2646 5463 2893 5536 Ῥητῷξ.Δ
2931 5464 2956 5517 Ι
3007 5463 3288 5536 Tim.__lv,
3315 5461 3415 5517 ubi
3444 5479 3611 5536 mox,
3660 5482 3753 5516 κε-

2093 5529 2580 5607 καυτηοιασμένων
2654 5529 2755 5602 τήν
2817 5530 2958 5588 ἰδίαν
3024 5529 3355 5602 συνείδησιν,
3425 5531 3756 5607 κωλυόντων

2095 5629 2233 5682 γαμ.
2275 5613 2336 5665 In
2370 5610 2443 5683 iis
2475 5625 2606 5683 quas
2638 5612 2990 5677 sequuntur,
3023 5622 3094 5661 ex
3128 5607 3403 5683 epistolis
3434 5606 3511 5683 ad
3540 5608 3758 5663 Roma-

2094 5677 2205 5738 nos
2229 5688 2287 5738 et
2307 5677 2665 5750 Corinthios,
2694 5694 2816 5734 non
2876 5683 2997 5735 tam
3025 5677 3203 5736 verba
3247 5678 3539 5750 Apostoli,
3572 5695 3757 5750 quam

2095 5754 2459 5811 sententiam
2490 5749 2750 5808 exhibet.
