4144 6402
404 340 545 399 1187

1639 340 2054 396 CLEMENTIS
2087 341 2590 401 ALEXANDRINI

3684 341 3833 399 1188

391 474 504 537 est,
539 471 598 524 et
626 466 781 523 nihil
811 470 902 522 est
954 462 1349 537 rejiciendum
1398 463 1558 536 quod
1609 464 1867 520 sumitur
1915 480 2049 520 cum

2168 464 2304 551 μετά
2325 486 2385 521 τε
2411 463 2704 542 ἐγκρατοῦς
2725 464 3106 535 ἀπολαύσεως,
3179 465 3382 541 βιούτω
3438 464 3576 521 κατᾶ
3629 462 3825 543 λόγον.

392 559 721 632 gratiarum
754 556 1010 611 actione.
1047 554 1464 609 Sanctificatur
1494 554 1650 609 enim
1675 570 1784 625 per
1811 553 2055 609 verbum

394 649 498 704 Dei
520 654 577 702 et
601 647 932 702 orationem
956 644 1031 716 (a)
1052 643 1080 699 ‘?
1099 666 1125 693 ››
1160 644 1417 700 Omnino
1450 644 1628 716 igitur
1656 659 1779 698 non
1809 649 1899 698 est
1918 658 2057 714 pro-

391 735 720 793 hibendum
747 734 920 807 jungi
946 734 1553 805 matrimonio,neqne
1576 733 1855 788 carnibus
1875 731 2053 800 vesci,

389 832 493 881 aut
520 826 725 879 vinum
758 823 982 879 bibere.
1014 822 1309 893 Scriptum
1325 828 1415 877 est
1436 822 1596 876 enim
1623 836 1636 875 :
1660 843 1688 870 «
1715 823 1943 876 Bonum
1966 825 2056 876 est

388 930 635 970 carnem
667 929 790 968 non
821 910 1275 979 comedere,nec
1308 912 1511 966 vinum
1564 911 1789 977 bibere,
1824 911 1872 966 si
1919 910 2054 981 quis

384 1002 660 1058 comedat
686 1017 792 1072 per
822 1000 1252 1055 offendiculum
1277 1001 1485 1069 (b).-Et
1508 1000 1793 1055 :«Bonum
1819 1005 1909 1054 est
1924 1014 2053 1053 ma-

385 1108 530 1148 nere
562 1091 718 1146 sicut
740 1106 845 1163 ego
869 1092 995 1161 (c).»
1035 1090 1146 1145 Sed
1177 1095 1233 1144 et
1266 1090 1366 1161 qui
1400 1090 1646 1157 utitur,u
1676 1104 1811 1143 cum
1833 1087 2053 1160 gratia-

385 1198 522 1236 rum
552 1181 790 1237 actione
822 1181 921 1249 (ά),
949 1199 976 1231 ο
1033 1184 1093 1234 et
1144 1179 1247 1251 qui
1291 1195 1499 1234 rursus
1534 1194 1656 1233 non
1682 1178 1889 1244 utitur,
1924 1176 2052 1248 ipse

386 1287 626 1344 quoque
654 1292 681 1321 ‹‹
713 1286 849 1325 cum
876 1270 1200 1342 gratiarum
1226 1270 1483 1336 actione,
1515 1290 1542 1319 »
1577 1273 1636 1323 et
1666 1284 1796 1323 cum
1836 1266 2050 1322 mode-

384 1366 517 1417 rata
543 1377 611 1416 ac
648 1360 1005 1432 temperanti
1036 1360 1188 1415 vivat
1206 1360 1612 1431 perceptione,
1641 1357 1772 1429 logo
1806 1372 1912 1412 seu
1961 1370 2050 1411 ra-

386 1450 537 1506 tioni
569 1450 1012 1505 convenienter.
1048 1450 1138 1517 Et,
1170 1454 1236 1503 ut
1262 1448 1323 1503 in
1351 1464 1587 1504 summa
1616 1447 2051 1513 dicam,omnes

380 1540 657 1612 Apostoli
690 1539 981 1612 epistolm,
1040 1555 1171 1610 qum
1220 1538 1694 1594 moderationem
1727 1536 1945 1592 docent
1994 1540 2053 1590 et

384 1629 840 1697 continentiam,
876 1645 1012 1684 cum
1045 1633 1103 1683 et
1156 1627 1229 1683 de
1261 1627 1663 1696 matrimonio,
1695 1630 1756 1682 et
1797 1625 1871 1682 de
1900 1624 2050 1680 libe-

382 1735 587 1775 rorum
619 1719 1055 1791 procreatione,
1089 1722 1148 1773 et
1181 1716 1253 1773 de
1275 1717 1491 1773 domus
1531 1715 2052 1772 administratione

384 1807 853 1864 innumerabilia
892 1813 1190 1879 praacepta
1218 1806 1584 1876 contineant,
1618 1820 1915 1876 nusquam
1946 1803 2048 1858 ho-

386 1903 630 1954 nestum
648 1896 1141 1967 moderatumque
1156 1896 1606 1952 matrimonium
1620 1894 2056 1967 prohibuerunt

387 1992 493 2043 aut
512 1987 876 2059 abrogarunt
898 2002 911 2040 :
932 1986 1035 2041 sed
1059 1986 1204 2059 legis
1235 2003 1372 2041 cum
1404 1984 1718 2058 Evangelia
1753 1988 2055 2038 servantes

388 2076 887 2136 convenientiam.
922 2084 1246 2147 utrumque
1278 2075 1603 2131 admittunt
1635 2091 1647 2130 :
1684 2079 1744 2129 et
1760 2089 1919 2140 eum,
1951 2071 2053 2143 qui

387 2168 508 2222 Deo
541 2165 767 2239 agendo
790 2166 1031 2238 gratias,
1063 2166 1370 2221 moderate
1400 2168 1589 2220 utitur
1616 2162 2002 2219 matrimonio
2036 2177 2051 2228 ;

388 2261 449 2312 et
478 2272 637 2324 eum,
671 2256 795 2327 qui,
827 2261 896 2310 ut
922 2255 1048 2310 vult
1079 2255 1386 2321 Dominus,
1445 2254 1585 2308 vivit
1639 2254 1702 2307 in
1760 2252 2053 2319 castitate,

389 2345 788 2417 quemadmod
799 2349 1180 2400 umuvocatus
1192 2349 1281 2400 est
1304 2342 2053 2415 unusquisqueninoﬂ‘ense

388 2441 448 2491 et
468 2434 729 2508 perfecte
759 2434 1006 2507 eligens.
1025 2456 1053 2484 ‹‹
1078 2436 1149 2490 Et
1177 2439 1305 2490 erat
1332 2440 1490 2489 terra
1504 2431 1682 2489 Jacob
1705 2431 1944 2487 laudata
1957 2447 2046 2485 su-

385 2542 496 2598 pra
526 2541 765 2581 onmem
790 2530 1008 2579 terram
1029 2526 1118 2595 (ε),
1149 2546 1176 2573 υ
1206 2524 1405 2595 inquit
1434 2523 1743 2594 propheta,
1778 2522 1905 2592 ipse
1956 2536 2054 2575 vas

390 2613 635 2683 spiritus
660 2612 848 2685 gloria
893 2612 1184 2667 afficiens.
1243 2612 1576 2667 lnsectatur
1605 2615 1804 2665 autem
1836 2606 2053 2678 aliquis

392 2702 860 2774 generationem,
894 2700 955 2756 in
1014 2717 1147 2756 eam
1182 2701 1334 2756 199
1366 2700 1573 2755 dicens
1604 2698 1913 2754 interitum
1944 2713 2052 2753 ca-

395 2791 556 2861 dere,
588 2806 838 2863 eamque
870 2791 1064 2863 perire
1092 2807 1105 2844 :
1141 2795 1199 2845 et
1246 2789 1564 2861 detorquet
1611 2786 1830 2860 aliquis
1876 2786 1949 2842 ad
1981 2786 2051 2842 fl-

386 2879 607 2935 liorum
655 2881 1133 2952 procreationem
1188 2878 1339 2934 illud
1395 2878 1621 2934 dictum
1680 2876 2051 2932 Servatoris:

390 2989 418 3018 ‹‹
457 2972 582 3024 Non
614 2974 888 3040 oportere
915 2969 977 3023 in
1021 2974 1181 3023 terra
1211 2968 1523 3023 thesauros
1553 2965 1900 3031 recondere,
1950 2964 2050 3020 ubi

388 3059 555 3114 tinea
587 3065 646 3114 et
670 3075 867 3132 aerugo
902 3056 1224 3113 demolitur
1251 3058 1324 3129 (f)
1358 3074 1372 3123 ;
1408 3079 1436 3106 »
1489 3073 1600 3112 nec
1631 3054 1928 3111 erubescit
1958 3052 2052 3109 his

389 3147 611 3204 addere
634 3165 723 3216 ea,
760 3165 892 3220 quae
924 3147 1070 3204 dicit
1099 3147 1390 3219 propheta
1415 3163 1428 3201 :
1469 3166 1489 3192 ι
1516 3148 1735 3203 Omnes
1765 3161 1867 3199 vos
1897 3144 2049 3199 sicut

2165 3148 2285 3221 περὶ
2308 3152 2513 3223 νεκρῶν
2556 3148 2922 3220 ἀναστάσεως,

388 3207 812 3292 vestimentum
840 3207 1239 3302 veterascetis,
1273 3241 1332 3291 et
1362 3236 1523 3291 tinea
1546 3251 1648 3290 vos
1670 3233 1880 3290 exedet
1909 3236 2045 3302 (g).-
2081 3207 2125 3275 C
2167 3207 2418 3313 μιξονταὶ
2449 3241 2580 3314 (88).
2621 3266 2640 3291 .

393 3326 506 3382 Sed
535 3342 729 3398 neque
761 3343 873 3381 nos
894 3325 1360 3381 contradicimus
1392 3324 1734 3396 Scripturaa,
1763 3338 1957 3393 neque
1989 3321 2053 3376 in

384 3420 591 3472 nostra
620 3431 870 3487 corpora
892 3414 1103 3471 cadere
1134 3414 1465 3481 interitum,
1491 3429 1680 3484 eaque
1716 3428 1845 3468 esse
1869 3411 2049 3476 ﬂuxa,

388 3522 698 3578 negamus.
734 3506 1005 3560 Fortasse
1028 3509 1228 3559 autem
1262 3504 1358 3572 iis,
1420 3519 1570 3573 quos
1600 3502 1681 3556 ibi
1725 3501 2054 3572 alloquitur

387 3595 702 3668 propheta,
735 3599 803 3648 ut
829 3591 1552 3665 peccatoribus,praadicit
1568 3591 1895 3646 interitum.
1919 3590 2050 3644 Ser-

388 3690 557 3739 vator
586 3688 786 3738 autem
818 3681 891 3736 de
941 3681 1267 3736 liberorum
1317 3680 1728 3752 procreatione
1765 3679 1849 3734 nil
1880 3678 2049 3745 dixit,

391 3772 497 3829 sed
529 3771 602 3826 ad
635 3770 1100 3843 impertiendum
1123 3787 1190 3826 ac
1212 3768 1775 3826 communicandum
1796 3785 1898 3824 eos
1910 3770 2047 3824 hor-

379 3868 561 3928 tatur,
596 3860 697 3931 qui
750 3860 947 3915 solum
997 3859 1211 3931 opibus
1251 3857 1580 3924 abundare,
1633 3858 1944 3931 egentibus
1987 3858 2052 3922 ’Β

382 3955 587 4006 autem
619 3950 907 4005 nolebant
946 3965 1120 4022 opem
1170 3949 1347 4005 ferre.
1406 3948 1803 4015 Quamobrem
1857 3949 2047 4005 dicit:

385 4061 413 4091 α
448 4039 792 4112 Operamini
825 4055 945 4094 non
971 4038 1193 4105 cibum,
1251 4038 1351 4109 qui
1378 4037 1572 4110 perit;
1606 4037 1709 4094 sed
1762 4054 1921 4106 eum,
1947 4038 2048 4110 qui

378 4134 584 4184 manet
603 4129 667 4183 in
699 4128 875 4183 vitam
897 4133 1185 4183 (sternam
1207 4128 1306 4194 (h).
1327 4150 1353 4177 ››
1375 4127 1662 4183 Similiter
1689 4133 1889 4184 autem
1903 4130 2045 4185 aﬂ'e-

378 4223 528 4273 runt
555 4219 735 4274 etiam
767 4217 920 4272 illud
942 4218 1165 4273 dictum
1199 4216 1273 4272 de
1303 4217 1743 4272 resurrectione
1773 4225 2045 4273 mortuo-

379 4325 514 4365 rum
542 4326 555 4363 :
584 4331 612 4361 «
647 4308 779 4363 Filii
812 4307 976 4363 illius
1001 4307 1203 4363 saeculi
1238 4323 1346 4363 nec
1377 4306 1631 4375 nubunt,
1664 4325 1775 4364 nec
1806 4308 2041 4364 nubuno

374 4414 476 4479 tur
498 4397 580 4470 (ί).
618 4420 645 4447 ››
666 4395 777 4452 Sed
801 4397 955 4452 hanc
983 4396 1512 4468 interrogationem
1535 4401 1593 4451 et
1622 4413 1722 4453 eos
1744 4397 2043 4469 quiinter-

453 4514 530 4584 (a)
563 4514 588 4567 Ι
617 4513 765 4568 Tim.
801 4529 875 4577 1v,
911 4516 961 4576 i,
996 4515 1049 4579 2,
1079 4513 1134 4579 3,
1163 4514 1218 4577 4,
1252 4514 1306 4569 5.
1339 4513 1416 4584 (ὁ)
1445 4514 1613 4568 Rom.
1674 4530 1787 4581 xlv,
1846 4518 1935 4571 21.

1987 4519 2329 4596 (_c)__I__Qor.
2366 4525 2495 4596 _vii,
2553 4525 2612 4581 8.
2682 4524 2764 4596 (ἀ)

2166 555 2262 610 Καὶ
2322 555 2562 620 καθόλου
2614 562 2780 611 πᾶσαι
2838 558 2895 609 αἱ
2953 554 3239 610 ἐπιστολαὶ
3297 559 3394 610 τοῦ
3447 554 3825 625 ’Δποστόλου,

2161 646 2486 722 σωφροσύνη
2563 645 2653 700 καὶ
2718 644 3035 720 ἐγκράτειαν
3098 640 3448 700 διδάσκουσαι
3484 688 3500 714 ,
3581 644 3708 719 περί
3764 664 3825 700 τε

2150 734 2381 809 γάμων,
2406 732 2531 809 περί
2576 755 2636 791 τε
2699 733 3068 803 παιδοποιίας,
3124 733 3250 809 περί
3277 755 3338 790 τε
3392 732 3547 790 οἷ’κου
3603 731 3826 805 διοική-

2162 843 2320 891 σεως,
2380 822 2575 898 μυρίας
2636 824 2765 886 ὅσας
2821 824 3047 886 έντολᾶις
3122 825 3476 899 περιέχουσαι
3512 868 3528 891 ,
3577 821 3830 896 οὐδαμοῦ

2160 913 2341 988 γάμον
2373 913 2643 984 ἠθέτησαν
2693 913 2787 969 τὸν
2847 915 3122 990 σώφρονα·
3167 912 3314 969 ἀλλά
3342 914 3443 982 τὴν
3493 911 3828 969 ἀκολουθίαν

2161 1002 2431 1071 σώζουσαι
2460 1006 2558 1058 τοῦ
2587 1002 2761 1077 νόμου
2790 1004 2927 1079 πρὸς
2985 1004 3048 1058 τὸ
3103 1002 3464 1078 Εύαγγέλιον,
3517 998 3828 1078 ἀποδέχον-

2157 1111 2246 1145 ται
2279 1091 2552 1166 ὶκάτερον,
2581 1094 2673 1147 τόν
2703 1114 2764 1147 τε
2794 1093 3135 1169 εὐχαρίστως
3187 1097 3269 1164 τῷ
3325 1096 3446 1164 Θεῷ
3499 1093 3665 1168 γάμῳ
3721 1110 3826 1147 κε·-

2162 1181 2444 1256 χρημένον
2473 1182 2793 1259 σωφρόνως,
2837 1183 2930 1238 τόν
2981 1202 3043 1237 τε
3091 1180 3372 1257 εὖνουχίᾳ,
3424 1180 3502 1244 ὡς
3560 1181 3590 1236 6
3620 1180 3826 1255 Κύριος

2164 1268 2448 1344 βούλεται,
2483 1265 2842 1343 συμϐιοῦντα,
2862 1271 3046 1335 καθὼς
3080 1293 3109 1323 ι(
3139 1267 3350 1342 ἐκλήθη
3379 1266 3605 1333 ἕκαστος
3636 1294 3658 1324 ι
3698 1268 3831 1324 6A6-

2163 1378 2324 1432 μενος
2352 1360 2664 1421 ἀπταίστως
2693 1364 2782 1414 καί
2830 1358 3085 1422 τελείως.
3129 1384 3157 1412 ‹‹
3210 1360 3304 1414 Καὶ
3365 1360 3434 1429 ἦν
3481 1362 3594 1434 (82)
3653 1361 3688 1428 ἡ
3748 1360 3825 1434 γῆ

2154 1450 2252 1503 τοῦ
2311 1442 2507 1503 Ἰακὼϐ
2557 1446 2925 1521 έπαινουμένη
2987 1451 3135 1525 παρᾶ
3186 1453 3361 1504 πᾶσαν
3429 1449 3532 1517 τὴν
3602 1454 3732 1523 γῆν,
3791 1470 3822 1499 »

2159 1556 2322 1614 φησιν
2355 1538 2384 1592 6
2413 1539 2731 1615 προφήτης,
2786 1537 2849 1593 τὸ
2909 1541 3100 1601 σκεῦος
3155 1542 3254 1593 τοῦ
3301 1536 3609 1611 πνεύματος
3659 1536 3826 1599 αὐτὸς

2160 1622 2399 1696 δοξάζων
2431 1629 2566 1700 (83).
2600 1627 2935 1703 Κατατρέχει
2993 1624 3052 1683 δέ
3104 1647 3189 1690 τις
3239 1627 3520 1704 γενέσεως,
3576 1628 3825 1704 φθαρτὴν

2158 1716 2247 1771 καὶ
2276 1713 2673 1789 ἀπολλυμένην
2706 1713 2901 1793 λέγων’
2959 1716 3049 1772 καὶ
3086 1717 3327 1793 βιάζεταί
3365 1737 3471 1784 τις,
3522 1714 3829 1772 έπῖτεκνο-

2158 1803 2346 1867 ποιίας
2369 1803 2546 1880 λέγων
2574 1805 2847 1881 εἶρηκέναι
2904 1806 2997 1861 τὸν
3056 1808 3309 1882 Σωτῆρα·
3343 1830 3372 1859 «
3404 1804 3529 1861 Ἐπί
3582 1810 3686 1883 γῆς
3742 1805 3825 1878 μὴ

2164 1894 2532 1970 θησαυρίζειν,
2579 1896 2721 1951 ὃπου
2775 1896 2875 1965 σὴς
2928 1895 3020 1951 καὶ
3076 1897 3281 1973 βρῶσις
3329 1896 3594 1975 ἆφανίζει·
3644 1919 3675 1947 ››
3729 1894 3829 1950 καὶ

2163 1987 2231 2039 τά
2276 1987 2374 2039 τοῦ
2420 1986 2710 2062 προφήτου
2767 1985 3291 2061 προσπαρατιθέναι,
3343 1986 3563 2050 τούτοις
3590 1985 3693 2041 οὐκ
3740 1984 3826 2040 αἶ-

2164 2071 2442 2149 σχύνεται·
2478 2098 2506 2126 ‹‹
2535 2074 2733 2137 Πάντες
2765 2075 2923 2147 ὑμεῖς
2981 2075 3058 2139 ὡς
3101 2076 3322 2149 ἱμάτιον
3379 2074 3827 2148 πλαιωθήσεσθε,

2163 2163 2254 2218 καὶ
2286 2164 2388 2231 σὴς
2420 2163 2687 2239 βρώσεται
2719 2168 2832 2238 (84)
2868 2165 3029 2239 ὑμᾶς.
3083 2188 3112 2218 n
3170 2162 3331 2221 Ἀλλ’
3371 2162 3499 2221 οὐδὲ
3526 2166 3696 2238 ἡμεῖς
3726 2163 3827 2219 άν-

2162 2250 2458 2326 τιλέγομεν
2488 2256 2558 2326 τῇ
2602 2252 2812 2328 Γραφῇ,
2873 2253 2958 2309 ὅτι
3006 2255 3214 2332 φθαρτᾶ
3256 2256 3396 2327 ἡμῖν
3451 2254 3520 2310 τὰ
3576 2254 3841 2328 σώματα,

2162 2342 2252 2397 καὶ
2286 2341 2440 2420 φύσει
2473 2340 2688 2417 ῥευστά.
2721 2343 2874 2399 Τάχα
2895 2340 2941 2398 δ’
2974 2344 3058 2413 ἂν,
3098 2345 3186 2399 καὶ
3240 2345 3323 2406 οἱς
3383 2340 3683 2421 διελέγετο,
3757 2343 3838 2406 ὡς

2165 2429 2551 2505 ἁμαρτωλοῖς,
2610 2433 2948 2510 προφητεύει
3011 2432 3234 2509 φθοράν.
3289 2434 3347 2489 Ὀ
3408 2439 3607 2506 Σωτηρ
3665 2430 3725 2488 δὶ
3775 2431 3843 2489 ού

2163 2519 2288 2595 περί
2335 2522 2686 2584 τεκνοποιίας
2746 2520 2983 2595 εἴρηκεν,
3046 2520 3173 2578 ἀλλ’
3231 2522 3308 2586 εἷς
3372 2520 3664 2597 μετάδοσιν
3723 2543 3839 2578 κοι-

2163 2609 2361 2675 νωνίας
2435 2612 2765 2687 προτρέπων
2823 2613 2950 2674 τοὺς
3031 2613 3257 2667 κτᾶσθαι
3321 2612 3483 2686 μόνον
3556 2613 3659 2680 τῆν
3736 2615 3840 2668 τοῦ

2162 2697 2411 2755 πλούτου
2432 2719 2775 2775 περιουσιαν,
2810 2700 3122 2777 ἐπικουρεῖν
3156 2698 3213 2756 δὲ
3240 2706 3357 2764 τοῖς
3409 2697 3697 2774 δεομένοις
3756 2701 3837 2775 μή

2166 2786 2571 2864 βουλομένους.
2664 2789 2756 2844 Διό
2816 2811 2981 2869 φησιν
3016 2809 3030 2823 ⁸
3091 2816 3119 2844 ‹‹
3188 2791 3512 2866 Ἐργάζεσθε
3592 2791 3670 2864 μή
3728 2794 3832 2859 τὴν

2163 2877 2557 2951 ἀπολλυμένην
2619 2880 2734 2953 (85)
2767 2880 2997 2956 βρῶσιν,
3062 2877 3209 2936 ἀλλᾶ
3262 2881 3362 2951 τὴν
3425 2880 3690 2954 μένουσαν
3754 2880 3833 2944 εἷς

2164 2970 2312 3038 ζωήν
2344 2969 2587 3025 αἰώνιον.
2638 2969 2943 3043 »Ὁμοίως
2992 2967 3050 3026 δὲ
3106 2970 3326 3026 κάκεῖνο
3374 2969 3687 3045 νομίζουσι,
3766 2969 3832 3025 τὸ

2162 3056 2327 3135 ῥητὸν
2352 3061 2542 3130 (86),‹‹
2576 3060 2642 3117 Oi
2678 3059 2788 3113 υἱοὶ
2848 3062 2958 3133 (87)
2988 3064 3085 3116 τοῦ
3143 3059 3342 3123 αίῶνος
3392 3060 3619 3131 ἐκείνου,
3682 3084 3711 3112 ιι
3766 3060 3832 3115 τὸ

2976 3175 3003 3202 ‹‹
3053 3148 3177 3206 οὕτε
3233 3155 3524 3227 γαμοῦσιν,
3572 3149 3695 3206 οὔτε
3741 3169 3842 3226 γα-

2701 3240 2877 3298 Ἀλλὰ
2923 3241 2987 3297 τὸ
3046 3240 3310 3316 ἐρώτημα
3367 3240 3648 3298 τοῦτοκαὶ
3704 3239 3835 3302 τοὺς

2161 3328 2609 3403 πυνθανομένους
2638 3328 2835 3393 αὐτοὺς
2895 3329 2985 3386 ἐὰν
3044 3330 3505 3404 ἀναπεμπάσηταί
3561 3351 3670 3399 τις,
3731 3331 3836 3387 οὐκ

2161 3416 2644 3493 ἆποδοκιμάζοντα
2691 3422 2781 3475 τὸν
2835 3419 3012 3496 γάμον
3062 3420 3283 3495 εὕρησει
3313 3421 3404 3476 τὸν
3464 3420 3684 3496 Κύριον,
3748 3420 3832 3476 θεο

2161 3508 2464 3583 ραπεύοντα
2495 3506 2553 3564 δὲ
2579 3511 2680 3579 τὴν
2729 3509 2867 3565 κατὰ
2922 3510 3023 3579 τὴν
3077 3510 3364 3565 ἀνάστασιν
3412 3515 3513 3579 τῆς
3561 3515 3831 3585 σαρκικῆς

2159 3596 2451 3672 ἐπιθυμίας
2482 3595 2835 3675 προσδοκίαν.
2870 3598 2949 3657 Τὸ
2987 3595 3064 3670 δὲ,
3098 3624 3126 3651 (ι
3184 3599 3253 3655 Οἱ
3304 3598 3417 3654 υἱοὶ
3468 3596 3567 3654 τοῦ
3625 3597 3828 3661 αἰῶνος

2156 3686 2379 3757 τούτου,
2412 3711 2440 3739 ››
2500 3688 2562 3742 ού
2623 3687 2761 3764 πρὸς
2809 3686 3229 3758 ἀντιδιαστολὴν
3288 3692 3395 3744 τῶν
3449 3686 3628 3744 ἄλλου
3673 3687 3828 3752 τινὸς

2158 3775 2357 3840 αἰῶνος
2386 3777 2517 3832 υἱῶν
2553 3776 2792 3853 εἴρηκεν,
2851 3776 2977 3834 ἀλλ’
3040 3777 3232 3849 ἰπίσης
3290 3783 3397 3851 τῷ’
3440 3778 3509 3837 Οἱ
3539 3776 3591 3833 έν
3645 3775 3829 3850 τούτῳ

2157 3862 2452 3942 γενόμενοι
2480 3871 2561 3940 τῷ
2592 3867 2777 3935 αἰῶνι,
2832 3864 2922 3923 διὰ
2950 3869 3050 3935 τήν
3083 3868 3291 3943 γένεσιν
3325 3867 3438 3923 υἱοὶ
3497 3866 3669 3935 ὄντες,
3699 3888 3823 3943 γεν-

2157 3959 2293 4011 νῶσι
2321 3956 2409 4010 καὶ
2442 3960 2756 4032 γεννῶγταγ
2792 3955 2909 4013 έπεὶ
2939 3958 3015 4031 μὴ
3033 3955 3427 4034 ἅνευγενέσεώς
3453 3977 3538 4022 τις
3564 3952 3829 4012 τόνδετὸν

2161 4044 2283 4121 βίον
2318 4045 2725 4122 παρελεύσεται·
2762 4046 2888 4104 ἀλλ’
2924 4045 3024 4119 ἣδε
3052 4050 3088 4119 ἡ
3118 4049 3449 4123 γένεσις,τὴν
3483 4046 3683 4121 ὁμοίαν
3708 4046 3830 4103 ἐπι-

2157 4130 2435 4210 δεχομένη
2461 4136 2693 4213 φθορὰν,
2745 4137 2847 4193 οὐκ
2877 4135 2955 4193 ἔτι
3016 4135 3271 4212 ἀναμένει
3329 4136 3423 4192 τὸν
3479 4137 3613 4210 ἅπαξ
3666 4132 3830 4192 τοῦδε

2153 4228 2251 4278 τοῦ
2286 4225 2410 4301 βίου
2441 4227 2877 4302 κεχωρισμένον.
2912 4251 2940 4279 «
2975 4227 3071 4289 Εἷς
3108 4226 3202 4299 μὶν
3236 4226 3327 4281 οὗν
3360 4227 3389 4281 6
3416 4226 3604 4299 Πατὴρ
3636 4227 3830 4299 ἡμῶν,

2153 4312 2181 4367 6
2213 4311 2267 4368 έν
2312 4319 2430 4376 τοῖς
2458 4314 2734 4393 οὐρανοῖς·
2793 4340 2822 4369 ››
2866 4313 3016 4373 ἀλλὰ
3070 4316 3158 4371 καὶ
3194 4315 3439 4373 ἁπάντων
3472 4315 3658 4390 Πατὴρ
3690 4314 3829 4371 κατᾶ

2154 4400 2520 4481 δημιουργίαν
2581 4404 2768 4469 αὐτός.
2805 4430 2833 4458 ιι
2896 4406 2991 4475 Μὴ
3041 4404 3311 4477 καλέσητε
3363 4407 3478 4480 (89)
3544 4405 3636 4460 οὖν
3699 4403 3830 4477 ὑμῖν

2820 4526 2990 4580 Rom.
3048 4541 3163 4595 xiv,
3217 4527 3302 4580 19.
3335 4523 3409 4597 (ο)
3442 4522 3706 4597 Sophon:
3738 4538 3830 4590 ni,

383 4587 470 4641 19.
605 4584 806 4640 Matth.
830 4601 906 4652 Vi,
941 4587 1027 4639 19.
1063 4584 1149 4655 (g)
1170 4584 1284 4639 lsa.
1318 4601 1370 4653 ι,
1402 4588 1453 4641 9.
1483 4584 1549 4650 ιιι
1594 4587 1658 4641 Ρ.
1691 4588 1790 4641 551
1827 4588 1940 4643 ED.
1992 4584 2049 4646 Ρ(

2165 4594 2288 4661 'ER,
2319 4594 2447 4664 463,
2479 4584 2587 4651 164
2637 4584 2758 4653 Ei):
2792 4596 3023 4653 PARIS.
3056 4584 3440 4671 (1.)‘Joanfv’1,
3471 4584 3562 4656 si.
3595 4597 3655 4669 (ε)
3683 4584 3825 4653 Luc;

381 4671 479 4725 xx,
512 4657 601 4710 35.

453 4770 569 4854 (ἓξ)
605 4768 704 4854 καῖ
731 4769 823 4854 ἦν.
857 4769 1052 4854 ᾼη-ᾶιὶ
1084 4771 1287 4854 Εαοοὶι.
1321 4790 1417 4838 xx,
1459 4774 1512 4854 θ,
1555 4773 1806 4830 alludit?
1823 4775 2042 4854 Lowra.

2165 4776 2404 4854 αύτοῦγδ.

381 4842 711 4918 τέμοῐιιιῖὶ
741 4843 811 4897 cl.
852 4842 1100 4898 Grabius
1126 4843 1253 4918 haec
1284 4850 1523 4918 sumpta
1553 4861 1682 4900 esse
1704 4863 1774 4918 ex
1793 4847 2047 4918 epistola

382 4914 813 4993 D.__Barpabaa,_
839 4931 967 4993 cap_.
1002 4930 1084 4993 tr:
1122 4912 1289 4993 [idaliv
1319 4912 1505 4987 ’ἐτερος
1546 4912 1846 4993 προφήτης.
1870 4916 2042 4993 λέγει’

384 4985 552 5060 «Καὶ
582 4985 650 5053 ἦν
678 4988 711 5050 ἡ
746 4987 828 5060 γῆν
865 4980 989 5060 τόῤ,
1023 4980 1216 5060 Ἰακὼβ
1271 4980 1636 5057 ἐπαινουμένη
1669 4980 1841 5060 ’τξαρἀ
1870 4980 2041 5047 πᾶσαν

378 5056 478 5131 τήν
509 5063 635 5131 γῆν,
673 5054 898 5131 »Τόὖτο
932 5054 1101 5128 λέγει,
1134 5057 1199 5111 τὸ
1230 5054 1420 5131 σκεῦος
1474 5054 1571 5131 τού
1602 5054 1912 5129 πνεύματος
1944 5063 2046 5118 αὖ·

382 5130 502 5195 τοῦ,
524 5125 568 5182 ’ὅ
594 5125 826 5201 δοξάζει·
859 5152 887 5179 ‹‹
921 5125 1183 5201 Rursum
1215 5128 1368 5184 alius
1400 5130 1689 5200 propheta
1718 5125 1899 5189 dicit:
1926 5159 1952 5187 ‹‹
1979 5139 2050 5192 Et

381 5223 410 5251 «ι
442 5206 572 5256 erat
597 5199 754 5257 terra
776 5200 954 5256 Jacob
988 5199 1228 5255 laudata
1254 5215 1359 5270 per
1379 5199 1617 5255 omnem
1644 5208 2048 5264 terram.»Hoc

383 5271 654 5344 diﬁcit,vas
687 5273 930 5344 spiritus
963 5270 1311 5344 illius,quod
1334 5273 1692 5344 magnificat.
1730 5298 1756 5325 ››
1782 5278 1887 5333 Ubi
1920 5281 2047 5337 hzec

385 5343 631 5400 adnotat
661 5343 1015 5415 Menardus:
1082 5363 1118 5415 «ξ
1168 5343 1361 5415 Locus
1412 5343 1683 5415 sumptus
1712 5347 1948 5405 videtur
1976 5370 2049 5407 ex

387 5417 582 5485 capite
625 5415 800 5486 tertio
839 5413 1216 5486 Sophoniaa:
1269 5412 1367 5486 Καὶ
1405 5412 1664 5486 Δθήσομαι
1723 5418 1921 5482 αὐτοὺς
1968 5423 2046 5484 εἷς

382 5483 675 5560 καύχημα,
700 5485 798 5565 ,καὶ
830 5483 1191 5565 appono-109:.
1223 5485 1314 5565 ³εαὶ
1345 5483 1490 5560 πάσῃ
1513 5483 1591 5565 ,τῇ
1622 5491 1720 5565 γῇ,
1770 5494 1841 5565 Et
1869 5483 2047 5565 paulo

381 5551 589 5628 post“?
620 5551 768 5613 Διότι
829 5551 990 5609 δώσω
1034 5555 1177 5627 ὑμᾶς
1235 5551 1575 5630 ὀνομαστοὺς
1618 5551 1709 5613 καὶ
1766 5560 1843 5623 είς
1869 5551 1888 5565 ⁸
1916 5565 2046 5619 καύ-

383 5634 707 5704 χημαᾼπᾷςι
738 5631 857 5704 τοῖς
889 5630 1176 5704 λαοῖςτῇς
1206 5633 1330 5704 γῇς.
1367 5652 1394 5680 ››

459 5660 549 5696 ιμ’-ι
577 5660 707 5683 παπ
738 5660 855 5691 τυις
889 5660 1047 5688 nuo“.
1075 5660 1174 5697 ἀμ.
1206 5660 1330 5704 τις-
1367 5660 1394 5680 υ

459 5699 573 5779 (8‘3)
633 5699 952 5779 “vadentes
1006 5698 1172 5762 αὐτὸς
1368 5704 1595 5779 Ilursus
1682 5706 1919 5779 monuit
1971 5708 2046 5765 cl.

391 5765 641 5826 Grabius
670 5765 1054 5829 scribendum
1084 5790 1213 5830 esse
1254 5790 1325 5831 ex
1382 5771 1671 5844 Barnaba,
1730 5773 2050 5852 Πνεύματος

2366 4850 3102 4940 Ξρώσεταιᾷξζατίαφάγεται,
3126 4857 3238 4940 Isa.

2251 4926 2341 5003 8;:5)
2365 4923 2480 5003 Τὴν
2522 4925 2617 5003 άπ.
2652 4926 2763 5003 Τῄν
2806 4923 3008 5003 βρὢᾶιν
3042 4927 3161 5003 τὴνγ
3196 4924 3615 5001 ἀπολλυμένην,
3673 4923 3829 4983 ἀλλὰ

2286 4996 2619 5069 βρῶσινᾼτην
2656 4994 2920 5068 μενούσαν
2949 4999 3025 5061 εἷς
3057 5004 3104 5069 ζ.
3137 5002 3305 5058 Joan.

2228 5065 2341 5147 (S6)
2371 5065 2603 5147 Τὸᾳρητ.
2637 5065 3172 5147 Simplicionordo
3192 5079 3285 5129 est
3316 5090 3331 5147 ς
3388 5069 3461 5147 '_l‘6
3510 5068 3677 5147 ρητρν
3709 5140 3720 5147 _
3754 5068 3826 5124 τὸ

2154 5137 2281 5214 περὶ
2312 5137 2516 5214 νεκρῶν
2537 5137 2911 5205 άναστάᾶεως·
2946 5143 3014 5200 υἱ
3066 5143 3176 5198 υἱοὶ
3232 5146 3331 5198 τού
3361 5137 3578 5205 αἰῶνος⁷
3609 5140 3825 5198 ἐκείνου

2157 5209 2280 5265 οὔτε
2309 5209 2425 5284 γαμ.
2479 5214 2754 5272 SvLauaG.

2376 5284 2443 5341 Οἱ
2503 5284 2614 5339 υἱοί
2695 5287 2759 5341 Ol.
2817 5282 2875 5341 δὲ
2917 5284 3356 5357 καταξιωθέντες,
3408 5286 3547 5344 Luc.
3596 5302 3692 5357 xx.
3727 5287 3820 5341 35.

2158 5353 2268 5432 Sed
2297 5353 2358 5412 in
2387 5358 2687 5432 sententia
2709 5359 2963 5432 praeced.
2992 5353 3224 5415 dixerat
3248 5359 3343 5416 :Oi
3362 5357 3472 5432 υἱοὶ
3493 5360 3595 5432 τοᾷ
3616 5353 3823 5432 ai}va

2154 5425 2373 5481 τούτου·
2408 5428 2567 5485 unde
2590 5425 2885 5494 Clemens,
2911 5447 2942 5486 e
2973 5432 3263 5488 memoria
3294 5430 3823 5502 scilicetScriptu-

2155 5514 2282 5554 ram
2316 5502 2601 5561 recitans.
2628 5502 2782 5559 hanc
2814 5503 3131 5559 lectionem
3162 5502 3432 5560 hausisse
3454 5501 3707 5558 videtur.

2372 5569 2727 5649 l‘gpiﬁgvtm.
2755 5573 3249 5649 _’Exvapiaxovtat,

2229 5640 2358 5725 (891
2674 5645 2773 5702 Καὶ
2832 5640 3041 5725 πατέρα
3072 5645 3150 5723 μὴ
3206 5640 3478 5719 καλέσητε
3527 5645 3681 5719 ὑμῶν
3733 5640 3830 5702 ἐπὶ

2154 5717 2257 5782 τῆς
2288 5720 2416 5791 γῆς,
2440 5717 2643 5779 Matth.
