4144 6396
389 324 526 382 1191

1619 318 2034 377 CLEMENTIS
2073 319 2578 378 ALEXANDRINI

3677 324 3820 380 1192

386 450 460 504 ad
489 448 667 522 plura
698 443 1018 520 prolapsio.
1052 441 1263 497 Tribus
1305 439 1466 496 enim
1514 440 1729 508 modis,
1777 447 1846 497 ut
1890 440 2044 497 dixi-

2166 463 2188 493 ιι
2218 441 2464 517 πονηρὰν
2496 443 2589 499 καὶ
2642 437 2974 519 μοιχαλίϐα,
3007 466 3035 496 ι)
3096 441 3338 501 διδάσκει
3401 445 3478 520 μὴ
3508 444 3819 522 ἐγνωκότας

385 536 947 606 mus,fornicatioet
981 531 1346 588 adulterium
1402 530 1639 585 simitur
1689 530 1846 602 apud
1896 534 2054 603 Apo-

387 627 627 683 stolum.
664 628 743 680 De
795 624 886 679 his
919 621 1063 677 dicit
1099 620 1427 692 propheta:
1483 642 1510 669 «
1537 621 1803 676 Peccatis
1846 621 2054 676 vestris

386 714 706 772 venundati
733 714 893 768 estis.
930 734 959 762 ››
984 712 1055 765 Et
1083 726 1291 765 ruisus
1318 726 1329 762 :
1356 731 1383 758 ‹‹
1413 708 1681 764 Pollutus
1713 726 1776 765 es
1807 710 1868 763 in
1897 716 2056 766 terra

389 804 680 874 alienata)
708 822 721 868 ;
747 824 774 852 ››
803 800 1289 874 conjunctionem
1328 800 1678 853 sceleratam
1725 799 2054 866 existimas,

388 913 520 967 quae
551 909 687 949 cum
719 893 919 948 alieno
951 905 1199 962 corpore
1224 890 1380 944 facta
1411 894 1522 955 est,
1562 894 1623 943 et
1653 905 1772 944 non
1804 906 1940 945 cum
1963 906 2055 955 eo,

391 984 548 1058 quod
563 984 737 1039 datur
750 982 815 1037 in
830 979 1208 1052 conjugio,ad
1220 978 1542 1033 liberorum
1558 978 2052 1049 procreationem.

396 1076 564 1133 Unde
584 1076 764 1131 etiam
788 1071 1136 1144 Apostolus:
1158 1094 1184 1120 ‹‹
1212 1070 1377 1135 Volo,
1414 1070 1918 1141 inquit,juniores
1942 1086 2057 1124 nu-

388 1166 552 1233 bere,
578 1165 734 1220 {llios
760 1176 1096 1234 procreare,
1121 1159 1323 1214 domui
1348 1174 1625 1229 praeesse,
1657 1158 1886 1213 nullam
1910 1158 2055 1214 dare

390 1256 767 1312 occasionem
799 1250 1137 1307 adversario
1161 1248 1463 1304 maledicti
1494 1248 1698 1319 gratia.
1731 1248 1858 1304 lam
1890 1249 2056 1303 enim

389 1343 666 1418 quaedam
698 1342 1068 1397 diverterunt
1110 1343 1245 1409 post
1276 1338 1555 1393 Satanam
1586 1338 1684 1409 (b).
1718 1358 1744 1386 ιι
1800 1337 1953 1403 Quin
1998 1342 2058 1393 et

387 1435 571 1490 unius
602 1447 840 1505 quoque
863 1429 1068 1485 uxoris
1085 1428 1275 1483 virum
1299 1427 1505 1498 utique
1530 1426 1822 1495 admittit;
1848 1444 1952 1482 seu
1981 1426 2059 1481 sit

387 1522 719 1595 presbyter,
757 1535 862 1574 seu
894 1519 1205 1583 diaconus,
1241 1532 1346 1571 seu
1378 1515 1588 1577 laicus.
1626 1521 1801 1570 utens
1847 1515 2056 1571 matri-

386 1613 588 1668 monio
618 1611 769 1667 citra
797 1607 1334 1680 reprehensionem
1371 1622 1383 1660 :
1434 1624 1459 1656 υ
1492 1605 1830 1660 Servabitur
1855 1610 2055 1661 autem

2157 531 2327 604 νόμον
2371 533 2444 593 ὡς
2471 533 2500 587 ὁ
2528 530 2702 606 νόμος
2759 531 3038 608 βούλεται·
3089 560 3117 587 ‹‹
3152 535 3449 590 παοαδόσει
3501 532 3561 591 δὲ
3607 540 3678 611 τῇ
3707 539 3817 591 τῶν

2157 615 2537 695 πρεσϐυτέρων
2568 667 2581 690 ,
2639 621 2730 677 καὶ
2784 622 3108 697 ἐντάλμασιν
3160 624 3467 699 ἀνθρώπων
3502 646 3527 679 ι
3586 646 3822 695 κατηκο-

2159 706 2525 780 λουθηκότας.
2564 712 2846 787 μοιχεύειν
2874 714 2965 768 τὸν
2999 714 3192 787 νόμον,
3225 715 3338 789 οὐχ
3389 714 3465 778 ὡς
3516 711 3684 785 ἄνδρα
3728 714 3823 770 καὶ

2158 798 2347 874 κύριον
2378 802 2481 870 τῆς
2527 801 2818 877 παρθενίας
2864 802 3041 861 αὐτῶν
3095 801 3413 877 δεδομένον.
3446 803 3599 881 Τάχα
3632 801 3691 860 δὲ
3729 802 3823 860 καὶ

2160 886 2473 962 ἐπιθυμίαις
2525 887 2974 966 δεδουλωμένους
3018 890 3354 956 ἀλλοκοτοις
3407 890 3554 949 οἶδεν
3599 892 3822 964 αὐτοὺς,

2161 974 2232 1032 δι’
2285 977 2347 1041 ἃς
2405 980 2495 1034 καὶ
2554 986 2801 1057 συνεχῶς
2862 979 3229 1056 δουλούμενοι
3306 988 3425 1045 ταῖς
3484 983 3774 1057 ἁμαρτίαις
3808 1029 3826 1057 ,

2159 1066 2562 1142 ἐπιπράσκοντο
2612 1076 2734 1132 τοῖς
2793 1070 3159 1149 ἀλλοφύλοις
3217 1070 3334 1126 ἐπεὶ
3392 1072 3540 1146 παρὰ
3594 1092 3656 1148 γε
3704 1076 3826 1134 τοῖς

2162 1155 2455 1220 Ἰουδαίοις
2506 1159 2605 1214 οὐκ
2673 1159 2810 1228 ἦσαν
2894 1158 3349 1235 ἀποδεδειγμέναι
3403 1163 3519 1234 (96)
3572 1166 3824 1237 γυναῖκες

2158 1246 2360 1316 κοιναὶ,
2394 1246 2541 1303 ἀλλά
2572 1249 2660 1304 καὶ
2692 1251 2729 1319 ἡ
2764 1248 2994 1326 μοιχεία
3032 1251 3396 1325 ἀπηγόρευτο.
3432 1251 3493 1309 Ὀ
3525 1247 3583 1305 δὲ
3631 1249 3823 1305 εἰπών·

2162 1361 2189 1388 ι(
2222 1342 2459 1391 Γυναῖκα
2516 1336 2701 1412 ἔγημα
2735 1381 2750 1406 ,
2811 1339 2900 1394 καὶ
2960 1339 3023 1394 ού
3084 1336 3320 1413 δύναμαι
3378 1337 3556 1404 ἐλθεῖν
3633 1338 3710 1401 εἷς
3762 1339 3826 1394 τὸ

2161 1423 2376 1481 δεῖπνον
2411 1427 2475 1482 τὸ
2509 1428 2682 1498 θεῖον,
2719 1426 3024 1504 ὑπόδειγμα
3044 1429 3111 1498 ἦν
3168 1428 3246 1491 εἲς
3296 1424 3529 1505 ἔλεγχον
3578 1433 3685 1483 τῶν
3738 1424 3831 1483 διὰ

2159 1513 2362 1585 ἡδονὰς
2397 1515 2781 1593 ἀφισταμένων
2804 1524 2904 1585 τῆς
2938 1516 3084 1577 Θείας
3116 1517 3370 1587 έντολῆς’
3405 1516 3520 1573 ἐπεὶ
3549 1516 3728 1591 τούτῳ
3749 1522 3831 1590 τῷ

2159 1602 2314 1678 λόγῳ
2389 1602 2505 1669 οὔθ’
2560 1606 2613 1659 οἱ
2668 1606 2777 1683 πρὸ
2836 1608 2935 1675 τῆς
2991 1605 3290 1681 παρουσίας
3351 1603 3556 1662 δίκαιοι
3611 1603 3724 1661 οὔθ’
3775 1607 3832 1662 οἱ

387 1719 495 1775 per
512 1701 773 1757 filiorum
800 1697 1278 1771 procreationem
1300 1697 1392 1767 (c).
1421 1720 1441 1748 ι
1468 1697 1537 1749 Ει
1556 1711 1764 1750 rursus
1786 1695 2056 1750 Servator

2166 1694 2301 1765 μετά
2354 1695 2453 1763 τῆν
2511 1694 2811 1772 παρουσίαν
2870 1695 3254 1771 γεγαμηκότες
3291 1740 3307 1765 ,
3364 1694 3461 1752 κᾶν
3523 1693 3829 1752 ἂποστολοι

389 1793 595 1847 dicens
642 1790 875 1845 Iudaeos
909 1810 935 1837 α
967 1786 1412 1859 generationem
1459 1800 1698 1857 pravam
1732 1790 1790 1839 et
1819 1785 2053 1840 adulte-

2166 1784 2292 1840 ὦσι.
2356 1784 2721 1853 σωθήσονται.
2784 1781 2889 1840 Κᾶν
2947 1784 3121 1841 ἐκεῖνο
3178 1785 3594 1861 προκομίσωσιν
3647 1785 3830 1858 αὖθις⁹

389 1897 542 1948 ram,
577 1901 605 1929 »
639 1880 812 1935 docet
864 1894 963 1933 eos
1013 1876 1202 1949 legem
1256 1892 1377 1930 non
1428 1875 1793 1947 cognovisse,
1839 1880 1907 1929 ut
1956 1874 2049 1929 lex

2167 1873 2241 1933 ὡς
2294 1872 2385 1927 καὶ
2418 1874 2446 1927 ὁ
2478 1876 2768 1951 προφήτης
2829 1873 3012 1951 φητίν·
3079 1899 3101 1925 ι
3138 1875 3526 1945 Ἐπαλαιώθην
3581 1875 3633 1929 ἐν
3693 1881 3831 1930 πᾶσι

389 1970 550 2025 vult:
586 1991 613 2017 «
648 1966 754 2024 sed
808 1967 1111 2022 seniorum
1166 1964 1565 2030 traditionem,
1627 1969 1686 2018 et
1736 1963 2051 2017 hominum

2166 1966 2283 2023 τοῖς
2315 1960 2541 2036 ἐχθροῖς
2577 1983 2702 2035 μουο
2739 1986 2768 2015 »
2804 1962 3039 2039 ἐχθροὺς
3074 1965 3170 2026 τὰς
3229 1963 3495 2038 ἁμαρτίας
3551 1962 3834 2020 ἀκουέτω-

392 2064 693 2133 praecepta
714 2062 1051 2128 sequentes,
1072 2075 1096 2105 ιο
1128 2053 1465 2109 adulterare
1482 2054 1697 2125 legem,
1720 2052 1967 2124 perinde
1988 2069 2055 2108 ac

2170 2071 2286 2107 σαν.
2349 2050 2461 2108 Μία
2520 2049 2577 2107 δέ
2631 2073 2715 2115 τις
2770 2051 3054 2127 ἁμαρτία,
3105 2051 3216 2128 οὐχ
3271 2054 3300 2107 ὁ
3355 2053 3556 2126 γάμος,
3613 2052 3745 2108 ἀλλ’
3795 2054 3831 2124 ἡ

401 2150 451 2204 si
473 2165 595 2204 non
620 2153 777 2203 esset
795 2146 931 2201 data
953 2146 1038 2199 vir
1060 2150 1118 2199 et
1148 2144 1425 2199 dominus
1444 2158 1649 2197 eorum
1680 2142 2056 2213 virginitatis.

2170 2139 2413 2214 πορνεία·
2449 2140 2566 2197 ἐπεὶ
2609 2141 2699 2197 καὶ
2758 2142 2858 2210 τὴν
2909 2141 3112 2217 γένεσιν
3168 2140 3471 2198 εἰπάτωσαν
3529 2142 3831 2218 ἁμαρτίαν,

400 2239 673 2294 Fortasse
695 2242 894 2291 autem
918 2251 1019 2290 eos
1035 2249 1274 2305 quoque
1295 2232 1634 2287 innuitesse
1653 2231 1867 2286 alienis
1888 2247 2056 2286 man-

2172 2228 2261 2283 καὶ
2290 2228 2385 2283 τὸν
2415 2236 2516 2298 τῆς
2546 2230 2807 2304 γενέσεως
2837 2231 3084 2301 κτίστην·

396 2328 623 2400 cipatos
654 2325 1099 2398 cupiditatibus.
1134 2329 1378 2395 propter
1408 2339 1556 2393 quas
1587 2320 1826 2377 assidue
1857 2336 2096 2393 quoque
2123 2321 2445 2376 servientes
2478 2323 2758 2394 peccatis,
2799 2323 3211 2380 vendebantur
3264 2324 3639 2397 alienigenis.
3684 2325 3833 2379 Nam

396 2418 555 2490 apud
579 2416 813 2472 Judaaos
844 2430 965 2470 non
995 2419 1169 2469 erant
1196 2412 1474 2467 admissas
1523 2427 1873 2466 communes
1927 2410 2213 2466 mulieres
2239 2427 2251 2465 :
2286 2426 2488 2466 verum
2547 2412 2848 2484 probitum
2898 2419 3025 2469 erat
3052 2413 3434 2470 adulterium.
3464 2413 3573 2479 Qui
3630 2418 3835 2470 autem

396 2508 576 2563 dicit:
612 2530 638 2557 ‹‹
671 2506 921 2561 Uxorem
956 2503 1117 2570 duxi,
1149 2518 1268 2556 non
1302 2517 1545 2573 possum
1576 2500 1776 2554 venire
1808 2500 1885 2569 (d)
1918 2522 1945 2549 ››
1977 2498 2052 2554 ad
2084 2499 2342 2555 divinam
2374 2517 2625 2569 ccenam,
2660 2508 2751 2556 est
2794 2502 3036 2574 quidem
3092 2503 3431 2575 exemplum
3478 2502 3553 2557 ad
3585 2519 3685 2558 eos
3737 2519 3838 2558 ar-

394 2596 682 2669 guendos,
716 2595 815 2666 qui
848 2598 1091 2666 propter
1120 2592 1459 2663 voluptates
1488 2588 1872 2645 abscedunta
1901 2588 2098 2645 divino
2131 2588 2411 2645 mandato
2437 2606 2450 2643 :
2476 2590 2696 2662 alioqui
2733 2607 2844 2646 nec
2876 2592 2975 2663 qui
3015 2592 3164 2663 justi
3215 2592 3385 2647 fuere
3428 2597 3566 2647 ante
3616 2591 3836 2647 adven-

396 2691 547 2742 tum.
575 2700 686 2740 nec
717 2683 817 2754 qui
853 2686 985 2753 post
1009 2681 1326 2736 adventum
1377 2695 1592 2734 uxores
1639 2678 1957 2745 duxerunt,
1992 2678 2407 2741 servabuntur,
2449 2679 2683 2734 etiamsi
2729 2680 2851 2735 sint
2907 2681 3183 2752 apostoli.
3220 2681 3385 2746 Quod
3418 2680 3467 2736 si
3499 2680 3648 2737 illud
3679 2685 3839 2735 attu-

399 2774 598 2840 lerint,
633 2772 791 2845 quod
823 2771 1114 2843 propheta
1143 2784 1379 2840 quoque
1412 2767 1557 2823 dicit
1591 2784 1603 2822 :
1636 2791 1664 2818 «
1697 2767 2019 2822 lnvetaravi
2053 2767 2211 2822 inter
2239 2784 2447 2822 omnes
2497 2768 2773 2824 inimicos
2821 2785 2987 2825 meos
3018 2772 3107 2840 (e).
3148 2794 3168 2819 n
3232 2787 3338 2842 per
3388 2769 3665 2826 inimicos
3694 2786 3837 2842 pec-

394 2869 526 2920 cata
554 2861 913 2934 intelligant.
947 2861 1141 2915 Unum
1181 2858 1481 2930 quoddam
1539 2865 1738 2913 autem
1798 2863 1888 2912 est
1944 2863 2277 2929 peccatum,
2310 2874 2430 2912 non
2489 2858 2967 2928 matrimonium,
3025 2858 3129 2916 sed
3186 2858 3549 2916 fornicatio:
3608 2859 3836 2932 alioqui

396 2952 843 3026 generationem
874 2966 1110 3021 quoque
1143 2949 1345 3004 dicant
1371 2952 1704 3020 peccatum,
1736 2951 1795 3003 et
1824 2953 2152 3003 creatorem
2184 2946 2605 3019 generationis.

1893 3074 2126 3130 CAPUT
2175 3073 2325 3131 ΧΙΙΙ.

570 3176 713 3233 Julii
739 3177 988 3235 Cassiani
1016 3176 1260 3231 haeretici
1287 3175 1465 3230 verbis
1493 3175 1788 3246 respondet
1815 3191 1838 3239 ;
1867 3176 2001 3229 item
2045 3172 2161 3229 loco
2193 3190 2354 3244 quem
2385 3191 2454 3229 ea:
2479 3175 2763 3247 evangelio
2802 3176 3122 3247 apocrypha
3150 3177 3295 3233 idem
3314 3176 3649 3232 adduxerat.

2228 3287 2519 3353 Τοιούτοις
2567 3288 2848 3365 ἐπιχειρεῖ
2903 3291 2993 3347 καὶ
3030 3292 3191 3361 ὁτῆς
3251 3288 3529 3363 δοκήσεως
3587 3288 3834 3367 ἐξάρχων

2169 3379 2403 3443 Ἰούλιος
2462 3384 2759 3445 Κασσιανός
2792 3403 2805 3417 ·
2864 3383 2921 3439 ἐν
2982 3385 3111 3459 γοῦν
3172 3386 3251 3455 τῷ
3306 3383 3436 3459 Περῖ
3497 3380 3837 3457 ἐγκρατείας,

2167 3467 2204 3538 ἢ
2241 3468 2367 3542 Περὶ
2424 3468 2741 3545 εύνουχίας,
2802 3471 2939 3526 κατᾶ
2989 3470 3133 3542 λέξιν
3194 3470 3381 3548 φησίν·
3444 3495 3472 3520 «
3503 3470 3599 3525 Καὶ
3641 3466 3841 3543 μηδεὶς

441 3295 706 3351 'Talibus
735 3293 1104 3367 argumentis
1152 3292 1341 3347 utitur
1386 3308 1623 3362 quoque
1672 3290 1863 3346 Julius
1909 3291 2049 3345 Cas-
2079 3291 2123 3359 C

398 3386 621 3453 sianus,
674 3383 776 3455 qui
839 3383 954 3438 fuit
1006 3382 1285 3454 princeps
1334 3387 1509 3436 sectas
1564 3381 1941 3435 Docetarum.
1994 3381 2061 3434 In

396 3489 575 3545 opere
632 3478 791 3528 certe
849 3473 925 3527 De
977 3472 1322 3526 continentia
1356 3510 1370 3536 ,
1428 3470 1521 3524 vel
1596 3470 1673 3523 De
1748 3471 2001 3523 castitate
2042 3510 2057 3536 ,

396 3563 490 3618 his
521 3562 714 3618 verbis
764 3561 939 3616 dicit:
996 3583 1022 3610 «ι
1054 3565 1167 3616 Nec
1200 3560 1362 3614 dicat
1409 3558 1651 3629 aliquis,
1686 3558 1845 3635 quod
1900 3573 2055 3629 quo-

394 3650 559 3707 niam
616 3651 761 3706 talia
819 3650 1110 3705 habemus
1168 3648 1480 3712 membra,
1552 3653 1619 3701 ut
1676 3646 1852 3701 aliter
1908 3648 2059 3719 ﬁgu-

394 3746 524 3796 rata
548 3740 625 3796 sit
678 3739 922 3803 femina,
956 3738 1130 3794 aliter
1185 3754 1320 3792 vero
1376 3736 1714 3791 masculus:
1768 3736 1872 3790 illa
1921 3736 2054 3806 qui-

394 3829 531 3885 dem
562 3828 636 3885 ad
669 3829 1142 3900 suscipiendum,
1176 3827 1273 3881 hic
1302 3841 1440 3880 vero
1489 3825 1563 3880 ad
1612 3825 2053 3894 seminandum,

396 3920 632 3984 200:3
665 3935 1015 3973 concessam
1048 3933 1176 3972 esse
1211 3931 1245 3970 a
1284 3916 1402 3969 Deo
1451 3914 1967 3973 consuetudinem.
1999 3914 2056 3969 Si

393 4007 555 4064 enim
587 4024 623 4062 a
655 4008 794 4076 Deo,
826 4006 902 4062 ad
926 4021 1105 4077 quem
1140 4004 1460 4070 tendimus,
1497 4010 1654 4059 esset
1684 4005 1807 4059 haec
1838 4005 2056 4059 consti-

389 4098 563 4164 tutio,
592 4113 713 4151 non
744 4096 952 4151 beatos
995 4094 1244 4150 dixisset
1280 4109 1411 4149 esse
1466 4095 1813 4162 eunuchos;
1860 4110 2054 4165 neque

389 4187 685 4258 propheta
701 4185 1003 4251 dixissset,
1028 4200 1129 4239 eos
1150 4200 1319 4239 «non
1352 4199 1482 4239 esse
1501 4183 1773 4239 arborem
1805 4184 2056 4256 intrugi-

386 4275 578 4332 feram
599 4276 671 4344 (Γ)
697 4291 710 4341 ;
739 4296 767 4324 ››
788 4273 1154 4329 transferens
1177 4273 1249 4329 ab
1272 4272 1483 4328 arbore
1501 4273 1576 4329 ab
1598 4273 1927 4340 hominem,
1950 4272 2053 4344 qui

390 4381 499 4420 sua
531 4369 743 4436 sponte
776 4368 834 4417 et
864 4379 933 4417 ex
990 4362 1265 4429 instituto
1299 4379 1361 4419 se
1413 4368 1635 4418 castrat
1680 4363 1785 4418 tali
1829 4362 2050 4436 cogita-

394 4456 580 4512 tione.
615 4476 643 4504 »
679 4455 747 4508 Et
776 4471 885 4526 pro
916 4454 1102 4527 impia
1139 4453 1424 4527 Opinione
1473 4454 1666 4509 adhuc
1716 4452 2051 4521 decertans,

397 4542 745 4614 subjungit:
790 4541 1095 4606 Quomodo
1145 4547 1343 4597 autem
1374 4558 1495 4596 non
1517 4541 1657 4614 jure
1688 4540 1821 4613 quis
1849 4559 2053 4613 repre-

396 4630 678 4689 htnderit
729 4631 1121 4699 Servatorem,
1173 4630 1223 4686 si
1255 4647 1364 4686 nos
1395 4631 1858 4700 trausformavit,
1892 4636 1950 4686 et
1979 4631 2051 4687 ab

391 4736 593 4775 errore
627 4720 919 4785 liberavit,
947 4727 1006 4776 et
1024 4736 1059 4774 ιι
1084 4720 1511 4791 conjunctione
1540 4719 1967 4789 membrorum,
1993 4726 2052 4775 et

392 4808 966 4875 additamentorum,
1000 4814 1059 4862 et
1088 4807 1504 4879 pudendorum
1522 4809 1551 4865 ?
1569 4832 1597 4859 ››
1622 4810 1683 4864 in
1708 4809 1817 4864 hoc
1840 4809 2048 4865 eadem

391 4896 722 4953 decernens
780 4914 915 4952 cum
972 4895 1265 4952 Tatiano:
1325 4897 1422 4952 hic
1469 4904 1671 4954 autem
1720 4899 1943 4972 prodiit
1981 4916 2050 4954 ex

390 4986 597 5043 schola
622 4986 941 5042 Valentini.
966 4988 1285 5058 Propterea
1307 4986 1453 5043 dicit
1475 4988 1825 5045 Cassianus:
1853 5012 1879 5039 ι(
1903 4989 2049 5044 Cum

2170 3557 2399 3633 λεγέτω,
2422 3558 2506 3615 ὅτι
2530 3559 2745 3616 ἐπειδὰν
2782 3566 3006 3617 τοιαῦτα
3036 3561 3205 3635 μόρια
3229 3559 3488 3637 ἔσχομεν,
3512 3561 3586 3622 ὡς
3616 3561 3715 3629 τὴν
3738 3558 3840 3633 μὶν

2173 3646 2401 3718 θήλειαν
2430 3649 2606 3712 οὕτως
2636 3652 3036 3727 σχηματίσθαι,
3067 3651 3162 3706 τὸν
3194 3647 3252 3706 δὲ
3282 3648 3478 3728 ἅρῥενα
3508 3649 3706 3718 οὕτως,
3729 3650 3834 3719 τῆν

2170 3738 2264 3810 μὲν
2298 3739 2434 3814 πρὸς
2472 3740 2535 3794 τὸ
2593 3736 2874 3815 δέχεσθαι,
2931 3741 3024 3796 τὸν
3087 3739 3145 3796 δὲ
3200 3741 3338 3814 πρὸς
3392 3740 3456 3794 τὸ
3506 3738 3831 3813 ἐνσπείρειν,

2163 3830 2615 3903 συγκεχωρῆσθαι
2673 3832 2787 3903 (97)
2840 3830 2904 3885 τὸ
2955 3836 3056 3899 τῆς
3114 3828 3341 3902 ὁμιλίας
3376 3830 3523 3904 παρά
3573 3831 3727 3884 Θεοῦ,
3766 3826 3828 3886 Ei

2161 3916 2263 3991 γὰρ
2293 3917 2360 3987 ἦν
2397 3918 2540 3992 παρὰ
2596 3923 2753 3990 Θεοῦ,
2812 3919 2890 3984 εἷς
2929 3920 2989 3974 ’ὸν
3018 3917 3347 3993 σπεύδομεν,
3378 3921 3414 3988 ἡ
3444 3918 3671 3987 τοιαύτη
3706 3914 3829 3972 δια-

2164 4006 2351 4075 σκευὴ,
2400 4005 2500 4061 οὐκ
2547 4007 2606 4062 ἂν
2657 4006 2982 4082 ἐμακάρισεν
3041 4006 3170 4071 τοὺς
3227 4008 3549 4083 εὐνούχους·
3612 4003 3731 4061 οὐδ’
3763 4006 3825 4061 ἃν

2164 4095 2192 4150 ὁ
2222 4098 2515 4172 προφήτης
2563 4097 2795 4171 εἰρήκει,
2852 4121 2879 4149 ‹‹
2905 4098 2985 4170 μὴ
3018 4096 3154 4152 εἶναι
3186 4095 3348 4171 ξύλον
3377 4094 3620 4171 ἄκαρπον
3651 4097 3762 4167 (98)
3796 4118 3826 4147 ι»

2160 4182 2382 4247 αὐτούς’
2446 4180 2770 4257 μεταλαϐὼν
2810 4186 2916 4241 ἀπὸ
2973 4189 3073 4240 τοῦ
3133 4181 3356 4260 δένδρου
3413 4182 3502 4240 ἐπὶ
3560 4184 3655 4239 τὸν
3685 4184 3831 4240 κατᾶ

2160 4274 2476 4351 προαίρεσίν
2529 4276 2817 4351 ἄνθρωπον
2877 4276 3066 4331 ἑαυτὸν
3124 4282 3225 4345 τῆς
3294 4275 3554 4346 τοιαύτης
3610 4274 3823 4337 ἐννοίας

2162 4363 2554 4439 εύνουχίζοντα
2619 4368 2775 4438 (99).
2837 4389 2867 4417 ››
2934 4365 3037 4422 Καὶ
3089 4362 3166 4421 ἔτι
3224 4364 3696 4440 ἐπαγωνιζόμενος
3748 4366 3823 4439 τῇ

2162 4449 2304 4526 ἀθέῳ
2332 4449 2479 4527 δόξῃ,
2503 4452 2767 4530 ἐπιφέρει·
2820 4457 2998 4516 «Πῶς
3030 4451 3089 4509 δὶ
3146 4453 3250 4509 οὐκ
3309 4453 3369 4509 ἃν
3428 4453 3519 4508 καὶ
3574 4452 3828 4528 εὐλόγως

2157 4561 2243 4603 τις
2273 4541 2497 4615 αἰτιῷτο
2521 4542 2616 4598 τὸν
2644 4550 2897 4618 Σωτῆρα,
2934 4541 2979 4598 εί
3015 4541 3349 4617 μετέπλασεν
3382 4545 3553 4617 ἡμᾶς,
3584 4542 3675 4597 καὶ
3720 4548 3826 4611 τῆς

2159 4629 2374 4702 πλάνης
2402 4631 2713 4706 ἀπήλλαξε,
2745 4631 2837 4688 καὶ
2866 4638 2967 4703 τῆς
2997 4631 3284 4695 κοινωνίας
3312 4636 3421 4688 τῶν
3469 4630 3679 4709 μορίων
3728 4631 3824 4687 καὶ

2157 4722 2551 4796 προσθεμάτων
2581 4722 2669 4777 καὶ
2704 4719 2928 4777 αἰδοίων
2963 4741 2977 4792 ;
3010 4747 3039 4776 »
3084 4723 3152 4778 τὰ
3195 4720 3558 4797 παραπλήσια
3585 4724 3665 4793 τῷ
3716 4722 3829 4779 Τα-

2155 4814 2326 4881 τιανῷ
2354 4811 2492 4865 κατά
2520 4813 2681 4866 τοῦτο
2730 4809 3100 4888 δογματίζων’
3129 4813 3158 4866 ὁ
3190 4808 3237 4865 δ’
3269 4810 3328 4866 ἐκ
3374 4818 3475 4881 τῆς
3524 4808 3827 4869 Οὐαλεντίο

2156 4919 2253 4953 νου
2304 4898 2613 4977 ἐξεφοίτησε
2671 4899 2910 4977 σχολῆς.
2970 4901 3070 4956 Διὰ
3126 4900 3289 4956 τοῦτό
3346 4900 3831 4966 τοιὸΚασσιανύς

2160 5007 2316 5065 φησι.
2340 5012 2367 5040 ‹‹
2387 4993 2627 5053 Πυνθανο
2640 4990 2812 5063 μένης
2827 4993 2906 5065 (1)
2921 4997 2989 5061 τῆ
3003 5013 3026 5050 ς
3042 4988 3349 5064 Σαλώμης,
3364 4988 3498 5045 πότε
3508 4990 3830 5066 γνωσθήσε-

468 5113 690 5191 la)_l_s_a.
724 5114 862 5191 nul.
1003 5113 1197 5191 I_'l_‘im_.
1226 5132 1283 5191 _v_,
1306 5116 1406 5191 14,
1434 5118 1535 5191 15ἒ
1578 5116 1647 5186 (c)
1680 5115 1699 5169 Ι
1732 5114 1878 5191 Tim.
1915 5131 1977 5186 ιι,
2037 5118 2056 5169 1

2178 5115 2259 5187 (d)
2296 5116 2430 5173 Luc.
2486 5134 2601 5189 xw,
2660 5121 2749 5176 20.
2810 5120 2872 5191 (ε)
2935 5119 3091 5177 Psal.
3143 5137 3215 5188 vr,
3249 5119 3389 5183 8.»?
3426 5119 3491 5174 P.
3550 5118 3652 5173 553
3709 5118 3829 5175 ED.

391 5185 689 5252 POTTER,
721 5184 845 5251 465,
879 5186 981 5239 466
1016 5185 1128 5240 ED.
1161 5187 1389 5244 PARIS.
1423 5184 1768 5258 (f)Isa.VLv1,
1801 5187 1852 5241 3.

616 5307 1147 5387 "_AnoSeSeqpévat.
1197 5314 1288 5387 vel
1343 5307 2049 5387 ροιίιιελάποδεδεγμέναι,

395 5380 850 5464 ἃῦιάποξέχομαι
888 5380 1001 5464 aut
1032 5380 1494 5464 superius—pag.
1530 5384 1655 5438 546.

466 5458 577 5525 (97)
612 5454 1311 5539 ΣυγκεχωρῇσθαιίηΡΙοΓ.
1364 5454 1539 5523 edit,
1592 5454 2051 5529 συγκεχωρίσθαι,

397 5541 596 5582 errore
630 5527 772 5585 satis
795 5527 1084 5585 evidenti.
1134 5527 1405 5583 SYLBURG.

472 5599 584 5674 i9?)
614 5600 912 5674 'Axaesov.
942 5596 1155 5670 Ξηρὸν,
1189 5602 1298 5674 Ιεειτ

473 5664 584 5737 (99)
646 5664 907 5726 Ἑαύτὸκ
961 5664 1063 5737 τῆς
1141 5664 1412 5739 ’τοιαύτης
1501 5664 1709 5730 ἐννοίας
1804 5668 2056 5745 εὐνουχί-

2164 5316 2343 5390 (ev-ca.
2377 5316 2517 5390 _Vide
2578 5316 2837 5390 similem
2895 5318 3141 5390 phrasin
3188 5336 3243 5390 p_.
3277 5320 3375 5374 451
3438 5320 3575 5376 edit.
3609 5317 3828 5385 Paris.,

2161 5384 2556 5461 εύνουχίζοντα
2578 5387 2764 5442 ἑαυτὸν
2798 5384 2975 5459 πάἆης
3008 5384 3325 5459 ἐπιθυμίας.
3373 5393 3598 5448 LOWTH.

2234 5462 2310 5529 (1)
2348 5461 2782 5531 Πυνθανομένης.
2824 5461 3099 5518 Clemens
3148 5464 3452 5519 Romanus
3500 5462 3608 5520 sub
3643 5462 3832 5517 ﬁnem

2165 5532 2537 5608 pesterioris
2566 5533 2647 5608 ad
2674 5533 3014 5608 Corinthios
3066 5534 3347 5608 Epistolas
3373 5552 3387 5589 :
3417 5535 3689 5608 ’Enepmy-
3714 5531 3832 5608 θεὶς

2204 5602 2269 5676 ἀρ
2301 5601 2545 5677 -αύτόςᾲὸ
2577 5602 2777 5677 Κύριος
2840 5603 2944 5677 ὑπό
3000 5601 3179 5677 τινος,
3214 5604 3369 5677 ,πότε
3419 5601 3563 5676 ἥξει’
3596 5603 3833 5677 αὐτος)ᾼὴ

2163 5622 2269 5749 ξαρ
2330 5622 2777 5677 αυτοςοιιυριος
2840 5622 2944 5659 οπο
3000 5625 3173 5673 τινος,
3235 5622 3369 5660 ποτε
3419 5622 3537 5676 ἡξει
3596 5622 3833 5675 αυτουη

2205 5673 2440 5745 ασιλεία,
2475 5675 2641 5731 εἶπεν·
2674 5677 2839 5736 Ὀταν
2867 5675 3015 5731 ἔσται
3044 5677 3112 5731 τὰ
3164 5675 3282 5747 δύο,
3338 5670 3416 5750 ἔν,
3465 5677 3559 5733 καὶ
3613 5677 3677 5732 τὸ
3727 5670 3836 5748 ἔξω
