4144 6388
346 342 488 401 1193
1683 345 1981 403 STROMA‘

2109 348 2133 402 ί
2168 347 2303 404 LIB.
2346 348 2445 402 III.
3642 349 3783 407 1194

326 513 354 524 ..
384 471 537 526 αιτὰ
591 466 718 544 περὶ
757 467 830 524 ὧν
862 464 1053 544 ἤρετο,
1110 462 1215 545 ἔφη
1249 466 1279 521 6
1321 464 1547 542 Κύριος
1606 468 1772 525 ’Όταν
1830 466 1894 522 τὸ
1921 473 1981 536 τῆ

2135 473 2529 543 interrogaret
2583 471 2838 541 Salome,
2871 471 3110 544 quando
3135 477 3569 546 cognoscentur
3586 490 3676 544 ea,
3707 474 3781 532 de

342 559 617 636 αἰσχύνης
648 555 855 631 ἔνδυμα
886 558 1192 627 πατήσητε,
1223 555 1315 610 καὶ
1364 555 1491 611 ὅταν
1543 555 1766 630 γένηται
1820 557 1889 612 τὰ
1919 554 1981 611 δύ

2125 562 2342 633 quibus
2367 561 2791 635 interrogabat,
2816 562 2899 616 ait
2918 561 3207 618 Dominus
3235 580 3248 630 ;
3268 563 3515 628 Quando
3535 564 3779 635 pudoris

335 671 420 721 εν,
445 649 540 705 καὶ
568 649 633 705 τὸ
675 647 836 725 ἄρῥεν
871 649 1009 721 μετὰ
1048 649 1152 711 τῆς
1212 643 1462 716 θηλείας,
1496 645 1619 701 οὕτε
1674 643 1831 722 ἄρρεν
1892 645 1981 701 οίὶτ

2123 649 2538 706 indumentum
2563 651 3072 719 conculcaveritis,
3116 658 3174 706 et
3203 652 3442 723 quando
3475 653 3593 708 duo
3622 654 3779 709 facta

345 738 511 809 θῆλυ.
579 761 607 790 ››
672 741 896 813 Πρῶτον
961 735 1058 808 μὲν
1118 735 1209 789 οῦν
1269 733 1323 789 ἐν
1380 739 1500 798 τοῖς
1552 732 1981 810 παραδιδομένοι

2120 739 2344 795 fuerint
2372 757 2581 807 unum,
2613 747 2671 796 et
2697 741 3035 797 masculum
3057 758 3193 795 cum
3214 742 3458 810 femina,
3483 757 3594 797 nec
3615 759 3776 798 mas-

2120 828 2321 885 culum
2355 847 2465 885 nec
2494 830 2839 885 femineum.
2872 851 2900 880 »
2928 830 3194 885 Primum
3220 830 3482 900 quidem,
3513 831 3576 885 in
3599 830 3772 885 nobis

2118 918 2349 973 traditis
2382 925 2635 989 quatuor
2672 919 3005 991 Evangeliis
3052 935 3173 975 non
3204 919 3494 975 habemus
3540 920 3649 975 hoc
3677 920 3768 975 di-

335 833 473 903 ἠμῖν
529 829 813 903 τέτταρσιν
879 827 1243 902 Εὐαγγελίοις
1299 826 1402 881 οὐκ
1458 824 1662 902 ἔχομεν
1710 827 1773 881 τὸ
1823 826 2009 899 ῥητὸν,

340 916 471 975 ἀλλ’
500 917 554 974 ἐν
593 923 672 990 τῷ
720 918 837 972 κατ’
899 915 1254 991 Αἰγυπτίους·
1294 911 1480 970 ἔπειτα
1536 913 1593 970 δὲ
1645 916 1853 990 ἀγνοεῖν
1915 937 2011 988 μοι

338 1006 517 1077 δοκεῖ,
551 1007 636 1062 ὅτι
667 1007 841 1079 θυμὸν
890 1006 987 1079 μὲν
1036 1004 1233 1081 ἁρῥενα
1283 1005 1489 1079 ὁρμην,
1523 1003 1751 1074 Θήλειαν
1801 1002 1860 1059 δὲ
1911 1006 1981 1074 τήη

2116 1013 2299 1072 ctum,
2335 1008 2439 1063 sed
2476 1009 2539 1063 in
2584 1024 2674 1077 eo,
2727 1009 2886 1080 quod
2934 1014 3025 1064 est
3070 1009 3399 1065 secundum
3447 1010 3765 1081 .rEgyptios.

336 1097 630 1171 ἐπιθυμίαν
691 1095 994 1151 αἰνίττετα(
1044 1097 1127 1157 οἷς
1189 1092 1529 1170 ἐνεργήσασι,
1568 1089 1824 1167 μέτάνοια
1877 1090 1974 1149 ἕπε

2117 1096 2340 1151 Deinde
2372 1097 2517 1152 mihi
2551 1098 2782 1153 videtur
2810 1098 3104 1169 ignorare,
3136 1099 3287 1153 iram
3312 1097 3575 1169 quidem,
3612 1115 3768 1154 mas-

332 1207 423 1242 ται
473 1187 562 1241 καὶ
624 1184 886 1261 αἰσχύνη.
943 1185 1109 1241 Ὅταν
1171 1183 1286 1253 οὖν,
1351 1185 1491 1256 μήτε
1546 1204 1631 1245 τις
1693 1187 1841 1258 θυμῇ
1878 1186 1981 1257 μήτ

2113 1187 2309 1243 culam
2332 1189 2762 1259 appetitionem
2783 1205 2797 1255 ;
2821 1188 3107 1244 feminam
3128 1204 3287 1255 vero,
3307 1188 3643 1260 significare
3660 1205 3768 1245 cu-

333 1274 601 1348 ἐπιθυμίᾳ
658 1272 1060 1351 χαρισάμενος,
1093 1271 1128 1326 ’ὰ
1160 1269 1228 1341 δὴ
1262 1271 1352 1327 καὶ
1410 1270 1461 1345 ἐξ
1520 1265 1677 1336 ἔθους
1730 1271 1821 1327 καὶ
1876 1292 1981 1346 τρο

2110 1277 2422 1348 piditatem
2448 1294 2461 1332 :
2496 1294 2747 1349 quorum
2768 1278 3177 1349 operationem
3205 1277 3555 1349 paenitentia
3578 1284 3637 1333 et
3657 1294 3767 1349 pu-

334 1368 440 1443 φῆς
471 1371 646 1434 κακῆς
680 1363 986 1435 αὐξήσαντα
1039 1360 1338 1432 ἐπισκιάζει
1389 1360 1481 1417 καὶ
1533 1358 1861 1436 ἐγκαλύπτει
1911 1363 1981 1417 τὸε

2110 1366 2220 1421 dor
2243 1372 2712 1437 consequuntur.
2737 1368 2884 1422 Cum
2906 1368 3041 1439 quis
3068 1383 3203 1439 ergo
3226 1382 3423 1438 neque
3445 1365 3548 1421 ira;
3568 1382 3764 1437 neque

334 1453 636 1529 λογισμὸν,
667 1450 794 1509 ἀλλ’
845 1450 1263 1524 ἀποδυσάμενος
1293 1452 1394 1521 τήν
1447 1450 1508 1505 ἐκ
1551 1449 1760 1505 τούτων
1796 1448 1974 1526 ἀχλὺν

2109 1456 2419 1527 cupiditati
2444 1456 2803 1527 obsequens,
2828 1473 2959 1528 quas
2979 1456 3221 1527 quidem
3245 1461 3305 1510 et
3327 1455 3765 1512 consuetudine

328 1543 390 1599 ἐκ
414 1543 700 1618 μετανοίας
729 1541 1163 1617 καταισχυνθεὶς,
1198 1545 1413 1614 πνεῦμα
1449 1540 1536 1595 καὶ
1570 1541 1756 1616 ψυχὴν
1810 1540 1977 1596 ὲνώσε

2109 1550 2165 1599 et
2192 1544 2353 1601 mala
2370 1544 2720 1601 educatione
2737 1551 2946 1610 auctaa,
2980 1544 3343 1600 obumbrant
3363 1550 3421 1599 et
3441 1550 3765 1618 contegunt

330 1636 469 1690 κατᾶ
495 1634 599 1704 τήν
628 1636 726 1688 τοῦ
786 1631 964 1706 Λόγου
1028 1631 1297 1701 ὑπακοήν·
1358 1630 1503 1697 τότε,
1560 1630 1635 1691 ὡς
1690 1631 1718 1684 6
1776 1628 1981 1691 Παῦλόι

2109 1635 2417 1703 rationem,
2453 1634 2557 1691 sed
2587 1651 2718 1706 quae
2750 1651 2821 1689 ex
2850 1634 2921 1689 iis
2942 1634 3343 1706 proﬁciscitur
3370 1651 3593 1690 exuens
3615 1635 3758 1691 cali-

335 1745 521 1802 φησιν,
569 1747 597 1775 ‹‹
625 1721 740 1780 Οὖκ
771 1725 848 1796 (2)
880 1717 956 1776 ἔνι
988 1719 1042 1775 ἐν
1069 1722 1204 1793 ἡμῖν
1267 1720 1370 1774 οὐκ
1428 1714 1608 1794 ἅρῥεν,
1641 1717 1707 1773 οὐ
1767 1718 1928 1787 θῆλυ.
1964 1744 1981 1771 ›;

2109 1724 2323 1796 ginem,
2356 1731 2415 1779 et
2437 1724 2665 1796 pudore
2694 1725 2940 1779 affectus
2972 1741 3043 1779 ex
3073 1724 3446 1796 paenitentia.
3480 1724 3755 1795 spiritum

329 1812 640 1869 Ἀποστᾶσα
694 1811 797 1887 γὰρ
854 1806 1017 1865 τοδδε
1062 1813 1162 1864 τοῦ
1221 1810 1537 1883 σχήματος,
1583 1807 1629 1879 ᾧ
1662 1803 1989 1881 διακρίνεται

327 1922 392 1957 το
424 1899 582 1979 ἇρρεν
612 1902 702 1957 καὶ
733 1901 796 1956 τὸ
827 1898 991 1971 Θῆλυ,
1024 1900 1178 1974 ψυχὴ
1225 1902 1303 1972 (3)
1339 1896 1679 1972 μετατίθεται
1732 1896 1808 1960 εἷς
1854 1894 1985 1953 ἕνω-

328 2013 436 2061 σιν,
489 1989 602 2046 οὔθ’
660 1987 843 2065 ἕτερον
905 1988 1055 2045 οὖσα.
1116 1990 1335 2065 Ἥγεῖτα
1392 1985 1451 2043 δὲ
1481 1988 1784 2062 ὁγενναῖος
1828 1986 1986 2050 οὗτος

332 2080 832 2156 ΠΑατωνικώτερον
865 2082 962 2153 (4),
996 2078 1144 2135 Θείαν
1178 2078 1339 2133 οὖσαν
1383 2079 1485 2147 τήν
1518 2078 1702 2153 ψυχήν
1756 2074 1983 2145 ἄνωθεν,

326 2167 589 2243 ἐπιθυμίᾳ
645 2171 1005 2241 θηΛυνθεῖσαν
1060 2164 1220 2244 δεῦρο
1289 2166 1445 2238 ἥκειν
1505 2164 1582 2229 εἷς
1637 2167 1841 2241 γένεσιν
1893 2165 1984 2221 καὶ

332 2260 556 2335 φθοράν.

2101 1817 2162 1867 et
2189 1812 2452 1867 animam
2482 1811 2707 1867 unierit
2728 1811 2790 1866 in
2811 1811 3154 1866 obedientia
3184 1811 3319 1883 Logi
3343 1826 3449 1866 seu
3469 1811 3753 1878 rationis;

2102 1906 2264 1968 tunc,
2297 1907 2363 1956 ut
2387 1901 2471 1956 ait
2494 1900 2732 1965 Paulus,
2768 1923 2795 1949 ‹‹
2829 1916 2952 1954 non
2983 1900 3140 1955 inest
3165 1900 3228 1954 in
3250 1899 3422 1954 nobis
3454 1915 3565 1955 nec
3586 1918 3753 1956 mas-

2099 1989 2291 2055 culus,
2334 2005 2444 2044 nec
2471 1988 2715 2043 femina.
2748 2010 2777 2038 »
2808 1988 3114 2044 Recedens
3146 1988 3307 2043 enim
3350 1988 3553 2043 anima
3581 1989 3654 2043 ab
3686 2003 3757 2043 ea

2101 2078 2307 2150 figura,
2341 2094 2459 2149 qua
2489 2076 2851 2133 discernitur
2879 2077 3184 2132 masculus
3205 2082 3266 2131 et
3285 2075 3527 2144 femina,
3553 2076 3757 2132 tradu—

2096 2166 2251 2221 citur
2279 2167 2353 2221 ad
2379 2166 2686 2231 unionem,
2720 2182 2859 2221 cum
2889 2182 2961 2221 ea
2989 2171 3270 2221 neutrum
3303 2166 3397 2221 sit.
3439 2165 3755 2221 Existimat

2095 2263 2295 2311 autem
2323 2255 2421 2311 hic
2453 2256 2538 2310 vir
2566 2255 2890 2327 praeclarus
2916 2255 3070 2327 plus,
3097 2272 3277 2327 quam
3308 2271 3417 2326 par
3437 2255 3534 2321 sit,
3560 2255 3757 2311 Plato-

324 2348 482 2419 nice,
514 2349 799 2417 animam,
832 2364 971 2407 cum
1002 2349 1080 2406 sit
1103 2348 1176 2404 ab
1207 2347 1378 2404 initio
1408 2345 1625 2415 divina,
1681 2346 2005 2419 cupiditate
2035 2344 2459 2412 effeminatam,
2493 2344 2611 2401 huc
2652 2345 2855 2400 venire
2883 2344 2959 2401 ad
2987 2345 3434 2418 generationem
3481 2350 3540 2398 et
3567 2344 3756 2401 inter-

326 2438 500 2497 itum.

1820 2525 2052 2580 CAPUT
2098 2525 2223 2579 XIV
2237 2568 2251 2581 .

1416 2613 1478 2669 II
1504 2613 1629 2670 Cor.
1660 2629 1741 2681 xl,
1789 2613 1844 2682 3,
1883 2619 1937 2668 et
1965 2612 2104 2685 Eph.
2138 2630 2215 2681 ιν,
2256 2614 2347 2677 24,
2377 2614 2645 2682 Eaponit.

394 2715 603 2773 Αὐτίκα
665 2712 904 2790 βιάζεται
961 2713 1056 2768 τὸν
1102 2711 1319 2769 Παῦλον
1368 2712 1428 2767 ἐκ
1475 2718 1577 2783 τῆς
1621 2712 1832 2782 ἀπάτης
1881 2712 1983 2781 τὴν

324 2806 535 2879 γένεσιν
570 2805 879 2860 συνιστάναι
912 2804 988 2877 (5)
1020 2801 1200 2877 λέγειν
1231 2799 1322 2857 διὰ
1348 2801 1577 2858 τούτων’
1632 2826 1659 2855 (ι
1691 2797 1983 2874 Φοϐοῦμαι

326 2891 385 2949 δὲ
418 2894 518 2966 μή,
551 2894 628 2955 ὡς
661 2894 689 2947 6
720 2888 844 2970 ὄφις
876 2893 951 2965 (6)
984 2887 1123 2948 Εὕαν
1150 2888 1510 2961 ἐξηπάτησεν,
1543 2893 1723 2967 φθαρῇ
1752 2889 1820 2945 τὰ
1846 2892 1984 2960 νοή-

327 3004 472 3058 ματα
504 2983 660 3056 ὑμῶν
692 2982 799 3036 ἀπὸ
828 2987 930 3043 τῆς
962 2979 1281 3049 ἁπλότητος
1308 2983 1406 3043 τῆς
1440 2980 1517 3043 εἰς
1546 2981 1638 3035 τὸν
1668 2980 1918 3054 Χριστόν.
1955 3003 1983 3031 υ

343 3070 504 3130 Αλλδι
550 3073 640 3127 καὶ
681 3073 709 3127 6
743 3070 946 3145 Κύριος
1002 3069 1091 3124 ἐπὶ
1141 3069 1209 3124 τὰ
1260 3093 1289 3121 (ι
1320 3068 1717 3140 πεπλανημένα
1756 3093 1785 3121 ›ι
1843 3070 1982 3141 ὁμο-

327 3159 688 3237 λογουμένως
721 3185 749 3213 (ι
780 3159 938 3230 ἧλθε’
971 3184 1001 3213 ››
1026 3159 1426 3232 πεπλανημένα
1456 3157 1515 3215 δὲ
1545 3158 1644 3215 οὐκ
1672 3159 1875 3224 ἄνωθεν
1910 3158 1987 3223 εἷς

322 3252 426 3320 τὴν
487 3249 646 3324 δεῦρο
702 3247 926 3326 γένεσιν,
985 3248 1212 3319 κτίστης
1270 3249 1374 3324 γὰρ
1422 3251 1457 3319 ἡ
1503 3247 1707 3325 γένεσις
1763 3254 1843 3322 (7)
1894 3247 1984 3303 καὶ

2162 2714 2291 2768 ~Jam
2307 2728 2444 2767 vero
2462 2712 2554 2766 vel
2573 2711 2821 2767 invitum
2843 2711 3000 2784 cogit
3017 2711 3270 2767 Paulum
3299 2711 3750 2785 generationem

2094 2818 2165 2857 ex
2196 2800 2547 2872 deceptione
2577 2799 2891 2867 deducere,
2925 2816 3061 2854 cum
3101 2799 3282 2854 dicit:
3337 2824 3356 2849 α
3394 2801 3612 2855 Vereor
3638 2816 3752 2855 au-

2095 2898 2238 2958 tem,
2272 2906 2348 2946 ne
2374 2891 2530 2946 sicut
2558 2906 2805 2962 serpens
2835 2892 3013 2947 Evam
3043 2890 3297 2962 decepit,
3334 2891 3595 2961 corrupti
3629 2891 3752 2945 sint

2097 2997 2311 3037 sensus
2327 2980 2503 3035 vestri
2528 2996 2563 3035 a
2579 2979 2979 3051 simplicitate,
3010 2997 3142 3051 quae
3164 2980 3326 3034 estin
3343 2979 3573 3035 Christo
3595 2979 3692 3050 (a).
3718 2999 3747 3028 ››

2096 3070 2207 3125 Sed
2239 3075 2468 3125 certum
2501 3074 2609 3135 est,
2644 3069 2959 3123 Dominum
3010 3085 3248 3139 quoque
3280 3090 3301 3118 ι
3336 3067 3568 3124 venisse
3605 3094 3625 3116 ι
3673 3067 3749 3123 ad

2096 3176 2185 3221 ea,
2203 3176 2369 3230 «qum
2382 3158 2900 3229 aberraverantw).
2914 3158 3751 3221 nAberraveruntautemmon

2096 3250 2169 3304 ab
2199 3248 2319 3303 alto
2344 3248 2620 3318 repetitia
2639 3247 2865 3319 origine
2887 3248 2948 3301 in
2983 3264 3136 3309 eam,
3162 3264 3294 3318 quas
3316 3246 3414 3301 hic
3438 3252 3545 3305 est.
3569 3263 3748 3318 gene-

316 3339 489 3401 κτίσις
524 3344 623 3394 τοῦ
658 3337 1125 3414 Παντοκράτορος,
1183 3339 1244 3401 ὃς
1303 3338 1405 3394 οὐκ
1460 3336 1523 3393 ἄν
1570 3360 1705 3394 ποτε
1734 3338 1785 3412 ἐξ
1818 3339 1978 3412 ἆμειο

2109 3338 2389 3393 rationem
2421 3342 2534 3402 (est
2562 3337 2721 3391 enim
2745 3337 3046 3409 generatio
3070 3343 3341 3391 creatura
3362 3335 3747 3406 Omnipoten-

314 3427 487 3485 νὸνων
521 3428 600 3492 εἰς
626 3429 695 3483 τὰ
724 3426 900 3503 χείρω
928 3430 1152 3503 κατάγοι
1184 3429 1392 3503 ψυχὴν·
1426 3426 1554 3483 ἀλλ’
1584 3427 1660 3491 εἷς
1696 3427 1824 3491 τοὺς
1873 3450 1972 3485 πε-

315 3517 707 3588 πλανημένους
744 3517 811 3572 τὰ
856 3518 1134 3590 νοήματα,
1194 3516 1270 3579 εἰς
1328 3519 1502 3591 ἡμᾶς,
1535 3518 1563 3573 6
1596 3518 1793 3593 Σωτὴρ
1848 3516 1970 3592 ἀφί-

2091 3429 2187 3497 tis,
2221 3428 2323 3499 qui
2354 3443 2664 3497 nunquam
2692 3443 2762 3481 ex
2795 3426 3142 3482 melioribus
3180 3426 3253 3481 ad
3303 3426 3599 3480 deteriora
3650 3424 3747 3479 de-

2082 3516 2618 3587 duxeritanimam)
2643 3516 2777 3583 ;sed
2799 3516 2872 3572 ad
2895 3533 3016 3583 eos,
3036 3516 3137 3587 qui
3153 3514 3428 3571 sensibus
3451 3532 3555 3570 seu
3578 3513 3744 3587 cogi-

313 3627 462 3664 κετο·
497 3605 531 3662 ἃ
559 3604 627 3674 δὴ
662 3605 721 3661 ἐκ
748 3612 852 3675 τῆς
893 3606 1033 3661 κατά
1077 3606 1174 3667 τὰς
1226 3604 1448 3668 ἐντολὰς
1492 3612 1776 3682 παρακοῆς
1808 3606 1974 3684 ἐφθά-

2109 3607 2406 3664 ationibus
2453 3604 2896 3674 aberraverant,
2938 3606 3013 3661 ad
3067 3622 3199 3672 nos,
3246 3605 3515 3675 inquam,
3580 3603 3743 3659 venit

317 3716 411 3773 ρη,
470 3693 927 3774 φιληδονούντων
979 3698 1165 3769 ἡμῶν
1223 3697 1372 3771 τάχα
1425 3716 1532 3750 που
1587 3690 1968 3772 προλαϐόντος

312 3788 395 3860 (8)
427 3787 589 3859 ἡμῶν
646 3786 739 3841 τὸν
797 3785 985 3861 καιρὸν
1043 3789 1141 3840 τοῦ
1196 3784 1656 3860 πρωτοπλάστου,
1712 3784 1804 3841 καὶ
1860 3786 1969 3860 πρὸ

2081 3699 2383 3763 Servator;
2427 3695 2528 3767 qui
2560 3694 2803 3767 quidem
2836 3712 2908 3751 ex
2947 3700 3151 3751 nostra
3181 3694 3242 3749 in
3276 3694 3589 3766 praeceptis
3610 3694 3739 3749 ino-

2080 3787 2384 3843 bedientia
2412 3785 2676 3857 corrupti
2703 3790 2863 3855 sunt,
2898 3785 3039 3841 dum
3070 3784 3251 3840 nimis
3282 3783 3451 3841 avide
3480 3784 3746 3856 volupta-

412 3910 477 3976 ἄ(
507 3913 570 3967 Ρ.
604 3914 710 3967 554
729 3913 844 3967 ΕΙ).
877 3913 1171 3968 ΡΟΤΤΕΒ.
1194 3913 1440 3967 466467
1470 3912 1583 3967 ΕΙ).
1607 3911 1838 3968 PABIS.
1871 3913 1947 3984 (a)
1975 3913 1981 3967 Ξ

2109 3931 2185 3971 π.
2216 3932 2298 3982 x1,
2326 3917 2378 3972 3.
2428 3914 2512 3988 (ὁ)
2545 3913 2749 3969 Matth.
2782 3928 2943 3981 xvul,
2980 3915 3069 3981 11,
3102 3913 3187 3966 12.

320 4037 396 4098 ὡς
428 4038 500 4112 τῦΔ
520 4030 649 4112 ἔσῳ,
670 4036 769 4112 Δκαὶ
799 4037 871 4112 τὸν
894 4033 1054 4112 ἄρσεν
1097 4036 1232 4109 μετὰ
1278 4042 1380 4112 τῆς
1429 4035 1655 4105 Θηλείας
1680 4033 1975 4112 -οὕτελᾶρ-

321 4128 412 4164 σεο
438 4106 563 4163 οὔτε
594 4107 759 4178 θῆλυ·
794 4133 822 4161 ‹‹
857 4106 1257 4183 Interrogatus
1286 4110 1445 4165 enim
1477 4126 1513 4165 a
1540 4110 1799 4180 quodam
1847 4106 1976 4182 ipse

319 4183 632 4240 Dominus.
677 4182 914 4253 quando
954 4182 1273 4236 venturum
1323 4187 1481 4236 esset
1522 4198 1777 4254 regnum
1820 4184 1973 4254 ejus,

315 4254 503 4309 dixit:
537 4252 820 4309 Cum’duo
855 4259 1030 4309 erunt
1060 4269 1269 4319 unum,
1300 4259 1361 4307 et
1379 4252 1540 4324 quod
1563 4252 1708 4307 foris
1725 4260 1790 4309 ut
1815 4252 1977 4324 quod

315 4325 500 4387 intus.
527 4326 932 4381 etmasculum
955 4342 1090 4379 cum
1112 4325 1359 4392 femina,
1379 4340 1574 4396 neque
1604 4341 1755 4388 mas,
1778 4340 1974 4396 neque

313 4397 562 4453 femina.
598 4420 626 4447 ››
660 4397 766 4453 Ubi
800 4396 1127 4452 Cotelerius
1158 4396 1284 4451 haec
1340 4395 1621 4451 adnotat:
1682 4419 1711 4447 ‹‹
1744 4395 1976 4452 Similia

318 4469 642 4542 Egyptiaci
700 4469 1000 4542 Evangelii
1034 4468 1296 4524 citantur
1354 4483 1423 4523 ac
1482 4474 1862 4539 exponuntur
1908 4469 1972 4523 in

316 4540 723 4613 Alexandrino
755 4540 1103 4613 presbytero
1142 4556 1304 4613 _pag._
1355 4541 1480 4613 445,
1540 4542 1667 4613 452,
1728 4542 1856 4610 453,
1917 4546 1975 4595 et

315 4630 375 4685 p.
409 4615 532 4669 799.
559 4612 672 4685 col.
709 4611 914 4667 {Vide
942 4611 1200 4668 Oracula
1229 4611 1520 4684 Sibyllina
1566 4611 1669 4685 lib_.
1703 4628 1770 4685 ιι,
1800 4629 1852 4669 v.
1888 4616 1976 4685 70,

320 4683 411 4741 ³71.
443 4706 470 4734 ››
505 4684 753 4740 Grabius
781 4685 1069 4755 Spicilegii
1100 4700 1234 4745 saec,
1271 4701 1310 4751 ι,
1339 4683 1399 4755 ρ.
1434 4685 1559 4755 264,
1594 4683 1668 4738 ad
1700 4684 1859 4739 hunc
1889 4684 1981 4739 lo-

318 4773 455 4828 cum
487 4755 788 4828 Evangelii
816 4754 1165 4828 secundumf
1193 4754 1493 4828 Egyptios
1523 4754 1649 4810 haec
1684 4755 1931 4811 adnotat
1965 4772 1978 4810 :

322 4850 351 4900 (ς
372 4827 622 4883 Videtur
642 4827 932 4896 Christus,
951 4827 1094 4883 dum
1112 4827 1281 4900 dixit,
1311 4849 1339 4900 (ς
1364 4843 1610 4900 regnum
1634 4844 1811 4883 suum
1838 4834 1981 4883 tunc

325 4898 475 4969 fore,
505 4916 637 4955 cum
669 4915 799 4954 mas
830 4900 1010 4954 fuerit
1037 4915 1169 4954 cum
1203 4898 1455 4961 femina,
1478 4913 1672 4970 neque
1694 4916 1844 4966 mas,
1876 4916 1980 4955 ne-

330 4988 447 5042 que
474 4971 723 5038 femina,
759 4992 786 5019 ι)
846 4971 905 5025 id
963 4971 1333 5042 insinuasse,
1385 4970 1544 5042 quod
1602 4970 1662 5042 in
1695 4972 1982 5028 canonico

325 5041 640 5116 Evangelio
673 5043 842 5116 Lucan
873 5058 1001 5113 cap.
1035 5044 1252 5116 διδ-35,
1287 5041 1482 5116 claris
1506 5041 1822 5116 vegrbisiab
1854 5042 1982 5113 ipso

326 5112 674 5187 expressum
733 5112 984 5187 legimus
1019 5128 1033 5167 :
1068 5112 1207 5187 λιιι,
1265 5114 1363 5184 qui
1419 5113 1584 5182 digni
1638 5114 1986 5170 habebuntur

320 5185 518 5242 saeculo
548 5186 666 5255 illo,
702 5194 752 5241 et
780 5185 1180 5241 resurrectione
1232 5201 1301 5239 ea:
1322 5256 1331 5257 ί
1355 5188 1610 5249 mortuis,
1670 5201 1846 5257 neque
1874 5204 1985 5242 nu-

324 5258 472 5325 bent,
511 5275 689 5328 neque
741 5258 940 5313 ducent
998 5271 1216 5328 umores.
1268 5256 1707 5312 Abstinentiam
1757 5256 1987 5314 Scilicet

323 5346 357 5385 a
386 5327 684 5402 conjugali
708 5327 1052 5402 concubitu,
1087 5327 1207 5383 sive
1226 5328 1647 5401 virginitatem.
1682 5328 1840 5402 dicto
1871 5330 1985 5385 isto

320 5400 870 5474 propr’gae’intendit
913 5401 1202 5469 Servator,
1237 5422 1265 5450 »
1298 5400 1446 5469 etc.,
1482 5417 1614 5472 quas
1656 5400 1814 5473 apud
1843 5417 1983 5457 auc-

320 5473 518 5529 torem
543 5473 731 5529 videri
766 5478 1069 5529 poterunt.

397 5549 475 5614 (2)
504 5543 640 5602 Οὐκ.
678 5536 883 5615 Galat._
917 5561 1006 5612 ιιι,
1026 5612 1037 5615 _
1058 5546 1130 5599 28
1157 5560 1169 5600 :
1212 5540 1328 5615 Οὐκ
1352 5536 1429 5615 ἔνι
1488 5541 1645 5615 ἄρσεν
1675 5542 1764 5598 καὶ
1818 5541 1981 5614 θῆλυ·

317 5612 514 5678 πάντες
545 5616 838 5691 γὰρὺμεῖς
869 5613 989 5670 ἔστε
1022 5612 1075 5691 ἐν
1110 5614 1335 5691 Χριστῷ
1355 5612 1560 5685 Ἰησοῦ.

391 5691 470 5762 (3)
501 5688 695 5765 Ψυχή.
722 5688 1006 5745 Clemens
1039 5688 1216 5759 infra,
1251 5690 1456 5744 Strom.
1508 5706 1582 5757 ιν,
1613 5707 1671 5761 p.
1699 5691 1825 5759 506,
1859 5691 1987 5762 507,

596 5809 859 5868 PATROL.
909 5807 1021 5867 Gn.
1066 5804 1232 5868 V111.

2091 4040 2229 4095 edit.
2263 4040 2451 4096 Paris.
2480 4057 2493 4094 :
2538 4035 2717 4094 Ἀλλὰ
2752 4042 2834 4109 τῷ
2892 4031 3185 4109 Βασιλλείδῃ
3217 4037 3252 4104 ἡ

2167 4112 2437 4191 ρτήσασάν
2469 4129 2606 4191 φησι
2661 4111 2762 4191 τὴν
2780 4106 3002 4188 ..ψυχήν
3030 4106 3494 4191 κὲνίὲτίρῳηβίῳ,
3521 4106 3621 4191 τῂν
3649 4106 3743 4162 κό-

2125 4177 2266 4236 ασιν’
2308 4177 2598 4254 ὑπομένειν
2657 4177 2899 4243 ἐνταῦθα*
2963 4203 2991 4230 (ι
3028 4181 3140 4236 Sed
3200 4177 3749 4254 BaSilidzn_‘dog_ma

2088 4256 2228 4311 dicti
2261 4250 2525 4311 animam
2550 4297 2564 4321 ,
2598 4271 2728 4326 qum
2781 4253 2946 4325 prius
2977 4257 3324 4324 peccaverat
3351 4252 3414 4306 in
3453 4250 3573 4310 alia
3600 4250 3742 4323 vita,

3288 4033 3540 4108 ὑπᾴθεσις
3569 4053 3741 4108 προα-

2085 4327 2181 4382 hic
2213 4327 2584 4399 supplicium,
2606 4325 2747 4398 pati.
2782 4347 2810 4376 »

2260 4393 2767 4482 illlajwvmqﬁspov‘
2789 4440 2802 4453 .
2864 4396 3600 4482 ΊξὴΘ-ρξίρΐθιιιεὴθεραπευτ
3635 4433 3662 4482 ,1
3682 4393 3741 4460 ε’,
3813 4423 3839 4442 ι.

2085 4463 2285 4544 ρ.’544ς
2316 4515 2329 4527 .
2366 4463 2689 4544 Πυᾼθαγὸραξς
2722 4465 2780 4544 δὲ
2826 4467 2916 4520 καὶ
2970 4466 3207 4544 Πλᾴτωνι
3255 4463 3432 4544 δῆμόν
3489 4484 3609 4544 τίνα
3639 4465 3743 4544 ψυς

2010 4532 2205 4645 Πὶῶν
2265 4532 2897 4615 ἀσωμάτοίνέἶσάγουσι
2933 4580 2949 4603 ,
3006 4538 3095 4594 καὶ
3152 4537 3248 4599 τὰς
3307 4532 3580 4612 ἆμαρτάδι
3632 4532 3741 4590 τινὶ

2088 4619 2504 4667 περιπεσούσας.
2536 4611 2806 4667 τιμωρίας
2858 4610 3023 4667 γάοιν
3054 4609 3131 4667 εἷς
3181 4610 3411 4667 σώματα
3457 4608 3741 4667 καταπέμ-

2132 4608 2504 4686 εριπεσουσας,
2536 4608 2806 4686 τιμωρίας
2858 4610 3023 4686 ’χάριν
3054 4609 3131 4670 εἷς
3181 4608 3742 4686 σώματ-α-’καταπὲμο

2088 4682 2279 4764 greeae:
2312 4684 2561 4764 λέγουσι.
2599 4682 2627 4736 ξι
2656 4682 3018 4764 Pythagoras
3047 4688 3247 4738 autem
3268 4699 3336 4738 ac
3367 4682 3533 4764 Plato
3554 4698 3745 4764 popu-

2090 4758 2213 4813 lum
2238 4754 2556 4829 quemdam
2580 4754 2915 4813 animaruin
2937 4771 3185 4829 corpore
3205 4754 3745 4829 carentiumintro:

2091 4823 2343 4912 ducunt,
2373 4836 2965 4912 easque._postquam
3002 4823 3078 4912 in
3136 4832 3443 4912 peccatum
3503 4823 3746 4912 aliquod

2091 4901 2434 4974 inciderint,
2465 4896 2743 4974 supplicii
2774 4896 2955 4956 causa
2985 4896 3193 4955 dicunt
3221 4899 3284 4954 in
3333 4913 3583 4970 corpora
3611 4896 3744 4951 des-

2093 4973 2294 5029 tinari.
2320 4995 2349 5023 »

2167 5045 2241 5117 (5)
2275 5041 2613 5101 Συνιστάναι.
2645 5042 2885 5117 Rectius
2914 5043 3285 5115 praeteritum
3315 5039 3464 5112 perf.
3497 5035 3749 5091 συνεστί-

2093 5136 2203 5181 ναι,
2226 5116 2267 5166 ν‹‹
2296 5122 2590 5173 constare.
2624 5139 2653 5166 »
2684 5116 2956 5171 SYLBURC.

2166 5175 2239 5259 (6)
2273 5188 2385 5263 Mf),
2421 5187 2496 5249 ὡς
2528 5189 2556 5242 6
2589 5208 2680 5263 οφ.
2732 5189 2967 5263 Μηπως,
3000 5185 3074 5263 ὡς
3106 5185 3134 5239 6
3167 5179 3292 5263 63¢:
3348 5175 3489 5263 Εῦαν
3516 5175 3746 5263 ’ἐξηπά-

2091 5251 2255 5335 τησέξι
2310 5251 2383 5314 ἐν’
2417 5263 2486 5334 τῇ
2545 5251 2853 5335 πανουργίᾳ
2911 5258 3110 5323 αὑτοῦ,
3164 5255 3307 5309 οὕτω
3359 5262 3450 5330 φθ.
3507 5252 3567 5307 Π
3620 5251 3745 5307 Cor.

2096 5350 2174 5388 xx.
2210 5334 2261 5388 5.

2161 5375 2506 5481 (7.).Κτίστης
2558 5404 2662 5479 γὰρ
2760 5423 2812 5478 γ.
2966 5399 3152 5481 κειστῂ
3195 5394 3298 5470 γὰρ
3329 5395 3364 5463 ἡ
3397 5391 3626 5481 γένεσις,
3664 5397 3753 5481 ‘11}

2095 5464 2250 5549 infra
2281 5492 2337 5549 p_.
2397 5464 2522 5539 202,
2572 5464 2916 5549 inedi-c.7519
2975 5473 3004 5526 6
3058 5464 3288 5541 κόσμος,
3345 5464 3537 5534 κτίστὴ
3591 5464 3681 5519 καὶ
3712 5464 3749 5533 ἠ

2097 5546 2687 5621 εὐνουχίαηδγριβυιιρ.
2742 5546 2843 5621 ψξ
2889 5546 2897 5549 ⁷
3027 5615 3039 5621 _
3129 5613 3139 5621 _
3192 5612 3203 5621 _
3454 5612 3545 5621 in
3656 5606 3696 5621 υ

2168 5620 2241 5705 (8)
2265 5606 2680 5705 Ἦρολαϐὁντος.
2741 5615 2849 5671 Vid
2878 5660 2890 5673 .
2952 5612 3314 5687 principium
3352 5628 3412 5684 p.
3444 5612 3551 5666 470
3605 5606 3749 5666 edit.

2102 5692 2289 5749 Paris.
2315 5693 2539 5748 Lowrn.

3386 5805 3466 5863 38
