4144 6404
442 336 466 388 1
479 331 581 388 195
1676 329 2087 387 CLEMENTIS

2164 330 2622 388 .LEXANDRINI
3725 333 3868 393 1196

438 462 559 515 tem
590 471 1119 531 persequeremur;
1153 470 1287 510 cum
1318 454 1524 525 utique
1551 455 1956 526 protoplastus
1985 471 2087 510 no-

2200 450 2347 527 ὥρας
2375 460 2475 524 τῆς
2500 451 2599 510 τοῦ
2630 452 2812 531 γάμου
2845 454 3073 532 χάριτος
3119 455 3443 533 ὀρεχθιντος
3489 457 3583 514 καὶ
3627 454 3863 534 διαμαρ-

440 553 563 604 ster
595 555 827 620 tempus
858 546 1262 618 praevenisset,
1297 551 1355 599 et
1382 551 1519 600 ante
1560 546 1825 599 debitum
1859 551 2092 617 tempus

2196 542 2407 608 τόντοςο
2453 545 2536 600 ὅτι
2593 568 2620 599 σ
2651 548 2761 608 ΙΙᾶς
2794 547 2823 601 6
2860 546 3081 621 βλέπων
3112 552 3341 622 γυναῖκα
3381 547 3521 624 πρὸς
3565 548 3629 604 τὸ
3672 547 3864 614 ἐπιθυ-

2202 635 2371 705 μῆσαι
2422 638 2495 707 (9)
2550 632 2661 705 ἤδη
2718 635 3041 711 ἐμοίχευσεν
3099 636 3293 706 αὐτὴν,
3326 661 3355 689 ››
3410 637 3513 693 οὐκ
3566 637 3865 711 ἀναμεῖνας

437 727 597 783 niam
614 749 642 778 «
659 726 1001 797 quicunque
1019 725 1233 795 aspicit
1250 724 1564 779 mulierem
1580 724 1653 780 ad
1668 724 2092 795 concupiscen-

2195 722 2288 775 τὸν
2347 722 2535 796 καιρὸν
2600 722 2937 797 θελήματος.
2997 725 3059 782 Ὁ
3113 725 3276 787 αὐτὸς
3338 725 3429 780 οὗν
3460 726 3530 796 ἦν
3572 726 3864 804 ὁΚύριος,

435 815 575 871 dum
595 832 748 881 eam,
763 816 889 887 jam
908 814 1237 869 mmchatus
1253 820 1341 868 est
1365 830 1497 868 eam
1523 815 1619 884 ια),
1642 836 1670 862 ››
1686 821 1751 868 ut
1767 814 1867 885 qui
1890 812 2092 869 volun-

2195 812 2283 866 καὶ
2314 810 2441 866 τότε
2500 812 2699 887 κρίνων
2756 814 2856 881 τήν
2907 809 3301 889 προλαϐοῦσαν
3359 816 3452 871 τὸν
3506 816 3686 891 γάμον
3747 820 3862 891 (10)

433 907 572 961 tatis
605 910 838 975 tempus
867 920 988 959 non
1042 903 1486 974 exspectaverit.
1534 905 1589 958 Is
1621 904 1746 974 ipse
1778 920 1915 974 ergo
1968 907 2092 957 erat

2196 898 2511 972 ἐπιθυμίαν.
2550 904 2716 960 Ὅταν
2776 900 2868 957 οὖν
2929 905 2958 958 6
2990 901 3333 967 Ἀπόστολος
3392 903 3544 979 εἴπῃ·
3607 929 3639 957 ιι
3672 904 3863 962 Ἐνδόε-

432 995 740 1060 Dominus,
776 994 877 1065 qui
913 1000 1053 1048 tunc
1075 1009 1313 1063 quoque
1336 991 1660 1047 damnabat
1676 992 2087 1063 cupiditatem,

2196 991 2357 1045 σασθε
2402 991 2494 1045 τὸν
2553 991 2740 1046 καινὸν
2802 994 3111 1066 ἄνθρωπον,
3151 994 3248 1049 τὸν
3295 995 3436 1049 κατά
3483 994 3610 1050 Θεὸν
3668 996 3861 1065 κτιζό-

431 1101 563 1156 qua;
604 1084 891 1156 praevenit
919 1082 1390 1138 matrimonium.
1426 1084 1571 1137 Cum
1606 1098 1742 1153 ergo
1772 1081 1916 1136 dicit
1940 1084 2092 1152 Apo-

2198 1100 2355 1152 μενον
2380 1084 2512 1153 (11),
2535 1104 2563 1132 ››
2587 1084 2723 1153 ἡμῖν
2751 1079 2919 1157 λέγει,
2939 1089 3059 1146 τοῖς
3086 1080 3495 1156 πεπλασμένοις
3516 1084 3621 1140 ὑπὸ
3640 1091 3743 1154 τῆς
3755 1089 3859 1141 τοῦ

429 1173 652 1230 stolus:
682 1196 709 1223 ‹‹
744 1173 977 1228 lnduite
1010 1189 1226 1227 novum
1262 1172 1590 1233 hominem.
1624 1172 1725 1242 qui
1758 1170 2088 1226 secundum

2196 1172 2641 1246 Παντοκράτορος
2665 1170 2989 1246 βουλήσεως
3012 1172 3088 1237 ὡς
3107 1174 3490 1247 πεπλάσμεθα.
3515 1198 3544 1227 ιι
3562 1172 3807 1229 Παλαιὸν
3824 1197 3857 1227 »

428 1264 612 1319 Deum
646 1268 884 1318 creatur
903 1264 1001 1329 (b),
1038 1284 1066 1311 ››
1090 1261 1263 1316 nobis
1288 1261 1450 1328 dicit,
1477 1261 1576 1331 qui
1600 1260 1673 1316 ab
1698 1260 2089 1331 Omnipoten-

2194 1253 2272 1324 δὲ,
2307 1257 2373 1312 οὐ
2395 1259 2531 1331 πρὸς
2558 1262 2765 1335 γὲνεσιν
2797 1261 2886 1315 καὶ
2921 1260 3274 1337 ἀναγέννησίν
3305 1283 3495 1337 φησιν,
3525 1261 3674 1319 ἀλλὰ
3713 1262 3859 1338 πρὸς

428 1353 506 1409 tis
556 1353 860 1409 voluntate
912 1352 1092 1407 efﬁcti
1143 1368 1371 1417 sumus,
1425 1351 1579 1406 sicut
1627 1366 1834 1406 sumus
1882 1350 2083 1405 efficti.

2192 1345 2283 1400 τὸν
2316 1345 2436 1421 βίον
2464 1347 2559 1403 τόν
2586 1368 2645 1403 τε
2670 1346 2724 1403 ἐν
2756 1352 3036 1424 παρακοῇ,
3065 1351 3160 1405 τόν
3187 1371 3247 1407 τε
3294 1349 3349 1406 ἐν
3400 1351 3642 1426 ὑπακοῇ.
3695 1374 3724 1404 ιι
3754 1352 3856 1409 Χι-

425 1465 455 1495 ιι
478 1444 751 1498 Veterem
787 1466 808 1495 ι
842 1448 1042 1498 autem
1079 1440 1246 1507 dixit,
1276 1456 1396 1495 non
1428 1440 1759 1511 respiciens
1793 1440 1867 1495 ad
1896 1455 2085 1512 gene-

2187 1438 2362 1497 τῶνας
2423 1438 2537 1510 (12)
2568 1460 2599 1490 ››
2655 1435 2713 1493 δὲ
2759 1462 2789 1490 ιι
2824 1437 3178 1514 δερματίνους
3213 1464 3242 1493 ››
3301 1442 3523 1516 ἡγεῖται
3553 1441 3582 1495 ὁ
3614 1446 3858 1498 Κασσια-

421 1532 716 1589 rationem
756 1537 814 1588 et
861 1530 1399 1603 regenerationem,
1453 1530 1557 1586 sed
1604 1529 1681 1585 ad
1729 1529 1908 1584 vitam
1958 1529 2084 1584 ino-

2189 1524 2281 1586 νὸς
2312 1526 2525 1597 (13)τὰ
2554 1528 2804 1600 σώματα,
2838 1529 2961 1604 περὶ
2996 1526 3069 1583 ὧν
3104 1528 3326 1605 ὕστερον
3376 1530 3469 1586 καὶ
3514 1534 3709 1586 τοῦτον
3759 1531 3852 1587 καὶ

422 1622 739 1679 bedientize
760 1627 819 1677 et
837 1621 1212 1677 obedientiae.
1242 1643 1263 1669 ιι
1289 1619 1578 1675 Pelliceas
1601 1641 1629 1669 »ι
1652 1624 1852 1675 autem
1879 1640 1905 1667 ιι
1928 1619 2083 1673 tuni-

2186 1613 2316 1676 τοὺς
2375 1614 2586 1688 ὁμοίως
2644 1617 2799 1689 αὐτῷ
2855 1614 3335 1694 δογματίζοντας,
3389 1617 3854 1694 πεπλανημένους

423 1728 527 1769 cas
548 1712 616 1786 (c)
641 1734 669 1762 »
702 1711 1005 1767 existimat
1032 1710 1352 1765 Cassianus
1391 1726 1521 1765 esse
1552 1724 1837 1781 corpora:
1870 1708 1931 1762 in
1964 1724 2081 1779 quo

2190 1701 2576 1776 ἀποδείξομεν,
2604 1707 2731 1761 ὅταν
2781 1707 2908 1783 περὶ
2958 1715 3060 1779 τῆς
3106 1709 3397 1787 ἀνθρώπου
3443 1710 3703 1787 γενέσεως
3746 1710 3851 1779 τὴν

419 1807 628 1876 postea
657 1809 717 1857 et
748 1817 907 1868 eum,
940 1806 997 1855 et
1030 1800 1131 1870 qui
1159 1799 1317 1855 idem
1342 1815 1478 1854 cum
1502 1815 1572 1853 eo
1594 1799 1883 1865 sentiunt,
1916 1797 2082 1852 aber-

2187 1789 2770 1897 lﬁynctv'hnppévwc
2818 1803 2936 1861 τοῖς
2984 1796 3370 1875 προλεχθῆναι
3419 1796 3724 1873 δεομένοις,
3752 1821 3853 1874 με·

419 1907 585 1948 rasse
616 1890 1021 1955 ostendemus,
1057 1904 1190 1943 cum
1222 1888 1295 1942 de
1318 1893 1450 1942 ortu
1472 1887 1755 1950 hominis,
1781 1887 1853 1943 iis
1869 1903 2077 1942 conse-

2188 1882 2617 1956 ταχειριζόμεθα
2674 1887 2805 1959 (14)·
2873 1909 2904 1940 ιι
2966 1886 3166 1959 Ἐπεὶ,
3225 1890 3413 1966 φησὶν,
3473 1890 3526 1944 οἱ
3582 1889 3687 1945 ὑπὸ
3740 1892 3856 1945 τῶν

2187 1969 2394 2046 γηΐνων
2457 1972 2878 2048 βασιλευόμενοι
2933 1975 3025 2031 καὶ
3086 1983 3363 2053 γεννῶσι,
3415 1978 3507 2035 καὶ
3562 1983 3848 2055 γεννῶταν

418 2071 800 2145 positionem.
834 2091 861 2118 «ι
897 2068 1206 2134 Quoniam,
1242 2067 1460 2138 inquit,
1496 2068 1596 2138 qui
1628 2084 1662 2123 a
1707 2064 1961 2121 terrenis
1990 2080 2078 2120 re-

2184 2060 2376 2133 Ἢμῶν
2435 2059 2493 2117 δὲ
2536 2064 2599 2119 τὸ
2655 2063 2968 2139 πολίτευμα
3024 2065 3077 2122 ἰν
3136 2067 3351 2143 οὐρανῷ
3406 2071 3541 2142 (15),
3576 2068 3630 2140 ἐξ
3661 2066 3724 2124 οὗ
3754 2069 3847 2125 καὶ

414 2167 656 2234 guntur,
691 2166 749 2216 et
795 2165 1102 2233 generant,
1130 2163 1189 2213 et
1213 2163 1615 2231 generantur:
1651 2160 1848 2213 Nostra
1892 2163 2076 2211 autem

2189 2154 2424 2226 Σωτῆρα
2469 2150 2911 2229 ἀπεκδεχόμεθα’
2948 2178 2977 2207 ››
3035 2154 3230 2220 Καλῶς
3289 2155 3385 2212 οὖν
3444 2157 3697 2234 εἰρῆσθαι
3755 2159 3850 2214 καὶ

417 2252 762 2307 οοηυειεατίο
819 2256 895 2304 est
947 2251 1007 2303 in
1061 2249 1212 2313 caelo,
1257 2265 1325 2301 ea:
1371 2264 1480 2317 quo
1525 2249 1688 2301 etiam
1736 2246 2076 2301 Salvatorem

2182 2244 2350 2295 ταῦτα
2405 2238 2561 2315 ἴσμεν
2616 2245 2820 2316 ἡμεῖς’
2883 2243 3001 2299 ἐπεὶ
3055 2247 3129 2309 ὡς
3189 2246 3331 2317 ξὲνοι
3383 2246 3472 2302 καὶ
3531 2244 3843 2322 παρεπιδηο

414 2347 789 2411 exspectamus
809 2340 910 2411 (ἀ).
948 2361 975 2389 ›)
1001 2340 1179 2393 Recte
1211 2353 1347 2409 ergo
1371 2354 1481 2391 nos
1512 2337 1638 2391 ιιωο
1657 2350 1894 2405 quoque
1917 2333 2075 2388 dicta

2187 2333 2413 2401 μοῦντες
2438 2333 2550 2404 (16)
2581 2332 2966 2389 πολιτεύεσθαι
2991 2334 3308 2412 ὀφείλομεν
3338 2338 3391 2391 οἱ
3413 2338 3848 2411 γαμοῦντεςῌἸ)

415 2447 544 2486 esse
577 2430 822 2489 scimus.
852 2428 1135 2499 quoniam
1167 2432 1233 2480 ut
1262 2426 1527 2497 hospites
1560 2431 1618 2479 et
1642 2424 1879 2479 advena:
1903 2438 2072 2494 pere-

2182 2420 2257 2483 ὡς
2282 2421 2356 2492 μή
2375 2425 2694 2495 γαμοῦντεςο
2719 2424 2772 2477 οἱ
2792 2425 3090 2497 κτώμενοι,
3119 2425 3194 2489 ὡς
3219 2426 3296 2499 μὴ
3319 2427 3615 2500 κτώμενοι⁸
3641 2428 3696 2481 οἱ
3720 2447 3845 2481 παι-

414 2520 722 2593 grinantes
754 2517 1041 2573 debemus
1080 2517 1259 2571 vitam
1306 2515 1619 2570 instituere
1646 2531 1658 2581 ;
1691 2513 1790 2584 qui
1823 2528 2071 2568 uxorem

2181 2506 2550 2581 δοποιοῦντες,
2583 2512 2658 2574 ὡς
2685 2513 2917 2583 θνητοὺς
2946 2519 3262 2591 γεννῶντες,
3297 2516 3373 2578 ὡς
3423 2514 3845 2591 κατελείψοντες

410 2607 657 2671 habent,
688 2612 754 2662 ut
783 2624 904 2662 non
938 2605 1266 2671 habentes;
1314 2604 1414 2675 qui
1464 2602 1793 2675 possident,
1844 2607 1912 2657 ut
1948 2617 2070 2656 non

2177 2599 2246 2654 τὰ
2271 2601 2529 2673 κτήματα
2563 2644 2577 2671 ,
2609 2600 2685 2663 ὡς
2724 2600 2815 2657 καί
2844 2600 2970 2658 ἄνευ
3026 2604 3287 2679 γυναικὸς
3348 2605 3712 2681 βιωσόμενοι,
3744 2605 3836 2661 ἰὰν

410 2695 788 2769 possidentes
816 2713 830 2761 ;
853 2696 954 2766 qui
975 2694 1197 2750 liberos
1224 2699 1565 2765 procreant,
1601 2698 1668 2748 ut
1684 2690 1969 2748 mortales
1991 2690 2068 2763 gi-

2180 2685 2291 2763 δὲῃ·
2321 2688 2382 2744 οὐ
2430 2691 2758 2765 προσπάθῶς
2798 2690 2869 2766 τῇ
2921 2695 3112 2764 κτήσει
3161 2692 3466 2769 χρώμενοι,
3509 2696 3626 2768 μετ’
3672 2693 3844 2771 εὐχα-

410 2791 683 2861 gnentes,
716 2791 782 2841 ut
812 2783 1079 2840 relicturi
1118 2784 1549 2855 possessiones,
1601 2788 1666 2837 ut
1710 2781 1891 2837 etiam
1936 2780 2066 2836 sine

2178 2777 2386 2854 ριστίας
2418 2777 2465 2833 δ’
2497 2780 2709 2850 ἁπάσης
2738 2781 2874 2855 (18),
2905 2781 2996 2837 καὶ
3030 2781 3592 2862 μεγαλοφρονοῦντες.

408 2891 591 2931 uxore
623 2875 854 2939 victuri,
884 2874 932 2930 si
966 2890 1116 2946 opus
1147 2873 1260 2940 sit;
1292 2888 1415 2928 non
1448 2889 1584 2929 cum
1617 2870 1937 2927 immodico
1970 2869 2186 2925 aﬂ‘ectu
2214 2871 2594 2943 possessione
2623 2877 2880 2942 utentes,
2914 2873 3020 2930 sed
3048 2890 3185 2930 cum
3225 2875 3551 2948 gratiarum
3579 2875 3840 2943 actione,

410 2969 469 3021 et
497 2964 698 3021 animo
721 2964 977 3022 excelso.

437 637 805 693 matrimonii
826 636 1079 708 gratiam
1105 634 1452 706 appetiisset
1472 639 1531 688 et
1551 634 1890 690 aberrasset
1913 651 1925 689 :
1951 650 2092 705 quo-

420 1986 694 2053 quenter,
729 1996 861 2048 qua)
884 1978 1049 2051 prius
1081 1977 1335 2032 dicenda
1353 1983 1516 2043 sunt,
1550 1976 1965 2049 aggrediemur
1986 1992 2079 2031 ex-

1928 3058 2164 3115 CAPUT
2200 3059 2318 3114 XV.

1293 3161 1326 3216 Ι
1351 3161 1472 3219 Cor.
1504 3176 1601 3227 vn,
1631 3162 1656 3214 1
1682 3175 1696 3227 ;
1736 3161 1868 3215 Luc.
1900 3175 2015 3226 xiv,
2044 3157 2154 3227 26;
2183 3159 2291 3214 Isa.
2323 3175 2432 3227 LVI,
2466 3161 2520 3227 2,
2555 3160 2608 3227 3,
2640 3159 2931 3231 explicat”

478 3278 550 3334 Et
568 3293 775 3334 rursus
807 3293 943 3333 cum
974 3275 1153 3331 dicit:
1188 3298 1215 3325 «
1249 3276 1478 3330 Bonum
1510 3280 1600 3330 est
1641 3274 1869 3331 homini
1912 3290 2055 3330 uxo-

2248 3271 2415 3335 Αὖθίς
2456 3292 2536 3342 τε,
2598 3271 2725 3329 ὅταν
2785 3277 2883 3350 φῇ·
2945 3298 2974 3327 ιι
3009 3275 3192 3331 Καλὸν
3253 3274 3527 3351 ἀνθρώπῳ
3581 3276 3843 3354 γυναικὸς

403 3384 533 3424 rem
559 3384 682 3424 non
714 3373 975 3440 tangere,
1011 3365 1113 3421 sed
1147 3371 1390 3437 propter
1422 3364 1853 3421 fornicationes
1879 3380 2065 3420 unus-

2181 3362 2257 3434 μὴ
2292 3362 2573 3418 ἅπτεσθαι·
2625 3360 2715 3418 διὰ
2756 3360 2815 3418 δὶ
2866 3364 2965 3427 τὰς
2995 3365 3251 3442 πορνείας
3297 3362 3523 3431 ἕκαστος
3571 3368 3671 3437 τὴν
3707 3369 3839 3424 ἑαυ-

408 3459 660 3530 quisque
694 3474 860 3514 suam
890 3472 1137 3512 uxorem
1169 3455 1386 3511 habeat
1409 3455 1473 3528 (ε)
1498 3474 1511 3523 ;
1545 3478 1565 3504 ι
1593 3455 1654 3509 id
1678 3454 1856 3510 veluti
1879 3471 2061 3526 expo—

2174 3454 2274 3505 τοῦ
2328 3457 2557 3528 γυναῖκα
2610 3450 2807 3528 ἐχέτω·
2869 3476 2897 3505 ››
2957 3455 3073 3509 οἷον
3132 3452 3567 3533 ἓπεξηγοόμενος
3595 3502 3610 3528 ,
3667 3456 3841 3514 πάλιν

403 3565 579 3617 nens,
600 3565 805 3603 rursus
824 3545 1000 3601 dicit:
1023 3569 1049 3596 ι(
1074 3548 1153 3601 Ne
1172 3563 1272 3600 vos
1294 3550 1486 3599 tentet
1501 3546 1746 3600 Satanas
1762 3547 1855 3614 (Γ).
1881 3566 1908 3595 ››
1933 3546 2059 3599 Non

2169 3538 2344 3617 λέγει·
2410 3565 2438 3593 ιι
2471 3543 2588 3597 Ἵνα
2649 3542 2726 3615 μὴ
2787 3544 3021 3619 πειράζῃ
3085 3544 3228 3619 ὑμᾶς
3286 3547 3315 3601 6
3372 3550 3634 3611 Σατανᾶς.
3669 3569 3699 3599 ›)
3753 3549 3837 3605 Οὐ

407 3638 569 3693 enim
593 3637 688 3705 iis,
714 3635 815 3708 qui
837 3635 1217 3690 continenter
1237 3639 1487 3689 utuntur
1506 3634 1890 3689 matrimonio
1913 3649 2058 3704 pro-

2165 3630 2267 3704 γὰρ
2297 3634 2416 3693 τοῖς
2461 3628 2734 3706 ἐγκρατῶς
2789 3634 3107 3707 χρωμένοις
3135 3638 3216 3708 τῷ
3270 3635 3433 3710 γάμῳ
3488 3635 3577 3691 ἐπὶ
3635 3633 3835 3692 παιδο-

404 3732 538 3800 pter
552 3726 739 3781 solam
756 3725 1077 3779 liberorum
1091 3724 1153 3787 >14
1165 3723 1636 3796 procreationem
1648 3767 1660 3791 ,
1681 3723 1843 3790 dicit,
1870 3744 1896 3771 υ
1920 3739 2025 3794 pro
2037 3753 2059 3764 -

2171 3720 2328 3791 ποιίᾳ
2364 3720 2499 3795 μόνῃ
2520 3765 2536 3791 ,
2569 3745 2597 3774 ‹‹
2624 3718 2714 3777 διὰ
2742 3723 2840 3792 τὴν
2871 3722 3128 3801 ἀκρασίαν
3164 3769 3178 3795 ,
3213 3748 3240 3778 ››
3301 3724 3461 3805 φησὶν
3490 3770 3504 3794 ,
3538 3725 3687 3783 ἀλλὰ
3713 3732 3835 3791 τοῖς

402 3822 537 3888 pter
560 3815 1103 3886 intemperantiam:
1122 3837 1148 3864 »
1172 3812 1277 3868 sed
1300 3812 1503 3883 iis.qui
1530 3813 1710 3867 tinem
1737 3812 2061 3867 liberorum

2169 3810 2259 3865 καὶ
2287 3830 2425 3885 περα
2454 3808 2806 3875 παιδοποιίας
2837 3807 3147 3889 προϐαίνειν
3202 3812 3579 3889 ἐπιθυμοῦσιν
3634 3817 3711 3879 ὡς
3754 3817 3834 3890 μὴ

400 3905 831 3978 procreationis
845 3903 1095 3976 cupiunt
1107 3903 1678 3970 transilirezne,cum
1697 3902 1947 3957 nimium
1962 3918 2063 3957 an-

2169 3896 2315 3955 πολὺ
2348 3899 2630 3963 ἐπινεύσας
2663 3901 2691 3956 6
2724 3898 2794 3955 δι’
2826 3899 3061 3966 ἐναντίας
3097 3945 3112 3970 ,
3172 3903 3453 3981 ἑκκυμὴνῃ
3494 3907 3595 3975 τήν
3657 3902 3833 3978 ὄρεξιν

399 3995 600 4051 nuerit
629 4002 836 4051 noster
860 3993 1258 4060 adversarius,
1282 3995 1499 4049 excitet
1528 3993 1956 4066 appetitionem
1986 3991 2060 4047 ad

2171 3989 2252 4052 εἷς
2286 3988 2587 4065 ἀλλοτρίας
2616 3988 2846 4059 ἡδονάς.
2879 3993 3039 4069 Τάχα
3072 3990 3130 4048 δὲ
3161 3992 3248 4048 ἐπὶ
3279 3998 3391 4068 (19)
3441 4000 3557 4057 τοῖς
3606 3993 3835 4060 δικαίως

395 4086 623 4143 alienas
642 4086 992 4157 voluptates.
1010 4086 1280 4140 Fortasse
1304 4090 1505 4140 autem
1528 4083 1813 4156 quoniam
1836 4083 1931 4148 iis,
1956 4082 2060 4154 qui

386 4176 551 4248 juste
564 4176 1014 4245 vivunt,resistit
1029 4181 1272 4248 prOpter
1285 4175 1755 4236 aimulationem,
1782 4179 1842 4229 et
1861 4173 2060 4229 adver-

395 4283 496 4323 sus
510 4284 611 4323 eos
623 4265 932 4324 contendit
943 4265 1148 4321 volens
1167 4283 1268 4322 eos
1282 4265 1356 4321 ad
1375 4282 1514 4321 suos
1530 4264 1771 4320 ordines
1788 4261 2057 4319 traduce-

2172 4080 2381 4157 βιοῦσιν
2412 4079 2722 4137 ἀνθίσταται
2758 4077 2848 4136 διὰ
2876 4081 3047 4153 ζῆλον
3090 4084 3180 4138 καί
3214 4083 3658 4159 ἀντιφιλονεικεῖ,
3694 4085 3834 4141 ὑπά-

2165 4170 2349 4248 γεσθαι
2375 4169 2602 4234 τούτους
2646 4175 2726 4243 τῷ
2755 4171 2948 4227 ἑαυτοῦ
2990 4174 3231 4248 τάγματι
3262 4170 3628 4249 βουλόμενος,
3659 4173 3832 4253 ἄφορα

2170 4259 2273 4333 μὰς
2302 4256 2376 4315 δι’
2405 4259 2715 4337 ἐγκρατείας
2760 4258 3024 4316 ἐπιπόνου
3070 4260 3332 4338 παρέχειν
3360 4263 3580 4327 τούτοις
3630 4262 3832 4340 βούλε-

460 4415 606 4480 ›ι‹Ρ.
649 4414 750 4468 555
798 4414 911 4469 El).
944 4412 1243 4485 POTTER,
1290 4412 1534 4465 467-468
1566 4411 1678 4485 El).
1718 4408 1954 4485 ranis.
1984 4387 1989 4393 ’
2015 4406 2091 4481 (α)

2164 4407 2333 4465 [atth.
2388 4425 2440 4477 v,
2501 4410 2589 4466 28.
2649 4409 2971 4482 (b)Ephes.
3023 4428 3096 4484 iv,
3131 4415 3219 4471 24.
3255 4415 3326 4485 (ο)
3386 4414 3529 4471 Gen.
3589 4430 3677 4483 in,
3735 4416 3830 4471 21.

392 4486 466 4559 (ά)
496 4485 713 4557 Philip.
740 4501 825 4553 in,
856 4484 948 4539 20.
983 4483 1051 4557 (c)
1084 4484 1107 4538 Ι
1137 4484 1268 4538 Cor.
1302 4499 1400 4554 vn,
1436 4486 1487 4550 1,
1522 4486 1574 4537 2.
1610 4482 1680 4555 (Γ)
1713 4480 1859 4537 Ibid.
1895 4484 1948 4536 5.

457 4632 531 4704 (9)
561 4631 951 4704 Ἑπιθυμῆσαι.
985 4629 1357 4704 Ἐπιθυμῆσαι
1393 4625 1581 4696 αὐτῆς,
1621 4629 1823 4704 Matth.

453 4700 567 4775 (10)
596 4702 697 4755 Τὸν
728 4700 926 4775 γάμον.
958 4702 1150 4758 Etiam
1180 4700 1435 4775 genitivo
1494 4717 1637 4757 casu
1693 4700 1808 4774 legi
1840 4704 2038 4773 potest

378 4778 478 4831 τοῦ
505 4772 705 4848 γάμου.
737 4772 899 4848 Sne.

454 4844 974 4918 (11)⁷Κτιζόμενον.
1003 4848 1069 4900 Α.
1104 4844 1347 4900 mavult.
1406 4845 1714 4918 κτισθέντα,Δ
1766 4850 2036 4918 tempore

381 4914 706 4991 prieterito.
742 4914 902 4973 SYLB.
936 4917 1146 4991 Ephes.
1173 4934 1257 4991 iv,
1293 4919 1359 4991 24
1387 4934 1399 4971 :
1453 4917 1561 4991 Καὶ
1597 4914 1918 4971 ἐνδύσασθαι
1942 4917 2037 4971 τὸν

381 4986 566 5045 καινὸν
599 4990 907 5063 ἄνθρωπον,
936 4986 1029 5063 τὸν
1061 4986 1196 5041 κατὰ
1227 4988 1355 5042 Θεὸν
1389 4989 1689 5063 κτισθέντα.

453 5064 569 5133 (12)
600 5057 1025 5134 Χιτ’ῶνας.Ἐοβ
1078 5061 1340 5134 scilicet,
1368 5078 1516 5134 quos
1567 5059 1790 5129 ἐποίησε
1839 5057 2037 5132 Κύριος

382 5134 411 5188 6
444 5129 573 5195 Θεὸς
603 5138 682 5205 τῷ
712 5129 891 5205 Ἀδὰμ
916 5133 1004 5185 καὶ
1037 5134 1105 5204 τῇ
1138 5133 1350 5205 γυναικὶ
1385 5129 1551 5186 αὐτοῦ
1586 5177 1598 5188 .
1634 5134 1755 5187 Gen
1777 5175 1788 5187 .
1824 5129 2031 5197 111,21.

451 5209 564 5281 (13)
598 5204 919 5281 timum.
956 5206 1119 5261 Hunc
1148 5204 1347 5261 locum
1398 5205 1678 5281 respexit
1712 5205 2035 5281 Procopius

378 5278 440 5334 in
458 5276 599 5351 ‘cap.
636 5296 697 5334 ιιι
732 5280 1049 5351 Geneseos,
1104 5296 1161 5349 p.
1218 5281 1307 5351 76,
1342 5276 1628 5351 versionis
1662 5276 1901 5342 Latina),
1930 5277 2033 5332 ubi

378 5349 621 5422 quidem
653 5351 869 5406 citatur
925 5371 953 5398 «
984 5350 1260 5405 Clemens
1292 5350 1355 5422 in
1388 5349 1581 5422 primo
1641 5365 1918 5422 sermone
1941 5367 1967 5422 _;
2002 5369 2031 5399 ››

377 5416 480 5479 sed
513 5424 748 5480 Graecus
803 5426 995 5476 textus
1053 5439 1165 5479 ms.
1221 5416 1421 5487 habet,
1456 5417 1696 5490 Κλήμης
1750 5416 1802 5472 ἐν
1860 5419 2033 5495 τρίτῳ

376 5498 722 5567 Στρωματεῖ.
760 5495 1023 5567 (ΕΒΑΒΙΙΙΔΒ.

446 5551 558 5639 (14)
613 5551 1153 5640 Μεταχειριζόμεθα.
1215 5563 1651 5639 Congruentius
1701 5580 2027 5638 ματαχειρι-

379 5635 620 5706 σώμεθα.
649 5635 925 5694 Ξῑιεώο.

449 5706 559 5777 (15)
589 5707 834 5782 Οὐρανῷ.
857 5706 1147 5779 Οὗρανοῖς,
1171 5708 1388 5781 Philip.
1422 5725 1482 5777 ιι,
1520 5711 1609 5764 20.

2223 4626 2335 4702 (16)
2364 4623 2528 4702 Ξᾷνοι
2586 4623 2692 4702 καί.
2736 4644 2937 4702 παρεπ’
2998 4630 3263 4702 Respicit
3308 4631 3501 4702 (Hebr,
3561 4648 3641 4702 xl,
3706 4634 3826 4702 13:

2148 4694 2744 4777 ᾯμολᾲογήσαντες-ὅτι
2778 4694 2919 4767 ξένοι
2968 4700 3059 4777 καὶ
3103 4694 3494 4777 παραπίδημοί
3544 4694 3680 4757 εἰσιν
3729 4700 3826 4758 ἐπὶ

2146 4775 2247 4838 τῆς
2276 4771 2600 4842 γῆςαϐοηΐ.
2635 4772 2659 4824 Ι
2689 4772 2847 4828 Petr.
2885 4789 2950 4839 II,
2980 4775 3066 4828 1|.

2146 4840 2807 4969 29(1ἕό.(ξ⁵ἱ¹.γαμοῦντες.
2858 4846 3175 4918 Respicere
3232 4845 3471 4904 videtur
3496 4848 3522 4903 Ι
3552 4848 3685 4904 Cor.
3716 4863 3820 4919 vn,

2515 4984 2703 5065 κτήσει
2767 4986 3103 5065 χρώμενοι,
3178 4990 3295 5065 μετ’
3354 4988 3712 5065 εὐχαριστίας
3765 4985 3822 5065 δ’

2147 5056 2241 5110 ἀπ.
2276 5059 2387 5112 Pro
2416 5059 2486 5130 τῇ
2515 5058 2703 5126 κτήσει
2734 5056 2830 5133 χ’ῥζ
2867 5056 3047 5116 soribi
3094 5056 3286 5137 possit
3335 5056 3627 5137 τῇῖιτίσει
3654 5062 3823 5137 χρώ-

2150 5148 2325 5206 μενοι.
2360 5137 2980 5206 «creaturautentes.
3007 5155 3035 5183 »
3070 5134 3215 5206 Nam
3246 5136 3547 5206 respicere
3578 5134 3821 5190 videtur

2144 5201 2169 5254 Ι
2197 5200 2449 5279 Timoth.
2487 5205 2663 5279 lV,_3,
2695 5205 2728 5257 4
2757 5222 2771 5272 ;
2812 5206 2874 5279 ‘_‘_A
2907 5204 2935 5258 6
2960 5206 3090 5266 Θεὸς
3121 5198 3326 5279 ἔκτισεν
3350 5198 3441 5267 ἐἰς
3493 5205 3814 5279 μεταληψιν

2148 5271 2283 5351 μετᾷ
2306 5271 2765 5351 ερχαριστίμαςηην
2808 5272 2894 5351 ἔτι
2933 5282 3055 5351 *πᾶν
3103 5277 3305 5351 κτίσμα
3361 5271 3503 5332 Θεοῖς
3544 5271 3817 5341 καλὸνξ...

2147 5340 2282 5422 μετᾶ
2313 5340 2662 5422 εὐχαριστία-ς
2692 5340 3138 5422 λαμϐανόμενον.
3177 5340 3276 5422 Sic
3320 5351 3597 5407 Clemens
3630 5367 3817 5422 supe-

2142 5419 2266 5505 rius
2298 5417 2487 5505 p.335
2523 5437 2536 5475 :
2568 5417 2923 5505 Uﬁxi‘x'ai‘ot
2955 5417 3443 5505 ﬁelawiBixamr
3466 5417 3819 5505 εὐχαρίστως

2140 5495 2239 5557 τῆς
2296 5483 2519 5551 κτίσεως
2598 5483 3053 5563 μετελάμϐανονς
3109 5515 3139 5543 ιι
3172 5496 3377 5550 Nonne
3420 5483 3571 5566 justi
3610 5483 3817 5551 'etiam

2140 5568 2370 5689 vagare:
2392 5567 2735 5673 greaturam
2766 5580 2903 5620 cum
2932 5566 3259 5638 gratiarum
3290 5568 3527 5623 actione
3556 5566 3820 5639 partici-

2141 5651 2217 5689 na
2261 5650 2336 5689 an
2400 5677 2412 5689 .
2443 5657 2470 5685 ››

2183 5639 2364 5690 abant
2392 5639 2421 5691 ?
2443 5657 2470 5685 ››

2140 5651 2504 5778 magalia}.
2537 5707 2839 5779 Interpres
2870 5708 3013 5782 legit
3041 5707 3179 5779 iuet,
3213 5731 3241 5759 ιι
3276 5711 3589 5782 quoniam.
3635 5731 3664 5761 »
