4144 6396
335 376 474 432 1197

1677 376 2124 433 BTROMATUM
2161 377 2295 431 LIB.
2337 373 2439 431 III.

3622 378 3761 434 1198

327 517 438 554 ται.
473 496 718 562 Εἰκότως
753 497 846 554 οὗν
880 516 1036 578 φησι·
1070 520 1103 554 α
1134 503 1395 573 Κρεῖττον
1424 501 1619 575 γαμεῖν
1665 499 1775 571 (20)
1819 496 1854 567 ἢ
1888 518 1990 553 πυ-

2120 514 2191 567 re,
2224 515 2332 569 per
2358 496 2723 554 laboriosam
2750 498 3187 556 continentiam
3219 499 3304 556 eis
3333 499 3457 556 vult
3494 500 3761 572 praebere

333 591 580 664 ροῦσθαι,
615 611 639 642 ο
706 587 858 654 ὅπως
918 612 945 641 ‹‹
983 590 1011 643 6
1045 590 1179 663 ἀνὴρ
1239 586 1488 659 ἀποδιδῷ
1544 587 1613 661 τῇ
1647 587 1864 661 γυναικὶ
1894 587 1993 655 τήν

332 677 585 751 ὀφειλὴν,
618 679 707 734 καὶ
738 682 772 749 ἡ
805 681 943 755 γυνή
988 684 1070 751 τῷ
1127 675 1304 753 ἀνδρὶ,
1337 680 1427 734 καὶ
1489 680 1566 751 μὴ
1617 678 1993 751 ἀποστερῶσιν

331 764 620 837 ἀλλήλους
655 792 682 819 ››
713 775 814 837 τῆς
836 765 925 822 διὰ
951 774 1053 836 τῆς
1078 767 1224 831 θείας
1254 770 1362 839 (21)
1396 766 1475 829 εἷς
1497 766 1704 841 γένεσιν
1740 764 1989 837 δοθείσης

317 863 611 939 βοηθείας.
646 889 674 917 ‹‹
705 866 805 928 Ὃς
837 861 884 918 δ’
915 862 977 919 ἂν
1012 865 1090 937 μή
1137 867 1370 939 μισήσῃ,
1403 886 1432 915 ιι
1494 862 1646 941 φασὶ,
1706 888 1734 915 ‹‹
1766 864 1993 938 πατέρα,

327 952 363 1023 ἢ
401 954 634 1026 μητέρα,
685 953 720 1024 ἢ
766 959 1023 1029 γυναῖκα,
1056 952 1092 1023 ἢ
1123 954 1302 1022 τέκνα,
1356 952 1490 1025 ἐμὸς
1544 954 1680 1007 εἶναι
1744 954 1995 1024 μαθητής

336 1041 399 1097 οὐ
459 1039 725 1101 δύναται.
763 1066 792 1095 ››
846 1043 919 1098 Οὐ
976 1043 1040 1099 τὸ
1097 1042 1250 1119 γένος
1311 1047 1487 1115 μισεῖν
1550 1041 1995 1115 παρακελεύεται·

316 1132 368 1196 ἀ
394 1138 546 1214 Τίμα
579 1165 607 1192 ››
639 1142 766 1217 γὰρ,
814 1143 973 1219 φησὶ,
1037 1163 1062 1194 α
1094 1142 1300 1217 πατέρα
1329 1141 1416 1195 καὶ
1482 1140 1691 1215 μητέρα
1748 1143 1884 1211 (22),
1908 1138 1999 1195 ’ίνα

335 1230 391 1284 εὗ
424 1251 508 1284 σοι
540 1230 791 1304 γένηται·
828 1254 856 1282 ››
902 1229 1073 1297 ἀλλὰ,
1128 1231 1205 1305 μὴ
1254 1230 1486 1306 ἀπάγου,
1521 1230 1708 1307 φησὶν,
1760 1228 1992 1305 ἀλόγοις

338 1320 563 1393 ὁρμαῖς,
629 1317 771 1394 μηδὲ
804 1321 913 1392 μὴν
961 1325 1078 1382 τοῖς
1131 1318 1445 1382 πολιτικοῖς
1505 1315 1646 1374 ἔθεσι
1706 1319 1997 1375 συνάπτου·

340 1410 493 1471 οἶκος
529 1410 640 1481 (23)
679 1410 776 1482 μὲν
833 1411 936 1484 γὰρ
989 1408 1050 1465 ἐκ
1103 1408 1294 1484 γένους
1350 1408 1685 1475 συνίσταται,
1716 1406 1910 1473 πόλεις
1944 1405 2003 1463 δὲ

342 1496 396 1569 ἐξ
428 1497 617 1553 οἳκων·
651 1499 832 1563 καθὼς
858 1519 949 1553 και
982 1500 1010 1554 6
1041 1498 1257 1561 Παῦλος
1298 1497 1427 1562 τοὺς
1455 1498 1579 1571 περὶ
1623 1497 1799 1573 γάμον
1829 1497 2001 1573 ἀσχο-

344 1584 649 1662 λουμένους
670 1612 699 1639 ‹‹
721 1586 917 1663 κόσμῳ
948 1587 1191 1658 ἀρέσκειν
1213 1590 1360 1661 »(24)
1385 1581 1511 1664 ἔφη.
1547 1585 1717 1642 Πάλιν
1746 1589 1774 1641 6
1801 1587 2003 1662 Κύριός

343 1702 528 1764 φησιν’
561 1709 590 1737 α
621 1686 685 1742 Ὁ
722 1687 906 1759 γήμας
940 1684 1016 1758 μὴ
1069 1680 1407 1741 έκϐαλλέτω’
1441 1685 1529 1740 καὶ
1566 1686 1594 1739 6
1631 1685 1705 1758 μή
1740 1686 1998 1760 γαμήσας

348 1775 425 1848 μὴ
455 1772 698 1850 γαμείτω
728 1777 862 1848 (25)’
900 1796 924 1827 ν
960 1775 988 1828 6
1014 1776 1149 1830 κατὰ
1179 1774 1434 1851 πρόθεσιν
1469 1772 1759 1850 εὐνουχίας
1790 1771 2004 1848 ὁμολο-

343 1865 515 1939 γήσας
553 1864 628 1937 μή
659 1870 858 1939 γῆμαι,
891 1862 1102 1939 ἄγαμος
1132 1861 1455 1936 διαμενέτω.
1483 1864 1844 1941 Ἀμφοτὲροις
1872 1866 2002 1940 γοῦν
2034 1891 2080 1955 Β

350 1962 378 2017 6
411 1961 575 2025 αὐτὸς
605 1962 808 2037 Κύριος
842 1959 931 2017 διὰ
955 1967 1051 2017 τοῦ
1081 1965 1366 2041 προφήτου
1398 1961 1621 2018 Ἡσαΐου
1658 1962 1755 2024 τὰς
1802 1962 2004 2018 καταλ-

352 2048 568 2121 λήλους
624 2048 843 2107 δίδωσιν
904 2050 1252 2128 ἐπαγγελίας,
1312 2049 1421 2107 ὧδέ
1476 2072 1594 2114 πως
1622 2050 1816 2127 λέγων’
1849 2076 1877 2103 ‹‹
1910 2052 2004 2121 Μὴ

354 2139 561 2217 λεγέτω
591 2143 619 2197 6
651 2141 943 2218 εὐνοῦχος,
976 2143 1059 2197 δτι
1099 2141 1259 2213 ξύλον
1292 2141 1411 2217 εῗμὶ
1463 2145 1577 2217 (26)
1635 2141 1819 2216 ξηρόν·
1879 2139 2008 2197 τάδε

354 2238 501 2317 λέγει
555 2244 583 2297 6
631 2242 831 2319 Κύριος
887 2248 1005 2305 τοῖς
1064 2241 1367 2320 εὐνούχοιςο
1427 2244 1550 2301 Ἐὰν
1612 2244 1888 2323 φυλάξητε
1940 2244 2008 2299 τά

351 2325 597 2386 σάϐϐατά
628 2353 758 2404 μου,
798 2333 889 2387 καὶ
947 2334 1220 2404 ποιήσητε
1270 2333 1444 2389 πάντα
1499 2332 1598 2389 ὅσα
1651 2332 2005 2408 ἐντέλλομαι,

345 2425 511 2483 δώσω
549 2429 678 2502 ὑμῖν
709 2429 880 2485 τόπον
937 2430 1220 2507 κρείττονα
1277 2433 1411 2486 υἱῶν
1465 2431 1552 2485 καὶ
1609 2433 1939 2507 θυγατέρων·
1973 2456 2002 2485 ››

341 2517 405 2574 οὐ
436 2519 540 2594 γὰρ
591 2513 757 2592 μόνον
785 2522 821 2589 ἡ
855 2518 1112 2594 εὐνουχία
1144 2518 1369 2588 δικαιοῖ,
1403 2517 1530 2575 οὐδὲ
1561 2521 1669 2594 μὴν
1694 2522 1759 2576 τὸ
1787 2526 1883 2576 τοῦ
1915 2520 2005 2576 εὖ-

341 2606 554 2684 νούχου
588 2603 884 2679 σάϐϐατον,
917 2608 1008 2665 ἐὰν
1040 2610 1116 2680 μὴ
1177 2612 1386 2684 ποιήσῃ
1444 2609 1539 2672 τὰς
1596 2609 1840 2672 ἐντολάς.
1873 2613 2002 2673 Τοῖς

347 2707 628 2781 γαμήσασι
663 2703 721 2761 δὲ
765 2704 1035 2781 ἐπιφέρει,
1064 2705 1161 2760 καὶ
1216 2718 1403 2783 φησιν’
1471 2728 1494 2757 ι
1522 2706 1585 2759 Οἱ
1616 2705 1862 2761 ἐκλεκτοί

338 2814 459 2866 μου
490 2792 552 2848 οὗ
612 2794 930 2848 πονέσουσιν
961 2792 1038 2855 εἷς
1096 2792 1275 2864 κενὸν,
1335 2790 1460 2848 οὐδὲ
1512 2796 2001 2865 τεκνοποιήτουσιν

352 2889 431 2953 εἷς
485 2892 723 2966 κατάραν
760 2935 774 2961 ,
863 2891 947 2946 ὅτι
996 2889 1213 2966 σπέρμα
1270 2890 1642 2968 εὖλογημένον
1699 2891 1841 2947 ἐστὶν
1899 2892 2003 2947 ὑπὸ

353 2980 553 3056 Κυρίου
584 2984 714 3053 (28).
753 3004 780 3031 ››
812 2983 906 3053 Τῷ
945 2982 1050 3057 γάρ
1103 2980 1241 3036 κατὰ
1294 2980 1471 3056 Λόγον
1521 2982 2004 3056 τεκνοποισαμένῳ

350 3070 444 3125 καὶ
523 3070 952 3146 ἀναθρεψαμένῳ
985 3114 999 3140 ,
1058 3069 1148 3125 καὶ
1228 3068 1574 3127 παιδεύσαντι
1650 3072 1701 3127 ἐν
1772 3071 1954 3147 Κυρίῳ
1988 3116 2003 3141 ,

346 3166 589 3243 καθάπερ
620 3167 710 3223 καὶ
741 3171 820 3240 τῷ
851 3166 941 3222 διὰ
988 3174 1088 3237 τῆς
1142 3167 1383 3239 ἀληθοῦς
1413 3170 1779 3245 κατηχήσεως
1808 3171 2000 3245 γεννή-

2106 589 2505 643 occasionem.
2532 589 2736 644 Merito
2763 606 2898 662 ergo
2923 590 3097 645 dicit:
3138 614 3157 639 σ
3195 590 3402 645 Melius
3434 596 3524 646 est
3556 590 3766 646 matri-

2106 676 2501 749 moniojuugi
2545 694 2723 747 quam
2747 679 2837 733 uri
2857 681 2959 751 (a),
2992 700 3025 731 ι
3056 684 3122 734 ut
3156 702 3182 729 «
3216 680 3303 734 vir
3359 679 3569 735 reddat
3596 680 3766 735 debi-

2108 771 2234 820 tum
2261 766 2450 832 uxori,
2505 773 2564 821 et
2610 784 2761 823 uxor
2798 769 2944 835 viro,
2978 775 3036 824 et
3066 785 3140 824 ne
3196 769 3562 825 frustrentur
3615 768 3769 824 invi-

2108 872 2237 909 cem
2260 855 2337 926 (ὸ)
2361 878 2390 906 ››
2424 856 2535 911 hoc
2557 856 2758 913 divino
2791 858 2865 913 ad
2887 859 3334 931 generationem
3359 858 3494 914 dato
3518 858 3766 914 auxilio.

2111 945 2276 1009 «Qui
2332 950 2554 1015 autem,
2609 946 2913 1018 inquiunt,
2971 964 3092 1002 non
3146 948 3338 1004 oderit
3385 954 3637 1020 patrem,
3682 948 3771 1003 vel

2109 1040 2386 1103 matrem,
2422 1035 2514 1089 vel
2563 1052 2832 1104 uxorem,
2865 1036 2957 1092 vel
2987 1037 3166 1104 ﬁlios,
3199 1054 3322 1092 non
3354 1043 3553 1109 potest
3597 1054 3773 1092 meus

2110 1138 2238 1178 esse
2272 1122 2602 1195 discipulus
2624 1126 2713 1196 (ο).
2750 1148 2779 1175 »
2819 1127 2946 1180 Non
2988 1126 3165 1197 jubet
3212 1125 3407 1182 odisse
3458 1127 3771 1199 proprium

2109 1230 2335 1286 genus:
2374 1235 2401 1263 «
2437 1216 2672 1270 Honora
2703 1235 2729 1267 ι
2766 1215 2947 1284 enim,
2984 1216 3203 1287 inquit,
3233 1240 3259 1266 ‹‹
3296 1222 3528 1288 patrem
3560 1223 3618 1270 et
3646 1232 3771 1271 ma-

2111 1307 2284 1371 trem,
2308 1308 2375 1357 ut
2400 1302 2502 1358 tibi
2522 1303 2861 1375 henesit(d)
2885 1322 2897 1359 :
2932 1328 2961 1355 ››
2990 1304 3095 1360 sed
3124 1322 3198 1361 ne
3215 1305 3549 1373 abducaris,
3576 1305 3774 1376 inquit

2109 1407 2217 1462 per
2231 1391 2628 1462 appetitiones
2650 1408 2685 1447 a
2708 1392 2938 1448 ratione
2958 1393 3207 1462 alienas,
3234 1393 3336 1449 sed
3359 1410 3556 1465 neque
3585 1392 3773 1448 civili—

2109 1479 2222 1535 bus
2244 1480 2509 1536 moribus
2530 1481 2854 1537 conformis
2878 1482 3006 1538 ﬁas.
3029 1483 3251 1538 Domus
3270 1482 3429 1538 enim
3452 1488 3685 1538 constat
3703 1499 3774 1537 ex

2109 1586 2347 1642 genere,
2380 1573 2646 1630 civitates
2691 1579 2890 1629 autem
2942 1590 3014 1629 ex
3045 1575 3359 1643 domibus;
3389 1573 3775 1647 quemadmo-

2109 1659 2252 1714 dum
2284 1662 2503 1719 Paulus
2527 1681 2766 1735 quoque
2790 1680 2909 1728 eos,
2936 1664 3039 1735 qui
3069 1670 3443 1737 occupantur
3464 1664 3527 1719 in
3559 1663 3769 1719 matri-

2110 1750 2334 1817 monio,
2365 1774 2385 1801 ι
2411 1753 2635 1808 mundo
2655 1753 2804 1808 dixit
2825 1753 3062 1825 placere
3081 1753 3168 1825 (ε).
3195 1776 3224 1804 ››
3249 1756 3475 1809 Rursus
3499 1753 3645 1808 dicit
3660 1754 3776 1807 Do-

2112 1837 2342 1896 minus:
2367 1863 2393 1891 ς‹
2420 1841 2528 1906 Qui
2543 1859 2789 1897 uxorem
2812 1842 2999 1911 duxit,
3026 1859 3102 1898 ne
3125 1843 3419 1913 expellat;
3445 1848 3503 1897 et
3528 1842 3628 1913 qui
3653 1857 3776 1896 non

2114 1927 2390 1999 duxit,ne
2410 1929 2587 1985 ducat
2608 1932 2678 2002 (Γ)
2707 1949 2719 1999 ;
2744 1953 2770 1980 ››
2787 1932 2889 2003 qui
2909 1948 2979 1987 ex
2996 1932 3303 2003 proposito
3320 1931 3613 1986 castitatis
3637 1946 3777 2002 pro-

2115 2016 2309 2074 fessus
2324 2025 2413 2075 est
2428 2036 2675 2075 uxorem
2700 2038 2820 2076 non
2844 2020 3060 2076 ducere
3088 2021 3235 2077 20]
3274 2025 3517 2076 maneat
3537 2019 3773 2076 caelebs.

2119 2108 2395 2180 Utrisque
2418 2126 2554 2183 ergo
2573 2110 2732 2165 idem
2757 2111 3044 2165 Dominus
3060 2127 3166 2182 per
3186 2110 3539 2182 prophetam
3562 2109 3776 2165 Isaiam

2118 2199 2539 2253 convenientes
2585 2198 2688 2254 dat
2735 2200 3166 2270 promissiones
3213 2200 3297 2254 sic
3328 2199 3533 2254 dicens
3570 2215 3583 2253 :
3635 2220 3662 2249 ‹‹
3696 2201 3776 2253 Ne

2118 2286 2278 2342 dicat
2308 2288 2618 2343 eunuchus
2642 2305 2654 2342 :
2680 2289 2820 2343 Sum
2848 2289 3075 2361 lignum
3098 2288 3332 2343 aridum
3358 2305 3373 2354 ;
3400 2311 3426 2337 ››
3453 2288 3581 2343 haec
3617 2288 3777 2342 enim

2118 2375 2262 2432 dicit
2292 2377 2581 2433 Dominus
2612 2378 2941 2433 eunuchis:
2977 2378 3034 2433 Si
3080 2377 3482 2433 custodieritis
3534 2376 3780 2433 sabbata

2120 2482 2274 2532 mea,
2309 2472 2369 2521 et
2394 2466 2657 2521 feceritis
2697 2483 3069 2538 quaecunque
3094 2466 3397 2538 praecipio,
3424 2465 3575 2520 dabo
3608 2466 3775 2520 vobis

2080 2581 2090 2595 ι
2120 2554 2316 2609 locum
2332 2555 2643 2609 meliorem
2660 2556 2799 2610 liliis
2822 2562 2880 2610 et
2902 2555 3138 2610 ﬁliabus
3156 2557 3254 2625 (g).
3276 2577 3303 2603 ››
3329 2556 3454 2609 Non
3474 2555 3601 2609 sola
3615 2556 3777 2609 enim

2108 2642 2402 2714 justiﬁcat
2427 2643 2686 2705 castitas,
2726 2643 2829 2699 sed
2861 2661 2970 2699 nec
3001 2643 3313 2699 sabbatum
3337 2643 3624 2708 ennuchi,
3659 2643 3775 2698 nisi

1892 2709 2005 2780 (27)
2109 2709 2323 2788 l‘ecerit
2344 2731 2641 2787 mandata.
2669 2732 2855 2788 Infert
2875 2739 3075 2788 autem
3096 2733 3189 2798 iis,
3206 2733 3308 2804 qui
3327 2749 3576 2788 uxorem
3601 2733 3779 2788 duxe-

2117 2826 2278 2887 runt,
2296 2827 2355 2876 et
2374 2820 2517 2875 dicit
2538 2837 2550 2877 :
2569 2845 2594 2871 «ι
2614 2822 2796 2877 Electi
2814 2822 2929 2876 mei
2944 2839 3064 2877 non
3080 2821 3436 2877 laborabunt
3453 2822 3514 2876 in
3530 2838 3774 2888 vanum,

2119 2928 2314 2982 neque
2338 2911 2738 2983 procreabunt
2761 2912 2917 2967 ﬁlios
2942 2913 3004 2967 in
3029 2913 3668 2982 exsecrationem.quia
3690 2929 3777 2968 se-

2116 3018 2255 3057 men
2278 3007 2368 3055 est
2390 3001 2769 3056 benedictum
2791 3018 2825 3057 a
2843 3002 3093 3057 Domino
3118 3002 3212 3075 (b).
3239 3026 3258 3049 -
3288 3003 3350 3055 Ei
3375 3003 3667 3073 enim,qui
3693 3019 3780 3057 se-

2118 3091 2379 3147 cundum
2406 3092 2599 3163 Logon
2627 3091 2781 3146 ﬁlios
2806 3092 3135 3163 procreavit
3159 3099 3217 3146 et
3239 3090 3527 3154 educavit,
3557 3097 3616 3146 et
3637 3107 3770 3146 eru-

2117 3181 2291 3236 diviti
2317 3181 2635 3244 nDomino.
2665 3181 2819 3236 sicut
2850 3181 3027 3236 etiam
3061 3181 3135 3246 ei,
3166 3181 3265 3252 qui
3299 3182 3504 3254 genuit
3538 3196 3646 3253 per
3675 3198 3773 3237 ve-

351 3277 548 3327 σαντι,
605 3256 779 3312 κεῖταί
828 3277 912 3319 τις
972 3256 1186 3329 μισθὸς,
1242 3257 1424 3331 ὥσπερ
1482 3259 1573 3313 καὶ
1625 3262 1708 3332 τῷ
1765 3257 2006 3332 ἐκλεκτῷ

2125 3286 2253 3326 ram
2287 3271 2647 3325 catechesim
2671 3277 2730 3325 et
2750 3271 3215 3337 institutionem,
3242 3286 3475 3325 merces
3506 3272 3781 3341 quaedam

350 3353 645 3431 σπέρματι.
680 3353 886 3410 ’Ἄλλοι
920 3351 977 3409 δὲ
1009 3379 1037 3407 ι(
1061 3356 1299 3430 κατάραν
1323 3379 1352 3407 ››
1382 3356 1482 3425 τήν
1514 3353 1835 3411 παιδοπιίαν
1867 3353 2008 3411 ἐκδέ-

345 3462 564 3521 χονται,
604 3443 694 3498 καὶ
746 3442 808 3499 οὗ
842 3449 1067 3499 συνιεῖσι
1122 3446 1242 3499 κατ’
1301 3445 1479 3500 αὐτῶν
1540 3444 1760 3500 ἐκείνων
1807 3444 2003 3522 λέγου-

347 3554 441 3588 σαν
468 3534 570 3603 τήν
606 3534 843 3613 Γραφήν.
896 3534 958 3588 Οἱ
987 3533 1089 3610 γὰρ
1146 3537 1228 3606 τῷ
1286 3530 1400 3589 ὄντι
1458 3538 1553 3589 τοῦ
1609 3534 1816 3609 Κυρίου
1858 3534 2008 3592 ἐκλε-

345 3623 472 3679 κτοὶ
530 3621 592 3677 οὐ
652 3621 1074 3699 δογματίζουσιν
1109 3669 1123 3695 ,
1184 3620 1311 3679 οὐδὲ
1364 3629 1750 3679 τεκνοποιοῦσι
1805 3626 1872 3680 τὰ
1930 3626 2006 3689 sic

2118 3365 2209 3415 est
2230 3359 2554 3431 proposita.
2580 3359 2736 3414 sicut
2757 3360 2936 3414 etiam
2961 3361 3148 3415 electo
3174 3360 3411 3414 semini.
3439 3360 3552 3413 Alii
3580 3365 3778 3415 autem

2119 3470 2146 3500 ‹‹
2166 3449 2636 3504 exsecrationem
2652 3471 2677 3497 ››
2692 3447 2755 3513 ’14
2772 3449 3075 3520 accipiunt
3094 3465 3223 3503 esse
3245 3449 3437 3520 ipsam
3456 3449 3779 3503 liberorum

2115 3538 2593 3610 procreationem
2609 3544 2799 3593 etnon
2816 3537 3453 3611 intelliguntadversus
3468 3537 3603 3592 illos
3618 3539 3780 3609 ipsos

2117 3645 2186 3683 ea
2217 3626 2415 3682 dicere
2445 3627 2833 3698 Scripturam.
2862 3627 2971 3692 Qui
3005 3626 3165 3682 enim
3197 3633 3338 3682 sunt
3371 3642 3576 3682 revera
3602 3627 3777 3682 electi

419 3730 484 3795 ιχ(
511 3723 711 3797 Ρ.Ἦ5έ“5ξῑ
739 3723 850 3778 ED.
886 3724 1178 3790 POTTER,
1212 3724 1288 3796 (a)
1323 3725 1346 3778 Ι
1374 3724 1502 3780 Cor.
1536 3742 1632 3793 vn,
1664 3728 1716 3780 9.
1754 3726 1826 3792 (ὁ)
1858 3725 2004 3783 Ibid.

2125 3729 2177 3781 5.
2210 3726 2277 3797 (c)
2310 3726 2446 3780 Luc.
2498 3741 2612 3787 xw.
2646 3728 2735 3781 26.
2798 3726 2873 3796 (d)
2900 3725 3080 3782 Exod.
3113 3743 3209 3793 xx,
3246 3728 3331 3782 12.
3366 3726 3433 3797 (e)
3465 3726 3488 3779 Ι
3518 3727 3648 3781 Cor.
3678 3741 3776 3794 vn,

348 3794 441 3851 33.
460 3794 541 3867 (Γ)
572 3794 720 3850 Ibid.
757 3797 842 3861 10,
874 3798 959 3851 ll.
993 3796 1069 3867 (g)
1102 3794 1358 3861 lsa.'Lvi,
1387 3797 1477 3865 85,
1507 3798 1561 3853 5.
1596 3798 1681 3869 (li)
1712 3799 1822 3853 lsa.
1846 3815 1971 3865 va,
2006 3801 2096 3856 23.
2192 3826 2199 3833 ε

421 3892 536 3961 (20)
576 3892 857 3969 ΔΚρεῖττον
910 3897 1105 3969 γαμεῖν
1121 3939 1150 3969 _.
1227 3898 1489 3967 Κρεῖσσον
1567 3890 1666 3967 γᾶρ
1735 3893 1846 3948 ἐστι
1914 3916 2010 3969 γα-

399 3965 596 4030 ῆσαι,Ι
628 3965 759 4021 Cor.
783 3982 880 4029 vn,
909 3965 961 4021 9.
1000 3968 1062 4020 In
1094 3967 1187 4029 iis,
1222 3965 1354 4037 quae
1384 3965 1736 4037 sequuntur,
1771 3965 2014 4023 sensum

399 3985 550 4030 ησαι,
576 3985 596 4019 ι
628 3985 759 4021 uor.
783 3985 880 4029 vn,
909 3985 961 4021 ν.
1000 3985 1062 4020 in
1094 3985 1187 4029 us,
1222 3985 1354 4037 quae
1384 3985 1736 4037 sequuntur,
1771 3985 2014 4023 sensum

351 3985 533 4111 rcor.
567 4039 753 4111 vii,_3,
788 4040 840 4105 5,
874 4043 933 4092 et
962 4039 1098 4094 Luc.
1122 4055 1236 4106 11v,
1269 4042 1355 4107 26,
1392 4038 1585 4094 verbis
1617 4040 1859 4111 paulum
1893 4057 2015 4095 mu-

352 4107 513 4174 tatis,
546 4107 804 4164 exhibet.

426 4181 538 4250 (21)
571 4176 685 4245 Τῆς
719 4175 807 4233 διὰ
834 4183 935 4250 τῆς
967 4178 1136 4241 θείας.
1172 4182 1314 4236 Post
1352 4176 1440 4234 διὰ
1496 4185 1595 4247 τῆς
1656 4179 1803 4244 θείας
1858 4182 2013 4237 desi-

354 4249 600 4326 deratur
629 4249 971 4326 οἰκονομίας,
1006 4251 1094 4326 vel
1131 4252 1326 4307 simile
1350 4253 1530 4324 quid;
1563 4258 1667 4308 aut
1694 4254 2012 4326 legendum

353 4320 446 4376 διὰ
472 4326 575 4377 τοῦ
628 4319 970 4389 Θείουξδθιι,
1004 4319 1094 4377 διὰ
1142 4326 1239 4377 τοῦ
1280 4319 1435 4381 Θεοῦ.
1500 4319 1781 4381 ΞΥιΒυῐιῦΪ
1809 4357 1879 4365 —
1912 4326 2016 4381 Vel

352 4394 745 4453 scribendum
775 4392 941 4462 τῆσδε
969 4401 1071 4463 τῆς
1097 4394 1262 4461 θείας,
1296 4401 1523 4452 mutato
1556 4391 1645 4450 διά
1677 4397 1739 4452 in
1771 4393 1848 4450 δε.

430 4468 539 4543 (22)
570 4465 796 4543 Πατέρα
815 4467 913 4543 καῖ
943 4465 1155 4541 μητέρα
1187 4513 1201 4526 .
1256 4467 1362 4523 Τὸν
1416 4466 1624 4543 πατέρα
1670 4489 1767 4523 σου
1797 4466 1888 4523 καὶ
1915 4468 2016 4537 τὴν

356 4538 727 4612 μητέραᾼσου,
756 4539 939 4612 Exod.

425 4611 537 4681 (23)
568 4609 753 4670 Οἶκος.
790 4611 889 4666 His
949 4611 1145 4667 verbis
1200 4611 1453 4682 probare
1510 4611 1654 4675 vult.
1717 4614 2013 4669 civitatem

351 4682 606 4758 intelligi
666 4683 897 4739 Christo
924 4699 1036 4758 per
1069 4704 1096 4734 «
1127 4691 1361 4755 patrem
1394 4707 1423 4734 »
1467 4685 1822 4758 etreliquos
1879 4703 2014 4758 pro-

352 4754 657 4881 pinquos;
693 4771 760 4811 ac
808 4756 1058 4826 proinde
1111 4754 1249 4810 eum
1307 4754 1758 4828 praecipientem
1817 4780 1845 4808 «
1880 4754 2015 4813 odio
2050 4765 2093 4831 D
2126 4754 2490 4827 exponit’in
2547 4756 2904 4827 praecedenti
2960 4772 3130 4811 versu
3174 4797 3189 4821 ,

398 4826 577 4881 abere
610 4833 841 4881 patrem
873 4853 925 4881 ι.
958 4835 1094 4881 etc..
1130 4828 1377 4881 iussisse
1434 4845 1509 4881 ne
1540 4829 1814 4881 civilibus
1873 4846 2015 4881 con-
2126 4828 2229 4881 Dei
2264 4834 2668 4881 veterascent:
2704 4851 2732 4878 ››
2764 4834 2858 4881 et:
2885 4851 2911 4879 ιι
2938 4829 3189 4881 νεὶθνεω

398 4826 591 4901 abere,
610 4833 841 4901 patrem
873 4835 1094 4901 a,_etc.,
1120 4826 1377 4901 jussisse
1434 4826 1509 4883 ne
1540 4829 1814 4885 civilibus
1873 4846 2015 4885 con-

355 4897 777 4954 suetudinibus
819 4897 1157 4955 conformes
1189 4917 1477 4957 essemus.

429 4972 541 5044 (24)
600 4968 810 5044 Κόσμῳ
865 4969 1132 5039 ἀρέσκειν.
1190 4971 1457 5044 Respicit
1512 4972 1538 5026 Ι
1590 4973 1721 5029 Cor.
1775 4989 1872 5041 vu,
1914 4975 2015 5029 33:

352 5039 417 5098 Ὀ
451 5039 509 5096 δὲ
551 5039 806 5116 γαμήσας
863 5046 1103 5117 μεριμνᾷ
1144 5042 1212 5096 τὰ
1251 5039 1349 5097 τοῦ
1392 5042 1626 5115 κόσμου,
1668 5046 1789 5107 πῶς
1842 5039 2019 5118 ἆρέσει

352 5109 424 5167 τῆ
454 5113 689 5167 γυναικί.

351 5133 424 5171 τῃ
454 5133 665 5171 γυναικι
676 5159 689 5171 ,

386 5134 960 5268 Ὡὲἕῖἤὸαγήμας
1019 5181 1288 5268 γαμείτω.
1350 5185 1566 5268 Harum
1602 5188 2021 5268 ‘sentatiar‘um

356 5256 523 5329 prior
554 5256 707 5313 sumi
740 5258 933 5330 potuit
960 5256 1095 5313 cum
1124 5274 1194 5312 ex
1223 5257 1576 5330 Evangeliis,
1598 5263 1724 5330 tum
1743 5261 1858 5315 exl
1887 5262 2018 5317 Cor.

358 5327 459 5402 im,
500 5331 567 5384 10
624 5333 710 5402 ll.
741 5327 856 5386 Sed
914 5330 1017 5385 ubi
1049 5329 1175 5384 haec
1206 5327 1426 5385 verba":
1463 5327 1618 5402 Καζρ
1654 5330 1731 5401 μή
1764 5332 2020 5402 γαμήσας

346 5400 436 5472 μὴ
468 5399 739 5473 γαμείτω.
766 5401 912 5458 dicit
934 5402 1264 5458 Dominus?
1286 5402 1549 5473 Respicit
1573 5399 1724 5457 forte
1747 5399 2022 5461 Clemens

357 5474 380 5528 Ι
409 5472 539 5528 Cor.
572 5490 671 5528 VII.
706 5475 737 5528 8
770 5490 783 5528 ε
820 5473 976 5528 Λέγω
1009 5470 1067 5527 δὲ
1096 5477 1213 5528 τοῖς
1257 5473 1491 5528 ἀγάμοις
1522 5470 1613 5527 καὶ
1644 5477 1759 5528 ταῖς
1793 5475 2020 5528 γήραις.

357 5474 380 5529 I
409 5474 539 5530 Cor.
572 5490 671 5539 VII,
706 5475 737 5529 8
770 5490 783 5529 ε
820 5474 976 5546 Λέγω
1009 5474 1067 5527 δὲ
1096 5477 1213 5535 τοῖς
1257 5474 1491 5548 ἀγάμοις
1522 5474 1613 5527 καὶ
1644 5477 1759 5533 ταῖς
1793 5475 2021 5567 χήραις,

354 5540 525 5632 καλρν
582 5542 770 5632 αῇτοῖς
829 5543 969 5600 ἐστιν
1014 5544 1108 5632 lli“
1172 5543 1459 5632 pelvwow“
1482 5544 1665 5632 ὥσπερ
1697 5546 1873 5632 κάγω,
1932 5548 2024 5605 vel

354 5616 554 5699 potius
588 5617 789 5699 matth‘.
824 5635 946 5690 ylx,
1007 5619 1098 5691 12,
1158 5616 1300 5690 quia
1357 5642 1383 5670 ισ
1419 5616 1656 5675 Domini
1688 5616 1865 5677 verba
1894 5643 1923 5672 »
1959 5637 2022 5677 se

352 5689 608 5744 recitare
641 5689 806 5745 dicit.

431 5757 912 5839 (2§)'Eipl_.~’Eyo')‘
928 5758 1262 5839 eipc‘En‘so'v'
1296 5757 1426 5839 τάδε
1472 5759 1618 5839 λέγει
1668 5762 1869 5839 Κύριος
1902 5767 2021 5839 τοῖς

360 5827 668 5908 εὖνοιῇοιςθ
701 5827 948 5908 Ὅσοι-ἃν
974 5827 1319 5908 ιρυλᾶξωνται
1356 5834 1423 5908 τᾷ
1472 5827 1717 5890 σάϐϐατά
1754 5827 1897 5908 μου,
1928 5837 2018 5891 καὶ

359 5899 693 5973 ἱκλέξωνται
723 5902 757 5957 ἃ
786 5901 893 5980 ἐγὼ
934 5899 1100 5972 θέλω,
1133 5899 1242 5959 καὶ
1296 5906 1618 5980 ἀντέχονται
1674 5899 1782 5977 τῆς
1831 5899 2022 5980 διαθή-

2120 3912 2223 3963 κης
2255 3914 2384 3966 μου,
2416 3889 2578 3947 δώσω
2598 3893 2797 3966 αὐτοῖς
2830 3891 2883 3948 έν
2913 3898 2995 3965 τῷ
3026 3890 3162 3966 οἷ’κῳ
3196 3914 3324 3965 μου,
3357 3892 3450 3949 καὶ
3478 3892 3536 3966 ἐν
3563 3899 3642 3965 τῷ
3668 3891 3779 3966 τεῖ-

2124 3984 2212 4041 χει
2244 3963 2352 4041 μου
2381 3965 2549 4019 τόπον
2588 3963 2917 4041 ὀνομαστὸν,
2949 3963 3179 4039 κρείττω
3198 3963 3343 4019 υἱῶν
3401 3964 3491 4020 καὶ
3551 3963 3777 4039 θυγατέ-

2123 4040 2253 4113 ρων.
2290 4040 2400 4113 lsa_
2434 4055 2543 4113 va,
2577 4040 2628 4103 3,
2662 4041 2715 4113 4,

2194 4113 2307 4176 (27)
2338 4108 2406 4164 Οἱ
2461 4106 2730 4179 ἐκλεκτοί.
2791 4108 2859 4164 Οἱ
2913 4105 3162 4162 ἐκλεκτοί
3198 4127 3304 4179 μου
3363 4106 3424 4162 οὗ
3478 4107 3781 4179 κοπιάσου-

2122 4201 2203 4234 σιν
2238 4180 2316 4241 εἷς
2346 4180 2526 4254 κενὸν,
2560 4177 2687 4254 οὐδὲ
2729 4177 3214 4254 τεκνοποιήσουσιν
3250 4178 3614 4254 εἱςίκατάραν.
3669 4183 3776 4236 lsa.

2125 4270 2247 4315 va,
2273 4256 2374 4307 23:
2402 4276 2427 4303 ‹‹
2454 4253 2637 4307 Electi
2659 4254 2776 4308 mei
2799 4270 2919 4307 non
2946 4252 3305 4309 laborabunt
3322 4252 3561 4309 frustra.
3584 4268 3779 4322 neque

2122 4325 2496 4398 generabunt
2518 4325 2578 4379 in
2600 4325 3185 4398 conturbationem,»
3209 4324 3379 4398 Apud
3402 4325 3464 4378 D.
3491 4325 3779 4395 Hierony-

2123 4396 2289 4453 mum
2318 4412 2330 4449 :
2363 4418 2388 4447 ‹‹
2425 4397 2611 4451 Electi
2635 4398 2748 4451 mei
2773 4413 2893 4451 non
2917 4396 3274 4451 laborabunt
3295 4396 3357 4450 in
3402 4412 3641 4463 vanum,
3673 4412 3781 4451 ne-

2124 4486 2255 4541 que
2276 4468 2429 4541 filios
2459 4469 2828 4541 generabunt
2854 4469 2915 4541 in
2940 4468 3498 4541 maledictionem.»
3534 4467 3645 4541 Sed
3668 4465 3785 4522 tol—

2122 4539 2302 4597 lenda
2317 4539 2550 4595 videtur
2574 4540 2911 4596 disctinctio
2935 4540 3058 4609 illa,
3083 4546 3218 4611 post
3242 4562 3261 4587 ιι
3296 4540 3468 4594 electi
3493 4539 3634 4607 mei,
3666 4561 3694 4588 »
3720 4543 3788 4594 ut

2125 4612 2439 4668 conveniat
2458 4629 2592 4667 cum
2615 4614 2815 4668 Graaco
2842 4614 3193 4667 LXX.Porro
3218 4611 3376 4682 quod
3402 4613 3464 4665 in
3485 4628 3785 4666 commen-

2126 4683 2276 4740 tario
2309 4682 2608 4755 duplicem
2639 4684 2961 4739 lectionem
2982 4683 3217 4738 videtur
3245 4700 3590 4755 agnoscere,
3644 4682 3787 4755 dum

2433 4756 2490 4811 in
2547 4756 2904 4827 praecedenti
2960 4772 3130 4811 versu
3174 4797 3189 4821 ,
3249 4754 3305 4805 «ί
3338 4756 3531 4827 Opera
3580 4754 3787 4827 populi

2126 4828 2229 4884 Dei
2264 4834 2668 4894 veterascent;
2704 4851 2732 4878 ››
2764 4834 2858 4884 et:
2885 4851 2911 4879 ιι
2938 4829 3321 4883 Veterascere
3341 4827 3608 4893 faciunt;
3638 4845 3663 4878 ι
3688 4832 3747 4881 et
3772 4842 3785 4880 :

2128 4923 2156 4951 ‹‹
2190 4901 2382 4971 Opera
2402 4900 2605 4971 populi
2636 4900 2733 4954 Dei
2760 4917 2881 4955 non
2903 4905 3296 4961 veterascent,
3322 4898 3610 4971 hoc‘tueri
3632 4897 3789 4971 vide-

2131 4923 2156 4951 κ
2190 4917 2382 4971 upera
2443 4917 2605 4971 opuu
2639 4917 2733 4954 U8]
2760 4917 2881 4955 non
2903 4917 3296 4961 veterascent,
3322 4917 3435 4954 noc
3459 4917 3610 4954 tueri
3632 4917 3789 4953 Viae-

2131 4977 2247 5057 tur,
2275 4917 2437 5057 quos
2457 4972 2708 5057 legimus
2738 4972 2896 5057 apud
2924 4972 3280 5057 ProcOpium
3302 4971 3430 5057 :3‘9‘:
3446 4963 3598 5057 ἔργα,
3630 4966 3789 5057 (mai,

2127 5037 2241 5098 τῶν
2269 5037 2664 5110 πόνωναψῦτῶν
2699 5037 3227 5110 ου’παλαιώσουσιν,
3268 5042 3414 5110 τοῦτ’
3465 5037 3608 5095 ἔστιν
3644 5037 3788 5110 ’ἀμε-

2129 5110 2407 5179 τάὗλτ,τον
2451 5109 2632 5186 ἕξουσι
2679 5115 2777 5181 τήν
2829 5118 2939 5169 τῶν
3002 5112 3319 5182 παρακτέων
3354 5109 3497 5186 ὁδόν·
3532 5109 3791 5186 quodex

2132 5188 2351 5259 Cyrillo
2383 5183 2614 5243 videtur
2644 5203 2796 5250 esse.
2822 5189 2992 5257 cujus
3015 5189 3311 5258 interpres
3331 5185 3511 5241 habet
3538 5202 3551 5251 ;
3574 5205 3610 5259 μ
3648 5183 3790 5237 Cur-

2134 5255 2273 5333 sum
2299 5260 2359 5314 in
2391 5259 2570 5333 rebus
2600 5255 3211 5333 gerendis‘habebunt
3230 5265 3461 5333 certum
3480 5262 3542 5333 et
3571 5255 3791 5309 immu-

2136 5331 2397 5387 tabilem.
2441 5354 2467 5379 ››
2499 5328 2662 5388 Idem
2696 5333 2873 5389 etiam
2906 5331 3111 5385 vertit:
3140 5352 3166 5378 «
3198 5331 3398 5399 Neque
3434 5328 3791 5399 liliosgeneo

2133 5404 2353 5459 rabunt
2383 5403 2456 5459 ad
2489 5403 2943 5460 detestationem
2972 5419 2986 5469 ;
3022 5423 3050 5451 »
3082 5400 3241 5471 quod
3266 5395 3531 5471 quidem,
3560 5395 3636 5459 ειξ
3663 5395 3791 5471 ἀνυ-

2133 5473 2382 5544 παρξίαν,
2415 5475 2475 5532 h.
2520 5493 2569 5532 e.
2605 5500 2632 5527 ‹‹
2677 5483 2742 5531 ut
2774 5492 2902 5531 esse
2933 5467 3246 5544 desistant,
3283 5467 3306 5523 ἦ
3345 5477 3410 5544 et
3441 5472 3619 5544 linem
3653 5467 3796 5525 sub-

2136 5542 2367 5625 stantiae
2401 5565 2522 5604 suae
2552 5548 2830 5625 habeant.
2867 5544 2977 5625 Sed
2998 5544 3140 5625 haec
3161 5542 3519 5625 de_spiritali
3546 5556 3796 5625 genera-

2135 5621 2297 5676 tione
2328 5621 2755 5691 interpretatur
2783 5620 2851 5673 Η.
2871 5619 3087 5691 Ρὶηιιιε
3111 5633 3125 5680 ;
3149 5637 3189 5691 _«
3222 5614 3584 5691 de'naturali
3615 5615 3796 5670 etiam

2134 5692 2324 5765 accipi
2354 5687 2527 5765 posse
2550 5696 2742 5765 putat,
2770 5688 3119 5765 scribensin
3149 5687 3384 5765 Isaiam,
3416 5688 3589 5765 cujus
3606 5702 3797 5758 expo-

2137 5759 2415 5821 sitionem
2440 5763 2535 5818 hic
2550 5759 2887 5818 Clementis
2913 5760 3081 5815 locus
3104 5759 3441 5817 confirmat.
3477 5759 3504 5810 )5
3527 5759 3796 5814 COLLECT.

2205 5838 2321 5909 (28)
2357 5832 2535 5889 Ἐστὶν
2569 5832 2677 5888 ὑπὸ
2710 5832 2931 5908 Κυρίου.
2962 5829 3094 5884 Ὑπὸ
3125 5832 3262 5886 Θεοῦ
3290 5828 3428 5901 ἔστι,
3460 5833 3571 5889 Isa.
