4144 6392
341 368 505 427 1905'

1674 371 2126 430 ΒΤΒΟΠΔΤΠΜ
2161 369 2298 425 LIB.
2340 368 2439 425 ΙΙΙ.

3632 366 3774 423 1206

336 494 463 566 νητὶ
492 496 607 571 (49)
647 497 1100 577 στεφανούμενοι.
1151 499 1223 568 ᾝ
1281 494 1349 569 δή
1403 517 1549 563 τινες
1597 499 1708 573 (50)
1759 495 1851 552 καὶ
1900 501 1965 566 τῆ

2080 553 2085 563 _
2116 501 2315 552 autem
2346 499 2413 549 ut
2440 490 2957 564 incorruptibilem
2977 490 3079 563 (a),
3108 514 3137 542 ››
3159 489 3225 547 in
3256 489 3419 548 lucta
3436 491 3767 557 vincentes.

338 586 612 659 παρθένου
634 589 739 659 τήν
790 590 972 664 χήραν
1026 587 1104 651 ei;
1159 587 1475 665 ἐγκράτειαν
1513 587 1882 665 προτείνουσι,
1912 606 2009 642 κα-

347 675 985 755 ταμεγαλοφρονήσασαν
1012 680 1080 749 ἧς
1108 677 1430 756 πεπείραται
1458 676 1683 749 ἡδονῆς.

2119 601 2239 640 non
2271 588 2471 639 autem
2503 583 2630 638 sine
2661 583 2902 653 pulvere
2925 598 3207 638 coronam
3235 583 3617 654 accipientes.
3640 584 3770 640 lam

2109 673 2391 730 nonnulli
2416 689 2652 745 quoque
2670 672 3001 744 praeferunt
3020 672 3258 727 viduam
3275 673 3506 746 virgini.
3526 678 3592 728 ut
3613 690 3768 745 quaa,

2111 780 2292 836 quam
2329 769 2571 836 experta
2601 768 2712 830 est,
2743 763 3107 835 voluptatem
3150 778 3365 836 magno
3398 764 3599 819 animo
3626 779 3771 819 con-

2107 854 2438 927 tempserit.

1829 976 2066 1033 CAPUT
2102 974 2273 1031 XVII.

339 1075 446 1140 Qui
480 1077 708 1146 nuptias
732 1083 784 1132 et
808 1080 1220 1149 generationem
1244 1078 1419 1134 malas
1469 1083 1742 1148 asserunt,
1774 1079 1819 1133 ii
1848 1084 1899 1131 et
1930 1078 2030 1130 Dei
2078 1075 2405 1201 orteationem
2456 1078 2505 1127 et
2550 1074 2729 1143 ipsam
2772 1070 3065 1142 Evangelii
3104 1071 3563 1142 dispensationem
3608 1073 3765 1129 vitu-

1945 1163 2120 1201 neran
2153 1189 2167 1201 .

1939 1163 2167 1220 peram.

407 1243 470 1301 El
498 1243 556 1301 δὲ
584 1248 619 1317 ἠ
650 1247 859 1321 γένεσις
912 1247 1101 1316 κακὸν,
1151 1247 1203 1304 ἔν
1257 1252 1411 1320 κακῷ
1461 1246 1736 1324 λεγόντων
1767 1248 1821 1302 οἱ
1855 1244 1995 1322 βλά-

336 1353 548 1412 σφημοι
604 1337 697 1392 τὸν
753 1339 1018 1415 γενέσεως
1077 1337 1442 1415 μετειλθφότα
1495 1337 1725 1414 Κύριον,
1756 1336 1807 1392 έν
1838 1334 1991 1409 κακῷ

2178 1244 2278 1301 Sin
2292 1249 2491 1299 autem
2508 1243 2733 1299 malum
2750 1243 3241 1316 estgeneratio,in
3254 1241 3412 1297 malo
3426 1241 3760 1314 blasphemi

2103 1334 2310 1390 dicant
2330 1334 2514 1409 fuisse
2534 1333 2851 1389 Dominum
2871 1333 2971 1403 qui
2990 1332 3412 1405 fuitparticeps
3434 1333 3763 1404 generatio-

326 1424 428 1493 τὴν
455 1426 792 1500 γεννήσασαν
850 1428 1147 1501 Παρθένον.
1208 1425 1378 1500 Οῗμοι
1436 1432 1545 1483 τῶν
1598 1428 1814 1484 κακῶνῙ
1854 1425 1965 1500 βλαι

2098 1425 2283 1493 nis,in
2301 1423 2461 1479 malo
2487 1423 2782 1495 Virginem
2803 1439 2934 1493 quae
2957 1423 3180 1495 genuit.
3202 1422 3304 1477 Hei
3324 1420 3502 1477 mihil
3526 1426 3673 1493 quot
3702 1427 3762 1477 et

329 1519 612 1589 σφημοῦσι
641 1517 705 1571 τὸ
748 1514 1011 1590 βούλημα
1065 1521 1162 1573 τοῦ
1216 1521 1373 1587 Θεοῦ,
1431 1517 1522 1572 καὶ
1569 1516 1631 1572 τὸ
1685 1518 1987 1591 μυστήριον

323 1604 425 1667 τῆς
456 1601 708 1675 κτίσεως,
757 1605 858 1674 τὴν
906 1606 1111 1681 γένεσιν
1164 1601 1578 1668 διαϐάλλοντες.
1627 1604 1724 1660 Διά
1751 1606 1984 1676 ταῦταῆ

327 1715 359 1746 ‹‹
407 1689 635 1765 δόκησις
688 1719 709 1745 ι
745 1696 1036 1769 Κασσιανῷ
1065 1700 1179 1770 (51)
1212 1693 1302 1751 διὰ
1343 1700 1511 1752 ταῦτα
1556 1695 1647 1751 καὶ
1681 1694 1985 1766 Μαρκίωνι,

325 1781 411 1836 ναὶ
450 1782 558 1855 μὴν
590 1781 679 1838 καὶ
732 1782 1078 1858 Οὐαλεντίνῳ
1134 1785 1196 1839 τὸ
1253 1788 1415 1859 σῶμα
1470 1785 1533 1841 τὸ
1585 1783 1842 1860 ψυχικόν·
1877 1781 1984 1857 ὅτι,

323 1869 483 1948 φασὶν
537 1872 566 1928 ὁ
625 1869 907 1947 ἅνθρωπος
967 1899 996 1926 ‹‹
1038 1875 1422 1950 παρωμοιὼθη
1478 1878 1598 1939 τοῖς
1651 1875 1920 1945 κτήνεσιν,
1955 1897 1982 1926 ι)

2098 1519 2323 1585 quanta
2372 1511 2565 1568 mala!
2619 1512 2721 1566 Dei
2770 1512 3137 1566 voluntatem
3187 1510 3521 1566 maledictis
3559 1511 3758 1567 inces-

2097 1609 2258 1669 sunt,
2304 1607 2364 1659 et
2409 1601 2761 1674 mysterium
2810 1601 3153 1667 creationis,
3204 1601 3347 1656 dum
3394 1600 3757 1656 invehuntur

2093 1695 2155 1749 in
2168 1691 2865 1767 generationem.Etbinc
2879 1714 2905 1740 ‹‹
2922 1691 3173 1746 Docesin
3190 1712 3217 1739 ››
3233 1690 3749 1763 ﬁngitCassianus;

2093 1784 2234 1840 hinc
2254 1784 2432 1838 etiam
2452 1780 2824 1851 Marcioni,et
2840 1780 3153 1835 Valentino
3173 1795 3409 1852 quoque
3430 1785 3519 1834 est
3534 1796 3750 1851 corpus

2091 1872 2392 1940 animale;
2426 1871 2709 1943 quoniam
2743 1870 2942 1935 homo,
2980 1869 3284 1940 inquiunt,
3325 1885 3569 1940 operam
3602 1868 3751 1924 dans

320 1957 398 2021 εἰς
457 1956 799 2065 συνδυασμὸν
862 1962 1276 2040 ἀφικνούμενος.
1348 1960 1509 2020 Ἀλλ’
1577 1962 1705 2017 ’ὁταν
1765 1957 1965 2016 ἐπιϐαί-

2091 1963 2317 2030 veneri,
2339 1986 2365 2012 ‹‹
2392 1960 2758 2017 assimilatus
2782 1959 3179 2031 estjumentis
3200 1960 3331 2029 (b).»
3354 1958 3532 2029 Atqui
3552 1957 3755 2029 profe-

317 2067 427 2103 νειν
487 2046 764 2123 ἀλλοτρίᾳ
816 2052 1002 2127 κοίτῃ,
1066 2050 1303 2128 ὄργῆσας
1362 2051 1437 2114 ὡς
1503 2050 1750 2123 ἀληθῶς,
1811 2049 1979 2120 θελή-

316 2157 412 2211 σῃ,
447 2136 573 2194 τότε
627 2143 706 2211 τῷ
764 2138 879 2195 ὄντι
936 2141 964 2195 ὁ
1020 2146 1273 2204 τοιοῦτος
1331 2140 1698 2216 ἐκθηριοῦταιο
1739 2164 1760 2192 ι
1792 2140 1981 2197 Ἴπποι

315 2224 661 2299 θηλυμανεῖς
716 2227 1071 2305 ἐγενήθησαν,
1151 2224 1377 2293 ἕκαστος
1462 2228 1552 2286 ἐπὶ
1603 2231 1703 2301 τὴν
1751 2233 1984 2304 γυναῖκα

311 2319 412 2370 τοῦ
443 2315 682 2388 πλησίον
744 2321 855 2392 (5'2)
910 2319 1288 2394 ἐχρεμέτιζον.
1323 2344 1351 2373 ››
1411 2320 1524 2377 Κᾶν
1572 2320 1680 2375 ἀπὸ
1708 2324 1816 2375 τῶν
1848 2318 1985 2376 ἀλό-

311 2424 430 2485 γῳν
483 2407 637 2475 ζώων
700 2409 799 2477 τήν
858 2407 1205 2480 ἐπιτήδευσιν
1264 2416 1364 2480 τῆς
1423 2404 1982 2488 συμϐουλίαςὸὅφις

313 2491 588 2571 ιῖληφὼς,
645 2496 737 2551 καὶ
794 2497 1136 2571 παραπείσας
1206 2501 1277 2572 τῇ
1351 2498 1610 2571 κοινωνίᾳ
1679 2499 1781 2566 τῆς
1835 2495 1979 2560 Εὔας

308 2585 734 2655 συγκαταθέσθαι
791 2585 887 2640 τὸν
948 2583 1143 2659 Ἀδὰμ,
1202 2585 1339 2661 λέγῃ
1409 2586 1485 2651 ὡς
1559 2585 1622 2642 ἂν
1684 2588 1761 2660 μὴ
1822 2586 1976 2660 φύσει

304 2671 473 2749 ταύτῃ
531 2675 896 2750 κεχρημένων
955 2679 1063 2730 τῶν
1123 2676 1599 2749 πρωτοπλαστων,
1649 2676 1724 2739 ὡς
1768 2673 1977 2746 ἀξιοῦσί

309 2780 475 2827 τινες·
517 2765 552 2833 ἡ
605 2764 780 2827 κτίσις
840 2764 1004 2820 πάλιν
1070 2762 1504 2840 βλασφημεῖται,
1562 2763 1974 2841 ἀσθενεστέρους

310 2851 440 2915 τοὺς
499 2853 824 2929 ἀνθρώπους
879 2861 980 2923 τῆς
1039 2858 1149 2909 τῶν
1203 2852 1418 2930 ἀλόγων
1469 2856 1682 2929 φύσεως
1737 2876 1976 2925 πεποιη-

310 2946 463 3015 κυῖα,
524 2945 609 3005 οἷς
676 2941 1168 3016 κατηκολούθησαν
1251 2945 1307 2999 οἱ
1392 2942 1820 3019 πρωτόπλαστοι
1876 2948 1973 3000 τοῦ

317 3035 472 3088 Θεοῦ.
508 3030 577 3087 Ei
606 3028 664 3087 δὲ
714 3035 750 3103 ἡ
810 3034 905 3106 μὶν
966 3032 1126 3108 φύσις
1178 3034 1308 3110 ἦγεν
1368 3033 1589 3103 αὐτοὺς,
1643 3034 1718 3097 ὡς
1765 3035 1857 3089 καὶ
1904 3035 1973 3089 τὰ

299 3120 511 3197 ἄλογα,
565 3121 706 3198 πρὸς
763 3120 1146 3189 παιδοποιίαν,
1201 3121 1530 3195 ἐκινήθησαν
1580 3121 1639 3179 δὲ
1688 3129 1883 3188 θᾶττον
1932 3125 1968 3196 ἢ

308 3216 591 3285 προσῆκον
642 3211 735 3282 ἦν,
784 3208 862 3267 ἔτι
910 3208 1022 3268 νέοι
1073 3213 1397 3291 πεφυκότες,
1449 3212 1629 3287 ἀπάτῃ
1657 3212 1972 3289 παραχθέν-

302 3318 412 3362 τεςο
444 3298 628 3356 δικαία
662 3301 757 3374 μὲν
789 3303 825 3371 ἡ
871 3301 1046 3375 κρίσις
1096 3306 1194 3357 τοῦ
1243 3306 1377 3358 Θεοῦ
1418 3301 1506 3358 ἰπὶ
1535 3301 1663 3366 τοὺς
1693 3303 1801 3359 οὐκ
1831 3303 1965 3358 ἀνα-

2092 2060 2206 2120 cto,
2228 2070 2365 2108 cum
2388 2052 2638 2107 libidine
2661 2066 2793 2105 vere
2812 2049 3137 2117 insaniens,
3155 2048 3355 2104 aliena
3375 2048 3527 2105 inire
3552 2048 3754 2104 volue-

2090 2147 2188 2208 rit,
2211 2144 2273 2206 ’Β
2304 2150 2445 2199 tunc
2472 2160 2696 2209 revera,
2722 2142 2823 2213 qui
2855 2141 2989 2196 talis
3042 2146 3151 2209 est,
3187 2141 3504 2195 efferatur:
3538 2162 3566 2188 ‹‹
3600 2140 3751 2212 Equi

2088 2236 2152 2291 in
2184 2233 2438 2289 feminas
2466 2232 2734 2287 furentes
2774 2231 2913 2285 facti
2969 2235 3128 2295 sunt,
3164 2228 3578 2300 unusquisque
3609 2228 3749 2285 hin-

2088 2324 2292 2380 niebat
2321 2323 2395 2379 ad
2423 2338 2667 2377 uxorem
2702 2320 2957 2393 proximi
3010 2319 3100 2373 sui
3135 2321 3223 2390 (0)·
3255 2340 3280 2366 »ι
3311 2317 3475 2383 Quod
3508 2319 3557 2374 si
3590 2318 3751 2375 dicat

2088 2420 2452 2486 serpentem,
2485 2429 2520 2467 a
2547 2411 2739 2466 brutis
2771 2408 3179 2465 animantibus
3228 2414 3471 2479 accepta
3508 2408 3745 2463 consilii

2089 2503 2179 2558 sui
2212 2502 2463 2560 ratione.
2498 2500 2725 2555 Adamo
2770 2499 3137 2570 persuasisse
3182 2497 3336 2553 202
3368 2502 3435 2552 ut
3462 2513 3599 2552 cum
3630 2499 3747 2553 Eva

2084 2591 2244 2646 coire
2272 2589 2659 2651 consentiret,
2686 2595 2968 2658 tanquam
2991 2585 3236 2656 alioqui,
3262 2591 3327 2640 ut
3357 2586 3602 2657 quidam
3628 2590 3745 2642 exi-

2084 2680 2350 2746 stimant,
2376 2677 2727 2750 protoplasti
2751 2678 2861 2731 hac
2882 2682 3094 2731 natura
3114 2675 3279 2730 usuri
3304 2692 3423 2730 non
3444 2675 3702 2732 fuissent
3726 2694 3741 2732 :

2080 2786 2290 2824 rursus
2319 2768 2689 2839 vituperatur
2718 2766 2961 2832 creatio,
2993 2772 3059 2820 ut
3088 2782 3218 2836 quas
3250 2764 3499 2819 rationis
3531 2781 3743 2837 exper-

2079 2859 2231 2915 tium
2262 2858 2664 2915 animantium
2691 2861 2906 2911 natura
2931 2856 3206 2911 homines
3234 2854 3444 2911 fecerit
3472 2854 3741 2911 imbecil-

2078 2948 2278 3012 liores,
2315 2962 2568 3018 quorum
2601 2944 2873 3016 exempla
2904 2945 3207 2999 consecuti
3234 2948 3392 3011 sunt,
3418 2943 3518 3015 qui
3551 2960 3585 2998 a
3615 2945 3734 3000 Deo

2077 3037 2256 3109 primi
2282 3035 2519 3090 formati
2548 3035 2736 3090 fuere.
2763 3034 2864 3088 Sin
2893 3039 3090 3089 autem
3113 3039 3327 3088 natura
3355 3032 3598 3103 quidem
3632 3049 3732 3089 eos

2078 3127 2232 3182 sicut
2258 3125 2435 3180 bruta
2490 3124 2735 3179 deduxit
2791 3123 2865 3179 ad
2925 3123 3185 3178 filiorum
3219 3121 3729 3195 procreationem;

2074 3216 2222 3271 moti
2253 3219 2453 3271 autem
2485 3220 2627 3270 sunt
2656 3214 2830 3269 citius
2862 3230 3042 3284 quam
3083 3212 3365 3285 Oportuit,
3397 3210 3605 3269 fraude
3636 3212 3728 3268 in-

2074 3303 2258 3364 ducti.
2293 3321 2427 3359 cum
2459 3303 2651 3359 adhuc
2684 3308 2886 3359 essent
2900 3302 3153 3375 juvenes
3178 3319 3192 3370 ;
3216 3303 3449 3374 justum
3482 3301 3729 3374 quidem

305 3388 589 3463 μείναντας
616 3390 680 3446 τὸ
734 3388 1017 3466 βούλημα.
1077 3392 1208 3467 ἁγία
1265 3388 1323 3446 δὲ
1378 3393 1414 3461 ἡ
1467 3392 1691 3467 γένεσις,
1743 3389 1812 3447 δι’
1842 3394 1903 3462 ἢν
1934 3394 1962 3448 ὁ

2080 3399 2167 3449 est
2196 3394 2300 3450 Dei
2321 3393 2621 3465 judicium
2652 3393 2714 3447 in
2746 3410 2847 3448 eos
2879 3393 2980 3464 qui
3003 3409 3125 3447 non
3149 3397 3569 3463 exspectarunt
3597 3391 3728 3463 ejus

297 3478 510 3552 κόσμος
572 3477 918 3550 συνέστηκεν,
971 3477 1043 3535 δι’
1088 3481 1151 3549 ἣν
1201 3480 1257 3535 αἱ
1309 3480 1510 3549 οὐσίαι,
1542 3478 1611 3536 δι’
1660 3482 1721 3551 ἢν
1772 3481 1827 3536 αἱ
1859 3479 1963 3560 φύ-

298 3588 435 3639 σεις,
468 3564 540 3623 δι’
578 3569 641 3638 ἢν
691 3565 943 3644 ἄγγελοι,
1002 3567 1074 3625 δι’
1128 3571 1191 3640 ἣν
1250 3568 1528 3645 δυνάμεις,
1564 3567 1635 3626 δι’
1662 3572 1728 3641 ἢν
1762 3572 1958 3648 ψυχαὶ,

300 3653 372 3712 δι’
418 3656 486 3727 ἥν
538 3656 779 3727 ἐντολαὶ,
830 3655 901 3714 δι’
946 3660 1007 3727 ἢν
1054 3654 1246 3733 νόμος,
1296 3656 1366 3714 δι’
1396 3661 1458 3730 ἣν
1490 3660 1553 3715 τὸ
1604 3659 1958 3736 Εὐαγγέλιον,

298 3743 373 3802 δι’
398 3747 461 3817 ἢν
491 3750 527 3818 ἡ
559 3751 759 3823 γνῶσις
802 3752 905 3804 τοῦ
954 3752 1110 3809 Θεοῦ.
1164 3774 1194 3802 ‹‹
1226 3750 1328 3807 Καὶ
1379 3755 1526 3805 πᾶσα
1572 3749 1701 3824 σὰρξ
1732 3749 1957 3827 χόρτος,

292 3835 566 3893 καῖπᾶσα
621 3834 752 3908 δόξα
809 3838 1100 3912 ἀνθρώπου
1157 3839 1234 3903 ὡς
1283 3835 1445 3904 ἄνθος
1505 3839 1733 3915 χόρτου*
1788 3841 1880 3895 καὶ
1928 3841 1957 3896 ὁ

298 3925 397 3999 μὶν
426 3928 543 4000 (53)
574 3922 779 4003 χόρτος
810 3926 1145 4004 ξηραίνεταί,
1193 3928 1257 3984 τὸ
1311 3926 1370 3984 δὲ
1402 3926 1564 3991 ἄνθος
1607 3929 1955 3993 καθαπίπτεν

2069 3483 2435 3538 voluntatem
2461 3500 2473 3537 :
2499 3488 2703 3539 sancta
2724 3487 2815 3537 est
2834 3488 3034 3539 autem
3059 3482 3387 3555 generatio,
3410 3498 3518 3554 per
3542 3498 3722 3553 quam

2070 3572 2330 3629 mundus
2348 3572 2754 3644 consistit,per
2770 3589 2950 3644 quam
2974 3571 3270 3640 essentioa,
3286 3588 3392 3643 per
3414 3587 3596 3642 quam
3618 3586 3722 3626 na-

2070 3669 2241 3732 turae,
2272 3679 2380 3735 per
2402 3679 2583 3734 quam
2613 3662 2828 3735 angeli,
2875 3679 2981 3734 per
3031 3678 3211 3733 quam
3243 3666 3587 3734 potestates,
3620 3677 3728 3733 per

2070 3770 2250 3826 quam
2282 3751 2517 3819 animas,
2548 3769 2653 3824 per
2683 3769 2864 3824 quam
2909 3758 3225 3824 praecepta,
3258 3768 3364 3823 per
3393 3767 3573 3822 quam
3604 3750 3724 3818 lex,

2068 3860 2177 3914 per
2206 3858 2385 3914 quam
2416 3842 2819 3914 Evangelium,
2842 3859 2949 3914 per
2975 3858 3156 3913 quam
3180 3841 3283 3896 Dei
3313 3841 3571 3915 cognitio
3604 3860 3631 3893 ι
3654 3842 3725 3896 Ει

2068 3932 2267 3988 omnis
2295 3947 2432 3987 caro
2462 3930 2688 3997 fenum,
2722 3936 2782 3986 et
2811 3930 3003 3987 omnis
3030 3930 3219 4003 gloria
3246 3931 3377 4002 ejus
3408 3930 3580 4002 quasi
3609 3929 3723 3987 flos

363 4045 430 4111 is
457 4048 522 4102 P.
554 4049 657 4103 559
691 4048 803 4103 ΕΙ).
866 4049 1158 4118 ΡΟΤΤΕΒ,
1190 4051 1295 4105 470
1319 4051 1433 4106 ED.
1462 4050 1537 4121 (a)
1562 4051 1589 4105 Ι
1615 4054 1748 4108 Cor.
1780 4068 1857 4117 1x,
1889 4054 1965 4121 27:

2084 4094 2096 4107 .
2128 4050 2201 4121 (b)
2234 4049 2384 4106 Psal.
2412 4065 2605 4115 XLVIII,
2637 4051 2702 4103 13
2727 4052 2815 4104 21.
2850 4049 2918 4120 (ο)
2941 4050 3158 4105 Jerem.
3189 4065 3242 4118 ν,
3273 4050 3325 4105 8.

290 4158 467 4246 πάντα
499 4159 897 4246 ἱγκρατεύεται,
957 4162 1022 4217 οὗ
1077 4164 1293 4246 πάντων
1354 4162 1725 4246 ἀπεχόμενος.
1753 4169 1953 4246 Neque

290 4241 496 4307 tamen
528 4235 858 4307 rejicienda
888 4242 978 4291 est
1004 4237 1242 4307 vulgata
1259 4235 1548 4304 versiofur
1569 4238 1641 4293 ab
1672 4235 1954 4294 omnibus

292 4324 359 4363 se
374 4306 636 4382 abstinet
649 4324 663 4375 ;
676 4330 709 4382 _»
724 4325 903 4379 quam
919 4308 1081 4364 vides
1093 4306 1581 4382 Chrysostomum
1596 4311 1951 4382 exprimere;

293 4386 357 4454 et
372 4378 797 4454 advertendum
832 4386 943 4440 est.
968 4378 1658 4454 haereticos,quibuscum
1676 4378 1957 4454 disputat

290 4451 899 4526 Clemens,_abstinere
918 4468 951 4508 a
972 4452 1300 4526 cibis.quos
1320 4454 1472 4509 Deus
1491 4455 1736 4519 creavit;
1759 4451 1955 4526 ipsum

290 4527 496 4596 autem
520 4523 689 4585 velle.
714 4530 781 4579 ut
805 4540 925 4579 non
949 4523 1190 4596 penitus
1213 4524 1645 4591 abstineamus,
1675 4523 1957 4582 sed—con-

2066 4154 2545 4242 διὰ-σωφροσύνης
2575 4164 2728 4228 αὖθις
2759 4164 3045 4242 παρθένος·
3102 4186 3131 4216 ‹‹
3162 4166 3269 4231 Qui
3302 4165 3461 4242 enim
3495 4182 3717 4223 concu-

2064 4239 2211 4311 pivit
2240 4237 2536 4310 et’postea
2568 4255 2630 4292 se
2657 4238 2971 4302 continuit,
3004 4237 3195 4311 instar
3219 4243 3311 4293 est
3343 4238 3550 4304 viduas,
3585 4256 3717 4310 quae

2064 4310 2171 4383 per
2200 4311 2654 4383 temperantiam
2688 4327 2893 4365 rursus
2926 4312 3083 4381 virgo
3108 4310 3222 4383 sit.
3257 4331 3286 4360 ››
3317 4311 3718 4367 Tertullianus

2065 4382 2174 4438 sub
2207 4382 2385 4455 finem
2421 4382 2522 4437 lib.
2558 4401 2574 4436 ι
2604 4383 2695 4455 Ad
2724 4399 3041 4455 armeme-
3075 4382 3200 4455 Non
3224 4388 3454 4455 tantum
3480 4383 3717 4455 virgini-

2065 4455 2177 4510 bus
2206 4454 2410 4510 datum
2434 4454 2835 4526 opinor.Licet
2855 4454 2915 4508 in
2938 4453 3056 4508 illis
3083 4452 3393 4525 integritas
3424 4452 3634 4525 solida,
3659 4460 3719 4511 et

2066 4531 2191 4583 tota
2211 4525 2494 4582 sanctitas
2517 4526 2588 4581 de
2613 4525 2881 4598 proximo
2911 4526 3209 4598 visurasit
3227 4526 3439 4581 faciem
3471 4527 3596 4593 Dei,
3629 4533 3715 4584 ta-

292 4595 560 4651 tinenter
578 4602 842 4670 utamur,
865 4595 1064 4670 idest,
1091 4613 1228 4653 cum
1249 4597 1658 4655 moderatione
1690 4604 1949 4668 utamur,
1986 4602 2030 4668 Β
2061 4616 2200 4655 men
2230 4598 2407 4655 vidua
2436 4595 2626 4654 habet
2644 4598 2872 4669 aliquid
2891 4597 3235 4670 operosius;
3261 4598 3401 4669 quia
3430 4598 3603 4654 facile
3626 4604 3718 4656 est

287 4683 432 4794 Eum
467 4684 618 4739 opus
640 4669 790 4735 erit;
819 4673 878 4724 et
901 4668 1331 4735 abstineamus,
1355 4687 1488 4725 cum
1512 4687 1662 4742 opus
1691 4671 1950 4729 nouerit.

336 4755 567 4794 OLLscr.

336 4755 567 4796 OLLBC‘I'.

366 4809 481 4883 (49)
511 4809 788 4881 Ἀκονητί.
841 4812 1232 4870 Scribendum
1280 4814 1481 4887 potius
1520 4811 1754 4886 ἀκονιτί,
1787 4832 1823 4872 a
1848 4814 1949 4869 κό-

286 4900 396 4942 νις.

364 4953 480 5026 (50)
508 4953 584 5030 'H_
616 4948 682 5023 δή
714 4972 879 5015 τινες.
900 4955 1057 5030 Flor.
1094 4957 1260 5027 edit,
1280 4952 1392 5030 ⁴ἤδη
1416 4976 1578 5027 τινες,
1613 4957 1785 5030 «jam
1816 4958 1949 5030 qui-

290 5022 491 5109 dam.»
505 5022 707 5109 minus
720 5032 877 5109 apte.
895 5027 1151 5109 SjLsunc
1175 5022 1611 5109 —'Vultau9_to_r
1624 5022 1947 5109 nfonnullos

286 5097 530 5172 viduam
558 5097 772 5172 virgini
800 5099 1102 5170 praeferre,
1154 5116 1223 5157 eo
1269 5101 1429 5172 quod
1469 5102 1778 5159 difficilius
1808 5104 1882 5159 sit
1914 5120 1950 5159 a

285 5168 694 5246 vpluptatibtfs
712 5168 1067 5243 temperare,
1083 5190 1231 5244 quas
1254 5168 1477 5246 ciperti
1502 5173 1746 5246 fuimus.
1767 5192 1947 5246 quam

290 5240 366 5316 ab
399 5240 540 5304 illis.
573 5260 722 5314 quas
754 5240 1063 5315 nunquam
1102 5240 1425 5301 sensim-us.
1460 5245 1735 5316 Clemens
1770 5240 1941 5316 intra,

287 5314 494 5392 Shjom.
526 5332 627 5392 vn,
662 5331 793 5387 pag.
829 5316 934 5392 754
989 5316 1130 5392 edit.
1188 5316 1376 5392 Paris.
1409 5334 1437 5392 :_
1464 5315 1730 5392 Μέγιστον
1762 5314 1943 5392 γὰρ-ἒν

284 5381 798 5463 πείραᾳγενόμένον,
832 5384 974 5463 εἶ”ιτιπιΔ
996 5386 1352 5463 ἀποσχέσθαι.
1386 5386 1463 5463 τί,
1493 5381 1593 5462 γὰρ
1646 5381 1801 5462 μέγα.
1835 5381 1887 5444 ξι
1914 5388 1948 5443 ’ὰ

293 5453 552 5532 μήοἶδὶν
579 5453 686 5521 τὶς,
721 5455 1099 5532 έγκρατεύοιτο
1129 5453 1203 5523 ;"«
1240 5464 1344 5518 Est
1373 5453 1533 5518 enim
1562 5453 1657 5519 res
1690 5453 1949 5519 maxima

288 5546 424 5607 cum
453 5531 979 5607 quisAvoluptatem
1008 5540 1285 5606 expertus
1306 5533 1506 5607 fuerit,
1530 5534 1813 5607 deinceps
1844 5535 1945 5591 ab-

291 5602 539 5678 stinere.
574 5603 724 5671 Quid
756 5602 1248 5678 enimmagnum,
1293 5606 1342 5662 si
1389 5607 1523 5678 quis
1554 5624 1615 5663 se
1647 5602 1950 5664 contineat

288 5674 367 5754 ab
395 5673 472 5754 iis
504 5692 636 5754 qum
660 5676 966 5754 non_novit
985 5677 1013 5733 ?
1039 5673 1068 5728 ί)
1090 5673 1275 5754 _Pau_lo
1301 5673 1459 5749 ante,
1496 5696 1552 5754 p_.
1579 5684 1692 5754 ⁸’742
1716 5680 1819 5754 εῘΟ
1841 5679 1945 5754 γὰρ

293 5693 367 5732 ιι)
398 5693 472 5731 ns
546 5693 636 5733 um
660 5693 781 5733 non
801 5693 966 5732 novn
985 5693 1013 5733 τ
1039 5700 1068 5728 ››
1097 5693 1275 5736 Paulo
1301 5693 1459 5749 ante,
1496 5696 1552 5753 p.
1587 5693 1692 5736 742
1716 5697 1729 5735 :
1763 5693 1819 5734 ὐ
1841 5693 1945 5754 γαρ

293 5693 667 5821 Inmunis“,
715 5747 804 5802 καὶ
862 5748 1152 5824 κατασχὼν
1211 5750 1425 5821 δαυτοῦ,
1453 5751 1697 5828 καθάπερ
1726 5753 1761 5822 ἡ
1795 5753 1948 5829 χήρα

2062 4688 2183 4726 non
2212 4678 2494 4743 appetere
2524 4670 2682 4741 quod
2714 4670 2967 4743 nescias,
2992 4674 3050 4743 et
3079 4670 3335 4725 aversari
3369 4670 3527 4740 quod
3559 4670 3719 4727 desi-

2058 4742 2358 4799 deraveris
2414 4759 2746 4813 nunquam.
2799 4742 3119 4814 Floriosior
3158 4743 3548 4810 continentia,
3581 4759 3715 4814 qua;

2051 4815 2154 4888 jus
2181 4831 2356 4888 suum
2388 4815 2589 4888 sentit,
2636 4831 2767 4888 quae
2818 4813 2976 4888 quod
3024 4813 3237 4888 viderit
3272 4813 3717 4888 novit._Poterit

2059 4885 2220 4959 virgo
2243 4886 2475 4942 felicior
2496 4886 2731 4959 haberi;
2756 4892 2817 4941 at
2831 4886 3006 4941 vidua
3025 4885 3407 4959 laboriosior;
3427 4885 3533 4959 illa
3554 4887 3713 4958 quod

2057 4957 2282 5014 bonum
2314 4974 2551 5030 semper
2570 4958 2802 5025 habuit,
2829 4958 2941 5014 ista
2962 4958 3120 5029 quod
3153 4958 3375 5014 bonum
3404 4957 3514 5013 sibi
3548 4957 3713 5013 inve-

2058 5031 2167 5086 nit.
2197 5053 2223 5079 »
2255 5030 2584 5102 Cyprianus
2608 5033 2682 5085 De
2703 5031 2843 5084 bono
2860 5033 3147 5101 patientia:
3171 5047 3189 5084 :
3214 5053 3240 5079 ››
3271 5032 3491 5102 Τιιθῑῗιιῐ·
3509 5030 3570 5102 ign
3595 5030 3708 5084 vir-

2056 5100 2559 5177 ginibus‘beatam
2591 5100 3014 5177 integritatem,
3042 5104 3105 5157 in
3125 5102 3323 5177 viduis
3350 5100 3708 5177 laboriosam

2058 5171 2410 5247 castitatem.
2438 5197 2457 5223 ο
2482 5174 2876 5247 Hieronymus
2892 5175 3143 5247 epist.ad
3157 5173 3526 5247 Gerontiam:
3547 5195 3567 5220 ι
3587 5171 3707 5227 Vir-

2057 5248 2273 5321 ginitas
2297 5245 2356 5301 in
2382 5244 2835 5321 eofacilior'est,
2861 5244 3025 5321 quod
3042 5246 3237 5321 carnis
3266 5244 3559 5321 incentiva
3584 5261 3707 5321 non

2057 5316 2256 5384 novit;
2284 5323 2340 5373 et
2371 5318 2626 5375 viduitas
2654 5319 2715 5373 in
2747 5335 2814 5374 eo
2838 5316 3170 5387 sollicitior,
3195 5316 3351 5387 quod
3375 5316 3707 5389 praeteritas

2057 5392 2257 5447 animo
2290 5391 2501 5446 recolit
2529 5391 2879 5461 voluptates.
2917 5413 2943 5440 ››

2128 5464 2247 5535 (51)Δ
2273 5466 2577 5535 Κασσιανῷ.
2632 5459 2735 5517 Ille
2786 5461 3059 5535 superius
3106 5460 3328 5535 dicitur
3380 5464 3480 5527 τῆς
3528 5459 3708 5529 A0215—

2056 5555 2191 5665 σὲιειῗ
2218 5532 2429 5664 ὂξχῳν,
2450 5560 2476 5587 ‹‹
2504 5532 2677 5593 sectae
2700 5532 3050 5591 Docetarum
3071 5533 3372 5606 princeps,
3399 5555 3420 5585 ι
3448 5548 3578 5608 pag.
3602 5535 3706 5590 465

2058 5625 2088 5664 e
2135 5627 2150 5663 ι
2187 5653 2199 5665 .
2279 5625 2417 5665 aris.

2058 5609 2199 5665 edit.
2233 5609 2417 5665 Paris.

2128 5681 2241 5754 (5‘2)
2270 5677 2539 5751 Πλησίον.
2570 5675 2815 5754 Πλησίον
2848 5675 3035 5754 αὐτοῦ,
3066 5678 3280 5754 Jerem.

2130 5748 2236 5824 (53)
2266 5748 2389 5808 Kal‘
2420 5754 2448 5806 ὁ
2500 5773 2558 5825 μ.
2619 5752 2728 5809 lsa.
2788 5767 2897 5807 XL:
2954 5749 3252 5825 Ἔξηράνθη
3286 5749 3315 5805 ὁ
3348 5748 3574 5825 χόρτος,
3615 5749 3705 5805 καὶ
