4138 6388
381 350 520 407 120⁵7

1635 348 2046 404 CLEMENTIB
2079 348 2587 406 ALEXANDBINI

3668 349 3813 407 ίωϐ

378 476 555 541 femi;
579 479 639 531 et
659 474 865 531 fenum
886 471 1128 544 quidem
1154 470 1625 540 exsiccatur,ﬂos
1646 476 1844 527 autem
1867 472 2027 527 deci-

2146 467 2293 524 ἀλλὰ
2338 470 2404 525 τὸ
2449 470 2603 545 ῥῆμα
2640 474 2741 527 τοῦ
2790 469 2993 546 Κυρίου
3050 471 3218 544 μένει,
3260 492 3290 523 ν
3336 472 3400 527 τὸ
3453 475 3652 549 χρῖσαν
3705 475 3813 542 τὴν

380 565 602 630 dit,sed
617 564 859 621 verbum
884 562 1116 617 Domini
1140 566 1370 625 manet;
1392 574 1523 628 tat,»
1543 562 1700 633 quod
1719 562 1886 616 unxit
1901 563 2028 617 ani-

380 672 541 712 mam
575 662 628 709 et
659 652 1083 724 uniitspiritui.
1107 652 1409 717 Quomodo
1435 658 1658 720 autem,
1682 669 1815 723 quas
1847 658 1938 707 est
1968 653 2029 706 in

380 745 644 801 Ecclesia
674 749 899 810 nostra,
930 743 1263 798 (Bconomia
1310 742 1384 796 ad
1435 742 1617 796 ﬁnem
1650 742 1892 813 perduci
1924 759 2029 813 po-

378 835 595 889 tuisset
621 834 848 903 absque
894 848 1164 903 corpore,
1211 849 1347 887 cum
1397 832 1577 887 etiam
1626 832 1776 903 ipse,
1807 832 1909 903 qui
1941 837 2032 887 est

378 930 556 996 caput
575 923 874 985 Ecclesiae,
899 922 960 975 in
983 938 1161 977 carne
1189 921 1431 992 quidem
1454 922 1728 975 informis
1756 926 1810 975 et
1833 921 2028 992 specie

377 1029 586 1068 carens
616 1013 796 1067 vitam
828 1012 1082 1079 transiit,
1116 1018 1183 1066 ut
1222 1010 1463 1065 doceret
1492 1027 1601 1066 nos
1632 1010 1930 1081 respicere
1955 1010 2030 1065 ad

375 1107 651 1157 naturam
683 1100 896 1155 divinas
923 1117 1116 1154 causae
1137 1098 1455 1153 informem
1485 1103 1544 1180 et
1573 1096 2033 1169 incorpoream‘?

380 1213 407 1240 ‹‹
438 1190 630 1245 Arbor
651 1190 813 1246 enim
837 1190 989 1257 vitai,
1010 1211 1037 1239 ››
1061 1188 1258 1259 inquit
1278 1189 1587 1260 propheta,
1614 1212 1632 1235 α
1660 1193 1751 1242 est
1780 1188 1841 1241 in
1874 1187 2029 1241 bono

375 1279 673 1336 desiderio
687 1280 818 1349 (b),n
841 1278 1062 1333 docens
1077 1278 1235 1333 bona
1252 1285 1310 1333 et
1330 1277 1553 1332 munda
1575 1276 2032 1347 desideria,quaa

377 1375 519 1425 sunt
548 1369 609 1424 in
635 1369 886 1423 Domino
914 1369 1160 1423 vivente.
1191 1368 1320 1422 1am
1352 1383 1487 1423 vero
1523 1366 1730 1421 volunt
1757 1366 1863 1420 viri
1895 1382 2031 1421 cum

374 1475 560 1513 uxore
584 1459 643 1513 in
666 1458 1051 1514 matrimonio
1074 1456 1597 1521 consuetudinem,
1614 1473 1745 1527 quin
1763 1456 1923 1512 dicta
1945 1461 2034 1510 est

376 1569 405 1599 κ
438 1548 717 1621 cognitio,
756 1570 780 1596 η
817 1564 946 1601 esse
979 1553 1327 1618 peccatum:
1362 1563 1493 1601 eam
1526 1546 1746 1618 quippe
1777 1545 2030 1601 indicari

374 1652 445 1692 ex
477 1654 580 1692 esu
603 1660 629 1686 ιι
656 1637 799 1709 ligni
822 1636 964 1691 boni
987 1641 1045 1691 et
1065 1636 1205 1691 mali
1227 1637 1321 1707 (ε),
1343 1658 1370 1685 ››
1395 1652 1502 1707 per
1533 1636 2032 1708 significationem

372 1727 552 1799 hujus
574 1727 841 1782 vocabuli
873 1746 893 1773 ι
920 1726 1191 1799 cognovit
1211 1726 1308 1795 (d),
1334 1747 1359 1773 ι)
1383 1741 1515 1796 qua:
1538 1725 1803 1780 mandati
1838 1730 2032 1779 trans-

371 1816 741 1889 gressionem
774 1820 960 1871 notat.
996 1815 1051 1870 Si
1084 1820 1283 1869 autem
1342 1815 1453 1870 hoc
1503 1815 1587 1870 ita
1626 1819 1735 1879 est,
1770 1815 2031 1869 veritatis

372 1922 611 1977 quoque
642 1905 924 1978 cognitio,
959 1908 1049 1959 est
1104 1921 1240 1958 esus
1289 1904 1435 1975 ligni
1480 1904 1631 1959 vitae.
1669 1906 1869 1958 Potest
1898 1920 2034 1976 ergo

370 1996 691 2051 honestum
723 2011 792 2050 ac
824 1994 1197 2049 moderatum
1225 1994 1677 2048 matrimonium
1704 1993 1865 2048 illius
1890 2010 2039 2065 quo—

374 2101 489 2155 que
522 2084 667 2157 ligni
697 2101 828 2139 esse
851 2083 1166 2155 particeps.
1192 2082 1370 2137 Nobis
1388 2089 1583 2138 autem
1610 2083 1776 2153 prius
1808 2082 2035 2137 dictum

372 2180 483 2241 est,
505 2174 664 2244 quod
686 2173 826 2229 licet
849 2172 997 2227 bene
1020 2179 1074 2227 et
1101 2172 1255 2227 male
1280 2173 1365 2227 uti
1393 2173 1775 2228 matrimonio
1803 2189 1815 2225 :
1842 2178 1901 2226 et
1924 2172 2037 2226 hoc

373 2269 465 2318 est
494 2263 721 2336 lignum
754 2285 782 2312 ‹‹
819 2262 1198 2334 cognitionis,
1234 2286 1256 2313 ι
1295 2262 1343 2315 si
1378 2278 1496 2316 non
1529 2260 2038 2332 transgrediamur

372 2352 533 2426 leges
567 2352 957 2407 matrimonii.
993 2350 1143 2416 Quid
1175 2367 1312 2405 vero
1336 2351 1363 2405 ‘I
1393 2367 1594 2406 annon
1627 2352 1899 2406 Servator
1927 2366 2035 2405 no-

375 2448 517 2508 ster,
546 2441 700 2496 sicut
719 2441 1005 2505 animam,
1023 2441 1105 2495 ita
1126 2439 1304 2494 etiam
1330 2456 1545 2511 corpus
1562 2440 1790 2495 curavit
1810 2438 1882 2494 ab
1901 2440 2037 2494 aﬂ‘e-

373 2530 675 2587 ctionibus
693 2531 720 2586 ?
740 2532 941 2601 Neque
958 2546 1096 2585 vero
1121 2529 1168 2584 si
1193 2535 1353 2585 esset
1373 2546 1508 2585 caro
1533 2529 1776 2585 inimica
1796 2528 2033 2597 animas,

375 2621 685 2676 inimicam
718 2637 824 2691 per
853 2619 1126 2675 sanitatis
1157 2620 1601 2675 restitutionem
1630 2618 1911 2675 adversus
1944 2619 2036 2690 ip-

379 2726 505 2765 sam
539 2709 876 2765 muniisset.
928 2731 955 2759 ‹‹
990 2709 1109 2764 Ηοο
1153 2715 1353 2764 autem
1404 2709 1556 2777 dico,
1603 2709 1836 2764 fratres.
1872 2706 2033 2779 quod

367 2799 432 2863 ›ι‹
456 2816 592 2856 caro
621 2805 680 2855 et
709 2799 952 2871 sanguis
983 2814 1230 2870 regnum
1263 2798 1366 2852 Dei
1398 2814 1519 2853 non
1552 2803 1804 2869 possunt
1834 2796 2032 2869 possi-

371 2889 536 2956 dere,
554 2906 750 2961 neque
770 2889 1071 2960 corruptio
1088 2887 1352 2959 possidet
1365 2887 1875 2960 incorruptionem
1899 2888 2030 2959 (3).»

370 2979 687 3034 Peccatum
721 2978 903 3045 enim,
936 2994 1071 3032 cum
1104 2978 1182 3032 sit
1207 3002 1225 3025 -
1263 2978 1587 3049 corruptio,
1622 3000 1650 3026 ››
1684 2994 1804 3032 non
1835 2981 2033 3048 potest

366 3066 588 3123 habere
620 3067 964 3123 societatem
997 3083 1133 3121 cum
1156 3089 1183 3116 ‹‹
1210 3066 1682 3138 incorruptione,
1719 3088 1745 3116 ››
1779 3084 1911 3137 quaa
1945 3071 2035 3122 est

360 3157 616 3229 justitia.
651 3178 678 3206 «
714 3156 878 3211 Adeo
912 3154 1099 3227 stulti,
1134 3176 1161 3206 »
1198 3155 1415 3227 inquit,
1466 3178 1493 3205 «
1526 3156 1715 3211 estis?
1743 3172 1878 3211 cum
1913 3155 2031 3228 spi-

364 3227 486 3303 ritu
514 3245 832 3319 cmperitis,
879 3262 1041 3301 nunc
1091 3261 1269 3301 carne
1321 3245 1826 3301 consummamini
1854 3227 1970 3318 (f)?
2000 3266 2029 3295 ››
2063 3227 2107 3295 C

2137 561 2325 635 ψυχὴν
2378 561 2466 616 καὶ
2529 561 2736 633 ἒνῷσαν
2789 566 2871 634 τῷ
2927 560 3220 634 πνεύματι.
3276 565 3400 625 Πῶς
3435 560 3479 617 δ’
3532 564 3657 619 ἀνευ
3708 567 3814 617 τοῖ’)

2137 648 2392 722 σώματος
2423 652 2457 720 ἡ
2492 651 2629 706 κατᾶ
2678 652 2778 720 τήν
2836 649 3167 721 Ἐκκλησίαν
3222 652 3342 706 καθ’
3395 653 3545 725 ἡμᾶς
3587 652 3813 707 οἰκονο-

2141 737 2235 811 μία
2291 738 2451 801 τὲλος
2509 734 2837 812 ἐλᾶμϐανεν,
2897 739 3037 795 ὅπου
3096 761 3156 815 γε
3214 740 3303 795 καὶ
3336 740 3558 811 οὐτὸςὴ
3593 740 3808 820 κεφαλή

2134 834 2236 897 τῆς
2268 825 2599 900 Ἑκκλησίας
2643 828 2695 884 ἐν
2754 828 2914 901 σπιρκῖ
2978 830 3076 901 μὲν
3126 827 3306 898 ἀηδὴς
3336 834 3449 902 (54)
3481 828 3813 900 διελήλυθεν

2137 918 2228 972 καὶ
2280 915 2549 995 ἄμορφος,
2595 918 2672 981 εἷς
2718 921 2780 973 τὸ
2827 915 3004 980 ἀειδὲς
3047 919 3139 973 καὶ
3190 920 3483 993 ἀσώματον
3525 926 3625 989 τῆς
3658 919 3813 983 θείας

2137 1006 2315 1068 αἰτίας
2372 1002 2706 1062 ἀποϐλέπειν
2763 1010 2914 1080 ἡμᾶς
2967 1004 3281 1077 διδάσκων;
3342 1033 3369 1059 (‹
3419 1004 3649 1083 Δὲνδρον
3703 1009 3808 1085 γὰρ

2142 1101 2309 1165 ζωῆς,
2366 1119 2394 1148 ››
2455 1095 2619 1174 φησὶν
2699 1098 2727 1152 ὁ
2801 1098 3093 1174 προφήτης
3151 1102 3288 1171 (55),
3350 1121 3379 1149 ιι
3430 1096 3482 1152 ἐν
3539 1094 3811 1171 ἐπιθυμίᾳ

2138 1185 2319 1261 ἀγαθῇ
2367 1186 2595 1262 γίνεται,
2643 1210 2671 1237 ››
2730 1182 2999 1241 διδάσκων
3057 1184 3357 1260 ἐπιθυμίας
3415 1186 3659 1249 ἀστείους
3714 1188 3809 1243 καὶ

2138 1274 2377 1349 καθαρὰς
2409 1274 2503 1336 τὰς
2533 1273 2585 1329 ἐν
2630 1279 2707 1346 τῷ
2739 1278 2899 1345 ζῶντι
2952 1274 3165 1350 Κυρίῳ.
3235 1272 3380 1347 Ἤδη
3438 1272 3497 1330 δὲ
3553 1275 3811 1341 ἐθέλουσι

2137 1364 2238 1432 τήν
2295 1360 2486 1437 ἀνδρὸς
2541 1363 2676 1418 κατὰ
2756 1362 2935 1440 γάμον
3019 1363 3155 1438 πρὸς
3237 1369 3471 1439 γυναῖκα
3551 1364 3810 1437 ὁμιλίαν,

2146 1477 2168 1502 ι
2204 1456 2464 1527 γνῶσιν»
2514 1452 2835 1528 εἰρημένης,
2896 1452 3162 1528 ἁμαρτίαν
3224 1453 3381 1508 εἶναι·
3441 1452 3648 1525 ταύτην
3705 1456 3811 1530 γὰρ

2143 1541 2247 1596 ὑπὸ
2278 1548 2379 1611 τῆς
2433 1542 2691 1617 βρώσεως
2737 1542 3034 1615 μηνῦεσθαι
3084 1567 3113 1594 ι(
3144 1545 3242 1598 τοῦ
3291 1543 3458 1614 ξύλου
3502 1547 3598 1598 τοῦ
3629 1542 3807 1599 καλοῦ

2141 1630 2233 1686 καὶ
2264 1635 2531 1708 πονηροῦ,
2568 1656 2595 1682 ›ι
2658 1628 2748 1686 διὰ
2801 1638 2902 1701 τῆς
2950 1635 3049 1687 τοῦ
3106 1656 3135 1684 ‹‹
3164 1628 3300 1707 ἔγνω
3335 1656 3363 1683 ››
3396 1631 3670 1705 σημασίας
3698 1653 3803 1687 παι

2144 1714 2372 1797 ράϐασιν
2423 1718 2648 1790 ἐντολῆς
2694 1717 3073 1779 διδάσκουσαν.
3106 1720 3171 1778 Ei
3203 1719 3261 1776 δὲ
3289 1725 3475 1794 τοῦτο,
3515 1721 3607 1777 καὶ
3638 1723 3673 1793 ἡ
3707 1728 3808 1793 τῆς

2145 1806 2408 1879 ἀληθείας
2439 1813 2642 1884 γνῶσις
2703 1809 2907 1885 βρῶσίς
2964 1809 3075 1864 ἐστι
3130 1813 3229 1866 τοῦ
3287 1809 3453 1881 ξύλου
3501 1817 3602 1881 τῆς
3634 1816 3810 1881 ζωῆς.

2147 1898 2331 1954 Ἔστιν
2386 1898 2477 1953 οὖν
2535 1898 2787 1954 κάκείνου
2841 1903 2939 1955 τοῦ
2997 1898 3162 1970 ξύλου
3213 1895 3544 1973 μεταλαϐεῖν
3574 1899 3667 1955 τὸν
3698 1901 3810 1954 σώ-

2146 2009 2319 2067 φρονα
2346 1988 2545 2064 γάμον.
2597 1988 2925 2066 Προείρηται
2984 1986 3043 2044 δὲ
3098 1991 3234 2062 ἡμῖν
3281 1990 3353 2051 ὡς
3382 1988 3472 2045 καὶ
3504 1987 3687 2053 καλῶς
3716 1993 3811 2045 καὶ

2144 2083 2327 2143 κακῶς
2355 2074 2466 2133 ἔστι
2527 2080 2836 2155 χρήσασθαι
2894 2083 2975 2153 τῷ
3028 2081 3215 2155 γάμῳ*
3276 2078 3366 2135 καὶ
3422 2082 3573 2135 τοῦτ’
3603 2074 3813 2136 ἔστιτὸ

2146 2167 2308 2238 ξύλον
2369 2193 2396 2220 ι(
2443 2171 2542 2237 τῆς
2591 2168 2868 2245 γνώσεως,
2904 2194 2932 2222 ››
2992 2171 3080 2225 ἐὰν
3144 2171 3221 2244 μὴ
3280 2174 3689 2244 παρανομῶμεν
3715 2170 3810 2225 τὸν

2144 2258 2349 2332 γάμον.
2382 2258 2442 2313 Τί
2476 2255 2533 2313 δὲ
2560 2278 2574 2328 ;
2627 2258 2752 2335 οὐχὶ
2788 2260 2816 2313 ὁ
2850 2261 3074 2336 Σωτήρ,
3124 2260 3306 2335 ὥσπερ
3336 2262 3439 2330 τὴν
3471 2262 3684 2337 ψυχήν,
3714 2259 3810 2315 οὕ-

2142 2369 2221 2404 τω
2255 2345 2311 2403 δὶ
2340 2348 2431 2404 καὶ
2472 2348 2533 2404 τὸ
2592 2354 2752 2422 σῶμα
2804 2351 2923 2405 ἱᾶτο
2978 2354 3087 2404 τῶν
3142 2354 3327 2405 παθῶν
3360 2370 3373 2419 ;
3410 2349 3523 2408 Οὐκ
3554 2349 3615 2405 ἃν
3650 2346 3731 2420 δὲ,
3763 2349 3814 2406 εἰ

2144 2438 2320 2514 ἐχθρᾶ
2352 2440 2385 2507 ἡ
2420 2437 2547 2512 σὰρξ
2605 2437 2671 2508 ἦν
2727 2445 2831 2509 τῆς
2888 2442 3100 2515 ψυχῆς,
3157 2439 3497 2517 ἐπετείχιζεν
3531 2441 3671 2515 αὐτῇ
3704 2441 3808 2510 τήν

2144 2526 2345 2603 ἐχθρὰν
2375 2523 2447 2581 δι’
2478 2525 2686 2601 ὑγιείας
2740 2525 3032 2598 ἒπικιάζων
3093 2530 3225 2603 (56).
3288 2553 3314 2580 ‹‹
3345 2532 3516 2584 Τοῦτο
3549 2525 3607 2584 δὲ
3633 2550 3808 2608 φημι,

2142 2614 2395 2693 ἀδελφοί,
2429 2615 2512 2671 ὅτι
2545 2617 2671 2691 σὰρξ
2702 2618 2792 2672 καὶ
2844 2620 2984 2692 αἷμα
3044 2618 3322 2695 βασιλείαν
3357 2623 3494 2673 Θεοῦ
3523 2617 3808 2695 κληρονο-

2147 2709 2316 2779 μῆσαι
2346 2703 2405 2760 οὐ
2439 2702 2655 2760 δύναται
2707 2710 2839 2779 (57)·
2903 2704 3030 2762 οὐδὲ
3062 2709 3096 2777 ἡ
3130 2706 3306 2785 φθορᾶ
3352 2708 3451 2776 τὴν
3506 2706 3808 2786 ἀφθαρσίαν

2143 2799 2504 2868 κληρονομεῖ·
2536 2819 2565 2847 ››
2597 2798 2630 2865 ἡ
2663 2797 2766 2871 γὰρ
2800 2796 3059 2872 ἁμαρτία,
3106 2822 3133 2848 ‹‹
3170 2796 3345 2875 φθορὰ
3378 2820 3405 2848 υ
3438 2796 3592 2867 οὖσα,
3625 2796 3688 2852 οὐ
3718 2794 3814 2852 δύο

2142 2906 2291 2941 ναται
2341 2884 2630 2940 κοινωνίαν
2662 2883 2809 2962 ἔχειν
2845 2886 2981 2959 μετὰ
3031 2893 3133 2957 τῆς
3190 2909 3220 2941 α
3249 2886 3566 2966 ἀφθαρσίας,
3596 2911 3617 2938 ι
3677 2886 3807 2958 ἥτις

2142 2974 2256 3030 ἐστὶ
2288 2973 2630 3046 δικαιοσύνη.
2693 2999 2719 3025 ‹‹
2752 2974 2941 3036 Οὕτως
2990 2975 3236 3048 ἀνόητοι,
3269 2999 3297 3028 ››
3358 2975 3550 3053 φησὶν,
3579 2999 3607 3028 (ι
3641 2972 3803 3046 icti;

2142 3063 2495 3141 ἐναρξάμενοι
2550 3064 2841 3136 πνεύματι,
2880 3064 2971 3118 νῦν
3028 3064 3186 3141 σαρκὶ
3250 3063 3551 3121 ἐπιτελεῖτε
3581 3066 3737 3140 (58);
3773 3088 3803 3115 ››

1843 3418 2076 3474 CAPUT
2140 3418 2337 3476 XVIII.

367 3522 515 3576 Duas
535 3524 806 3575 extremas
833 3519 1115 3588 opiniones
1141 3534 1250 3574 esse
1278 3519 1532 3573 vitandas
1554 3535 1572 3572 :
1622 3516 1868 3588 primam
1925 3517 2151 3572 illorum
2206 3520 2306 3587 qui
2363 3517 2637 3575 Creatoris
2690 3518 2818 3572 odio
2862 3535 2897 3571 a
2942 3519 3154 3588 nuptiis
3201 3518 3518 3584 abstinent;
3565 3518 3807 3574 alteram

1012 3590 1237 3644 illorum
1263 3592 1361 3659 qui
1384 3590 1511 3644 hinc
1534 3590 1866 3644 occasionem
1886 3590 2167 3659 arripiunt
2185 3591 2418 3658 nefariis
2450 3590 2773 3645 libidinibus
2800 3589 3151 3659 indulgendi.

436 3746 734 3802 Justitiam
756 3761 893 3818 ergo
915 3751 975 3800 et
994 3745 1204 3800 salutis
1228 3744 1624 3812 harmoniam,
1661 3760 1793 3815 quas
1826 3750 1917 3800 est
1937 3760 2028 3798 ve-

364 3836 634 3892 neranda
665 3836 977 3906 ﬁrmaque,
1002 3835 1104 3891 alii
1129 3833 1392 3908 quidem,
1418 3840 1484 3889 ut
1513 3834 1911 3902 ostendimus,
1932 3835 2026 3888 ni-

363 3926 552 3981 mium
583 3925 997 3992 intenderunt,
1050 3923 1397 3996 blaspheme
1446 3940 1516 3979 ac
1562 3924 1849 3979 maledice
1890 3940 2025 3979 cum

367 4017 574 4087 quavis
604 4016 912 4088 impietate
945 4015 1341 4086 suscipientes
1386 4015 1855 4081 continentiam;
1886 4031 2023 4070 cum

365 4105 461 4177 pie
494 4105 700 4160 liceret
730 4105 1084 4171 castitatem,
1110 4120 1241 4175 quas
1265 4103 1595 4159 secundum
1624 4120 1830 4158 sanam
1859 4120 2023 4177 regu-

364 4194 484 4251 lam
503 4193 1114 4265 instituitur,eligere;
1137 4192 1361 4266 gratias
1382 4191 1620 4263 quidem
1646 4192 1875 4265 agendo
1893 4209 2023 4263 pro-

364 4289 498 4355 pter
517 4284 714 4340 datam
740 4283 884 4355 ipsis
904 4282 1175 4354 gratiam,
1201 4298 1323 4336 non
1347 4281 1621 4337 habendo
1653 4286 1851 4336 autem
1885 4281 2021 4336 odio

364 4378 719 4440 creaturam,
743 4387 938 4443 neque
972 4387 1073 4426 eos
1100 4369 1499 4443 aspernando,
1532 4370 1632 4440 qui
1653 4370 1849 4441 juncti
1885 4376 2023 4425 sunt

364 4461 749 4518 matrimonio
776 4478 789 4528 ;
823 4464 913 4515 est
942 4460 1101 4514 enim
1126 4467 1360 4516 creatus
1386 4459 1668 4528 mundus,
1702 4464 1900 4515 creata
1931 4462 2022 4514 est

2208 3742 2318 3809 Τὴν
2353 3738 2703 3813 δικαιοσύνην
2763 3743 2945 3799 τοίνυν
2993 3745 3085 3799 καὶ
3141 3744 3240 3813 τὴν
3269 3744 3531 3818 ἁρμονίαν
3560 3748 3660 3799 τοῦ
3692 3765 3807 3801 σω·-

2135 3830 2354 3903 τηρίου,
2406 3833 2609 3905 σεμνὴν
2658 3833 2817 3887 ὀῦσαν
2866 3832 2957 3887 καὶ
3010 3827 3255 3909 βεϐαίαν,
3290 3834 3341 3888 οἱ
3379 3834 3473 3907 μὲν
3502 3832 3804 3906 ἐπέτειναν,

2137 3918 2214 3979 ὡς
2250 3916 2597 3993 ἐπεδείξαμεν
2659 3923 2787 3993 (59),
2852 3920 3199 3999 βλασφήμως
3249 3918 3605 3998 ἐκδεχόμενοι
3666 3925 3805 3997 μετά

2135 4009 2314 4078 πάσης
2376 4008 2672 4078 ἀθεότητος
2727 4011 2828 4080 τήν
2880 4010 3217 4087 ἐγκράτειαν
3276 4011 3389 4082 ἐξὸν
3450 4011 3801 4082 ὲλὲσθαιτήν

2137 4096 2424 4173 εὖνουχίαν
2484 4099 2619 4153 κατᾶ
2689 4099 2780 4154 τὸν
2863 4100 2989 4175 ὑγιῆ
3067 4101 3265 4155 κανόνα
3325 4102 3442 4173 μετ’
3498 4101 3795 4163 εὐσεϐείας’

2136 4186 2562 4262 εὐχαριστοῦντα
2602 4191 2717 4262 (60)
2779 4189 2873 4262 μὲν
2934 4188 3021 4244 ἐπὶ
3081 4193 3149 4265 τῇ
3209 4186 3427 4266 δοθείσῃ
3488 4190 3697 4266 χάριτι,
3733 4191 3794 4246 οὐ

2137 4281 2398 4349 μισοῦντα
2457 4275 2514 4332 δὲ
2560 4279 2658 4348 τήν
2710 4278 2908 4351 κτίσιν,
2962 4274 3087 4334 οὐδὲ
3137 4277 3519 4349 ἐξουθενοῦντα
3553 4278 3683 4345 τοὺς
3710 4302 3798 4356 γε.

2130 4368 2474 4444 γαμηκότας·
2536 4368 2753 4430 κτιστὸς
2807 4368 2911 4443 γὰρ
2967 4370 2996 4422 ὁ
3071 4369 3304 4442 κόσμος,
3361 4372 3553 4439 κτιστή
3612 4371 3703 4425 καὶ
3765 4374 3793 4441 ἦ

2132 4456 2413 4532 εὐνουχίαι⁸
2479 4454 2646 4532 ἄμφω
2705 4454 2761 4510 δὲ
2802 4455 3274 4532 εὐχαριστούντων
3332 4457 3384 4512 ἐν
3439 4461 3522 4520 οἷς
3563 4458 3797 4535 ἐτάχθη-

432 4612 496 4676 ›ι‹
523 4615 583 4685 Ρ.
609 4615 713 4667 560
742 4612 854 4668 ΕΙ).
888 4612 1180 4670 POTTER.
1216 4614 1311 4668 ιιι
1348 4613 1460 4669 ED.
1490 4612 1724 4668 PARIS.
1753 4611 1830 4684 (a)
1863 4610 1974 4666 Isa.
2008 4628 2027 4664 ι

2146 4614 2183 4680 5,
2239 4615 2292 4678 7,
2344 4613 2400 4664 8.
2450 4611 2525 4684 (b)
2566 4614 2728 4666 Prov.
2764 4628 2888 4683 xm,
2926 4615 3008 4667 12.
3042 4612 3114 4684 (c)
3151 4614 3292 4669 Gen.
3327 4631 3414 4679 ιιι,
3443 4617 3495 4671 5.
3529 4613 3609 4685 (d)
3644 4614 3787 4671 Gen.

361 4703 436 4754 ιν,
475 4688 520 4740 l.
557 4684 627 4755 (ε)
659 4685 681 4738 l
711 4684 840 4740 Cor.
873 4702 964 4753 xv,
993 4688 1081 4753 50,
1123 4689 1168 4740 1.
1201 4686 1270 4757 (Γ)
1303 4686 1489 4741 Galat.
1524 4701 1609 4754 ιιι,
1636 4685 1686 4738 3.

361 4836 426 4909 to
473 4830 645 4909 (ineo;
678 4831 908 4903 ἐξέπεσε,
958 4835 1022 4889 τὸ
1075 4832 1134 4889 δὶ
1187 4834 1340 4909 ῥῆμα
1378 4836 1474 4888 τοῦ
1504 4836 1638 4888 Θεοῦ
1669 4835 1830 4906 ἡμῶν
1868 4831 2016 4906 μένει

364 4906 443 4968 εἷς
467 4907 560 4961 τὸν
594 4904 784 4960 αἶ’ῶνα.

436 4980 548 5051 (54)
578 4975 817 5051 Ἀηδήςη
842 4980 1010 5051 Haud
1041 4979 1187 5043 scio,
1215 4994 1291 5033 an
1321 4979 1517 5033 verius
1550 4974 1756 5045 ἀειδής,
1790 4982 1855 5033 ut
1884 4994 2019 5051 mox

365 5048 655 5124 sequitur,
686 5052 748 5105 τὸ
797 5048 988 5111 ἀειδὲς.
1023 5051 1399 5124 δγιιιιυμιιοᾏς-
1434 5053 1632 5124 Recte,
1660 5066 1798 5124 nam
1830 5049 2020 5124 respif

364 5117 680 5180 cit-auctor
728 5125 840 5179 Isa.
875 5139 991 5188 Lm,
1026 5123 1096 5191 3,:
1149 5120 1220 5174 Τὸ
1281 5117 1421 5181 εἶδος
1481 5117 1650 5173 αὐτοῦ
1703 5117 1894 5191 ἄτιμον
1928 5117 2017 5174 καὶ

363 5193 617 5268 ἐκλεῖπον
646 5193 792 5268 παρὰ
818 5192 945 5268 τοὺς
978 5190 1128 5252 υἱοὺς
1159 5193 1630 5268 τῶνῌὸινφρώπων.
1665 5190 1803 5268 Quae
1843 5193 2019 5249 verba

364 5268 436 5323 de
466 5267 700 5322 Christo
727 5264 1008 5336 explicat,
1043 5281 1176 5318 cum
1226 5264 1362 5320 aliis
1414 5264 1707 5331 Patribus,
1739 5266 2017 5321 Clemens

364 5340 541 5395 etiam
571 5346 776 5393 noster
816 5336 1039 5409 Paadag.
1102 5336 1228 5409 lib,
1264 5353 1346 5403 ιιι,
1408 5336 1515 5390 sub
1577 5337 1757 5392 finem
1798 5354 1925 5409 cap.
1964 5341 2013 5403 1,

362 5413 568 5467 Strom.
603 5428 662 5474 ιι,
699 5428 755 5481 p.
791 5408 894 5462 368
926 5408 1065 5481 edit.
1099 5407 1284 5463 Puris.

433 5486 556 5556 (551
581 5478 1301 5556 [lposzﬁtnc._Salomonem
1333 5478 1623 5551 designat.
1649 5478 2016 5556 cujusverba

366 5551 505 5607 sunt
533 5551 846 5613 Prdv.'xul,
873 5554 957 5607 i2.
991 5551 1279 5607 Eumdem
1302 5556 1653 5623 prophetam
1686 5555 1851 5604 vocat
1881 5566 2011 5622 pag.

362 5623 557 5693 “iet
584 5640 641 5693 p.
675 5625 780 5677 674
809 5623 950 5693 edit.
985 5624 1171 5680 Paris.
1205 5624 1423 5678 Lowrs.

439 5691 553 5758 (56)
586 5689 1017 5761 _'Emﬂtiﬁuv.
1131 5694 1521 5751 Scribendum
1623 5689 2014 5762 ἐπισκευάζων,

2131 4833 2291 4905 quod
2314 4834 2604 4911 _He1_'vetus
2636 4833 2814 4889 etiam
2838 4834 3213 4911 in‘versionis
3240 4853 3361 4911 sua:
3378 4838 3652 4911 margine
3682 4838 3790 4893 ad-

2132 4906 2373 4961 notavit.
2408 4906 2627 4978 Sensus
2658 4911 2783 4960 est:
2823 4906 3182 4978 «Christum
3224 4910 3492 4964 noluisse
3522 4906 3788 4978 carnem,

2130 4978 2405 5032 restituta
2426 4978 2479 5032 ei
2503 4977 2779 5045 sanitate,
2796 4977 3143 5033 validiorem
3165 4980 3454 5048 fecisse,si
3482 4997 3552 5036 ea
3571 4977 3788 5037 animae

2130 5049 2321 5104 hostis
2344 5054 2519 5104 esset.
2554 5071 2582 5098 ››

2201 5124 2326 5196 (57)-
2373 5119 2617 5196 Διξναται.
2681 5118 2959 5189 Δύνανται,
3022 5123 3044 5175 Ι
3095 5123 3223 5180 Cor.
3280 5140 3370 5191 xv,
3404 5127 3493 5193 50,
3526 5124 3685 5196 quod
3716 5126 3784 5180 Α.

2130 5193 2377 5249 mavult.
2414 5193 2575 5249 SYLB.

2207 5268 2316 5332 (58)
2348 5263 2703 5337 Ἐπιτελεῖτε.
2738 5263 2905 5337 Vulg.
2950 5265 3101 5321 Bibl.
3146 5267 3268 5323 Gal.
3304 5284 3389 5335 ιιι,
3425 5263 3788 5337 ἐπιτελεῖσθε,

2126 5335 2320 5392 forma
2350 5335 2693 5410 deponenti,
2727 5335 3000 5392 Sanunc.

2198 5405 2455 5484 (59)-ᾉὩςζ
2494 5405 2860 5479 ἐπεδείξαμεν.
2923 5409 3186 5481 Respicit
3240 5410 3494 5484 hujusce
3552 5410 3691 5465 libri
3725 5428 3785 5483 p.

2125 5482 2231 5535 442
2259 5481 2398 5535 edit.
2428 5483 2613 5537 Paris.

2199 5555 2307 5635 (6οι
2342 5550 2832 5648 Ἐῦχαριςξτὶοῦντα.
2918 5552 3181 5648 Respicit
3262 5553 3411 5648 illud
3469 5554 3748 5648 A‘posetoli!
3772 5572 3786 5610 :

2124 5619 2234 5675 Ιιᾶν
2266 5619 2486 5697 mea;
2526 5619 2716 5680 καλὸν.
2765 5666 2776 5679 ,
2824 5667 2835 5678 .
2882 5664 2894 5677 .
2942 5619 3056 5695 μετ³
3115 5625 3463 5703 εὐχαριστίας
3492 5619 3785 5699 λἀμϐανό-

2128 5714 2312 5767 μενον.
