4138 6416
385 376 524 431 1209

1732 369 2174 426 BTBOMATUM
2212 367 2346 423 LIB.
2387 365 2486 423 ΙΙΙ.

3665 365 3811 422 1210

380 523 498 571 σαν,
557 500 603 556 εἰ
659 498 990 575 γινώσκουσι
1047 497 1139 551 καὶ
1193 495 1274 573 ἐφ’
1325 497 1406 557 οἷς
1463 493 1794 570 ἐτάχθησαν.
1831 495 1898 551 Οἱ
1956 491 2033 562 δὲ,

2151 494 2330 550 etiam
2363 494 2602 549 castitas
2637 511 2650 560 ;
2679 493 2853 548 ambo
2884 496 3086 548 autem
3139 495 3317 566 agant
3365 490 3583 563 gratias
3623 491 3684 545 in
3719 493 3813 560 iis,

380 590 790 668 ἀφηνιάσαντες,
845 584 1152 658 ἐξύϐρισαν,
1187 611 1213 638 ‹‹
1256 583 1419 640 ’ίπποι
1479 584 1824 658 θηλυμανεῖς
1889 609 1916 635 ››
1965 587 2044 655 τῷ

384 678 499 737 ὄντι
532 707 558 733 ς(
588 679 899 756 γενόμενοι,
933 677 1024 732 καὶ
1057 675 1146 731 ἐπὶ
1193 675 1289 736 τὰς
1346 678 1454 729 τῶν
1513 674 1752 744 πλησίον
1783 673 2040 750 χρεμετί-

386 777 645 842 ζοντές-υ
677 767 828 822 αὐτοί
883 788 941 821 τε
998 764 1383 839 ἀκατασχέτως
1440 762 1725 839 ἐχόμενοι,
1787 765 1874 820 καὶ
1920 763 2045 825 τοὺς

385 859 623 930 πλησίον
653 857 1030 917 ἀναπείθοντες
1090 851 1432 931 φιληδονεῖν·
1495 852 1705 916 ἀθλίως
1763 851 2042 914 ἐπαίοντες

387 947 604 1004 ἐκείνων
664 948 771 1001 τῶν
836 949 1081 1021 Γραφῶν·
1134 967 1156 996 (ι
1215 943 1315 996 Τὸν
1376 943 1465 996 σὸν
1521 940 1727 1017 κλῆρον
1779 941 1913 1018 βάλε
1990 941 2041 996 ἐν

383 1042 541 1112 ἡμῖν·
599 1036 776 1091 κοινὸν
839 1032 896 1089 δὲ
947 1033 1234 1110 βαΛάντιον
1295 1031 1626 1103 κτησώμεθα
1677 1031 1893 1097 πάντες,
1952 1032 2040 1085 καὶ

387 1127 724 1202 μαρσίππιον
754 1121 809 1180 ἓν
853 1125 1140 1198 γενηθήτω
1172 1124 1332 1194 ἡμῖν.
1370 1145 1395 1172 ››
1438 1121 1534 1174 Δια
1563 1119 1790 1184 τούτους
1825 1122 1852 1175 ὁ
1884 1121 2042 1182 αὐτὸς

381 1218 696 1294 προφήτης,
723 1209 1120 1287 συμϐουλεύων
1154 1215 1315 1285 ἡμῖν,
1362 1213 1530 1287 Λέγει·
1561 1236 1588 1263 ‹‹
1625 1212 1717 1280 Μὴ
1756 1211 2042 1286 ’πορεύθῇς

381 1307 432 1364 ἐν
463 1304 573 1378 ὁδῷ
607 1311 723 1378 μετ’
754 1305 955 1359 αὐτῶν·
1013 1299 1262 1357 ἔκκλινον
1327 1306 1441 1374 (61)
1499 1301 1592 1355 τὸν
1650 1298 1793 1356 πόδα
1833 1323 1929 1355 σου
1987 1301 2046 1356 ἐκ

381 1401 490 1454 τῶν
519 1390 722 1472 τρίϐων
756 1393 1044 1450 αὐτῶν.οὐ
1104 1391 1208 1466 γὰρ
1258 1388 1460 1452 ἀδίκως
1519 1389 1812 1445 ἐκτείνεται
1857 1388 2046 1446 δίκτυα

382 1491 710 1562 πτερωτοῖς
744 1483 898 1539 αὐτοὶ
929 1484 1034 1557 γὰρ
1090 1480 1336 1553 αἱμάτων
1382 1479 1728 1557 μετέχοντες,
1787 1481 2048 1552 θησαυρί-

381 1581 560 1646 ζουσιν
622 1576 835 1636 ἑαυτοῖς
897 1572 1054 1627 κακά·
1118 1595 1145 1622 ››
1203 1572 1501 1641 τουτέστι,
1565 1573 1664 1639 τῆς
1718 1570 2048 1646 ἀκαθαρσίας

379 1664 854 1737 ἀντιποιούμενοι,
887 1661 978 1717 καὶ
1033 1659 1162 1724 τοὺς
1220 1658 1459 1730 πλησίον
1509 1659 1576 1714 τὰ
1631 1660 1799 1733 ὃμοια
1831 1656 2048 1714 ἐκδιδα-

382 1775 622 1824 σκοντες,
659 1777 686 1805 ‹.
721 1750 1081 1824 πολεμισταὶ,
1110 1757 1353 1819 πΛῆκται
1383 1754 1501 1810 ταῖς
1558 1750 1748 1824 οὐραῖς
1778 1749 1980 1818 αὐτῶν,
2017 1772 2043 1800 ››

382 1845 520 1900 κατᾶ
547 1845 636 1899 τὸν
686 1843 975 1918 προφήτην
1030 1843 1162 1914 (62),
1219 1841 1280 1902 ἅς
1338 1840 1564 1915 κέρκους
1623 1838 1894 1909 Ἕλληνες
1947 1860 2044 1894 κα-

389 1933 601 1991 λοῖσιν.
637 1932 756 1990 Εἶεν
786 1929 833 1986 δ’
864 1930 947 1998 ἂν,
981 1931 1073 1992 οὕς
1117 1928 1413 1984 αἰνίσσεται
1444 1931 1479 1998 ἡ
1524 1931 1855 2006 προφητεία,
1885 1949 2047 1983 κατα-

386 2028 590 2101 φερεῖς,
625 2022 900 2096 ἀκρατεῖς,
933 2021 985 2074 οἱ
1033 2025 1154 2082 ταῖς
1215 2018 1401 2092 οὐραῖς
1461 2018 1638 2074 αὐτῶν
1697 2017 2054 2092 πολεμισταὶ,

400 2110 627 2170 σκότους
660 2110 749 2163 καὶ
773 2133 800 2160 ‹‹
834 2107 1000 2181 ὀργῆς
1029 2106 1209 2164 τέκνα.
1247 2132 1274 2157 ››
1304 2107 1610 2182 μιαιφόνοι,
1643 2107 1823 2162 αὐτῶν
1858 2111 1970 2179 ,63)
1998 2129 2056 2162 τε

387 2199 666 2264 αὐθένται,
699 2198 789 2252 καὶ
843 2202 951 2252 τῶν
1011 2195 1248 2265 πλησίον
1299 2195 1649 2273 ἀνδροφόνοι.
1703 2222 1729 2248 (ι
1788 2198 2053 2254 Ἐκκαθα⁹

384 2307 513 2362 ρατε
542 2289 641 2356 τήν
671 2285 906 2341 παλαιὰν
943 2287 1144 2357 ζύμην,
1170 2283 1262 2340 ’ίνα
1319 2286 1416 2355 ἦτε
1474 2285 1592 2341 νέον
1651 2287 1898 2364 φύραμα,
1932 2310 1960 2339 ››
2025 2288 2052 2342 ὁ

382 2375 725 2436 Ἀπὸστολος
777 2378 915 2448 ἡμῖν
975 2370 1169 2446 ἐμϐοᾷ.
1225 2375 1328 2431 Καὶ
1387 2375 1577 2442 πάλιν,
1628 2374 1929 2432 ἀσχάλλων
1964 2375 2052 2432 ἐπὶ

384 2464 661 2527 τοιούτοις
712 2465 844 2532 τισὶ,
902 2461 1262 2533 διατάττεται,
1295 2489 1323 2515 ‹‹
1381 2466 1477 2534 Μή
1537 2465 2049 2542 συναναμίγνυσθαι,

398 2553 486 2609 ἐάν
511 2575 594 2616 τις
615 2551 853 2627 ἀδελφὸς
881 2553 1296 2625 ἀνομαζόμενος
1349 2555 1386 2623 ἢ
1431 2554 1630 2628 πόρνος
1661 2555 1840 2626 (64),ἢ
1884 2553 2049 2609 πλεο-

390 2645 600 2714 νέκτης,
633 2641 1136 2717 ἤείδωλολάτρης,
1198 2642 1234 2710 ἢ
1292 2639 1572 2717 λοίδορος,
1621 2641 1658 2712 ἤ
1713 2645 1966 2716 μέθυσος,
2013 2643 2047 2713 ἢ

388 2735 583 2810 ἅρπαξ,
641 2733 722 2805 τῷ
772 2731 1008 2804 τοιούτῳ
1059 2729 1198 2803 μηδὲ
1265 2731 1582 2796 συνεσθίειν.
1615 2732 1761 2803 Ἐγὼ
1815 2732 1915 2808 γὰρ
1963 2731 2052 2787 διὰ

395 2825 574 2895 νόμου
603 2824 760 2895 νόμῳ
783 2823 1070 2891 ἀπέθανον,
1101 2843 1126 2872 ιι
1165 2821 1329 2896 λέγει’
1367 2846 1392 2873 ‹‹
1425 2822 1518 2876 ἳνα
1559 2827 1674 2893 Θεῷ
1706 2825 1876 2892 ζήσω.
1913 2828 2050 2895 Χρι-

393 2918 506 2985 στῷ
538 2911 1097 2986 συνεσταύρωμαι,ζῶ
1129 2908 1185 2965 δὲ
1216 2911 1315 2965 οὐκ
1344 2906 1422 2965 ἔτι
1447 2911 1578 2985 ἐγὼ,
1598 2936 1625 2961 ›ι
1658 2912 1732 2973 ὡς
1765 2910 1897 2980 ἔζων
1913 2913 2050 2967 κατὰ

388 3005 485 3064 τὰς
508 3001 820 3074 ἐπιθυμίας·
863 3025 889 3053 ι(
919 3004 984 3074 ζῇ
1019 2997 1076 3054 δὲ
1109 2999 1160 3055 ἐν
1192 3000 1315 3072 ἐμοὶ
1368 3001 1596 3072 Χριστὸς
1629 3024 1657 3052 ››
1693 2997 1781 3055 διὰ
1808 3004 1906 3069 τῆς
1937 3006 2046 3056 τῶν

385 3091 623 3146 ἐντολῶν
683 3091 929 3158 ὑπακοῆς
989 3091 1167 3164 ἁγνῶς
1220 3091 1307 3144 καὶ
1365 3089 1667 3162 μακαρίως.
1729 3093 1890 3145 Ὥστε
1925 3091 2050 3146 τότε

383 3183 478 3254 μὶν
510 3177 646 3250 ἔζων
680 3179 731 3234 ἐν
765 3179 919 3253 νειαρκἱ
957 3183 1253 3252 σαρκικῶςο
1287 3202 1314 3231 .‹
1370 3178 1400 3233 δ
1459 3178 1517 3234 δὲ
1560 3183 1648 3233 νῦν
1686 3185 1760 3249 ζῶ
1783 3180 1834 3234 ἐν
1863 3181 2041 3255 σαρκὶ,

2081 1887 2128 1953 Β

2152 584 2213 638 in
2245 584 2461 655 quibus
2495 589 2633 638 sunt
2661 583 2956 649 collocati,
3015 583 3062 636 si
3123 582 3298 637 modo
3328 599 3396 637 ea
3441 598 3676 652 quoque
3707 599 3819 636 no-

2153 679 2312 734 runt,
2346 674 2406 727 in
2434 673 2649 743 quibus
2682 678 2821 727 sunt
2852 672 3146 728 collocati.
3171 672 3286 726 Alii
3319 678 3517 726 autem
3542 672 3815 726 effrenati

2153 780 2214 818 se
2247 763 2587 834 petulanter
2617 767 2676 816 et
2704 763 3036 817 insolenter
3056 767 3602 835 gesserunt.revera
3625 785 3650 811 ι(
3678 762 3820 816 effe-

2153 853 2231 907 cti
2263 853 2398 924 equi
2433 853 2492 906 in
2526 853 2780 908 feminas
2812 853 3202 919 insanientes,
3226 859 3284 907 et
3304 853 3378 907 ad
3411 853 3818 924 proximorum

2154 959 2393 998 suorum
2428 959 2641 997 uxores
2660 943 3002 998 hinnientes
3026 945 3132 1013 (a);
3161 965 3187 990 ››
3221 948 3286 996 ut
3306 944 3480 1014 quiet
3499 943 3609 1014 ipsi
3629 942 3819 996 conti-

2155 1033 2280 1086 neri
2316 1049 2435 1086 non
2469 1033 2719 1103 possint,
2754 1038 2812 1086 et
2841 1033 3126 1103 proximis
3159 1033 3282 1086 suis
3314 1030 3716 1103 persuadeant
3746 1035 3813 1084 ut

2154 1123 2298 1177 dent
2326 1140 2568 1194 operam
2601 1122 2885 1195 voluptati
2921 1141 2934 1190 ;
2971 1123 3292 1177 infeliciter
3333 1123 3466 1178 illas
3499 1121 3815 1176 audientes

2155 1213 2488 1285 Scripturas
2525 1230 2537 1266 :
2571 1236 2598 1263 «
2628 1215 2765 1279 Quae
2793 1214 2897 1268 tibi
2932 1214 3161 1287 obtigit,
3186 1219 3414 1285 partem
3447 1229 3602 1285 pone
3617 1212 3822 1267 nobis-

2155 1319 2315 1370 cum,
2350 1320 2699 1358 crumenam
2749 1310 2948 1358 autem
2980 1321 3162 1359 unam
3217 1303 3630 1375 possideamus
3663 1319 3820 1357 com-

2155 1409 2423 1461 munem,
2450 1399 2508 1447 et
2537 1410 2726 1448 unum
2758 1394 2861 1448 ﬁat
2889 1393 3062 1448 nobis
3090 1393 3462 1464 marsupium
3493 1393 3592 1463 (ὁ).
3614 1412 3642 1441 ››
3676 1393 3816 1445 Pro-

2155 1488 2288 1553 pter
2317 1499 2418 1536 eos
2449 1482 2607 1537 idem
2627 1484 2917 1554 propheta
2946 1483 3291 1550 dicit,nobis
3315 1482 3712 1537 consulensm
3739 1482 3820 1535 Ne

2155 1571 2553 1627 ambulaveris
2585 1573 2645 1627 in
2677 1573 2768 1627 via
2799 1589 2934 1627 cum
2956 1571 3378 1643 ipsis.declina
3411 1571 3624 1643 pedem
3649 1576 3818 1625 tuum

2157 1678 2192 1716 a
2214 1662 2443 1717 semitis
2479 1665 2839 1717 eorum.Non
2874 1663 3033 1716 enim
3070 1662 3289 1733 injuste
3319 1661 3649 1717 tenduntur
3669 1661 3821 1716 retia

2154 1753 2451 1823 pennatis.
2486 1753 2602 1824 Ipsi
2637 1753 2820 1820 enim,
2871 1769 3005 1806 cum
3029 1752 3149 1806 sint
3193 1753 3548 1823 sanguinum
3582 1750 3820 1823 partici-

2160 1859 2287 1912 pes,
2317 1842 2629 1897 thesauros
2658 1842 2954 1896 malorum
2987 1841 3100 1896 sibi
3154 1841 3489 1896 recondunt
3512 1841 3580 1909 lc)
3607 1859 3620 1906 ;
3645 1861 3673 1888 »
3708 1841 3823 1893 hoc

2163 1935 2272 1997 est,
2309 1930 2418 1985 sibi
2451 1931 2796 1985 aﬂectantes
2826 1929 3288 1995 immunditiam,
3324 1935 3382 1982 et
3411 1928 3714 1999 proximos
3746 1926 3826 1980 si-

2162 2019 2331 2073 milia
2379 2019 2698 2085 docentes,
2768 2018 3110 2086 bellatores,
3172 2033 3556 2089 percussores
3616 2015 3822 2072 caudis

2163 2109 2286 2162 suis
2317 2110 2417 2179 (d),
2451 2114 2515 2163 ut
2539 2109 2622 2163 ait
2649 2109 2958 2181 propheta,
2994 2124 3142 2179 quas
3195 2107 3438 2178 quidem
3490 2107 3673 2162 Graeci
3701 2104 3823 2176 κέρ-

2158 2216 2288 2259 κους
2317 2198 2640 2269 appellant.
2677 2197 2920 2252 Fuerint
2946 2203 3150 2265 autem
3208 2197 3270 2253 ii.
3320 2213 3469 2266 quos
3530 2195 3824 2267 significat

2159 2288 2495 2359 prophetia,
2533 2287 2861 2347 libidinosi.
2895 2288 3384 2357 intemperantes,
3404 2286 3504 2356 qui
3536 2293 3825 2340 suntcau-

2160 2377 2250 2432 dis
2282 2378 2406 2432 suis
2436 2393 2754 2451 pugnaces,
2788 2376 3169 2431 tenebrarum
3209 2399 3234 2424 «
3270 2376 3494 2445 iraeque
3528 2374 3635 2429 filii
3673 2373 3762 2444 (θ),
3794 2393 3819 2424 ιι

2158 2468 2316 2522 caede
2350 2467 2586 2538 polluti,
2621 2483 2837 2522 manus
2879 2465 2992 2520 sibi
3043 2467 3381 2530 afferentes,
3417 2469 3475 2517 et
3505 2463 3821 2517 homicidae

2157 2557 2656 2628 propinquorum.
2683 2577 2711 2604 ι(
2736 2557 3066 2626 Expurgate
3083 2570 3220 2626 ergo
3243 2560 3408 2608 vetus
3430 2552 3816 2620 fermentum,

2155 2652 2221 2700 ut
2251 2647 2379 2701 sitis
2412 2662 2560 2701 nova
2590 2645 2938 2716 conspersio
2967 2647 3057 2715 (fy,
3096 2669 3115 2693 ι
3144 2644 3317 2699 nobis
3349 2643 3642 2699 exclamat
3663 2647 3820 2716 Apo-

2156 2738 2367 2793 stolus.
2402 2740 2471 2792 Et
2513 2755 2742 2804 rursus,
2776 2742 3018 2808 propter
3047 2737 3336 2808 quosdam
3378 2735 3674 2808 ejusmodi
3706 2737 3819 2791 ho-

2153 2828 2348 2884 mines
2380 2829 3016 2902 indignansprazcipit,
3035 2851 3059 2875 ‹‹
3079 2831 3158 2883 Ne
3186 2828 3518 2883 conversari
3547 2826 3812 2899 quidem,

2153 2918 2202 2972 si
2234 2919 2368 2988 quis
2399 2919 2582 2973 frater
2604 2917 2948 2973 nominetur
2975 2918 3061 2972 vel
3095 2918 3441 2982 fornicator,
3467 2917 3557 2971 vel
3580 2933 3812 2987 avarus,

2151 3008 2241 3063 vel
2275 3008 2608 3072 idolotatra,
2642 3007 2734 3062 vel
2780 3007 3130 3074 maledicus,
3152 3007 3242 3062 vel
3275 3007 3567 3072 ebriosus,
3596 3007 3687 3062 vel
3719 3023 3817 3063 ra-

2153 3104 2287 3170 ptor
2311 3116 2325 3165 ;
2351 3115 2486 3153 cum
2519 3114 2612 3164 eo,
2645 3097 2744 3168 qui
2777 3103 2864 3152 est
2898 3097 3053 3164 talis,
3080 3113 3154 3152 ne
3181 3114 3302 3152 una
3332 3097 3575 3167 quidem
3616 3113 3816 3152 come-

2155 3187 2316 3242 dere.
2351 3189 2467 3259 Ego
2501 3187 2660 3242 enim
2691 3203 2797 3258 per
2824 3186 3012 3258 legem
3047 3186 3160 3258 legi
3195 3191 3466 3241 mortuus
3499 3203 3688 3252 sum,»
3724 3187 3816 3242 in-

374 3271 426 3326 ἐν
459 3271 636 3326 πίστει
671 3274 745 3338 ζῶ
766 3273 835 3342 τῇ
865 3273 962 3323 τοῦ
994 3275 1017 3322 ἱ
1036 3270 1124 3323 ἰοὐ
1153 3273 1248 3322 τοῦ
1270 3273 1426 3327 Θεοῦ,
1448 3292 1600 3321 ››-‹‹
1616 3269 1710 3331 Εἰς
1727 3267 1849 3325 ὁδὸν
1875 3269 2033 3334 ἐθνῶν

2154 3277 2321 3347 quit;
2355 3298 2381 3325 (ι
2408 3281 2472 3330 ut
2503 3277 2620 3330 Deo
2651 3276 2858 3343 vivam,
2891 3292 3026 3330 cum
3041 3275 3270 3330 Christo
3295 3292 3428 3330 sum
3459 3275 3812 3343 cruciﬁxus;

381 3361 458 3434 μή
484 3359 780 3428 ἀπέλθητε,
829 3357 920 3412 καὶ
981 3357 1056 3419 εἰς
1101 3355 1265 3412 πόλιν
1319 3363 1676 3434 Σαμαρειτῶν
1713 3361 1788 3431 μὴ
1849 3358 2034 3415 εἰσέλ-

376 3460 525 3519 θητε·
561 3472 590 3500 ››
620 3454 719 3517 τῆς
777 3446 1022 3508 ἐναντίας
1079 3444 1360 3509 πολιτείας
1406 3447 1728 3520 ἀποτρέπων
1789 3451 1958 3521 ἡμᾶς,
2009 3451 2036 3504 ὁ

370 3537 576 3612 Κύριος
602 3536 773 3612 λέγει’
809 3535 924 3590 ἐπεὶ
958 3561 986 3588 ‹‹
1014 3538 1049 3604 ὴ
1080 3538 1425 3614 καταστροφή
1459 3534 1668 3612 ἀνδρῶν
1701 3538 2035 3614 παρανόμων

373 3629 537 3698 κακή’
570 3626 663 3682 καὶ
694 3626 852 3681 αὗταί
885 3625 1018 3681 εἶσιν
1050 3627 1106 3680 αἱ
1133 3624 1249 3681 ὁδοὶ
1276 3631 1387 3698 (65)
1417 3629 1632 3682 πάντων
1683 3629 1792 3683 τῶν
1853 3651 2039 3684 συντε-

377 3713 620 3771 λούντων
652 3716 720 3770 τὰ
749 3715 1468 3790 ἅνομα.»-‹‹οὐαὶ(66)τῷ
1494 3717 1764 3792 ἀνθρώπῳ
1786 3717 2030 3792 ἐκείνῳμ

367 3806 534 3883 φησὶν
582 3806 610 3860 ὁ
672 3805 893 3879 Κύριος
955 3829 980 3856 ‹‹
1033 3807 1202 3861 καλὸν
1260 3809 1325 3875 ἧν
1355 3806 1502 3878 αὐτῷ
1551 3808 1597 3862 εἰ
1647 3809 1722 3880 μή
1755 3808 2034 3885 ἐγεννήθη,

364 3896 401 3966 ἢ
460 3891 555 3950 ἕνα
604 3898 712 3948 τῶν
774 3893 1045 3949 ἐκλεκτῶν
1110 3917 1217 3967 μου
1274 3894 1648 3951 σκανδαλίσαι·
1693 3903 1938 3973 κρεῖττον
1965 3899 2031 3968 ἦν

363 3982 520 4054 αὐτῷ
581 3989 931 4058 περιτεθῆναι
996 3983 1194 4056 μόλον,
1244 3986 1335 4039 καὶ
1392 3989 1887 4056 καταποντισθῆναι
1957 3989 2033 4050 εἰς

365 4072 670 4138 θάλασσαν,
704 4069 741 4141 ἥ
771 4069 864 4126 ’ένα
891 4077 998 4126 τῶν
1031 4072 1300 4128 ἐκλεκτῶν
1357 4095 1462 4146 μου
1493 4071 1806 4147 διαπρέψαι
1837 4080 1967 4149 (67).
2005 4102 2032 4128 ››

371 4161 605 4236 «Τὸγάρ
637 4157 810 4234 ὄνομα
839 4166 934 4215 τοῦ
953 4165 1087 4216 Θεοῦ
1123 4164 1338 4238 βλασφη
1352 4168 1530 4232 μεῖται
1562 4161 1630 4216 δι’
1662 4163 2034 4238 αὐτούς(68).››

2149 3367 2275 3420 vivo
2306 3369 2505 3420 autem
2535 3381 2656 3419 non
2688 3363 2946 3435 amplius
2978 3381 3104 3436 ego,
3132 3384 3156 3414 η
3190 3370 3257 3419 ut
3284 3364 3548 3419 vivebam
3580 3379 3687 3434 per
3707 3381 3805 3420 cu-

2147 3455 2426 3527 piditates
2452 3472 2466 3521 ;
2489 3478 2517 3504 ‹‹
2552 3455 2689 3508 vivit
2717 3460 2918 3509 autem
2949 3455 3012 3508 in
3045 3471 3137 3509 me
3169 3454 3457 3519 Christus,
3489 3475 3516 3502 ››
3548 3458 3707 3508 caste
3742 3456 3806 3520 ιβ

2148 3550 2208 3600 et
2237 3545 2405 3599 beate
2434 3561 2542 3615 per
2571 3543 2972 3599 obedientiam
2993 3544 3654 3615 praeceptorum.Quare
3669 3548 3811 3598 tunc

2148 3634 2390 3706 quidem
2422 3635 2484 3689 in
2515 3650 2693 3689 carne
2716 3634 2978 3690 vivebam
2997 3633 3316 3689 carnaliter
3341 3651 3352 3687 :
3387 3656 3414 3682 ‹‹
3441 3633 3596 3705 quod
3609 3638 3810 3688 autem

2147 3741 2308 3780 nunc
2328 3725 2458 3778 vivo
2490 3724 2550 3778 in
2569 3739 2772 3791 carne,
2807 3725 2868 3778 in
2901 3724 3018 3778 fide
3050 3724 3173 3778 vivo
3198 3724 3328 3779 Filii
3352 3723 3558 3793 Dei(g).
3583 3744 3721 3775 ι-‹‹
3740 3724 3807 3778 In

2148 3815 2299 3868 viam
2331 3813 2593 3885 gentium
2629 3831 2702 3869 ne
2737 3813 3024 3880 abieritis,
3059 3819 3117 3869 et
3158 3831 3232 3868 ne
3291 3813 3709 3886 ingrediamini
3744 3816 3805 3867 in

2145 3904 2356 3958 urbem
2389 3903 2894 3958 Samaritanorum
2921 3905 3018 3974 (h),
3052 3926 3078 3952 ιι
3099 3904 3448 3958 acontraria
3477 3903 3610 3957 vitae
3629 3903 3806 3957 insti-

2147 3994 2375 4047 tutione
2427 4009 2534 4047 nos
2591 3993 2912 4048 dehortans
2970 3993 3113 4047 dicit
3143 3993 3430 4047 Dominus
3464 4009 3477 4056 ;
3513 3992 3800 4062 quoniam

2147 4103 2175 4130 «
2215 4082 2556 4153 lniquorum
2586 4083 2846 4136 virorum
2879 4082 3038 4137 mala
3078 4088 3167 4137 est
3196 4081 3598 4147 conversatio;
3623 4086 3683 4134 et
3706 4082 3797 4135 has

2149 4178 2291 4226 sunt
2320 4173 2430 4227 vim
2461 4173 2753 4240 omnium,
2787 4173 2886 4242 qui
2921 4188 3009 4239 ea,
3061 4189 3192 4242 quas
3244 4177 3385 4227 sunt
3413 4172 3639 4242 iniqua,
3674 4171 3799 4225 effi-

432 4263 506 4343 μις
527 4265 720 4343 ιλ-δοι
748 4264 856 4318 Ει).
894 4264 1320 4343 ΡρΤἸξΕβζ472
1345 4265 1454 4343 an.
1489 4266 1720 4343 ranis.
1756 4266 1831 4336 (α)
1861 4269 2033 4322 Jeren

2151 4315 2163 4336 ,
2200 4274 2252 4326 8.
2311 4272 2386 4343 Ib)
2421 4274 2587 4327 Prov.
2621 4290 2658 4338 ι,
2705 4274 2788 4327 lli.
2826 4273 2893 4343 (ο)
2920 4272 3064 4328 Ibid.
3127 4276 3212 4342 15,
3250 4275 3335 4339 16,
3387 4275 3473 4329 17.
3502 4273 3681 4342 Apoc.
3713 4289 3794 4338 1x,

369 4340 456 4392 10.
491 4339 560 4408 (e)
594 4336 806 4406 Ephes.
837 4352 899 4402 ιι,
935 4338 986 4389 3.
1021 4338 1090 4405 (Γ)
1123 4338 1141 4390 Ι
1174 4337 1303 4390 Cor.
1337 4353 1389 4403 v,
1415 4340 1465 4389 7.
1499 4338 1578 4406 (g)
1615 4338 1800 4392 Galat.
1835 4355 1898 4405 ιι,
1930 4343 2016 4407 19,

2170 4345 2250 4414 (h)
2283 4336 2483 4399 Matth.
2521 4363 2578 4409 x,
2610 4336 2663 4398 5'.

430 4437 540 4507 (δι)
571 4431 887 4509 ’ςΕκκλινφψ
922 4432 1217 4509 ’Έκκλινον
1251 4431 1329 4501 δὲ,
1364 4435 1662 4501 Proverb.,
1708 4437 1806 4490 ubi
1857 4454 2017 4509 mox,

359 4504 642 4580 αὐτοῖγᾶρ
677 4505 728 4558 οἱ
758 4504 926 4580 φόνου
958 4507 1278 4580 μετέχοντες
1320 4517 1444 4575 θησ.

430 4577 894 4654 (62)’11ρηφῇτην.
926 4577 1361 4654 Αροοειῖγρεθοε
1384 4582 1688 4654 auctorem
1721 4578 2012 4653 designat;

357 4652 574 4707 alludit
603 4649 901 4722 siquidem
932 4649 1005 4704 ad
1040 4649 1220 4721 Apoc.
1259 4669 1332 4716 Ix,
1360 4655 1444 4705 10·
1483 4651 1700 4705 Lowrn.

426 4727 543 4791 (63)
579 4720 786 4776 Αὐτῶν.
812 4722 913 4794 _Sic
943 4720 1324 4794 scribendum
1360 4741 1463 4794 pro
1499 4723 1660 4794 Vulg.
1694 4720 1890 4778 αὐτῶν.

427 4796 539 4866 (64)
565 4795 756 4866 Ὀνομ.
790 4790 825 4860 ἢ
849 4813 907 4866 π.
941 4793 1130 4865 Ὀνομ.
1163 4795 1278 4866 ᾖᾼπ.
1313 4790 1494 4850 1C0r.
1525 4812 1616 4849 vu.

571 4867 671 4920 Καὶ
700 4860 860 4918 αὗταί
893 4866 1026 4919 εἰσιν
1072 4860 1133 4919 ἀἱ
1164 4860 1307 4922 δδοί.
1365 4866 1531 4922 Αὐται
1595 4864 1648 4918 αἱ
1707 4860 1827 4918 ὁδοί
1886 4863 2009 4938 εἰσι,

357 4938 636 4993 Proverb.

423 5013 546 5092 (‘66)-
567 5006 720 5064 Οὐαί.
753 5008 972 5062 Christi
1004 5008 1250 5092 deduda
1273 5011 1580 5092 proditore
1602 5009 2012 5092 ‘verbaappli-

353 5087 450 5137 cat
478 5082 551 5137 ad
584 5099 686 5138 eos
739 5096 968 5139 omnes.
1003 5080 1104 5150 qui
1139 5080 1343 5136 electis
1375 5081 1660 5137 scandala
1696 5080 2006 5150 objiciunt.

352 5154 536 5209 Porro
563 5155 690 5209 haec
722 5152 1047 5222 sumpsisse
1070 5152 1301 5208 videtur
1331 5169 1360 5207 e
1409 5154 1732 5208 Clementis
1757 5155 2008 5208 Romani

354 5226 554 5300 priore
575 5226 650 5280 ad
681 5223 1328 5300 Corin_thios_Ep_istola,
1358 5241 1488 5300 cap.
1520 5243 1644 5300 xui
1674 5242 1687 5300 ξ
1720 5223 1850 5300 Eine
1879 5225 2004 5300 γάρ’

350 5292 716 5351 Ο’“”ἀ
844 5295 855 5315 ’
1016 5292 1224 5346 ἐ’ί·
1401 5292 1451 5313 “’
1674 5292 1965 5332 ”τό’

352 5317 487 5367 κυαι
545 5316 626 5367 τῳ
721 5307 960 5367 νθρωπῳ
1043 5315 1204 5367 κε.νῳ
1284 5293 1452 5350 καλον
1511 5297 1577 5365 ἦν
1629 5315 1780 5367 αυτιμ
1805 5315 2010 5367 εμοδκ

346 5347 655 5442 ἐγεννήθτῖχ
691 5369 725 5437 ἢ
772 5347 876 5442 ⁸έναι
933 5347 1036 5418 τῶν
1127 5347 1563 5442 έδίλεκτῶν--μού
1629 5351 2003 5442 σκανδαλίσαι·

343 5438 588 5514 κρεῖττον
622 5439 689 5514 ἦν
729 5439 895 5514 αὐτῷ-
928 5446 1282 5514 Δἰςεεριτειθῆναι
1335 5438 1538 5514 μύλον,
1595 5440 1683 5494 καὶ
1737 5459 2004 5494 καταπον-

2133 4447 2198 4496 ut
2225 4459 2411 4498 unum
2445 4444 2516 4498 de
2533 4443 2768 4514 pusillis
2798 4443 2948 4497 meis
2982 4443 3426 4499 scandalizaret.
3464 4464 3492 4492 »
3524 4442 3631 4498 Ubi
3665 4443 3794 4498 haec

2130 4515 2379 4586 adnotat
2406 4516 2769 4570 Cotelerius:
2801 4537 2828 4564 ‹‹
2862 4515 3028 4580 Quod
3059 4516 3323 4586 antiquis
3354 4532 3473 4570 non
3519 4515 3791 4571 insolens

2126 4585 2259 4653 fuit,
2292 4587 2481 4642 multa
2511 4587 2855 4641 testimonia
2903 4587 2962 4641 in
2987 4605 3171 4642 unum
3203 4585 3513 4659 Coniungit
3537 4605 3548 4641 :
3574 4603 3790 4658 nempe

2053 4660 2098 4722 D
2132 4660 2330 4714 Matth.
2357 4676 2505 4724 xxvu,
2540 4662 2644 4724 24;
2681 4663 2816 4713 Luc.
2872 4675 3005 4720 xvn,
3039 4663 3109 4725 2;
3172 4661 3373 4714 Matth.
3435 4675 3590 4726 xvm,
3626 4662 3677 4720 6.
3733 4663 3792 4713 et

2131 4731 2304 4785 Marc.
2349 4748 2422 4792 Ix,
2456 4733 2545 4784 42.
2601 4733 2679 4786 Ac
2711 4730 2772 4784 in
2825 4732 3034 4798 Marco,
3083 4737 3186 4785 aut
3243 4731 3305 4785 in
3365 4732 3536 4792 Luca.
3571 4737 3675 4786 aut
3725 4731 3786 4785 in

2129 4809 2384 4873 utroque
2417 4803 2710 4872 reperisse
2760 4802 2992 4856 videtur
3029 4808 3284 4871 περιτεθῆ
3348 4820 3453 4873 pro
3498 4801 3787 4858 hodierno

2129 4874 2452 4943 περίκειται·
2479 4876 2680 4944 sicque
2709 4874 2770 4928 in
2805 4875 2957 4928 Luca
3004 4875 3245 4930 exhibet
3295 4875 3481 4929 codex
3538 4877 3790 4942 Evange-

2130 4945 2344 5001 liorum
2379 4963 2488 5001 ms.
2525 4945 2626 5017 qui
2658 4951 2748 4999 est
2796 4946 3176 5019 Bibliothecze
3230 4947 3422 5019 Hegias
3452 4948 3612 5019 2247.
3649 4946 3787 5019 Vul—

2125 5024 2279 5090 gata.
2320 5019 2728 5090 «imponatur.
2767 5039 2793 5065 ››
2828 5017 3016 5072 Verbo
3077 5020 3256 5074 etiam
3299 5017 3643 5090 *ξεριτεθῆναι
3675 5017 3784 5070 uti-

2127 5095 2223 5143 tur
2241 5089 2714 5164 Theophylactus
2730 5105 2867 5164 eum
2887 5091 3310 5164 evangelistam
3335 5089 3786 5164 enarrans,nec-

2125 5177 2245 5215 non
2280 5159 2561 5230 Origenes
2591 5161 2665 5215 ad
2697 5161 2949 5216 Matthaai
2983 5159 3111 5233 ca'p.
3147 5179 3302 5216 xvm.
3338 5164 3407 5214 Et
3425 5176 3558 5214 vero
3575 5159 3782 5233 eadem

2125 5233 2461 5288 divinorum
2522 5232 2904 5305 Eloquiorum
2962 5231 3277 5305 compages
3309 5233 3559 5305 struitur
3588 5247 3623 5286 a
3653 5231 3785 5286 Cle-

2123 5312 2322 5359 mente
2356 5304 2757 5359 Alexandrino
2771 5305 2844 5359 ad
2868 5305 3050 5360 finem
3083 5303 3352 5360 cen'tonis
3375 5306 3428 5372 3,
3459 5303 3556 5357 ubi
3571 5319 3781 5375 cogno-

2122 5377 2302 5430 minis
2326 5377 2415 5431 sui
2449 5376 2697 5431 Romani
2732 5383 3071 5437 mutuatur;
3114 5382 3224 5431 etc.
3260 5397 3285 5424 ι)

2192 5451 2304 5515 (67)
2361 5448 2489 5501 Ἕνα
2548 5452 2655 5518 τῶν
2717 5443 2989 5500 ἐκλεκτῶν
3062 5467 3168 5518 μου
3230 5442 3565 5518 διαστρέψαι.
3649 5445 3781 5500 Cle-

2120 5513 2295 5573 mens.
2325 5522 2518 5586 Rom.,
2549 5515 2641 5572 (ἕνα
2671 5522 2776 5570 τῶν
2815 5521 3023 5589 μικρῶν
3055 5513 3160 5589 μου
3218 5513 3595 5571 σκανδαλίσω.
3632 5518 3776 5572 Dein

2120 5591 2305 5655 addit,
2335 5591 2398 5644 τὸ
2429 5591 2608 5664 σχίμα
2641 5591 2792 5659 ὑμῶν
2818 5587 3072 5647 πολλοὺς
3103 5588 3434 5664 διέπρεψεν,
3461 5613 3488 5664 ι(
3517 5589 3780 5664 schisma

2116 5672 2375 5733 vestrum
2410 5662 2627 5719 multos
2649 5664 2947 5733 pervertit.
2971 5685 2997 5710 »
3033 5664 3196 5718 Unde
3217 5662 3652 5718 Alexandrinus
3670 5678 3776 5716 no-

2118 5741 2240 5790 ster
2271 5731 2948 5807 Staatpéstarsumpsisse
2980 5735 3228 5790 videtur.

2189 5808 2301 5879 (68)
2331 5804 2560 5868 Αὐτούς.
2593 5804 2780 5879 Ὑμᾶς,
2809 5807 2978 5861 Rom.
3013 5823 3070 5876 ιι,
3112 5809 3200 5864 24.

343 5507 597 5583 τὶσθῇναι
631 5507 709 5566 εἰς
735 5513 833 5578 τήν
877 5507 1187 5578 θάλασσαν,
1227 5512 1262 5581 ἢ
1319 5507 1411 5567 ἕνα
1467 5517 1573 5567 τῶν
1632 5515 1838 5583 μικρῶν
1900 5532 2003 5582 μου

342 5581 720 5638 «mamm-
753 5604 774 5634 ι
811 5583 965 5640 Dixit
1011 5585 1204 5640 enim:
1244 5588 1335 5642 νω
1369 5587 1595 5641 homini
1628 5581 1754 5640 illi:
1781 5585 2001 5640 bonum

346 5665 474 5740 erat
503 5657 553 5712 ei
586 5657 635 5740 si
660 5662 977 5740 natus‘n'on
1000 5654 1227 5740 fuisset.
1265 5675 1445 5740 quam
1470 5665 1533 5713 ut
1553 5675 1739 5713 unum
1773 5672 1858 5737 ex
1881 5657 2000 5740 ele-

342 5728 456 5785 ctis
485 5729 633 5784 meis
665 5726 1122 5792 scandalizaret;
1165 5726 1380 5785 melius
1431 5736 1575 5796 erat,
1611 5736 1676 5784 ut
1731 5729 1784 5783 ei
1846 5729 2003 5784 mola

344 5801 919 5875 circumponeretur,
952 5798 1091 5855 etin
1117 5815 1283 5857 mare
1325 5802 1788 5875 demergeretur,
1822 5816 2000 5872 quam
