4138 6394
377 331 520 387 1213

1715 329 2167 389 ΒΤΒΟΜΔἸὍΜ
2199 328 2341 383 LIB.
2383 328 2481 384 IV.

3671 325 3831 402 1214,

376 457 478 511 ’ὃσα
510 451 661 530 ἁγνὰ,
696 453 793 508 ὅσα
817 452 1128 532 προσφιλῆ,
1189 454 1290 509 ὅσα
1349 450 1591 532 εὔφημον
1627 451 1682 510 εἶ’
1724 474 1808 516 τις
1852 451 2031 528 ἀρετήι

2160 451 2381 506 tionem
2413 451 2730 522 baptizant,
2780 448 3182 522 voluptatibus
3212 453 3271 506 et
3316 448 3625 506 affectibus
3675 469 3804 509 esse

377 543 469 600 καὶ
501 545 662 607 εἴτις
723 543 965 614 ἔπαινος,
1019 541 1188 599 ταῦτα
1247 544 1556 618 λογίζεσθε,
1608 541 1707 599 ὅσα
1764 543 1854 598 καὶ
1911 541 2044 614 ἐμά-

381 647 516 699 θετε·
582 632 614 688 ἃ
661 634 750 688 καὶ
794 629 1135 704 παρελάϐετε
1191 633 1283 688 καὶ
1341 634 1612 704 ἠκούσατε
1668 635 1758 688 καὶ
1800 630 1938 688 ἴδετε
1996 630 2046 685 ἐν

381 722 530 797 ἐμοὶ.
559 726 728 778 ταῦτα
762 723 1048 798 πράσσετε⁶
1083 723 1172 778 καὶ
1206 724 1234 778 ὁ
1294 724 1424 786 Θεὸς
1475 731 1573 794 τῆς
1626 722 1842 798 εἰρήνης
1900 716 2044 776 ἔσται

382 813 500 887 μεθ’
552 812 732 882 ὑμῶν.
769 837 796 864 ››
851 812 950 867 Καὶ
1011 813 1038 866 ὁ
1098 813 1300 887 Πέτρος
1381 813 1432 869 ἐν
1484 818 1550 888 τῇ
1609 812 1909 886 Ἐπιστολῇ
1980 810 2046 865 τὰ

378 903 547 976 ὃμοια
578 899 749 977 λέγει’
805 927 824 953 ι
888 904 1049 957 Ὥστε
1105 904 1202 972 τήν
1265 905 1442 958 πίστιν
1504 905 1653 976 ὑμῶν
1710 904 1800 957 καὶ
1849 898 2045 956 ἐλπίδα

381 993 518 1048 εἶναι
547 991 626 1054 εἷς
661 991 810 1047 Θεόνο
843 992 937 1054 τὰς
969 993 1153 1068 ψυχὰς
1205 993 1358 1066 ὑμῶν
1407 993 1696 1068 ἡγνικότες
1727 993 1778 1048 ἐν
1809 997 1878 1066 τῇ
1905 993 2044 1046 ὑπα-

379 1085 483 1155 κοῇ
514 1085 611 1151 τῆς
642 1081 930 1151 ἀληθείας·
961 1083 1037 1146 ὡς
1092 1083 1252 1138 τὲκνά
1308 1085 1578 1155 ὑπακοῆς,
1630 1085 1706 1156 μή
1753 1083 2041 1154 coci/th1-

375 1171 656 1245 τιζόμενοι
687 1177 804 1226 ταῖς
847 1172 1112 1247 πρότερον
1172 1171 1222 1226 ἐν
1270 1177 1340 1246 τῇ
1397 1173 1586 1248 ἀγνοίᾳ
1645 1174 1795 1246 ὑμῶν
1856 1171 2042 1236 ἐπίθυ-

377 1259 546 1334 μίαις’
581 1259 727 1316 ἀλλά
755 1261 891 1316 κατά
911 1261 1001 1316 τὸν
1037 1258 1342 1316 καλέσαντα
1378 1263 1516 1334 ὑμᾶς
1573 1263 1721 1338 ἅγιον
1765 1263 1854 1317 καὶ
1884 1261 2037 1316 αὐτοὶ

376 1350 520 1426 ἅγιοι
596 1347 647 1404 ἐν
711 1353 854 1426 πάσῃ
911 1351 1223 1427 ἀναστροφῇ
1301 1354 1586 1426 γενήθητε
1650 1349 1788 1406 διότι
1844 1353 2040 1427 γεγρα-

376 1459 527 1494 πται·
560 1441 749 1514 ’Ἅγιοι
783 1437 964 1504 ἔσεσθε
1005 1443 1144 1515 (78),
1202 1438 1341 1495 διότι
1391 1441 1502 1516 ἐγὼ
1555 1441 1728 1515 ἆγιος.
1788 1468 1816 1492 ››
1864 1439 2042 1498 Ἀλλᾶ

369 1529 478 1605 γὰρ
514 1529 652 1602 πὲρα
683 1535 777 1584 τοῦ
811 1527 1030 1592 δέοντος
1091 1533 1126 1600 ἡ
1169 1531 1302 1606 πρὸς
1332 1530 1460 1593 τοὺς
1491 1529 1884 1604 ψευδωνύμους
1937 1539 2038 1600 τῆς

377 1619 635 1692 γνώσεως
667 1619 968 1692 ὑποκριτὰς
1018 1619 1283 1694 ἀναγκαία
1331 1619 1606 1694 λεγομένη
1645 1619 1929 1694 ἀντιλογία
1960 1619 2037 1682 εἷς

379 1705 586 1780 μακρόν
621 1707 895 1782 ἀπήγαγεν
928 1710 1102 1780 ἡμᾶς,
1162 1707 1252 1761 καὶ
1312 1706 1535 1778 ἐξέτεινε
1575 1709 1666 1763 τὸν
1702 1708 1882 1783 λόγον’
1919 1709 2034 1764 ὅθεν

373 1793 731 1870 καὶὸτρίτος
782 1798 918 1870 ἡμῖν
977 1801 1084 1851 τῶν
1146 1798 1284 1852 κατά
1337 1799 1437 1867 τὴν
1490 1797 1672 1869 ἀληθῆ
1707 1799 2033 1876 φιλοσοφίαν

374 1889 687 1960 γνωπικῶν
728 1886 1142 1960 ὑπομνημάτων
1176 1886 1543 1963 Στρωματεὺς
1599 1893 1761 1944 τοῦτο
1804 1886 1919 1964 ἔχει
1967 1889 2030 1944 τὸ

371 1972 565 2050 πέρας.

2153 541 2584 612 indulgendum
2613 541 3023 598 decernentes.
3047 541 3488 596 incontinentes
3511 558 3582 595 ex
3603 541 3806 596 mode-

2152 631 2295 685 ratis
2329 631 2456 685 fieri
2492 631 2794 697 docentes,
2825 637 2882 685 et
2910 631 2971 685 in
2992 647 3092 701 spe
3115 647 3220 685 sua
3239 629 3646 686 membrorum
3671 649 3807 686 suo-

2151 738 2285 776 rum
2317 721 2700 793 impudentize
2724 720 2884 776 affixi
2910 738 2922 787 ;
2948 727 3072 775 uta
3093 737 3271 793 regno
3304 721 3406 776 Dei
3428 719 3804 791 abdicentur,

2151 828 2271 866 non
2303 819 2501 867 autem
2534 817 2596 866 ut
2628 811 3051 876 inscribantur,
3085 813 3188 882 qui
3227 811 3301 866 ad
3351 827 3452 866 eos
3492 812 3803 882 ventitant,

2151 901 2482 957 efficientes
2509 919 2522 968 ;
2565 902 2672 956 sub
2703 901 2852 956 falso
2877 901 3198 956 nominatas
3227 901 3582 974 cognitionis
3605 901 3801 971 titulo,

2151 1009 2304 1059 eam,
2329 1009 2459 1064 qua)
2482 991 2556 1046 ad
2587 992 2912 1047 exteriores
2934 991 3098 1045 ducit
3117 991 3414 1056 tenebras,
3439 991 3591 1045 viam
3614 991 3803 1064 ingre~

2150 1079 2398 1135 dientes.
2416 1079 2607 1144 -Quod
2623 1080 2920 1150 reliquum
2936 1079 3248 1134 estfratres
3262 1095 3631 1150 quaecunque
3647 1095 3801 1147 vera,

2149 1186 2520 1241 quaecunque
2544 1169 2812 1232 honesta,
2834 1171 3395 1240 quaacunquejusta,
3430 1186 3802 1240 quaecunque

2148 1266 2326 1315 casta.
2344 1277 2712 1331 quaecunque
2727 1260 3009 1315 amabilia
3039 1276 3409 1330 quascunque
3423 1259 3592 1314 bona)
3606 1260 3800 1326 famzo;

2148 1350 2194 1405 si
2216 1367 2331 1422 qua
2351 1351 2555 1412 virtus,
2585 1357 2643 1405 et
2664 1351 2712 1404 si
2738 1367 2856 1420 qua
2880 1350 3029 1410 laus.
3055 1366 3125 1404 ea
3145 1349 3518 1404 considerate
3542 1367 3555 1415 ;
3589 1367 3720 1420 quae
3744 1355 3804 1405 et

2146 1439 2596 1510 didicistis;quaa
2611 1441 2789 1495 etiam
2809 1440 3121 1512 accepistis
3141 1446 3198 1496 et
3214 1439 3486 1495 audiistis
3500 1439 3800 1496 etvidistis

2146 1533 2207 1587 in
2227 1549 2340 1599 me,
2362 1549 2432 1588 ea
2449 1531 2621 1587 facite
2647 1539 2736 1596 ;et
2755 1533 2906 1586 Deus
2928 1531 3088 1602 pacis
3106 1531 3218 1585 erit
3240 1530 3656 1602 vobiscum(a).
3685 1554 3712 1581 ››
3732 1534 3804 1588 Et

2145 1623 2353 1677 Petrus
2383 1620 2607 1675 similia
2636 1619 2784 1674 dicit
2825 1619 2885 1674 in
2918 1619 3216 1692 Epistola:
3253 1640 3280 1667 «
3311 1620 3383 1674 Ut
3430 1619 3578 1676 fides
3609 1627 3802 1676 vestra

2144 1716 2202 1766 et
2233 1727 2366 1782 spes
2401 1709 2476 1764 sit
2508 1710 2568 1763 in
2599 1710 2806 1774 Deum,
2841 1725 2977 1763 cum
3009 1709 3242 1764 animas
3262 1714 3484 1763 vestras
3506 1714 3698 1764 castas
3721 1709 3802 1765 ef~

2141 1799 2401 1856 feceritis
2425 1800 2486 1854 in
2520 1797 2863 1854 obedientia
2893 1798 3154 1854 veritatis
3177 1799 3254 1868 (b)
3281 1815 3294 1864 ;
3321 1798 3489 1868 quasi
3516 1797 3623 1852 filii
3657 1798 3799 1854 ohe-

2140 1889 2404 1957 dientim,
2433 1906 2551 1944 non
2579 1887 2930 1961 configurati
2963 1887 3262 1960 prioribus
3293 1885 3628 1960 desideriis,
3663 1905 3796 1958 qua)

2139 1980 2382 2036 fuerunt
2413 1979 2474 2034 in
2507 1978 2880 2051 ignorantia;
2913 1977 3018 2033 sed
3042 1976 3370 2033 secundum
3399 1992 3555 2043 eum,
3579 1978 3679 2048 qui
3699 1995 3795 2032 vo-

371 2066 524 2121 cavit
553 2085 674 2132 vos,
695 2073 988 2136 sanctum,
1041 2073 1098 2123 et
1127 2069 1239 2141 ipsi
1274 2071 1462 2126 sancti
1490 2069 1618 2124 sitis
1646 2070 1707 2124 in
1752 2069 1914 2124 omni
1967 2069 2432 2125 conversatione.
2496 2067 2787 2133 Quoniam
2830 2067 3119 2138 scriptum
3150 2070 3239 2120 est
3267 2082 3279 2120 :
3315 2087 3342 2115 «
3378 2065 3575 2120 Sancti
3607 2066 3794 2135 eritis,

373 2157 655 2228 quoniam
685 2174 789 2230 ego
819 2163 1060 2213 sanctus
1091 2176 1222 2213 sum
1247 2160 1340 2228 (c).
1377 2181 1405 2209 »
1442 2162 1863 2216 Verumtamen
1887 2177 2019 2231 qua)
2037 2159 2317 2215 adversus
2349 2157 3004 2231 eos,quicognitionem
3034 2156 3186 2212 falso
3218 2156 3461 2211 nomine
3485 2155 3793 2224 simulant,

371 2247 708 2302 necessario
743 2255 1016 2320 suscepta
1043 2254 1130 2303 est
1160 2267 1194 2304 a
1216 2249 1388 2304 nobis
1421 2249 1767 2322 disputatio,
1802 2267 1910 2306 nos
1942 2250 2198 2323 longius,
2253 2266 2433 2321 quam
2491 2265 2598 2320 par
2657 2249 2753 2316 sit,
2806 2248 3075 2308 abduxit.
3136 2253 3193 2302 et
3235 2246 3566 2302 orationem
3598 2248 3796 2302 effecit

369 2337 773 2408 prolixiorem.
813 2339 974 2394 Unde
1008 2340 1214 2395 tertius
1241 2341 1647 2412 quoqueliber
1675 2341 2041 2396 Stromateus
2073 2357 2301 2410 eorum,
2327 2357 2458 2414 quae
2490 2344 2631 2395 sunt
2677 2338 2750 2394 de
2806 2355 2942 2394 vera
2990 2337 3394 2410 philosophia,
3423 2343 3796 2394 commenta-

367 2427 615 2495 riorum,
642 2429 800 2484 hunc
834 2430 1015 2486 ﬁnem
1048 2431 1284 2486 habeat.

439 2585 515 2658 (a)
549 2586 701 2643 Phil.
734 2603 809 2654 ιν,
839 2566 895 2653 δέ
928 2591 980 2642 9.
1021 2590 1092 2659 (b)
1123 2591 1146 2643 ι
1179 2594 1328 2644 Petr.
1363 2589 1525 2654 1,2l,
1558 2592 1646 2643 22.
1680 2590 1751 2660 (ο)
1783 2589 1931 2646 Ibid.
1965 2591 2052 2656 14,
2083 2593 2170 2655 f5,
2207 2591 2294 2644 ιθ.

439 2716 551 2788 (78)
579 2715 762 2790 ’Ἅγιοι
789 2710 870 2772 ἓσ.
905 2718 929 2771 Ι
962 2719 1118 2773 Petr.
1155 2735 1192 2789 I,
1231 2719 1298 2772 16
1335 2735 1348 2773 :
1382 2718 1568 2790 ’Ἅγιοι
1591 2718 1831 2792 γένεσθε,
1861 2717 1942 2772 ὅτι
1967 2715 2075 2791 ἐγὼ
2107 2715 2262 2792 ἅγιός
2295 2716 2432 2790 εἶμι.

369 2902 3790 2930 ——————-———-—————————-———u—————

1343 3075 2802 3250 ΚΛΗΜΕΝΤΟΣ

794 3369 1308 3543 ΤΟΥ
1470 3371 3348 3548 ΑΛΕΞΑΝΔΡΕΩΣ

1467 3662 2664 3795 ΣΤΡΩΜΑΤΕΩΝ

963 3912 1505 4010 ἸΧΠΨΙἩΣ
1590 3913 1931 4011 ΟΚΤΩ
2011 3916 2416 4013 ΛΟΓΟΣ
2503 3917 3198 4015 ΤΕΤΑΡΤΟΣ.

751 4297 1880 4467 CLEMENTIS
1998 4303 3318 4472 ALEXANDRIN
3327 4307 3399 4474 Ι

1531 4594 2590 4723 STROMATUM

1357 4816 1840 4914 LIBER
1974 4818 2762 4931 QUARTUS.

1739 5150 1972 5209 CAPUT
2043 5153 2349 5209 PRIMUM.

1775 5266 1919 5321 Ordo
1941 5267 2317 5324 dicendorum.

411 5387 750 5453 Ἀκόλουθον
781 5384 830 5442 δ’
861 5387 943 5456 ἄν,
981 5387 1161 5458 οἶμαι,
1193 5383 1318 5455 περί
1363 5407 1421 5442 τε
1471 5390 1774 5465 μαρτυρίου
1807 5387 1999 5445 διαλα-

2186 5395 2572 5468 Consequens
2594 5402 2792 5454 autem
2822 5397 3103 5470 deinceps
3125 5416 3254 5455 esse
3277 5401 3573 5468 existimo,
3607 5411 3671 5460 ut
3701 5406 3773 5464 de

341 5471 476 5548 θεῖν,
508 5476 600 5532 καὶ
629 5477 712 5539 τίς
752 5477 780 5531 ὁ
837 5475 1070 5537 τέλειος·
1122 5475 1204 5536 οἷς
1265 5473 1811 5555 ἐμπεριληφθήσεται
1867 5481 2003 5536 κατὰ

334 5568 435 5636 τὴν
468 5567 759 5638 ἀπαίτησιν
791 5571 902 5621 τῶν
934 5563 1365 5638 λεχθησομὲνων
1396 5568 1463 5621 τὰ
1502 5571 1874 5642 παρεπόμενα,
1909 5570 1998 5626 καὶ

336 5655 413 5718 ὡς
446 5656 656 5729 ὁμοίως
682 5677 740 5712 τε
783 5653 1190 5732 φιλοσοφητέον
1251 5651 1438 5730 δούλῳ
1469 5678 1525 5712 τε
1580 5660 1670 5713 καὶ
1704 5656 1997 5735 ἐλευθέρῳ,

331 5742 430 5800 κᾶν
466 5747 602 5823 ἀνὴρ
633 5747 668 5818 ἢ
692 5747 828 5825 γ)νή
875 5745 938 5801 τὸ
970 5745 1128 5821 γένος
1159 5744 1430 5822 τυγχάνῃ·
1486 5748 1553 5803 τά
1580 5769 1639 5804 τε
1696 5746 1840 5820 ἑξῆς,
1874 5749 1997 5826 περί

2112 5487 2398 5558 martyrio
2434 5493 2777 5549 tractemus.
2811 5493 2867 5543 et
2897 5489 3174 5560 quisnam
3198 5490 3274 5544 sit
3303 5492 3621 5563 perfectus.
3647 5497 3776 5556 Una

2111 5581 2310 5630 autem
2327 5593 2461 5632 cum
2479 5578 2570 5632 his
2593 5577 3178 5649 comprehendentur
3199 5597 3572 5656 qmecunque
3596 5593 3772 5643 natu-

2108 5663 2577 5721 radicendorum
2594 5665 2771 5738 exigit
2797 5683 2809 5732 ;
2827 5667 3081 5722 utetiam
3105 5669 3260 5738 quod
3276 5686 3444 5741 mque
3471 5671 3547 5728 sit
3567 5675 3766 5745 philo-

2110 5753 2487 5826 sophandum
2519 5760 2577 5810 et
2607 5771 2770 5810 servo
2803 5761 2861 5810 et
2881 5755 3090 5824 libero,
3125 5757 3243 5812 sive
3267 5759 3345 5814 sit
3374 5759 3460 5816 vir
3479 5777 3622 5820 sexu
3643 5764 3764 5821 sive
