4138 6406
314 353 456 429 1215

1548 368 1970 425 CLEMENTIB
2005 341 2516 427 mmmam

3610 371 3751 428 1216

315 494 559 552 femina.
592 492 817 549 Etcum
841 506 970 564 qum
992 490 1275 564 deinceps
1299 496 1651 563 sequuntur,
1681 498 1740 546 et
1760 491 1832 547 de
1853 491 1968 549 {ide

2081 513 2141 549 τε
2170 491 2407 555 πίστεως
2429 492 2543 564 (⁸79)
2572 490 2661 547 καὶ
2692 490 2816 569 περὶ
2869 493 2967 548 τοῦ
3000 495 3202 563 ζητεῖν,
3242 491 3748 571 προσαπυπληρώ-

316 585 461 642 etde
481 584 889 657 inquisitione,
915 581 1973 654 absolverimus,genussymbolicum

315 675 684 732 adducemus
708 692 721 740 ;
743 678 808 727 ut
827 688 961 726 cum
988 671 1343 738 orationem,
1370 688 1500 742 quae
1525 671 1597 725 ad
1620 688 1818 726 mores
1840 689 1974 744 per-

314 766 485 828 tinet,
528 762 751 818 cursim
779 761 1275 826 concluserimus,
1329 760 1673 815 summatim
1706 761 1977 818 ostenda-

315 870 469 919 mus,
505 856 731 924 quanta
759 852 990 906 utilitas
1022 851 1204 907 allata
1251 852 1328 905 sit
1378 851 1592 907 Graecis
1640 867 1675 906 a
1721 850 1977 907 barbara

2083 603 2295 653 σαντες,
2325 582 2389 637 τὸ
2420 576 2760 655 συμϐοΛικὸν
2821 581 2962 645 εἶδος
2994 586 3108 657 (80)
3164 585 3613 659 παραθησόμεθα’
3646 586 3746 659 ἶν’,

2085 672 2161 735 ὡς
2193 671 2244 727 ἐν
2307 669 2583 747 ἐπιδρομῇ
2636 672 2728 726 τὸν
2784 672 2978 743 ἠθικὸν
3039 675 3511 751 συμπερανάμενοι
3552 674 3748 752 λόγον,

2082 759 2480 841 κεφαλαιωδῶς
2508 764 2946 837 παραστήσωμεν
2975 764 3075 833 τήν
3128 762 3204 826 είς
3244 762 3526 835 Ἓλληνας
3558 765 3619 821 ἐκ
3645 773 3749 835 τῆς

2089 849 2371 928 βαρϐάρου
2403 848 2731 928 φιλοσοφίας
2785 847 3125 915 διαδοθεῖσαν
3163 850 3452 929 ὠφέλειαν.
3487 854 3619 909 Μεθ’
3676 850 3749 922 ἤν

312 942 710 1016 philosophia.
743 943 928 1007 Quam
954 940 1195 1012 quidem
1220 947 1539 1013 postquam
1561 940 1751 996 oculis
1774 941 1968 1013 subje-

2084 942 2434 997 ὑποτύπωσιν
2465 943 2499 1012 ἣ
2518 963 2577 997 τε
2607 942 2743 1017 πρὸς
2761 941 2892 1006 τοὺς
2917 940 3195 1012 Ἓλληνας
3231 942 3322 997 καὶ
3355 945 3390 1012 ἡ
3449 943 3588 1016 πρὸς
3615 944 3748 1007 τοὺς

312 1048 469 1099 cero,
504 1036 563 1085 et
595 1030 877 1085 adversus
911 1032 1143 1085 Graecos
1174 1036 1234 1084 et
1263 1030 1545 1084 adversus
1573 1030 1806 1085 Iudaeos
1853 1036 1967 1085 tra-

312 1122 485 1177 detur
500 1120 928 1192 compendiosa
946 1120 1386 1192 Scripturarum
1407 1120 1716 1191 expositio.
1735 1124 1794 1174 et
1813 1137 1971 1191 quaa-

312 1227 548 1282 cunque
577 1210 639 1265 in
673 1210 843 1265 libris
890 1209 1392 1282 praecedentibus,
1437 1227 1569 1281 qua;
1617 1210 1859 1280 quidem
1910 1209 1971 1264 in

308 1300 579 1374 prommii
612 1300 884 1373 ingressu
935 1316 1054 1354 uno
1094 1298 1525 1354 commentario
1558 1299 1973 1354 statuissemus

310 1391 640 1460 absolvere,
674 1388 776 1445 sed
818 1395 1061 1461 propter
1106 1406 1310 1444 rerum
1359 1388 1830 1455 multitudinem,
1878 1388 1973 1443 cui

309 1481 648 1537 necessario
677 1479 1056 1535 serviendum
1088 1479 1221 1545 fuit,
1251 1495 1370 1534 non
1394 1477 1566 1533 licuit
1586 1478 1975 1550 comprehen-

311 1569 470 1626 dere.
505 1573 647 1625 Post
675 1570 803 1625 haac
833 1586 867 1624 a
893 1569 1087 1637 nobis,
1132 1569 1328 1639 quoad
1362 1568 1491 1623 fieri
1524 1573 1738 1640 potest,
1771 1585 1973 1623 rerum

308 1659 750 1733 propositarum
767 1659 1015 1730 impleta
1036 1658 1462 1723 declaratione,
1486 1674 1617 1729 quas
1636 1658 1709 1713 de
1731 1662 1973 1713 natura-

310 1749 467 1805 libus
499 1749 810 1821 principiis
838 1754 895 1803 et
924 1764 958 1803 a
1002 1749 1220 1804 Graacis
1272 1753 1331 1803 et
1377 1747 1449 1803 ab
1495 1747 1631 1803 aliis
1681 1747 1972 1803 barbaris.

2079 1029 2377 1094 Ἰουδαίοδς
2408 1034 2527 1087 κατ’
2558 1032 2832 1104 ἐπιτομὴν
2886 1035 2993 1085 τῶν
3026 1036 3256 1107 Γραφῶν
3316 1029 3521 1095 ἔκθεσις
3566 1053 3749 1108 παρα-
3848 1093 3862 1104 ,

2082 1120 2397 1193 δοθήσεται,
2426 1121 2516 1176 καὶ
2547 1122 2645 1176 ὅσα
2676 1121 2730 1175 ἐν
2784 1126 2901 1183 τοῖς
2958 1121 3066 1193 πρὸ
3120 1122 3319 1177 τούτου
3352 1125 3747 1197 Στρωματεύσι

2078 1214 2216 1268 κατὰ
2243 1213 2343 1279 τὴν
2392 1216 2491 1266 τοῦ
2547 1211 2853 1285 προοιμίου
2909 1206 3167 1280 εἰσϐολήν
3225 1211 3277 1267 ἐν
3338 1212 3418 1267 ἐνὶ
3475 1215 3752 1286 προθεμέ-

2079 1323 2204 1365 νους
2256 1303 2370 1376 (81)
2421 1300 2733 1357 τελειώσειν
2800 1302 3181 1374 ὑπομνήματι,
3248 1306 3330 1374 τῷ
3384 1301 3587 1373 πλήθει
3636 1307 3749 1359 τῶν

2079 1394 2423 1467 πραγμάτων
2497 1389 2800 1467 ἀναγκαίως
2854 1386 3216 1461 δουλεύσασι,
3265 1387 3585 1464 περιλαϐεῖν
3645 1390 3749 1447 οὐκ

2080 1481 2373 1555 ἐξεγένετο.
2410 1480 2528 1536 Ἐπὶ
2561 1479 2779 1541 τούτοις
2812 1478 3058 1552 ὕστερον,
3091 1479 3484 1555 πληρωθείσης
3538 1484 3613 1545 ὡς
3664 1479 3744 1537 ἔνι

2085 1571 2323 1646 μάλιστα
2352 1576 2452 1639 τῆς
2480 1568 2618 1624 κατᾶ
2644 1571 2713 1624 τὰ
2740 1568 3077 1644 προκείμενα
3124 1572 3260 1642 ἡμῖν
3319 1570 3743 1643 ὑποτυπώσεως,

2078 1663 2145 1716 τὰ
2175 1660 2296 1733 περὶ
2330 1658 2518 1735 ἀρχῶν
2575 1658 3048 1735 φυσιολογηθέντα
3096 1665 3213 1721 τοῖς
3257 1680 3316 1714 τε
3357 1657 3600 1728 Ἕλλησι
3628 1665 3751 1724 τοῖς

2080 1771 2140 1805 τε
2166 1746 2363 1811 ἃλλοις
2400 1744 2722 1824 βαρϐάροις,
2755 1747 2880 1803 ὅσον
2913 1748 3051 1817 ἧκον
3113 1746 3191 1810 εἷς
3250 1750 3403 1821 ἡμᾶς
3459 1749 3514 1804 αἱ
3574 1745 3751 1823 δόξαι,

310 1845 488 1911 prout
517 1838 590 1894 ad
620 1855 731 1893 nos
755 1842 1157 1910 pervenerunt
1186 1838 1524 1908 opiniones,
1556 1836 1776 1891 tradita
1810 1841 1968 1902 sunt,

2080 1838 2480 1912 ἐξιστορητέον,
2503 1838 2591 1892 καὶ
2624 1838 2761 1913 πρὸς
2790 1837 2858 1892 τὰ
2911 1838 3226 1913 κυριώτατα
3254 1842 3363 1893 τῶν
3410 1842 3528 1899 τοῖς
3588 1836 3757 1918 φιλο-

312 1933 549 2000 oportet
572 1943 886 1983 recensere
916 1944 929 1994 ;
959 1932 1018 1981 et
1065 1926 1346 1982 adversus
1389 1926 1689 1998 praecipua
1740 1942 1970 1994 eorum,

313 2035 447 2089 qua
481 2023 622 2073 sunt
667 2016 998 2089 excogitata
1026 2033 1061 2071 a
1100 2015 1493 2088 philosophis,
1545 2016 1969 2087 argumentari.

314 2106 539 2173 Quibus
584 2105 765 2161 fuerit
815 2121 1212 2176 consequens,
1262 2109 1331 2159 ut
1376 2111 1691 2177 postquam
1740 2105 1974 2159 theolo-

312 2196 470 2268 giam
502 2196 725 2251 cursim
750 2195 1244 2266 percurrerimus.
1273 2211 1360 2259 ea,
1387 2212 1519 2265 quae
1552 2194 1624 2249 de
1656 2194 1972 2265 prophetia

314 2285 532 2341 tradita
562 2290 721 2351 sunt,
756 2291 1080 2340 tractemus
1112 2302 1125 2349 ;
1160 2290 1226 2338 ut
1246 2300 1379 2339 cum
1404 2284 1581 2338 etiam
1614 2284 1969 2355 Scripturas,

313 2373 534 2446 quibus
564 2373 949 2436 credidimus.
982 2372 1207 2429 validas
1234 2389 1302 2429 ac
1330 2378 1488 2429 ratas
1520 2389 1650 2429 esse
1697 2374 1973 2445 omnipo-

312 2465 460 2521 tenti
495 2464 846 2520 auctoritate
870 2462 1335 2525 ostenderimus.
1360 2462 1514 2518 serie
1536 2462 1836 2534 possimus
1868 2479 1974 2535 per

312 2555 473 2627 ipsas
502 2553 799 2627 progredi,
834 2559 894 2610 et
923 2554 1062 2609 hinc
1105 2553 1381 2609 omnibus
1412 2552 1741 2608 haeresibus
1780 2570 1969 2609 unum

312 2645 497 2700 Deum
516 2643 852 2712 ostendere,
873 2648 932 2698 et
954 2643 1271 2699 Dominum
1295 2643 1451 2698 204
1472 2642 1966 2713 omnipotentem,

313 2735 413 2807 qui
446 2750 552 2805 per
581 2733 770 2807 legem
800 2738 857 2789 et
882 2734 1202 2807 prophetas
1227 2739 1286 2788 et
1313 2732 1553 2789 beatum
1578 2733 1757 2787 etiam
1780 2734 1967 2789 Evan-

309 2825 533 2900 gelium
564 2825 674 2880 iuit
705 2825 935 2880 sincere
966 2824 1344 2897 praedicatus.
1397 2823 1577 2878 Multa
1624 2828 1823 2878 autem
1875 2840 1970 2879 se-

307 2920 580 2987 quuntur
635 2914 811 2969 nobis
869 2914 1123 2969 dicenda
1171 2914 1452 2969 adversus
1501 2929 1623 2979 eos,
1677 2913 1778 2983 qui
1830 2918 1973 2968 sunt

306 3003 552 3059 diversae
587 3003 889 3076 opinionis
942 3003 1297 3059 conantibus
1329 3020 1399 3058 ea
1449 3003 1511 3057 in
1560 3003 1798 3073 scriptis
1846 3003 1971 3058 dis-

307 3094 555 3160 solvere,
589 3110 721 3164 quaa
748 3093 821 3149 ab
853 3093 1000 3165 ipsis
1031 3094 1383 3160 afferuntur,
1416 3098 1475 3148 et
1498 3091 1586 3146 vel
1613 3092 1814 3147 invitis
1836 3109 1969 3164 per-

303 3182 580 3250 suadere,
606 3198 715 3254 per
752 3182 910 3254 ipsas
957 3182 1363 3238 convincenda
1415 3182 1769 3253 Scripturas.
1822 3184 1959 3237 Per—

301 3272 456 3328 fecto
496 3272 697 3343 itaque
729 3271 904 3327 nobis
951 3273 1227 3327 universo
1276 3272 1605 3343 proposito,
1658 3289 1790 3327 cum
1834 3272 1962 3342 jam

303 3361 792 3427 commentarios,
822 3360 1031 3432 quales
1056 3361 1312 3416 voluerit
1341 3361 1616 3433 Spiritus.
1668 3361 1741 3417 ad
1791 3376 1967 3416 usum

302 3452 632 3508 instantem
675 3451 1220 3507 ministraverimus
1271 3451 1564 3522 (quaedam
1619 3451 1780 3506 enim
1831 3456 1968 3507 ante

297 3542 607 3597 veritatem
640 3542 885 3597 omnino
917 3540 1151 3612 praefari
1186 3557 1432 3596 necesse
1479 3540 1613 3609 est),
1648 3546 1789 3595 tunc
1836 3557 1971 3596 vere

299 3631 629 3704 gnosticam
663 3636 897 3685 natura;
924 3629 1340 3702 aggrediemur
1371 3629 1966 3700 contemplationem,

300 3720 496 3792 parvis
526 3725 664 3775 ante
697 3735 917 3791 magna
945 3718 1163 3773 initiati
1198 3718 1504 3789 mysteria,
1546 3723 1613 3772 ut
1657 3735 1792 3774 vere
1825 3718 1974 3774 divi-

301 3826 394 3864 nae
412 3825 717 3864 sacrorum
740 3807 1225 3879 interpretationi
1248 3807 1398 3861 nihil
1419 3807 1496 3861 sit
1513 3807 1968 3879 impedimento,

302 3898 470 3971 prius
498 3897 838 3970 expurgatis
871 3903 1051 3968 atque
1078 3897 1415 3952 informatis
1448 3897 1542 3961 iis,
1575 3914 1707 3969 quas
1738 3903 1973 3970 oportet

300 3993 440 4043 ante
470 3988 609 4043 sciri
643 3993 702 4043 et
733 3986 906 4042 tradi.
942 3989 1024 4041 Ac
1069 3991 1296 4041 natura;
1346 3987 1586 4058 quidem
1639 3987 1969 4042 secundum

298 4076 571 4132 veritatis
600 4076 864 4150 regulam
898 4075 1239 4147 disciplina,
1276 4092 1379 4131 seu
1420 4076 1715 4147 inspectio
1748 4077 1968 4148 potius.

298 4183 430 4238 quae
454 4183 560 4239 per
581 4167 914 4239 guosticam
939 4165 1321 4221 traditionem
1342 4166 1693 4237 acquiritur.
1717 4166 1874 4222 facto
1897 4166 1969 4221 ab

298 4262 432 4311 ortu
464 4256 673 4312 mundi
704 4256 899 4324 initio,
941 4256 1078 4310 inde
1111 4255 1184 4310 ad
1216 4271 1416 4310 rerum
1449 4254 1779 4311 divinarum
1828 4273 1971 4311 con-

295 4345 749 4416 templationem
766 4344 1051 4400 ascendit.
1064 4342 1229 4399 Unde
1244 4360 1611 4415 eorum,quee
1628 4346 1963 4413 tradentur,

296 4433 661 4505 principium
692 4450 726 4489 a
753 4434 1076 4500 creatione,
1105 4450 1238 4505 qum
1269 4450 1304 4489 a
1327 4434 1635 4506 prophetis
1661 4433 1965 4506 descripta

301 4528 411 4590 est,
454 4523 761 4591 ducemus,
810 4523 1296 4579 intermiscentes
1345 4540 1783 4594 nonnunquam
1831 4540 1964 4595 quas

2078 1929 2272 2005 σόφοις
2305 1927 2744 2000 ἐπινενοημένων
2807 1923 3186 2003 ἐγχειρητέον.
3222 1928 3323 1990 Οἷς
3383 1928 3652 2001 ἑπόμενον
3686 1926 3750 1983 ἃν

2080 2016 2188 2088 ενη.
2226 2019 2361 2091 μετά
2388 2018 2487 2085 τὴν
2521 2014 2829 2092 ἐπιδρομὴν
2861 2024 2962 2085 τῆς
2997 2014 3317 2092 θεολογίας,
3344 2018 3413 2072 τὰ
3462 2018 3587 2095 περῖ
3611 2038 3755 2093 προ-

2079 2109 2303 2184 φητείας
2358 2103 2777 2181 παραδεδομένα
2837 2099 3117 2160 διαλαϐεῖν
3177 2108 3312 2180 (82)·
3373 2104 3449 2167 ὡς
3506 2108 3597 2161 καὶ
3652 2106 3754 2169 τὰς

2077 2195 2315 2274 Γραφᾶς,
2349 2197 2435 2260 αῖς
2465 2194 2925 2267 πεπιστεύκαμεν,
2985 2196 3177 2269 κυρίας
3227 2191 3390 2258 οὔσας
3448 2192 3499 2268 ἐξ
3558 2193 3755 2251 αὐθεν-

2075 2285 2192 2349 τίας
2221 2291 2735 2359 παντοκρατορεκῆς
2795 2281 3193 2355 ἐπιδείξαντας,
3252 2285 3503 2360 προῖέναι
3546 2281 3618 2339 δι’
3654 2285 3754 2340 αὖ·

2075 2379 2185 2430 τῶν
2214 2376 2393 2449 εῗρμῷ
2415 2371 2694 2443 δύνασθαι,
2736 2373 2828 2429 καὶ
2883 2375 3115 2437 ἁπάσαις
3159 2373 3394 2439 ἐντεῦθεν
3451 2379 3572 2437 ταῖς
3603 2374 3755 2449 αἱρέ-

2076 2485 2243 2531 σεσιν,
2275 2461 2368 2519 ἕνα
2399 2461 2668 2519 δεικνύναι
2700 2464 2855 2535 Θεὸν,
2916 2462 3007 2518 καὶ
3068 2462 3272 2539 Κύριον
3305 2463 3748 2539 παντοκράτορα,

2073 2554 2168 2609 τὸν
2194 2551 2285 2608 διὰ
2304 2553 2476 2627 νόμου
2506 2553 2598 2609 καὶ
2629 2558 2954 2631 προφητῶν,
2985 2553 3123 2629 πρὸς
3181 2549 3241 2608 δὲ
3284 2552 3374 2608 καὶ
3433 2556 3536 2607 τοῦ
3575 2573 3753 2626 μακα-

2078 2645 2201 2721 ρίου
2234 2640 2586 2718 Εύαγγελίου
2616 2644 2859 2719 γνησίως
2918 2643 3350 2719 κεκηρυγμένον.
3413 2639 3628 2697 Πολλαὶ
3689 2639 3752 2698 δὲ

2075 2736 2226 2808 ἡμᾶς
2249 2734 2303 2788 αἱ
2333 2733 2471 2811 πρὸς
2529 2733 2657 2794 τοὺς
2715 2729 3063 2809 έτεροδόξους
3092 2732 3436 2809 ἀπιρῥησεις
3485 2730 3747 2808 ἐκδέχον-

2073 2844 2187 2887 ται,
2240 2821 2614 2898 πειρωμένους
2667 2824 2735 2879 τά
2787 2843 2847 2878 τε
2903 2823 2995 2877 ὐπ’
3060 2821 3235 2877 αὐτῶν
3290 2820 3751 2898 προκομιζόμενα

2076 2910 2368 2991 ἐγγράφως
2401 2909 2739 2981 διαΛύεσθαι,
2772 2910 2979 2966 πείθειν
3029 2931 3088 2966 τε
3120 2910 3314 2973 αὐτοὺς
3366 2911 3455 2966 καὶ
3489 2912 3747 2981 ἄκοντας,

2077 2998 2149 3057 δι’
2179 3001 2353 3056 αὐτῶν
2386 2997 2718 3077 ἐλέγχοντας
2748 3005 2857 3056 τῶν
2897 3005 3144 3079 Γραφῶν.
3177 2999 3579 3070 Τελειωθείσης
3626 3001 3750 3055 τοί-

2074 3112 2169 3145 νυν
2199 3097 2301 3160 τῆς
2326 3090 2639 3165 προθέσεως
2682 3090 2820 3163 ἡμῖν
2870 3089 3107 3160 ἁπάσης,
3161 3086 3214 3144 ἐν
3265 3091 3351 3150 οἷς
3409 3088 3497 3144 ἐὰν
3526 3088 3738 3165 θελήσῃ

2077 3182 2139 3235 τὸ
2174 3184 2391 3251 Πνεῦμα
2425 3180 2787 3253 ὑπομνήμασι
2843 3179 2981 3252 πρὸς
3033 3179 3132 3246 τήν
3164 3178 3590 3253 κατεπε’γουσαν
3622 3178 3741 3249 ἐξυ-

2077 3269 2487 3346 πηρετυύμενοι
2542 3269 2732 3345 χρείαν
2791 3266 3000 3340 (πολλῆ
3058 3268 3161 3343 γὰρ
3211 3270 3246 3337 ἡ
3298 3271 3406 3322 τῶν
3466 3267 3748 3343 προλεγο-

2078 3362 2256 3433 μένων
2312 3358 2623 3436 ὀφείλεσθαι
2674 3365 2775 3427 τῆς
2834 3357 3094 3428 ἀληθείας
3148 3361 3262 3430 (83)
3314 3356 3566 3432 ἀνάγκη),
3616 3358 3745 3414 τότε

2075 3448 2142 3519 δὴ
2174 3452 2272 3519 τὴν
2302 3454 2383 3521 τῷ
2416 3445 2530 3504 ὄντι
2560 3450 2866 3526 γνωστικὴν
2913 3446 3270 3523 φυσιολογίαν
3330 3448 3578 3522 μέτειμεν
3602 3451 3744 3522 (84),

2073 3541 2139 3595 τὰ
2173 3540 2341 3616 μικρᾶ
2370 3541 2477 3614 πρὸ
2532 3545 2640 3595 τῶν
2694 3537 2951 3616 μεγάλων
3008 3542 3119 3614 (85)
3185 3540 3481 3611 μυηθέντες
3531 3560 3742 3611 μυστη-

2079 3630 2235 3706 ρίων.
2269 3631 2343 3691 ὡς
2376 3627 2547 3701 μηδὲν
2575 3626 2832 3702 ἐμποδὼν
2863 3632 2933 3703 τῇ
2967 3628 3084 3700 θείᾳ
3114 3624 3286 3690 ὅντως
3312 3628 3628 3706 ἱεροφαντίᾳ
3654 3628 3746 3703 γί-

2074 3721 2282 3788 νεσθαι,
2346 3716 2876 3794 προκεκαθαρμένων
2962 3718 3053 3773 καὶ
3137 3715 3745 3794 προδιατετυπωμένων

2076 3813 2185 3862 τῶν
2238 3810 2716 3882 προῖστορηθῆναι
2768 3807 2859 3861 καὶ
2940 3805 3428 3884 προπαραδοθῆναι
3484 3804 3745 3866 δεόντων.

2075 3899 2141 3955 Ἠ
2173 3902 2304 3972 γοῦν
2361 3897 2497 3952 κατὰ
2541 3897 2635 3952 τὸν
2692 3903 2795 3967 τῆς
2855 3896 3120 3966 ἀληθείας
3178 3897 3376 3951 κανόνα
3431 3899 3747 3970 γνωπικῆς

2076 3983 2430 4061 παραδόσεως
2463 3985 2809 4064 φυσιολογία,
2848 3985 3063 4059 μᾶλλον
3120 3984 3177 4041 δὲ
3226 3985 3509 4057 ἐποπτεία,
3542 3985 3602 4040 ἐκ
3642 3991 3746 4041 τοῦ

2071 4078 2195 4152 περὶ
2258 4076 2619 4151 κοσμογονίας
2672 4076 2907 4147 ἢρτηται
2971 4074 3165 4151 λόγου,
3252 4072 3461 4140 ἐνθένδε
3511 4070 3745 4130 ἀναϐαί-

2078 4187 2244 4221 νουσα
2299 4163 2387 4220 ἐπὶ
2436 4165 2498 4221 τὸ
2547 4163 2872 4240 θεολογικὸν
2933 4162 3093 4226 εἶδος.
3127 4165 3289 4222 ’Ὀθεν
3362 4163 3590 4228 εἰκότως
3640 4166 3747 4234 τήν

2072 4256 2256 4332 ἀρχὴν
2313 4261 2415 4325 τῆς
2470 4252 2850 4330 παραδόσεως,
2911 4254 3016 4309 ἀπὸ
3102 4260 3204 4322 τῆς
3267 4254 3745 4330 προφητευθείσης

2073 4345 2421 4418 ποιησόμεθα
2449 4345 2728 4420 γενέσεως,
2761 4342 2814 4399 ἐν
2846 4345 3000 4421 μέρει
3056 4342 3149 4398 καὶ
3212 4342 3279 4399 τὰ
3328 4346 3437 4399 τῶν
3497 4340 3746 4419 ἑτεροδό-

2074 4434 2177 4505 ξων
2206 4435 2655 4509 παρατιθέμενοι,
2699 4434 2791 4488 καὶ
2823 4434 2896 4494 ὡς
2955 4433 3072 4488 οἷόν
3119 4453 3179 4487 τε
3225 4435 3362 4504 ἡμῖν
3423 4430 3744 4497 διαλύεσθαι

2072 4527 2429 4600 πειρώμενοι.
2465 4520 2639 4579 Ἀλλὰ
2668 4524 2770 4598 γὰρ
2801 4523 2864 4577 τὸ
2900 4523 2995 4594 μὲν
3026 4523 3380 4599 γεγράψεται,
3413 4519 3479 4590 ἤν
3511 4522 3641 4583 Θεός
3673 4542 3741 4597 γε

297 4611 371 4667 ab
403 4612 498 4673 iis.
529 4612 630 4683 qui
664 4611 896 4668 diversa
939 4614 1224 4680 sentiunt,
1276 4611 1578 4679 dicuntur,
1630 4617 1708 4681 et,
1760 4613 1955 4684 quoad

2080 4612 2245 4687 ἱθέλῃ,
2303 4612 2394 4667 καὶ
2429 4610 2580 4677 ὅπως
2642 4609 2701 4667 ἄν
2762 4611 2994 4686 ἐμπνέῃ·
3056 4611 3170 4666 νυνὶ
3230 4608 3289 4667 δὶ
3340 4611 3429 4667 ἐπὶ
3484 4612 3548 4666 τὸ
3604 4631 3742 4685 προ-

298 4716 333 4755 a
362 4701 534 4756 nobis
564 4702 692 4757 fieri
723 4703 959 4773 poterit.
985 4704 1395 4759 dissolventes.
1421 4702 1534 4756 Sed
1562 4703 1688 4757 haec
1711 4702 1955 4773 quidem

300 4806 439 4846 mox
470 4791 827 4859 scribentur,
862 4792 909 4847 si
958 4794 1111 4847 Deus
1142 4792 1304 4859 velit,
1355 4796 1413 4845 et
1453 4792 1957 4862 quemadmodum

2069 4701 2323 4774 κείμενον
2386 4701 2627 4775 μετιτέον
2662 4744 2677 4769 ,
2733 4702 2821 4756 καὶ
2879 4702 2973 4757 τὸν
3021 4701 3213 4771 ἠθικὸν
3296 4701 3739 4777 ἀποπληρωτέον

2075 4789 2257 4865 λόγον.

306 4879 409 4935 ille
440 4880 853 4953 inspiraverit:
887 4898 1049 4937 nunc
1079 4886 1279 4937 autem
1311 4880 1776 4953 aggrediendum
1808 4888 1901 4937 est
1930 4881 2012 4953 id,
2038 4881 2206 4954 quod
2237 4881 2351 4938 fuit
2380 4880 2773 4954 propositum,
2823 4886 2883 4937 et
2930 4880 3292 4938 absolvenda
3349 4897 3439 4939 ea.
3500 4897 3632 4953 qum
3662 4880 3741 4939 ad

303 4985 504 5026 mores
535 4971 818 5043 pertinet,
844 4970 1056 5027 oratio.

368 5111 433 5179 is
461 5114 526 5169 P.
562 5114 809 5169 563-564
839 5113 957 5168 ED.
990 5112 1289 5177 POTTER,
1314 5112 1555 5167 474-475
1583 5113 1697 5171 ED.
1729 5115 1960 5172 PARlS.

370 5260 483 5327 (79)
515 5257 644 5329 Περί
675 5278 732 5312 τε
764 5255 1022 5318 πίστεως.
1057 5254 1223 5311 Conf.
1303 5275 1359 5329 p.
1423 5258 1550 5327 497,
1596 5262 1720 5329 500,
1753 5264 1851 5316 521
1909 5266 1969 5318 et

299 5333 423 5390 525.
453 5336 578 5391 527.
612 5331 753 5387 edit.
788 5329 974 5385 Paris.
1011 5330 1278 5384 GBABIUS.

371 5408 487 5473 (80)
520 5403 600 5461 Τὸ
631 5395 974 5473 συμϐολικὸν
1009 5397 1174 5462 εἶδος.
1213 5400 1339 5473 Lib.
1373 5402 1634 5473 V._GRAB.

373 5470 483 5549 (81)
513 5470 1151 5549 ΙΙροθεμένουςίΑβουε.
1210 5470 1583 5549 προθεμένους
1642 5475 1748 5549 (_sc.
1793 5475 1965 5547 ἡμᾶς)

299 5537 526 5621 regitur
560 5537 594 5606 ξι
618 5537 798 5605 verbo
834 5547 1051 5603 infinit.
1089 5537 1429 5621 περιλαϐεῖν.
1468 5546 1576 5602 Ubi
1608 5537 1785 5621 etiam
1804 5537 1965 5615 n'ota',

301 5616 566 5675 médium
599 5628 658 5675 et
683 5627 1016 5676 extremum
1074 5616 1366 5692 cujusque
1426 5616 1966 5692 Στρωματὲωςγῐιοιι

302 5692 1087 5763 εοωροιψι-οροείῐίοηὶώθιι
1102 5690 1389 5763 prooemio
1411 5690 1966 5763 respondere.Sv_Lu.

371 5757 487 5838 (8?)
517 5757 603 5816 Τὰ
631 5757 753 5831 περὶ
812 5757 1157 5838 προφητείας
1202 5779 1264 5817 π.
1326 5757 1378 5818 δ.
1430 5757 1530 5819 ΑΠ’
1580 5763 1720 5820 hinc
1769 5760 1969 5818 Ἐκλο-

304 5832 398 5901 γαὶ
427 5829 490 5886 lx
517 5850 624 5887 των
664 5829 1026 5907 προφητικῶν
1064 5851 1077 5902 ;
1116 5833 1378 5888 GRABIUS.

2148 5259 2284 5333 (83);
2334 5260 2472 5333 _T€bv
2524 5255 2974 5333 προλεγομένων
3064 5256 3382 5333 ὀφείλεσθαι
3452 5264 3552 5333 τῆς
3632 5257 3734 5333 ᾇλ.

2077 5327 2291 5408 Procul
2317 5331 2497 5408 dubio
2518 5327 2859 5408 legendum.
2917 5334 3026 5385 τῶν
3085 5327 3450 5404 προλέγεσθαι
3514 5328 3738 5408 όφειλοο

2081 5404 2259 5476 μένων
2287 5409 2387 5471 τῆς
2415 5402 2701 5473 ἀληθείας,
2729 5429 2755 5456 (ι
2789 5420 3020 5466 eorum.
3069 5402 3202 5474 ᾳιιω
3259 5402 3398 5460 ante
3426 5402 3736 5460 veritatem

2078 5477 2197 5557 dici
2225 5476 2504 5557 debent,»
2519 5484 2585 5557 ut
2608 5478 2903 5549 interpres
2920 5493 3081 5557 quoq
3091 5476 3361 5557 ueAVertit
3387 5495 3399 5531 :
3418 5498 3445 5526 «
3462 5477 3738 5557 quaedam

2079 5549 2242 5675 (Sanim
2272 5556 2408 5606 ante
2432 5550 2738 5605 veritatem
2768 5547 3015 5605 omnino
3040 5547 3278 5620 praefari
3301 5547 3547 5606 necesse
3567 5554 3677 5606 est.
3710 5570 3741 5598 ι)

2118 5636 2352 5675 YLBUBG.

2118 5636 2352 5677 YLBUBG.

2150 5692 2260 5765 (84)
2295 5688 2581 5765 Μέτειμεν.
2616 5692 2782 5765 conf.
2820 5692 2995 5748 Index
3025 5692 3267 5765 Graccus.

2153 5763 2262 5839 (85)
2292 5764 2373 5819 Τὰ
2406 5763 2577 5838 μικρὰ
2604 5764 2711 5839 πρὸ
2753 5767 2864 5839 τῷν
2918 5784 3013 5839 μ..-
3040 5763 3240 5839 Co_nf._
3273 5764 3548 5839 Stromal,
3604 5779 3739 5837 pag.

2081 5838 2207 5901 277,
2242 5842 2301 5890 et
2328 5834 2531 5894 Strom'.
2567 5834 2732 5912 v1,'p.
2760 5836 2887 5908 582,
2922 5834 3069 5892 edit.
3109 5835 3298 5891 Paris.
3350 5843 3406 5891 et
3435 5834 3738 5893 adnotata.
