4138 6388
394 327 534 384 1217

1726 323 2170 384 ΒΤΒΟΜΔἹἮΜ
2214 329 2348 384 LIB.
2391 331 2486 385 IV.

3682 336 3822 394 1218

1929 481 2159 538 CAPUT
2215 485 2286 541 II.

1571 581 1680 635 Cur
1710 581 1839 635 libri
1870 583 1967 636 isti
1995 584 2316 640 Stromateis
2357 588 2635 644 dicantur.

465 704 645 756 Ἔστω
678 695 736 753 δὲ
764 697 891 769 ὑμῖν
947 697 1061 768 (86)
1117 694 1183 748 τὰ
1235 694 1654 765 Ὑπομνήματα,
1710 695 1784 757 ὡς
1816 693 2042 751 πολλά-
2077 708 2126 772 Α

391 811 474 852 κις
505 787 752 861 εἶ’πομεν,
787 786 877 840 διὰ
919 785 1046 847 τοὺς
1108 781 1333 853 ἀναίδην
1392 783 1629 858 ἀπείρως
1681 782 2048 860 ἐντυγχάνον-

388 902 505 950 τας,
537 877 789 942 ποικίλα,
820 877 894 937 ὡς
927 875 1058 929 αὐτό
1090 895 1195 928 που
1239 871 1483 946 τοῦνομά
1531 895 1686 950 φησι,
1721 899 1746 924 ‹‹
1785 872 2051 948 διεστρω-

397 967 550 1046 μένα,
585 995 607 1023 ι
647 970 736 1022 ἀπ’
768 966 946 1022 ἀλλου
978 964 1052 1026 εἶς
1102 961 1245 1018 ἄλλο
1290 964 1514 1038 συνεχὲς
1561 963 1836 1035 μετιόντα,
1868 961 2048 1039 ἕτερον

397 1062 492 1134 μὲν
518 1082 570 1115 τι
610 1059 746 1113 κατά
800 1057 892 1112 τὸν
955 1055 1145 1130 εἱρμὸν
1200 1057 1308 1108 τῶν
1369 1052 1548 1128 λόγων
1609 1057 1910 1125 μηνύοντα,
1965 1054 2054 1108 ἐν-

394 1147 712 1222 δεικνύμενα
745 1145 802 1202 δὲ
832 1145 974 1202 ἄλλο
1025 1164 1100 1200 τι·
1152 1168 1178 1196 ι(
1208 1143 1418 1216 Χρυσὸν
1449 1143 1554 1219 γὰρ
1587 1145 1638 1198 οἱ
1675 1140 1984 1216 διζήμενοι,
2022 1166 2046 1198 ν

394 1240 556 1318 φησὶν
615 1236 995 1312 Ἡράκλειτος,
1057 1259 1084 1285 ‹‹
1145 1237 1249 1308 γῆν
1307 1230 1525 1301 πολλὴν
1587 1233 1900 1306 ὀρύσσουσι,
1958 1233 2049 1288 καὶ

392 1329 734 1404 εὑρίσκουσιν
794 1325 1006 1401 ὀλίγον*
1040 1347 1069 1376 ››
1121 1323 1173 1377 o't
1227 1319 1285 1377 δὲ
1331 1325 1428 1376 τοῦ
1484 1323 1699 1398 χρυσοῦ
1760 1321 1932 1388 ὄντως
1959 1324 2052 1397 γε-

391 1439 520 1480 νους
567 1417 630 1472 τὸ
679 1415 932 1491 συγγενὲς
995 1409 1424 1486 μεταλλεύοντες
1485 1412 1779 1485 εὑρήσουσι
1811 1412 1874 1467 τὸ
1903 1411 2048 1468 πολὺ

394 1507 445 1564 ἐν
479 1506 672 1582 ὀλίγῳ·
734 1505 952 1578 εὑρήσει
1011 1502 1113 1579 γὰρ
1165 1501 1255 1555 τὸν
1316 1502 1616 1571 συνήσοντα
1668 1497 1761 1556 ’ἐνα
1799 1504 1834 1572 ἡ
1865 1503 2046 1579 γραφή

393 1603 525 1672 (8Ἱ).
588 1590 1049 1668 Συλλαμϐανουσι
1115 1591 1211 1665 μὶν
1273 1589 1365 1646 οῦν
1423 1590 1562 1666 πρός
1610 1613 1668 1647 τε
1724 1592 2045 1666 ἀνάμνησιν,

389 1688 526 1763 πρὸς
555 1708 613 1742 τε
657 1683 889 1763 ἔμφασιν
952 1680 1212 1753 ἀληθείας
1265 1685 1345 1753 τῷ
1403 1678 1505 1754 ο⁹ίῳ
1560 1702 1620 1736 τε
1675 1686 1853 1752 ζητεῖν
1915 1683 2049 1756 μετά

389 1777 562 1852 λόγου
595 1777 646 1831 οἱ
698 1780 805 1830 τῶν
865 1772 1279 1846 ὑπομνημάτων
1339 1777 1714 1844 Στρωματεῖς.
1750 1778 1838 1827 Δεῖ
1869 1770 1926 1826 δὲ
1957 1771 2046 1827 καὶ

391 1869 530 1941 ὑμᾶς
610 1865 827 1927 τούτοις
907 1867 1298 1938 προσεκπονεῖν
1385 1862 1476 1916 καὶ
1568 1862 2044 1940 προσεφευρίσκειν

387 1952 544 2031 ἕτερα
616 1954 732 2010 ἐπεὶ
789 1952 880 2008 καὶ
929 1957 1046 2014 τοῖς
1107 1949 1230 2006 ὁδὸν
1293 1950 1569 2022 ἀπιοῦσιν,
1619 1948 1685 2020 ἤν
1718 1950 2044 2021 ούκῗσασιν,

390 2047 544 2119 ἀρκεῖ
596 2047 697 2113 τὴν
756 2044 1021 2121 φέρουσαν
1086 2041 1440 2114 ὑποσημῆναι
1513 2041 1697 2113 μόνον·
1766 2038 2045 2117 βαδιστέον

388 2131 446 2190 δὶ
475 2135 536 2189 τὸ
571 2134 706 2206 μετά
733 2137 899 2188 τοῦτο
948 2128 1083 2202 ἤδη,
1127 2130 1218 2186 καὶ
1268 2131 1369 2200 τήν
1421 2127 1623 2199 λοιπὴν
1659 2130 1872 2194 ἑαυτοῖς
1903 2130 2046 2200 ἐξευ-

395 2223 609 2300 ρητὲον.
641 2224 869 2293 Ὥσπερ,
900 2220 1049 2299 φασὶ,
1089 2219 1180 2274 καὶ
1232 2217 1418 2292 δούλῳ
1447 2218 1555 2274 τινὶ
1587 2220 1864 2294 χρωμένῳ
1892 2219 2046 2289 ποτὶ,

393 2315 446 2367 τί
505 2313 565 2366 ἄν
621 2315 797 2366 ποιῶν
853 2309 945 2364 τὸν
1006 2306 1276 2379 δεσπότην
1335 2306 1608 2382 ἀρέσαιτο,
1667 2309 1901 2363 ἀνειπεῖν
1949 2308 2049 2377 τήν

393 2401 619 2456 Πυθίαν·
684 2425 711 2452 ‹‹
745 2400 1039 2474 Εὑρήσεις,
1096 2398 1185 2453 ἐὰν
1238 2400 1498 2471 ζητήσῃς.
1553 2421 1581 2448 ››
1640 2397 1893 2454 Χαλεπὸν
1954 2396 2045 2452 οὖν

391 2495 472 2563 τῷ
502 2487 641 2556 ὅντι,
699 2489 772 2551 ὡς
831 2483 1028 2555 ἔοικεν,
1089 2485 1349 2542 λανθάνον
1409 2485 1575 2541 γαλὸν
1635 2485 1886 2563 ἐξευρεῖν·
1930 2487 2046 2541 ἐπεὶ

394 2606 422 2634 ‹‹
447 2587 548 2652 τῆς
579 2581 776 2656 ἀρετῆς
807 2581 922 2652 (88)
953 2574 1120 2652 ἱδρὼς
1149 2574 1452 2652 πρόκειται·

537 2877 756 2950 Μακρὸς
788 2873 845 2931 δὲ
874 2874 964 2930 καὶ
997 2868 1178 2934 ὅεθιος
1210 2873 1367 2950 οἶμος
1402 2871 1685 2950 ἒςμαύτὴν,

391 2952 489 3008 Καὶ
546 2941 760 3027 τρηχὺς
819 2948 880 3003 τὸ
933 2950 1172 3024 πρῶτον·
1251 2941 1385 3014 ἔπην
1441 2941 1488 2998 δ’
1557 2944 1633 3007 εἷς
1672 2941 1855 3021 ἀκρον
1909 2942 2042 3027 ἵκῃ-

1931 3038 2018 3072 ται

389 3091 605 3165 Ῥηΐδὶη
641 3090 707 3162 δὴ
741 3089 930 3146 ἔπειτα
959 3088 1140 3158 πέλει,
1172 3085 1392 3164 χαλεπή
1427 3109 1528 3164 περ
1558 3086 1737 3145 ἐοῦσα.
1774 3113 1801 3141 ››
1911 3019 2042 3091 [10“,

393 3232 419 3263 α
455 3210 623 3279 Στενὴ
658 3212 768 3282 (89)
804 3234 824 3262 ι
862 3207 966 3283 γάρ
992 3209 1074 3278 τῷ
1105 3201 1220 3259 ὄντι
1250 3204 1341 3260 καὶ
1369 3228 1390 3255 ι
1413 3203 1754 3277 τεθλιμμένη
1787 3207 1822 3274 ἡ
1858 3203 1984 3269 ὁδὸς
2015 3229 2043 3257 ››

389 3299 609 3374 Κυρίου⁸
667 3297 758 3353 καὶ
821 3321 846 3349 ιι
883 3299 1118 3371 βιαστῶν
1178 3298 1289 3367 (90)
1348 3292 1488 3348 ἐστιν
1547 3296 1580 3363 ἡ
1642 3293 1892 3369 βασιλεία
1945 3299 2042 3350 τοῦ

389 3393 544 3444 Θεοῦ.
579 3390 821 3451 ››”Οθεν,
883 3407 913 3439 (ι
947 3387 1127 3455 Ζήτει,
1188 3382 1344 3461 φησὶ,
1404 3384 1490 3437 καὶ
1552 3383 1822 3458 εὑρήσεις,
1861 3408 1886 3435 ››
1940 3391 2041 3454 τῆς

2075 2093 2124 2159 Β

2232 701 2361 756 Sint
2387 701 2450 766 ›Χ‹
2487 711 2686 760 autem
2743 707 2954 770 nostri,
3006 713 3072 761 ut
3118 723 3275 779 saepe
3324 710 3606 775 diximus,
3653 729 3818 768 com-

2161 793 2459 860 mentarii,
2493 802 2735 866 propter
2765 813 2886 858 eos.
2921 797 3020 868 qui
3057 803 3276 853 temere
3328 816 3395 854 ac
3435 801 3708 872 imperite
3742 802 3816 858 ad

2162 896 2261 936 eos
2294 881 2574 954 legendos
2606 891 2744 940 sunt
2774 886 3093 953 accessuri,
3123 884 3283 944 varia
3305 894 3362 943 et
3393 890 3605 944 diversi
3636 908 3817 964 gene-

2160 970 2241 1024 ris
2286 973 2558 1038 materia,
2608 981 2674 1030 ut
2721 977 2914 1047 ipsum
2964 993 3183 1032 nomen
3235 978 3476 1046 indicat,
3530 981 3812 1048 contexti,

2159 1059 2230 1114 ab
2261 1078 2379 1116 uno
2413 1063 2486 1117 ad
2518 1064 2679 1119 aliud
2711 1065 2963 1120 subinde
3015 1072 3412 1132 transeuntes,
3465 1075 3523 1124 et
3554 1087 3659 1140 per
3690 1087 3816 1125 ser-

2158 1150 2353 1205 monis
2385 1152 2625 1222 quidem
2659 1155 2873 1210 seriem
2898 1155 3059 1211 aliud
3092 1157 3462 1227 proﬁtentes,
3496 1159 3658 1214 aliud
3677 1176 3811 1214 vero

2159 1239 2525 1298 exhibentes.
2563 1266 2589 1292 «
2622 1244 2729 1309 Qui
2763 1245 2923 1300 enim
2954 1261 3167 1300 aurum
3214 1247 3430 1317 (inquit
3459 1248 3814 1321 Heraclitus)

2159 1335 2454 1399 quaerunt,
2488 1332 2744 1387 multum
2771 1340 2942 1389 terra:
2975 1335 3230 1402 fodiunt,
3283 1341 3340 1390 et
3385 1353 3596 1407 parum
3645 1338 3812 1394 inve-

2157 1419 2370 1486 niunt;
2410 1443 2429 1468 ι
2468 1423 2567 1492 qui
2601 1428 2822 1491 autem,
2853 1441 2989 1478 cum
3021 1425 3142 1478 sint
3167 1441 3298 1481 vere
3342 1427 3506 1480 aurei
3553 1428 3809 1499 generis,

2157 1508 2314 1578 quod
2346 1517 2662 1583 cognatum
2687 1517 2796 1578 est,
2831 1519 3193 1575 scrutantur.
3228 1514 3482 1569 multum
3531 1516 3592 1570 in
3623 1533 3811 1587 pauco

2156 1596 2496 1664 invenient;
2531 1600 2793 1654 inveniet
2819 1601 2977 1654 enim
3011 1601 3304 1672 scriptura
3333 1618 3541 1669 unum,
3583 1603 3685 1672 qui
3737 1605 3814 1658 sit

2159 1700 2288 1740 eam
2317 1687 2745 1742 intellecturus.
2783 1690 2994 1744 Juvant
3022 1706 3157 1762 ergo
3190 1696 3248 1744 et
3286 1689 3357 1745 ad
3410 1691 3808 1746 revocandum

2157 1773 2218 1828 in
2252 1779 2624 1843 memoriam,
2643 1783 2700 1832 et
2718 1779 2790 1832 ad
2810 1779 3115 1834 veritatem
3137 1785 3338 1850 aperte
3363 1779 3807 1848 declarandam,

2157 1881 2314 1932 eum,
2363 1866 2464 1935 qui
2513 1867 2668 1921 valet
2715 1884 2981 1937 quaerere
3032 1884 3168 1922 cum
3215 1868 3465 1932 ratione,
3517 1871 3811 1925 Stromata

2155 1956 2741 2010 commentariorum.
2773 1958 3018 2027 Oportet
3045 1963 3245 2012 autem
3272 1974 3371 2013 vos
3404 1975 3638 2029 quoque
3662 1959 3811 2014 alla-

2154 2041 2387 2107 borare,
2421 2050 2480 2099 et
2508 2045 2601 2099 his
2646 2045 2765 2100 alia
2813 2045 3178 2109 adinvenire,
3233 2047 3515 2118 quoniam
3561 2048 3656 2112 iis.
3707 2048 3809 2120 qui

2154 2132 2245 2186 via
2274 2132 2473 2204 ignota
2514 2135 2997 2205 proﬁciscuntur,
3049 2136 3269 2191 sufﬁcit
3312 2143 3535 2192 rectam
3583 2138 3811 2193 solum-

2155 2223 2329 2276 modo
2361 2223 2693 2292 indicasse;
2727 2230 2932 2297 postea
2961 2231 3161 2280 autem
3214 2232 3305 2282 est
3351 2227 3807 2300 ingrediendum

2154 2316 2211 2366 et
2241 2312 2540 2384 reliquum
2559 2314 2663 2369 viae
2683 2314 2803 2369 illis
2825 2313 3268 2370 inveniendum.
3295 2317 3807 2381 Quemadmodum

2152 2401 2380 2470 dicunt,
2413 2421 2579 2458 servo
2601 2404 2923 2476 aliquando
2948 2404 3293 2466 sciscitanti.
3320 2405 3607 2475 quidnam
3625 2423 3808 2478 agen-

2151 2489 2225 2545 do
2258 2492 2586 2562 placiturus
2617 2500 2775 2549 esset
2805 2493 3067 2556 domino,
3093 2493 3471 2564 respondisse
3496 2496 3804 2567 Pythiam:

2150 2601 2176 2628 «
2211 2581 2504 2648 Invenies,
2538 2583 2586 2634 si
2615 2581 2924 2652 quassieris
2978 2603 3004 2630 ι)
3041 2583 3109 2635 Et
3158 2587 3246 2637 est
3286 2583 3528 2654 quidem
3578 2601 3802 2654 revera,

2146 2674 2212 2723 ut
2228 2668 2476 2737 videtur,
2497 2669 2762 2738 difﬁcile,
2788 2671 3104 2742 pulchrum
3127 2671 3320 2727 latens
3341 2673 3629 2743 invenire,
3653 2692 3806 2746 quo-

2145 2758 2307 2814 niam
2339 2782 2367 2809 «
2397 2760 2579 2815 sudor
2607 2766 2744 2816 ante
2774 2761 3050 2816 virtutem
3084 2768 3174 2816 est
3202 2764 3430 2834 positus
3455 2780 3469 2818 ε

2259 2877 2373 2950 Via,
2396 2877 2562 2947 longa
2591 2884 2669 2932 est
2698 2884 2865 2948 atque
2890 2879 3108 2934 acclivis
3129 2879 3210 2934 ad
3239 2883 3415 2950 ipsam
3440 2898 3453 2946 ;

2252 2949 2448 3003 Ardua
2463 2967 2700 3020 namque
2714 2953 2875 3021 prius
2897 2951 3022 3006 :sed
3042 2967 3162 3006 cum
3181 2949 3520 3022 ad’fastigia,
3554 2962 3798 3024 ventum,

2253 3091 2342 3144 Fit
2370 3092 2575 3160 facilis,
2611 3109 2732 3162 quae
2762 3094 2998 3162 difﬁcilis
3027 3094 3186 3149 valde
3214 3101 3346 3149 ante
3371 3096 3594 3152 clueret.
3629 3119 3658 3147 »

2146 3205 2247 3257 Est
2275 3205 2436 3261 enim
2466 3223 2672 3262 revera
2705 3229 2732 3258 ι(
2764 3213 2928 3263 arcta
2957 3210 3062 3279 (et)
3102 3215 3352 3282 angusta
3381 3211 3473 3266 via
3519 3213 3802 3282 (Domini,

2147 3295 2226 3357 et)
2256 3311 2506 3367 regnum
2531 3297 2633 3350 Dei
2655 3297 2790 3367 (est)
2812 3297 3231 3352 violentorum.
3261 3321 3289 3348 »
3314 3299 3478 3354 Unde
3505 3316 3518 3354 :
3543 3320 3574 3353 α
3596 3303 3804 3366 Quaere

2149 3383 2385 3454 (inquit)
2418 3390 2475 3438 et
2506 3385 2775 3440 invenies
2816 3389 2913 3456 (a).
2953 3407 2977 3436 υ
3021 3387 3068 3440 si
3101 3391 3304 3442 teneas
3338 3389 3489 3442 viam
3517 3406 3652 3445 vere
3699 3407 3802 3446 re-

392 3478 685 3555 βασιλικῆς
712 3471 884 3539 ὅντως
912 3453 1175 3550 ἐχόμενος
1201 3453 1353 3542 ὑδοῦ,
1385 3473 1474 3527 καὶ
1516 3475 1591 3544 μὴ
1624 3475 2036 3549 παρεκτρὲχων.

2157 3453 2330 3543 giam,
2359 3480 2419 3528 et
2447 3490 2567 3527 non
2599 3473 2714 3528 alio
2736 3453 3038 3529 deﬂectas.
3065 3477 3164 3530 Est
3187 3492 3321 3547 ergo
3347 3477 3406 3530 in
3439 3477 3646 3548 exiguo
3669 3479 3800 3550 qui-

386 3567 635 3628 Εῗκότως
685 3565 775 3620 οῦν
825 3563 970 3620 πολὺ
1018 3564 1079 3618 τὸ
1121 3564 1349 3639 γόνιμον
1398 3561 1450 3616 ἐν
1504 3561 1676 3635 ὀλίγῳ
1716 3583 2039 3637 σπερματων

389 3655 874 3732 ἐμπεριεχομένων
939 3651 1072 3728 τῇδε
1153 3656 1223 3727 τῇ
1304 3651 1649 3728 πραγματείᾳ
1724 3650 2040 3728 δογμάτων,

389 3747 570 3822 ὣσπερ
614 3749 723 3820 (91)
775 3768 804 3798 ‹‹
833 3746 894 3799 τὸ
945 3737 1296 3817 παμϐότανον
1353 3745 1452 3797 τοῦ
1510 3742 1699 3818 ἀγροῦ,
1733 3767 1761 3795 ››
1808 3743 1971 3821 φησὶν
2003 3747 2038 3815 ἡ

386 3840 595 3917 Γραφή.
657 3843 703 3906 ῌ
753 3835 844 3892 καὶ
902 3836 1001 3906 τήν
1086 3833 1395 3912 ἐπιγραφὴν
1454 3832 1640 3907 κυρίαν
1703 3833 1925 3908 ἔχουσιν
1987 3835 2039 3890 οἱ

382 3933 492 3984 τῶν
551 3926 967 4000 ὑπομνημάτων
1032 3929 1404 3996 Στρωματεῖς,
1465 3923 1711 3996 ἀτεχνῶς
1768 3924 1906 3979 κατά
1940 3925 2042 3993 τὴν

381 4017 620 4074 παλαιὰν
671 4014 878 4084 ἐκείνην
942 4014 1356 4085 ἀπηνθισμένην
1411 4011 1751 4087 προσφοράν,
1812 4017 1936 4088 περί
1974 4014 2040 4081 ἧς

382 4107 410 4162 ὁ
445 4103 742 4185 Σοφοκλῆς
781 4100 996 4180 γράφει-

453 4225 552 4280 Ἢν
590 4222 684 4296 μὲν
717 4221 819 4296 γὰο
852 4219 968 4273 οἷὸς
1003 4213 1241 4290 μαλλὸς,
1266 4216 1332 4284 ἦν
1363 4212 1420 4270 δὶ
1449 4213 1750 4288 κάμπὲλων

2153 3562 2286 3615 dem
2319 3563 2508 3633 spatio
2539 3563 2728 3617 multa
2755 3564 3033 3635 genitalis
3063 3565 3234 3635 copia
3264 3569 3560 3621 seminum
3597 3584 3803 3624 eorum

2153 3650 2516 3723 dogmatum,
2553 3669 2682 3722 qum
2714 3653 3304 3724 comprehenduntur
3333 3655 3394 3710 in
3442 3657 3554 3711 hoc
3601 3674 3802 3728 opere,

2153 3740 2312 3811 quod
2332 3741 2525 3795 simile
2544 3745 2634 3795 est
2653 3764 2679 3790 «
2699 3757 2838 3813 agro
2861 3741 3136 3796 omnibus
3156 3743 3354 3798 herbis
3373 3744 3662 3817 pleno(b),
3693 3768 3718 3794 ι»
3742 3751 3808 3800 ut

2152 3831 2235 3886 ait
2259 3832 2578 3902 Scriptura.
2598 3832 2762 3886 Unde
2787 3833 2966 3888 etiam
2985 3834 3286 3904 propriam
3311 3835 3531 3891 habent
3553 3837 3806 3908 inscrip-

2152 3921 2375 3976 tionem
2407 3921 2699 3975 Stromata
2728 3921 3314 3984 commentariorum.
3340 3925 3598 3978 similem
3628 3924 3807 3995 plane

2150 4010 2238 4064 illi
2256 4010 2437 4064 veteri
2457 4009 2722 4080 undique
2759 4009 3052 4081 decerptaa
3083 4009 3392 4076 oblationi,
3413 4010 3484 4065 de
3507 4028 3626 4081 qua
3654 4013 3805 4068 scri-

2148 4099 2237 4154 bit
2257 4098 2582 4170 Sophocles
2609 4115 2620 4151 :

2255 4218 2487 4287 Ovisque
2516 4217 2707 4283 vellus,
2741 4218 3046 4286 vitiumque
3076 4217 3192 4272 illic
3222 4226 3362 4274 erat.

449 4341 512 4406 ’Β
538 4344 599 4397 Ρ.
633 4343 734 4395 565
767 4339 878 4393 ED.
912 4336 1207 4402 POTTER,
1238 4334 1341 4388 476
1374 4334 1485 4388 ΕΙ).
1519 4332 1748 4388 ΡΑΒΙΞ.
1782 4333 1859 4404 (α)
1892 4335 2043 4390 Matt]

2164 4351 2222 4404 ιι,
2259 4335 2362 4401 14ς
2396 4351 2473 4399 x1,
2509 4336 2612 4400 12;
2647 4350 2742 4400 vu,
2778 4336 2829 4390 7.
2863 4334 2937 4404 (b)
2967 4334 3094 4390 Job.
3128 4352 3183 4402 v,
3212 4337 3299 4390 25.

459 4477 569 4548 (86)
600 4475 778 4528 Ἔστω
837 4467 895 4525 δὲ
956 4471 1105 4542 ὑμῖν.
1167 4469 1401 4552 Aptius,
1462 4474 1527 4549 ut
1577 4485 1612 4595 ἓ

459 4552 538 4595 .ἷν-
567 4571 595 4595 ι(
630 4551 805 4595 erunt
834 4550 1035 4595 autem
1059 4542 1230 4595 nobis
1258 4559 1270 4595 :
1297 4563 1322 4593 η
1354 4546 1550 4595 inquit

381 4539 595 4617 mm,“
630 4551 805 4602 erunt
834 4539 1035 4599 autem
1059 4539 1270 4609 nobis;
1297 4563 1322 4593 η
1354 4541 1550 4612 inquit
1577 4539 1847 4613 Sylburg.
1872 4541 2034 4596 Idem

382 4622 628 4676 Herveto
661 4618 840 4673 etiam
872 4617 1058 4670 visum
1093 4621 1201 4670 est.

452 4693 562 4772 (87)
614 4691 740 4742 Ἕνα
792 4689 828 4756 ἡ
877 4687 1089 4772 γραφή.
1137 4685 1326 4772 .Dicit,‘
1354 4685 1465 4739 hoc
1521 4701 1695 4738 suum
1746 4685 2032 4772 scriptum

382 4756 593 4819 saltem
621 4777 806 4817 unum
839 4756 1102 4831 aliquem
1134 4759 1513 4813 inventurum
1545 4773 1696 4817 esse,
1726 4756 1826 4824 qui
1852 4757 1910 4831 id
1941 4759 2035 4812 in-

379 4836 728 4911 tellecturus
759 4834 853 4889 sit.
886 4828 1125 4911 Fatetur
1155 4831 1314 4911 enim
1347 4845 1410 4884 se
1431 4843 1774 4911 .paucorum
1809 4828 2034 4911 solum:

378 4908 552 4963 modo
583 4907 772 4979 gratia
799 4905 1081 4979 scribere.
1141 4909 1316 4973 atque
1375 4899 1522 4979 adeo
1574 4916 1682 4971 per
1712 4901 1908 4979 operis
1939 4902 2031 4979 sui

375 4969 630 5035 formam
657 4995 725 5033 ac
758 4976 1049 5055 rationem
1082 4969 1294 5055 arcere
1317 4970 1448 5055 τοῦς
1494 4969 2033 5055 ἀπιέιρωςήέντυγχάτ-

377 5070 590 5111 νοντας.
614 5049 816 5104 Simile
842 5053 950 5113 est,
975 5047 1134 5117 quod
1153 5044 1509 5101 dissimilem
1527 5044 1600 5098 ob
1624 5061 1864 5100 causam
1888 5044 2034 5101 dicit

379 5124 638 5189 Persius,
673 5119 964 5196 principio
998 5125 1245 5196 sat_1:___
1318 5188 1328 5196 _
1382 5194 1389 5196 Α
1488 5188 1543 5196 __
1611 5187 1626 5196 ‘
1703 5185 1713 5196 ,

451 5197 522 5250 Μ.
554 5187 690 5260 Quis
716 5195 853 5262 leget
870 5187 1042 5245 'hazc?
1079 5192 1133 5243 P.
1169 5191 1246 5244 Mi
1273 5188 1328 5242 n’
1372 5194 1430 5242 tu
1477 5187 1626 5240 istud
1654 5187 1737 5242 ais
1760 5190 1787 5242 ?
1819 5190 1888 5242 Μ.
1923 5190 2030 5244 Ne-

521 5283 608 5320 mo
639 5266 874 5320 hercule.
911 5265 970 5317 P.
1006 5264 1216 5317 Nemo?

451 5341 502 5418 lii
566 5337 665 5392 Vel
693 5338 821 5418 duo,
851 5334 936 5418 vel
966 5351 1153 5418 nemo...
1229 5403 1239 5413 .
1306 5403 1341 5418 ν
1378 5402 1442 5418 m
1602 5400 1612 5418 '

448 5411 565 5480 (88)
598 5412 713 5480 Τῆς
745 5401 962 5480 ἀρετῆς.
997 5408 1076 5460 Ex
1111 5403 1344 5480 Hesiodi
1378 5401 1632 5480 "EPY.‘a',
1666 5417 1716 5480 γ.
1751 5401 1891 5480 287ε

376 5469 488 5549 Τῆς
543 5469 590 5535 δ’
646 5469 843 5549 ἆρετῆς
899 5469 1106 5550 ἱδρῶτα
1189 5473 1310 5550 θεοῖ.
1350 5469 1748 5550 λπρόἆτάροιθεν
1803 5469 2026 5542 ἔθηκαν.

378 5548 527 5636 δῄῳ
554 5548 822 5636 virtutern
845 5548 973 5636 vero
993 5548 1357 5636 sudoremﬂii
1379 5551 1728 5636 posuierunt‘.‘
1776 5635 1784 5636 η
1803 5622 1817 5636 ι
1845 5612 1870 5636 ﬂ

377 5625 605 5682 Ibidem
638 5643 772 5680 mox
803 5621 887 5677 ἐπ’
916 5619 1057 5694 αὐτ.Δ
1086 5639 1192 5694 pro
1247 5617 1489 5694 tgulis:
1508 5623 1730 5694 exstat:
1765 5622 1823 5694 et
1845 5617 2024 5694 inquit,

382 5718 407 5750 α
441 5698 809 5771 perveneris,
845 5719 870 5744 ››
905 5712 1012 5767 pro
1032 5689 1240 5763 ἵκηται.
1279 5692 1426 5747 Hinc
1453 5689 1651 5746 Cebeti
1684 5689 1747 5744 in
1778 5690 1908 5745 Tab.
1933 5691 2029 5746 via

1620 4472 1742 4541 utAo,
1793 4461 1931 4521 ἔστω
1990 4464 2037 4522 δ’

2157 4469 2218 4524 1d
2249 4468 2527 4541 virtutem
2543 4467 2741 4541 primo
2767 4472 2856 4522 est
2877 4462 3188 4534 δυσάνοδος,
3210 4471 3464 4541 τραχεῖα,
3487 4465 3801 4541 πετρώδης·

2148 4565 2173 4591 ‹‹
2201 4556 2446 4596 accessu
2469 4539 2754 4607 difﬁcilis,
2775 4556 3006 4611 aspera,
3032 4557 3264 4611 saxosa,
3289 4539 3327 4592 »ί
3344 4539 3454 4609 etc,
3479 4539 3618 4596 dein
3641 4559 3799 4611 vero,

2147 4618 2423 4684 superato
2454 4612 2710 4684 fastigio,
2743 4607 3012 4684 bad—qia“
3061 4609 3205 4684 καλή
3256 4631 3314 4665 τε
3344 4607 3678 4684 καὶνὸμαλὴ,
3712 4607 3804 4668 καῖ

2145 4681 2496 4755 εὐπόρευτος,
2552 4682 2642 4736 καὶ
2694 4681 2901 4755 καθαρά
2958 4682 3154 4744 παντὸς
3230 4684 3417 4737 κακοῦ·
3483 4681 3514 4734 ἆ
3568 4681 3671 4742 via
3715 4691 3807 4742 est

2144 4757 2414 4829 pulchra,
2441 4762 2498 4810 et
2519 4755 2718 4827 plana.
2745 4762 2802 4810 et
2823 4755 3040 4819 facilis,
3063 4761 3123 4811 et
3153 4757 3317 4829 omni
3350 4757 3506 4812 malo
3534 4755 3742 4814 libera.
3773 4781 3801 4810 ιο

2215 4831 2324 4899 (89)
2373 4831 2570 4896 Στενή,
2632 4829 2873 4882 Diversa
2928 4829 3245 4899 Scripturee
3304 4828 3437 4884 loca
3493 4829 3554 4884 in
3611 4847 3798 4885 unum

2143 4901 2473 4972 conjungit.
2509 4900 2850 4972 Sunt‘enim
2873 4901 3304 4972 _haac_sumpta
3344 4918 3414 4956 ex
3459 4901 3667 4972 Matth.
3703 4918 3798 4968 vn,

2145 4967 2458 5043 14ίΣτξνὴ
2587 4967 2737 5040 πύλη
2799 4969 2888 5024 καὶ
2945 4967 3287 5043 τεθλιμμένη
3338 4973 3372 5039 ἡ
3421 4968 3556 5043 ὁδὸςΔ
3660 4967 3803 5024 ἀπάὲ

2141 5064 2313 5118 γουσα
2345 5042 2420 5099 εἰς
2449 5043 2548 5118 τήν
2585 5039 2752 5111 ζωήν.
2786 5044 2987 5118 Matth.
3025 5039 3115 5110 ιι,
3138 5039 3252 5118 Δ12)
3413 5039 3662 5118 βασιλεία
3691 5046 3800 5118 τῷν

2142 5113 2385 5188 οὐρανῶν
2448 5115 2715 5189 βιάζεται,
2773 5115 2862 5167 καὶ
2940 5113 3151 5189 βιασταὶ
3213 5113 3541 5188 ἁρπάζουσιν
3601 5114 3797 5185 αὑτήν.

2142 5187 2344 5243 Μᾶιῐῒι.
2376 5187 2467 5251 v11,
2503 5192 2532 5240 7
2561 5205 2572 5241 :
2606 5191 2846 5256 Ζητεῖτε,
2875 5187 2964 5240 καὶ
2998 5187 3272 5256 εὑρήσετε.

2214 5263 2325 5330 (90)
2362 5262 2618 5344 Βιαῖῖιξν.
2679 5260 2870 5344 gout.“
2906 5262 3195 5344 Stromﬂ',
3230 5275 3360 5344 pag.
3537 5258 3792 5344 ;“S’trom.

2141 5327 2229 5404 vi,
2277 5349 2407 5404 pag.
2468 5333 2571 5404 689
2629 5331 2767 5387 edit.
2831 5332 3040 5398 Paris,
3101 5327 3368 5388 lib—Ti:
3410 5329 3436 5382 ὁ
3486 5327 3800 5401 σωζόμενος

2140 5401 2239 5459 πλ.
2275 5421 2310 5475 p
2360 5401 2432 5459 57
2467 5403 2606 5458 edit.
2643 5404 2828 5458 Oxon.

2213 5467 2323 5548 (9i)
2352 5476 2578 5548 ”Ωσπερ.
2634 5475 2780 5548 Job_._
2815 5492 2866 5540 ν,
2913 5476 2993 5548 -25
3021 5490 3034 5526 :
3095 5470 3303 5548 Fvcbop_
3337 5467 3394 5525 δὲ
3441 5471 3525 5548 ὅτι
3555 5469 3701 5526 πολὺ
3732 5471 3795 5548 τᾷ

2141 5541 2273 5619 σπέρ
2307 5541 2358 5600 ἀ
2415 5541 2536 5613 σου,
2589 5547 2657 5600 τὰ
2739 5542 2796 5598 δὲ
2870 5545 3031 5598 τὲκνα
3106 5563 3202 5596 σου
3260 5541 3428 5598 ’ἔσται
3487 5543 3670 5620 ὥσπερ
3729 5543 3794 5600 τὸ

2141 5568 2490 5677 παμὲῦτανον
2521 5620 2618 5673 τοῦ
2650 5617 2843 5677 ἀγοοῦ.

2141 5601 2490 5695 παμϐὀτανον
2521 5620 2618 5673 τοῦ
2650 5617 2843 5691 ἀγροῦ.
