4138 6398
421 315 562 372 1223

1652 314 2066 372 CLEMENTIB
2103 314 2605 372 ALEXANDBINI

3706 319 3848 376 1224

417 444 714 506 versatur,
747 444 807 496 et
835 438 1029 496 tendit
1088 438 1163 494 ad
1222 441 1485 504 terram;
1535 436 1736 492 anima
1774 445 1974 493 autem
2004 451 2057 491 ar

2196 428 2365 506 φόϐον
2447 430 2747 508 ἐδείξαμεθ.
2781 432 2847 490 Εἰ
2907 435 3013 509 γὰρ
3093 457 3123 489 ‹‹
3180 433 3272 493 διὰ
3322 436 3499 513 νόμου
3555 438 3854 517 ἰπίγνωσις

420 531 610 586 Deum
644 530 985 596 extollitur;
1019 545 1151 599 qua)
1182 527 1426 599 quidem
1457 544 1565 598 per
1619 543 1817 583 veram
1848 526 2084 583 erudita

419 619 882 692 philosophiam,
910 616 1219 673 contendit
1252 616 1325 671 ad
1356 632 1514 681 suos,
1548 616 1648 686 qui
1708 632 1889 687 supra
1917 620 2078 683 sunt,

419 713 719 780 cognatos,
735 707 987 762 liberata
1016 706 1284 777 corporis
1302 704 2082 779 cupiditatibus,etpraater-

418 813 487 853 ea
518 796 720 852 labore
755 802 811 849 et
840 802 1393 865 metu;quanquam
1426 794 1501 849 ad
1531 794 1753 849 bonum
1781 794 2079 865 pertinere

379 943 387 949 _
416 892 473 940 et
504 886 883 940 tolerantiam
908 890 967 939 et
997 891 1223 939 metum
1255 884 1711 939 ostendimus.Si
1734 885 1892 939 enim
1922 906 1945 934 ιι
1972 900 2082 954 per

411 975 603 1047 legem
629 975 957 1047 estagnitio
988 975 1215 1045 peccati
1245 975 1345 1045 (a).
1381 997 1406 1023 ››
1436 980 1503 1028 ut
1531 974 1741 1028 dicunt
1762 974 1862 1044 qui
1886 973 2077 1045 legem

411 1065 806 1131 insectantur,
842 1069 901 1117 et
930 1086 957 1112 ‹‹
985 1079 1175 1133 usque
1204 1062 1277 1118 ad
1311 1062 1501 1135 legem
1536 1068 1847 1134 peccatum
1870 1061 1984 1116 fuit
2013 1062 2076 1117 in

412 1153 637 1210 mundo
664 1156 737 1226 (ὁ)
765 1171 777 1208 :
811 1176 840 1203 υ
867 1152 971 1208 sed
1002 1177 1029 1204 ‹‹
1066 1154 1194 1208 sine
1227 1153 1355 1227 lege
1406 1159 1712 1209 mortuum
1746 1158 1837 1207 est
1864 1168 2077 1224 pecca-

410 1250 537 1299 tum
569 1246 665 1314 (c),
693 1266 721 1293 »
749 1260 860 1299 nos
891 1242 977 1298 eis
997 1249 1202 1297 contra
1231 1242 1595 1298 occidamus.
1631 1242 1688 1296 Si
1723 1242 1883 1297 enim
1902 1241 2074 1297 timo-

405 1334 489 1389 ris
519 1350 760 1389 causam
816 1338 1126 1404 peccatum
1172 1331 1511 1401 abstuleris,
1557 1330 1859 1386 abstulisti
1892 1331 2073 1385 etiam

404 1423 722 1488 timorem;
756 1422 944 1477 multo
985 1428 1184 1477 autem
1214 1420 1403 1494 magis
1432 1420 1815 1492 supplicium,
1842 1436 1979 1475 cum
2012 1418 2073 1473 id

406 1512 686 1579 abfuerit,
709 1528 743 1567 a
773 1528 889 1582 quo
917 1511 1058 1565 oriri
1117 1510 1269 1565 solet
1315 1510 1818 1581 concupiscentia.
1855 1530 1882 1559 «
1904 1511 2069 1564 Justo

405 1603 588 1670 enim,
625 1624 652 1651 ››
685 1600 988 1672 Scriptura
1015 1599 1079 1663 ᾧ
1125 1600 1343 1670 inquit,
1372 1621 1395 1651 σ
1460 1599 1557 1654 lex
1612 1616 1733 1654 non
1766 1605 1856 1653 est
1906 1598 2070 1670 posi-

405 1698 465 1746 ta
495 1691 596 1763 (d).
634 1712 663 1739 ››
694 1689 948 1744 Pulchre
983 1705 1120 1761 ergo
1177 1687 1511 1743 Heraclitus
1546 1703 1558 1741 :
1592 1706 1624 1738 ιι
1655 1687 1925 1754 iustitiae,
1971 1686 2066 1740 in-

2188 521 2478 596 ἁμαρτίας,
2510 546 2538 577 ››
2574 524 2649 586 ὡς
2706 524 2759 578 οἱ
2818 526 3249 600 κατατρέχοντες
3302 530 3400 581 τοῦ
3457 528 3631 602 νόμου
3690 532 3846 604 φασὶ,

2184 611 2275 665 καὶ
2311 634 2336 665 ι
2393 610 2527 687 ἃχρι
2585 611 2760 685 νόμου
2816 613 3056 689 ἁμαρτία
3113 615 3181 684 ἧν
3238 617 3292 670 ἐν
3346 617 3561 689 κόσμῳ’
3609 642 3639 671 ››
3700 618 3853 675 ἀλλὰ

2184 724 2213 753 ι(
2276 701 2452 777 χωρὶς
2511 700 2686 775 νόμου
2744 702 2981 776 ἁμαρτία
3030 703 3216 774 νεκρὰ,
3275 728 3305 757 ››
3371 704 3676 779 ἀντᾴδομεν
3730 714 3849 781 (1ο)

2184 791 2397 853 αὐτοῖς’
2434 790 2559 846 ὅταν
2590 790 2693 867 γὰρ
2751 791 2959 870 ἀφέλῃς
3016 792 3080 847 τὸ
3136 792 3313 848 αἶ’τιον
3355 799 3454 849 τοῦ
3507 792 3683 874 φόϐου
3739 799 3846 867 τήν

2185 880 2477 955 ἁμαρτίαν,
2526 878 2749 956 ἀφεῖλες
2777 881 2870 936 τὸν
2904 875 3096 959 φόϐον·
3128 881 3273 938 πολὺ
3308 881 3363 938 δὲ
3396 882 3474 939 ἔτι
3534 889 3647 959 (ll)
3674 885 3848 942 κόλα-

2182 991 2286 1033 σιν,
2317 969 2443 1025 ὅταν
2476 969 2589 1044 ἀπῇ
2622 971 2683 1025 τὸ
2714 972 2952 1047 πεφυκὸς
2982 970 3287 1045 ἐπιθυμεῖν.
3343 997 3370 1024 ‹‹
3406 973 3609 1046 Δικαίῳ
3638 976 3741 1051 γὰρ
3782 974 3849 1030 οὔ

2180 1063 2355 1113 κεῖται
2385 1053 2581 1132 νόμος,
2616 1084 2645 1109 ιο
2696 1060 2731 1126 ἡ
2793 1061 2978 1137 Γραφή
3031 1081 3215 1138 φησιν.
3277 1059 3476 1124 Καλῶς
3529 1061 3618 1118 οὖν
3676 1064 3851 1136 Ἡρά-

2179 1146 2426 1220 κλειτος,
2454 1173 2481 1199 κ
2518 1146 2684 1216 Δίκης
2714 1143 2912 1221 ὄνομα,
2968 1149 3152 1225 φησὶν,
3215 1149 3316 1205 οὐκ
3374 1150 3434 1205 ἂν
3477 1148 3673 1227 ᾔδεσαν
3704 1155 3844 1227 (12),

2178 1236 2223 1291 εἷ
2254 1241 2425 1293 ταῦτα
2449 1238 2525 1310 μή
2557 1237 2648 1307 ἦν’
2686 1263 2714 1289 υ
2748 1240 3048 1312 Σωκράτης
3090 1235 3170 1307 δὲ,
3202 1263 3231 1292 ‹‹
3288 1240 3463 1313 νόμον
3517 1238 3673 1297 ’ἑνεκα
3701 1243 3845 1319 ἀγα-

2178 1332 2287 1393 θῶν
2320 1329 2419 1383 οὐκ
2449 1327 2511 1384 ἄν
2542 1330 2807 1404 γενέσθαι.
2846 1353 2867 1381 ι
2932 1328 3085 1387 Ἀλλ’
3115 1327 3243 1385 οὐδὲ
3294 1336 3463 1387 τοῦτο
3495 1331 3727 1409 ἔγνωσαν
3788 1335 3846 1389 οἱ

2175 1417 2591 1493 κατήγοροι,ὡς
2613 1418 2641 1473 ὁ
2672 1418 3011 1481 Ἀπόστολός
3043 1422 3380 1494 φησιν,δτι,‹‹
3413 1422 3475 1480 Ὁ
3496 1421 3845 1497 ἀγαπῶν(13)

2172 1506 2265 1561 τὸν
2299 1505 2561 1577 πλησίον,
2592 1507 2759 1561 κακὸν
2792 1506 2893 1563 οὐκ
2950 1506 3254 1582 ἐργάζεταιο
3290 1535 3313 1563 ι
3359 1509 3423 1564 τὸ
3479 1512 3609 1585 γὰρ,
3671 1538 3699 1570 α
3754 1512 3839 1570 Οὐ

2175 1595 2472 1674 φονεύσεις,
2535 1595 2599 1651 οὗ
2661 1596 3001 1672 μοιχεύσεις,
3051 1597 3113 1653 οὐ
3169 1599 3435 1672 κλέψεις,
3490 1600 3580 1655 καὶ
3658 1599 3843 1664 εἴτις

2174 1684 2329 1761 ὲτὲρα
2360 1685 2581 1754 ἐντολὴ,
2616 1688 2667 1740 ἐν
2695 1685 2875 1760 τούτῳ
2922 1686 3077 1759 μόνῳ
3103 1686 3598 1765 ἀνακεφαλαιοῦται
3626 1694 3706 1763 τῷ
3741 1688 3843 1746 λόε

403 1781 551 1851 quit,
585 1796 806 1835 nomen
844 1794 966 1833 non
994 1777 1319 1841 novissent,
1353 1777 1400 1831 si
1435 1778 1560 1831 haac
1603 1792 1725 1831 non
1777 1780 1999 1831 essent.
2035 1796 2057 1825 ›ι

2172 1798 2278 1850 γῳ,
2309 1778 2411 1847 τῷ,
2448 1777 2773 1849 Ἀγαπήσεις
2833 1775 2924 1830 τὸν
2983 1772 3224 1846 πλησίον
3283 1798 3379 1832 σου
3428 1778 3503 1841 ὡς
3533 1781 3777 1837 σεαυτόν.
3814 1806 3838 1832 ι

403 1872 675 1926 Socrates
705 1874 903 1923 autem
937 1868 1117 1922 dicit:
1144 1890 1170 1917 α
1220 1868 1431 1938 Legem
1463 1883 1584 1921 non
1633 1865 1815 1921 fuisse
1841 1865 2059 1921 factam

403 1965 647 2031 propter
676 1957 885 2013 bonos.
906 1982 931 2008 n
954 1956 1062 2013 Sed
1096 1973 1289 2027 neque
1321 1957 1429 2011 hoc
1462 1962 2059 2028 cognoveruntaccu-

400 2047 817 2119 satores,quod
829 2046 973 2102 dicit
989 2046 1640 2119 Apostolus,quochui
1654 2045 2060 2117 propinquum

404 2156 580 2195 suum
604 2138 817 2210 diligit,
849 2137 1073 2192 malum
1108 2154 1228 2192 non
1265 2142 1562 2207 operatur.
1598 2163 1618 2188 ι
1650 2134 1802 2191 lllud
1848 2135 2008 2189 enim
2044 2149 2057 2188 :

400 2252 427 2280 ‹‹
448 2231 574 2284 Non
597 2228 852 2291 occides,
886 2243 1007 2281 non
1023 2226 1566 2289 mwchaberismon
1592 2224 1817 2280 furtum
1836 2223 2019 2279 facies
2044 2240 2059 2290 ;

401 2324 461 2373 et
492 2318 539 2373 si
575 2318 734 2389 quod
767 2317 843 2372 sit
870 2316 1035 2372 aliud
1066 2320 1452 2387 praeceptum,
1480 2315 1539 2369 in
1598 2314 1711 2369 hoc
1761 2313 1887 2369 solo
1936 2329 2059 2367 ser-

397 2425 574 2463 mone
606 2408 668 2462 in
701 2423 883 2462 unam
921 2405 1100 2461 veluti
1155 2421 1450 2461 summam
1490 2403 1799 2471 redigitur.
1844 2402 2063 2475 Diliges

394 2498 735 2568 proximum
769 2501 935 2551 tuum
958 2495 1111 2551 sicut
1137 2495 1395 2566 teipsum
1418 2494 1505 2564 (θ).
1534 2517 1555 2545 ι
1587 2493 1705 2548 Hac
1736 2492 1942 2564 utique
1973 2507 2061 2546 ra-

396 2586 583 2653 tione,
620 2609 647 2636 «
694 2585 935 2658 Diliges,
1000 2583 1217 2654 inquit,
1280 2582 1599 2637 Dominum
1652 2582 1840 2636 Deum
1890 2586 2059 2635 tuum

401 2691 472 2731 ex
490 2681 611 2731 toto
638 2674 814 2730 corde
849 2681 969 2739 tuo,
1004 2680 1063 2728 et
1083 2672 1292 2745 diliges
1324 2672 1661 2743 proximum
1704 2676 1873 2725 tuum
1906 2670 2061 2725 sicut

390 2764 669 2836 teipsum.
704 2787 730 2813 ι»
763 2764 928 2829 Quod
962 2763 1009 2818 si
1034 2762 1136 2834 qui
1168 2785 1195 2812 «
1232 2763 1572 2834 proximum
1606 2759 2057 2833 diligit,malum

391 2870 509 2909 non
532 2854 651 2927 agit
675 2859 963 2908 :etomne
994 2857 1356 2924 prazceptum
1390 2851 1452 2905 in
1482 2852 1593 2905 hoc
1616 2850 1795 2904 veluti
1820 2850 1882 2904 in
1901 2866 2057 2904 com-

387 2942 674 3014 pendium
706 2942 1013 3015 redigitur,
1038 2963 1062 2992 ι
1098 2958 1314 3012 nempe
1353 2961 1378 2991 ι
1408 2941 1468 2995 in
1513 2940 1813 3012 diligendo
1863 2938 2060 3009 proxi-

386 3049 551 3088 mum
586 3034 711 3103 ιῙ).›ι
740 3037 1194 3104 prmceptaquaa
1225 3037 1450 3085 metum
1477 3028 2057 3100 injiciunt,dilectio-

2178 1865 2356 1940 Ταύτῃ
2389 1886 2517 1931 που,
2559 1891 2580 1915 ι
2618 1867 2949 1940 Ἀγαπήσεις
3007 1867 3208 1941 Κύριον
3258 1869 3349 1923 τὸν
3397 1870 3526 1924 Θεόν
3574 1892 3693 1936 σου,
3726 1894 3844 1948 (ρη-

2177 1955 2284 2023 σῖν,
2335 1954 2387 2025 ἐξ
2428 1952 2568 2024 ὅλης
2625 1952 2850 2030 καρδίας
2906 1958 3017 2027 (14)
3076 1976 3192 2011 σου⁸
3252 1958 3344 2012 καὶ
3388 1959 3691 2034 ἀγαπήσεις
3740 1963 3841 2017 τὸν

2175 2043 2411 2114 πλησίον
2464 2065 2560 2098 σου
2612 2044 2686 2106 ὡς
2737 2044 2979 2101 σεαυτόν.
3014 2067 3042 2096 ιο
3102 2044 3167 2102 Εἰ
3229 2043 3294 2115 δή
3332 2070 3355 2101 α
3390 2048 3420 2102 ὁ
3465 2048 3556 2103 τὸν
3588 2048 3838 2120 πλησίον

2178 2134 2401 2208 ἀγαπῶν
2456 2133 2620 2188 κακὸν
2679 2133 2779 2188 οὐκ
2820 2132 3124 2209 ἐργάζεται,
3161 2159 3189 2187 η
3220 2135 3309 2190 καὶ
3359 2161 3387 2188 ιι
3437 2142 3582 2193 πᾶσα
3634 2138 3840 2212 ἐντολὴ

2177 2223 2230 2279 ἐν
2290 2221 2472 2295 τούτῳ
2522 2220 3040 2300 ἀνακεφαλαιοῦται,
3098 2229 3201 2296 τῷ,
3260 2224 3474 2301 ἀγαπᾷν
3529 2228 3623 2282 τὸν
3678 2226 3839 2300 πλη-

2176 2310 2316 2382 σίον,
2351 2335 2381 2364 ››
2431 2312 2486 2366 αἱ
2515 2311 2608 2366 τὸν
2639 2307 2809 2390 φόϐον
2863 2311 3172 2388 ἐπαρτῶσαι
3215 2313 3431 2370 ἐντολαὶ
3481 2317 3720 2392 ἀγάπην,
3777 2318 3846 2374 οὗ

2179 2406 2338 2474 μῖσος
2367 2403 2847 2471 κατασκευάζουσι*
2883 2398 3079 2456 οὔκουν
3108 2404 3279 2465 πάθος
3307 2400 3847 2483 τοῦ(15)φόϐουγεν-

2174 2490 2396 2562 νητικὸς
2431 2492 2460 2546 ὁ
2490 2491 2681 2565 νόμος.
2716 2515 2746 2543 ‹‹
2784 2493 2948 2547 ’Ὥστε
2978 2492 3007 2547 ὁ
3037 2493 3206 2565 νόμος
3238 2494 3395 2567 ἅγιος
3415 2518 3444 2546 ››
3484 2496 3573 2550 καὶ
3603 2500 3684 2568 τῷ
3716 2491 3838 2552 ὄντι

2172 2605 2201 2632 ι(
2235 2582 2605 2654 πνευματικός
2658 2579 2792 2649 ἐστι,
2849 2604 2878 2633 ››
2909 2582 3047 2637 κατά
3091 2584 3184 2636 τὸν
3215 2582 3582 2640 Ἀπόστολον.
3616 2590 3707 2640 Δεῖ
3739 2583 3839 2657 δὴ,

2171 2670 2245 2733 ὡς
2274 2667 2441 2738 ἔοικε,
2472 2673 2571 2741 τήν
2603 2691 2664 2746 γε
2708 2675 2807 2725 τοῦ
2868 2671 3122 2744 σώματος
3182 2670 3363 2745 φύσιν,
3396 2673 3485 2727 καὶ
3512 2680 3613 2743 τῆς
3645 2677 3839 2750 ψυχῆς

2171 2759 2356 2815 οὐσίαν
2381 2758 3054 2836 πολυπραγμονήσαντας,
3111 2761 3175 2816 τὸ
3233 2762 3489 2837 ἑκατέρου
3535 2762 3698 2825 τέλος
3732 2785 3838 2819 κα-

2168 2844 2535 2915 ταλαϐέσθαι,
2589 2849 2679 2904 καὶ
2742 2850 2818 2921 μή
2895 2848 2990 2904 τὸν
3054 2851 3281 2913 θάνατον
3341 2853 3593 2926 ἡγεῖσθαι
3642 2854 3839 2913 κακόν.

2169 2963 2197 2989 ‹‹
2230 2940 2250 2957 ⁸
2281 2940 2385 2996 Οτε
2414 2940 2517 3014 γὰρ
2552 2937 2743 2994 δοῦλοι
2775 2939 2873 3007 ἦτε
2893 2946 2995 3008 τῆς
3024 2940 3317 3015 ἁμαρτίας,
3352 2963 3381 2992 »
3412 2943 3577 3019 φησὶν
3609 2943 3837 3000 ὁἈπό-

2167 3025 2388 3096 στολος,
2421 3052 2449 3079 ‹‹
2483 3026 2759 3101 ἐλεύθεροι
2791 3028 2889 3097 ἦτε
2921 3031 2988 3101 τῇ
3023 3025 3357 3104 δικαιοσύνῃ.
3386 3030 3512 3086 Τίνα
3561 3030 3656 3086 οῦν
3693 3052 3838 3108 καρ-

385 3138 527 3178 nem
554 3122 814 3193 pariunt,
844 3137 964 3176 non
990 3120 1193 3175 odium
1221 3136 1232 3174 :
1264 3119 1471 3174 vitium
1504 3136 1641 3191 ergo
1665 3134 1783 3173 non
1817 3124 1908 3173 est
1932 3118 2044 3184 lex,

2172 3117 2268 3172 πὸν
2302 3115 2481 3192 εἴχετε
2509 3118 2655 3179 τότε,
2688 3117 2770 3195 ἐφ’
2801 3118 2885 3179 οἷς
2908 3122 2996 3172 νῦν
3026 3116 3421 3194 ἐπαισχύνεσθε
3454 3139 3468 3186 ;
3498 3121 3561 3175 τὸ
3586 3121 3687 3195 γὰρ
3736 3121 3828 3177 ti-

380 3228 449 3268 eo
485 3212 644 3283 quod
667 3211 939 3266 timorem
972 3217 1261 3282 procreet.
1297 3234 1324 3259 ‹‹
1378 3211 1566 3275 Quare
1625 3208 1721 3263 lex
1780 3213 1871 3264 est
1906 3224 2044 3263 san-

379 3307 493 3368 cta,
532 3324 560 3351 ››
594 3306 652 3356 et
671 3318 874 3357 revera
900 3324 927 3351 ‹‹
955 3299 1239 3372 spiritalis
1270 3300 1372 3369 (g),
1405 3319 1435 3352 ι)
1461 3315 1531 3353 ex
1565 3299 1863 3353 sententia
1893 3300 2048 3370 Apo-

378 3391 537 3448 stoli.
570 3393 815 3462 Oportet
842 3396 1063 3453 autem,
1095 3396 1161 3445 ut
1191 3395 1281 3445 est
1300 3394 1792 3457 consentaneum,
1821 3404 1957 3443 cum
1991 3394 2051 3444 et

382 3481 650 3553 corporis
672 3486 969 3546 naturam,
1005 3484 1064 3534 et
1106 3479 1324 3534 anima;
1355 3478 1678 3533 essentiam
1729 3478 2049 3550 diligenter

379 3569 858 3641 inquisierimus,
893 3568 1205 3639 utriusque
1240 3568 1421 3622 ﬁnem
1455 3566 2046 3638 deprehendere,nec

378 3664 635 3715 mortem
657 3657 885 3712 malum
917 3673 1046 3712 esse
1092 3661 1322 3727 putare.
1362 3679 1381 3703 ιι
1420 3655 1666 3720 Quando
1701 3655 1859 3709 enim
1895 3655 2045 3710 servi

379 3746 560 3803 eratis
591 3745 840 3817 peccati,
872 3766 900 3794 »
932 3745 1130 3815 inquit
1182 3743 1523 3815 Apostolus,
1552 3768 1578 3794 «
1638 3744 1810 3798 liberi
1846 3744 2045 3799 fuistis

376 3836 644 3909 justitim.
679 3836 861 3901 Quem
896 3850 1033 3906 ergo
1065 3833 1328 3888 fructum
1362 3840 1504 3888 tunc
1534 3832 1827 3889 habuistis
1857 3848 1927 3887 ex
1948 3833 2043 3900 iis,

376 3931 622 3999 propter
647 3943 779 3998 quae
810 3941 969 3981 nunc
1016 3923 1370 3979 erubescitis
1390 3923 1418 3979 ‘I
1448 3924 1585 3979 ﬁnis
1618 3924 1777 3979 enim
1804 3923 2046 3979 illorum

379 4023 471 4072 est
498 4034 681 4072 mors.
736 4018 899 4072 Nunc
932 4019 1130 4071 autem
1164 4013 1400 4069 liberati
1433 4030 1469 4069 a
1498 4018 1762 4086 peccato,
1797 4015 1914 4069 Deo
1937 4030 2045 4069 au-

381 4112 502 4162 tem
526 4106 678 4162 servi
706 4107 922 4173 effecti,
948 4105 1183 4161 habetis
1215 4103 1474 4159 fructum
1506 4110 1766 4159 vestrum
1808 4104 1870 4158 in
1903 4120 2046 4159 san-

382 4196 807 4252 ctiflcationem
836 4213 850 4262 ;
882 4195 1063 4250 ﬁnem
1089 4199 1310 4252 autem.
1358 4194 1538 4249 vitam
1588 4199 1895 4249 aeternam.
1929 4194 2047 4248 Sti-

381 4287 668 4358 pendium
700 4286 858 4340 enim
885 4284 1113 4356 peccati
1145 4300 1309 4338 mors
1331 4288 1451 4350 est;
1479 4283 1669 4355 gratia
1689 4288 1887 4337 autem
1915 4282 2041 4337 Dei.

2160 3205 2257 3269 λος
2312 3205 2531 3261 ἐκείνων
2591 3207 2842 3269 Θάνατος·
2894 3211 2987 3261 νῦν
3048 3210 3161 3281 (16)
3219 3205 3305 3277 δὲ,
3367 3207 3827 3285 ἐΑευθερωθὲντες

2160 3294 2265 3349 ἀπὸ
2312 3302 2412 3365 τῆς
2466 3295 2759 3369 ἁμαρτίας,
2813 3293 3181 3361 δουλωθέντες
3234 3295 3290 3352 δὲ
3346 3302 3425 3369 τῷ
3474 3303 3612 3371 Θεῷ,
3665 3298 3829 3375 ἔχετε

2155 3385 2248 3439 τὸν
2280 3386 2487 3461 καρπὸν
2531 3386 2684 3458 ὑμῶν
2746 3385 2822 3449 εἷς
2883 3387 3176 3461 ἁγιασμὸν,
3232 3388 3297 3442 τὸ
3350 3385 3409 3442 δὲ
3458 3387 3619 3453 τέλος
3678 3391 3832 3460 ζωήν

2157 3473 2401 3529 αἰώνιον·
2434 3477 2500 3531 τὰ
2550 3477 2651 3550 γὰρ
2682 3474 2896 3548 ὀψώνια
2940 3483 3043 3545 τῆς
3102 3475 3392 3549 ἁμαρτίας,
3448 3481 3698 3541 θάνατος’
3762 3479 3829 3535 τὸ

2157 3560 2215 3617 δὲ
2244 3563 2494 3635 χάρισμα
2531 3568 2629 3617 τοῦ
2689 3569 2845 3634 Θεοῦ,
2882 3566 2996 3634 ζωὴ
3054 3563 3280 3629 αἰώνιος
3336 3564 3389 3620 ἰν
3444 3568 3670 3639 Χριστῷ
3701 3568 3819 3637 Ἰη-

2157 3657 2253 3707 σοῦ
2281 3656 2360 3724 τῷ
2390 3652 2576 3726 Κυρίῳ
2616 3656 2799 3727 ἡμῶν.
2856 3677 2883 3704 ››
2946 3649 3259 3709 Κινδυνεόει
3298 3654 3479 3710 τοίνυν
3537 3651 3819 3731 δεδεῖχθαι

2155 3742 2381 3804 θάνατος
2418 3743 2513 3814 μὲν
2535 3742 2665 3797 εἶναι
2709 3745 2745 3813 ἡ
2807 3741 2859 3797 ἐν
2911 3744 3127 3817 σώματι
3187 3743 3447 3800 κοινωνία
3472 3747 3573 3810 τῆς
3605 3745 3818 3819 ψυχῆς,

2156 3831 2534 3905 ἁμαρτητικῆς
2568 3830 2752 3902 οὔσης,
2788 3833 2901 3901 ζωὴ
2964 3829 3023 3887 δὲ
3079 3834 3107 3888 ὁ
3162 3832 3455 3909 χωρισμὸς
3499 3839 3600 3903 τῆς
3630 3835 3815 3909 ἀμαρ-

2151 3918 2292 3982 τίας.
2328 3917 2543 3977 Πολλοὶ
2566 3917 2625 3975 δὲ
2668 3922 2721 3975 οἱ
2752 3920 2805 3975 ἐν
2838 3921 2967 3977 ποσὶ
3027 3920 3267 3998 χάρακες
3323 3922 3415 3977 καὶ
3466 3921 3668 3999 τάφροι
3721 3930 3825 3996 τῆς

2157 4008 2472 4083 ἐπιθυμίας,
2502 4011 2569 4064 τά
2595 4031 2654 4065 τε
2684 4010 2857 4085 ὀργῆς
2897 4010 2986 4066 καὶ
3050 4016 3228 4085 θυμοῦ
3291 4012 3557 4087 βάραθρα,
3613 4011 3647 4067 ἃ
3704 4010 3824 4069 δια-

2152 4096 2332 4171 πηδᾷν
2365 4100 2599 4173 ἀνάγκη,
2657 4099 2748 4155 καὶ
2816 4106 2989 4155 πᾶσαν
3051 4100 3377 4179 ἀποφεύγειν
3431 4102 3532 4170 τήν
3562 4106 3669 4158 τῶν
3704 4101 3825 4159 ἑπι-

2154 4184 2375 4245 6ουλῶν
2398 4189 2720 4260 ἀνασκευήν,
2751 4189 2844 4245 τὸν
2871 4189 3067 4263 μηκέτι
3101 4217 3129 4244 ιι
3186 4188 3255 4247 δι’
3309 4189 3576 4267 ἐσόπτρου
3613 4194 3729 4266 (17)
3790 4215 3821 4246 ι»

2152 4280 2253 4347 τήν
2278 4284 2477 4355 γνῶσιν
2500 4283 2598 4334 τοῦ
2637 4284 2772 4335 Θεοῦ
2801 4280 3205 4354 κατοψόμενον

373 4376 494 4431 vita
521 4382 744 4432 eterna
779 4374 841 4429 in
868 4374 1097 4429 Christo
1126 4374 1263 4427 Iesu
1283 4372 1533 4427 Domino
1562 4376 1765 4427 nostro
1810 4372 1912 4443 (h).
1946 4394 1972 4422 ››
2003 4373 2116 4426 Res
2169 4370 2370 4441 itaque
2416 4387 2483 4425 eo
2515 4370 2747 4425 videtur
2789 4386 2920 4425 esse
2971 4370 3246 4435 deducta,
3279 4376 3346 4426 ut
3373 4377 3683 4428 ostensum
3717 4373 3819 4442 sit,

376 4471 631 4521 mortem
656 4463 900 4536 quidem
949 4480 1079 4518 esse
1126 4479 1257 4518 eam
1292 4462 1506 4517 animm
1536 4478 1671 4518 cum
1721 4477 1969 4533 corpore
2018 4460 2528 4532 conjunctionem,
2562 4476 2693 4532 quae
2732 4466 2822 4515 est
2850 4460 3050 4516 dedita
3080 4467 3323 4533 peccato
3359 4482 3375 4529 ς
3406 4462 3586 4518 vitam
3615 4468 3820 4518 autem

375 4571 410 4608 a
442 4560 685 4625 peccato
717 4552 1177 4626 separationem.
1211 4551 1377 4607 Multi
1407 4557 1606 4607 autem
1633 4567 1744 4607 nos
1765 4550 2103 4622 impediunt
2129 4549 2266 4605 valli
2297 4556 2355 4605 et
2373 4550 2549 4606 fossas
2579 4550 2944 4621 cupiditatis,
2968 4551 3192 4623 imaque
3215 4557 3274 4607 et
3305 4551 3823 4608 excandescentia:

452 4725 516 4796 »μ
546 4726 610 4780 Ρ.
640 4726 743 4779 568
801 4725 914 4780 ΕΙ).
949 4724 1245 4793 eorum,
1269 4726 1512 4779 478-479
1535 4724 1647 4779 ED.
1683 4721 2027 4796 mulsia)
2056 4724 2057 4775 1

2172 4739 2222 4776 n.
2258 4724 2451 4796 111,20.
2490 4722 2565 4791 (ὁ)
2597 4723 2766 4796 Βοω.
2792 4739 2842 4785 v,
2879 4723 2966 4777 13.
3001 4722 3070 4794 (c)
3110 4725 3277 4779 Rom.
3310 4740 3409 4791 v11,
3440 4726 3492 4778 6.
3519 4724 3595 4796 (ἀ)

3618 4724 3637 4778 l
3667 4724 3821 4781 Tim.

382 4815 419 4865 1,
457 4795 509 4848 9-
544 4799 615 4869 (e)
648 4799 816 4853 Rom.
851 4814 976 4868 x111,
1014 4799 1067 4869 8,
1105 4801 1192 4864 10,
1222 4797 1275 4852 9.
1311 4799 1379 4868 (f)
1411 4796 1545 4851 Luc.
1576 4797 1745 4864 x,‘27.
1781 4793 1963 4850 Matth
2018 4811 2057 4849 κη

2187 4796 2275 4865 37,
2327 4795 2414 4848 39.
2476 4794 2555 4865 (g)
2608 4794 2776 4849 Rom.
2819 4810 2911 4861 v11,
2949 4796 3034 4863 12,
3071 4798 3155 4849 14.
3186 4796 3264 4869 (h)
3295 4797 3462 4851 Rom.
3494 4793 3692 4867 vr,'20,
3724 4799 3821 4867 2i,

385 4872 474 4934 22,
506 4871 594 4926 23.

446 5047 556 5117 (1οὶ
590 5039 949 5117 Ἀντλᾴδλομεν.
986 5046 1053 5117 Α,
1104 5040 1337 5117 mavult
1388 5033 1731 5117 51111148111391.
1765 5040 2039 5117 SYLBUno.

449 5106 560 5188 (ll)
594 5106 968 5188 ΙΙολῦγδὲλέτ-ι.
1023 5106 1510 5188 subaudiendum
1548 5106 1787 5182 μᾶλλον,
1819 5118 1923 5167 aut
1952 5112 2041 5166 le-

374 5182 809 5265 εϐὴάυιῃ-ξτρὸς
840 5182 1033 5265 δξ-ἕτιίτι
1054 5186 1215 5239 εγω.

446 5265 557 5333 (12)
590 5252 844 5333 ᾞεεσαν,
978 5252 1205 5308 ἔδεισαν.
1244 5259 1607 5333 metuerent.
1634 5255 1796 5333 SY_LB.

449 5323 848 5409 (13)Ὀ·ἀγαπζ
884 5331 1051 5409 Rom.
1111 5343 1251 5409 xm...
1548 5323 1650 5409 γὰρ
1694 5325 1918 5409 ἀγατὶὧν
1941 5325 2037 5409 τὸν

373 5396 577 5477 ἕτερον,
609 5396 1172 5477 νόμον-πεπλήρωκε.
1207 5400 1281 5477 V._
1290 5400 1411 5477 -10;
1425 5396 1509 5477 'lIA
1530 5396 1751 5477 .ἀγάπη’
1787 5401 1868 5477 τῷ
1897 5396 2038 5477 πλης

376 5465 493 5527 σίον
524 5465 689 5546 κακὸν
745 5473 851 5546 οὐκ
876 5543 884 5546 _
909 5465 1226 5546 ἐργάζεται,
1260 5470 1335 5546 γλ
1385 5471 1436 5522 9.
1472 5465 1549 5525 Οὐ
1594 5465 1947 5546 μοιχεύσεις,
1975 5465 2038 5525 οὐ

415 5544 673 5617 ονεόσεις,
702 5536 1035 5617 etaiam},
1054 5536 1151 5617 ὀὐ
1203 5536 1769 5617 ψευδομαρτυρήσεις,
1802 5537 1905 5617 οῦκ
1928 5541 2042 5617 επι-

415 5564 673 5613 ονευσεις,
702 5565 765 5600 ου
791 5564 1035 5617 κΛεψεις,
1088 5564 1151 5596 ου
1203 5564 1769 5615 ψευοομαρτυρτβεις,
1802 5564 1899 5594 ουκ
1928 5564 2041 5597 επι-

370 5564 663 5686 ἕυμήσεις,
694 5616 786 5672 καὶ
820 5614 868 5671 ε⁹ί
896 5636 979 5677 τις
1011 5615 1170 5690 ἒτὲρα
1228 5610 1449 5681 ἐντολὴ,
1484 5611 1535 5666 ἐν
1567 5611 1748 5737 τούτιρ
1784 5614 1850 5664 τ’
1888 5609 2041 5687 λόγῳ

372 5685 896 5739 ἀνακειοαλυιοῦται.
931 5685 983 5739 ἐν
1015 5691 1118 5739 τῶ.
1150 5685 1483 5739 ’Δγαπῆσεις
1520 5682 1613 5738 τὸν
1672 5704 1727 5739 π.
1756 5632 1907 5739 ησιίέιν
1941 5706 2041 5739 σου

1718 5704 1877 5752 Αησιο

372 5682 897 5759 ἀνακεφαλυιοῦται,
931 5685 983 5742 ἐν
1015 5682 1118 5759 τῷ,
1150 5685 1483 5760 ’Δγαπῆσεις
1520 5682 1613 5738 τὸν
1672 5682 1907 5752 πλησίον
1941 5682 2042 5739 σου

2152 5038 2227 5102 ὡς
2257 5036 2467 5094 ἔαυτόν.

2252 5114 2337 5188 li)
2365 5109 2547 5188 ’έολης
2569 5130 2691 5188 κάρ.
2726 5108 2904 5182 Ὅλης
2929 5117 3030 5181 τῆς
3060 5133 3184 5188 καρ.
3212 5113 3487 5188 Evangel.

2258 5186 2340 5253 15)
2373 5183 2552 5257 Πάθος
2608 5185 2728 5240 Hoc
2752 5183 3184 5257 supervacuum
3226 5193 3333 5257 est,
3379 5183 3506 5241 nisi
3565 5191 3667 5241 aut
3710 5187 3823 5240 πά-

2154 5250 2282 5334 θους
2312 5250 2410 5308 τοῦ
2441 5250 2964 5334 φόϐου-γεννηνίικός
3021 5250 3331 5331 Ιεξεειῐῐιιιξι,⁷
3373 5264 3477 5313 aut
3512 5258 3683 5321 πάθος
3714 5260 3818 5312 τοῦ

2151 5321 2325 5403 φόϐου
2394 5321 2695 5397 εννητικόν.
2727 5321 2891 5385 δέω.

2221 5402 2333 5455 (16)
2354 5348 2495 5455 ERN.
2528 5400 2682 5455 Novi.
2716 5403 2885 5455 Rom.

2221 5402 2333 5469 (16;
2365 5400 2495 5455 Νῦν.
2528 5400 2683 5462 Novi.
2716 5403 2885 5457 Rom.
3311 5450 3321 5461 .

2223 5473 2338 5543 (l7)
2369 5474 2445 5546 Δι’
2478 5472 2766 5546 ἐσόπτρου.
2801 5473 3065 5546 Respicit
3090 5478 3137 5546 ΙΔ
3165 5474 3296 5546 Cor.
3331 5490 3471 5546 _x111,
3535 5475 3638 5546 l2;
3673 5470 3818 5546 Βλές-

2150 5540 2329 5621 ποθεν
2356 5544 2456 5619 γὰρ
2490 5542 2611 5621 ἄρτι
2651 5540 2756 5621 ’δι”
2794 5540 3063 5619 ἐσόπτρου
3121 5542 3174 5599 ἐν
3231 5542 3533 5618 αἰνίγματι,
3576 5541 3702 5599 τότε
3753 5540 3818 5599 δὲ

2149 5614 2451 5687 πρόσωπον
2483 5614 2620 5693 πρὸς
2651 5614 2969 5691 πρόσωπονζ
