  <div class='ocr_page' id='page_1' title='image "/cluster/home/n/w/nwhite01/storage/ocr_20150623/8/coo.31924054872878/622.png"; bbox 0 0 4138 6394; ppageno 0'>
   <div class='ocr_carea' id='block_1_1' title="bbox 356 383 496 439">
    <p class='ocr_par' dir='ltr' id='par_1_1' title="bbox 356 383 496 439">
     <span class='ocr_line' id='line_1_1' title="bbox 356 383 496 439; baseline 0 -1"><span class='ocrx_word' id='word_1_1' title='bbox 356 383 496 439; x_wconf 79' lang='grc'>1233</span> 
     </span>
    </p>
   </div>
   <div class='ocr_carea' id='block_1_2' title="bbox 1687 382 2451 439">
    <p class='ocr_par' dir='ltr' id='par_1_2' title="bbox 1687 382 2451 439">
     <span class='ocr_line' id='line_1_2' title="bbox 1687 382 2451 439; baseline -0.003 -1"><span class='ocrx_word' id='word_1_2' title='bbox 1687 382 2141 439; x_wconf 73' lang='lat' dir='ltr'>STROMATUH</span> <span class='ocrx_word' id='word_1_3' title='bbox 2178 383 2314 436; x_wconf 84' lang='lat' dir='ltr'>LIB.</span> <span class='ocrx_word' id='word_1_4' title='bbox 2357 385 2451 438; x_wconf 84' lang='lat' dir='ltr'>IV.</span> 
     </span>
    </p>
   </div>
   <div class='ocr_carea' id='block_1_3' title="bbox 3625 379 3788 436">
    <p class='ocr_par' dir='ltr' id='par_1_3' title="bbox 3625 379 3788 436">
     <span class='ocr_line' id='line_1_3' title="bbox 3625 379 3788 436; baseline -0.012 0"><span class='ocrx_word' id='word_1_5' title='bbox 3625 379 3788 436; x_wconf 56' lang='lat'>1234</span> 
     </span>
    </p>
   </div>
   <div class='ocr_carea' id='block_1_4' title="bbox 355 502 2000 586">
    <p class='ocr_par' dir='ltr' id='par_1_4' title="bbox 355 502 2000 586">
     <span class='ocr_line' id='line_1_4' title="bbox 355 502 2000 586; baseline -0.004 -19"><span class='ocrx_word' id='word_1_6' title='bbox 355 510 459 567; x_wconf 83' lang='grc' dir='ltr'>Καὶ</span> <span class='ocrx_word' id='word_1_7' title='bbox 492 509 574 566; x_wconf 73' lang='grc' dir='ltr'>ὅτι</span> <span class='ocrx_word' id='word_1_8' title='bbox 618 531 678 586; x_wconf 89' lang='grc' dir='ltr'>γε</span> <span class='ocrx_word' id='word_1_9' title='bbox 736 506 936 572; x_wconf 85' lang='grc' dir='ltr'>είκόνες</span> <span class='ocrx_word' id='word_1_10' title='bbox 991 507 1058 564; x_wconf 77' lang='grc' dir='ltr'>τιὶ</span> <span class='ocrx_word' id='word_1_11' title='bbox 1111 508 1324 565; x_wconf 83' lang='grc' dir='ltr'>παλαιά</span> <span class='ocrx_word' id='word_1_12' title='bbox 1381 507 1782 584; x_wconf 82' lang='grc' dir='ltr'>κατορθώματα</span> <span class='ocrx_word' id='word_1_13' title='bbox 1839 503 1918 569; x_wconf 69' lang='grc' dir='ltr'>εἲς</span> <span class='ocrx_word' id='word_1_14' title='bbox 1947 502 2000 562; x_wconf 75' lang='grc' dir='ltr'><strong><em>τὲ</em></strong></span> 
     </span>
    </p>
   </div>
   <div class='ocr_carea' id='block_1_5' title="bbox 2116 502 3788 586">
    <p class='ocr_par' dir='ltr' id='par_1_5' title="bbox 2127 507 3788 582">
     <span class='ocr_line' id='line_1_5' title="bbox 2127 507 3788 582; baseline 0.001 -20"><span class='ocrx_word' id='word_1_15' title='bbox 2127 507 2285 564; x_wconf 87' lang='lat' dir='ltr'>clare</span> <span class='ocrx_word' id='word_1_16' title='bbox 2317 512 2458 564; x_wconf 89' lang='lat' dir='ltr'>sunt</span> <span class='ocrx_word' id='word_1_17' title='bbox 2486 512 2669 582; x_wconf 88' lang='lat' dir='ltr'>gesta,</span> <span class='ocrx_word' id='word_1_18' title='bbox 2703 509 2776 564; x_wconf 86' lang='lat' dir='ltr'>ad</span> <span class='ocrx_word' id='word_1_19' title='bbox 2809 514 3077 566; x_wconf 86' lang='lat' dir='ltr'>nostram</span> <span class='ocrx_word' id='word_1_20' title='bbox 3100 507 3604 575; x_wconf 80' lang='lat' dir='ltr'>emendationem,</span> <span class='ocrx_word' id='word_1_21' title='bbox 3630 523 3788 579; x_wconf 71' lang='lat' dir='ltr'>qum-</span> 
     </span>
    </p>
   </div>
   <div class='ocr_carea' id='block_1_6' title="bbox 354 595 2018 678">
    <p class='ocr_par' dir='ltr' id='par_1_6' title="bbox 354 595 2018 678">
     <span class='ocr_line' id='line_1_6' title="bbox 354 595 2018 678; baseline -0.002 -23"><span class='ocrx_word' id='word_1_22' title='bbox 354 598 613 673; x_wconf 80' lang='grc' dir='ltr'>ἡμεδαπά</span> <span class='ocrx_word' id='word_1_23' title='bbox 652 599 1082 675; x_wconf 83' lang='grc' dir='ltr'>ἐπανορθώματα</span> <span class='ocrx_word' id='word_1_24' title='bbox 1130 597 1418 667; x_wconf 82' lang='grc' dir='ltr'>ἔκκεινται,</span> <span class='ocrx_word' id='word_1_25' title='bbox 1480 597 1756 678; x_wconf 77' lang='grc' dir='ltr'>ἐμφαίνων</span> <span class='ocrx_word' id='word_1_26' title='bbox 1793 598 1821 652; x_wconf 99' lang='lat'>6</span> <span class='ocrx_word' id='word_1_27' title='bbox 1847 595 2018 653; x_wconf 85' lang='grc' dir='ltr'>Ἀπό-</span> 
     </span>
    </p>
   </div>
   <div class='ocr_carea' id='block_1_7' title="bbox 356 687 2018 766">
    <p class='ocr_par' dir='ltr' id='par_1_7' title="bbox 356 687 2018 766">
     <span class='ocr_line' id='line_1_7' title="bbox 356 687 2018 766; baseline -0.002 -22"><span class='ocrx_word' id='word_1_28' title='bbox 356 688 576 760; x_wconf 92' lang='grc' dir='ltr'>στολος,</span> <span class='ocrx_word' id='word_1_29' title='bbox 613 715 638 742; x_wconf 89' lang='grc'>‹‹</span> <span class='ocrx_word' id='word_1_30' title='bbox 670 692 832 745; x_wconf 81' lang='grc' dir='ltr'>’Ὠστε</span> <span class='ocrx_word' id='word_1_31' title='bbox 887 688 1016 753; x_wconf 72' lang='grc' dir='ltr'>τοὺς</span> <span class='ocrx_word' id='word_1_32' title='bbox 1047 687 1279 762; x_wconf 84' lang='grc' dir='ltr'>δεσμούς</span> <span class='ocrx_word' id='word_1_33' title='bbox 1319 709 1444 761; x_wconf 81' lang='grc' dir='ltr'>μου,</span> <span class='ocrx_word' id='word_1_34' title='bbox 1483 712 1509 739; x_wconf 90' lang='grc'><strong>››</strong></span> <span class='ocrx_word' id='word_1_35' title='bbox 1571 688 1728 766; x_wconf 75' lang='grc' dir='ltr'>φησὶ,</span> <span class='ocrx_word' id='word_1_36' title='bbox 1791 712 1818 738; x_wconf 87' lang='grc'><strong><em>‹‹</em></strong></span> <span class='ocrx_word' id='word_1_37' title='bbox 1855 706 2018 765; x_wconf 81' lang='grc' dir='ltr'>φανε-</span> 
     </span>
    </p>
   </div>
   <div class='ocr_carea' id='block_1_8' title="bbox 358 775 2016 856">
    <p class='ocr_par' dir='ltr' id='par_1_8' title="bbox 358 775 2016 856">
     <span class='ocr_line' id='line_1_8' title="bbox 358 775 2016 856; baseline -0.004 -22"><span class='ocrx_word' id='word_1_38' title='bbox 358 780 486 854; x_wconf 71' lang='grc' dir='ltr'>ροὺς</span> <span class='ocrx_word' id='word_1_39' title='bbox 532 780 583 835; x_wconf 80' lang='grc' dir='ltr'>ἐν</span> <span class='ocrx_word' id='word_1_40' title='bbox 640 784 861 854; x_wconf 75' lang='grc' dir='ltr'>Χριστῷ</span> <span class='ocrx_word' id='word_1_41' title='bbox 890 780 1136 856; x_wconf 85' lang='grc' dir='ltr'>γενέσθαι</span> <span class='ocrx_word' id='word_1_42' title='bbox 1169 778 1220 833; x_wconf 89' lang='grc' dir='ltr'>ἐν</span> <span class='ocrx_word' id='word_1_43' title='bbox 1273 776 1388 850; x_wconf 62' lang='grc' dir='ltr'>ίἱλῳ</span> <span class='ocrx_word' id='word_1_44' title='bbox 1418 781 1498 850; x_wconf 74' lang='grc' dir='ltr'>τῷ</span> <span class='ocrx_word' id='word_1_45' title='bbox 1549 775 1873 851; x_wconf 77' lang='grc' dir='ltr'>πραιτωρίῳ</span> <span class='ocrx_word' id='word_1_46' title='bbox 1926 775 2016 830; x_wconf 85' lang='grc' dir='ltr'>καί</span> 
     </span>
    </p>
   </div>
   <div class='ocr_carea' id='block_1_9' title="bbox 355 864 2011 942">
    <p class='ocr_par' dir='ltr' id='par_1_9' title="bbox 355 864 2011 942">
     <span class='ocr_line' id='line_1_9' title="bbox 355 864 2011 942; baseline -0.004 -17"><span class='ocrx_word' id='word_1_47' title='bbox 355 875 472 932; x_wconf 87' lang='grc' dir='ltr'>τοῖς</span> <span class='ocrx_word' id='word_1_48' title='bbox 504 868 728 931; x_wconf 80' lang='grc' dir='ltr'>λοιποῖς</span> <span class='ocrx_word' id='word_1_49' title='bbox 758 874 910 940; x_wconf 80' lang='grc' dir='ltr'>πᾶσι,</span> <span class='ocrx_word' id='word_1_50' title='bbox 942 868 1032 923; x_wconf 83' lang='grc' dir='ltr'>καὶ</span> <span class='ocrx_word' id='word_1_51' title='bbox 1063 869 1196 932; x_wconf 84' lang='grc' dir='ltr'>τοὺς</span> <span class='ocrx_word' id='word_1_52' title='bbox 1222 865 1477 929; x_wconf 84' lang='grc' dir='ltr'>πλείονας</span> <span class='ocrx_word' id='word_1_53' title='bbox 1524 871 1631 922; x_wconf 82' lang='grc' dir='ltr'>τῶν</span> <span class='ocrx_word' id='word_1_54' title='bbox 1677 864 1925 942; x_wconf 78' lang='grc' dir='ltr'>ἀδελφῶν</span> <span class='ocrx_word' id='word_1_55' title='bbox 1961 865 2011 919; x_wconf 84' lang='grc' dir='ltr'>ἐν</span> 
     </span>
    </p>
   </div>
   <div class='ocr_carea' id='block_1_10' title="bbox 357 955 2017 1036">
    <p class='ocr_par' dir='ltr' id='par_1_10' title="bbox 357 955 2017 1036">
     <span class='ocr_line' id='line_1_10' title="bbox 357 955 2017 1036; baseline -0.003 -21"><span class='ocrx_word' id='word_1_56' title='bbox 357 960 547 1036; x_wconf 73' lang='grc' dir='ltr'>Κυρίῳ</span> <span class='ocrx_word' id='word_1_57' title='bbox 598 959 946 1024; x_wconf 86' lang='grc' dir='ltr'>πεποιθόνας,</span> <span class='ocrx_word' id='word_1_58' title='bbox 987 963 1106 1020; x_wconf 91' lang='grc' dir='ltr'>τοῖς</span> <span class='ocrx_word' id='word_1_59' title='bbox 1170 955 1393 1030; x_wconf 81' lang='grc' dir='ltr'>δεσμοῖς</span> <span class='ocrx_word' id='word_1_60' title='bbox 1455 978 1559 1029; x_wconf 89' lang='grc' dir='ltr'>μου</span> <span class='ocrx_word' id='word_1_61' title='bbox 1615 955 2017 1030; x_wconf 87' lang='grc' dir='ltr'>περισσοτέρως</span> 
     </span>
    </p>
   </div>
   <div class='ocr_carea' id='block_1_11' title="bbox 355 1043 2012 1126">
    <p class='ocr_par' dir='ltr' id='par_1_11' title="bbox 355 1043 2012 1126">
     <span class='ocr_line' id='line_1_11' title="bbox 355 1043 2012 1126; baseline -0.002 -22"><span class='ocrx_word' id='word_1_62' title='bbox 355 1053 577 1123; x_wconf 75' lang='grc' dir='ltr'>πολμᾷν</span> <span class='ocrx_word' id='word_1_63' title='bbox 601 1043 823 1126; x_wconf 80' lang='grc' dir='ltr'>ἀφόϐως</span> <span class='ocrx_word' id='word_1_64' title='bbox 849 1049 943 1104; x_wconf 85' lang='grc' dir='ltr'>τὸν</span> <span class='ocrx_word' id='word_1_65' title='bbox 976 1047 1139 1122; x_wconf 90' lang='grc' dir='ltr'>λόγον</span> <span class='ocrx_word' id='word_1_66' title='bbox 1169 1051 1267 1101; x_wconf 78' lang='grc' dir='ltr'>τοῦ</span> <span class='ocrx_word' id='word_1_67' title='bbox 1298 1051 1432 1102; x_wconf 76' lang='grc' dir='ltr'>Θεοῦ</span> <span class='ocrx_word' id='word_1_68' title='bbox 1459 1048 1570 1120; x_wconf 88' lang='grc'>(41)</span> <span class='ocrx_word' id='word_1_69' title='bbox 1596 1043 1808 1101; x_wconf 79' lang='grc' dir='ltr'>λαλειν⁶</span> <span class='ocrx_word' id='word_1_70' title='bbox 1846 1069 1872 1097; x_wconf 87' lang='grc'><strong>››</strong></span> <span class='ocrx_word' id='word_1_71' title='bbox 1897 1046 2012 1101; x_wconf 70' lang='grc' dir='ltr'>ἐπεὶ</span> 
     </span>
    </p>
   </div>
   <div class='ocr_carea' id='block_1_12' title="bbox 353 1131 2013 1214">
    <p class='ocr_par' dir='ltr' id='par_1_12' title="bbox 353 1131 2013 1214">
     <span class='ocr_line' id='line_1_12' title="bbox 353 1131 2013 1214; baseline -0.004 -20"><span class='ocrx_word' id='word_1_72' title='bbox 353 1139 442 1194; x_wconf 82' lang='grc' dir='ltr'>καὶ</span> <span class='ocrx_word' id='word_1_73' title='bbox 471 1139 538 1194; x_wconf 73' lang='grc' dir='ltr'>τὰ</span> <span class='ocrx_word' id='word_1_74' title='bbox 571 1137 843 1214; x_wconf 83' lang='grc' dir='ltr'>μαρτύρια</span> <span class='ocrx_word' id='word_1_75' title='bbox 894 1137 1229 1213; x_wconf 74' lang='grc' dir='ltr'>ἐπιστροφῆς</span> <span class='ocrx_word' id='word_1_76' title='bbox 1288 1135 1398 1191; x_wconf 82' lang='grc' dir='ltr'>ἐστι</span> <span class='ocrx_word' id='word_1_77' title='bbox 1452 1131 1894 1210; x_wconf 85' lang='grc' dir='ltr'>παραδείγματα,</span> <span class='ocrx_word' id='word_1_78' title='bbox 1929 1134 2013 1190; x_wconf 81' lang='grc' dir='ltr'>ἐν-</span> 
     </span>
    </p>
   </div>
   <div class='ocr_carea' id='block_1_13' title="bbox 355 1223 2012 1304">
    <p class='ocr_par' dir='ltr' id='par_1_13' title="bbox 355 1223 2012 1304">
     <span class='ocr_line' id='line_1_13' title="bbox 355 1223 2012 1304; baseline -0.003 -20"><span class='ocrx_word' id='word_1_79' title='bbox 355 1227 510 1302; x_wconf 81' lang='grc' dir='ltr'>δόξος</span> <span class='ocrx_word' id='word_1_80' title='bbox 556 1227 882 1304; x_wconf 76' lang='grc' dir='ltr'>ἡγιασμένα.</span> <span class='ocrx_word' id='word_1_81' title='bbox 943 1228 1144 1285; x_wconf 87' lang='grc' dir='ltr'>«Ὅσα</span> <span class='ocrx_word' id='word_1_82' title='bbox 1194 1226 1295 1302; x_wconf 74' lang='grc' dir='ltr'>γὰρ</span> <span class='ocrx_word' id='word_1_83' title='bbox 1355 1228 1390 1296; x_wconf 77' lang='grc' dir='ltr'>ἡ</span> <span class='ocrx_word' id='word_1_84' title='bbox 1446 1227 1667 1302; x_wconf 80' lang='grc' dir='ltr'>Γγραφῆ</span> <span class='ocrx_word' id='word_1_85' title='bbox 1729 1223 1898 1298; x_wconf 91' lang='grc' dir='ltr'>λέγει,</span> <span class='ocrx_word' id='word_1_86' title='bbox 1933 1223 2012 1288; x_wconf 82' lang='grc' dir='ltr'>εἷς</span> 
     </span>
    </p>
   </div>
   <div class='ocr_carea' id='block_1_14' title="bbox 349 1312 2012 1392">
    <p class='ocr_par' dir='ltr' id='par_1_14' title="bbox 349 1312 2012 1392">
     <span class='ocr_line' id='line_1_14' title="bbox 349 1312 2012 1392; baseline -0.002 -19"><span class='ocrx_word' id='word_1_87' title='bbox 349 1319 450 1387; x_wconf 77' lang='grc' dir='ltr'>τήν</span> <span class='ocrx_word' id='word_1_88' title='bbox 480 1321 589 1390; x_wconf 83' lang='grc'>(42)</span> <span class='ocrx_word' id='word_1_89' title='bbox 621 1319 892 1392; x_wconf 72' lang='grc' dir='ltr'>ἡμετέραν</span> <span class='ocrx_word' id='word_1_90' title='bbox 945 1312 1298 1371; x_wconf 70' lang='grc' dir='ltr'>διδασκαλίαν</span> <span class='ocrx_word' id='word_1_91' title='bbox 1351 1314 1584 1390; x_wconf 82' lang='grc' dir='ltr'>ἐγράφη,</span> <span class='ocrx_word' id='word_1_92' title='bbox 1633 1313 1721 1368; x_wconf 75' lang='grc' dir='ltr'>ῗνα</span> <span class='ocrx_word' id='word_1_93' title='bbox 1770 1313 1859 1369; x_wconf 78' lang='grc' dir='ltr'>διὰ</span> <span class='ocrx_word' id='word_1_94' title='bbox 1910 1319 2012 1380; x_wconf 75' lang='grc' dir='ltr'>τῆς</span> 
     </span>
    </p>
   </div>
   <div class='ocr_carea' id='block_1_15' title="bbox 355 1403 2010 1482">
    <p class='ocr_par' dir='ltr' id='par_1_15' title="bbox 355 1403 2010 1482">
     <span class='ocr_line' id='line_1_15' title="bbox 355 1403 2010 1482; baseline -0.002 -19"><span class='ocrx_word' id='word_1_95' title='bbox 355 1409 643 1482; x_wconf 82' lang='grc' dir='ltr'>ὑπομονῆς</span> <span class='ocrx_word' id='word_1_96' title='bbox 675 1407 765 1461; x_wconf 83' lang='grc' dir='ltr'>καὶ</span> <span class='ocrx_word' id='word_1_97' title='bbox 794 1414 897 1476; x_wconf 78' lang='grc' dir='ltr'>τῆς</span> <span class='ocrx_word' id='word_1_98' title='bbox 929 1403 1333 1482; x_wconf 79' lang='grc' dir='ltr'>παρακλήσεως</span> <span class='ocrx_word' id='word_1_99' title='bbox 1379 1408 1487 1458; x_wconf 81' lang='grc' dir='ltr'>τῶν</span> <span class='ocrx_word' id='word_1_100' title='bbox 1523 1408 1749 1480; x_wconf 82' lang='grc' dir='ltr'>Γραφῶν</span> <span class='ocrx_word' id='word_1_101' title='bbox 1779 1407 1880 1472; x_wconf 76' lang='grc' dir='ltr'>τὴν</span> <span class='ocrx_word' id='word_1_102' title='bbox 1915 1403 2010 1459; x_wconf 85' lang='grc' dir='ltr'>ἐλ-</span> 
     </span>
    </p>
   </div>
   <div class='ocr_carea' id='block_1_16' title="bbox 348 1490 2011 1572">
    <p class='ocr_par' dir='ltr' id='par_1_16' title="bbox 348 1490 2011 1572">
     <span class='ocr_line' id='line_1_16' title="bbox 348 1490 2011 1572; baseline -0.003 -20"><span class='ocrx_word' id='word_1_103' title='bbox 348 1495 479 1552; x_wconf 86' lang='grc' dir='ltr'>πίδα</span> <span class='ocrx_word' id='word_1_104' title='bbox 505 1493 724 1572; x_wconf 78' lang='grc' dir='ltr'>ἔχωμεν</span> <span class='ocrx_word' id='word_1_105' title='bbox 755 1503 856 1566; x_wconf 78' lang='grc' dir='ltr'>τῆς</span> <span class='ocrx_word' id='word_1_106' title='bbox 888 1493 1310 1570; x_wconf 76' lang='grc' dir='ltr'>παρακλήσεως.</span> <span class='ocrx_word' id='word_1_107' title='bbox 1343 1519 1370 1545; x_wconf 87' lang='grc'><strong>››</strong></span> <span class='ocrx_word' id='word_1_108' title='bbox 1401 1495 1587 1548; x_wconf 81' lang='grc' dir='ltr'>Ἐοιγε</span> <span class='ocrx_word' id='word_1_109' title='bbox 1620 1490 1676 1548; x_wconf 84' lang='grc' dir='ltr'>δέ</span> <span class='ocrx_word' id='word_1_110' title='bbox 1705 1514 1844 1563; x_wconf 87' lang='grc' dir='ltr'>πως,</span> <span class='ocrx_word' id='word_1_111' title='bbox 1878 1514 2011 1568; x_wconf 65' lang='grc' dir='ltr'>παρη</span> 
     </span>
    </p>
   </div>
   <div class='ocr_carea' id='block_1_17' title="bbox 352 1581 2011 1661">
    <p class='ocr_par' dir='ltr' id='par_1_17' title="bbox 352 1581 2011 1661">
     <span class='ocr_line' id='line_1_17' title="bbox 352 1581 2011 1661; baseline -0.002 -20"><span class='ocrx_word' id='word_1_112' title='bbox 352 1586 519 1657; x_wconf 83' lang='grc' dir='ltr'>ούσης</span> <span class='ocrx_word' id='word_1_113' title='bbox 552 1583 886 1661; x_wconf 81' lang='grc' dir='ltr'>ἀλγηδόνος,</span> <span class='ocrx_word' id='word_1_114' title='bbox 918 1587 953 1655; x_wconf 78' lang='grc' dir='ltr'><strong>ἡ</strong></span> <span class='ocrx_word' id='word_1_115' title='bbox 987 1584 1142 1658; x_wconf 80' lang='grc' dir='ltr'>ψυχὴ</span> <span class='ocrx_word' id='word_1_116' title='bbox 1192 1581 1364 1638; x_wconf 87' lang='grc' dir='ltr'>νεύειν</span> <span class='ocrx_word' id='word_1_117' title='bbox 1421 1583 1512 1636; x_wconf 85' lang='grc' dir='ltr'>ἀπ’</span> <span class='ocrx_word' id='word_1_118' title='bbox 1543 1581 1732 1653; x_wconf 80' lang='grc' dir='ltr'>αὐτῆς,</span> <span class='ocrx_word' id='word_1_119' title='bbox 1785 1583 1873 1637; x_wconf 82' lang='grc' dir='ltr'>καὶ</span> <span class='ocrx_word' id='word_1_120' title='bbox 1928 1583 2011 1637; x_wconf 88' lang='grc' dir='ltr'>τί-</span> 
     </span>
    </p>
   </div>
   <div class='ocr_carea' id='block_1_18' title="bbox 355 1669 2006 1754">
    <p class='ocr_par' dir='ltr' id='par_1_18' title="bbox 355 1669 2006 1754">
     <span class='ocr_line' id='line_1_18' title="bbox 355 1669 2006 1754; baseline -0.004 -23"><span class='ocrx_word' id='word_1_121' title='bbox 355 1699 478 1751; x_wconf 90' lang='grc' dir='ltr'>μιον</span> <span class='ocrx_word' id='word_1_122' title='bbox 508 1679 753 1754; x_wconf 75' lang='grc' dir='ltr'>ἡγεῖσθαι</span> <span class='ocrx_word' id='word_1_123' title='bbox 811 1676 910 1744; x_wconf 80' lang='grc' dir='ltr'>τήν</span> <span class='ocrx_word' id='word_1_124' title='bbox 969 1673 1294 1749; x_wconf 72' lang='grc' dir='ltr'>ἀπαλλαγὴν</span> <span class='ocrx_word' id='word_1_125' title='bbox 1325 1680 1426 1742; x_wconf 81' lang='grc' dir='ltr'>τῆς</span> <span class='ocrx_word' id='word_1_126' title='bbox 1457 1671 1738 1747; x_wconf 75' lang='grc' dir='ltr'>παρούσης</span> <span class='ocrx_word' id='word_1_127' title='bbox 1787 1669 2006 1742; x_wconf 82' lang='grc' dir='ltr'>ὀδύνης.</span> 
     </span>
    </p>
   </div>
   <div class='ocr_carea' id='block_1_19' title="bbox 350 1760 2005 1840">
    <p class='ocr_par' dir='ltr' id='par_1_19' title="bbox 350 1760 2005 1840">
     <span class='ocr_line' id='line_1_19' title="bbox 350 1760 2005 1840; baseline -0.004 -18"><span class='ocrx_word' id='word_1_128' title='bbox 350 1769 489 1840; x_wconf 84' lang='grc' dir='ltr'>Ἀμε</span> <span class='ocrx_word' id='word_1_129' title='bbox 533 1787 578 1821; x_wconf 90' lang='grc' dir='ltr'>ει</span> <span class='ocrx_word' id='word_1_130' title='bbox 609 1766 727 1820; x_wconf 86' lang='grc' dir='ltr'>κατ’</span> <span class='ocrx_word' id='word_1_131' title='bbox 767 1763 940 1818; x_wconf 82' lang='grc' dir='ltr'>ἐκεῖνο</span> <span class='ocrx_word' id='word_1_132' title='bbox 973 1767 1192 1838; x_wconf 76' lang='grc' dir='ltr'>καιροῦ,</span> <span class='ocrx_word' id='word_1_133' title='bbox 1238 1763 1328 1817; x_wconf 80' lang='grc' dir='ltr'>καί</span> <span class='ocrx_word' id='word_1_134' title='bbox 1379 1761 1722 1834; x_wconf 79' lang='grc' dir='ltr'>μαθημάτων</span> <span class='ocrx_word' id='word_1_135' title='bbox 1753 1760 2005 1837; x_wconf 73' lang='grc' dir='ltr'>ῥᾳθυμεῖ,</span> 
     </span>
    </p>
   </div>
   <div class='ocr_carea' id='block_1_20' title="bbox 2130 597 3793 673">
    <p class='ocr_par' dir='ltr' id='par_1_20' title="bbox 2130 597 3793 673">
     <span class='ocr_line' id='line_1_20' title="bbox 2130 597 3793 673; baseline 0.001 -21"><span class='ocrx_word' id='word_1_136' title='bbox 2130 597 2266 653; x_wconf 88' lang='lat' dir='ltr'>dam</span> <span class='ocrx_word' id='word_1_137' title='bbox 2279 599 2447 669; x_wconf 88' lang='lat' dir='ltr'>quasi</span> <span class='ocrx_word' id='word_1_138' title='bbox 2461 599 3086 673; x_wconf 86' lang='lat' dir='ltr'>imagines,proposita</span> <span class='ocrx_word' id='word_1_139' title='bbox 3104 597 3572 666; x_wconf 88' lang='lat' dir='ltr'>sunt,hisverbis</span> <span class='ocrx_word' id='word_1_140' title='bbox 3588 601 3793 654; x_wconf 90' lang='lat' dir='ltr'>osten-</span> 
     </span>
    </p>
   </div>
   <div class='ocr_carea' id='block_1_21' title="bbox 2129 687 3796 759">
    <p class='ocr_par' dir='ltr' id='par_1_21' title="bbox 2129 687 3796 759">
     <span class='ocr_line' id='line_1_21' title="bbox 2129 687 3796 759; baseline 0.001 -17"><span class='ocrx_word' id='word_1_141' title='bbox 2129 687 2598 759; x_wconf 71' lang='lat' dir='ltr'>ditApostolusm</span> <span class='ocrx_word' id='word_1_142' title='bbox 2611 691 2680 743; x_wconf 88' lang='lat' dir='ltr'>Ut</span> <span class='ocrx_word' id='word_1_143' title='bbox 2693 705 2827 744; x_wconf 89' lang='lat' dir='ltr'>mea</span> <span class='ocrx_word' id='word_1_144' title='bbox 2844 688 3083 744; x_wconf 89' lang='lat' dir='ltr'>vincula</span> <span class='ocrx_word' id='word_1_145' title='bbox 3096 687 3322 743; x_wconf 81' lang='lat' dir='ltr'>fuerint</span> <span class='ocrx_word' id='word_1_146' title='bbox 3338 688 3399 742; x_wconf 91' lang='lat' dir='ltr'>in</span> <span class='ocrx_word' id='word_1_147' title='bbox 3418 687 3649 742; x_wconf 83' lang='lat' dir='ltr'>Christo</span> <span class='ocrx_word' id='word_1_148' title='bbox 3664 705 3796 743; x_wconf 87' lang='lat' dir='ltr'>ma-</span> 
     </span>
    </p>
   </div>
   <div class='ocr_carea' id='block_1_22' title="bbox 2128 775 3794 850">
    <p class='ocr_par' dir='ltr' id='par_1_22' title="bbox 2128 775 3794 850">
     <span class='ocr_line' id='line_1_22' title="bbox 2128 775 3794 850; baseline 0.002 -22"><span class='ocrx_word' id='word_1_149' title='bbox 2128 775 2344 832; x_wconf 81' lang='lat' dir='ltr'>nifesta</span> <span class='ocrx_word' id='word_1_150' title='bbox 2365 779 2425 832; x_wconf 90' lang='lat' dir='ltr'>in</span> <span class='ocrx_word' id='word_1_151' title='bbox 2441 779 2602 833; x_wconf 90' lang='lat' dir='ltr'>omni</span> <span class='ocrx_word' id='word_1_152' title='bbox 2628 779 2906 850; x_wconf 65' lang='lat' dir='ltr'>praetorio</span> <span class='ocrx_word' id='word_1_153' title='bbox 2924 779 3246 848; x_wconf 86' lang='lat' dir='ltr'>etreliquis</span> <span class='ocrx_word' id='word_1_154' title='bbox 3271 777 3571 844; x_wconf 90' lang='lat' dir='ltr'>omnibus,</span> <span class='ocrx_word' id='word_1_155' title='bbox 3589 782 3645 831; x_wconf 85' lang='lat' dir='ltr'>et</span> <span class='ocrx_word' id='word_1_156' title='bbox 3659 777 3794 848; x_wconf 88' lang='lat' dir='ltr'>plu-</span> 
     </span>
    </p>
   </div>
   <div class='ocr_carea' id='block_1_23' title="bbox 2129 867 3795 934">
    <p class='ocr_par' dir='ltr' id='par_1_23' title="bbox 2129 867 3795 934">
     <span class='ocr_line' id='line_1_23' title="bbox 2129 867 3795 934; baseline 0.001 -15"><span class='ocrx_word' id='word_1_157' title='bbox 2129 882 2223 920; x_wconf 91' lang='lat' dir='ltr'>res</span> <span class='ocrx_word' id='word_1_158' title='bbox 2234 867 2446 922; x_wconf 86' lang='lat' dir='ltr'>fratres</span> <span class='ocrx_word' id='word_1_159' title='bbox 2459 869 2520 923; x_wconf 93' lang='lat' dir='ltr'>in</span> <span class='ocrx_word' id='word_1_160' title='bbox 2536 869 2809 933; x_wconf 91' lang='lat' dir='ltr'>Domino,</span> <span class='ocrx_word' id='word_1_161' title='bbox 2826 869 2978 923; x_wconf 80' lang='lat' dir='ltr'>conﬁ</span> <span class='ocrx_word' id='word_1_162' title='bbox 2990 868 3036 923; x_wconf 90' lang='lat' dir='ltr'>si</span> <span class='ocrx_word' id='word_1_163' title='bbox 3051 868 3202 923; x_wconf 90' lang='lat' dir='ltr'>meis</span> <span class='ocrx_word' id='word_1_164' title='bbox 3214 867 3487 934; x_wconf 90' lang='lat' dir='ltr'>vinculis,</span> <span class='ocrx_word' id='word_1_165' title='bbox 3503 867 3795 922; x_wconf 85' lang='lat' dir='ltr'>auderent</span> 
     </span>
    </p>
   </div>
   <div class='ocr_carea' id='block_1_24' title="bbox 2128 955 3792 1029">
    <p class='ocr_par' dir='ltr' id='par_1_24' title="bbox 2128 955 3792 1029">
     <span class='ocr_line' id='line_1_24' title="bbox 2128 955 3792 1029; baseline -0.002 -19"><span class='ocrx_word' id='word_1_166' title='bbox 2128 955 2531 1013; x_wconf 84' lang='lat' dir='ltr'>abundantius</span> <span class='ocrx_word' id='word_1_167' title='bbox 2552 957 2780 1029; x_wconf 84' lang='lat' dir='ltr'>absque</span> <span class='ocrx_word' id='word_1_168' title='bbox 2805 962 2968 1012; x_wconf 90' lang='lat' dir='ltr'>metu</span> <span class='ocrx_word' id='word_1_169' title='bbox 2993 956 3156 1027; x_wconf 89' lang='lat' dir='ltr'>loqui</span> <span class='ocrx_word' id='word_1_170' title='bbox 3187 956 3432 1012; x_wconf 86' lang='lat' dir='ltr'>verbum</span> <span class='ocrx_word' id='word_1_171' title='bbox 3465 956 3566 1010; x_wconf 88' lang='lat' dir='ltr'>Dei</span> <span class='ocrx_word' id='word_1_172' title='bbox 3601 956 3678 1027; x_wconf 88' lang='lat' dir='ltr'>(a)</span> <span class='ocrx_word' id='word_1_173' title='bbox 3705 973 3718 1010; x_wconf 91' lang='lat'><strong><em>:</em></strong></span> <span class='ocrx_word' id='word_1_174' title='bbox 3763 978 3792 1006; x_wconf 90' lang='grc'><strong>››</strong></span> 
     </span>
    </p>
   </div>
   <div class='ocr_carea' id='block_1_25' title="bbox 2126 1045 3793 1119">
    <p class='ocr_par' dir='ltr' id='par_1_25' title="bbox 2126 1045 3793 1119">
     <span class='ocr_line' id='line_1_25' title="bbox 2126 1045 3793 1119; baseline 0 -19"><span class='ocrx_word' id='word_1_175' title='bbox 2126 1047 2612 1118; x_wconf 86' lang='lat' dir='ltr'>quandoquidem</span> <span class='ocrx_word' id='word_1_176' title='bbox 2639 1047 2928 1119; x_wconf 84' lang='lat' dir='ltr'>martyria</span> <span class='ocrx_word' id='word_1_177' title='bbox 2958 1063 3194 1118; x_wconf 90' lang='lat' dir='ltr'>quoque</span> <span class='ocrx_word' id='word_1_178' title='bbox 3237 1052 3379 1102; x_wconf 90' lang='lat' dir='ltr'>sunt</span> <span class='ocrx_word' id='word_1_179' title='bbox 3428 1045 3793 1116; x_wconf 81' lang='lat' dir='ltr'>exemplaria</span> 
     </span>
    </p>
   </div>
   <div class='ocr_carea' id='block_1_26' title="bbox 2125 1136 3787 1209">
    <p class='ocr_par' dir='ltr' id='par_1_26' title="bbox 2125 1136 3787 1209">
     <span class='ocr_line' id='line_1_26' title="bbox 2125 1136 3787 1209; baseline 0.001 -20"><span class='ocrx_word' id='word_1_180' title='bbox 2125 1137 2554 1206; x_wconf 79' lang='lat' dir='ltr'>conversionis,</span> <span class='ocrx_word' id='word_1_181' title='bbox 2595 1137 2853 1209; x_wconf 83' lang='lat' dir='ltr'>gloriose</span> <span class='ocrx_word' id='word_1_182' title='bbox 2900 1137 3290 1192; x_wconf 83' lang='lat' dir='ltr'>sanctificata.</span> <span class='ocrx_word' id='word_1_183' title='bbox 3331 1155 3358 1186; x_wconf 76' lang='grc' dir='ltr'>ιι</span> <span class='ocrx_word' id='word_1_184' title='bbox 3404 1136 3787 1206; x_wconf 77' lang='lat' dir='ltr'>Quaecunque</span> 
     </span>
    </p>
   </div>
   <div class='ocr_carea' id='block_1_27' title="bbox 2126 1227 3789 1301">
    <p class='ocr_par' dir='ltr' id='par_1_27' title="bbox 2126 1227 3789 1301">
     <span class='ocr_line' id='line_1_27' title="bbox 2126 1227 3789 1301; baseline 0 -20"><span class='ocrx_word' id='word_1_185' title='bbox 2126 1228 2308 1295; x_wconf 91' lang='lat' dir='ltr'>enim,</span> <span class='ocrx_word' id='word_1_186' title='bbox 2339 1229 2420 1283; x_wconf 88' lang='lat' dir='ltr'>ait</span> <span class='ocrx_word' id='word_1_187' title='bbox 2445 1229 2766 1301; x_wconf 84' lang='lat' dir='ltr'>Scriptura,</span> <span class='ocrx_word' id='word_1_188' title='bbox 2797 1229 2871 1284; x_wconf 90' lang='lat' dir='ltr'>ad</span> <span class='ocrx_word' id='word_1_189' title='bbox 2901 1227 3533 1284; x_wconf 70' lang='lat' dir='ltr'>nostram°doctrinam</span> <span class='ocrx_word' id='word_1_190' title='bbox 3567 1227 3789 1298; x_wconf 86' lang='lat' dir='ltr'>scripta</span> 
     </span>
    </p>
   </div>
   <div class='ocr_carea' id='block_1_28' title="bbox 2127 1315 3783 1387">
    <p class='ocr_par' dir='ltr' id='par_1_28' title="bbox 2127 1315 3783 1387">
     <span class='ocr_line' id='line_1_28' title="bbox 2127 1315 3783 1387; baseline 0.001 -19"><span class='ocrx_word' id='word_1_191' title='bbox 2127 1320 2265 1369; x_wconf 90' lang='lat' dir='ltr'>sunt</span> <span class='ocrx_word' id='word_1_192' title='bbox 2284 1319 2350 1368; x_wconf 92' lang='lat' dir='ltr'>ut</span> <span class='ocrx_word' id='word_1_193' title='bbox 2368 1331 2474 1387; x_wconf 90' lang='lat' dir='ltr'>per</span> <span class='ocrx_word' id='word_1_194' title='bbox 2495 1317 2848 1387; x_wconf 86' lang='lat' dir='ltr'>patientiam</span> <span class='ocrx_word' id='word_1_195' title='bbox 2873 1321 2932 1370; x_wconf 90' lang='lat' dir='ltr'>et</span> <span class='ocrx_word' id='word_1_196' title='bbox 2951 1315 3424 1372; x_wconf 90' lang='lat' dir='ltr'>consolationem</span> <span class='ocrx_word' id='word_1_197' title='bbox 3448 1315 3783 1386; x_wconf 85' lang='lat' dir='ltr'>Scriptura—</span> 
     </span>
    </p>
   </div>
   <div class='ocr_carea' id='block_1_29' title="bbox 2123 1404 3782 1476">
    <p class='ocr_par' dir='ltr' id='par_1_29' title="bbox 2123 1404 3782 1476">
     <span class='ocr_line' id='line_1_29' title="bbox 2123 1404 3782 1476; baseline 0.001 -19"><span class='ocrx_word' id='word_1_198' title='bbox 2123 1420 2455 1476; x_wconf 89' lang='lat' dir='ltr'>rum,spem</span> <span class='ocrx_word' id='word_1_199' title='bbox 2479 1405 2807 1461; x_wconf 87' lang='lat' dir='ltr'>habeamus</span> <span class='ocrx_word' id='word_1_200' title='bbox 2828 1405 3256 1461; x_wconf 87' lang='lat' dir='ltr'>consolationis</span> <span class='ocrx_word' id='word_1_201' title='bbox 3273 1404 3660 1472; x_wconf 73' lang='lat' dir='ltr'>(b).nVidetur</span> <span class='ocrx_word' id='word_1_202' title='bbox 3675 1419 3782 1460; x_wconf 86' lang='lat' dir='ltr'>au-</span> 
     </span>
    </p>
   </div>
   <div class='ocr_carea' id='block_1_30' title="bbox 2123 1493 3776 1566">
    <p class='ocr_par' dir='ltr' id='par_1_30' title="bbox 2123 1493 3776 1566">
     <span class='ocr_line' id='line_1_30' title="bbox 2123 1493 3776 1566; baseline 0.001 -19"><span class='ocrx_word' id='word_1_203' title='bbox 2123 1496 2240 1548; x_wconf 87' lang='lat' dir='ltr'>tem</span> <span class='ocrx_word' id='word_1_204' title='bbox 2263 1494 2309 1549; x_wconf 91' lang='lat' dir='ltr'>si</span> <span class='ocrx_word' id='word_1_205' title='bbox 2329 1495 2486 1549; x_wconf 87' lang='lat' dir='ltr'>adsit</span> <span class='ocrx_word' id='word_1_206' title='bbox 2502 1495 2672 1550; x_wconf 89' lang='lat' dir='ltr'>dolor</span> <span class='ocrx_word' id='word_1_207' title='bbox 2684 1496 2886 1551; x_wconf 90' lang='lat' dir='ltr'>anima</span> <span class='ocrx_word' id='word_1_208' title='bbox 2898 1493 3337 1566; x_wconf 90' lang='lat' dir='ltr'>quodammodo</span> <span class='ocrx_word' id='word_1_209' title='bbox 3353 1494 3425 1549; x_wconf 89' lang='lat' dir='ltr'>ab</span> <span class='ocrx_word' id='word_1_210' title='bbox 3449 1494 3576 1565; x_wconf 91' lang='lat' dir='ltr'>ipso</span> <span class='ocrx_word' id='word_1_211' title='bbox 3591 1493 3776 1549; x_wconf 87' lang='lat' dir='ltr'>decli-</span> 
     </span>
    </p>
   </div>
   <div class='ocr_carea' id='block_1_31' title="bbox 2123 1583 3778 1658">
    <p class='ocr_par' dir='ltr' id='par_1_31' title="bbox 2123 1583 3778 1658">
     <span class='ocr_line' id='line_1_31' title="bbox 2123 1583 3778 1658; baseline 0.001 -21"><span class='ocrx_word' id='word_1_212' title='bbox 2123 1600 2267 1638; x_wconf 88' lang='lat' dir='ltr'>nare</span> <span class='ocrx_word' id='word_1_213' title='bbox 2291 1590 2349 1638; x_wconf 87' lang='lat' dir='ltr'>et</span> <span class='ocrx_word' id='word_1_214' title='bbox 2365 1585 2763 1658; x_wconf 82' lang='lat' dir='ltr'>magnifacere</span> <span class='ocrx_word' id='word_1_215' title='bbox 2778 1602 2812 1640; x_wconf 92' lang='lat' dir='ltr'>a</span> <span class='ocrx_word' id='word_1_216' title='bbox 2825 1585 3103 1658; x_wconf 68' lang='lat' dir='ltr'>praesenti</span> <span class='ocrx_word' id='word_1_217' title='bbox 3120 1584 3537 1639; x_wconf 89' lang='lat' dir='ltr'>liberationem</span> <span class='ocrx_word' id='word_1_218' title='bbox 3555 1583 3778 1639; x_wconf 87' lang='lat' dir='ltr'>moles-</span> 
     </span>
    </p>
   </div>
   <div class='ocr_carea' id='block_1_32' title="bbox 2121 1672 3775 1747">
    <p class='ocr_par' dir='ltr' id='par_1_32' title="bbox 2121 1672 3775 1747">
     <span class='ocr_line' id='line_1_32' title="bbox 2121 1672 3775 1747; baseline 0.001 -20"><span class='ocrx_word' id='word_1_219' title='bbox 2121 1672 2221 1728; x_wconf 89' lang='lat' dir='ltr'>tia.</span> <span class='ocrx_word' id='word_1_220' title='bbox 2259 1673 2366 1728; x_wconf 93' lang='lat' dir='ltr'>lllo</span> <span class='ocrx_word' id='word_1_221' title='bbox 2398 1680 2556 1730; x_wconf 91' lang='lat' dir='ltr'>certe</span> <span class='ocrx_word' id='word_1_222' title='bbox 2590 1680 2857 1747; x_wconf 87' lang='lat' dir='ltr'>tempore</span> <span class='ocrx_word' id='word_1_223' title='bbox 2889 1675 3339 1746; x_wconf 88' lang='lat' dir='ltr'>quiescitetiam</span> <span class='ocrx_word' id='word_1_224' title='bbox 3363 1673 3775 1744; x_wconf 90' lang='lat' dir='ltr'>adisciplinis,</span> 
     </span>
    </p>
   </div>
   <div class='ocr_carea' id='block_1_33' title="bbox 2119 1763 3773 1837">
    <p class='ocr_par' dir='ltr' id='par_1_33' title="bbox 2119 1763 3773 1837">
     <span class='ocr_line' id='line_1_33' title="bbox 2119 1763 3773 1837; baseline -0.001 -20"><span class='ocrx_word' id='word_1_225' title='bbox 2119 1763 2358 1832; x_wconf 84' lang='lat' dir='ltr'>quando</span> <span class='ocrx_word' id='word_1_226' title='bbox 2373 1763 2506 1819; x_wconf 61' lang='lat' dir='ltr'>alia:</span> <span class='ocrx_word' id='word_1_227' title='bbox 2521 1781 2758 1836; x_wconf 91' lang='lat' dir='ltr'>quoque</span> <span class='ocrx_word' id='word_1_228' title='bbox 2771 1766 3016 1820; x_wconf 85' lang='lat' dir='ltr'>virtutes</span> <span class='ocrx_word' id='word_1_229' title='bbox 3030 1764 3560 1837; x_wconf 85' lang='lat' dir='ltr'>negliguntur.Non</span> <span class='ocrx_word' id='word_1_230' title='bbox 3574 1765 3773 1818; x_wconf 91' lang='lat' dir='ltr'>autem</span> 
     </span>
    </p>
   </div>
   <div class='ocr_carea' id='block_1_34' title="bbox 350 1847 2000 1938">
    <p class='ocr_par' dir='ltr' id='par_1_34' title="bbox 350 1847 2000 1938">
     <span class='ocr_line' id='line_1_34' title="bbox 350 1847 2000 1938; baseline -0.004 -27"><span class='ocrx_word' id='word_1_231' title='bbox 350 1855 588 1927; x_wconf 77' lang='grc' dir='ltr'>ὁπηνίκα</span> <span class='ocrx_word' id='word_1_232' title='bbox 615 1853 705 1909; x_wconf 79' lang='grc' dir='ltr'>καὶ</span> <span class='ocrx_word' id='word_1_233' title='bbox 734 1855 788 1908; x_wconf 75' lang='grc' dir='ltr'>αἱ</span> <span class='ocrx_word' id='word_1_234' title='bbox 819 1851 986 1908; x_wconf 77' lang='grc' dir='ltr'>ἄλλαι</span> <span class='ocrx_word' id='word_1_235' title='bbox 1029 1850 1414 1924; x_wconf 88' lang='grc' dir='ltr'>ἀπημέληνται</span> <span class='ocrx_word' id='word_1_236' title='bbox 1436 1849 1779 1938; x_wconf 14' lang='grc' dir='ltr'>ἀρεταίῖγΚαὶγ</span> <span class='ocrx_word' id='word_1_237' title='bbox 1805 1851 1869 1905; x_wconf 84' lang='grc' dir='ltr'>οὐ</span> <span class='ocrx_word' id='word_1_238' title='bbox 1903 1847 2000 1920; x_wconf 83' lang='grc' dir='ltr'>δή-</span> 
     </span>
    </p>
   </div>
   <div class='ocr_carea' id='block_1_35' title="bbox 2116 1847 3778 1938">
    <p class='ocr_par' dir='ltr' id='par_1_35' title="bbox 2117 1851 3778 1926">
     <span class='ocr_line' id='line_1_35' title="bbox 2117 1851 3778 1926; baseline -0.001 -20"><span class='ocrx_word' id='word_1_239' title='bbox 2117 1856 2324 1922; x_wconf 73' lang='lat' dir='ltr'>utique</span> <span class='ocrx_word' id='word_1_240' title='bbox 2339 1851 2595 1908; x_wconf 88' lang='lat' dir='ltr'>dicimus</span> <span class='ocrx_word' id='word_1_241' title='bbox 2611 1854 2798 1925; x_wconf 89' lang='lat' dir='ltr'>ipsam</span> <span class='ocrx_word' id='word_1_242' title='bbox 2814 1853 2935 1926; x_wconf 90' lang='lat' dir='ltr'>pati</span> <span class='ocrx_word' id='word_1_243' title='bbox 2949 1854 3396 1909; x_wconf 83' lang='lat' dir='ltr'>virtutemznam</span> <span class='ocrx_word' id='word_1_244' title='bbox 3410 1869 3520 1907; x_wconf 88' lang='lat' dir='ltr'>nec</span> <span class='ocrx_word' id='word_1_245' title='bbox 3532 1869 3686 1924; x_wconf 74' lang='lat' dir='ltr'>aagro</span> <span class='ocrx_word' id='word_1_246' title='bbox 3695 1856 3778 1906; x_wconf 91' lang='lat' dir='ltr'>tat</span> 
     </span>
    </p>
   </div>
   <div class='ocr_carea' id='block_1_36' title="bbox 353 1935 2010 2016">
    <p class='ocr_par' dir='ltr' id='par_1_36' title="bbox 353 1935 2010 2016">
     <span class='ocr_line' id='line_1_36' title="bbox 353 1935 2010 2016; baseline -0.004 -17"><span class='ocrx_word' id='word_1_247' title='bbox 353 1965 456 1999; x_wconf 87' lang='grc' dir='ltr'>που</span> <span class='ocrx_word' id='word_1_248' title='bbox 485 1945 584 2013; x_wconf 76' lang='grc' dir='ltr'>τὴν</span> <span class='ocrx_word' id='word_1_249' title='bbox 614 1942 809 2016; x_wconf 81' lang='grc' dir='ltr'>ἀρετὴν</span> <span class='ocrx_word' id='word_1_250' title='bbox 843 1941 1013 2009; x_wconf 78' lang='grc' dir='ltr'>αύτὴν</span> <span class='ocrx_word' id='word_1_251' title='bbox 1045 1940 1276 2014; x_wconf 83' lang='grc' dir='ltr'>πάσχειν</span> <span class='ocrx_word' id='word_1_252' title='bbox 1320 1937 1518 2010; x_wconf 81' lang='grc' dir='ltr'>φαμέν·</span> <span class='ocrx_word' id='word_1_253' title='bbox 1553 1935 1677 1992; x_wconf 75' lang='grc' dir='ltr'>οὐδὲ</span> <span class='ocrx_word' id='word_1_254' title='bbox 1723 1937 1827 2014; x_wconf 80' lang='grc' dir='ltr'>γὰρ</span> <span class='ocrx_word' id='word_1_255' title='bbox 1859 1943 2010 1993; x_wconf 85' lang='grc' dir='ltr'>νοσεῖ</span> 
     </span>
    </p>
   </div>
   <div class='ocr_carea' id='block_1_37' title="bbox 346 2025 2004 2109">
    <p class='ocr_par' dir='ltr' id='par_1_37' title="bbox 346 2025 2004 2109">
     <span class='ocr_line' id='line_1_37' title="bbox 346 2025 2004 2109; baseline -0.004 -21"><span class='ocrx_word' id='word_1_256' title='bbox 346 2037 382 2104; x_wconf 82' lang='grc' dir='ltr'><strong>ἡ</strong></span> <span class='ocrx_word' id='word_1_257' title='bbox 419 2034 604 2109; x_wconf 75' lang='grc' dir='ltr'>ἀρετή⁶</span> <span class='ocrx_word' id='word_1_258' title='bbox 639 2033 667 2087; x_wconf 90' lang='grc' dir='ltr'><strong>ὁ</strong></span> <span class='ocrx_word' id='word_1_259' title='bbox 694 2029 752 2086; x_wconf 77' lang='grc' dir='ltr'>δὲ</span> <span class='ocrx_word' id='word_1_260' title='bbox 781 2025 987 2109; x_wconf 79' lang='grc' dir='ltr'>ἀμφοῖν</span> <span class='ocrx_word' id='word_1_261' title='bbox 1024 2027 1403 2104; x_wconf 75' lang='grc' dir='ltr'>μετεσχηκὼς,</span> <span class='ocrx_word' id='word_1_262' title='bbox 1438 2027 1634 2099; x_wconf 80' lang='grc' dir='ltr'>ἀρετῆς</span> <span class='ocrx_word' id='word_1_263' title='bbox 1683 2030 1775 2082; x_wconf 80' lang='grc' dir='ltr'>καὶ</span> <span class='ocrx_word' id='word_1_264' title='bbox 1818 2027 2004 2099; x_wconf 89' lang='grc' dir='ltr'>νόσου,</span> 
     </span>
    </p>
   </div>
   <div class='ocr_carea' id='block_1_38' title="bbox 352 2113 2006 2196">
    <p class='ocr_par' dir='ltr' id='par_1_38' title="bbox 352 2113 2006 2196">
     <span class='ocr_line' id='line_1_38' title="bbox 352 2113 2006 2196; baseline -0.01 -18"><span class='ocrx_word' id='word_1_265' title='bbox 352 2122 456 2178; x_wconf 84' lang='grc' dir='ltr'>ὑπὸ</span> <span class='ocrx_word' id='word_1_266' title='bbox 487 2127 583 2176; x_wconf 74' lang='grc' dir='ltr'>τοῦ</span> <span class='ocrx_word' id='word_1_267' title='bbox 613 2120 1027 2196; x_wconf 80' lang='grc' dir='ltr'>κατεπείγοντος</span> <span class='ocrx_word' id='word_1_268' title='bbox 1069 2113 1337 2183; x_wconf 76' lang='grc' dir='ltr'>θλίϐεται·</span> <span class='ocrx_word' id='word_1_269' title='bbox 1371 2115 1467 2171; x_wconf 78' lang='grc' dir='ltr'>κᾶν</span> <span class='ocrx_word' id='word_1_270' title='bbox 1505 2117 1581 2189; x_wconf 82' lang='grc' dir='ltr'>μή</span> <span class='ocrx_word' id='word_1_271' title='bbox 1631 2116 2006 2192; x_wconf 88' lang='grc' dir='ltr'>καταμεγαλο.</span> 
     </span>
    </p>
   </div>
   <div class='ocr_carea' id='block_1_39' title="bbox 348 2205 2007 2288">
    <p class='ocr_par' dir='ltr' id='par_1_39' title="bbox 348 2205 2007 2288">
     <span class='ocr_line' id='line_1_39' title="bbox 348 2205 2007 2288; baseline -0.004 -21"><span class='ocrx_word' id='word_1_272' title='bbox 348 2216 566 2288; x_wconf 66' lang='grc' dir='ltr'>φρονῶν</span> <span class='ocrx_word' id='word_1_273' title='bbox 594 2230 738 2286; x_wconf 77' lang='grc' dir='ltr'>τυχῃ</span> <span class='ocrx_word' id='word_1_274' title='bbox 769 2211 796 2264; x_wconf 90' lang='lat'>6</span> <span class='ocrx_word' id='word_1_275' title='bbox 833 2207 1063 2282; x_wconf 91' lang='grc' dir='ltr'>μηδέπω</span> <span class='ocrx_word' id='word_1_276' title='bbox 1093 2209 1193 2276; x_wconf 81' lang='grc' dir='ltr'>τήν</span> <span class='ocrx_word' id='word_1_277' title='bbox 1220 2205 1327 2280; x_wconf 68' lang='grc' dir='ltr'>ἕξιν</span> <span class='ocrx_word' id='word_1_278' title='bbox 1359 2213 1459 2276; x_wconf 85' lang='grc' dir='ltr'>τῆς</span> <span class='ocrx_word' id='word_1_279' title='bbox 1505 2206 1819 2282; x_wconf 78' lang='grc' dir='ltr'>ἐγκρατείας</span> <span class='ocrx_word' id='word_1_280' title='bbox 1851 2227 2007 2283; x_wconf 90' lang='grc' dir='ltr'>περι-</span> 
     </span>
    </p>
   </div>
   <div class='ocr_carea' id='block_1_40' title="bbox 346 2294 2008 2374">
    <p class='ocr_par' dir='ltr' id='par_1_40' title="bbox 346 2294 2008 2374">
     <span class='ocr_line' id='line_1_40' title="bbox 346 2294 2008 2374; baseline -0.003 -19"><span class='ocrx_word' id='word_1_281' title='bbox 346 2302 753 2372; x_wconf 82' lang='grc' dir='ltr'>ποιησάμενος,</span> <span class='ocrx_word' id='word_1_282' title='bbox 804 2296 1093 2370; x_wconf 76' lang='grc' dir='ltr'>ἐξίσταται,</span> <span class='ocrx_word' id='word_1_283' title='bbox 1122 2295 1245 2351; x_wconf 75' lang='grc' dir='ltr'>’ίσον</span> <span class='ocrx_word' id='word_1_284' title='bbox 1293 2317 1352 2351; x_wconf 91' lang='grc' dir='ltr'>τε</span> <span class='ocrx_word' id='word_1_285' title='bbox 1398 2294 1701 2370; x_wconf 76' lang='grc' dir='ltr'>εὑρίσκεται</span> <span class='ocrx_word' id='word_1_286' title='bbox 1751 2300 1830 2368; x_wconf 78' lang='grc' dir='ltr'>τῷ</span> <span class='ocrx_word' id='word_1_287' title='bbox 1877 2297 2008 2374; x_wconf 85' lang='grc' dir='ltr'>φεύ-</span> 
     </span>
    </p>
   </div>
   <div class='ocr_carea' id='block_1_41' title="bbox 344 2383 2006 2466">
    <p class='ocr_par' dir='ltr' id='par_1_41' title="bbox 344 2383 2006 2466">
     <span class='ocr_line' id='line_1_41' title="bbox 344 2383 2006 2466; baseline -0.003 -20"><span class='ocrx_word' id='word_1_288' title='bbox 344 2413 458 2466; x_wconf 91' lang='grc' dir='ltr'>γειν</span> <span class='ocrx_word' id='word_1_289' title='bbox 490 2390 554 2446; x_wconf 85' lang='grc' dir='ltr'>τὸ</span> <span class='ocrx_word' id='word_1_290' title='bbox 589 2391 665 2463; x_wconf 78' lang='grc' dir='ltr'>μή</span> <span class='ocrx_word' id='word_1_291' title='bbox 700 2388 762 2443; x_wconf 83' lang='grc' dir='ltr'>οὐ</span> <span class='ocrx_word' id='word_1_292' title='bbox 793 2389 1105 2461; x_wconf 85' lang='grc' dir='ltr'>ὑπομεῖναι.</span> <span class='ocrx_word' id='word_1_293' title='bbox 1139 2388 1196 2442; x_wconf 81' lang='lat'>&#39;0</span> <span class='ocrx_word' id='word_1_294' title='bbox 1228 2385 1285 2441; x_wconf 68' lang='grc' dir='ltr'>δὲ</span> <span class='ocrx_word' id='word_1_295' title='bbox 1326 2385 1486 2448; x_wconf 80' lang='grc' dir='ltr'>αὐτὸς</span> <span class='ocrx_word' id='word_1_296' title='bbox 1521 2383 1689 2460; x_wconf 90' lang='grc' dir='ltr'>λόγος</span> <span class='ocrx_word' id='word_1_297' title='bbox 1733 2386 1826 2440; x_wconf 79' lang='grc' dir='ltr'>καὶ</span> <span class='ocrx_word' id='word_1_298' title='bbox 1880 2387 2006 2462; x_wconf 81' lang='grc' dir='ltr'>περὶ</span> 
     </span>
    </p>
   </div>
   <div class='ocr_carea' id='block_1_42' title="bbox 342 2473 2004 2550">
    <p class='ocr_par' dir='ltr' id='par_1_42' title="bbox 342 2473 2004 2550">
     <span class='ocr_line' id='line_1_42' title="bbox 342 2473 2004 2550; baseline -0.005 -14"><span class='ocrx_word' id='word_1_299' title='bbox 342 2479 550 2542; x_wconf 53' lang='grc' dir='ltr'>πενίας</span> <span class='ocrx_word' id='word_1_300' title='bbox 586 2479 698 2534; x_wconf 82' lang='grc' dir='ltr'>ἐπεὶ</span> <span class='ocrx_word' id='word_1_301' title='bbox 732 2480 821 2532; x_wconf 81' lang='grc' dir='ltr'>καὶ</span> <span class='ocrx_word' id='word_1_302' title='bbox 872 2477 1007 2544; x_wconf 83' lang='grc' dir='ltr'>αὐτή</span> <span class='ocrx_word' id='word_1_303' title='bbox 1065 2481 1174 2530; x_wconf 80' lang='grc' dir='ltr'>τῶν</span> <span class='ocrx_word' id='word_1_304' title='bbox 1225 2475 1556 2550; x_wconf 81' lang='grc' dir='ltr'>ἀναγκαίων,</span> <span class='ocrx_word' id='word_1_305' title='bbox 1589 2477 1689 2539; x_wconf 80' lang='grc' dir='ltr'>τῆς</span> <span class='ocrx_word' id='word_1_306' title='bbox 1751 2473 2004 2548; x_wconf 84' lang='grc' dir='ltr'>Θεωρίας,</span> 
     </span>
    </p>
   </div>
   <div class='ocr_carea' id='block_1_43' title="bbox 345 2561 2000 2646">
    <p class='ocr_par' dir='ltr' id='par_1_43' title="bbox 345 2561 2000 2646">
     <span class='ocr_line' id='line_1_43' title="bbox 345 2561 2000 2646; baseline -0.007 -20"><span class='ocrx_word' id='word_1_307' title='bbox 345 2570 516 2646; x_wconf 88' lang='grc' dir='ltr'>λέγω,</span> <span class='ocrx_word' id='word_1_308' title='bbox 577 2569 668 2624; x_wconf 80' lang='grc' dir='ltr'>καὶ</span> <span class='ocrx_word' id='word_1_309' title='bbox 721 2568 820 2635; x_wconf 73' lang='grc' dir='ltr'>τὴς</span> <span class='ocrx_word' id='word_1_310' title='bbox 879 2571 1119 2637; x_wconf 80' lang='grc' dir='ltr'>καθαρᾶς</span> <span class='ocrx_word' id='word_1_311' title='bbox 1174 2563 1605 2640; x_wconf 84' lang='grc' dir='ltr'>ἀναμαρτησίας,</span> <span class='ocrx_word' id='word_1_312' title='bbox 1659 2561 2000 2638; x_wconf 82' lang='grc' dir='ltr'>ἀπασχολεῖν</span> 
     </span>
    </p>
   </div>
   <div class='ocr_carea' id='block_1_44' title="bbox 350 2647 2002 2736">
    <p class='ocr_par' dir='ltr' id='par_1_44' title="bbox 350 2647 2002 2736">
     <span class='ocr_line' id='line_1_44' title="bbox 350 2647 2002 2736; baseline -0.005 -21"><span class='ocrx_word' id='word_1_313' title='bbox 350 2661 590 2736; x_wconf 85' lang='grc' dir='ltr'>βιάζεται</span> <span class='ocrx_word' id='word_1_314' title='bbox 621 2659 721 2727; x_wconf 81' lang='grc' dir='ltr'>τήν</span> <span class='ocrx_word' id='word_1_315' title='bbox 753 2656 964 2732; x_wconf 76' lang='grc' dir='ltr'>ψυχὴν,</span> <span class='ocrx_word' id='word_1_316' title='bbox 997 2654 1122 2729; x_wconf 82' lang='grc' dir='ltr'>περὶ</span> <span class='ocrx_word' id='word_1_317' title='bbox 1163 2653 1294 2716; x_wconf 83' lang='grc' dir='ltr'>τοὺς</span> <span class='ocrx_word' id='word_1_318' title='bbox 1344 2651 1652 2728; x_wconf 82' lang='grc' dir='ltr'>πορισμοὺς</span> <span class='ocrx_word' id='word_1_319' title='bbox 1704 2647 2002 2728; x_wconf 75' lang='grc' dir='ltr'>διατρίϐειν</span> 
     </span>
    </p>
   </div>
   <div class='ocr_carea' id='block_1_45' title="bbox 347 2740 2003 2824">
    <p class='ocr_par' dir='ltr' id='par_1_45' title="bbox 347 2740 2003 2824">
     <span class='ocr_line' id='line_1_45' title="bbox 347 2740 2003 2824; baseline -0.005 -20"><span class='ocrx_word' id='word_1_320' title='bbox 347 2750 745 2824; x_wconf 76' lang='grc' dir='ltr'>ἀναγκάζουσα,</span> <span class='ocrx_word' id='word_1_321' title='bbox 776 2746 868 2800; x_wconf 87' lang='grc' dir='ltr'>τὸν</span> <span class='ocrx_word' id='word_1_322' title='bbox 909 2745 983 2818; x_wconf 82' lang='grc' dir='ltr'>μή</span> <span class='ocrx_word' id='word_1_323' title='bbox 1017 2741 1148 2798; x_wconf 75' lang='grc' dir='ltr'>ὅλον</span> <span class='ocrx_word' id='word_1_324' title='bbox 1195 2743 1383 2798; x_wconf 69' lang='grc' dir='ltr'>ἑαυτὸν</span> <span class='ocrx_word' id='word_1_325' title='bbox 1435 2740 1506 2797; x_wconf 83' lang='grc' dir='ltr'>δι’</span> <span class='ocrx_word' id='word_1_326' title='bbox 1557 2740 1774 2817; x_wconf 81' lang='grc' dir='ltr'>ἀγάπης</span> <span class='ocrx_word' id='word_1_327' title='bbox 1814 2740 2003 2796; x_wconf 86' lang='grc' dir='ltr'>ἀνατε-</span> 
     </span>
    </p>
   </div>
   <div class='ocr_carea' id='block_1_46' title="bbox 346 2829 1998 2909">
    <p class='ocr_par' dir='ltr' id='par_1_46' title="bbox 346 2829 1998 2909">
     <span class='ocr_line' id='line_1_46' title="bbox 346 2829 1998 2909; baseline -0.006 -15"><span class='ocrx_word' id='word_1_328' title='bbox 346 2839 562 2903; x_wconf 85' lang='grc' dir='ltr'>θεικότα</span> <span class='ocrx_word' id='word_1_329' title='bbox 617 2841 697 2908; x_wconf 80' lang='grc' dir='ltr'>τῷ</span> <span class='ocrx_word' id='word_1_330' title='bbox 755 2840 892 2908; x_wconf 75' lang='grc' dir='ltr'>Θεῷ·</span> <span class='ocrx_word' id='word_1_331' title='bbox 928 2833 1111 2909; x_wconf 83' lang='grc' dir='ltr'>ὥσπερ</span> <span class='ocrx_word' id='word_1_332' title='bbox 1143 2829 1382 2906; x_wconf 81' lang='grc' dir='ltr'>ἔμπαλιν</span> <span class='ocrx_word' id='word_1_333' title='bbox 1431 2831 1466 2900; x_wconf 77' lang='grc' dir='ltr'><strong>ἤ</strong></span> <span class='ocrx_word' id='word_1_334' title='bbox 1516 2852 1574 2886; x_wconf 91' lang='grc' dir='ltr'>τε</span> <span class='ocrx_word' id='word_1_335' title='bbox 1635 2829 1805 2907; x_wconf 87' lang='grc' dir='ltr'>ὑγίεια</span> <span class='ocrx_word' id='word_1_336' title='bbox 1843 2830 1933 2885; x_wconf 87' lang='grc' dir='ltr'>καὶ</span> <span class='ocrx_word' id='word_1_337' title='bbox 1963 2832 1998 2900; x_wconf 73' lang='grc' dir='ltr'>ἡ</span> 
     </span>
    </p>
   </div>
   <div class='ocr_carea' id='block_1_47' title="bbox 340 2917 2000 3001">
    <p class='ocr_par' dir='ltr' id='par_1_47' title="bbox 340 2917 2000 3001">
     <span class='ocr_line' id='line_1_47' title="bbox 340 2917 2000 3001; baseline -0.005 -17"><span class='ocrx_word' id='word_1_338' title='bbox 340 2933 448 2984; x_wconf 82' lang='grc' dir='ltr'>τῶν</span> <span class='ocrx_word' id='word_1_339' title='bbox 479 2924 800 2998; x_wconf 75' lang='grc' dir='ltr'>ἐπιτηδείων</span> <span class='ocrx_word' id='word_1_340' title='bbox 845 2922 1072 3001; x_wconf 79' lang='grc' dir='ltr'>ἀφθονία</span> <span class='ocrx_word' id='word_1_341' title='bbox 1121 2920 1408 2996; x_wconf 75' lang='grc' dir='ltr'>ἐλευθέραν</span> <span class='ocrx_word' id='word_1_342' title='bbox 1459 2919 1550 2976; x_wconf 84' lang='grc' dir='ltr'>καὶ</span> <span class='ocrx_word' id='word_1_343' title='bbox 1601 2917 2000 2994; x_wconf 84' lang='grc' dir='ltr'>ἀνεμπόδιστον</span> 
     </span>
    </p>
   </div>
   <div class='ocr_carea' id='block_1_48' title="bbox 341 3009 2000 3097">
    <p class='ocr_par' dir='ltr' id='par_1_48' title="bbox 341 3009 2000 3097">
     <span class='ocr_line' id='line_1_48' title="bbox 341 3009 2000 3097; baseline -0.006 -25"><span class='ocrx_word' id='word_1_344' title='bbox 341 3015 603 3097; x_wconf 82' lang='grc' dir='ltr'>φυλάσσει</span> <span class='ocrx_word' id='word_1_345' title='bbox 632 3016 732 3084; x_wconf 77' lang='grc' dir='ltr'>τήν</span> <span class='ocrx_word' id='word_1_346' title='bbox 765 3015 973 3088; x_wconf 73' lang='grc' dir='ltr'>ψυχὴν,</span> <span class='ocrx_word' id='word_1_347' title='bbox 1010 3012 1100 3068; x_wconf 90' lang='grc' dir='ltr'>καὶ</span> <span class='ocrx_word' id='word_1_348' title='bbox 1151 3009 1207 3066; x_wconf 77' lang='grc' dir='ltr'>εὗ</span> <span class='ocrx_word' id='word_1_349' title='bbox 1257 3013 1496 3086; x_wconf 81' lang='grc' dir='ltr'>χρῆσθαι</span> <span class='ocrx_word' id='word_1_350' title='bbox 1537 3012 1650 3084; x_wconf 86' lang='grc'>(43)</span> <span class='ocrx_word' id='word_1_351' title='bbox 1680 3015 1800 3072; x_wconf 90' lang='grc' dir='ltr'>τοῖς</span> <span class='ocrx_word' id='word_1_352' title='bbox 1857 3029 2000 3084; x_wconf 87' lang='grc' dir='ltr'>παρ-</span> 
     </span>
    </p>
   </div>
   <div class='ocr_carea' id='block_1_49' title="bbox 339 3097 2002 3182">
    <p class='ocr_par' dir='ltr' id='par_1_49' title="bbox 339 3097 2002 3182">
     <span class='ocr_line' id='line_1_49' title="bbox 339 3097 2002 3182; baseline -0.007 -19"><span class='ocrx_word' id='word_1_353' title='bbox 339 3112 457 3163; x_wconf 78' lang='grc' dir='ltr'>οῦσι</span> <span class='ocrx_word' id='word_1_354' title='bbox 497 3107 886 3182; x_wconf 71' lang='grc' dir='ltr'>γινώσκουσαν·</span> <span class='ocrx_word' id='word_1_355' title='bbox 943 3127 969 3155; x_wconf 87' lang='grc'>‹‹</span> <span class='ocrx_word' id='word_1_356' title='bbox 1003 3101 1198 3176; x_wconf 84' lang='grc' dir='ltr'>Θλίψιν</span> <span class='ocrx_word' id='word_1_357' title='bbox 1255 3101 1364 3174; x_wconf 86' lang='grc'>(4-4)</span> <span class='ocrx_word' id='word_1_358' title='bbox 1406 3101 1532 3177; x_wconf 80' lang='grc' dir='ltr'>γὰρ,</span> <span class='ocrx_word' id='word_1_359' title='bbox 1579 3097 1743 3174; x_wconf 77' lang='grc' dir='ltr'>φησὶν</span> <span class='ocrx_word' id='word_1_360' title='bbox 1774 3099 1802 3153; x_wconf 84' lang='lat'>6</span> <span class='ocrx_word' id='word_1_361' title='bbox 1834 3097 2002 3155; x_wconf 82' lang='grc' dir='ltr'>Ἀπό-</span> 
     </span>
    </p>
   </div>
   <div class='ocr_carea' id='block_1_50' title="bbox 338 3186 1993 3270">
    <p class='ocr_par' dir='ltr' id='par_1_50' title="bbox 338 3186 1993 3270">
     <span class='ocr_line' id='line_1_50' title="bbox 338 3186 1993 3270; baseline -0.007 -17"><span class='ocrx_word' id='word_1_362' title='bbox 338 3197 555 3266; x_wconf 91' lang='grc' dir='ltr'>στολος,</span> <span class='ocrx_word' id='word_1_363' title='bbox 586 3199 656 3270; x_wconf 76' lang='grc' dir='ltr'>τῇ</span> <span class='ocrx_word' id='word_1_364' title='bbox 707 3193 863 3269; x_wconf 85' lang='grc' dir='ltr'>σαρκὶ</span> <span class='ocrx_word' id='word_1_365' title='bbox 892 3191 1102 3266; x_wconf 71' lang='grc' dir='ltr'>ἕξουσιν</span> <span class='ocrx_word' id='word_1_366' title='bbox 1155 3191 1206 3246; x_wconf 81' lang='grc' dir='ltr'>οἱ</span> <span class='ocrx_word' id='word_1_367' title='bbox 1259 3194 1524 3248; x_wconf 76' lang='grc' dir='ltr'>τοιοῦτοι.</span> <span class='ocrx_word' id='word_1_368' title='bbox 1577 3189 1718 3264; x_wconf 80' lang='grc' dir='ltr'>Ἐγὼ</span> <span class='ocrx_word' id='word_1_369' title='bbox 1751 3186 1808 3244; x_wconf 72' lang='grc' dir='ltr'>δὲ</span> <span class='ocrx_word' id='word_1_370' title='bbox 1841 3189 1993 3261; x_wconf 81' lang='grc' dir='ltr'>ὑμῶν</span> 
     </span>
    </p>
   </div>
   <div class='ocr_carea' id='block_1_51' title="bbox 338 3278 1994 3367">
    <p class='ocr_par' dir='ltr' id='par_1_51' title="bbox 338 3278 1994 3367">
     <span class='ocr_line' id='line_1_51' title="bbox 338 3278 1994 3367; baseline -0.007 -24"><span class='ocrx_word' id='word_1_371' title='bbox 338 3285 622 3367; x_wconf 82' lang='grc' dir='ltr'>φείδομαι’</span> <span class='ocrx_word' id='word_1_372' title='bbox 655 3284 800 3340; x_wconf 89' lang='grc' dir='ltr'>θέλω</span> <span class='ocrx_word' id='word_1_373' title='bbox 829 3283 931 3359; x_wconf 73' lang='grc' dir='ltr'>γὰρ</span> <span class='ocrx_word' id='word_1_374' title='bbox 978 3282 1119 3355; x_wconf 81' lang='grc' dir='ltr'>ὑμᾶς</span> <span class='ocrx_word' id='word_1_375' title='bbox 1175 3279 1511 3354; x_wconf 85' lang='grc' dir='ltr'>ἀμερίμνους</span> <span class='ocrx_word' id='word_1_376' title='bbox 1571 3281 1709 3334; x_wconf 79' lang='grc' dir='ltr'>εἶναι</span> <span class='ocrx_word' id='word_1_377' title='bbox 1768 3279 1903 3350; x_wconf 84' lang='grc' dir='ltr'>πρὸς</span> <span class='ocrx_word' id='word_1_378' title='bbox 1931 3278 1994 3332; x_wconf 90' lang='grc' dir='ltr'>τὸ</span> 
     </span>
    </p>
   </div>
   <div class='ocr_carea' id='block_1_52' title="bbox 339 3369 1988 3454">
    <p class='ocr_par' dir='ltr' id='par_1_52' title="bbox 339 3369 1988 3454">
     <span class='ocr_line' id='line_1_52' title="bbox 339 3369 1988 3454; baseline -0.008 -19"><span class='ocrx_word' id='word_1_379' title='bbox 339 3378 624 3454; x_wconf 68' lang='grc' dir='ltr'>εὔσχημον</span> <span class='ocrx_word' id='word_1_380' title='bbox 655 3375 745 3432; x_wconf 83' lang='grc' dir='ltr'>καὶ</span> <span class='ocrx_word' id='word_1_381' title='bbox 778 3370 1109 3450; x_wconf 68' lang='grc' dir='ltr'>εὐπάρεδρον</span> <span class='ocrx_word' id='word_1_382' title='bbox 1159 3376 1238 3444; x_wconf 81' lang='grc' dir='ltr'>τῷ</span> <span class='ocrx_word' id='word_1_383' title='bbox 1267 3371 1456 3444; x_wconf 87' lang='grc' dir='ltr'>Κυρίῳ</span> <span class='ocrx_word' id='word_1_384' title='bbox 1485 3369 1924 3445; x_wconf 89' lang='grc' dir='ltr'>ἀπερισπάστως.</span> <span class='ocrx_word' id='word_1_385' title='bbox 1960 3393 1988 3422; x_wconf 86' lang='grc'><strong>››</strong></span> 
     </span>
    </p>
   </div>
   <div class='ocr_carea' id='block_1_53' title="bbox 338 3456 1992 3532">
    <p class='ocr_par' dir='ltr' id='par_1_53' title="bbox 338 3456 1992 3532">
     <span class='ocr_line' id='line_1_53' title="bbox 338 3456 1992 3532; baseline -0.007 -7"><span class='ocrx_word' id='word_1_386' title='bbox 338 3469 559 3525; x_wconf 81' lang='grc' dir='ltr'>Τούτῶν</span> <span class='ocrx_word' id='word_1_387' title='bbox 586 3467 677 3522; x_wconf 78' lang='grc' dir='ltr'>οὖν</span> <span class='ocrx_word' id='word_1_388' title='bbox 703 3464 982 3520; x_wconf 84' lang='grc' dir='ltr'>ἀνθεκτέον</span> <span class='ocrx_word' id='word_1_389' title='bbox 1017 3460 1078 3517; x_wconf 78' lang='grc' dir='ltr'>οὐ</span> <span class='ocrx_word' id='word_1_390' title='bbox 1112 3459 1184 3516; x_wconf 75' lang='grc' dir='ltr'>δι’</span> <span class='ocrx_word' id='word_1_391' title='bbox 1225 3459 1380 3532; x_wconf 75' lang='grc' dir='ltr'>αὐτὰ,</span> <span class='ocrx_word' id='word_1_392' title='bbox 1433 3458 1577 3515; x_wconf 87' lang='grc' dir='ltr'>ἀλλά</span> <span class='ocrx_word' id='word_1_393' title='bbox 1602 3456 1690 3514; x_wconf 78' lang='grc' dir='ltr'>διὰ</span> <span class='ocrx_word' id='word_1_394' title='bbox 1718 3459 1782 3514; x_wconf 85' lang='grc' dir='ltr'>τὸ</span> <span class='ocrx_word' id='word_1_395' title='bbox 1815 3462 1992 3532; x_wconf 81' lang='grc' dir='ltr'>σῶμα·</span> 
     </span>
    </p>
   </div>
   <div class='ocr_carea' id='block_1_54' title="bbox 337 3548 1994 3629">
    <p class='ocr_par' dir='ltr' id='par_1_54' title="bbox 337 3548 1994 3629">
     <span class='ocr_line' id='line_1_54' title="bbox 337 3548 1994 3629; baseline -0.007 -15"><span class='ocrx_word' id='word_1_396' title='bbox 337 3561 374 3629; x_wconf 75' lang='grc' dir='ltr'><strong>ἡ</strong></span> <span class='ocrx_word' id='word_1_397' title='bbox 409 3556 467 3614; x_wconf 79' lang='grc' dir='ltr'>δὶ</span> <span class='ocrx_word' id='word_1_398' title='bbox 493 3561 593 3613; x_wconf 80' lang='grc' dir='ltr'>τοῦ</span> <span class='ocrx_word' id='word_1_399' title='bbox 623 3556 878 3628; x_wconf 76' lang='grc' dir='ltr'>σώματος</span> <span class='ocrx_word' id='word_1_400' title='bbox 921 3551 1208 3624; x_wconf 75' lang='grc' dir='ltr'>ἐπιμέλεια</span> <span class='ocrx_word' id='word_1_401' title='bbox 1252 3548 1341 3605; x_wconf 81' lang='grc' dir='ltr'>διὰ</span> <span class='ocrx_word' id='word_1_402' title='bbox 1395 3550 1496 3617; x_wconf 75' lang='grc' dir='ltr'>τὴν</span> <span class='ocrx_word' id='word_1_403' title='bbox 1525 3550 1712 3625; x_wconf 77' lang='grc' dir='ltr'>ψυχὴν</span> <span class='ocrx_word' id='word_1_404' title='bbox 1770 3549 1994 3624; x_wconf 88' lang='grc' dir='ltr'>γίνεται,</span> 
     </span>
    </p>
   </div>
   <div class='ocr_carea' id='block_1_55' title="bbox 341 3638 1996 3727">
    <p class='ocr_par' dir='ltr' id='par_1_55' title="bbox 341 3638 1996 3727">
     <span class='ocr_line' id='line_1_55' title="bbox 341 3638 1996 3727; baseline -0.008 -22"><span class='ocrx_word' id='word_1_405' title='bbox 341 3648 424 3727; x_wconf 86' lang='grc' dir='ltr'>ἐφ’</span> <span class='ocrx_word' id='word_1_406' title='bbox 452 3647 520 3718; x_wconf 74' lang='grc' dir='ltr'>ἢν</span> <span class='ocrx_word' id='word_1_407' title='bbox 551 3649 586 3716; x_wconf 87' lang='grc' dir='ltr'><strong>ἡ</strong></span> <span class='ocrx_word' id='word_1_408' title='bbox 620 3644 884 3722; x_wconf 78' lang='grc' dir='ltr'>ἀναφορά.</span> <span class='ocrx_word' id='word_1_409' title='bbox 921 3643 1008 3699; x_wconf 86' lang='lat' dir='ltr'>’Ev</span> <span class='ocrx_word' id='word_1_410' title='bbox 1039 3640 1209 3716; x_wconf 79' lang='grc' dir='ltr'>ταύτῃ</span> <span class='ocrx_word' id='word_1_411' title='bbox 1241 3640 1345 3716; x_wconf 80' lang='grc' dir='ltr'>γὰρ</span> <span class='ocrx_word' id='word_1_412' title='bbox 1399 3643 1587 3713; x_wconf 82' lang='grc' dir='ltr'>μαθεῖν</span> <span class='ocrx_word' id='word_1_413' title='bbox 1639 3638 1851 3714; x_wconf 82' lang='grc' dir='ltr'>ἀνάγκη</span> <span class='ocrx_word' id='word_1_414' title='bbox 1900 3639 1996 3727; x_wconf 72' lang='grc' dir='ltr'>τὸν</span> 
     </span>
    </p>
   </div>
   <div class='ocr_carea' id='block_1_56' title="bbox 339 3723 1999 3815">
    <p class='ocr_par' dir='ltr' id='par_1_56' title="bbox 339 3723 1999 3815">
     <span class='ocr_line' id='line_1_56' title="bbox 339 3723 1999 3815; baseline -0.007 -22"><span class='ocrx_word' id='word_1_415' title='bbox 339 3723 658 3815; x_wconf 73' lang='grc' dir='ltr'>γνωπικῶς</span> <span class='ocrx_word' id='word_1_416' title='bbox 696 3731 1121 3804; x_wconf 90' lang='grc' dir='ltr'>πολιτευόμενον</span> <span class='ocrx_word' id='word_1_417' title='bbox 1179 3730 1246 3784; x_wconf 74' lang='grc' dir='ltr'>τὰ</span> <span class='ocrx_word' id='word_1_418' title='bbox 1302 3730 1666 3803; x_wconf 74' lang='grc' dir='ltr'>προσήκοντα·</span> <span class='ocrx_word' id='word_1_419' title='bbox 1701 3727 1816 3782; x_wconf 84' lang='grc' dir='ltr'>ἐπεὶ</span> <span class='ocrx_word' id='word_1_420' title='bbox 1847 3723 1909 3782; x_wconf 84' lang='grc' dir='ltr'>τό</span> <span class='ocrx_word' id='word_1_421' title='bbox 1939 3748 1999 3803; x_wconf 91' lang='grc' dir='ltr'>γε</span> 
     </span>
    </p>
   </div>
   <div class='ocr_carea' id='block_1_57' title="bbox 339 3815 1998 3902">
    <p class='ocr_par' dir='ltr' id='par_1_57' title="bbox 339 3815 1998 3902">
     <span class='ocr_line' id='line_1_57' title="bbox 339 3815 1998 3902; baseline -0.007 -19"><span class='ocrx_word' id='word_1_422' title='bbox 339 3830 418 3902; x_wconf 76' lang='grc' dir='ltr'>μὴ</span> <span class='ocrx_word' id='word_1_423' title='bbox 479 3829 614 3882; x_wconf 78' lang='grc' dir='ltr'>εἶναι</span> <span class='ocrx_word' id='word_1_424' title='bbox 671 3825 772 3893; x_wconf 75' lang='grc' dir='ltr'>τήν</span> <span class='ocrx_word' id='word_1_425' title='bbox 828 3819 1035 3893; x_wconf 75' lang='grc' dir='ltr'>ἡδονὴν</span> <span class='ocrx_word' id='word_1_426' title='bbox 1094 3820 1291 3897; x_wconf 84' lang='grc' dir='ltr'>ἀγαθὸν</span> <span class='ocrx_word' id='word_1_427' title='bbox 1355 3816 1739 3892; x_wconf 83' lang='grc' dir='ltr'>ὡμολόγηται,</span> <span class='ocrx_word' id='word_1_428' title='bbox 1789 3815 1850 3872; x_wconf 80' lang='grc' dir='ltr'>ἐκ</span> <span class='ocrx_word' id='word_1_429' title='bbox 1899 3821 1998 3872; x_wconf 79' lang='grc' dir='ltr'>τοῦ</span> 
     </span>
    </p>
   </div>
   <div class='ocr_carea' id='block_1_58' title="bbox 336 3907 1999 3985">
    <p class='ocr_par' dir='ltr' id='par_1_58' title="bbox 336 3907 1999 3985">
     <span class='ocr_line' id='line_1_58' title="bbox 336 3907 1999 3985; baseline -0.007 -12"><span class='ocrx_word' id='word_1_430' title='bbox 336 3917 508 3980; x_wconf 73' lang='grc' dir='ltr'>κακὰς</span> <span class='ocrx_word' id='word_1_431' title='bbox 540 3913 674 3971; x_wconf 78' lang='grc' dir='ltr'>εἶναί</span> <span class='ocrx_word' id='word_1_432' title='bbox 702 3934 853 3975; x_wconf 91' lang='grc' dir='ltr'>τινας</span> <span class='ocrx_word' id='word_1_433' title='bbox 911 3910 1134 3981; x_wconf 78' lang='grc' dir='ltr'>ἡδονάς·</span> <span class='ocrx_word' id='word_1_434' title='bbox 1191 3909 1372 3980; x_wconf 88' lang='grc' dir='ltr'>τούτῳ</span> <span class='ocrx_word' id='word_1_435' title='bbox 1422 3912 1506 3980; x_wconf 80' lang='grc' dir='ltr'>τῷ</span> <span class='ocrx_word' id='word_1_436' title='bbox 1565 3907 1715 3983; x_wconf 86' lang='grc' dir='ltr'>λόγῳ</span> <span class='ocrx_word' id='word_1_437' title='bbox 1769 3907 1999 3985; x_wconf 83' lang='grc' dir='ltr'>ἀναφαί-</span> 
     </span>
    </p>
   </div>
   <div class='ocr_carea' id='block_1_59' title="bbox 332 3992 1998 4080">
    <p class='ocr_par' dir='ltr' id='par_1_59' title="bbox 332 3992 1998 4080">
     <span class='ocr_line' id='line_1_59' title="bbox 332 3992 1998 4080; baseline -0.008 -18"><span class='ocrx_word' id='word_1_438' title='bbox 332 4026 481 4062; x_wconf 88' lang='grc' dir='ltr'>νεται</span> <span class='ocrx_word' id='word_1_439' title='bbox 511 4006 572 4061; x_wconf 88' lang='grc' dir='ltr'>τὸ</span> <span class='ocrx_word' id='word_1_440' title='bbox 605 4005 802 4080; x_wconf 82' lang='grc' dir='ltr'>ἀγαθὸν</span> <span class='ocrx_word' id='word_1_441' title='bbox 834 4001 1019 4072; x_wconf 82' lang='grc' dir='ltr'>κακὸν,</span> <span class='ocrx_word' id='word_1_442' title='bbox 1050 3999 1140 4054; x_wconf 88' lang='grc' dir='ltr'>καὶ</span> <span class='ocrx_word' id='word_1_443' title='bbox 1191 3999 1255 4054; x_wconf 87' lang='grc' dir='ltr'>τὸ</span> <span class='ocrx_word' id='word_1_444' title='bbox 1285 3997 1451 4052; x_wconf 83' lang='grc' dir='ltr'>κακὸν</span> <span class='ocrx_word' id='word_1_445' title='bbox 1501 3992 1722 4072; x_wconf 76' lang='grc' dir='ltr'>ἀγαθόν.</span> <span class='ocrx_word' id='word_1_446' title='bbox 1776 3997 1998 4052; x_wconf 92' lang='grc' dir='ltr'>Ἐπειτα</span> 
     </span>
    </p>
   </div>
   <div class='ocr_carea' id='block_1_60' title="bbox 333 4082 1998 4165">
    <p class='ocr_par' dir='ltr' id='par_1_60' title="bbox 333 4082 1998 4165">
     <span class='ocr_line' id='line_1_60' title="bbox 333 4082 1998 4165; baseline -0.008 -13"><span class='ocrx_word' id='word_1_447' title='bbox 333 4094 414 4164; x_wconf 73' lang='grc' dir='ltr'>δὲ,</span> <span class='ocrx_word' id='word_1_448' title='bbox 475 4095 521 4151; x_wconf 80' lang='grc' dir='ltr'>εἰ</span> <span class='ocrx_word' id='word_1_449' title='bbox 576 4093 728 4156; x_wconf 76' lang='grc' dir='ltr'>τινὰς</span> <span class='ocrx_word' id='word_1_450' title='bbox 763 4092 858 4165; x_wconf 71' lang='grc' dir='ltr'>μὲν</span> <span class='ocrx_word' id='word_1_451' title='bbox 909 4087 1214 4164; x_wconf 74' lang='grc' dir='ltr'>αἱρούμεθα</span> <span class='ocrx_word' id='word_1_452' title='bbox 1269 4090 1379 4142; x_wconf 82' lang='grc' dir='ltr'>τῶν</span> <span class='ocrx_word' id='word_1_453' title='bbox 1434 4082 1676 4155; x_wconf 78' lang='grc' dir='ltr'>ἡδονῶν,</span> <span class='ocrx_word' id='word_1_454' title='bbox 1735 4085 1887 4147; x_wconf 79' lang='grc' dir='ltr'>τινὰς</span> <span class='ocrx_word' id='word_1_455' title='bbox 1940 4082 1998 4139; x_wconf 82' lang='grc' dir='ltr'>δὲ</span> 
     </span>
    </p>
   </div>
   <div class='ocr_carea' id='block_1_61' title="bbox 333 4171 1996 4263">
    <p class='ocr_par' dir='ltr' id='par_1_61' title="bbox 333 4171 1996 4263">
     <span class='ocr_line' id='line_1_61' title="bbox 333 4171 1996 4263; baseline -0.008 -22"><span class='ocrx_word' id='word_1_456' title='bbox 333 4184 642 4263; x_wconf 75' lang='grc' dir='ltr'>φεύγομεν,</span> <span class='ocrx_word' id='word_1_457' title='bbox 695 4180 757 4237; x_wconf 83' lang='grc' dir='ltr'>ού</span> <span class='ocrx_word' id='word_1_458' title='bbox 813 4184 959 4234; x_wconf 83' lang='grc' dir='ltr'>πᾶσα</span> <span class='ocrx_word' id='word_1_459' title='bbox 1001 4173 1177 4246; x_wconf 77' lang='grc' dir='ltr'>ἡδονὴ</span> <span class='ocrx_word' id='word_1_460' title='bbox 1232 4172 1449 4251; x_wconf 83' lang='grc' dir='ltr'>ἀγαθόν.</span> <span class='ocrx_word' id='word_1_461' title='bbox 1507 4172 1758 4263; x_wconf 13' lang='grc' dir='ltr'>Ὁμοίως,</span> <span class='ocrx_word' id='word_1_462' title='bbox 1807 4171 1878 4263; x_wconf 10' lang='grc' dir='ltr'>δέ,</span> <span class='ocrx_word' id='word_1_463' title='bbox 1905 4175 1996 4228; x_wconf 86' lang='grc' dir='ltr'>καὶ</span> 
     </span>
    </p>
   </div>
   <div class='ocr_carea' id='block_1_62' title="bbox 333 4261 1996 4347">
    <p class='ocr_par' dir='ltr' id='par_1_62' title="bbox 333 4261 1996 4347">
     <span class='ocr_line' id='line_1_62' title="bbox 333 4261 1996 4347; baseline -0.014 -16"><span class='ocrx_word' id='word_1_464' title='bbox 333 4261 424 4332; x_wconf 81' lang='grc' dir='ltr'>ἐπὶ</span> <span class='ocrx_word' id='word_1_465' title='bbox 457 4278 567 4329; x_wconf 80' lang='grc' dir='ltr'>τῶν</span> <span class='ocrx_word' id='word_1_466' title='bbox 600 4267 920 4347; x_wconf 86' lang='grc' dir='ltr'>ἀλγηδόνων</span> <span class='ocrx_word' id='word_1_467' title='bbox 953 4269 981 4322; x_wconf 86' lang='lat'>6</span> <span class='ocrx_word' id='word_1_468' title='bbox 1012 4265 1174 4327; x_wconf 77' lang='grc' dir='ltr'>αὐτὸς</span> <span class='ocrx_word' id='word_1_469' title='bbox 1235 4263 1423 4340; x_wconf 83' lang='grc' dir='ltr'>λόγος,</span> <span class='ocrx_word' id='word_1_470' title='bbox 1456 4263 1529 4317; x_wconf 85' lang='grc' dir='ltr'>ὥν</span> <span class='ocrx_word' id='word_1_471' title='bbox 1561 4262 1656 4325; x_wconf 83' lang='grc' dir='ltr'>τὰς</span> <span class='ocrx_word' id='word_1_472' title='bbox 1711 4262 1804 4336; x_wconf 80' lang='grc' dir='ltr'>μὶν</span> <span class='ocrx_word' id='word_1_473' title='bbox 1860 4261 1996 4318; x_wconf 81' lang='grc' dir='ltr'>ὑπο-</span> 
     </span>
    </p>
   </div>
   <div class='ocr_carea' id='block_1_63' title="bbox 336 4350 1993 4440">
    <p class='ocr_par' dir='ltr' id='par_1_63' title="bbox 336 4350 1993 4440">
     <span class='ocr_line' id='line_1_63' title="bbox 336 4350 1993 4440; baseline -0.008 -21"><span class='ocrx_word' id='word_1_474' title='bbox 336 4365 596 4440; x_wconf 81' lang='grc' dir='ltr'>μένομεν,</span> <span class='ocrx_word' id='word_1_475' title='bbox 652 4363 749 4422; x_wconf 74' lang='grc' dir='ltr'>τὰς</span> <span class='ocrx_word' id='word_1_476' title='bbox 809 4357 867 4414; x_wconf 76' lang='grc' dir='ltr'>δὲ</span> <span class='ocrx_word' id='word_1_477' title='bbox 923 4356 1214 4433; x_wconf 79' lang='grc' dir='ltr'>φεύγομεν.</span> <span class='ocrx_word' id='word_1_478' title='bbox 1259 4355 1321 4408; x_wconf 85' lang='grc' dir='ltr'><strong><em>Ἦ</em></strong></span> <span class='ocrx_word' id='word_1_479' title='bbox 1353 4350 1410 4408; x_wconf 76' lang='grc' dir='ltr'>δὲ</span> <span class='ocrx_word' id='word_1_480' title='bbox 1441 4350 1645 4427; x_wconf 76' lang='grc' dir='ltr'>α’ίρεσις</span> <span class='ocrx_word' id='word_1_481' title='bbox 1703 4352 1792 4407; x_wconf 86' lang='grc' dir='ltr'>καὶ</span> <span class='ocrx_word' id='word_1_482' title='bbox 1850 4353 1993 4427; x_wconf 84' lang='grc' dir='ltr'>φυγή</span> 
     </span>
    </p>
   </div>
   <div class='ocr_carea' id='block_1_64' title="bbox 330 4441 1993 4524">
    <p class='ocr_par' dir='ltr' id='par_1_64' title="bbox 330 4441 1993 4524">
     <span class='ocr_line' id='line_1_64' title="bbox 330 4441 1993 4524; baseline -0.008 -14"><span class='ocrx_word' id='word_1_483' title='bbox 330 4454 451 4510; x_wconf 83' lang='grc' dir='ltr'>κατ’</span> <span class='ocrx_word' id='word_1_484' title='bbox 484 4453 794 4524; x_wconf 78' lang='grc' dir='ltr'>ἐπιστήμην</span> <span class='ocrx_word' id='word_1_485' title='bbox 848 4449 1074 4522; x_wconf 87' lang='grc' dir='ltr'>γίνεται·</span> <span class='ocrx_word' id='word_1_486' title='bbox 1135 4442 1275 4498; x_wconf 81' lang='grc' dir='ltr'>ὥστε</span> <span class='ocrx_word' id='word_1_487' title='bbox 1331 4443 1429 4511; x_wconf 78' lang='grc' dir='ltr'>τήν</span> <span class='ocrx_word' id='word_1_488' title='bbox 1484 4441 1794 4516; x_wconf 74' lang='grc' dir='ltr'>ἐπιστήμην</span> <span class='ocrx_word' id='word_1_489' title='bbox 1856 4441 1993 4497; x_wconf 82' lang='grc' dir='ltr'>εἶναι</span> 
     </span>
    </p>
   </div>
   <div class='ocr_carea' id='block_1_65' title="bbox 328 4529 1990 4619">
    <p class='ocr_par' dir='ltr' id='par_1_65' title="bbox 328 4529 1990 4619">
     <span class='ocr_line' id='line_1_65' title="bbox 328 4529 1990 4619; baseline -0.008 -20"><span class='ocrx_word' id='word_1_490' title='bbox 328 4542 394 4599; x_wconf 79' lang='grc' dir='ltr'>τὰ</span> <span class='ocrx_word' id='word_1_491' title='bbox 427 4543 648 4619; x_wconf 77' lang='grc' dir='ltr'>ἀγαθὸν,</span> <span class='ocrx_word' id='word_1_492' title='bbox 677 4539 740 4596; x_wconf 79' lang='grc' dir='ltr'>οὐ</span> <span class='ocrx_word' id='word_1_493' title='bbox 779 4540 878 4609; x_wconf 84' lang='grc' dir='ltr'>τήν</span> <span class='ocrx_word' id='word_1_494' title='bbox 931 4534 1160 4606; x_wconf 76' lang='grc' dir='ltr'>ἡδονὴν,</span> <span class='ocrx_word' id='word_1_495' title='bbox 1209 4533 1277 4588; x_wconf 86' lang='grc' dir='ltr'>δι’</span> <span class='ocrx_word' id='word_1_496' title='bbox 1333 4531 1400 4602; x_wconf 71' lang='grc' dir='ltr'>ἢν</span> <span class='ocrx_word' id='word_1_497' title='bbox 1448 4530 1591 4586; x_wconf 86' lang='grc' dir='ltr'>ἔστιν</span> <span class='ocrx_word' id='word_1_498' title='bbox 1652 4529 1742 4587; x_wconf 78' lang='grc' dir='ltr'>ὅτε</span> <span class='ocrx_word' id='word_1_499' title='bbox 1771 4531 1862 4587; x_wconf 83' lang='grc' dir='ltr'>καὶ</span> <span class='ocrx_word' id='word_1_500' title='bbox 1891 4533 1990 4601; x_wconf 81' lang='grc' dir='ltr'>τήν</span> 
     </span>
    </p>
   </div>
   <div class='ocr_carea' id='block_1_66' title="bbox 2114 1941 3776 2016">
    <p class='ocr_par' dir='ltr' id='par_1_66' title="bbox 2114 1941 3776 2016">
     <span class='ocr_line' id='line_1_66' title="bbox 2114 1941 3776 2016; baseline 0 -22"><span class='ocrx_word' id='word_1_501' title='bbox 2114 1941 2441 1998; x_wconf 85' lang='lat' dir='ltr'>virtus.Sed</span> <span class='ocrx_word' id='word_1_502' title='bbox 2459 1949 2655 1999; x_wconf 89' lang='lat' dir='ltr'>tamen</span> <span class='ocrx_word' id='word_1_503' title='bbox 2671 1944 2771 2016; x_wconf 92' lang='lat' dir='ltr'>qui</span> <span class='ocrx_word' id='word_1_504' title='bbox 2788 1948 2876 1999; x_wconf 91' lang='lat' dir='ltr'>est</span> <span class='ocrx_word' id='word_1_505' title='bbox 2889 1943 3202 2013; x_wconf 89' lang='lat' dir='ltr'>utriusque</span> <span class='ocrx_word' id='word_1_506' title='bbox 3217 1942 3513 2013; x_wconf 89' lang='lat' dir='ltr'>particeps</span> <span class='ocrx_word' id='word_1_507' title='bbox 3527 1947 3585 1996; x_wconf 91' lang='lat' dir='ltr'>et</span> <span class='ocrx_word' id='word_1_508' title='bbox 3600 1941 3776 1995; x_wconf 86' lang='lat' dir='ltr'>virtu-</span> 
     </span>
    </p>
   </div>
   <div class='ocr_carea' id='block_1_67' title="bbox 2115 2029 3776 2105">
    <p class='ocr_par' dir='ltr' id='par_1_67' title="bbox 2115 2029 3776 2105">
     <span class='ocr_line' id='line_1_67' title="bbox 2115 2029 3776 2105; baseline -0.001 -20"><span class='ocrx_word' id='word_1_509' title='bbox 2115 2029 2191 2085; x_wconf 88' lang='lat' dir='ltr'>tis</span> <span class='ocrx_word' id='word_1_510' title='bbox 2210 2031 2494 2101; x_wconf 89' lang='lat' dir='ltr'>etmorbi,</span> <span class='ocrx_word' id='word_1_511' title='bbox 2509 2033 2744 2105; x_wconf 87' lang='lat' dir='ltr'>urgenti</span> <span class='ocrx_word' id='word_1_512' title='bbox 2760 2033 2964 2088; x_wconf 91' lang='lat' dir='ltr'>dolore</span> <span class='ocrx_word' id='word_1_513' title='bbox 2978 2033 3303 2104; x_wconf 89' lang='lat' dir='ltr'>premitur;</span> <span class='ocrx_word' id='word_1_514' title='bbox 3325 2037 3383 2087; x_wconf 90' lang='lat' dir='ltr'>et</span> <span class='ocrx_word' id='word_1_515' title='bbox 3397 2031 3443 2086; x_wconf 91' lang='lat' dir='ltr'>si</span> <span class='ocrx_word' id='word_1_516' title='bbox 3461 2048 3582 2086; x_wconf 91' lang='lat' dir='ltr'>non</span> <span class='ocrx_word' id='word_1_517' title='bbox 3596 2029 3776 2085; x_wconf 86' lang='lat' dir='ltr'>fuerit</span> 
     </span>
    </p>
   </div>
   <div class='ocr_carea' id='block_1_68' title="bbox 2114 2119 3773 2194">
    <p class='ocr_par' dir='ltr' id='par_1_68' title="bbox 2114 2119 3773 2194">
     <span class='ocr_line' id='line_1_68' title="bbox 2114 2119 3773 2194; baseline -0.001 -19"><span class='ocrx_word' id='word_1_518' title='bbox 2114 2121 2312 2192; x_wconf 86' lang='lat' dir='ltr'>magni</span> <span class='ocrx_word' id='word_1_519' title='bbox 2328 2126 2385 2175; x_wconf 93' lang='lat' dir='ltr'>et</span> <span class='ocrx_word' id='word_1_520' title='bbox 2399 2122 2617 2176; x_wconf 85' lang='lat' dir='ltr'>excelsi</span> <span class='ocrx_word' id='word_1_521' title='bbox 2636 2123 2842 2190; x_wconf 88' lang='lat' dir='ltr'>animi,</span> <span class='ocrx_word' id='word_1_522' title='bbox 2858 2122 2959 2194; x_wconf 92' lang='lat' dir='ltr'>qui</span> <span class='ocrx_word' id='word_1_523' title='bbox 2979 2121 3249 2177; x_wconf 88' lang='lat' dir='ltr'>nundum</span> <span class='ocrx_word' id='word_1_524' title='bbox 3265 2120 3650 2176; x_wconf 75' lang='lat' dir='ltr'>continentiae</span> <span class='ocrx_word' id='word_1_525' title='bbox 3667 2119 3773 2173; x_wconf 88' lang='lat' dir='ltr'>ha-</span> 
     </span>
    </p>
   </div>
   <div class='ocr_carea' id='block_1_69' title="bbox 2113 2208 3768 2283">
    <p class='ocr_par' dir='ltr' id='par_1_69' title="bbox 2113 2208 3768 2283">
     <span class='ocr_line' id='line_1_69' title="bbox 2113 2208 3768 2283; baseline -0.001 -19"><span class='ocrx_word' id='word_1_526' title='bbox 2113 2208 2304 2265; x_wconf 88' lang='lat' dir='ltr'>bitum</span> <span class='ocrx_word' id='word_1_527' title='bbox 2334 2209 2398 2274; x_wconf 78' lang='grc' dir='ltr'>›ι‹</span> <span class='ocrx_word' id='word_1_528' title='bbox 2427 2212 2762 2282; x_wconf 87' lang='lat' dir='ltr'>acquisivit,</span> <span class='ocrx_word' id='word_1_529' title='bbox 2795 2212 2926 2267; x_wconf 91' lang='lat' dir='ltr'>loco</span> <span class='ocrx_word' id='word_1_530' title='bbox 2957 2212 3242 2283; x_wconf 81' lang='lat' dir='ltr'>pellitur;</span> <span class='ocrx_word' id='word_1_531' title='bbox 3277 2216 3335 2266; x_wconf 89' lang='lat' dir='ltr'>et</span> <span class='ocrx_word' id='word_1_532' title='bbox 3380 2210 3570 2266; x_wconf 87' lang='lat' dir='ltr'>instar</span> <span class='ocrx_word' id='word_1_533' title='bbox 3617 2209 3768 2280; x_wconf 62' lang='lat' dir='ltr'>fuga:</span> 
     </span>
    </p>
   </div>
   <div class='ocr_carea' id='block_1_70' title="bbox 2113 2299 3773 2358">
    <p class='ocr_par' dir='ltr' id='par_1_70' title="bbox 2113 2299 3773 2358">
     <span class='ocr_line' id='line_1_70' title="bbox 2113 2299 3773 2358; baseline 0 -5"><span class='ocrx_word' id='word_1_534' title='bbox 2113 2299 2416 2355; x_wconf 90' lang='lat' dir='ltr'>invenitur</span> <span class='ocrx_word' id='word_1_535' title='bbox 2433 2318 2554 2356; x_wconf 93' lang='lat' dir='ltr'>non</span> <span class='ocrx_word' id='word_1_536' title='bbox 2573 2301 2880 2358; x_wconf 89' lang='lat' dir='ltr'>tolerasse.</span> <span class='ocrx_word' id='word_1_537' title='bbox 2905 2302 3126 2357; x_wconf 88' lang='lat' dir='ltr'>Eadem</span> <span class='ocrx_word' id='word_1_538' title='bbox 3149 2304 3238 2357; x_wconf 87' lang='lat' dir='ltr'>est</span> <span class='ocrx_word' id='word_1_539' title='bbox 3258 2305 3458 2356; x_wconf 90' lang='lat' dir='ltr'>autem</span> <span class='ocrx_word' id='word_1_540' title='bbox 3478 2299 3657 2354; x_wconf 91' lang='lat' dir='ltr'>etiam</span> <span class='ocrx_word' id='word_1_541' title='bbox 3678 2314 3773 2353; x_wconf 93' lang='lat' dir='ltr'>ra-</span> 
     </span>
    </p>
   </div>
   <div class='ocr_carea' id='block_1_71' title="bbox 2114 2379 3772 2463">
    <p class='ocr_par' dir='ltr' id='par_1_71' title="bbox 2114 2379 3772 2463">
     <span class='ocr_line' id='line_1_71' title="bbox 2114 2379 3772 2463; baseline -0.001 -20"><span class='ocrx_word' id='word_1_542' title='bbox 2114 2389 2196 2444; x_wconf 92' lang='lat' dir='ltr'>tio</span> <span class='ocrx_word' id='word_1_543' title='bbox 2224 2389 2296 2445; x_wconf 92' lang='lat' dir='ltr'>de</span> <span class='ocrx_word' id='word_1_544' title='bbox 2328 2397 2698 2462; x_wconf 85' lang='lat' dir='ltr'>paupertate.</span> <span class='ocrx_word' id='word_1_545' title='bbox 2733 2393 2876 2446; x_wconf 86' lang='lat' dir='ltr'>Nam</span> <span class='ocrx_word' id='word_1_546' title='bbox 2909 2393 3038 2463; x_wconf 91' lang='lat' dir='ltr'>ipsa</span> <span class='ocrx_word' id='word_1_547' title='bbox 3057 2379 3304 2462; x_wconf 78' lang='lat' dir='ltr'>quoque</span> <span class='ocrx_word' id='word_1_548' title='bbox 3335 2407 3369 2444; x_wconf 92' lang='lat' dir='ltr'>a</span> <span class='ocrx_word' id='word_1_549' title='bbox 3394 2388 3772 2462; x_wconf 87' lang='lat' dir='ltr'>necessariis,</span> 
     </span>
    </p>
   </div>
   <div class='ocr_carea' id='block_1_72' title="bbox 2114 2477 3771 2551">
    <p class='ocr_par' dir='ltr' id='par_1_72' title="bbox 2114 2477 3771 2551">
     <span class='ocr_line' id='line_1_72' title="bbox 2114 2477 3771 2551; baseline 0.001 -20"><span class='ocrx_word' id='word_1_550' title='bbox 2114 2479 2643 2549; x_wconf 87' lang='lat' dir='ltr'>contemplatione,</span> <span class='ocrx_word' id='word_1_551' title='bbox 2667 2481 2932 2551; x_wconf 86' lang='lat' dir='ltr'>inquam,</span> <span class='ocrx_word' id='word_1_552' title='bbox 2960 2487 3016 2534; x_wconf 86' lang='lat' dir='ltr'>et</span> <span class='ocrx_word' id='word_1_553' title='bbox 3038 2496 3188 2551; x_wconf 91' lang='lat' dir='ltr'>pura</span> <span class='ocrx_word' id='word_1_554' title='bbox 3205 2479 3430 2551; x_wconf 89' lang='lat' dir='ltr'>peccati</span> <span class='ocrx_word' id='word_1_555' title='bbox 3448 2477 3771 2545; x_wconf 90' lang='lat' dir='ltr'>amotione,</span> 
     </span>
    </p>
   </div>
   <div class='ocr_carea' id='block_1_73' title="bbox 2112 2565 3769 2640">
    <p class='ocr_par' dir='ltr' id='par_1_73' title="bbox 2112 2565 3769 2640">
     <span class='ocr_line' id='line_1_73' title="bbox 2112 2565 3769 2640; baseline 0 -19"><span class='ocrx_word' id='word_1_556' title='bbox 2112 2583 2346 2622; x_wconf 89' lang='lat' dir='ltr'>cessare</span> <span class='ocrx_word' id='word_1_557' title='bbox 2379 2569 2535 2640; x_wconf 82' lang='lat' dir='ltr'>cogit</span> <span class='ocrx_word' id='word_1_558' title='bbox 2563 2569 2851 2638; x_wconf 88' lang='lat' dir='ltr'>animam,</span> <span class='ocrx_word' id='word_1_559' title='bbox 2885 2573 2951 2623; x_wconf 90' lang='lat' dir='ltr'>ut</span> <span class='ocrx_word' id='word_1_560' title='bbox 2981 2586 3114 2639; x_wconf 67' lang='lat' dir='ltr'>qua)</span> <span class='ocrx_word' id='word_1_561' title='bbox 3147 2568 3207 2622; x_wconf 93' lang='lat' dir='ltr'>in</span> <span class='ocrx_word' id='word_1_562' title='bbox 3240 2568 3396 2622; x_wconf 89' lang='lat' dir='ltr'>victu</span> <span class='ocrx_word' id='word_1_563' title='bbox 3446 2565 3769 2638; x_wconf 64' lang='lat' dir='ltr'>quaerendo</span> 
     </span>
    </p>
   </div>
   <div class='ocr_carea' id='block_1_74' title="bbox 2108 2654 3774 2728">
    <p class='ocr_par' dir='ltr' id='par_1_74' title="bbox 2108 2654 3774 2728">
     <span class='ocr_line' id='line_1_74' title="bbox 2108 2654 3774 2728; baseline 0.001 -22"><span class='ocrx_word' id='word_1_564' title='bbox 2108 2654 2328 2708; x_wconf 86' lang='lat' dir='ltr'>versari</span> <span class='ocrx_word' id='word_1_565' title='bbox 2365 2671 2502 2709; x_wconf 91' lang='lat' dir='ltr'>eum</span> <span class='ocrx_word' id='word_1_566' title='bbox 2530 2661 2718 2728; x_wconf 81' lang='lat' dir='ltr'>cogat,</span> <span class='ocrx_word' id='word_1_567' title='bbox 2755 2657 2857 2726; x_wconf 88' lang='lat' dir='ltr'>qui</span> <span class='ocrx_word' id='word_1_568' title='bbox 2889 2673 3010 2710; x_wconf 90' lang='lat' dir='ltr'>non</span> <span class='ocrx_word' id='word_1_569' title='bbox 3043 2673 3106 2710; x_wconf 91' lang='lat' dir='ltr'>se</span> <span class='ocrx_word' id='word_1_570' title='bbox 3132 2661 3320 2710; x_wconf 90' lang='lat' dir='ltr'>totum</span> <span class='ocrx_word' id='word_1_571' title='bbox 3345 2656 3462 2710; x_wconf 91' lang='lat' dir='ltr'>Deo</span> <span class='ocrx_word' id='word_1_572' title='bbox 3493 2671 3600 2726; x_wconf 90' lang='lat' dir='ltr'>per</span> <span class='ocrx_word' id='word_1_573' title='bbox 3621 2654 3774 2709; x_wconf 83' lang='lat' dir='ltr'>dile-</span> 
     </span>
    </p>
   </div>
   <div class='ocr_carea' id='block_1_75' title="bbox 2110 2744 3765 2812">
    <p class='ocr_par' dir='ltr' id='par_1_75' title="bbox 2110 2744 3765 2812">
     <span class='ocr_line' id='line_1_75' title="bbox 2110 2744 3765 2812; baseline 0.002 -15"><span class='ocrx_word' id='word_1_574' title='bbox 2110 2744 2370 2799; x_wconf 89' lang='lat' dir='ltr'>ctionem</span> <span class='ocrx_word' id='word_1_575' title='bbox 2401 2744 2764 2800; x_wconf 81' lang='lat' dir='ltr'>dedicaverit</span> <span class='ocrx_word' id='word_1_576' title='bbox 2792 2767 2806 2812; x_wconf 90' lang='lat'><strong>;</strong></span> <span class='ocrx_word' id='word_1_577' title='bbox 2833 2746 2986 2800; x_wconf 89' lang='lat' dir='ltr'>sieut</span> <span class='ocrx_word' id='word_1_578' title='bbox 3008 2763 3218 2801; x_wconf 91' lang='lat' dir='ltr'>rursus</span> <span class='ocrx_word' id='word_1_579' title='bbox 3238 2746 3463 2801; x_wconf 88' lang='lat' dir='ltr'>sanitas</span> <span class='ocrx_word' id='word_1_580' title='bbox 3486 2751 3542 2800; x_wconf 89' lang='lat' dir='ltr'>et</span> <span class='ocrx_word' id='word_1_581' title='bbox 3562 2761 3765 2802; x_wconf 90' lang='lat' dir='ltr'>rerum</span> 
     </span>
    </p>
   </div>
   <div class='ocr_carea' id='block_1_76' title="bbox 2109 2835 3770 2906">
    <p class='ocr_par' dir='ltr' id='par_1_76' title="bbox 2109 2835 3770 2906">
     <span class='ocr_line' id='line_1_76' title="bbox 2109 2835 3770 2906; baseline 0.001 -19"><span class='ocrx_word' id='word_1_582' title='bbox 2109 2835 2585 2890; x_wconf 87' lang='lat' dir='ltr'>necessariarum</span> <span class='ocrx_word' id='word_1_583' title='bbox 2614 2835 2788 2906; x_wconf 91' lang='lat' dir='ltr'>copia</span> <span class='ocrx_word' id='word_1_584' title='bbox 2819 2835 3070 2890; x_wconf 86' lang='lat' dir='ltr'>liberam</span> <span class='ocrx_word' id='word_1_585' title='bbox 3103 2835 3362 2891; x_wconf 88' lang='lat' dir='ltr'>custodit</span> <span class='ocrx_word' id='word_1_586' title='bbox 3387 2837 3669 2904; x_wconf 89' lang='lat' dir='ltr'>animam,</span> <span class='ocrx_word' id='word_1_587' title='bbox 3702 2840 3770 2890; x_wconf 90' lang='lat' dir='ltr'>ut</span> 
     </span>
    </p>
   </div>
   <div class='ocr_carea' id='block_1_77' title="bbox 2109 2923 3763 2997">
    <p class='ocr_par' dir='ltr' id='par_1_77' title="bbox 2109 2923 3763 2997">
     <span class='ocr_line' id='line_1_77' title="bbox 2109 2923 3763 2997; baseline 0.001 -21"><span class='ocrx_word' id='word_1_588' title='bbox 2109 2939 2240 2992; x_wconf 66' lang='lat' dir='ltr'>qua:</span> <span class='ocrx_word' id='word_1_589' title='bbox 2274 2923 2510 2979; x_wconf 92' lang='lat' dir='ltr'>nullum</span> <span class='ocrx_word' id='word_1_590' title='bbox 2540 2924 2757 2980; x_wconf 90' lang='lat' dir='ltr'>habeat</span> <span class='ocrx_word' id='word_1_591' title='bbox 2785 2924 3308 2997; x_wconf 87' lang='lat' dir='ltr'>impedimentum,</span> <span class='ocrx_word' id='word_1_592' title='bbox 3337 2931 3396 2980; x_wconf 91' lang='lat' dir='ltr'>et</span> <span class='ocrx_word' id='word_1_593' title='bbox 3425 2925 3574 2980; x_wconf 89' lang='lat' dir='ltr'>sciat</span> <span class='ocrx_word' id='word_1_594' title='bbox 3603 2929 3763 2979; x_wconf 88' lang='lat' dir='ltr'>recte</span> 
     </span>
    </p>
   </div>
   <div class='ocr_carea' id='block_1_78' title="bbox 2107 3013 3764 3088">
    <p class='ocr_par' dir='ltr' id='par_1_78' title="bbox 2107 3013 3764 3088">
     <span class='ocr_line' id='line_1_78' title="bbox 2107 3013 3764 3088; baseline 0.002 -20"><span class='ocrx_word' id='word_1_595' title='bbox 2107 3013 2194 3068; x_wconf 88' lang='lat' dir='ltr'>uti</span> <span class='ocrx_word' id='word_1_596' title='bbox 2226 3015 2403 3070; x_wconf 89' lang='lat' dir='ltr'>rebus</span> <span class='ocrx_word' id='word_1_597' title='bbox 2449 3016 2867 3088; x_wconf 72' lang='lat' dir='ltr'>praasentibus.</span> <span class='ocrx_word' id='word_1_598' title='bbox 2917 3039 2946 3067; x_wconf 89' lang='lat'><strong>«</strong></span> <span class='ocrx_word' id='word_1_599' title='bbox 2997 3017 3465 3073; x_wconf 89' lang='lat' dir='ltr'>Tribulationem</span> <span class='ocrx_word' id='word_1_600' title='bbox 3514 3039 3544 3067; x_wconf 84' lang='lat'>»</span> <span class='ocrx_word' id='word_1_601' title='bbox 3600 3016 3764 3071; x_wconf 91' lang='lat' dir='ltr'>enim</span> 
     </span>
    </p>
   </div>
   <div class='ocr_carea' id='block_1_79' title="bbox 2108 3104 3765 3179">
    <p class='ocr_par' dir='ltr' id='par_1_79' title="bbox 2108 3104 3765 3179">
     <span class='ocr_line' id='line_1_79' title="bbox 2108 3104 3765 3179; baseline 0.003 -24"><span class='ocrx_word' id='word_1_602' title='bbox 2108 3125 2137 3154; x_wconf 86' lang='lat'><strong>«</strong></span> <span class='ocrx_word' id='word_1_603' title='bbox 2170 3105 2367 3159; x_wconf 90' lang='lat' dir='ltr'>carnis</span> <span class='ocrx_word' id='word_1_604' title='bbox 2390 3104 2714 3171; x_wconf 91' lang='lat' dir='ltr'>habebunt,</span> <span class='ocrx_word' id='word_1_605' title='bbox 2752 3127 2780 3156; x_wconf 87' lang='lat'>»</span> <span class='ocrx_word' id='word_1_606' title='bbox 2812 3107 3010 3178; x_wconf 90' lang='lat' dir='ltr'>inquit</span> <span class='ocrx_word' id='word_1_607' title='bbox 3040 3107 3385 3179; x_wconf 84' lang='lat' dir='ltr'>Apostolus,</span> <span class='ocrx_word' id='word_1_608' title='bbox 3420 3129 3448 3157; x_wconf 87' lang='lat'><strong>«</strong></span> <span class='ocrx_word' id='word_1_609' title='bbox 3489 3106 3591 3178; x_wconf 93' lang='lat' dir='ltr'>qui</span> <span class='ocrx_word' id='word_1_610' title='bbox 3625 3111 3765 3162; x_wconf 88' lang='lat' dir='ltr'>sunt</span> 
     </span>
    </p>
   </div>
   <div class='ocr_carea' id='block_1_80' title="bbox 2109 3193 3764 3268">
    <p class='ocr_par' dir='ltr' id='par_1_80' title="bbox 2109 3193 3764 3268">
     <span class='ocr_line' id='line_1_80' title="bbox 2109 3193 3764 3268; baseline 0.002 -20"><span class='ocrx_word' id='word_1_611' title='bbox 2109 3193 2476 3265; x_wconf 87' lang='lat' dir='ltr'>hujusmodi.</span> <span class='ocrx_word' id='word_1_612' title='bbox 2527 3197 2643 3266; x_wconf 84' lang='lat' dir='ltr'>Ego</span> <span class='ocrx_word' id='word_1_613' title='bbox 2693 3201 2893 3252; x_wconf 89' lang='lat' dir='ltr'>autem</span> <span class='ocrx_word' id='word_1_614' title='bbox 2937 3196 3106 3252; x_wconf 86' lang='lat' dir='ltr'>vobis</span> <span class='ocrx_word' id='word_1_615' title='bbox 3154 3213 3374 3268; x_wconf 87' lang='lat' dir='ltr'>parco;</span> <span class='ocrx_word' id='word_1_616' title='bbox 3423 3197 3552 3252; x_wconf 90' lang='lat' dir='ltr'>volo</span> <span class='ocrx_word' id='word_1_617' title='bbox 3602 3197 3764 3252; x_wconf 91' lang='lat' dir='ltr'>enim</span> 
     </span>
    </p>
   </div>
   <div class='ocr_carea' id='block_1_81' title="bbox 2108 3284 3766 3352">
    <p class='ocr_par' dir='ltr' id='par_1_81' title="bbox 2108 3284 3766 3352">
     <span class='ocr_line' id='line_1_81' title="bbox 2108 3284 3766 3352; baseline 0.002 -14"><span class='ocrx_word' id='word_1_618' title='bbox 2108 3300 2209 3338; x_wconf 90' lang='lat' dir='ltr'>vos</span> <span class='ocrx_word' id='word_1_619' title='bbox 2241 3299 2370 3339; x_wconf 91' lang='lat' dir='ltr'>esse</span> <span class='ocrx_word' id='word_1_620' title='bbox 2401 3301 2525 3339; x_wconf 90' lang='lat' dir='ltr'>non</span> <span class='ocrx_word' id='word_1_621' title='bbox 2556 3284 2865 3352; x_wconf 91' lang='lat' dir='ltr'>sollicitos,</span> <span class='ocrx_word' id='word_1_622' title='bbox 2898 3291 2964 3341; x_wconf 86' lang='lat' dir='ltr'>ut</span> <span class='ocrx_word' id='word_1_623' title='bbox 2989 3286 3202 3342; x_wconf 92' lang='lat' dir='ltr'>decore</span> <span class='ocrx_word' id='word_1_624' title='bbox 3247 3291 3305 3341; x_wconf 90' lang='lat' dir='ltr'>et</span> <span class='ocrx_word' id='word_1_625' title='bbox 3351 3287 3599 3342; x_wconf 87' lang='lat' dir='ltr'>honeste</span> <span class='ocrx_word' id='word_1_626' title='bbox 3648 3286 3766 3341; x_wconf 93' lang='lat' dir='ltr'>Do-</span> 
     </span>
    </p>
   </div>
   <div class='ocr_carea' id='block_1_82' title="bbox 2106 3373 3766 3448">
    <p class='ocr_par' dir='ltr' id='par_1_82' title="bbox 2106 3373 3766 3448">
     <span class='ocr_line' id='line_1_82' title="bbox 2106 3373 3766 3448; baseline 0.001 -20"><span class='ocrx_word' id='word_1_627' title='bbox 2106 3373 2270 3428; x_wconf 90' lang='lat' dir='ltr'>mino</span> <span class='ocrx_word' id='word_1_628' title='bbox 2305 3373 2597 3430; x_wconf 88' lang='lat' dir='ltr'>indivulse</span> <span class='ocrx_word' id='word_1_629' title='bbox 2629 3374 2943 3431; x_wconf 90' lang='lat' dir='ltr'>assideatis</span> <span class='ocrx_word' id='word_1_630' title='bbox 2966 3376 3057 3446; x_wconf 89' lang='lat' dir='ltr'>(c).</span> <span class='ocrx_word' id='word_1_631' title='bbox 3095 3397 3124 3424; x_wconf 87' lang='lat'><strong>»</strong></span> <span class='ocrx_word' id='word_1_632' title='bbox 3147 3377 3282 3430; x_wconf 68' lang='lat' dir='ltr'>Haec</span> <span class='ocrx_word' id='word_1_633' title='bbox 3313 3381 3452 3430; x_wconf 90' lang='lat' dir='ltr'>sunt</span> <span class='ocrx_word' id='word_1_634' title='bbox 3482 3391 3618 3448; x_wconf 90' lang='lat' dir='ltr'>ergo</span> <span class='ocrx_word' id='word_1_635' title='bbox 3641 3392 3766 3432; x_wconf 87' lang='lat' dir='ltr'>am-</span> 
     </span>
    </p>
   </div>
   <div class='ocr_carea' id='block_1_83' title="bbox 2107 3462 3764 3538">
    <p class='ocr_par' dir='ltr' id='par_1_83' title="bbox 2107 3462 3764 3538">
     <span class='ocr_line' id='line_1_83' title="bbox 2107 3462 3764 3538; baseline 0.004 -23"><span class='ocrx_word' id='word_1_636' title='bbox 2107 3462 2444 3533; x_wconf 88' lang='lat' dir='ltr'>plectenda,</span> <span class='ocrx_word' id='word_1_637' title='bbox 2477 3480 2597 3518; x_wconf 91' lang='lat' dir='ltr'>non</span> <span class='ocrx_word' id='word_1_638' title='bbox 2648 3469 2892 3536; x_wconf 89' lang='lat' dir='ltr'>propter</span> <span class='ocrx_word' id='word_1_639' title='bbox 2941 3481 3025 3532; x_wconf 90' lang='lat' dir='ltr'>se,</span> <span class='ocrx_word' id='word_1_640' title='bbox 3079 3464 3182 3520; x_wconf 90' lang='lat' dir='ltr'>sed</span> <span class='ocrx_word' id='word_1_641' title='bbox 3224 3470 3466 3537; x_wconf 88' lang='lat' dir='ltr'>propter</span> <span class='ocrx_word' id='word_1_642' title='bbox 3507 3481 3764 3538; x_wconf 88' lang='lat' dir='ltr'>corpus:</span> 
     </span>
    </p>
   </div>
   <div class='ocr_carea' id='block_1_84' title="bbox 2107 3551 3768 3626">
    <p class='ocr_par' dir='ltr' id='par_1_84' title="bbox 2107 3551 3768 3626">
     <span class='ocr_line' id='line_1_84' title="bbox 2107 3551 3768 3626; baseline 0.002 -20"><span class='ocrx_word' id='word_1_643' title='bbox 2107 3551 2363 3607; x_wconf 89' lang='lat' dir='ltr'>habetur</span> <span class='ocrx_word' id='word_1_644' title='bbox 2392 3558 2592 3608; x_wconf 92' lang='lat' dir='ltr'>autem</span> <span class='ocrx_word' id='word_1_645' title='bbox 2633 3570 2776 3608; x_wconf 89' lang='lat' dir='ltr'>cura</span> <span class='ocrx_word' id='word_1_646' title='bbox 2805 3553 3071 3626; x_wconf 90' lang='lat' dir='ltr'>corporis</span> <span class='ocrx_word' id='word_1_647' title='bbox 3102 3559 3344 3626; x_wconf 91' lang='lat' dir='ltr'>pr0pter</span> <span class='ocrx_word' id='word_1_648' title='bbox 3372 3555 3656 3622; x_wconf 88' lang='lat' dir='ltr'>animam,</span> <span class='ocrx_word' id='word_1_649' title='bbox 3691 3554 3768 3611; x_wconf 90' lang='lat' dir='ltr'>ad</span> 
     </span>
    </p>
   </div>
   <div class='ocr_carea' id='block_1_85' title="bbox 2109 3642 3765 3713">
    <p class='ocr_par' dir='ltr' id='par_1_85' title="bbox 2109 3642 3765 3713">
     <span class='ocr_line' id='line_1_85' title="bbox 2109 3642 3765 3713; baseline 0.003 -17"><span class='ocrx_word' id='word_1_650' title='bbox 2109 3657 2290 3712; x_wconf 90' lang='lat' dir='ltr'>quam</span> <span class='ocrx_word' id='word_1_651' title='bbox 2329 3642 2396 3697; x_wconf 80' lang='lat' dir='ltr'>ﬁt</span> <span class='ocrx_word' id='word_1_652' title='bbox 2423 3642 2656 3698; x_wconf 90' lang='lat' dir='ltr'>relatio.</span> <span class='ocrx_word' id='word_1_653' title='bbox 2692 3644 2809 3698; x_wconf 85' lang='lat' dir='ltr'>Hac</span> <span class='ocrx_word' id='word_1_654' title='bbox 2841 3644 3002 3699; x_wconf 91' lang='lat' dir='ltr'>enim</span> <span class='ocrx_word' id='word_1_655' title='bbox 3025 3660 3205 3699; x_wconf 88' lang='lat' dir='ltr'>causa</span> <span class='ocrx_word' id='word_1_656' title='bbox 3225 3660 3471 3700; x_wconf 90' lang='lat' dir='ltr'>necesse</span> <span class='ocrx_word' id='word_1_657' title='bbox 3495 3649 3584 3700; x_wconf 90' lang='lat' dir='ltr'>est</span> <span class='ocrx_word' id='word_1_658' title='bbox 3605 3661 3765 3713; x_wconf 90' lang='lat' dir='ltr'>eum,</span> 
     </span>
    </p>
   </div>
   <div class='ocr_carea' id='block_1_86' title="bbox 2111 3731 3768 3806">
    <p class='ocr_par' dir='ltr' id='par_1_86' title="bbox 2111 3731 3768 3806">
     <span class='ocr_line' id='line_1_86' title="bbox 2111 3731 3768 3806; baseline 0.002 -20"><span class='ocrx_word' id='word_1_659' title='bbox 2111 3731 2210 3802; x_wconf 93' lang='lat' dir='ltr'>qui</span> <span class='ocrx_word' id='word_1_660' title='bbox 2244 3732 2423 3787; x_wconf 88' lang='lat' dir='ltr'>vitam</span> <span class='ocrx_word' id='word_1_661' title='bbox 2455 3733 2718 3805; x_wconf 91' lang='lat' dir='ltr'>gnostice</span> <span class='ocrx_word' id='word_1_662' title='bbox 2751 3734 3030 3801; x_wconf 89' lang='lat' dir='ltr'>instituit,</span> <span class='ocrx_word' id='word_1_663' title='bbox 3064 3734 3294 3790; x_wconf 90' lang='lat' dir='ltr'>discere</span> <span class='ocrx_word' id='word_1_664' title='bbox 3327 3735 3470 3806; x_wconf 90' lang='lat' dir='ltr'>quid</span> <span class='ocrx_word' id='word_1_665' title='bbox 3519 3735 3597 3790; x_wconf 88' lang='lat' dir='ltr'>sit</span> <span class='ocrx_word' id='word_1_666' title='bbox 3624 3751 3768 3790; x_wconf 93' lang='lat' dir='ltr'>con-</span> 
     </span>
    </p>
   </div>
   <div class='ocr_carea' id='block_1_87' title="bbox 2106 3822 3768 3896">
    <p class='ocr_par' dir='ltr' id='par_1_87' title="bbox 2106 3822 3768 3896">
     <span class='ocr_line' id='line_1_87' title="bbox 2106 3822 3768 3896; baseline 0.002 -19"><span class='ocrx_word' id='word_1_667' title='bbox 2106 3822 2394 3878; x_wconf 90' lang='lat' dir='ltr'>veniens:</span> <span class='ocrx_word' id='word_1_668' title='bbox 2422 3839 2562 3879; x_wconf 90' lang='lat' dir='ltr'>nam</span> <span class='ocrx_word' id='word_1_669' title='bbox 2593 3823 2820 3878; x_wconf 90' lang='lat' dir='ltr'>bonum</span> <span class='ocrx_word' id='word_1_670' title='bbox 2853 3824 3094 3894; x_wconf 90' lang='lat' dir='ltr'>quidem</span> <span class='ocrx_word' id='word_1_671' title='bbox 3146 3840 3267 3879; x_wconf 90' lang='lat' dir='ltr'>non</span> <span class='ocrx_word' id='word_1_672' title='bbox 3319 3841 3448 3880; x_wconf 90' lang='lat' dir='ltr'>esse</span> <span class='ocrx_word' id='word_1_673' title='bbox 3496 3824 3768 3896; x_wconf 87' lang='lat' dir='ltr'>volupta-</span> 
     </span>
    </p>
   </div>
   <div class='ocr_carea' id='block_1_88' title="bbox 2108 3912 3767 3986">
    <p class='ocr_par' dir='ltr' id='par_1_88' title="bbox 2108 3912 3767 3986">
     <span class='ocr_line' id='line_1_88' title="bbox 2108 3912 3767 3986; baseline 0.002 -20"><span class='ocrx_word' id='word_1_674' title='bbox 2108 3916 2250 3978; x_wconf 91' lang='lat' dir='ltr'>tem,</span> <span class='ocrx_word' id='word_1_675' title='bbox 2283 3917 2447 3982; x_wconf 90' lang='lat' dir='ltr'>patet</span> <span class='ocrx_word' id='word_1_676' title='bbox 2473 3929 2546 3967; x_wconf 91' lang='lat' dir='ltr'>ex</span> <span class='ocrx_word' id='word_1_677' title='bbox 2567 3929 2658 3980; x_wconf 89' lang='lat' dir='ltr'>eo,</span> <span class='ocrx_word' id='word_1_678' title='bbox 2683 3912 2843 3983; x_wconf 91' lang='lat' dir='ltr'>quod</span> <span class='ocrx_word' id='word_1_679' title='bbox 2869 3913 3041 3968; x_wconf 65' lang='lat' dir='ltr'>malae</span> <span class='ocrx_word' id='word_1_680' title='bbox 3065 3913 3186 3967; x_wconf 90' lang='lat' dir='ltr'>sint</span> <span class='ocrx_word' id='word_1_681' title='bbox 3206 3930 3479 3985; x_wconf 76' lang='lat' dir='ltr'>quasqam</span> <span class='ocrx_word' id='word_1_682' title='bbox 3496 3914 3767 3986; x_wconf 86' lang='lat' dir='ltr'>volupta-</span> 
     </span>
    </p>
   </div>
   <div class='ocr_carea' id='block_1_89' title="bbox 2106 4001 3764 4071">
    <p class='ocr_par' dir='ltr' id='par_1_89' title="bbox 2106 4001 3764 4071">
     <span class='ocr_line' id='line_1_89' title="bbox 2106 4001 3764 4071; baseline 0.002 -15"><span class='ocrx_word' id='word_1_683' title='bbox 2106 4003 2234 4067; x_wconf 80' lang='lat' dir='ltr'>tes;</span> <span class='ocrx_word' id='word_1_684' title='bbox 2268 4001 2536 4071; x_wconf 89' lang='lat' dir='ltr'>alioquin</span> <span class='ocrx_word' id='word_1_685' title='bbox 2585 4001 2697 4056; x_wconf 88' lang='lat' dir='ltr'>hac</span> <span class='ocrx_word' id='word_1_686' title='bbox 2742 4002 2972 4056; x_wconf 88' lang='lat' dir='ltr'>ratione</span> <span class='ocrx_word' id='word_1_687' title='bbox 3013 4001 3312 4056; x_wconf 90' lang='lat' dir='ltr'>videretur</span> <span class='ocrx_word' id='word_1_688' title='bbox 3359 4001 3581 4057; x_wconf 91' lang='lat' dir='ltr'>bonum</span> <span class='ocrx_word' id='word_1_689' title='bbox 3631 4020 3764 4059; x_wconf 88' lang='lat' dir='ltr'>esse</span> 
     </span>
    </p>
   </div>
   <div class='ocr_carea' id='block_1_90' title="bbox 2106 4089 3763 4163">
    <p class='ocr_par' dir='ltr' id='par_1_90' title="bbox 2106 4089 3763 4163">
     <span class='ocr_line' id='line_1_90' title="bbox 2106 4089 3763 4163; baseline 0.004 -21"><span class='ocrx_word' id='word_1_690' title='bbox 2106 4089 2355 4160; x_wconf 86' lang='lat' dir='ltr'>malum,</span> <span class='ocrx_word' id='word_1_691' title='bbox 2371 4095 2430 4143; x_wconf 91' lang='lat' dir='ltr'>et</span> <span class='ocrx_word' id='word_1_692' title='bbox 2444 4089 2669 4144; x_wconf 89' lang='lat' dir='ltr'>malum</span> <span class='ocrx_word' id='word_1_693' title='bbox 2690 4090 2934 4145; x_wconf 90' lang='lat' dir='ltr'>bonum.</span> <span class='ocrx_word' id='word_1_694' title='bbox 2951 4093 3245 4146; x_wconf 75' lang='lat' dir='ltr'>Praaterea</span> <span class='ocrx_word' id='word_1_695' title='bbox 3256 4097 3454 4147; x_wconf 89' lang='lat' dir='ltr'>autem</span> <span class='ocrx_word' id='word_1_696' title='bbox 3469 4091 3516 4146; x_wconf 91' lang='lat' dir='ltr'>si</span> <span class='ocrx_word' id='word_1_697' title='bbox 3532 4092 3763 4163; x_wconf 89' lang='lat' dir='ltr'>aliquas</span> 
     </span>
    </p>
   </div>
   <div class='ocr_carea' id='block_1_91' title="bbox 2107 4177 3760 4255">
    <p class='ocr_par' dir='ltr' id='par_1_91' title="bbox 2107 4177 3760 4255">
     <span class='ocr_line' id='line_1_91' title="bbox 2107 4177 3760 4255; baseline 0.003 -23"><span class='ocrx_word' id='word_1_698' title='bbox 2107 4177 2350 4249; x_wconf 88' lang='lat' dir='ltr'>quidem</span> <span class='ocrx_word' id='word_1_699' title='bbox 2366 4178 2699 4250; x_wconf 86' lang='lat' dir='ltr'>expetimus</span> <span class='ocrx_word' id='word_1_700' title='bbox 2713 4179 3310 4251; x_wconf 86' lang='lat' dir='ltr'>voluptates,aliquas</span> <span class='ocrx_word' id='word_1_701' title='bbox 3327 4198 3463 4236; x_wconf 90' lang='lat' dir='ltr'>vero</span> <span class='ocrx_word' id='word_1_702' title='bbox 3476 4181 3760 4255; x_wconf 81' lang='lat' dir='ltr'>fugimus,</span> 
     </span>
    </p>
   </div>
   <div class='ocr_carea' id='block_1_92' title="bbox 2108 4269 3766 4340">
    <p class='ocr_par' dir='ltr' id='par_1_92' title="bbox 2108 4269 3766 4340">
     <span class='ocr_line' id='line_1_92' title="bbox 2108 4269 3766 4340; baseline 0.004 -18"><span class='ocrx_word' id='word_1_703' title='bbox 2108 4272 2234 4322; x_wconf 90' lang='lat' dir='ltr'>tum</span> <span class='ocrx_word' id='word_1_704' title='bbox 2267 4284 2387 4323; x_wconf 89' lang='lat' dir='ltr'>non</span> <span class='ocrx_word' id='word_1_705' title='bbox 2421 4272 2511 4323; x_wconf 90' lang='lat' dir='ltr'>est</span> <span class='ocrx_word' id='word_1_706' title='bbox 2530 4269 2756 4339; x_wconf 68' lang='lat' dir='ltr'>quasvis</span> <span class='ocrx_word' id='word_1_707' title='bbox 2785 4269 3056 4340; x_wconf 87' lang='lat' dir='ltr'>voluptas</span> <span class='ocrx_word' id='word_1_708' title='bbox 3077 4269 3322 4325; x_wconf 92' lang='lat' dir='ltr'>bonum.</span> <span class='ocrx_word' id='word_1_709' title='bbox 3357 4271 3641 4326; x_wconf 90' lang='lat' dir='ltr'>Similiter</span> <span class='ocrx_word' id='word_1_710' title='bbox 3665 4289 3766 4328; x_wconf 84' lang='lat' dir='ltr'>au-</span> 
     </span>
    </p>
   </div>
   <div class='ocr_carea' id='block_1_93' title="bbox 2106 4356 3763 4432">
    <p class='ocr_par' dir='ltr' id='par_1_93' title="bbox 2106 4356 3763 4432">
     <span class='ocr_line' id='line_1_93' title="bbox 2106 4356 3763 4432; baseline 0.004 -22"><span class='ocrx_word' id='word_1_711' title='bbox 2106 4361 2224 4411; x_wconf 91' lang='lat' dir='ltr'>tem</span> <span class='ocrx_word' id='word_1_712' title='bbox 2257 4356 2464 4412; x_wconf 91' lang='lat' dir='ltr'>eadem</span> <span class='ocrx_word' id='word_1_713' title='bbox 2489 4373 2748 4429; x_wconf 89' lang='lat' dir='ltr'>quoque,</span> <span class='ocrx_word' id='word_1_714' title='bbox 2777 4364 2867 4414; x_wconf 91' lang='lat' dir='ltr'>est</span> <span class='ocrx_word' id='word_1_715' title='bbox 2887 4359 3039 4414; x_wconf 88' lang='lat' dir='ltr'>ratio</span> <span class='ocrx_word' id='word_1_716' title='bbox 3063 4359 3124 4414; x_wconf 91' lang='lat' dir='ltr'>in</span> <span class='ocrx_word' id='word_1_717' title='bbox 3148 4359 3475 4427; x_wconf 81' lang='lat' dir='ltr'>doloribus,</span> <span class='ocrx_word' id='word_1_718' title='bbox 3509 4377 3763 4432; x_wconf 89' lang='lat' dir='ltr'>quorum</span> 
     </span>
    </p>
   </div>
   <div class='ocr_carea' id='block_1_94' title="bbox 2106 4445 3766 4521">
    <p class='ocr_par' dir='ltr' id='par_1_94' title="bbox 2106 4445 3766 4521">
     <span class='ocr_line' id='line_1_94' title="bbox 2106 4445 3766 4521; baseline 0.002 -20"><span class='ocrx_word' id='word_1_719' title='bbox 2106 4445 2254 4501; x_wconf 91' lang='lat' dir='ltr'>alios</span> <span class='ocrx_word' id='word_1_720' title='bbox 2287 4445 2529 4516; x_wconf 89' lang='lat' dir='ltr'>quidem</span> <span class='ocrx_word' id='word_1_721' title='bbox 2562 4447 2907 4515; x_wconf 83' lang='lat' dir='ltr'>toleramus,</span> <span class='ocrx_word' id='word_1_722' title='bbox 2959 4447 3109 4503; x_wconf 89' lang='lat' dir='ltr'>alios</span> <span class='ocrx_word' id='word_1_723' title='bbox 3157 4465 3292 4504; x_wconf 89' lang='lat' dir='ltr'>vero</span> <span class='ocrx_word' id='word_1_724' title='bbox 3343 4447 3622 4521; x_wconf 82' lang='lat' dir='ltr'>fugimus.</span> <span class='ocrx_word' id='word_1_725' title='bbox 3674 4451 3766 4506; x_wconf 92' lang='lat' dir='ltr'>Fit</span> 
     </span>
    </p>
   </div>
   <div class='ocr_carea' id='block_1_95' title="bbox 2105 4536 3766 4610">
    <p class='ocr_par' dir='ltr' id='par_1_95' title="bbox 2105 4536 3766 4610">
     <span class='ocr_line' id='line_1_95' title="bbox 2105 4536 3766 4610; baseline 0.004 -20"><span class='ocrx_word' id='word_1_726' title='bbox 2105 4540 2305 4592; x_wconf 90' lang='lat' dir='ltr'>autem</span> <span class='ocrx_word' id='word_1_727' title='bbox 2338 4536 2548 4592; x_wconf 90' lang='lat' dir='ltr'>electio</span> <span class='ocrx_word' id='word_1_728' title='bbox 2577 4542 2634 4592; x_wconf 91' lang='lat' dir='ltr'>et</span> <span class='ocrx_word' id='word_1_729' title='bbox 2663 4536 2800 4610; x_wconf 87' lang='lat' dir='ltr'>fuga</span> <span class='ocrx_word' id='word_1_730' title='bbox 2831 4553 2900 4592; x_wconf 87' lang='lat' dir='ltr'>ex</span> <span class='ocrx_word' id='word_1_731' title='bbox 2944 4538 3229 4604; x_wconf 90' lang='lat' dir='ltr'>scientia;</span> <span class='ocrx_word' id='word_1_732' title='bbox 3278 4555 3345 4594; x_wconf 90' lang='lat' dir='ltr'>ac</span> <span class='ocrx_word' id='word_1_733' title='bbox 3376 4538 3627 4610; x_wconf 88' lang='lat' dir='ltr'>proinde</span> <span class='ocrx_word' id='word_1_734' title='bbox 3657 4539 3766 4596; x_wconf 92' lang='lat' dir='ltr'>bo-</span> 
     </span>
    </p>
   </div>
   <div class='ocr_carea' id='block_1_96' title="bbox 329 4607 2000 4702">
    <p class='ocr_par' dir='ltr' id='par_1_96' title="bbox 329 4607 1985 4702">
     <span class='ocr_line' id='line_1_96' title="bbox 329 4607 1985 4702; baseline -0.008 -14"><span class='ocrx_word' id='word_1_735' title='bbox 329 4607 492 4690; x_wconf 73' lang='grc' dir='ltr'>ποιάν</span> <span class='ocrx_word' id='word_1_736' title='bbox 527 4607 734 4700; x_wconf 76' lang='grc' dir='ltr'>ἡδονὴν</span> <span class='ocrx_word' id='word_1_737' title='bbox 787 4607 1151 4702; x_wconf 77' lang='grc' dir='ltr'>α’ίρησόμεθα.</span> <span class='ocrx_word' id='word_1_738' title='bbox 1187 4622 1394 4679; x_wconf 84' lang='grc' dir='ltr'>Αὐτίκα</span> <span class='ocrx_word' id='word_1_739' title='bbox 1444 4623 1472 4677; x_wconf 93' lang='lat'>6</span> <span class='ocrx_word' id='word_1_740' title='bbox 1526 4620 1730 4695; x_wconf 83' lang='grc' dir='ltr'>μάρτυς</span> <span class='ocrx_word' id='word_1_741' title='bbox 1779 4617 1985 4692; x_wconf 82' lang='grc' dir='ltr'>ἡδονήν</span> 
     </span>
    </p>
   </div>
   <div class='ocr_carea' id='block_1_97' title="bbox 2116 4607 3760 4702">
    <p class='ocr_par' dir='ltr' id='par_1_97' title="bbox 2116 4607 3760 4700">
     <span class='ocr_line' id='line_1_97' title="bbox 2116 4607 3760 4700; baseline 0.004 -21"><span class='ocrx_word' id='word_1_742' title='bbox 2116 4641 2248 4680; x_wconf 75' lang='lat' dir='ltr'>lum</span> <span class='ocrx_word' id='word_1_743' title='bbox 2273 4630 2380 4694; x_wconf 90' lang='lat' dir='ltr'>est,</span> <span class='ocrx_word' id='word_1_744' title='bbox 2407 4642 2530 4682; x_wconf 92' lang='lat' dir='ltr'>non</span> <span class='ocrx_word' id='word_1_745' title='bbox 2551 4607 2843 4698; x_wconf 78' lang='lat' dir='ltr'>voluptas,</span> <span class='ocrx_word' id='word_1_746' title='bbox 2873 4627 2976 4682; x_wconf 91' lang='lat' dir='ltr'>sed</span> <span class='ocrx_word' id='word_1_747' title='bbox 3008 4627 3280 4695; x_wconf 89' lang='lat' dir='ltr'>scientia,</span> <span class='ocrx_word' id='word_1_748' title='bbox 3315 4607 3559 4700; x_wconf 74' lang='lat' dir='ltr'>propter</span> <span class='ocrx_word' id='word_1_749' title='bbox 3580 4646 3760 4700; x_wconf 88' lang='lat' dir='ltr'>quam</span> 
     </span>
    </p>
   </div>
   <div class='ocr_carea' id='block_1_98' title="bbox 329 4709 1986 4793">
    <p class='ocr_par' dir='ltr' id='par_1_98' title="bbox 329 4709 1986 4793">
     <span class='ocr_line' id='line_1_98' title="bbox 329 4709 1986 4793; baseline -0.007 -15"><span class='ocrx_word' id='word_1_750' title='bbox 329 4723 432 4793; x_wconf 78' lang='grc' dir='ltr'>τὴν</span> <span class='ocrx_word' id='word_1_751' title='bbox 467 4719 536 4776; x_wconf 89' lang='grc' dir='ltr'>δι’</span> <span class='ocrx_word' id='word_1_752' title='bbox 568 4717 792 4781; x_wconf 87' lang='grc' dir='ltr'>ἐλπίδος</span> <span class='ocrx_word' id='word_1_753' title='bbox 825 4716 916 4772; x_wconf 77' lang='grc' dir='ltr'>διὰ</span> <span class='ocrx_word' id='word_1_754' title='bbox 937 4722 1037 4786; x_wconf 85' lang='grc' dir='ltr'>τῆς</span> <span class='ocrx_word' id='word_1_755' title='bbox 1075 4711 1359 4788; x_wconf 81' lang='grc' dir='ltr'>παρούσης</span> <span class='ocrx_word' id='word_1_756' title='bbox 1405 4709 1679 4782; x_wconf 83' lang='grc' dir='ltr'>ἀληδόνος</span> <span class='ocrx_word' id='word_1_757' title='bbox 1731 4711 1986 4786; x_wconf 71' lang='grc' dir='ltr'>αἱρεῖται.</span> 
     </span>
    </p>
   </div>
   <div class='ocr_carea' id='block_1_99' title="bbox 2099 4715 3760 4791">
    <p class='ocr_par' dir='ltr' id='par_1_99' title="bbox 2099 4715 3760 4791">
     <span class='ocr_line' id='line_1_99' title="bbox 2099 4715 3760 4791; baseline 0.005 -23"><span class='ocrx_word' id='word_1_758' title='bbox 2099 4715 2436 4788; x_wconf 87' lang='lat' dir='ltr'>voluptates</span> <span class='ocrx_word' id='word_1_759' title='bbox 2467 4716 2755 4788; x_wconf 87' lang='lat' dir='ltr'>quasdam</span> <span class='ocrx_word' id='word_1_760' title='bbox 2801 4733 3239 4788; x_wconf 87' lang='lat' dir='ltr'>nonnunquam</span> <span class='ocrx_word' id='word_1_761' title='bbox 3289 4717 3587 4791; x_wconf 89' lang='lat' dir='ltr'>eligimus.</span> <span class='ocrx_word' id='word_1_762' title='bbox 3632 4721 3760 4776; x_wconf 78' lang='lat' dir='ltr'>Iam</span> 
     </span>
    </p>
   </div>
   <div class='ocr_carea' id='block_1_100' title="bbox 415 4829 2000 4908">
    <p class='ocr_par' dir='ltr' id='par_1_100' title="bbox 415 4829 2000 4905">
     <span class='ocr_line' id='line_1_100' title="bbox 415 4829 2000 4905; baseline -0.008 -8"><span class='ocrx_word' id='word_1_763' title='bbox 415 4841 479 4905; x_wconf 66' lang='grc' dir='ltr'>ἰε</span> <span class='ocrx_word' id='word_1_764' title='bbox 509 4843 572 4896; x_wconf 89' lang='grc' dir='ltr'>Ρ.</span> <span class='ocrx_word' id='word_1_765' title='bbox 605 4841 708 4896; x_wconf 77' lang='grc'>573</span> <span class='ocrx_word' id='word_1_766' title='bbox 766 4839 877 4893; x_wconf 90' lang='lat' dir='ltr'>ED.</span> <span class='ocrx_word' id='word_1_767' title='bbox 922 4836 1217 4901; x_wconf 81' lang='lat' dir='ltr'>POTTER,</span> <span class='ocrx_word' id='word_1_768' title='bbox 1266 4833 1369 4887; x_wconf 88' lang='lat'>483</span> <span class='ocrx_word' id='word_1_769' title='bbox 1417 4832 1534 4889; x_wconf 85' lang='grc' dir='ltr'>ΕΙ).</span> <span class='ocrx_word' id='word_1_770' title='bbox 1571 4831 1773 4887; x_wconf 82' lang='lat' dir='ltr'><strong>PARS.</strong></span> <span class='ocrx_word' id='word_1_771' title='bbox 1833 4829 1908 4902; x_wconf 89' lang='lat' dir='ltr'>(a)</span> <span class='ocrx_word' id='word_1_772' title='bbox 1970 4831 2000 4885; x_wconf 68' lang='grc' dir='ltr'>Ρ</span> 
     </span>
    </p>
   </div>
   <div class='ocr_carea' id='block_1_101' title="bbox 2116 4829 3759 4908">
    <p class='ocr_par' dir='ltr' id='par_1_101' title="bbox 2116 4832 3759 4908">
     <span class='ocr_line' id='line_1_101' title="bbox 2116 4832 3759 4908; baseline 0.004 -22"><span class='ocrx_word' id='word_1_773' title='bbox 2116 4832 2188 4904; x_wconf 81' lang='lat' dir='ltr'>ip.</span> <span class='ocrx_word' id='word_1_774' title='bbox 2220 4850 2255 4902; x_wconf 81' lang='grc' dir='ltr'>ι,</span> <span class='ocrx_word' id='word_1_775' title='bbox 2294 4834 2380 4904; x_wconf 75' lang='lat'>13,</span> <span class='ocrx_word' id='word_1_776' title='bbox 2441 4835 2531 4890; x_wconf 82' lang='grc'>14.</span> <span class='ocrx_word' id='word_1_777' title='bbox 2598 4833 2673 4905; x_wconf 86' lang='lat' dir='ltr'>(b)</span> <span class='ocrx_word' id='word_1_778' title='bbox 2731 4835 2896 4890; x_wconf 84' lang='lat' dir='ltr'>Rom.</span> <span class='ocrx_word' id='word_1_779' title='bbox 2957 4851 3049 4905; x_wconf 89' lang='lat' dir='ltr'>xv,</span> <span class='ocrx_word' id='word_1_780' title='bbox 3081 4837 3135 4889; x_wconf 86' lang='lat'>4.</span> <span class='ocrx_word' id='word_1_781' title='bbox 3169 4834 3241 4907; x_wconf 84' lang='grc' dir='ltr'>(ο)</span> <span class='ocrx_word' id='word_1_782' title='bbox 3275 4839 3297 4889; x_wconf 91' lang='lat' dir='ltr'>l</span> <span class='ocrx_word' id='word_1_783' title='bbox 3327 4835 3457 4893; x_wconf 89' lang='lat' dir='ltr'>Cor.</span> <span class='ocrx_word' id='word_1_784' title='bbox 3510 4853 3607 4904; x_wconf 80' lang='lat' dir='ltr'>vn,</span> <span class='ocrx_word' id='word_1_785' title='bbox 3664 4839 3759 4908; x_wconf 83' lang='lat'>28,</span> 
     </span>
    </p>
   </div>
   <div class='ocr_carea' id='block_1_102' title="bbox 329 4916 542 4985">
    <p class='ocr_par' dir='ltr' id='par_1_102' title="bbox 329 4916 542 4985">
     <span class='ocr_line' id='line_1_102' title="bbox 329 4916 542 4985; baseline -0.009 -13"><span class='ocrx_word' id='word_1_786' title='bbox 329 4917 421 4985; x_wconf 80' lang='lat'>32,</span> <span class='ocrx_word' id='word_1_787' title='bbox 454 4916 542 4970; x_wconf 77' lang='lat'>35.</span> 
     </span>
    </p>
   </div>
   <div class='ocr_carea' id='block_1_103' title="bbox 331 5027 1988 5113">
    <p class='ocr_par' dir='ltr' id='par_1_103' title="bbox 331 5027 1988 5113">
     <span class='ocr_line' id='line_1_103' title="bbox 331 5027 1988 5113; baseline -0.004 -14"><span class='ocrx_word' id='word_1_788' title='bbox 331 5041 575 5104; x_wconf 77' lang='grc' dir='ltr'>πλοῦτος</span> <span class='ocrx_word' id='word_1_789' title='bbox 632 5036 792 5094; x_wconf 70' lang='grc' dir='ltr'>αὐτὸν</span> <span class='ocrx_word' id='word_1_790' title='bbox 851 5034 1138 5113; x_wconf 83' lang='grc' dir='ltr'>ἐφύσησεν,</span> <span class='ocrx_word' id='word_1_791' title='bbox 1208 5027 1330 5086; x_wconf 68' lang='grc' dir='ltr'>οὔτε</span> <span class='ocrx_word' id='word_1_792' title='bbox 1391 5032 1552 5113; x_wconf 67' lang='grc' dir='ltr'>πενία</span> <span class='ocrx_word' id='word_1_793' title='bbox 1611 5034 1988 5113; x_wconf 78' lang='grc' dir='ltr'>ἐταπείνωσεν.</span> 
     </span>
    </p>
   </div>
   <div class='ocr_carea' id='block_1_104' title="bbox 337 5105 1993 5186">
    <p class='ocr_par' dir='ltr' id='par_1_104' title="bbox 337 5105 1993 5186">
     <span class='ocr_line' id='line_1_104' title="bbox 337 5105 1993 5186; baseline -0.002 -18"><span class='ocrx_word' id='word_1_794' title='bbox 337 5138 366 5168; x_wconf 86' lang='grc'><strong>‹‹</strong></span> <span class='ocrx_word' id='word_1_795' title='bbox 398 5117 612 5171; x_wconf 87' lang='lat' dir='ltr'>Beatus</span> <span class='ocrx_word' id='word_1_796' title='bbox 644 5113 762 5186; x_wconf 87' lang='lat' dir='ltr'>hic,</span> <span class='ocrx_word' id='word_1_797' title='bbox 806 5105 951 5186; x_wconf 77' lang='lat' dir='ltr'>licet</span> <span class='ocrx_word' id='word_1_798' title='bbox 1000 5108 1073 5186; x_wconf 89' lang='lat' dir='ltr'>in_</span> <span class='ocrx_word' id='word_1_799' title='bbox 1121 5122 1256 5186; x_wconf 74' lang='lat' dir='ltr'>eum</span> <span class='ocrx_word' id='word_1_800' title='bbox 1286 5105 1552 5186; x_wconf 68' lang='lat' dir='ltr'>undique</span> <span class='ocrx_word' id='word_1_801' title='bbox 1611 5108 1993 5186; x_wconf 78' lang='lat' dir='ltr'>mitterentur</span> 
     </span>
    </p>
   </div>
   <div class='ocr_carea' id='block_1_105' title="bbox 334 5177 1988 5260">
    <p class='ocr_par' dir='ltr' id='par_1_105' title="bbox 334 5177 1988 5260">
     <span class='ocr_line' id='line_1_105' title="bbox 334 5177 1988 5260; baseline -0.005 -16"><span class='ocrx_word' id='word_1_802' title='bbox 334 5188 585 5260; x_wconf 73' lang='lat' dir='ltr'>sagittaa,</span> <span class='ocrx_word' id='word_1_803' title='bbox 615 5177 798 5260; x_wconf 77' lang='lat' dir='ltr'>tutior</span> <span class='ocrx_word' id='word_1_804' title='bbox 821 5200 889 5260; x_wconf 82' lang='lat' dir='ltr'>ac</span> <span class='ocrx_word' id='word_1_805' title='bbox 920 5178 1150 5236; x_wconf 83' lang='lat' dir='ltr'>ﬁrmior</span> <span class='ocrx_word' id='word_1_806' title='bbox 1172 5177 1567 5260; x_wconf 70' lang='lat' dir='ltr'>nihilominus</span> <span class='ocrx_word' id='word_1_807' title='bbox 1589 5181 1988 5260; x_wconf 72' lang='lat' dir='ltr'>consistebat;</span> 
     </span>
    </p>
   </div>
   <div class='ocr_carea' id='block_1_106' title="bbox 333 5248 1991 5330">
    <p class='ocr_par' dir='ltr' id='par_1_106' title="bbox 333 5248 1991 5330">
     <span class='ocr_line' id='line_1_106' title="bbox 333 5248 1991 5330; baseline -0.004 -14"><span class='ocrx_word' id='word_1_808' title='bbox 333 5248 592 5330; x_wconf 75' lang='lat' dir='ltr'>cumque</span> <span class='ocrx_word' id='word_1_809' title='bbox 613 5257 818 5330; x_wconf 89' lang='lat' dir='ltr'>jacula</span> <span class='ocrx_word' id='word_1_810' title='bbox 856 5248 1321 5330; x_wconf 81' lang='lat' dir='ltr'>innumerabilia</span> <span class='ocrx_word' id='word_1_811' title='bbox 1352 5251 1704 5330; x_wconf 64' lang='lat' dir='ltr'>excepisset,</span> <span class='ocrx_word' id='word_1_812' title='bbox 1734 5254 1887 5308; x_wconf 89' lang='lat' dir='ltr'>nihil</span> <span class='ocrx_word' id='word_1_813' title='bbox 1919 5248 1991 5309; x_wconf 87' lang='lat' dir='ltr'>de</span> 
     </span>
    </p>
   </div>
   <div class='ocr_carea' id='block_1_107' title="bbox 333 5321 1990 5403">
    <p class='ocr_par' dir='ltr' id='par_1_107' title="bbox 333 5321 1990 5403">
     <span class='ocr_line' id='line_1_107' title="bbox 333 5321 1990 5403; baseline -0.004 -16"><span class='ocrx_word' id='word_1_814' title='bbox 333 5321 521 5388; x_wconf 75' lang='lat' dir='ltr'>animi</span> <span class='ocrx_word' id='word_1_815' title='bbox 551 5321 763 5403; x_wconf 73' lang='lat' dir='ltr'>virtute</span> <span class='ocrx_word' id='word_1_816' title='bbox 785 5324 1036 5382; x_wconf 88' lang='lat' dir='ltr'>remisit.</span> <span class='ocrx_word' id='word_1_817' title='bbox 1072 5327 1195 5376; x_wconf 87' lang='lat' dir='ltr'>lmo</span> <span class='ocrx_word' id='word_1_818' title='bbox 1229 5321 1618 5403; x_wconf 81' lang='lat' dir='ltr'>vero__diaboli</span> <span class='ocrx_word' id='word_1_819' title='bbox 1650 5325 1990 5403; x_wconf 74' lang='lat' dir='ltr'>pharetram</span> 
     </span>
    </p>
   </div>
   <div class='ocr_carea' id='block_1_108' title="bbox 331 5392 1988 5472">
    <p class='ocr_par' dir='ltr' id='par_1_108' title="bbox 331 5392 1988 5472">
     <span class='ocr_line' id='line_1_108' title="bbox 331 5392 1988 5472; baseline -0.005 -12"><span class='ocrx_word' id='word_1_820' title='bbox 331 5403 633 5470; x_wconf 81' lang='lat' dir='ltr'>exhausit,</span> <span class='ocrx_word' id='word_1_821' title='bbox 667 5401 792 5472; x_wconf 91' lang='lat' dir='ltr'>ipse</span> <span class='ocrx_word' id='word_1_822' title='bbox 827 5415 959 5454; x_wconf 89' lang='lat' dir='ltr'>vero</span> <span class='ocrx_word' id='word_1_823' title='bbox 988 5412 1096 5450; x_wconf 90' lang='lat' dir='ltr'>nec</span> <span class='ocrx_word' id='word_1_824' title='bbox 1124 5392 1417 5472; x_wconf 78' lang='lat' dir='ltr'>concedit,</span> <span class='ocrx_word' id='word_1_825' title='bbox 1458 5411 1597 5472; x_wconf 85' lang='lat' dir='ltr'>nec_</span> <span class='ocrx_word' id='word_1_826' title='bbox 1623 5392 1822 5452; x_wconf 79' lang='lat' dir='ltr'>animo</span> <span class='ocrx_word' id='word_1_827' title='bbox 1873 5397 1988 5452; x_wconf 81' lang='lat' dir='ltr'>fra-</span> 
     </span>
    </p>
   </div>
   <div class='ocr_carea' id='block_1_109' title="bbox 329 5465 1988 5542">
    <p class='ocr_par' dir='ltr' id='par_1_109' title="bbox 329 5465 1988 5542">
     <span class='ocr_line' id='line_1_109' title="bbox 329 5465 1988 5542; baseline -0.004 -11"><span class='ocrx_word' id='word_1_828' title='bbox 329 5481 459 5532; x_wconf 89' lang='lat' dir='ltr'>ctus</span> <span class='ocrx_word' id='word_1_829' title='bbox 488 5480 595 5542; x_wconf 79' lang='lat' dir='ltr'>est,</span> <span class='ocrx_word' id='word_1_830' title='bbox 621 5465 730 5529; x_wconf 79' lang='lat' dir='ltr'>sed</span> <span class='ocrx_word' id='word_1_831' title='bbox 763 5478 1046 5542; x_wconf 87' lang='lat' dir='ltr'>tanquam</span> <span class='ocrx_word' id='word_1_832' title='bbox 1077 5465 1439 5542; x_wconf 64' lang='lat' dir='ltr'>gybernator</span> <span class='ocrx_word' id='word_1_833' title='bbox 1480 5467 1760 5542; x_wconf 74' lang='lat' dir='ltr'>optimus,</span> <span class='ocrx_word' id='word_1_834' title='bbox 1794 5485 1988 5542; x_wconf 86' lang='lat' dir='ltr'>neque</span> 
     </span>
    </p>
   </div>
   <div class='ocr_carea' id='block_1_110' title="bbox 327 5537 1985 5612">
    <p class='ocr_par' dir='ltr' id='par_1_110' title="bbox 327 5537 1985 5612">
     <span class='ocr_line' id='line_1_110' title="bbox 327 5537 1985 5612; baseline -0.005 -9"><span class='ocrx_word' id='word_1_835' title='bbox 327 5548 571 5604; x_wconf 84' lang='lat' dir='ltr'>furente</span> <span class='ocrx_word' id='word_1_836' title='bbox 584 5537 766 5605; x_wconf 47' lang='lat' dir='ltr'>&#39;mari.</span> <span class='ocrx_word' id='word_1_837' title='bbox 788 5537 1036 5612; x_wconf 79' lang='lat' dir='ltr'>seseque</span> <span class='ocrx_word' id='word_1_838' title='bbox 1060 5537 1448 5612; x_wconf 59' lang='lat' dir='ltr'>offerentibus</span> <span class='ocrx_word' id='word_1_839' title='bbox 1474 5537 1751 5594; x_wconf 83' lang='lat' dir='ltr'>fluctibus</span> <span class='ocrx_word' id='word_1_840' title='bbox 1774 5537 1985 5595; x_wconf 80' lang='lat' dir='ltr'>obrue-</span> 
     </span>
    </p>
   </div>
   <div class='ocr_carea' id='block_1_111' title="bbox 333 5609 1992 5688">
    <p class='ocr_par' dir='ltr' id='par_1_111' title="bbox 333 5609 1992 5688">
     <span class='ocr_line' id='line_1_111' title="bbox 333 5609 1992 5688; baseline -0.005 -13"><span class='ocrx_word' id='word_1_841' title='bbox 333 5620 510 5675; x_wconf 88' lang='lat' dir='ltr'>batur</span> <span class='ocrx_word' id='word_1_842' title='bbox 537 5635 550 5683; x_wconf 84' lang='lat'><strong>;</strong></span> <span class='ocrx_word' id='word_1_843' title='bbox 584 5632 777 5688; x_wconf 91' lang='lat' dir='ltr'>neque</span> <span class='ocrx_word' id='word_1_844' title='bbox 806 5616 867 5670; x_wconf 93' lang='lat' dir='ltr'>in</span> <span class='ocrx_word' id='word_1_845' title='bbox 898 5609 1308 5688; x_wconf 76' lang='lat' dir='ltr'>tranquilitate</span> <span class='ocrx_word' id='word_1_846' title='bbox 1339 5615 1516 5688; x_wconf 88' lang='lat' dir='ltr'>atque</span> <span class='ocrx_word' id='word_1_847' title='bbox 1565 5612 1819 5688; x_wconf 79' lang='lat' dir='ltr'>malacia</span> <span class='ocrx_word' id='word_1_848' title='bbox 1864 5617 1992 5688; x_wconf 81' lang='lat' dir='ltr'>erat</span> 
     </span>
    </p>
   </div>
   <div class='ocr_carea' id='block_1_112' title="bbox 333 5681 1989 5759">
    <p class='ocr_par' dir='ltr' id='par_1_112' title="bbox 333 5681 1989 5759">
     <span class='ocr_line' id='line_1_112' title="bbox 333 5681 1989 5759; baseline -0.005 -12"><span class='ocrx_word' id='word_1_849' title='bbox 333 5681 701 5747; x_wconf 71' lang='lat' dir='ltr'>desidiosior</span> <span class='ocrx_word' id='word_1_850' title='bbox 739 5704 750 5742; x_wconf 93' lang='lat'>:</span> <span class='ocrx_word' id='word_1_851' title='bbox 810 5701 1014 5759; x_wconf 87' lang='lat' dir='ltr'>parem</span> <span class='ocrx_word' id='word_1_852' title='bbox 1071 5681 1515 5759; x_wconf 69' lang='lat' dir='ltr'>potiusartem</span> <span class='ocrx_word' id='word_1_853' title='bbox 1575 5682 1650 5738; x_wconf 88' lang='lat' dir='ltr'>ad</span> <span class='ocrx_word' id='word_1_854' title='bbox 1706 5684 1989 5756; x_wconf 89' lang='lat' dir='ltr'>temporis</span> 
     </span>
    </p>
   </div>
   <div class='ocr_carea' id='block_1_113' title="bbox 333 5751 1628 5820">
    <p class='ocr_par' dir='ltr' id='par_1_113' title="bbox 333 5751 1628 5820">
     <span class='ocr_line' id='line_1_113' title="bbox 333 5751 1628 5820; baseline -0.007 0"><span class='ocrx_word' id='word_1_855' title='bbox 333 5763 648 5820; x_wconf 83' lang='lat' dir='ltr'>utriusque</span> <span class='ocrx_word' id='word_1_856' title='bbox 679 5751 1004 5815; x_wconf 74' lang='lat' dir='ltr'>discrimen</span> <span class='ocrx_word' id='word_1_857' title='bbox 1027 5751 1330 5809; x_wconf 67' lang='lat' dir='ltr'>afferebat.</span> <span class='ocrx_word' id='word_1_858' title='bbox 1364 5754 1628 5811; x_wconf 81' lang='lat' dir='ltr'>COLLECT.</span> 
     </span>
    </p>
   </div>
   <div class='ocr_carea' id='block_1_114' title="bbox 306 5823 1454 5908">
    <p class='ocr_par' dir='ltr' id='par_1_114' title="bbox 306 5823 1454 5908">
     <span class='ocr_line' id='line_1_114' title="bbox 306 5823 1454 5908; baseline -0.006 -19"><span class='ocrx_word' id='word_1_859' title='bbox 306 5857 314 5868; x_wconf 89' lang='grc'><strong>·</strong></span> <span class='ocrx_word' id='word_1_860' title='bbox 411 5834 522 5908; x_wconf 79' lang='grc'>(41)</span> <span class='ocrx_word' id='word_1_861' title='bbox 551 5823 665 5891; x_wconf 77' lang='grc' dir='ltr'>Τοῦ</span> <span class='ocrx_word' id='word_1_862' title='bbox 696 5832 850 5887; x_wconf 72' lang='grc' dir='ltr'>Θεοῦ.</span> <span class='ocrx_word' id='word_1_863' title='bbox 883 5827 1066 5884; x_wconf 84' lang='lat' dir='ltr'>Abest</span> <span class='ocrx_word' id='word_1_864' title='bbox 1094 5841 1129 5884; x_wconf 74' lang='grc' dir='ltr'>θ.</span> <span class='ocrx_word' id='word_1_865' title='bbox 1159 5823 1375 5896; x_wconf 88' lang='lat' dir='ltr'>Philip.</span> <span class='ocrx_word' id='word_1_866' title='bbox 1419 5841 1454 5883; x_wconf 80' lang='grc' dir='ltr'>ι.</span> 
     </span>
    </p>
   </div>
   <div class='ocr_carea' id='block_1_115' title="bbox 2178 5029 3757 5110">
    <p class='ocr_par' dir='ltr' id='par_1_115' title="bbox 2178 5029 3757 5110">
     <span class='ocr_line' id='line_1_115' title="bbox 2178 5029 3757 5110; baseline 0.004 -22"><span class='ocrx_word' id='word_1_867' title='bbox 2178 5033 2286 5104; x_wconf 82' lang='lat'>(42)</span> <span class='ocrx_word' id='word_1_868' title='bbox 2314 5032 2612 5110; x_wconf 34' lang='lat' dir='ltr'>&quot;QGG‘Y5Rt</span> <span class='ocrx_word' id='word_1_869' title='bbox 2657 5033 2692 5101; x_wconf 78' lang='grc' dir='ltr'>ἠ</span> <span class='ocrx_word' id='word_1_870' title='bbox 2741 5031 2930 5110; x_wconf 75' lang='grc' dir='ltr'>Γραφῂ</span> <span class='ocrx_word' id='word_1_871' title='bbox 2973 5029 3140 5110; x_wconf 70' lang='grc' dir='ltr'>λέγει,</span> <span class='ocrx_word' id='word_1_872' title='bbox 3168 5033 3248 5110; x_wconf 74' lang='grc' dir='ltr'>εἷς</span> <span class='ocrx_word' id='word_1_873' title='bbox 3297 5055 3346 5090; x_wconf 87' lang='grc' dir='ltr'>τ.</span> <span class='ocrx_word' id='word_1_874' title='bbox 3382 5037 3601 5110; x_wconf 71' lang='grc' dir='ltr'>ΕοΓδειη</span> <span class='ocrx_word' id='word_1_875' title='bbox 3654 5053 3757 5110; x_wconf 75' lang='lat' dir='ltr'>au-</span> 
     </span>
    </p>
   </div>
   <div class='ocr_carea' id='block_1_116' title="bbox 2108 5103 3756 5182">
    <p class='ocr_par' dir='ltr' id='par_1_116' title="bbox 2108 5103 3756 5182">
     <span class='ocr_line' id='line_1_116' title="bbox 2108 5103 3756 5182; baseline 0.002 -23"><span class='ocrx_word' id='word_1_876' title='bbox 2108 5103 2544 5182; x_wconf 50' lang='lat' dir='ltr'>ctonmripsit&#39;:</span> <span class='ocrx_word' id='word_1_877' title='bbox 2576 5106 2714 5161; x_wconf 87' lang='grc' dir='ltr'>Ὅσα</span> <span class='ocrx_word' id='word_1_878' title='bbox 2749 5103 2878 5180; x_wconf 68' lang='grc' dir='ltr'>γὰρ’</span> <span class='ocrx_word' id='word_1_879' title='bbox 2905 5103 3134 5182; x_wconf 72' lang='grc' dir='ltr'>ἐγράφη,</span> <span class='ocrx_word' id='word_1_880' title='bbox 3168 5105 3335 5182; x_wconf 75' lang='grc' dir='ltr'>λέγει,</span> <span class='ocrx_word' id='word_1_881' title='bbox 3382 5105 3458 5182; x_wconf 71' lang='grc' dir='ltr'>εἰς</span> <span class='ocrx_word' id='word_1_882' title='bbox 3505 5129 3554 5164; x_wconf 87' lang='grc' dir='ltr'>τ.</span> <span class='ocrx_word' id='word_1_883' title='bbox 3590 5109 3756 5181; x_wconf 86' lang='lat' dir='ltr'>Vulg.</span> 
     </span>
    </p>
   </div>
   <div class='ocr_carea' id='block_1_117' title="bbox 2105 5177 3758 5254">
    <p class='ocr_par' dir='ltr' id='par_1_117' title="bbox 2105 5177 3758 5254">
     <span class='ocr_line' id='line_1_117' title="bbox 2105 5177 3758 5254; baseline 0.003 -23"><span class='ocrx_word' id='word_1_884' title='bbox 2105 5177 2296 5254; x_wconf 79' lang='lat' dir='ltr'>Biblia</span> <span class='ocrx_word' id='word_1_885' title='bbox 2355 5180 2524 5254; x_wconf 78' lang='lat' dir='ltr'>Rom.</span> <span class='ocrx_word' id='word_1_886' title='bbox 2585 5196 2677 5246; x_wconf 84' lang='lat' dir='ltr'>xv,</span> <span class='ocrx_word' id='word_1_887' title='bbox 2737 5177 3058 5254; x_wconf 66' lang='grc' dir='ltr'>προεγράφη</span> <span class='ocrx_word' id='word_1_888' title='bbox 3112 5177 3451 5254; x_wconf 44' lang='lat' dir='ltr'>habentnin</span> <span class='ocrx_word' id='word_1_889' title='bbox 3505 5177 3758 5254; x_wconf 74' lang='lat' dir='ltr'>utroque</span> 
     </span>
    </p>
   </div>
   <div class='ocr_carea' id='block_1_118' title="bbox 2104 5243 3761 5324">
    <p class='ocr_par' dir='ltr' id='par_1_118' title="bbox 2104 5243 3761 5324">
     <span class='ocr_line' id='line_1_118' title="bbox 2104 5243 3761 5324; baseline 0.002 -20"><span class='ocrx_word' id='word_1_890' title='bbox 2104 5248 2392 5324; x_wconf 75' lang='lat' dir='ltr'>membro.</span> <span class='ocrx_word' id='word_1_891' title='bbox 2428 5243 2678 5324; x_wconf 16' lang='grc' dir='ltr'>Ϋο-ξίτῆς</span> <span class='ocrx_word' id='word_1_892' title='bbox 2710 5243 3110 5321; x_wconf 66' lang='grc' dir='ltr'>παρακλήσεως</span> <span class='ocrx_word' id='word_1_893' title='bbox 3159 5257 3294 5322; x_wconf 85' lang='lat' dir='ltr'>post</span> <span class='ocrx_word' id='word_1_894' title='bbox 3345 5243 3564 5324; x_wconf 76' lang='grc' dir='ltr'>ἔχωμεν</span> <span class='ocrx_word' id='word_1_895' title='bbox 3592 5243 3761 5307; x_wconf 63' lang='grc' dir='ltr'>ο.ὺέδί</span> 
     </span>
    </p>
   </div>
   <div class='ocr_carea' id='block_1_119' title="bbox 2104 5321 2911 5377">
    <p class='ocr_par' dir='ltr' id='par_1_119' title="bbox 2104 5321 2911 5377">
     <span class='ocr_line' id='line_1_119' title="bbox 2104 5321 2911 5377; baseline -0.001 -1"><span class='ocrx_word' id='word_1_896' title='bbox 2104 5321 2176 5376; x_wconf 88' lang='lat' dir='ltr'>ab</span> <span class='ocrx_word' id='word_1_897' title='bbox 2210 5321 2420 5376; x_wconf 90' lang='lat' dir='ltr'>iisdem</span> <span class='ocrx_word' id='word_1_898' title='bbox 2454 5322 2601 5376; x_wconf 89' lang='lat' dir='ltr'>Bibl.</span> <span class='ocrx_word' id='word_1_899' title='bbox 2638 5323 2911 5377; x_wconf 77' lang='lat' dir='ltr'>SYLBURG.</span> 
     </span>
    </p>
   </div>
   <div class='ocr_carea' id='block_1_120' title="bbox 2175 5390 3758 5476">
    <p class='ocr_par' dir='ltr' id='par_1_120' title="bbox 2175 5390 3758 5476">
     <span class='ocr_line' id='line_1_120' title="bbox 2175 5390 3758 5476; baseline 0.003 -30"><span class='ocrx_word' id='word_1_900' title='bbox 2175 5390 2426 5476; x_wconf 59' lang='lat' dir='ltr'>(43)_i(ai</span> <span class='ocrx_word' id='word_1_901' title='bbox 2460 5390 2516 5446; x_wconf 76' lang='grc' dir='ltr'>εὗ</span> <span class='ocrx_word' id='word_1_902' title='bbox 2546 5411 2642 5476; x_wconf 83' lang='grc' dir='ltr'>χρ.</span> <span class='ocrx_word' id='word_1_903' title='bbox 2680 5397 2790 5448; x_wconf 89' lang='lat' dir='ltr'>Pro</span> <span class='ocrx_word' id='word_1_904' title='bbox 2847 5392 2938 5446; x_wconf 76' lang='grc' dir='ltr'>καὶ</span> <span class='ocrx_word' id='word_1_905' title='bbox 2999 5391 3374 5476; x_wconf 47' lang='grc' dir='ltr'>ωδιὶιῑιητῆν,</span> <span class='ocrx_word' id='word_1_906' title='bbox 3406 5398 3500 5476; x_wconf 33' lang='lat' dir='ltr'>“ut</span> <span class='ocrx_word' id='word_1_907' title='bbox 3548 5411 3758 5476; x_wconf 70' lang='lat' dir='ltr'>sensus</span> 
     </span>
    </p>
   </div>
   <div class='ocr_carea' id='block_1_121' title="bbox 2106 5464 3760 5534">
    <p class='ocr_par' dir='ltr' id='par_1_121' title="bbox 2106 5464 3760 5534">
     <span class='ocr_line' id='line_1_121' title="bbox 2106 5464 3760 5534; baseline 0.001 -14"><span class='ocrx_word' id='word_1_908' title='bbox 2106 5465 2201 5532; x_wconf 89' lang='lat' dir='ltr'>sit,</span> <span class='ocrx_word' id='word_1_909' title='bbox 2238 5488 2264 5514; x_wconf 85' lang='grc'><em>‹‹</em></span> <span class='ocrx_word' id='word_1_910' title='bbox 2299 5467 2438 5520; x_wconf 89' lang='lat' dir='ltr'>Eam</span> <span class='ocrx_word' id='word_1_911' title='bbox 2462 5464 2746 5531; x_wconf 81' lang='lat' dir='ltr'>animam,</span> <span class='ocrx_word' id='word_1_912' title='bbox 2781 5482 2911 5534; x_wconf 73' lang='lat' dir='ltr'>quaa</span> <span class='ocrx_word' id='word_1_913' title='bbox 2943 5464 3340 5534; x_wconf 75' lang='lat' dir='ltr'>prmsentibus</span> <span class='ocrx_word' id='word_1_914' title='bbox 3358 5465 3443 5518; x_wconf 90' lang='lat' dir='ltr'>uti</span> <span class='ocrx_word' id='word_1_915' title='bbox 3474 5467 3653 5532; x_wconf 85' lang='lat' dir='ltr'>norit,</span> <span class='ocrx_word' id='word_1_916' title='bbox 3687 5467 3760 5521; x_wconf 86' lang='lat' dir='ltr'>li-</span> 
     </span>
    </p>
   </div>
   <div class='ocr_carea' id='block_1_122' title="bbox 2103 5535 3756 5609">
    <p class='ocr_par' dir='ltr' id='par_1_122' title="bbox 2103 5535 3756 5609">
     <span class='ocr_line' id='line_1_122' title="bbox 2103 5535 3756 5609; baseline 0.002 -17"><span class='ocrx_word' id='word_1_917' title='bbox 2103 5536 2309 5592; x_wconf 89' lang='lat' dir='ltr'>beram</span> <span class='ocrx_word' id='word_1_918' title='bbox 2341 5543 2399 5592; x_wconf 91' lang='lat' dir='ltr'>et</span> <span class='ocrx_word' id='word_1_919' title='bbox 2427 5537 2872 5609; x_wconf 87' lang='lat' dir='ltr'>impedimentis</span> <span class='ocrx_word' id='word_1_920' title='bbox 2921 5535 3251 5609; x_wconf 83' lang='lat' dir='ltr'>immunem</span> <span class='ocrx_word' id='word_1_921' title='bbox 3282 5553 3390 5607; x_wconf 92' lang='lat' dir='ltr'>per</span> <span class='ocrx_word' id='word_1_922' title='bbox 3439 5539 3756 5596; x_wconf 88' lang='lat' dir='ltr'>sanitatem</span> 
     </span>
    </p>
   </div>
   <div class='ocr_carea' id='block_1_123' title="bbox 2106 5606 3481 5677">
    <p class='ocr_par' dir='ltr' id='par_1_123' title="bbox 2106 5606 3481 5677">
     <span class='ocr_line' id='line_1_123' title="bbox 2106 5606 3481 5677; baseline -0.004 -13"><span class='ocrx_word' id='word_1_923' title='bbox 2106 5615 2164 5664; x_wconf 93' lang='lat' dir='ltr'>et</span> <span class='ocrx_word' id='word_1_924' title='bbox 2192 5625 2392 5665; x_wconf 89' lang='lat' dir='ltr'>rerum</span> <span class='ocrx_word' id='word_1_925' title='bbox 2426 5606 2830 5665; x_wconf 79' lang='lat' dir='ltr'>necessarium</span> <span class='ocrx_word' id='word_1_926' title='bbox 2863 5606 3095 5677; x_wconf 90' lang='lat' dir='ltr'>copiam</span> <span class='ocrx_word' id='word_1_927' title='bbox 3127 5606 3417 5677; x_wconf 78' lang='lat' dir='ltr'>praestari.</span> <span class='ocrx_word' id='word_1_928' title='bbox 3453 5632 3481 5660; x_wconf 84' lang='lat'><strong><em>»</em></strong></span> 
     </span>
    </p>
   </div>
   <div class='ocr_carea' id='block_1_124' title="bbox 2173 5678 3754 5753">
    <p class='ocr_par' dir='ltr' id='par_1_124' title="bbox 2173 5678 3754 5753">
     <span class='ocr_line' id='line_1_124' title="bbox 2173 5678 3754 5753; baseline 0.002 -19"><span class='ocrx_word' id='word_1_929' title='bbox 2173 5680 2287 5751; x_wconf 80' lang='lat'>(44)</span> <span class='ocrx_word' id='word_1_930' title='bbox 2346 5678 2565 5753; x_wconf 54' lang='lat' dir='ltr'>(mw,</span> <span class='ocrx_word' id='word_1_931' title='bbox 2625 5683 2696 5753; x_wconf 69' lang='lat' dir='ltr'>In</span> <span class='ocrx_word' id='word_1_932' title='bbox 2735 5678 3276 5753; x_wconf 78' lang='lat' dir='ltr'>unum_conj_ungit</span> <span class='ocrx_word' id='word_1_933' title='bbox 3306 5680 3326 5734; x_wconf 95' lang='grc' dir='ltr'>Ι</span> <span class='ocrx_word' id='word_1_934' title='bbox 3357 5681 3488 5736; x_wconf 90' lang='lat' dir='ltr'>Cor.</span> <span class='ocrx_word' id='word_1_935' title='bbox 3532 5699 3629 5753; x_wconf 77' lang='lat' dir='ltr'>vn.</span> <span class='ocrx_word' id='word_1_936' title='bbox 3654 5685 3754 5753; x_wconf 9' lang='lat'>728,</span> 
     </span>
    </p>
   </div>
   <div class='ocr_carea' id='block_1_125' title="bbox 2102 5747 3754 5829">
    <p class='ocr_par' dir='ltr' id='par_1_125' title="bbox 2102 5747 3754 5829">
     <span class='ocr_line' id='line_1_125' title="bbox 2102 5747 3754 5829; baseline 0.002 -25"><span class='ocrx_word' id='word_1_937' title='bbox 2102 5747 2191 5829; x_wconf 67' lang='lat'>22,</span> <span class='ocrx_word' id='word_1_938' title='bbox 2226 5747 2315 5819; x_wconf 74' lang='lat'>35,</span> <span class='ocrx_word' id='word_1_939' title='bbox 2345 5753 2448 5829; x_wconf 77' lang='lat' dir='ltr'>ubi</span> <span class='ocrx_word' id='word_1_940' title='bbox 2467 5747 2629 5829; x_wconf 68' lang='grc' dir='ltr'>’θέλω</span> <span class='ocrx_word' id='word_1_941' title='bbox 2655 5747 2712 5804; x_wconf 65' lang='grc' dir='ltr'>δὲ</span> <span class='ocrx_word' id='word_1_942' title='bbox 2736 5767 2842 5822; x_wconf 89' lang='lat' dir='ltr'>pro</span> <span class='ocrx_word' id='word_1_943' title='bbox 2875 5747 3021 5829; x_wconf 81' lang='grc' dir='ltr'>θέλω</span> <span class='ocrx_word' id='word_1_944' title='bbox 3045 5747 3172 5822; x_wconf 76' lang='grc' dir='ltr'>γάρ,</span> <span class='ocrx_word' id='word_1_945' title='bbox 3198 5747 3283 5806; x_wconf 61' lang='grc' dir='ltr'>ἐἰ</span> <span class='ocrx_word' id='word_1_946' title='bbox 3311 5769 3448 5808; x_wconf 81' lang='lat' dir='ltr'>mox</span> <span class='ocrx_word' id='word_1_947' title='bbox 3497 5747 3754 5829; x_wconf 64' lang='grc' dir='ltr'>εὐπρόσεὲ</span> 
     </span>
    </p>
   </div>
   <div class='ocr_carea' id='block_1_126' title="bbox 2103 5819 2972 5900">
    <p class='ocr_par' dir='ltr' id='par_1_126' title="bbox 2103 5819 2972 5900">
     <span class='ocr_line' id='line_1_126' title="bbox 2103 5819 2972 5900; baseline 0.002 -24"><span class='ocrx_word' id='word_1_948' title='bbox 2103 5820 2229 5899; x_wconf 86' lang='grc' dir='ltr'>δρον</span> <span class='ocrx_word' id='word_1_949' title='bbox 2259 5841 2366 5897; x_wconf 88' lang='lat' dir='ltr'>pro</span> <span class='ocrx_word' id='word_1_950' title='bbox 2397 5819 2972 5900; x_wconf 46' lang='grc' dir='ltr'>εὐπάρεδροίθχεῐειῐ.</span> 
     </span>
    </p>
   </div>
  </div>
