4138 6386
366 357 512 414 1237

363 479 531 560 φησὶν
567 481 596 534 6
629 477 937 542 Χαλκιδεύς
975 479 1284 558 Εὐφορίων.

365 597 540 672 Κακᾷν
574 597 664 651 οὗν
699 597 766 672 ἦν
794 597 857 672 τὸ
880 593 1146 672 Απαίδευμ’
1178 595 1574 672 εἲςίειόανδρίαν

361 673 419 727 Ὀ
451 668 692 733 πλοῦτος
719 667 1111 746 ἀνθρώποισιν,
1147 667 1201 724 α⁹ί
1231 671 1280 724 τ’
1312 667 1704 747 ἄγανπρυφαὶ,

367 787 418 842 έν
477 791 559 858 τῷ
617 783 961 862 Ἀλεξάνδρῳ
1008 787 1035 842 6
1089 783 1394 862 Εὐριπίδης
1453 787 1733 845 πεποίκεν.
1795 785 2030 863 Εἴρηται

364 901 446 956 γε,
485 903 513 933 α
543 881 610 936 Ἡ
639 881 798 934 πενία
827 880 942 952 (51)
973 879 1166 956 σοφίαν
1200 877 1363 954 λάχε,
1397 875 1487 934 διὰ
1515 880 1576 934 τὸ
1610 882 1860 956 συγγενὲς
1895 884 2030 954 (52).

1711 360 1951 418 STBOM
1960 365 2161 420 ATU]!
2200 364 2334 417 LIB.
2378 362 2470 416 IV.

2071 491 2127 558 Α
2156 485 2240 542 ait
2269 485 2609 558 Euphorion
2641 484 3048 541 Chalcidensis

3641 363 3808 419 31238

2255 607 2346 662 Nil
2368 607 2533 676 pejus
2563 606 2758 676 Opibus
2785 605 3171 676 fortitudinem
3201 604 3354 661 docet

2249 680 2506 732 Homines
2535 678 2790 746 misellos,
2825 679 3110 748 nimiaque
3141 677 3388 733 luxuries
3419 693 3609 745 comes,

2143 793 2290 850 dixit
2318 795 2379 849 in
2430 795 2757 850 Alexandro
2801 794 3134 867 Euripides.
3181 794 3415 850 Dictum
3467 799 3624 850 certe
3669 800 3796 852 est:

2142 907 2169 934 «
2190 884 2530 956 Paupertati
2544 884 2754 957 obtigit
2770 884 3062 956 sapientia
3080 889 3322 956 propter
3339 885 3753 957 cognationem
3780 902 3794 953 ;

365 969 426 1026 Ἀ
457 966 886 1047 φιλοχρηματία
938 970 1050 1041 (53)
1101 964 1159 1022 δὲ
1209 968 1273 1022 οὐ
1332 965 1582 1043 Σπάρταν
1638 969 1829 1044 μόνον,
1883 968 1999 1026 ἀλλ

2140 990 2309 1029 amor
2325 979 2523 1029 autem
2542 974 2810 1046 pecunia:
2829 991 2949 1030 non
2969 973 3164 1029 solum
3190 973 3470 1045 Spartam,
3495 974 3598 1030 sed
3615 974 3796 1031 etiam

363 1063 536 1113 πᾶσαν
567 1056 731 1113 πόλιν
764 1054 883 1112 ἕλοι
912 1054 972 1112 ἅν
1007 1081 1034 1107 ››
1066 1091 1132 1099 —
1173 1081 1201 1109 «
1237 1053 1445 1114 Οὔκουν
1478 1061 1589 1133 (54)
1642 1059 1811 1132 μόνον
1861 1063 1994 1114 τοῦτ

2138 1065 2389 1134 quamvis
2418 1065 2606 1119 urbem
2636 1065 2879 1136 ceperit.
2915 1086 2944 1114 »
2971 1095 3041 1105 —
3079 1085 3104 1117 α
3127 1066 3253 1119 Non
3286 1069 3374 1120 est
3406 1080 3541 1136 ergo
3574 1064 3669 1120 hic
3702 1081 3798 1120 so-

360 1148 630 1222 νὸμισμα,
691 1145 883 1208 λευκὸς
937 1145 1239 1223 ἄργυροςῆ
1276 1147 1506 1222 χρυσός,
1567 1145 1707 1204 ἔστιν
1767 1147 1912 1205 ἀλλὰ
1935 1151 2026 1204 καὶ

358 1239 394 1308 ἡ
427 1238 593 1314 ἀρετή
629 1237 873 1314 βροτοῖς,
908 1260 938 1288 ››
969 1237 1042 1300 ὡς
1076 1235 1242 1315 φησὶν
1279 1236 1306 1291 ὁ
1340 1237 1661 1317 Σοφοκλῆς.

2138 1153 2262 1208 lum
2314 1170 2620 1224 nummus,
2672 1154 2876 1210 album
2919 1159 3233 1228 argentum
3282 1154 3372 1209 vel
3415 1171 3649 1225 aurum,
3693 1155 3794 1212 sed

2138 1240 2318 1298 etiam
2351 1240 2534 1297 virtus
2563 1240 2940 1312 mortalibus,
2973 1263 3002 1292 »
3035 1246 3101 1298 ut
3129 1240 3215 1298 ait
3245 1241 3586 1314 Sophocles.

1897 1359 2130 1416 CAPUT
2169 1360 2260 1416 VI.

1507 1448 1732 1520 Aliquot
1759 1450 2163 1506 beatitudinum
2195 1450 2386 1519 capita
2404 1451 2652 1522 eaponit.

426 1551 488 1609 Ὁ
522 1553 720 1627 Σωτὴρ
748 1553 909 1624 ἡμῶν
940 1551 967 1605 6
999 1551 1154 1625 ἅγιος
1181 1548 1271 1603 καὶ
1318 1547 1403 1606 ἒπὶ
1455 1555 1566 1607 τῶν
1611 1553 2018 1623 πνευματικῶν,

2198 1556 2263 1621 ›ι‹
2301 1554 2571 1609 Servator
2599 1557 2798 1609 autem
2829 1557 3034 1608 noster
3083 1553 3186 1608 ille
3234 1558 3496 1623 sanctus,
3546 1557 3672 1608 tum
3719 1553 3792 1609 ad

356 1640 446 1694 καὶ
476 1639 565 1694 ἐπὶ
592 1644 701 1694 τῶν
735 1639 1036 1710 αἰσθητῶν,
1084 1639 1183 1706 τήν
1235 1638 1442 1711 πενίαν,
1473 1640 1561 1694 καὶ
1612 1637 1706 1694 τὸν
1756 1637 1997 1694 πλοῦτον

2131 1642 2487 1714 spiritualia,
2511 1649 2637 1698 tum
2657 1643 2730 1699 ad
2748 1643 2993 1698 sensilia
3009 1643 3325 1714 applicavit
3345 1648 3784 1715 paupertatem,

357 1729 447 1783 καὶ
482 1729 540 1783 τὲ
569 1728 785 1790 τούτοις
815 1727 1004 1802 ὅμοια,
1037 1722 1233 1800 ἔταξεν·
1293 1728 1460 1783 εἰπὼν
1521 1729 1650 1804 γὰρ,
1684 1752 1712 1779 ‹‹
1745 1727 2015 1803 Μακάριοι

359 1819 411 1872 oi
471 1815 826 1894 δεδιωγμένοι
881 1815 1057 1872 ἕνεκεν
1121 1814 1510 1890 δικαιοσύνης,
1547 1842 1576 1869 ››

360 1905 602 1962 διδάσκει
635 1905 689 1962 ἐν
721 1909 864 1982 πάσῃ
895 1906 1202 1982 περιστάσει
1261 1909 1354 1962 τὸν
1419 1910 1667 1984 μάρτυρα
1700 1911 1902 1977 ζητεῖν’
1935 1908 2015 1975 ὃς,

355 1995 442 2051 ἐὰν
485 1998 727 2072 πτωχὼς
778 1996 814 2070 ᾗ
874 1993 962 2051 διὰ
1017 1993 1389 2068 δικαιοσύνην,
1452 2021 1481 2050 ‹‹
1519 2002 1784 2073 μαρτυρεῖ
1835 2001 1952 2070 (55)
1988 2020 2016 2049 ››

356 2083 706 2157 δικαιοσύνην
764 2086 963 2161 ἀγαθὸν
995 2087 1147 2158 εἶναι,
1179 2087 1248 2157 ἢν
1277 2087 1583 2161 ἠγάπησεψ
1648 2111 1676 2138 ‹‹
1709 2085 1806 2141 κᾶν
1833 2089 2014 2160 πεινῇ,

351 2171 448 2229 κᾶν
479 2172 612 2249 διψῇ
647 2173 737 2232 διὰ
767 2173 1144 2246 δικαιοσύνην,
1178 2199 1206 2226 ››
1257 2181 1521 2251 μαρτυρεῖ
1552 2173 1908 2246 δικαιοσύνην
1951 2175 2015 2230 τὸ

353 2262 576 2336 ἄριστοι
631 2265 944 2340 τυγχάνειν.
1003 2265 1244 2338 Ὁμείως
1303 2262 1362 2320 δὲ
1391 2265 1481 2320 καὶ
1514 2263 1783 2320 ὁκλαίων
1837 2265 1929 2320 καὶ
1987 2265 2015 2318 6

352 2355 566 2407 πενθῶν
603 2351 692 2408 διὰ
722 2351 1073 2424 δικαιοσύνην
1109 2361 1373 2430 μαρτυρεῖ
1414 2359 1494 2425 τῷ
1541 2352 1812 2430 βελτίστῳ
1860 2353 2015 2427 νόμῳ

352 2443 490 2496 εἶναι
519 2440 700 2514 καλῷ.
735 2444 826 2504 Ὧς
853 2443 944 2498 οὗν
978 2467 1006 2494 ‹‹
1038 2444 1167 2506 τοὺς
1219 2440 1641 2518 δεδιωγμένους.
1675 2465 1704 2495 ››
1759 2441 1904 2498 οὕτω
1957 2439 2016 2497 δὲ

349 2532 439 2586 καὶ
472 2555 500 2582 ‹‹
531 2530 659 2594 τοὺς
699 2536 997 2593 πεινῶντας
1029 2533 1119 2585 καὶ
1166 2531 1295 2592 τοὺς
1352 2528 1624 2604 διψῶντας
1686 2529 1775 2585 διὰ
1805 2529 2016 2586 δικαιο-

355 2620 542 2692 σύνην,
596 2644 624 2672 ››
680 2620 980 2694 μακαρίους
1027 2618 1195 2694 λέγει,
1246 2622 1274 2674 ὁ
1320 2620 1412 2675 τὸν
1465 2622 1694 2694 γνήσιον
1738 2618 2012 2696 ἀποδεχόο

362 2730 522 2782 μενος
551 2711 723 2774 πόθον
757 2713 892 2784 (56),
925 2710 984 2764 ’ὸν
1046 2705 1172 2764 οὐδὲ
1222 2707 1390 2782 λιμὸς
1449 2706 1706 2783 διακόψαι
1764 2707 2009 2786 ἴσχυσεν.

350 2799 461 2856 Κᾶν
523 2823 552 2852 ‹‹
607 2801 708 2869 τήν
778 2796 1130 2868 δικαιοσύνην
1188 2797 1358 2867 αὐτὴν
1417 2803 1666 2869 πεινῶσι,
1731 2800 2010 2875 μακάριοι,

357 2887 671 2963 μακάριοι»
718 2885 776 2943 δὲ
805 2887 894 2943 καὶ
947 2911 974 2938 ‹‹
1020 2887 1072 2942 οἱ
1129 2887 1348 2962 πτωχοὶ
1380 2910 1409 2934 η
1459 2884 1566 2943 εἷ’τε
1622 2912 1650 2938 ‹‹
1682 2888 2011 2962 πνεύματι»

1635 1822 1818 1891 σαφῶς
1871 1820 1906 1886 ἡ
1918 1822 2020 1890 μᾶς

2130 1732 2458 1800 etdivitias,
2480 1738 2538 1789 et
2561 1750 2690 1804 quae
2715 1738 2855 1788 sunt
2874 1733 2966 1788 his
2986 1732 3229 1787 similia.
3254 1734 3400 1787 Cum
3425 1734 3583 1787 enim
3607 1733 3779 1788 dixit:

2131 1840 2160 1868 ιι
2194 1821 2377 1888 Beati,
2398 1821 2498 1892 qui
2521 1821 3001 1892 persecutionem
3024 1820 3336 1891 patiuntur
3356 1825 3599 1891 propter
3612 1819 3788 1890 justi-

2129 1909 2275 1964 tiam
2297 1911 2395 1980 (a),
2429 1930 2458 1959 »ι
2489 1914 2693 1981 aperte
2725 1926 2834 1964 nos
2857 1909 3052 1977 docet,
3077 1909 3139 1964 in
3165 1910 3329 1964 omni
3353 1926 3494 1964 casu
3517 1925 3784 1979 quaerere

2127 2003 2452 2072 martyrem
2478 2017 2491 2068 ;
2526 2000 2650 2071 qui,
2685 2000 2733 2055 si
2761 2000 2940 2056 fuerit
2961 2015 3189 2072 pauper
3208 2004 3451 2071 prOpter
3462 1999 3784 2070 justitiam,

2132 2092 2429 2144 «testatur
2451 2110 2479 2139 »
2498 2105 2628 2144 esse
2652 2088 2897 2156 bonum,
2923 2105 3105 2160 quam
3124 2087 3352 2155 dilexit,
3369 2087 3670 2160 justitiam
3693 2106 3708 2155 ;
3731 2093 3789 2144 et

2128 2179 2178 2234 si
2213 2201 2242 2227 ‹‹
2276 2179 2500 2235 esuriat
2529 2183 2588 2233 et
2618 2180 2781 2234 sitiat
2809 2185 3053 2250 prOpter
3069 2178 3392 2250 justitiam,
3435 2200 3464 2228 »
3488 2177 3786 2250 justitiam

2126 2271 2382 2324 testatur
2395 2285 2522 2324 esse
2538 2269 2850 2340 optimum.
2874 2267 3160 2323 Similiter
3176 2271 3375 2323 autem
3395 2268 3495 2338 qui
3518 2267 3622 2322 (let
3638 2283 3786 2338 quo-

2127 2374 2242 2428 que
2273 2364 2331 2413 et
2362 2359 2524 2429 luget
2551 2364 2795 2430 propter
2827 2357 3148 2429 justitiam,
3201 2361 3451 2412 testatur
3498 2357 3784 2428 optimam

2124 2446 2316 2520 legem
2340 2464 2469 2503 esse
2491 2447 2802 2518 pulchram
2825 2452 2884 2502 et
2912 2448 3246 2502 honestam.
3271 2444 3783 2510 Quemadmodum

2125 2551 2261 2608 ergo
2281 2552 2402 2603 eos,
2430 2558 2450 2585 α
2473 2537 2573 2607 qui
2594 2535 3072 2608 persecutionem
3091 2534 3419 2606 patiuntur,
3444 2556 3472 2583 »
3495 2533 3578 2590 ita
3599 2534 3777 2590 etiam

2126 2645 2151 2676 α
2187 2625 2286 2694 qui
2313 2625 2586 2680 esuriunt
2606 2631 2663 2679 et
2681 2625 2892 2680 sitiunt
2912 2624 3492 2696 propterjustitiam,
3520 2644 3547 2672 »
3572 2623 3777 2679 beatos

2125 2713 2288 2778 dicit,
2321 2714 2622 2769 sincerum
2673 2712 3008 2785 approbans
3057 2713 3444 2777 desiderium,
3494 2713 3651 2784 quod
3701 2730 3776 2768 ne

2121 2803 2311 2859 fames
2337 2803 2579 2875 quidem
2607 2804 2801 2875 potuit
2821 2802 3206 2875 perfringere.
3232 2806 3302 2858 Et
3333 2802 3379 2858 si
3419 2827 3437 2852 ι
3471 2803 3663 2875 ipsam
3695 2804 3774 2858 si-

2123 2893 2277 2947 tiant
2298 2893 2617 2964 justitiam,
2642 2892 2799 2948 beati
2825 2893 2921 2965 (b).
2953 2893 3113 2948 Beati
3137 2898 3276 2948 sunt
3297 2917 3318 2945 ι
3348 2897 3547 2948 autem
3580 2912 3602 2940 ε
3626 2909 3774 2964 pau-

352 2974 461 3032 εἴτε
489 2975 802 3052 περιουσίᾳ,
839 2973 930 3031 διὰ
976 2974 1326 3047 δικαιοσὺνην
1379 2973 1663 3047 δηλονότι.
1708 2979 1795 3048 Μή
1825 2999 1881 3033 τι
1910 2975 1999 3033 οὖν

2124 2963 2338 3053 peresa
2359 2997 2616 3053 quoque,
2637 2981 2756 3036 sive
2775 3003 2802 3031 «
2823 2963 3037 3052 spiritu
3051 2981 3142 3054 (ο),
3163 3002 3192 3031 ι)
3217 2981 3336 3036 sive
3360 2963 3774 3037 facultatibus:

410 3104 475 3169 ›ι‹
501 3099 566 3155 Ρ.
600 3099 702 3151 57s
736 3097 849 3151 EI).
881 3097 1175 3166 ΡΟΤΤΕΠ,
1198 3097 1304 3150 484
1323 3085 1436 3154 En.
1470 3097 1701 3155 PARIS.
1736 3097 1814 3171 (a)
1844 3098 1999 3155 Matt]

2124 3141 2131 3166 ,
2166 3102 2251 3155 ιο.
2286 3099 2363 3172 (b)
2392 3098 2542 3155 Ibid.
2574 3100 2628 3156 6.
2663 3099 2740 3172 (ο)
2771 3099 2920 3154 Ibid.
2954 3101 3006 3156 3.

417 3215 691 3271 Refertur
715 3231 751 3270 a
780 3214 1009 3270 Stobteo
1042 3214 1130 3270 tit.
1163 3216 1224 3268 9i
1257 3229 1270 3268 :

338 3304 400 3360 Ὁ
427 3299 484 3376 δέ
515 3302 760 3376 Πλοῦτος
789 3304 961 3374 ἡμᾶς,
993 3299 1452 3376 καθάπερ-ἰατρὸς
1482 3303 1674 3374 κακὸς,

339 3371 618 3453 Τυφλοὺς,
655 3368 960 3450 βλέποντας
988 3368 1586 3449 παραλα’6ὼν,’πάντας
1617 3368 1784 3434 ποιεῖ.

353 3467 556 3521 Verum
586 3466 797 3520 divitiae
822 3481 941 3532 nos,
971 3481 1069 3520 ceu
1101 3463 1276 3520 malus
1306 3465 1566 3535 medicus,

351 3537 615 3593 Videntes
644 3544 946 3608 assumptos
976 3553 1165 3592 omnes
1204 3543 1496 3592 excaecant.

347 3626 646 3699 Euripidis
679 3642 854 3699 porro
873 3626 1171 3699 sententia
1196 3625 1420 3699 ibidem
1441 3627 1747 3695 recitatur,
1765 3626 1868 3699 ubi
1892 3644 1998 3699 pro

344 3694 511 3772 κακρν
539 3697 613 3772 τὸ-
651 3694 917 3772 παίδευμξ
965 3696 1042 3772 sic
1076 3695 1408 3772 εὐανδρίαν,
1458 3699 1693 3772 legitur,
1737 3694 1910 3772 κακόν
1943 3719 1998 3754 τι

349 3768 615 3844 βούλευμ’
646 3766 729 3844 ἄρ’
761 3765 1175 3844 εἷςέὐανδρίαν.
1201 3793 1223 3844 ι
1259 3765 1476 3844 Malum
1508 3765 1652 3844 sane
1679 3765 1999 3828 consilium

347 3842 422 3899 ad
450 3842 863 3898 fortitudinem
897 3842 1040 3897 sunt
1066 3842 1282 3898 divitiae
1314 3843 1682 3900 hominibus.
1717 3863 1738 3891 ι
1774 3846 1840 3898 In
1871 3861 2000 3900 ma—

344 3915 651 3986 nuscripto
685 3914 900 3969 citatur
929 3915 1040 3969 hoc
1073 3915 1395 3970 distichum
1420 3932 1490 3970 ex
1518 3916 1842 3971 Alexandro
1873 3918 1996 3971 Eu-

342 3985 576 4058 ripidis,
601 4003 746 4051 non,
777 3991 841 4040 ut
865 3986 1043 4040 habet
1078 3987 1426 4058 impressus,
1456 3988 1898 4058 exAAlexandra.
1931 3989 1997 4042 In

343 4052 544 4113 Graeco
576 4058 900 4112 Clementis
930 4063 1075 4130 erat,
1109 4052 1182 4110 ἐν’
1201 4060 1281 4126 τῷ
1307 4052 1644 4130 Ἀλεξάνδρῳ
1671 4054 1996 4130 Εὐριπίδης,

341 4133 400 4184 in
431 4129 744 4185 Alexandro
773 4129 1107 4198 Euripides;
1148 4130 1410 4198 itemque
1441 4131 1716 4200 superius
1748 4130 1896 4185 illud
1927 4147 1997 4185 ex

339 4202 680 4272 Antiphane
726 4200 1189 4270 manuscriptus,
1241 4217 1382 4265 non,
1419 4205 1486 4254 ut
1542 4201 1890 4272 impressus,
1925 4217 1995 4256 ex

338 4273 768 4344 Aristophane;
795 4288 928 4327 cum
951 4288 1210 4344 quonon
1235 4272 1530 4344 convenit,
1552 4273 1708 4343 quod
1728 4274 1798 4328 de
1823 4273 1993 4327 Pluto

338 4361 373 4400 a
403 4343 708 4400 nativitate
756 4360 911 4399 casco
960 4343 1141 4398 tradit
1188 4343 1551 4414 Euphorion,
1603 4361 1742 4399 nam
1787 4361 1821 4399 a
1857 4346 1992 4399 Jove

339 4416 921 4497 excmcatumnﬂngit,
971 4416 1344 4497 conserua
1383 4415 1501 4497 Hpc
1549 4415 1775 4497 dictum
1820 4416 1991 4497 Anti-7

336 4489 552 4560 phanis
579 4489 642 4543 H.
680 4486 918 4545 Grotius
970 4487 1056 4542 sic
1113 4486 1374 4556 exhibet,
1405 4489 1664 4558 Excerpt.
1689 4505 1716 4543 e
1747 4496 1893 4558 trag.
1939 4495 1991 4543 et
2024 4490 2070 4555 Ι)

336 4577 498 4630 com.,
534 4579 591 4633 p.
625 4562 726 4615 633
764 4576 777 4614 :

957 4630 1017 4686 Ὀ
1048 4632 1295 4690 Πλοῦτος
1329 4628 1500 4684 πλέον

331 4700 579 4779 Θατέρων
643 4701 946 4776 βλέποντας
1003 4697 1341 4776 παραλαϐὼν
1379 4743 1393 4769 ,
1469 4697 1712 4778 τυφλοὺς
1787 4706 1985 4760 ποιοῖ.

403 4794 514 4863 (51)
542 4794 602 4849 Ἡ
632 4791 809 4848 πενία.
844 4794 989 4848 Cum
1017 4792 1174 4848 dicto
1205 4792 1279 4848 de
1310 4796 1660 4864 paupertate
1699 4798 1989 4850 consonat

329 4866 444 4921 hoc
474 4865 766 4921 Theocriti
790 4881 802 4919 :

327 4937 390 4992 Ἀ
419 4936 598 5006 πενία,
631 4934 914 5010 Διόφαντε,
951 4934 1089 5006 μόνα
1121 4935 1212 4996 τὰς
1243 4934 1441 5061 τέῇνας
1471 4933 1685 5011 ἐγείρει.

328 5009 604 5061 Summa.
639 5007 1022 5061 Proverbium
1053 5013 1162 5061 est.
1190 5023 1306 5061 quo
1379 5008 1680 5061 Zenodotu

328 5009 604 5064 SYLBURG.
639 5007 1022 5063 Proverbium
1053 5013 1162 5074 est,
1190 5007 1348 5077 quod
1379 5007 1712 5063 Zenodotus
1743 5008 1885 5064 citat
1913 5025 1984 5064 ex

325 5081 630 5153 Euripide,
664 5079 766 5136 alii
792 5079 1062 5153 tribuunt
1091 5079 1350 5153 Aristoni
1377 5096 1390 5133 :
1419 5102 1447 5129 ‹‹
1477 5081 1693 5153 [gnava
1717 5086 1808 5135 est
1837 5097 1984 5153 opu-

327 5151 515 5208 lentia
537 5172 551 5215 :
583 5169 787 5208 verum
820 5151 1022 5225 inopia
1039 5156 1129 5225 est
1149 5151 1368 5225 artium
1391 5152 1703 5225 repertrix,
1728 5151 1982 5225 ingenii-

328 5167 551 5215 ientia:
583 5169 787 5208 verum
820 5167 1022 5222 anpla
1039 5167 1129 5205 es:
1149 5167 1368 5206 aruum
1391 5167 1703 5276 repertrix,
1728 5169 1982 5225 ingenu-

327 5240 444 5295 que
481 5231 706 5290 venter,
742 5246 769 5274 »
801 5224 885 5278 ait
912 5223 1172 5295 Persius.
1202 5221 1342 5276 Vide
1363 5223 1456 5277 chi
1490 5264 1503 5276 .
1546 5227 1589 5276 ι.
1624 5228 1782 5279 cent.
1815 5227 1868 5291 ὅ,
1891 5227 1982 5289 22,

328 5294 387 5351 et
415 5297 557 5352 chil.
585 5301 637 5358 2,
669 5301 824 5352 cent.
854 5299 907 5348 7.
941 5294 1095 5349 lllud
1125 5295 1378 5349 alterum
1401 5299 1607 5349 natum
1640 5311 1711 5350 ex
1741 5296 1982 5351 oraculo

325 5368 557 5423 reddito
590 5369 895 5440 Cleomeni
926 5373 984 5422 et
1005 5367 1414 5440 Theopompo,
1448 5367 1671 5440 Spartae
1697 5367 1980 5440 gregibus,

327 5443 454 5494 tum
487 5441 728 5496 demum
763 5438 1092 5494 vindendos
1124 5455 1252 5493 esse
1298 5437 1814 5505 Lacedaemonios;
1845 5455 1979 5494 cum

327 5528 541 5568 aurum
573 5518 632 5567 et
662 5517 972 5583 argentum
1031 5512 1092 5564 in
1146 5510 1336 5582 pretio
1395 5511 1684 5582 cmperint
1737 5510 1978 5567 habere.

328 5584 636 5657 Sophoclis
683 5600 939 5657 gnomen
981 5583 1304 5657 exscripsit
1360 5583 1422 5637 in
1467 5583 1569 5638 lib.
1603 5600 1622 5638 ι
1657 5585 1729 5638 De
1775 5585 1982 5638 virtute

328 5654 596 5712 Stobteus
614 5654 712 5728 ei
729 5656 858 5728 ejus
884 5654 1180 5728 (Edipope.
1213 5656 1478 5728 Cotum;

399 5728 506 5799 (52)
539 5726 638 5782 Διὰ
665 5721 1048 5800 τὸίσυγγενέξ.
1069 5721 1398 5800 _An_p0tius
1448 5721 1538 5779 διὰ
1591 5725 1654 5780 τὸ
1686 5721 1980 5800 δυστυχὲς,

330 5818 362 5852 κ
394 5797 637 5873 propter
658 5797 1238 5873 infortunium?_»__ld
1270 5797 1431 5854 enim
1462 5803 1654 5873 exstat
1680 5798 1839 5873 inter
1858 5799 1981 5854 fra-

329 5868 570 5945 gmenta
634 5871 856 5942 Polyidi
919 5868 1251 5942 Euripidis,
1325 5876 1383 5926 et
1447 5871 1604 5943 apud
1679 5871 1978 5929 Stobaeum

2102 4383 2367 4438 .rElianus
2399 4385 2531 4439 Var.
2567 4383 2696 4438 hist.

2114 3233 2390 3273 sermone
2420 3220 2487 3272 93
2522 3233 2536 3273 :

2222 3323 2510 3396 Πλουτεῖςξ
2542 3321 2687 3396 res:
2717 3319 2861 3378 ἄλλα
2882 3323 2974 3396 μὴ
3011 3321 3190 3396 δοκεῖς
3224 3323 3477 3393 ξυνιέναισ

2220 3396 2308 3451 Ἐν
2334 3395 2549 3472 τῷλγᾶρ
2583 3390 3050 3472 ὅλϐωᾉφαυλρτῃς
3074 3390 3250 3472 *ἔνεστί
3277 3418 3384 3472 τις.

2218 3463 2469 3523 Πενίαδὲ
2495 3463 2682 3542 σοφίαν
2714 3463 2887 3543 ἔλαχε
2919 3463 3017 3523 διᾶ
3037 3468 3098 3523 τὸ
3130 3467 3417 3545 δυστυχὲς.

2215 3561 2288 3614 Es
2318 3559 2466 3614 dives
2493 3575 2511 3613 :
2542 3565 2601 3614 at
2622 3560 2725 3614 scis
2747 3565 2955 3630 preter
2977 3559 3078 3616 hoc
3100 3577 3270 3616 unum
3290 3560 3434 3616 nihil
3466 3578 3479 3631 ;

2217 3631 2282 3684 Id
2311 3631 2495 3687 adesse
2523 3633 2720 3686 vitium
2751 3633 2956 3701 quippe
2980 3633 3188 3688 divitiis
3218 3633 3354 3687 solet
3376 3651 3397 3698 ,-

2215 3704 2394 3772 Magts
2422 3704 2569 3758 malo
2607 3710 2800 3758 coacta
2831 3711 3141 3773 paupertas
3170 3706 3336 3774 sapit.

2178 3811 2292 3882 (53)
2327 3809 2389 3884 Ἀ
2419 3807 2860 3884 φιλοχρηματία.
2894 3812 3231 3884 oraculum
3262 3813 3333 3868 de
3366 3813 3592 3884 Sparta,
3634 3831 3762 3870 mu-

2109 3887 2230 3957 tato
2261 3882 2459 3948 verbo,
2486 3882 2709 3957 legitur
2749 3883 2910 3957 apud
2923 3883 3320 3957 Plutarchum
3351 3882 3480 3957 pag.
3517 3886 3652 3940 142:
3693 3886 3757 3944 Ἃ

2108 3950 2858 4028 φιλοχρηματία-’Σπάρταν
2888 3951 3030 4022 ὀλεῖ,
3073 3975 3104 4028 κα
3139 3950 3651 4028 Spartahtperdel
3679 3974 3691 4010 :
3727 3980 3756 4008 »

2108 3971 2533 4080 utonlp'quutta
2591 3971 2841 4028 zmaprav
2888 3971 3030 4022 οΛει,
3080 3975 3104 4007 α
3139 3971 3408 4026 Spartam
3441 3971 3691 4026 perdet:
3727 3980 3756 4008 »

2107 4042 2241 4080 cum
2293 4027 2369 4099 pic
2401 4023 2644 4099 εἱῐᾼέλεῖ,
2672 4049 2699 4076 ‹‹
2734 4026 3009 4099 capiet,»
3068 4026 3282 4099 inquit"
3312 4027 3580 4099 Sylburg.
3638 4030 3758 4084 Hoc

2107 4097 2415 4171 oraculum
2435 4097 2812 4171 Theopompo
2835 4097 3237 4171 et_Alcameni,
3254 4098 3474 4171 Sparta)
3497 4097 3756 4171 regibus,

2105 4168 2403 4223 redditum
2432 4168 2614 4223 fuisse
2647 4169 2828 4224 refert
2857 4169 3210 4223 Plutarchus
3242 4168 3349 4224 sub
3383 4168 3758 4225 finem'InstiL

2106 4246 2353 4313 tutorum
2381 4243 2636 4295 Laconic.
2662 4240 2942 4313 Ejusdem
2975 4241 3379 4313 meminerunt
3401 4242 3579 4296 etiam
3614 4247 3756 4298 Pau-

2105 4311 2302 4384 sanias
2334 4311 2394 4366 in
2425 4314 2681 4384 Bwoticis
2706 4311 2841 4384 pag.
2871 4313 2993 4368 591.
3056 4315 3180 4366 592.
3243 4311 3384 4366 edit.
3441 4314 3659 4369 Hanov.
3697 4319 3756 4368 et

2711 4331 2841 4437 pag.
2871 4331 2993 4368 om.
3056 4331 3180 4366 ouz.
3243 4331 3384 4366 eun.
3441 4331 3659 4369 nanov.
3697 4331 3753 4368 et

2750 4384 2829 4466 i‘b.
2862 4401 3122 4466 xiv,‘ca_p.
3153 4384 3350 4451 29,ubi
3382 4385 3753 4466 Lysandrum

2105 4455 2425 4528 Spartanos
2442 4456 2552 4528 hoc
2575 4455 2904 4528 oraculum,
2927 4461 2994 4510 ut
3014 4455 3191 4510 etiam
3210 4462 3570 4527 przeceptum
3595 4457 3757 4528 quod

2101 4527 2398 4599 Lycurgus
2419 4527 2546 4582 auri
2565 4527 2913 4599 argentique
2935 4544 3109 4582 usum
3133 4528 3457 4598 prohibuit,
3486 4527 3754 4584 contem-

2099 4615 2240 4653 nere

2098 4670 2334 4726 sandro.
2372 4669 2688 4727 Oraculum
2721 4671 2831 4726 hoc
2862 4670 3038 4726 modo
3069 4671 3306 4743 plenius
3337 4672 3654 4730 scribitur:

2317 4599 2936 4673 ocuisse_memorant.
2971 4599 3136 4673 Coni.
3172 4599 3526 4673 Plutarchus
3557 4602 3616 4656 in
3653 4603 3756 4673 Ly-

2093 4775 2156 4834 Ἃ
2187 4774 2610 4853 φιλοχρηματία
2637 4775 2888 4850 Σπάρταν
2917 4773 3059 4846 ὀλεῖ,
3090 4772 3233 4832 ἄλλο
3266 4773 3324 4832 δὲ
3355 4775 3533 4836 οὐδέν.

2093 4867 2432 4924 Divitiarum
2462 4885 2616 4924 amor
2646 4869 2905 4940 Spartam
2923 4867 3138 4939 perdet,
3171 4869 3330 4924 aliud
3353 4887 3481 4925 vero
3509 4871 3673 4927 nihil.

2166 4976 2280 5046 (54)
2339 4970 2575 5032 Οὔκουν.
2605 4977 2672 5031 In
2703 4976 3014 5051 Sophoclis
3064 4977 3202 5051 loco
3234 4978 3285 5034 si
3311 4981 3472 5033 τοῦτο
3521 4995 3747 5051 expun-

2093 5054 2283 5121 gatur,
2320 5053 2574 5103 metrum
2605 5049 2901 5104 constabit
2929 5050 3168 5119 rectius,

2235 5143 2440 5200 Οὕκουν
2478 5146 2641 5216 μόνον
2673 5145 2922 5273 νόμισμα
2953 5144 3149 5210 λευκὸς
3177 5143 3434 5220 ἄργυρος,

2235 5221 2307 5272 ’Ἠ
2344 5218 2548 5273 γουσός
2577 5218 2743 5273 ἐστιν.
2773 5218 2843 5273 ἀλ
2889 5218 2920 5273 ὰ
2949 5221 2996 5273 κ’
3025 5218 3188 5273 ἀρετῆ
3228 5219 3434 5273 ϐροτοῖς

2235 5221 2307 5272 "ﬂ
2344 5218 2548 5292 χρυσός
2577 5218 2743 5288 ἐστιν,
2773 5218 2920 5274 ἀλλὰ
2949 5221 2996 5273 κ’
3025 5218 3188 5292 ἀρετή
3212 5218 3467 5294 βροτοῖς.

2092 5317 2367 5390 ξηιιυιιο.
2389 5349 2456 5358 --
2476 5320 2690 5374 Verum
2710 5319 2819 5373 hos
2838 5334 3041 5373 versus
3065 5335 3095 5372 e
3119 5317 3425 5388 Sophoclis
3447 5319 3656 5390 (Edipo
3681 5322 3746 5377 de

2092 5388 2204 5443 hoc
2227 5389 2402 5444 modo
2429 5391 2641 5445 recitat
2671 5391 2936 5445 Stobaeus
2964 5405 3141 5444 serm.
3177 5393 3199 5442 1
3232 5405 3244 5443 :

2236 5482 2428 5560 0610i
2461 5486 2708 5560 νόμισμα
2740 5485 2933 5560 λευκὸς
2964 5483 3200 5560 ἄργυρος
3229 5485 3392 5560 μόνον

2236 5557 2333 5634 Καὶ
2365 5559 2568 5633 χρυσός
2598 5557 2762 5614 ἐστιν.
2796 5557 3019 5634 ἀλλᾶὶδ
3045 5557 3214 5634 ’ἀρετή
3233 5557 3472 5634 βροτοῖς

2235 5629 2498 5704 Νόμισμα
2528 5635 2702 5686 κεῖται
2733 5635 2916 5699 πᾶσιν,
3011 5629 3261 5704 χρῆσθαι
3282 5629 3486 5706 χρεών.

2162 5729 2274 5804 (55)
2307 5731 2605 5804 Μαρτυρεῖ.
2638 5729 2866 5804 Alludit
2893 5728 2970 5784 ad
2995 5727 3109 5804 τρν,
3145 5729 3408 5804 μάρτυρα.

2159 5797 2270 5873 (56)
2503 5797 2617 5855 ’τὸν
2700 5802 2936 5889 ⁸γνήςζισιν
3035 5797 3451 5894 ἀποδεχόμενος
3548 5804 3736 5874 πόθον,

2089 5871 2521 5945 Congruentius
2553 5917 2568 5945 ,
2632 5871 2760 5936 τους
2803 5871 2895 5927 τὸν
2979 5871 3252 5948 γνήσιον”
3284 5871 3734 5951 ἆποδεχομενους
