4138 6406
418 328 560 385 1245

1753 337 2205 396 ΒΤΒΟΠΔΤΠΜ
2241 339 2375 396 LIB.
2417 338 2515 394 IV.

3705 332 3845 390 1216

422 479 449 507 ‹‹
488 456 616 529 ὑμῖν
651 454 960 531 θησαυροὺς
990 454 1078 510 ἐπὶ
1124 461 1227 527 τῆς
1276 462 1401 532 γῆς,
1454 460 1592 514 ὅπου
1623 460 1722 528 σὴς
1750 461 1838 516 καὶ
1875 461 2079 536 βρῶσις

2209 478 2412 534 ponam
2447 464 2508 518 in
2539 462 2808 532 salutari,
2840 461 3027 518 libere
3058 476 3229 535 agam
3261 475 3396 516 cum
3419 459 3547 531 ipso
3572 458 3666 532 (a).
3695 482 3716 511 ι
3745 462 3846 514 Est

420 544 690 622 ἇφάνίζει,
744 544 834 600 καὶ
895 543 1126 601 κλέπται
1199 550 1308 619 (80)
1375 545 1726 624 διορύσσουσι
1790 551 1879 606 καὶ
1950 549 2082 606 κλέ-

422 655 642 704 πτουσι,
679 657 706 685 ››
765 636 911 711 τάχα
973 635 1067 709 μὲν
1127 635 1255 700 τοὺς
1306 634 1720 714 φιλοκτήμονας
1780 635 2080 708 ὀνειδίζων,

421 722 575 798 λέγει
604 725 632 779 ὁ
665 724 882 798 Κύριος·
915 723 1063 800 τάχα
1100 721 1157 780 δὲ
1204 725 1294 780 καὶ
1341 725 1468 789 τοὺς
1519 725 1710 791 ἁπλῶς
1739 731 2080 804 μεριμνητάς

416 813 596 868 τεκαὶ
631 813 974 890 φροντιστὰς·
1017 811 1126 885 ἤδη
1190 812 1248 869 δὲ
1302 815 1393 871 καὶ
1447 815 1573 880 τοὺς
1633 816 2078 893 φιλοσωμάτους.

420 905 661 979 Ἔρωτες
691 905 818 979 γὰρ,
848 903 939 959 καὶ
991 903 1165 975 νόσοι,
1225 905 1316 961 καὶ
1367 908 1419 962 οἱ
1472 904 1672 985 φαῦλοι
1705 906 2080 984 διαλογισμοὶ,

423 1019 450 1044 ‹‹
487 991 840 1068 διορύσσουσι
873 1018 902 1045 ››
930 993 1023 1049 τὸν
1059 994 1330 1070 λογισμὸν
1363 997 1452 1052 καὶ
1480 998 1571 1052 τὸν
1606 996 1736 1053 ὅλον
1771 998 2080 1075 ἄνθρωπον·

424 1107 452 1136 (ι
488 1083 516 1136 ὁ
550 1106 579 1135 ››
625 1080 682 1138 δὲ
725 1089 806 1156 τῷ
857 1080 970 1140 ὄντι
1022 1108 1052 1137 ‹‹
1081 1086 1354 1161 Θησαυρὸς
1383 1111 1411 1139 ››
1465 1089 1627 1161 ἡμῶν
1677 1085 1800 1152 ἔνθα
1828 1091 1864 1158 ἡ
1895 1090 2086 1166 συγγέ-

422 1192 539 1226 νεια
583 1176 682 1227 τοῦ
738 1175 872 1248 (81)·
934 1173 1045 1229 ἐπεὶ
1105 1175 1168 1229 τὸ
1229 1177 1550 1231 κοινωνικὸν
1598 1185 1698 1248 τῆς
1733 1174 2083 1249 δικαιοσύνης

421 1259 819 1336 παραδίδωσιν,
872 1261 1152 1342 ἐμφαίνων
1202 1261 1312 1320 δεῖν
1362 1264 1684 1322 ἀποδιδόναι
1716 1271 1785 1342 τῇ
1827 1265 2084 1338 συνηθείᾳ

423 1357 526 1420 τῆς
580 1350 819 1411 παλαιᾶς
872 1353 1216 1428 ἀναστροφῆς
1268 1357 1384 1430 (82)
1437 1357 1506 1411 τά
1580 1357 1666 1411 ὑπ’
1724 1356 1895 1428 αὐτῆς
1947 1358 2084 1429 ἡμῖν

425 1441 838 1522 περικτηθέντα,
893 1442 983 1497 καὶ
1041 1442 1130 1497 ἐπὶ
1182 1443 1277 1499 τὸν
1335 1443 1464 1500 Θεὸν
1527 1443 1868 1521 ἀνατρέχειν,
1930 1444 2081 1500 ἔλεον

425 1529 808 1604 αἶ’τουμένους.
840 1530 1012 1593 Οὗτός
1041 1530 1151 1586 ἐστι
1177 1536 1257 1604 τῷ
1307 1528 1423 1588 ὄντι
1467 1557 1496 1586 ι(
1534 1531 1827 1609 βαλάντιον
1857 1536 1969 1608 (83)
2005 1535 2081 1608 μὴ

425 1620 860 1694 παλαιούμενον,
888 1645 909 1672 ι
936 1619 1154 1698 ἐφόδιον
1181 1626 1328 1692 ζωῆς
1359 1620 1559 1694 ἀϊδίου,
1583 1648 1610 1676 ‹‹
1637 1624 1908 1700 θησαυρὸς
1933 1623 2086 1679 ἀνέκ-

428 1708 652 1772 λειπτος
699 1708 753 1765 ἐν
803 1710 1040 1787 οὐρανῷ,
1075 1733 1101 1765 ι
1153 1712 1235 1767 ’ὁτι
1288 1737 1316 1764 ιι
1345 1715 1549 1768 Ἐλεῶν
1599 1716 1708 1786 (84)
1758 1712 1991 1785 έλεήσω,
2025 1713 2083 1770 ὅν

429 1800 488 1854 ἂν
522 1799 682 1872 ἐλεῶ,
709 1823 737 1852 ››
760 1800 893 1878 φησί
927 1799 1149 1876 Κύριος.
1184 1801 1411 1877 Λέγουσι
1444 1799 1502 1856 δὲ
1532 1806 1698 1858 ταῦτα
1726 1803 1818 1859 καὶ
1845 1809 1962 1866 τοῖς
1997 1803 2086 1869 θέ-

429 1887 588 1944 λουσι
621 1887 711 1944 διὰ
737 1890 837 1959 τὴν
897 1886 1244 1962 δικαιοσύνην
1300 1897 1637 1967 πτωχεῦσαιο
1688 1892 1954 1965 ἀκηκόασι
1983 1894 2083 1969 γὰρ

431 1976 520 2033 διὰ
574 1982 674 2048 τῆς
725 1977 977 2052 ἐντολῆς,
1035 1979 1119 2036 ὅτι
1180 2005 1209 2033 ‹‹
1241 1979 1475 2038 πλατεῖα
1507 1985 1618 2057 (85)
1649 1984 1739 2038 καὶ
1771 1982 2090 2060 εὐρύχωρος

433 2065 558 2130 ὁδὸς
591 2068 782 2144 ἀπάγει
825 2068 900 2132 εἷς
943 2071 1042 2138 τήν
1077 2069 1377 2140 ἀπώλειαν,
1410 2073 1498 2127 καὶ
1532 2070 1748 2128 πολλοὶ
1780 2073 1833 2128 οἱ
1865 2070 2090 2148 διερχό-

441 2179 591 2230 μενοι
624 2155 696 2212 δι⁹
725 2158 916 2230 αὐτῆς.
947 2181 972 2212 ι
1033 2159 1110 2218 Ού
1168 2160 1295 2236 περὶ
1349 2159 1526 2218 ἄλλου
1582 2162 1754 2234 τινὸς,
1788 2159 1935 2218 ἀλλὰ
1963 2164 2088 2237 περὶ

434 2247 667 2309 ἀσωτίας
750 2249 837 2302 καὶ
927 2250 1271 2326 φιΛογυνίας,
1339 2248 1683 2328 φιλοδοξίας,
1765 2250 2089 2330 φιλαρχίας,

429 2335 520 2390 καὶ
598 2341 707 2390 τῶν
791 2337 999 2410 ὁμοίων
1087 2336 1392 2416 διαλέγεται
1476 2345 1682 2404 παθῶν·
1747 2341 2090 2416 (ι’Ὰφρον»

433 2425 559 2500 γὰρ,
613 2423 788 2488 οὓτως
833 2420 960 2501 ἔφη,
1020 2451 1049 2480 ‹‹
1078 2429 1164 2483 ὅτι
1218 2432 1288 2503 τῇ
1339 2430 1487 2483 νυκτὶ
1546 2429 1718 2505 ταύτῃ
1780 2432 1887 2502 (86)
1927 2430 2093 2485 άπαι-

429 2514 585 2569 τοῦσί
643 2536 740 2570 σου
801 2517 903 2586 τήν
960 2519 1171 2592 ψυχήν.
1230 2519 1264 2571 ἅ
1322 2514 1380 2572 δὲ
1436 2517 1743 2590 ἡτοίμασας
1791 2518 1953 2593 αὐτῇ,
1983 2521 2090 2575 τίνι

426 2605 689 2679 γένηταις
722 2628 749 2656 ››
783 2606 888 2661 Καὶ
937 2607 1004 2659 τὰ
1066 2606 1160 2679 μὲν
1219 2613 1321 2676 τῆς
1372 2605 1604 2676 ἐντολῆς
1654 2605 1763 2662 ὧδε
1807 2604 2092 2684 ἔχεικατὰ

430 2691 595 2764 λέξιν⁶
632 2718 660 2746 ‹‹
695 2691 1044 2759 Φυλάσσεσθε
1077 2699 1184 2768 (87)
1210 2694 1393 2750 τοίνυν
1431 2720 1460 2747 ››
1503 2694 1686 2751 τοίνυν
1724 2719 1746 2750 ι
1777 2697 1882 2753 ἀπὸ
1911 2701 2090 2770 πάσης

426 2781 765 2856 πλεονεξίας“
819 2783 902 2839 ὅτι
953 2783 1052 2840 οὐκ
1109 2783 1162 2840 ἓν
1215 2788 1296 2856 τῷ
1352 2783 1690 2860 περισσεύειν
1721 2789 1832 2860 (88)
1861 2788 1982 2842 τινὰ
2022 2789 2090 2842 τὰ

429 2871 748 2948 ὑπάρχοντα
801 2872 942 2927 ἐστὶν
1000 2875 1036 2942 ἠ
1099 2873 1212 2942 ζωὴ
1270 2872 1462 2929 αὐτοῦ.
1520 2871 1590 2930 Τί
1647 2874 1748 2949 γὰρ
1795 2872 2087 2953 ὠφελεῖται

427 2962 734 3038 ἄνθρωπος,
785 2961 875 3016 ἐὰν
927 2962 1021 3018 τὸν
1075 2983 1285 3036 κοσμον
1344 2961 1476 3018 ὅλον
1524 2961 1787 3040 κερδήσῃ,
1823 2988 1851 3016 ››
1898 2965 1998 3033 τήν
2032 2961 2090 3018 δὲ

430 3073 457 3104 ε
491 3052 678 3127 ψυχήν
711 3053 882 3106 αὑτοῦ
919 3056 1177 3127 ζημιωθῇ
1205 3072 1218 3121 ;
1264 3051 1298 3121 ἢ
1349 3052 1404 3107 τί
1458 3050 1619 3108 δώσει
1652 3051 1935 3130 ἄνθρωπος
1963 3053 2088 3109 ἀντ·

430 3139 697 3216 άλλαγμα
752 3148 855 3210 τῆς
913 3144 1098 3216 ψυχῆς
1156 3141 1357 3210 αὑτου;
1395 3142 1494 3198 Διά
1543 3146 1705 3198 τοῦτο
1763 3142 1928 3220 λέγω’
1993 3144 2086 3212 Μὴ

434 3205 732 3306 μεριμίνᾶτε
759 3205 829 3306 τῖ’)
861 3205 1032 3306 ψυχῇ).
1057 3205 1244 3305 ύμῶν,
1292 3205 1354 3286 τί
1398 3231 1624 3310 φάγητε⁶
1664 3230 1806 3306 μηδὲ
1834 3205 1897 3288 τὸ
1929 3205 2090 3306 σῶμά
2119 3205 2162 3272 C

425 3320 478 3374 τί
527 3315 867 3396 περιϐάλητε
925 3323 1050 3392 (89)·
1113 3322 1148 3390 ἠ
1206 3341 1308 3396 γαρ
1367 3323 1522 3396 ψυχὴ
1582 3320 1788 3377 πλείων
1843 3321 1955 3377 ἐστὶ
1986 3329 2088 3392 τῆς

422 3416 660 3484 τροφῆς,
706 3409 797 3464 καὶ
849 3410 912 3464 τὸ
972 3414 1130 3483 σῶμα
1185 3414 1283 3464 τοῦ
1345 3408 1666 3484 ἐνδύματος,
1698 3435 1725 3464 ›)
1765 3411 1861 3468 Καὶ
1894 3410 2084 3466 πάλιν·

430 3523 459 3551 ‹‹
490 3496 645 3556 Οἶδεν
677 3499 779 3575 γὰρ
814 3501 842 3554 ὁ
875 3501 1062 3575 Πατὴρ
1116 3499 1269 3572 ὑμῶν
1302 3505 1438 3570 (90),
1473 3503 1556 3555 ὅτι
1613 3500 1854 3576 χρῄζετε
1882 3501 2092 3557 τούτων

427 3589 707 3646 ἁπάντων.
746 3612 766 3639 ι
803 3594 1023 3659 Ζητεῖτε
1071 3586 1129 3644 δὲ
1174 3612 1201 3640 ‹‹
1235 3593 1454 3665 πρῶτον
1503 3593 1608 3660 τήν
1667 3589 1947 3666 βασιλείαν
1979 3596 2092 3664 (91)

435 3682 542 3732 τῶν
604 3677 847 3755 ούρανων
933 3679 1022 3733 καὶ
1103 3680 1203 3748 τήν
1285 3677 1660 3750 δικαιοσύνηνυ
1692 3703 1720 3732 ››
1767 3684 1935 3736 ταῦτα
1989 3681 2091 3758 γάρ

441 3792 466 3824 α
506 3769 721 3847 μεγάλα
799 3774 981 3843 (92)’››
1037 3771 1106 3826 τὰ
1176 3767 1234 3825 δὶ
1293 3795 1321 3824 ‹‹
1359 3771 1548 3846 μικρὰ,
1584 3795 1612 3822 ››
1668 3770 1759 3826 καὶ
1817 3771 1942 3849 περὶ
2001 3773 2093 3828 τὸν

444 3859 585 3934 βίον,
631 3863 800 3914 ταῦτα
852 3882 876 3913 α
911 3861 1338 3935 προστεθήσεται
1393 3861 1542 3934 ὑμῖν.
1575 3884 1604 3912 ››
1653 3861 1773 3934 Ἆρ’
1821 3862 1923 3916 οὐκ
1952 3861 2096 3917 ἄντι-

439 3968 572 4022 κρυς
627 3949 721 4004 τὸν
773 3951 1072 4018 γνωστικὸν
1138 3952 1389 4024 μεθέπειν
1461 3953 1610 4024 ἡμᾶς
1667 3951 2098 4028 παρακελεύεται

2190 553 2351 608 enim
2384 553 2653 609 Christus
2685 569 2892 609 eorum
2919 552 3020 624 qui
3043 551 3356 606 humiliter
3381 566 3441 606 se
3466 553 3696 622 gerunt,
3724 566 3845 603 non

2191 659 2398 699 eorum
2430 644 2530 715 qui
2563 645 2872 717 eriguntur
2893 643 2954 697 in
2977 658 3215 715 gregem
3249 640 3398 712 ejus.
3435 662 3461 689 ‹‹
3498 641 3576 694 Ne
3610 639 3848 694 thesau-

2189 730 2366 786 rizate
2398 747 2534 804 ergo
2557 731 2725 786 vobis
2756 732 3066 786 thesauros
3098 730 3159 784 in
3199 734 3379 796 terra,
3429 728 3532 781 ubi
3584 729 3746 784 tinea
3792 732 3852 783 et

2191 837 2387 892 aerugo
2420 820 2761 889 demolitur,
2796 827 2854 875 et
2895 821 3056 875 fures
3107 818 3398 874 elTodiunt
3447 823 3505 872 et
3551 818 3852 872 suﬂuran-

2193 914 2288 964 tur
2314 911 2409 982 (b),
2437 932 2465 960 »
2499 909 2749 966 fortasse
2782 910 3024 981 quidem
3059 926 3159 964 eos
3190 909 3492 963 insectans
3516 907 3616 978 qui
3639 910 3852 962 tenen—

2191 1004 2288 1054 tur
2317 1016 2520 1054 amore
2554 999 3028 1072 possessionum,
3065 999 3210 1053 dicit
3239 998 3562 1064 Dominus;
3601 997 3852 1051 fortasse

2191 1094 2389 1144 autem
2423 1106 2523 1144 eos
2556 1089 2618 1144 in
2646 1090 3010 1158 universum,
3045 1087 3144 1159 qui
3178 1086 3568 1142 sollicitudini
3599 1091 3658 1141 et
3687 1085 3849 1141 curis

2191 1193 2254 1232 se
2285 1178 2549 1247 dedunt;
2603 1178 2937 1250 quinetiam
2988 1194 3088 1232 eos
3137 1177 3239 1248 qui
3285 1176 3551 1247 corporis
3594 1175 3850 1230 nimium

2193 1268 2442 1324 studiosi
2475 1273 2635 1324 sunt.
2669 1271 2918 1324 Amores
2939 1268 3122 1332 enim,
3149 1271 3206 1321 et
3226 1265 3440 1334 morbi,
3467 1271 3525 1321 et
3553 1265 3726 1322 malas
3749 1282 3852 1320 co—

2191 1357 2530 1430 gitationes,
2563 1358 2858 1414 rationem
2894 1361 2950 1413 et
2982 1362 3174 1412 totum
3223 1355 3532 1411 hominem
3582 1375 3612 1404 «
3657 1353 3851 1426 perfo-

2193 1446 2388 1502 diunt.
2415 1470 2444 1497 »
2477 1448 2580 1501 Est
2603 1452 2802 1503 autem
2835 1463 3006 1502 verus
3038 1450 3244 1501 noster
3273 1467 3298 1494 «
3325 1444 3664 1512 thesaurus,
3689 1465 3718 1494 »
3750 1441 3854 1497 ubi

2193 1541 2284 1592 est
2311 1537 2534 1592 mentis
2555 1536 2826 1610 cognatio
2850 1554 2864 1602 ;
2885 1535 3135 1608 proinde
3158 1534 3716 1590 communicativam
3737 1533 3855 1587 vim

2194 1626 2375 1682 tradit
2402 1627 2676 1698 justitiaa,
2707 1627 2850 1682 dum
2878 1626 3105 1681 indicat
3125 1630 3400 1698 oportere
3431 1624 3679 1679 reddere
3711 1640 3854 1678 con-

2195 1717 2495 1772 suetudini
2529 1718 2745 1772 veteris
2777 1716 3248 1773 conversationis
3283 1732 3372 1783 ea,
3418 1732 3549 1786 qua)
3600 1713 3670 1769 ab
3721 1714 3853 1784 ipsa

2195 1811 2337 1862 sunt
2365 1806 2539 1861 nobis
2570 1805 2882 1877 acquisita,
2919 1810 2978 1860 et
3024 1804 3098 1861 ad
3148 1806 3334 1860 Deum
3383 1819 3710 1869 recurrere,
3744 1818 3853 1874 pe-

2196 1900 2393 1951 tentes
2434 1895 2930 1951 misericordiam.
2980 1896 3038 1951 Is
3087 1900 3176 1948 est
3219 1909 3424 1949 revera
3470 1915 3498 1942 «
3545 1907 3851 1958 crumena,

2197 2001 2330 2054 quas
2359 2001 2480 2040 non
2509 1985 2845 2052 veterascit,
2880 2005 2910 2034 »
2931 1983 3215 2038 viaticum
3234 1982 3366 2037 vitas
3388 1985 3648 2050 aeternae,
3672 2004 3699 2030 ‹‹
3728 1981 3858 2035 the-

2199 2089 2412 2129 saurus
2432 2075 2494 2129 in
2517 2073 2662 2129 caelo
2688 2090 2809 2129 non
2831 2073 3120 2129 deﬁciens
3144 2072 3237 2145 (c),
3263 2094 3290 2122 ››
3315 2070 3600 2143 quoniam
3627 2091 3650 2122 σι
3678 2070 3858 2124 mise-

2197 2181 2337 2219 rens
2356 2163 2706 2235 miserebor,
2728 2163 2901 2236 cujus
2918 2163 3249 2218 miserebor
3270 2162 3372 2234 (ἀ),
3398 2185 3419 2214 ι
3446 2162 3528 2216 ait
3549 2160 3857 2216 Dominus.

2200 2254 2417 2310 Dicunt
2447 2259 2645 2309 autem
2675 2254 2802 2309 haec
2827 2254 2898 2308 iis
2923 2270 3182 2325 quoque,
3207 2251 3307 2325 qui
3331 2251 3540 2307 volunt
3558 2267 3687 2305 esse
3710 2267 3858 2322 pau-

2199 2360 2373 2415 peres
2402 2343 2957 2416 propterjustitiam
2983 2365 2998 2409 ;
3026 2342 3348 2398 audierunt
3366 2341 3526 2396 enim
3553 2358 3660 2412 per
3683 2356 3854 2395 man-

2200 2433 2429 2500 datum,
2463 2456 2491 2482 «
2528 2433 2710 2489 latam
2739 2437 2796 2488 et
2827 2433 3149 2504 spatiosam
3176 2448 3306 2486 esse
3336 2431 3512 2496 viam,
3539 2447 3671 2501 qua:
3695 2429 3860 2484 ducit

2199 2522 2273 2578 ad
2333 2523 2684 2589 interitum;
2747 2528 2806 2577 et
2860 2522 3103 2588 multos,
3169 2519 3268 2590 qui
3319 2537 3424 2590 per
3477 2535 3611 2574 eam
3663 2524 3856 2573 trans-

2201 2611 2456 2682 eunt(e).
2491 2632 2518 2659 ››
2554 2612 2632 2665 De
2660 2610 2828 2665 nullo
2861 2610 2979 2665 alio
3014 2609 3299 2680 loquitur,
3332 2625 3511 2679 quam
3535 2608 3606 2662 de
3635 2608 3781 2662 luxu
3802 2612 3862 2662 et

2199 2716 2402 2755 amore
2428 2699 2777 2765 mulierum,
2808 2698 3132 2770 cupiditate
3160 2698 3364 2771 gloria)
3407 2703 3464 2753 et
3493 2697 3754 2770 imperii,
3808 2701 3868 2752 et

2201 2791 2498 2847 similibus
2531 2789 2715 2846 animi
2745 2790 3076 2847 affectibus.
3115 2812 3144 2841 «
3169 2790 3356 2846 Stulte
3387 2813 3407 2840 ιι
3435 2790 3618 2859 enim,
3643 2789 3868 2861 inquit,

2199 2903 2229 2933 «
2262 2881 2375 2937 hac
2403 2887 2575 2938 nocte
2608 2881 2871 2937 animam
2906 2886 3069 2938 tuam
3091 2885 3371 2953 repetunt
3395 2898 3407 2936 :
3431 2897 3562 2952 quas
3585 2884 3783 2935 autem
3808 2879 3864 2934 ei

2199 2970 2444 3042 parasti,
2465 2970 2636 3042 cujus
2662 2974 2838 3025 erunt
2859 2971 2928 3041 (f)
2950 2968 2977 3024 ‘I
3001 2991 3027 3018 »
3048 2971 3117 3023 Et
3133 2969 3481 3024 mandatum
3503 2968 3743 3039 quidem
3767 2968 3860 3023 his

2199 3059 2395 3116 verbis
2435 3058 2720 3114 traditum
2751 3064 2880 3114 est:
2915 3080 2942 3108 ‹‹
2976 3059 3182 3114 Cavete
3216 3075 3353 3131 ergo
3385 3057 3457 3113 ab
3479 3057 3641 3112 omni
3673 3058 3862 3113 avari.

2201 3149 2302 3218 tia,
2326 3155 2384 3204 et
2402 3149 2574 3221 plura
2590 3148 2850 3204 habendi
2873 3147 3196 3220 cupiditate
3221 3165 3233 3201 :
3253 3147 3538 3220 quoniam
3562 3163 3682 3202 non
3707 3147 3767 3201 in
3793 3163 3860 3201 eo

2204 3237 2362 3309 quod
2394 3237 2570 3293 alicui
2606 3236 2911 3292 abundent
2933 3237 3269 3303 facultates,
3297 3236 3416 3291 vita
3437 3236 3584 3308 ejus(
3610 3236 3690 3308 g).
3712 3235 3864 3301 Quid

2200 3329 2359 3383 enim
2389 3326 2632 3399 prodest
2655 3326 2909 3394 homini,
2952 3326 3000 3380 si
3033 3331 3220 3381 totum
3252 3325 3545 3381 mundum
3572 3325 3858 3392 lucretur,

2200 3416 2416 3473 animas
2445 3415 2508 3480 ›Χ‹
2529 3422 2728 3472 autem
2752 3432 2872 3471 suae
2895 3415 3320 3471 detrimentum
3339 3414 3558 3471 faciat?
3577 3419 3680 3469 aut
3701 3413 3860 3485 quod

2201 3504 2367 3562 dabit
2382 3506 2560 3560 homo
2579 3505 2837 3578 pretium
2856 3522 2962 3576 pro
2982 3505 3183 3560 anima
3205 3504 3404 3576 sua(h)
3421 3503 3676 3559 ‘IEtideo
3692 3502 3854 3558 dico:

2201 3596 2285 3652 Ne
2317 3595 2557 3651 solliciti
2591 3595 2718 3650 sitis
2750 3595 2964 3650 animas
3013 3599 3248 3662 vestrm,
3299 3593 3444 3665 quid
3494 3593 3858 3661 comedatis;

2203 3703 2400 3758 neque
2431 3684 2686 3757 corpori,
2723 3684 2866 3756 quid
2898 3683 3254 3740 induamini.
3302 3683 3518 3739 Anima
3565 3683 3726 3738 enim
3776 3687 3866 3738 est

2204 3775 2340 3849 plus
2361 3791 2539 3847 quam
2563 3773 2752 3842 cibus,
2774 3777 2834 3829 et
2853 3789 3068 3845 corpus
3091 3790 3270 3844 quam
3293 3772 3711 3828 indumentum
3732 3773 3812 3844 (ἰ).
3840 3792 3865 3823 ι)

2205 3866 2278 3919 Et
2317 3880 2565 3920 rursus:
2613 3886 2642 3913 «
2693 3863 2813 3917 Scit
2855 3863 3017 3917 enim
3065 3863 3240 3917 Pater
3293 3867 3505 3931 vester,
3565 3861 3723 3931 quod
3775 3861 3870 3916 his

2206 3953 2486 4009 omnibus
2517 3968 2667 4024 opus
2699 3950 2954 4006 habetis.
2988 3951 3240 4015 Quaerite
3263 3955 3465 4006 autem
3488 3950 3749 4020 primum
3776 3967 3870 4006 re-

447 4038 588 4114 βίον,
623 4036 764 4115 ἔργῳ
794 4059 851 4093 τε
881 4039 970 4094 καὶ
1016 4039 1173 4114 λόγῳ
1224 4045 1404 4111 ζητεῖν
1436 4041 1537 4109 τὴν
1572 4038 1833 4112 ἀλήθειαν
1865 4040 2090 4117 προτρέ-

2209 4058 2393 4114 gnum
2429 4039 2714 4096 caelorum
2747 4044 2806 4093 et
2825 4037 3160 4110 justitiam;
3195 4060 3223 4088 ››
3253 4053 3322 4093 ea
3352 4038 3510 4093 enim
3544 4061 3572 4088 «
3596 4055 3865 4112 magna,»

477 4187 479 4189 ι
527 4159 592 4223 >X<
621 4159 684 4212 P.
720 4159 824 4211 5'79
846 4157 959 4210 ΕΙ).
993 4157 1288 4222 ΡΟΤΤΕΒ,
1320 4157 1424 4210 488
1457 4156 1569 4211 ΕΙ).
1602 4158 1832 4212 PARIS.

1910 4161 1988 4230 (α)
2020 4157 2239 4214 Psalm.
2272 4175 2372 4225 xu,
2406 4158 2458 4226 3,
2493 4159 2544 4222 4,
2579 4160 2631 4210 5.
2660 4156 2734 4227 (b)
2774 4155 2995 4230 Matth._
3020 4171 3102 4230 γι.
3156 4157 3249 4230 19.
3274 4154 3384 4230 __(c)

3443 4155 3579 4210 Luc.
3640 4173 3743 4226 xu,
3803 4157 3871 4212 32

455 4230 534 4302 (ἁ)
564 4232 734 4284 Rom.
761 4245 839 4293 IV,
874 4231 939 4282 15
967 4244 980 4295 ;
1014 4227 1196 4302 Exod.
1225 4243 1428 4292 xoxiu,
1465 4229 1550 4302 19.
1585 4229 1656 4301 (e)
1689 4229 1893 4285 Matth.
1916 4224 2022 4298 ‘m,
2055 4230 2077 4284 4

2209 4232 2245 4301 Γ)
2279 4224 2572 4299 ιυο.ἰιι,
2632 4224 2723 4282 2οζ
2779 4228 2860 4299 (g)
2914 4224 3062 4282 lbid.
3121 4229 3208 4281 15·
3264 4224 3348 4299 (γε)
3369 4224 3578 4283 Matth.
3633 4224 3745 4297 xvi,
3799 4232 3867 4283 26

444 4300 738 4374 (ﬁ‘Matth.
770 4317 843 4366 vx,
875 4301 937 4354 31
977 4316 991 4368 ;
1024 4300 1163 4355 Luc.
1195 4315 1292 4367 xu,
1325 4302 1416 4369 22,
1455 4301 1545 4354 23.

519 4420 632 4485 (80)
661 4412 763 4470 Καὶ
789 4413 950 4472 κλέπ.
985 4414 1087 4471 Καὶ
1123 4411 1263 4469 ὅπου
1291 4412 1454 4472 κλέπ.
1489 4417 1691 4474 Matth.
1723 4435 1798 4474 v1.

518 4491 631 4569 (_81_)
661 4488 826 4569 Ἔνθα
872 4485 1242 4569 ’ἔγ-,συγγένεια
1283 4491 1396 4569 τοῦ.
1429 4491 1545 4569 νοῇ.
1580 4491 1799 4562 Nempe
1839 4490 1903 4569 in
1935 4490 2104 4561 caelo,

447 4562 548 4619 ubi
580 4563 735 4638 Deus
769 4560 955 4638 etalii
1003 4560 1250 4632 spiritus
1301 4560 1616 4618 animabus
1663 4560 1886 4618 nostris
1917 4560 2108 4638 συγγεέ-

445 4638 554 4694 νεῖς
585 4633 878 4689 habitant.

521 4708 637 4794 (82).
665 4706 1090 4794 Ἀνασσξροφῇς.⁴
1109 4704 1424 4794 Respicere
1472 4705 1704 4794 videtur
1751 4706 1968 4794 Ephes.
2024 4722 2102 4776 ιιι,

449 4773 555 4854 22ε
593 4773 1124 4854 ᾌποϐέισθαιλῷιξᾶς
1180 4773 1317 4830 κατὰ
1363 4776 1466 4846 τήν
1534 4773 1818 4854 προτὲραν’
1846 4773 2108 4854 ἀναστροέ

449 4850 554 4928 ιρὴν
586 4850 677 4904 τὸν
710 4846 944 4928 πιαλαιὸν
968 4844 1276 4928 ἅνρρωπρν,

521 4926 632 4994 (83)
664 4919 981 4994 Βαλάντιον.
1034 4921 1297 4994 Respicit
1355 4922 1490 4994 Luc.
1541 4938 1645 4988 xu,
1701 4923 1789 4976 33.
1839 4921 2109 4994 Ποιήσατε

753 4991 980 5077 αλάντια
1050 4991 1169 5077 ira;
1193 4991 1592 5066 παλαιούμενα,
1639 4995 1908 5068 θησαυρὸν
1952 4993 2106 5048 ἀνέκ-

449 5014 606 5049 εαυτο
620 5014 661 5056 ις

447 5065 670 5123 λειπτον
705 5063 756 5121 έν
785 5070 902 5128 τοῖς
923 5063 1198 5134 οὐρανοῖς,

521 5141 632 5210 (84)
664 5134 891 5196 Ἀλεῶν.
925 5136 1108 5192 Abest
1128 5137 1200 5191 ab
1232 5135 1410 5210 Exod.
1448 5141 1504 5210 et
1532 5137 1702 5194 Rom.

522 5208 636 5283 (85')
665 5210 924 5283 Πλατεξα.
957 5212 1000 5265 Ε
1029 5208 1320 5283 memoria
1366 5209 1588 5283 recitat
1607 5210 1846 5283 _Matth._
1864 5226 1966 5283 xu,
1999 5211 2062 5262 13
2089 5224 2102 5263 :

452 5277 696 5372 Ιξλαξέῖα
717 5285 752 5352 ἡ
783 5279 960 5352 πύλη,
993 5280 1082 5372 ὶιαὶ
1113 5277 1432 5372 ειξρύχωρρς
1479 5283 1514 5349 ἡ
1555 5277 1694 5372 (ὁδξς
1738 5282 1774 5348 ἡ

443 5448 633 5570 “uirga
691 5504 766 5569 Τῆ
808 5519 876 5570 κν.
927 5519 977 5552 τ.
1040 5497 1178 5570 Luc.
1236 5513 1336 5570 χιι,
1388 5494 1762 5570 207;_Ta61ﬁ_
1796 5493 1948 5550 νυκτὶ
2001 5495 2102 5570 τῂν

443 5565 636 5704 gmw
670 5565 766 5626 σου
795 5569 1116 5626 ἀπαιτοῦσιν
1156 5567 1263 5623 ἀπὸ
1314 5567 1432 5622 σοῦ·
1467 5567 1500 5621 ἅ
1530 5565 1587 5623 8t
1633 5565 1964 5640 ἡτοίμασας,
1995 5565 2102 5622 τίνι

474 5664 624 5704 atat:

474 5665 636 5789 612%?)
668 5711 912 5789 ΦυΛάσσ.
963 5714 1100 5771 Luc.
1152 5730 1257 5780 XII,
1284 5714 1442 5789 _15:_
1469 5708 1815 5789 φυλάσσεσθε
1857 5711 1964 5789 duo
2003 5716 2105 5789 τῇς

450 5783 640 5846 πλέον’.
666 5787 852 5845 Porro
872 5787 934 5842 in
955 5802 1142 5842 unum
1166 5785 1474 5858 conjungit
1491 5786 1628 5842 Luc.
1651 5802 1753 5854 xu,
1774 5789 1838 5842 l5
1861 5802 1872 5841 :
1897 5783 2100 5842 Matth.

2131 4666 2177 4731 D

1824 5299 2105 5334 απαγουσα

452 5302 691 5338 ηΛατεια
717 5302 752 5352 η
783 5302 960 5352 πυΛη,
993 5302 1082 5335 και
1113 5302 1432 5372 ευρυχωρος
1479 5302 1514 5349 η
1569 5302 1694 5340 οοος
1738 5302 1774 5348 η
1824 5302 2105 5354 απαγουσα

452 5355 528 5416 εἰς
584 5355 884 5424 ἀπώλειαν,
927 5352 1017 5409 καὶ
1069 5350 1282 5407 πολλοι
1341 5350 1472 5406 εἰσιν
1525 5351 1576 5406 οἱ
1620 5350 2002 5426 εἷσερχόμενοι
2035 5349 2105 5406 δι’

2214 4419 2428 4544 ινιέξὸ
2435 4433 2573 4543 3;3v1,
2606 4419 2668 4470 2i
2700 4432 2714 4485 ;
2752 4416 2888 4472 Luc.
2939 4432 3038 4485 xu,
3093 4418 3182 4484 22,
3229 4416 3318 4484 23,
3366 4417 3454 4483 30,
3505 4417 3610 4483 3i;
3662 4418 3866 4474 Matth.

2214 4508 2288 4544 v1.
2388 4531 2402 4544 .
2511 4530 2523 4544 .

2214 4508 2288 4557 v1,
2313 4508 2402 4557 az,
2435 4508 2523 4544 ῦὸ.

2574 4556 2632 4650 ἐν
2666 4561 2840 4651 “(sq)”th
2896 4559 3194 4651 Lucum},
3257 4561 3356 4651 152:
3420 4555 3534 4644 06}
3577 4556 3631 4650 έν
3663 4563 3742 4631 τῷ
3777 4580 3870 4651 πε-

2211 4627 2472 4708 ρισσεύειν
2489 4631 2634 4708 ῌτινὶ
2664 4631 2698 4700 ἡ
2721 4627 2850 4708 ζωή
2909 4627 3076 4708 αύτοῖξ
3135 4628 3276 4708 ἐστιν
3297 4699 3310 4708 ·
3335 4629 3395 4683 ἐκ
3415 4634 3566 4708 ῌτῶνι
3587 4627 3868 4708 ᾧπαρχόν-

2209 4697 2318 4762 των
2353 4697 2702 4778 αύτοῦηΜοῂ
2733 4697 3028 4778 interpres
3061 4703 3207 4778 legit
3232 4697 3323 4756 διὰ
3347 4704 3510 4778 τοῦτο
3551 4697 3721 4778 λέγεις.

2295 4778 2403 4849 (89)
2435 4772 2596 4858 {inde
2635 4775 2698 4829 τὸ
2755 4772 2915 4858 σε)μά
2963 4772 3293 4858 1..1r.:S_eu
3328 4777 3540 4858 pqtius
3571 4772 3866 4858 inldatiﬂvo

2219 4845 2492 4920 08911,τῷ
2520 4845 2760 4920 σώματι,
2788 4845 2847 4920 τί
2871 4866 2930 4902 π.
2981 4851 3049 4902 ut
3079 4845 3359 4920 Δτῇ-ι.Ῑ.ουχῆἶ
3393 4847 3570 4919 ὑμῶν,
3599 4845 3653 4900 τί
3683 4869 3739 4920 φ.
3773 4849 3866 4902 Sic

2217 4914 2644 4994 apudLucaui,
2674 4914 2754 4994 τῷ
2776 4916 3012 4991 σώματι,
3035 4915 3088 4972 τί
3109 4914 3680 4989 ἐνδύσησθεῘΠήἀΘω
3696 4914 3866 4987 ἠιοκ,

2215 4989 2272 5064 η’
2285 4991 2438 5064 ψυχή
2470 4990 2660 5048 πλεῖόν
2697 4989 2888 5064 ἐστιᾼτ.

2307 5057 2396 5132 '90)
2429 5057 2508 5121 ’Ὁ
2555 5063 2743 5137 Πατήρ
2809 5062 2987 5137 ὑμῶν.
3037 5061 3101 5137 'o
3145 5060 3330 5137 llatﬁp
3382 5060 3535 5133 ὑμῶν
3577 5057 3861 5137 οὐράνιος,

2215 5134 2544 5207 Matthaeus,
2575 5134 2751 5208 quem
2783 5134 3058 5192 Clemens
3087 5135 3151 5189 in
3183 5134 3396 5208 hac'et_
3429 5134 3699 5203 sequenti
3730 5150 3868 5188 sen-

2215 5210 2420 5336 teflitia,
2453 5205 2624 5265 utin
2673 5225 2762 5278 ea,
2810 5225 2944 5279 qua:
2991 5207 3318 5278 praecessit,
3377 5205 3590 5260 Lucam
3625 5211 3864 5260 secutus

2215 5297 2267 5335 Vl
2314 5288 2464 5336 etur.

2212 5281 2464 5337 videtur.

2287 5353 2400 5425 (91)
2439 5352 2547 5426 Τὴν
2721 5350 2828 5426 Τὴν
2870 5343 3345 5426 _@aci_)\ctav__1ov3
3401 5349 3593 5426 Θεοῦη
3615 5345 3706 5400 καὶ
3755 5347 3862 5426 ,τὴν

2215 5415 2562 5496 διδιαιόσύνην
2609 5415 2810 5492 ἀύτοῦ,
2869 5415 3096 5490 Matth,
3153 5419 3255 5475 ubi
3308 5435 3468 5490 mox,
3496 5415 3666 5472 ταῦτα
3693 5419 3868 5474 πάντα

2212 5509 2468 5571 προστεθ.

2285 5572 2399 5641 (92)
2447 5570 2627 5626 Ταῦτα
2681 5565 2961 5641 γὰρ-μέγ.
3014 5562 3275 5641 ῌθερὶοίι
3331 5561 3551 5641 Christi
3576 5563 3860 5641 Adictum,

2216 5634 2976 5713 qu'od'superius'recitavit
3005 5635 3206 5713 Strovp.
3234 5651 3282 5713 ι,
3307 5651 3462 5713 _pag.
3495 5637 3638 5713 3465
3671 5634 3862 5713 ⁸Αἰτεῖ-

2213 5704 2306 5768 ἇθε
2335 5713 2402 5767 τὰ
2445 5704 2677 5786 μέγάλα,
2734 5706 2824 5763 καὶ
2876 5705 2944 5762 τὰ
3001 5706 3176 5786 μικρά
3229 5704 3355 5786 ὑμῖν
3401 5704 3858 5786 ’προστεθήσεταυ

2215 5806 2240 5839 ε
2273 5776 2460 5843 Petité
2489 5776 2726 5855 magna,
2754 5786 2814 5838 et
2840 5776 3020 5853 parva
3047 5776 3212 5834 vobis
3238 5776 3616 5852 adjicientur.
3653 5776 3681 5832 ἡ
