4138 6420
342 335 486 398 1249

1681 334 2126 395 STROMATUM
2165 336 2299 393 LIB.
2342 337 2438 393 IV.

3636 341 3779 401 1250

341 463 694 539 Λαττόμενοί,
728 460 913 536 ὥσπερ
955 455 1352 535 δεσμωτηρίων
1386 462 1486 533 (ὃ),
1521 457 1633 514 ἄνω
1679 456 1737 514 δὲ
1790 458 1864 519 εἰς
1912 480 2005 513 κα-

2139 467 2344 517 iuntur
2372 480 2507 537 ergo
2535 464 2961 521 convenienter
2990 465 3430 537 mansionibus,
3462 484 3595 541 qum
3638 487 3778 540 pro-

340 553 508 630 θαρὰν
567 550 783 624 οἴκησιν
826 548 1240 630 ἀφικνούμενοι.
1303 571 1332 601 ››
1392 549 1492 604 Διά
1548 548 1888 628 σαφεστέρων
1948 568 2007 603 τε

343 645 408 700 αὖ
455 644 519 699 τὸ
575 642 705 698 αὐτὸ
759 638 867 696 ὧδέ
915 661 1036 704 πως
1084 637 1254 716 λέγει·
1289 662 1318 691 ‹‹
1349 638 1570 694 Τούτων
1616 639 1693 713 (6)
1743 635 1802 693 δὲ
1830 635 2009 692 αὐτῶν

343 731 397 790 ο¹ί
427 734 479 789 ἓν
513 730 813 811 φιλοσοφίᾳ
840 733 919 805 (7)
970 730 1164 790 ἱκανῶς
1214 728 1589 803 καθηράμενοι
1620 725 1744 783 ἄνευ
1788 748 1848 783 τε
1897 748 2009 781 σω-

347 822 531 898 μάτων
580 825 712 892 ζῶσι
760 822 824 875 τὸ
873 817 1126 895 παράπαν
1180 816 1256 881 εἷς
1309 817 1400 873 τὸν
1453 819 1662 872 ἅπαντα
1717 816 1943 892 χρόνον·
1979 835 2006 868 ι

344 911 523 968 καίτοι
555 911 819 987 σχήματά
847 930 967 964 τινα
1009 906 1347 983 περιτίθησι,
1377 911 1496 970 ταῖς
1532 906 1628 981 μὲν
1678 906 1864 980 ἇέρινα
1911 903 2011 959 αύ-

345 1007 499 1072 τῶν,
553 1005 674 1063 ταῖς
735 997 795 1055 δὲ
851 998 943 1054 καὶ
1002 996 1223 1075 πύρινα.
1284 999 1404 1054 Ἔτι
1467 995 1755 1075 ἐπιφέρει·
1823 1020 1844 1047 ι
1904 993 2012 1051 Καὶ

347 1093 425 1155 είς
454 1096 528 1162 (8)
578 1090 820 1160 οἰκήσεις
864 1087 943 1144 ἔτι
990 1085 1200 1142 τούτων
1228 1083 1497 1151 καλλίους
1525 1085 1894 1164 ἀφικνοῦνται,
1951 1083 2014 1148 ἆς

349 1179 478 1237 οὐδὲ
508 1176 693 1257 ῥᾴδιον
727 1176 1003 1249 δηλῶσα,
1037 1173 1164 1232 οὐδὲ
1194 1178 1268 1250 (9)
1319 1177 1353 1232 ὅ
1401 1176 1606 1253 χρόνος
1632 1175 1820 1238 ἱκανὸς
1849 1174 1901 1231 έν
1932 1178 2014 1247 τῷ

347 1272 597 1348 παρόντι.
652 1293 682 1322 ››
735 1270 897 1333 ’Ὀθεν
948 1265 1175 1329 εἰκότως
1216 1291 1242 1320 οι
1277 1267 1554 1343 Μακάριοι
1587 1268 1639 1322 οἳ
1670 1271 2009 1331 πενθοῦντες

349 1362 434 1417 δτι
491 1358 643 1415 αὐτοὶ
691 1355 1214 1434 παρακληθήσονται
1260 1358 1387 1429 (10)·
1442 1378 1473 1408 »
1514 1356 1571 1410 οἱ
1600 1356 1706 1432 γὰρ
1742 1359 2015 1430 μετανοή-

348 1472 534 1515 σαντες
567 1450 649 1529 έφ’
680 1451 764 1512 οἷς
794 1452 977 1512 κακῶς
1022 1441 1490 1523 προῦεὸιώκασιν,
1540 1447 1616 1511 είς
1665 1470 1690 1501 α
1721 1448 1821 1518 τὴν
1872 1445 2014 1520 κλῆ-

351 1564 433 1599 σιν
469 1572 499 1595 υ
557 1542 905 1619 παρέσονται·
955 1543 1119 1596 τοῦτο
1168 1540 1275 1616 γάρ
1322 1538 1433 1594 ἐστι
1473 1539 1537 1595 τὸ
1586 1564 1615 1593 ι(
1648 1538 2013 1615 παρακληθῆ-

353 1653 461 1692 ναι.
496 1655 525 1685 »
555 1633 668 1688 Τοῦ
703 1632 1103 1705 μετανοοῦντος
1135 1625 1193 1683 δὲ
1239 1627 1436 1703 τρόποι
1468 1625 1585 1683 δύο·
1622 1629 1650 1682 ὁ
1685 1627 1780 1703 μὶν
1827 1629 2014 1684 κοινό-

350 1723 507 1800 τέρος
539 1716 709 1802 φόϐος
741 1719 827 1777 ἐπὶ
870 1724 987 1782 τοῖς
1045 1723 1397 1796 πραχθεῖσιν,
1447 1718 1475 1773 ὁ
1537 1715 1595 1773 δὲ
1624 1716 1919 1794 ΐδιαίτερος
1977 1721 2012 1791 ἡ

355 1809 601 1866 δυσωπία
716 1809 851 1886 πρὸς
884 1809 1080 1878 ὲαυτήν
1129 1814 1231 1879 τῆς
1278 1810 1465 1884 ψυχῆς
1521 1806 1582 1864 ἐκ
1627 1805 2012 1879 συνειδήσεως.
2046 1844 2096 1908 Β

360 1900 473 1959 Εἶτ’
505 1899 596 1956 οῦν
632 1898 877 1971 ἐνταῦθα,
914 1895 1023 1954 εἷ’τε
1051 1896 1142 1953 καὶ
1181 1895 1438 1973 ἀλλαχῆ,
1488 1895 1627 1971 (ἰπεὶ
1679 1896 1873 1972 μηδεὶς
1922 1899 2015 1954 τό-

356 2012 460 2053 πος
516 1990 684 2066 ἀργὸς
735 1986 982 2051 εὐποιίας
1035 1991 1214 2061 Θεοῦ·)
1253 1985 1417 2044 πάλιν
1468 1987 1647 2065 φησίν·
1683 2012 1711 2041 ‹‹
1747 1987 2021 2064 Μακάριοι

359 2081 414 2136 οἱ
446 2079 762 2153 ἐλεήμονες·
816 2079 900 2133 ὅτι
956 2076 1110 2133 αὐτοὶ
1165 2074 1572 2149 ἐλεηθήσονταὶ
1604 2078 1737 2152 (11).
1772 2102 1801 2129 ››
1843 2078 1905 2136 Ὀ
1966 2074 2024 2133 δὲ

357 2168 513 2232 ἓλιος
563 2168 692 2246 οὐχ,
739 2167 777 2243 ᾖ
818 2188 965 2230 τινες
1017 2171 1125 2222 τῶν
1159 2165 1482 2246 φιλοσόφων
1518 2169 1633 2241 (12)
1666 2164 2023 2253 ὑπειλήφασι,

359 2257 509 2329 λύπη
541 2258 624 2313 ἐπ’
681 2255 1005 2332 ἀλλοτρίαις
1052 2261 1383 2334 συμφοραῖς*
1439 2254 1655 2331 μᾶλλον
1707 2253 1765 2313 δὲ
1811 2256 2024 2313 ἀστεῖόν

354 2346 409 2402 τί
465 2350 581 2423 (13)
642 2346 777 2415 ἐστι,
837 2346 912 2409 ὡς
973 2345 1025 2401 οἱ
1055 2351 1335 2421 προφῆται
1386 2344 1659 2423 λέγουσιν’
1703 2370 1733 2399 ‹‹
1763 2346 1961 2403 Ἕλεον
1998 2370 2027 2399 ››

356 2435 485 2512 γὰρ,
535 2433 691 2514 φησὶ,
744 2458 773 2487 ι(
804 2433 972 2509 θέλω,
1020 2434 1112 2490 καὶ
1164 2433 1227 2489 ού
1275 2432 1466 2489 θυσίαν
1524 2436 1656 2505 (14).
1693 2459 1721 2488 »
1751 2433 2027 2509 Ἐλεήμο-

356 2546 454 2589 νας
504 2521 552 2580 δ’
581 2523 715 2580 εἶναι
770 2522 1028 2599 βούλεται
1078 2522 1140 2578 οὐ
1207 2521 1370 2596 μόνον
1426 2522 1555 2585 τοὺς
1603 2518 1757 2579 ἔλεον
1806 2527 2025 2579 ποιοῦν-

358 2637 476 2685 τας,
530 2613 679 2672 ἂλλᾶ
731 2614 824 2670 καὶ
878 2612 1006 2677 τοὺς
1063 2612 1351 2676 ἐθέλοντας
1390 2611 1585 2685 ἐλεεῖν,
1640 2611 1737 2669 κᾶν
1796 2616 1874 2687 μὴ
1934 2612 2028 2670 δύ·

360 2724 582 2762 νωνται·
667 2706 751 2768 οἷς
828 2702 965 2758 κατὰ
1037 2701 1354 2780 προαίρεσιν
1421 2704 1484 2759 τὸ
1538 2702 1769 2780 ἐνεργεῖν
1826 2702 2032 2781 πάρεσ.

363 2817 447 2851 τιν
485 2814 498 2826 ⁸
555 2794 728 2851 ἐνίοτε
782 2793 882 2870 γὰρ
941 2790 1257 2870 βουλόμεθα
1326 2790 1397 2847 δι’
1455 2791 1719 2870 ἀργυρίου
1777 2788 1980 2856 δόσεως
2012 2840 2028 2866 ,

365 2884 401 2954 ἢ
478 2881 569 2939 διὰ
643 2889 962 2957 σωματικῆς
1038 2878 1282 2952 σπουδῆς
1367 2878 1521 2937 ἔλεον
1590 2889 1820 2952 ποιῆσαι
1855 2927 1869 2952 ,
1956 2882 2033 2947 ὡς

369 2972 616 3047 δεομένῳ
693 2970 1009 3049 ἐπαρκέσαι,
1094 2970 1129 3041 ἢ
1207 2975 1461 3026 νοσοῦντι
1542 2970 1906 3047 ὑπουργῆσαι,
1993 2969 2030 3041 ἢ

365 3063 420 3119 ἐν
452 3064 761 3139 περιστάσει
790 3060 1071 3138 γενομένῳ
1122 3066 1485 3135 παραστῆναιο
1536 3061 1625 3115 καὶ
1660 3060 1769 3137 οὐχ
1816 3061 1926 3116 οἷοί
1972 3059 2034 3117 τέ

364 3151 550 3226 ἐσμεν,
602 3148 730 3221 ἤτοι
780 3148 870 3205 διὰ
915 3150 1124 3219 πενίαν,
1181 3150 1217 3220 ἢ
1266 3150 1450 3221 νόσον,
1480 3149 1516 3219 ἢ
1564 3155 1740 3224 γῆρας
1798 3151 2022 3228 (φυσική

361 3242 463 3319 γὰρ
521 3241 681 3304 νόσος
734 3239 824 3295 καὶ
876 3242 1064 3310 τοῦτο)
1121 3238 1614 3315 ἐξυπηρετῆσαιτῇ
1660 3239 1972 3314 προαιρέσει
2007 3287 2021 3312 ,

363 3331 445 3409 ἐφ’
476 3328 548 3385 ὧν
582 3329 909 3404 ὁρμώμεθα,
972 3330 1049 3402 μή
1101 3326 1420 3399 δυνηθέντες
1475 3327 1563 3383 ἐπὶ
1619 3327 1778 3391 τέλος
1805 3329 2020 3405 ἀγαγεῖν

362 3421 392 3476 ὃ
429 3414 836 3495 βεϐουλήμεθα.
869 3420 984 3487 Τῆς
1016 3415 1185 3487 αὐτῆς
1215 3420 1385 3491 τιμῆς
1426 3416 1719 3493 μετέχουσι
1768 3424 1888 3482 τοῖς
1930 3417 2022 3474 δυ-

362 3512 607 3580 νηθεῖσιν
647 3509 699 3564 οἱ
753 3502 1181 3585 βεϐουλημένοι.
1216 3508 1290 3561 ὢν
1344 3508 1380 3577 ἡ
1411 3506 1727 3585 προαίρεσις
1754 3506 1877 3579 ’ίσ-η,
1926 3508 2026 3564 κᾶν

363 3597 766 3654 πλεονεκτῶσιν
823 3594 1002 3673 ἕτεροι
1065 3600 1134 3671 τῇ
1193 3595 1482 3674 περιουσίᾳ
1512 3641 1527 3657 .
1587 3596 1744 3652 Ἐπεὶ
1803 3594 1861 3653 δὶ
1913 3602 2023 3654 τῶν

365 3686 686 3764 ἀπαγόντων
737 3687 815 3750 εἰς
859 3687 958 3757 τήν
1006 3684 1293 3741 τελείωσιν
1333 3692 1436 3755 τῆς
1468 3685 1742 3763 σωτηρίας
1772 3684 1893 3743 ὁδοὶ
1938 3688 2026 3743 εὑ-

370 3776 644 3852 ρίσκονται
693 3773 833 3848 δύο,
890 3772 1026 3852 ἔργα
1078 3775 1169 3831 καὶ
1225 3778 1465 3852 γνῶσις,
1529 3774 1834 3853 μακαρίους
1884 3776 2029 3833 εἶπεν

372 3887 401 3917 κ
440 3862 571 3926 τοὺς
628 3861 899 3938 καθαροὺς
956 3864 1057 3932 τὴν
1116 3860 1341 3939 καρδίαν
1398 3864 1535 3938 (15),
1594 3865 1679 3920 ὅτι
1731 3864 1887 3922 αὐτοὶ
1934 3867 2025 3922 τὸν

373 3952 505 4009 Θεὸν
555 3948 801 4027 ὄψονται.
849 3973 882 4007 ››
935 3952 1039 4008 Kav
1086 3956 1168 4025 τῷ
1220 3947 1337 4009 ὄντι
1364 3952 1428 4008 τὸ
1475 3953 1679 4025 ἀληθὲς
1712 3960 2028 4030 σκοπῶμεν,

372 4045 409 4114 ἠ
441 4047 644 4121 γνῶσις
693 4046 789 4098 ’.τοῦ
826 4044 1166 4118 ἡγεμονικοῦ
1213 4048 1314 4113 τῆς
1364 4045 1553 4120 ψυχῆς
1596 4044 1854 4120 κάθαρσίς
1894 4045 2007 4101 ἐστι

443 4180 508 4245 >X<
532 4176 595 4228 P.
628 4173 731 4228 581
765 4172 877 4226 ΕΙ).
910 4172 1206 4238 POTTER,
1238 4170 1482 4225 489-490
1510 4172 1622 4226 El).
1656 4173 1885 4231 PARIS.
1961 4176 2027 4247 (al

2139 4175 2267 4231 llth.
2302 4191 2353 4244 ν,
2386 4176 2440 4241 4,
2474 4178 2526 4229 7.

447 4292 524 4364 (5)
558 4286 986 4364 Δεσμωτηρίων.
1037 4283 1454 4360 Δεσμωτηρίου,
1498 4288 1723 4346 Theod.
1775 4293 1922 4359 Mox,
1954 4289 2033 4354 εἰς

373 4362 473 4432 τὴν
505 4362 697 4436 καθαρς
733 4362 923 4436 Plato.

451 4436 528 4508 (ὃ)
579 4430 821 4490 Τούτων.
884 4434 1017 4488 Haec
1074 4448 1164 4499 ea,
1223 4448 1355 4503 quae
1396 4431 1525 4503 jam
1582 4430 1822 4490 laudata
1870 4440 2034 4503 sunt,

381 4512 737 4565 sequuntur.

480 4573 534 4650 Ἰ)
566 4577 652 4653 Ἐν
683 4597 739 4653 φ.
773 4575 861 4653 va
895 4592 931 4631 a
974 4575 1222 4653 Platone
1254 4574 1425 4653 abest
1456 4592 1469 4631 :
1521 4573 1680 4653 apud
1710 4593 1887 4653 quem
1917 4576 2037 4653 ἱκα-

381 4642 471 4705 νόν
503 4642 609 4722 pro
640 4642 865 4722 ἱκανῶς,
915 4653 975 4703 et
1019 4646 1095 4708 εἰς
1137 4645 1230 4701 τὸν
1261 4642 1450 4702 ἔπειτα
1469 4642 1674 4722 χρόνον
1705 4642 1811 4720 pro
1843 4647 1920 4711 είς
1950 4649 2043 4704 τὸν

383 4719 604 4809 ἅπαντα,
626 4719 1069 4809 χρόνονπςχδῐὸξε

455 4797 528 4865 (8)
563 4789 796 4852 Κάῖἐῖς.
831 4793 966 4848 Haec
996 4792 1174 4848 etiam
1207 4789 1350 4865 loco
1369 4792 1646 4865 superius
1686 4792 1865 4861 dicto,
1920 4799 2043 4850 tam

386 4862 544 4939 apud
556 4865 1187 4939 Theodoretumquam
1198 4880 1272 4939 ap
1280 4862 1356 4939 ιιᾴ
1371 4862 1680 4939 Platonem
1698 4873 2041 4939 occurrunt.

458 4939 529 5008 (9)
554 4933 694 4992 υύδέ
724 4930 1043 5011 ρηδηούδέῖ
1071 4930 1291 5011 Dii-:53.
1322 4930 1371 4990 δ.
1405 4931 1549 5006 οὔτε,
1585 4936 1935 5011 Theodoret.

458 5002 571 5083 (18)
597 5002 1152 5083 ηαράκληθήςονται.
1186 5002 1307 5063 Hoc
1338 5012 1450 5072 est,
1483 5002 1555 5064 ei
1586 5009 1887 5064 sententia
1915 5010 2048 5065 Cle-

388 5079 629 5147 mentis,
667 5079 695 5131 «ξ
726 5079 1194 5147 advocabuntur.
1226 5101 1254 5129 ι»

461 5154 572 5223 (11)
620 5145 744 5208 Ἐ’ίτ’
793 5148 883 5205 οὖν
927 5192 940 5205 .
981 5191 1058 5223 ,Ατ
1110 5145 1527 5220 ἐλεηθήσονται.
1580 5150 1715 5207 Haec
1758 5151 1933 5208 nobis
1963 5153 2050 5210 sic

391 5221 759 5297 distinguere
805 5229 862 5279 et
905 5221 1439 5297 explicarevisum
1461 5226 1571 5288 est,
1607 5230 1786 5297 prout
1805 5224 1936 5296 jam
1986 5242 2050 5281 se

390 5292 616 5352 habent
639 5313 652 5351 :
679 5314 811 5368 quas
831 5292 1061 5367 priores
1093 5292 1386 5368 editiones
1415 5294 1528 5368 hoc
1548 5292 2052 5368 medoﬂercerac

394 5368 597 5424 Latine
644 5360 1081 5425 eihibuerunt:
1128 5362 1239 5419 Εἶτ’
1289 5361 1380 5418 οὖν
1418 5363 1665 5434 ἐνταῦθα,
1695 5360 1801 5419 εἷ’τε
1828 5366 1922 5421 καὶ
1950 5366 2049 5423 ἀλ-

392 5436 567 5515 λαχῇ,
603 5437 716 5493 ἐπεὶ
765 5434 984 5515 μηδεὶς-
1010 5435 1179 5515 τόπος
1227 5437 1389 5515 ᾀργὸς
1418 5435 1664 5515 εὐποιίας
1694 5440 1847 5515 Θεοῦ·
1882 5437 2048 5515 παλ-ιν

392 5506 576 5588 φηῖίν,
626 5506 897 5588 Μακᾶρ-ιοι
927 5509 991 5588 ὀἱ
1040 5506 1122 5564 έλ.
1175 5533 1201 5558 «ι
1231 5506 1359 5588 Sit-'9
1391 5526 1527 5588 ergo
1560 5509 1677 5588 hi9,
1712 5510 1830 5588 sive
1862 5511 2003 5588 alibi
2035 5529 2048 5566 :

395 5581 679 5656 quoniam
702 5581 907 5639 nullus
927 5582 1094 5656 locus
1125 5588 1292 5656 vacat
1321 5581 1420 5656 Dei
1449 5581 2055 5656 misericordiasllur-

398 5653 497 5711 sus
525 5656 706 5712 dicit:
742 5679 769 5704 α
804 5654 966 5711 Beati
998 5653 1441 5723 misericordes,
1476 5653 1762 5727 quoniam
1794 5654 1907 5727 ipsi
1941 5657 2053 5711 mi—

399 5748 427 5779 ‹‹
459 5727 846 5784 sericordiam
881 5733 1346 5798 consequentur.
1379 5748 1409 5776 υ

468 5800 581 5873 (12)
611 5798 760 5862 Τινὲς
808 5801 916 5853 τῶν
966 5794 1307 5875 φιλόσόφων.
1358 5798 1586 5855 Stoicos
1616 5797 1917 5873 intelligit,
1950 5801 2053 5873 qui

2074 4619 2123 4682 Β

2118 551 2389 624 portione
2412 555 2780 626 respondent
2813 555 2906 625 iis,
2940 556 3158 628 quibus
3189 556 3416 630 dignati
3437 564 3597 626 sunt,
3627 577 3779 631 pras-

2119 641 2277 711 miis,
2302 641 2626 699 ineﬂ‘abilis
2657 644 3005 701 oeconomiae
3044 651 3103 700 et
3134 647 3402 702 muneris
3448 646 3777 719 adjutores.

2120 752 2148 781 «
2181 732 2291 797 Qui
2317 736 2538 791 autem.
2572 755 2600 783 »
2633 734 2827 805 inquit
2858 734 3024 791 Plato
3072 756 3093 784 ι
3128 736 3236 791 visi
3285 734 3509 792 fuerint
3553 737 3778 793 evocati

2121 818 2196 876 ad
2228 821 2360 888 hoc,
2392 828 2459 878 ut
2505 828 2709 879 sancte
2741 842 2861 896 prae
2904 825 3135 880 caeteris
3166 824 3380 893 vivant,
3409 826 3450 880 ii
3484 832 3643 895 sunt,
3676 827 3780 898 qui

2121 926 2192 965 ex
2207 910 2301 965 his
2323 912 2580 967 terrenis
2605 912 2773 983 locis,
2800 918 3085 985 tanquam
3111 930 3141 969 e
3165 913 3527 983 carceribus,
3545 914 3783 971 liberati

2122 1003 2182 1053 et
2211 999 2412 1067 soluti,
2445 1018 2682 1057 sursum
2714 1003 2789 1058 ad
2818 1020 3029 1075 puram
3060 1004 3522 1076 proﬁciscuntur
3551 1004 3782 1061 habita-

2122 1087 2369 1146 tionem.
2395 1113 2424 1141 »
2446 1092 2517 1146 Et
2545 1109 2753 1148 rursus
2774 1093 3039 1165 apertius
3069 1092 3228 1149 idem
3261 1094 3406 1150 dicit
3434 1112 3447 1149 :
3497 1118 3522 1146 ‹‹
3555 1097 3638 1150 Ex
3687 1095 3781 1151 his

2124 1186 2346 1253 autem,
2365 1183 2707 1255 quicunque
2728 1200 2835 1256 per
2854 1184 3295 1256 philosophiam
3319 1186 3464 1242 satis
3487 1191 3629 1242 sunt
3648 1203 3784 1257 pur-

2122 1270 2263 1344 gati,
2297 1271 2426 1326 sine
2455 1272 2804 1345 corporibus
2844 1272 3087 1329 omnino
3118 1273 3320 1329 vivunt
3344 1276 3406 1330 in
3438 1274 3784 1332 universum

2127 1367 2378 1433 tempus.
2409 1383 2438 1411 »
2488 1363 2841 1433 Quanquam
2892 1363 3111 1436 ﬁguras
3144 1363 3433 1435 quasdam
3463 1364 3585 1420 illis
3629 1364 3783 1436 adji—

2123 1449 2223 1519 cit,
2257 1449 2392 1505 aliis
2425 1450 2664 1521 quidem
2714 1467 2785 1506 ex
2813 1450 2980 1523 ipsis,
3011 1467 3239 1522 aereas,
3271 1452 3406 1508 aliis
3436 1469 3572 1508 vero
3604 1453 3785 1508 etiam

2124 1541 2349 1615 igneas.
2382 1540 2698 1615 Subjungit
2721 1547 3011 1613 praeterea
3035 1558 3047 1596 :
3076 1564 3103 1591 «
3131 1543 3201 1597 Et
3228 1541 3692 1613 proﬁciscuntur
3722 1542 3784 1597 in

2123 1631 2525 1689 habitationes
2551 1631 2646 1686 his
2679 1631 2858 1686 etiam
2905 1631 3302 1703 pulchriores,
3343 1649 3599 1703 quarum
3647 1631 3784 1704 pul—

2125 1721 2401 1779 chritudo
2433 1738 2626 1794 neque
2666 1721 2860 1777 facilis
2913 1721 3077 1777 dictu
3111 1727 3221 1788 est,
3276 1738 3472 1792 neque
3520 1737 3787 1793 praesens

2126 1818 2362 1884 tempus
2411 1811 2487 1867 ad
2545 1810 2865 1867 dicendum
2913 1809 3235 1867 sufﬁceret.
3270 1833 3299 1860 ››
3351 1810 3516 1867 Unde
3571 1811 3785 1866 merito

2127 1903 2308 1958 dicit:
2350 1923 2371 1950 ι
2410 1901 2570 1957 Beati
2602 1901 2704 1974 qui
2735 1900 2959 1974 lugent,
2993 1900 3278 1972 quoniam
3300 1900 3412 1972 ipsi
3442 1900 3789 1957 advocatio-

2127 2008 2264 2049 nem
2288 1991 2584 2064 accipient
2601 1994 2703 2061 (a).
2742 2012 2764 2038 ι
2791 1990 2900 2056 Qui
2931 1989 3092 2046 enim
3116 1990 3271 2046 male
3293 1996 3439 2046 actm
3472 1991 3603 2046 vitae
3625 1990 3787 2047 ducti

2128 2088 2268 2138 sunt
2294 2081 2666 2154 paenitentia,
2699 2080 2955 2136 aderunt
3002 2079 3076 2136 ad
3111 2101 3140 2130 ιι
3171 2080 3578 2147 vocationem;
3614 2101 3643 2129 ››
3678 2080 3791 2136 hoc

2130 2172 2290 2228 enim
2322 2171 2432 2227 sibi
2464 2170 2589 2226 vult
2618 2166 3064 2245 παρακληθῆναι.
3119 2170 3545 2225 Pmnitentium
3595 2175 3797 2225 autem

2129 2261 2246 2318 duo
2290 2264 2431 2317 sunt
2473 2259 2749 2316 ordines:
2801 2275 3056 2332 quorum
3087 2258 3259 2327 alter,
3312 2258 3414 2331 qui
3447 2256 3636 2314 multo
3666 2257 3790 2315 fre-

2130 2350 2411 2423 quentior
2440 2353 2551 2419 est,
2583 2349 2796 2404 timore
2827 2364 3018 2421 poenae
3037 2347 3211 2404 factis
3236 2348 3361 2403 suis
3385 2347 3600 2403 debitas
3622 2346 3793 2403 duci-

2132 2445 2260 2506 tur;
2293 2438 2446 2495 alter
2472 2454 2628 2501 vero,
2663 2437 2765 2510 qui
2796 2438 2985 2510 magis
3016 2442 3106 2492 est
3135 2436 3478 2510 singularis,
3513 2452 3584 2491 ex
3619 2452 3792 2492 cons-

2131 2527 2355 2584 cientia
2376 2528 2669 2583 factorum
2707 2526 2967 2581 afﬁcitur
2995 2525 3233 2581 interna
3261 2525 3477 2582 animae
3507 2541 3796 2582 verecun—

2132 2616 2252 2672 dia.
2317 2616 2445 2670 Sive
2501 2615 2682 2688 igitur
2739 2615 2852 2669 hoc
2912 2612 3107 2679 modo,
3168 2614 3288 2671 sive
3343 2614 3448 2669 illo
3506 2615 3795 2686 paeniteat

2131 2703 2645 2778 (quandoquidem
2678 2703 2883 2758 nullus
2913 2702 3081 2758 locus
3114 2704 3216 2759 Dei
3249 2704 3662 2760 misericordia
3696 2722 3798 2761 va-

2134 2812 2279 2851 cuus
2309 2793 2670 2865 est),rursus
2695 2792 2878 2847 dicit:
2914 2814 2942 2842 ‹‹
2976 2793 3136 2849 Beati
3168 2793 3608 2863 misericordes,
3639 2812 3757 2866 quo
3777 2825 3795 2837 -

2135 2884 2297 2940 niam
2329 2882 2443 2956 ipsi
2485 2881 2961 2938 misericordiam
3000 2889 3470 2955 consequentur,
3506 2906 3534 2933 »
3569 2884 3799 2939 Miseri-

2136 2973 2340 3031 cordia
2363 2977 2563 3029 autem
2586 2989 2709 3028 non
2733 2977 2842 3043 est,
2874 2978 2941 3027 ut
2962 2972 3383 3028 existimarunt
3403 2972 3644 3044 quidam
3669 2974 3794 3046 phi-

2135 3062 2391 3135 losophi,
2447 3061 2618 3117 dolor
2658 3067 2904 3133 propter
2951 3060 3179 3117 alienas
3210 3060 3605 3130 calamitates,
3642 3063 3798 3119 210

2139 3152 2244 3209 sed
2275 3158 2367 3208 est
2396 3151 2594 3224 potius
2625 3150 2852 3206 bonum
2886 3151 3050 3222 quid,
3083 3156 3150 3206 ut
3191 3150 3401 3207 dicunt
3448 3152 3753 3224 prophetae
3783 3169 3798 3209 :

2138 3262 2165 3293 ι(
2196 3240 2686 3306 Misericordiam,
2716 3259 2743 3290 ι
2800 3240 3016 3311 inquit,
3057 3261 3083 3293 α
3113 3241 3265 3308 volo,
3308 3246 3367 3296 et
3395 3258 3518 3297 non
3572 3243 3806 3298 sacriﬁ-

2135 3332 2293 3387 cium
2323 3329 2419 3401 (b).
2448 3349 2477 3379 ››
2513 3328 2922 3384 Misericordes
2969 3333 3171 3384 autem
3212 3336 3399 3397 vocat,
3436 3347 3557 3386 non
3605 3332 3802 3388 solum

2136 3436 2237 3475 eos
2267 3418 2369 3490 qui
2399 3418 2627 3473 faciunt
2654 3434 2836 3489 opera
2865 3418 3310 3486 misericordiae,
3344 3419 3449 3474 sed
3480 3419 3663 3475 etiam
3696 3422 3800 3492 qui

2135 3507 2409 3564 misereri
2440 3506 2666 3577 volunt,
2696 3507 2809 3562 etsi
2835 3523 2958 3562 non
2987 3507 3258 3580 possint;
3306 3508 3523 3578 quibus
3572 3509 3802 3566 scilicet

2139 3597 2307 3655 adest
2361 3596 2649 3669 Operandi
2703 3596 3094 3668 propositum.
3148 3598 3587 3669 Nonnunquam
3636 3599 3798 3655 enim

2136 3686 2430 3743 volumus.
2467 3685 2558 3741 vel
2590 3684 2784 3741 dando
2816 3686 3153 3757 pecuniam,
3185 3686 3275 3741 vel
3308 3703 3659 3759 corpoream
3705 3689 3807 3744 ad-

2138 3775 2401 3832 hibendo
2458 3791 2724 3847 operam,
2782 3773 2982 3831 facere
3034 3775 3528 3843 misericordiam,
3593 3782 3798 3849 utpote

2139 3867 2335 3940 egenti
2395 3882 2570 3938 opem
2626 3865 2804 3933 ferre,
2853 3866 2949 3920 vel
2994 3865 3304 3938 aegrotanti
3337 3866 3646 3935 inservire,
3705 3867 3801 3923 vel

2138 3957 2286 4023 rX<ei
2343 3955 2572 4022 adesse,
2633 3954 2734 4025 qui
2790 3960 2882 4009 est
2924 3954 2986 4009 in
3034 3954 3237 4025 aliqua
3266 3954 3628 4023 calamitate,
3688 3972 3802 4010 nec

2139 4063 2480 4120 possumus,
2514 4044 2604 4101 vel
2634 4050 2877 4117 propter
2915 4049 3350 4116 paupertatem,
3386 4045 3475 4099 vel
3506 4045 3805 4116 morbum,

2605 4173 2681 4246 (b)
2714 4174 2810 4229 Os.
2845 4176 2919 4242 vi,
2950 4175 3022 4241 6;
3054 4172 3256 4228 Matth.
3292 4189 3369 4231 ix.
3406 4174 3469 4228 13
3496 4190 3510 4239 ;
3542 4190 3646 4238 xu,
3680 4176 3732 4229 7.

2142 4292 2442 4351 dicebant.
2476 4287 2825 4363 Aénnvislvm
2859 4286 3128 4363 συστολὴν
3180 4286 3411 4363 ἄλογον,
3464 4311 3492 4339 ‹‹
3527 4290 3805 4346 dolorum

2144 4382 2277 4420 esse
2312 4362 2785 4419 irrationabilem
2833 4362 3052 4433 animi“!
3067 4362 3576 4417 contractionem:
3611 4383 3637 4410 ››
3674 4363 3804 4433 ejus

2145 4442 2346 4507 autem
2368 4435 2629 4507 speciem
2639 4434 2999 4507 primariam
3013 4426 3191 4501 ἔλεον,
3215 4426 3805 4507 «misericordiam,»

2146 4507 2284 4562 εἶναι
2311 4503 2493 4576 λύπην
2527 4506 2603 4567 ὡς
2633 4503 2725 4560 {ni
2756 4505 2989 4575 ἀναξίως
3025 4506 3446 4571 κακοπαθοῦντι,
3483 4527 3511 4556 ιι
3539 4505 3809 4561 dolorem

2148 4587 2437 4652 tanquam
2464 4596 2643 4652 super
2673 4595 2765 4652 eo,
2797 4578 2901 4652 qui
2932 4577 3177 4652 indigne
3204 4577 3388 4633 miser
3419 4576 3497 4633 sit
3516 4593 3588 4652 :n
3620 4583 3687 4652 ut
3712 4593 3811 4632 re-

2153 4648 2292 4708 ἴθι-τί
2324 4652 2387 4706 in
2448 4648 2659 4706 Zerione
2716 4648 3000 4712 Laertius.
3066 4649 3171 4704 lib.
3206 4666 3327 4721 vn,
3356 4665 3475 4721 seg.
3523 4650 3575 4703 3.
3609 4648 3812 4721 Cicero

2160 4723 2376 4780 Tuscul.
2433 4729 2632 4794 quxst.
2683 4721 2786 4777 lib.
2840 4738 2896 4794 iv
2920 4738 2935 4794 :
2971 4720 3497 4794 Misericordiaest
3524 4720 3813 4794 aegritudo

2155 4813 2225 4851 ex
2256 4792 2503 4850 miseria
2549 4793 2794 4850 alterius
2844 4793 3069 4864 injuria
3112 4792 3461 4849 laborantis.
3494 4813 3523 4842 »
3557 4792 3815 4847 Proinde

2152 4865 2650 4929 misericordiam,
2682 4871 2749 4920 ut
2776 4864 3041 4936 reliquos
3087 4865 3268 4921 etiam
3302 4867 3550 4936 affectus
3581 4880 3813 4931 omnes,

2155 4938 2410 5021 sapienti
2432 4938 2554 4993 viro
2576 4937 2885 5020 indignam
2907 4936 3264 5061 iudicabant
3288 4954 3300 4990 :
3329 4941 3393 4992 ut
3422 4935 3603 5018 refert
3632 4936 3813 5017 Laer-

2155 5011 2273 5061 tius
2305 5009 2574 5061 eiusdem
2607 5009 2744 5061 libri
2779 5024 2897 5061 seu.
2942 5010 3028 5061 23.
3066 5010 3214 5061 Hinc
3246 5008 3394 5061 illud
3426 5009 3726 5061 Ciceronis
3752 5023 3813 5061 in

2155 5006 2273 5066 tius
2294 5009 2574 5082 ejusdem
2607 5006 2744 5082 libri
2779 5006 3028 5081 seg.l23.
3066 5010 3214 5082 Hinc
3246 5008 3394 5064 illud
3426 5006 3815 5082 Ciceronisin

2157 5077 2424 5138 oratione
2463 5100 2485 5127 ι
2510 5098 2617 5151 pro
2640 5081 2698 5135 L.
2735 5077 2998 5151 Murena,
3033 5102 3060 5130 »ι
3092 5080 3251 5136 inter
3276 5086 3540 5143 caeteras,
3560 5092 3709 5151 quas
3732 5077 3816 5151 ibi

2157 5158 2469 5217 memorat,
2499 5147 2752 5208 Zenonis
2773 5147 3141 5209 sententias:
3175 5174 3203 5203 ‹‹
3236 5151 3545 5207 Neminem
3572 5147 3816 5205 miseri-

2159 5224 2401 5282 cordem
2430 5240 2581 5293 esse,
2614 5223 2733 5280 nisi
2765 5224 3035 5280 stultum.
3073 5245 3100 5273 ››

2231 5298 2343 5368 (13(
2373 5289 2618 5351 Ἀστεῖόν
2648 5316 2722 5350 τι.
2741 5297 3055 5368 ᾃΙηιθιιρΓθε
3085 5294 3321 5368 mavult_
3337 5289 3478 5346 θεῖόν
3510 5311 3583 5368 τι,
3618 5314 3645 5341 α
3679 5292 3822 5368 divi-

2161 5364 2307 5425 num
2337 5364 2535 5441 quid,
2564 5390 2594 5419 »
2646 5366 2761 5441 Sed
2785 5440 2789 5441 ί
2808 5364 3019 5441 ἀστεῖον
3069 5383 3176 5441 pr_o
3208 5387 3237 5416 «
3271 5364 3527 5438 eleganti
3560 5369 3619 5419 et
3646 5387 3675 5415 ι(
3707 5365 3820 5419 hu-

2160 5457 2339 5497 mano
2365 5437 2397 5491 ἱ»
2427 5439 2697 5509 retineri,
2736 5439 2885 5495 nihil
2913 5437 3088 5495 vetat;
3122 5437 3395 5509 SvLsune’.

2231 5514 2344 5584 (14)
2406 5510 2602 5568 ’Έλεον
2771 5551 2782 5565 .
2843 5509 3008 5584 θέλω,
3068 5508 3159 5562 καὶ
3218 5507 3281 5561 οὐ
3334 5509 3381 5561 θ.
3439 5505 3640 5584 Ἔλεος
3674 5504 3820 5584 θέλω

2161 5580 2197 5652 ἢ
2230 5580 2348 5647 oua.
2378 5585 2474 5641 Os.
2509 5601 2580 5650 v1,
2615 5586 2666 5638 6.
2692 5584 2907 5638 Verum
2940 5582 3237 5647 Clemens,
3270 5580 3541 5651 quamvis
3573 5581 3824 5652 prophe-

2165 5655 2541 5747 tam‘l‘audet,
2574 5653 3071 5747 sepquihipotiqs
3101 5652 3408 5747 Maltth‘lix,
3444 5655 3547 5721 13;
3579 5669 3679 5724 χιι,
3713 5657 3765 5710 7.

2233 5731 2349 5799 (15)
2376 5728 2485 5795 Τήν
2519 5720 2761 5801 καρδίαν.
2793 5720 3120 5800 Τῇ’καρδίᾳ.
3155 5724 3359 5792 Matth,
