4138 6410
332 353 354 408 1
363 350 476 407 253

1666 353 2114 410 STROMATUM
2154 353 2286 407 LIB.
2328 352 2420 406 IV.

3617 357 3800 435 ιεειΔ

323 507 350 534 ι(
385 478 690 552 Μακάριοι,
727 505 748 535 ι
786 480 975 556 φησὶν,
1009 501 1038 531 ι(
1071 479 1123 533 οἱ
1139 474 1496 556 δεδιωγμένοι
1529 480 1632 536 ὑπὸ
1653 487 1752 550 τῆς
1778 477 1988 535 δικαιο-

2107 481 2336 537 cilicum
2369 503 2398 531 »
2431 480 2581 536 illud
2613 487 2808 537 servat
2839 481 3231 552 immutabile,
3283 490 3670 560 sanctamque
3702 497 3760 549 et

323 570 488 642 σύνης
524 573 653 643 (21)·
688 569 770 623 ὅτι
802 569 955 624 αὐτοὶ
1005 564 1219 624 ἔσονται
1248 567 1474 624 τέλειοι·
1507 593 1535 620 ››
1585 569 1698 643 καὶ,
1732 594 1761 622 ι(
1794 570 1991 629 Μακά-

324 682 435 738 ριοι
493 660 545 714 οἷ
604 655 962 734 δεδιωγμένοι
1022 655 1175 713 ἕνεκα
1235 656 1390 732 ἐμοῦ’
1447 657 1530 714 ὅτι
1575 660 1750 731 ἕξουσι
1789 658 1984 730 τόπον,

323 750 463 806 ὅπου
522 748 584 804 οὗ
648 746 1080 823 διωχθήσόψιται⁹
1135 771 1163 798 ›)
1194 749 1308 816 καὶ,
1341 773 1370 800 ‹‹
1402 749 1675 824 Μακάριοί
1707 747 1826 803 ἐπε
1857 749 1981 803 ὅταν

326 842 377 896 οἱ
412 841 687 916 ἅνθρωποι
741 839 1051 911 μισήσωσιν
1104 839 1218 910 (22)
1261 837 1424 911 ὑμᾶς,
1485 862 1513 890 ‹‹
1547 836 1674 893 ὅταν
1707 837 1984 916 ἀφορίσω-

322 953 428 999 σιν,
463 931 593 985 ὅταν
624 922 899 982 ἐκϐάλωσι
944 927 1006 982 τὸ
1039 923 1210 1000 ὄνομα
1241 928 1396 1001 ὑμῶν
1449 929 1524 991 ὡς
1557 930 1821 1002 πονηρὸν,
1871 925 1986 983 ἓνε-

320 1041 389 1075 κα
419 1023 516 1073 τοῦ
562 1019 690 1073 Υἱοῦ
739 1017 1050 1094 ἀνθρώπου·
1101 1037 1126 1069 ιι
1183 1016 1271 1071 ἐὰν
1318 1019 1394 1091 μὴ
1432 1016 1854 1094 βδελυσσώμεθα
1885 1016 1984 1088 δη-

325 1109 510 1164 λονότι
540 1107 670 1172 τοὺς
696 1105 1016 1177 διώκοντας,
1048 1105 1139 1161 καὶ
1177 1107 1536 1181 ὑπομένωμεν
1581 1107 1679 1170 τὰς
1718 1109 1846 1183 παρ’
1879 1107 1984 1163 αὑ-

321 1203 429 1254 τῶν
462 1197 758 1271 τιμωρίας,
797 1198 874 1270 μὴ
927 1199 1210 1270 μισοῦντες
1240 1195 1435 1260 αὐτοὺς
1472 1195 1695 1272 βράδιον
1729 1199 1762 1269 ἢ
1814 1218 1984 1275 προσ-

325 1285 661 1362 εδοκήσαμεν
715 1291 1072 1362 πεπειρᾶσθαι
1125 1283 1533 1360 διανοούμενοι·
1580 1284 1728 1344 ἀλλὰ
1765 1288 1984 1343 κάκεῖνο

321 1378 698 1453 γινώσκοντες,
750 1375 1021 1454 πρόφασιν
1070 1375 1205 1432 εἶναι
1261 1377 1562 1451 μαρτυρίου
1598 1378 1691 1433 τὸν
1745 1377 1988 1434 ὀντινοῦν

327 1468 652 1545 πειρασμόν.

2099 571 2412 627 honestam
2444 587 2662 626 vocans
2712 571 3152 626 Providentiam
3183 589 3278 628 res
3329 575 3760 636 administran-

2099 667 2238 728 tem,
2290 661 2484 733 posita
2524 661 2586 716 in
2634 678 2835 716 rerum
2882 662 3216 718 divinarum
3268 668 3326 720 et
3356 665 3756 728 humanarum

2097 751 2368 816 scientia,
2401 768 2507 822 per
2533 768 2714 821 quam
2745 767 2865 818 eas,
2900 767 3030 822 quae
3053 758 3195 807 sunt
3216 752 3277 808 in
3307 756 3550 827 mundo,
3586 775 3759 831 repu-

2097 841 2395 913 gnantias,
2431 840 2751 896 creationis
2780 840 3249 911 pulcherrimam
3282 845 3583 902 existimat
3617 849 3752 904 har-

2098 931 2362 986 moniam
2394 947 2462 986 ac
2494 929 2900 986 concordiam.
2943 951 2971 980 ‹‹
3004 931 3330 987 Pacificant
3361 955 3388 983 ››
3419 937 3618 1001 etiam,
3653 939 3755 1009 qui

2098 1021 2345 1076 monitis
2386 1021 2509 1075 suis
2562 1020 2635 1075 ad
2664 1019 2842 1075 fidem
2875 1036 3200 1092 pacemque
3234 1023 3602 1081 transferunt
3631 1045 3752 1099 eos,

2097 1128 2247 1182 quos
2280 1109 2507 1183 peccati
2539 1115 2958 1182 stratagemata
2988 1110 3085 1165 hic
3117 1121 3619 1184 oppugnaverant.
3647 1121 3754 1172 To-

2096 1201 2214 1257 tius
2243 1206 2445 1256 autem
2475 1200 2709 1254 virtutis
2742 1215 2977 1254 summa
3007 1204 3114 1267 est,
3153 1205 3218 1255 ut
3237 1204 3533 1273 existimo,
3557 1207 3752 1262 Domi-

2097 1309 2231 1358 nus,
2283 1291 2502 1345 docens
2548 1295 2821 1361 oportere
2863 1306 2973 1344 nos
3019 1295 3263 1362 propter
3293 1293 3642 1351 charitatem
3688 1298 3750 1352 in

2097 1383 2282 1436 Deum
2312 1379 2578 1452 gnostice
2610 1383 2864 1434 mortem
2893 1384 3292 1436 contemnere.
3333 1403 3360 1432 «
3393 1384 3575 1450 Beati,
3609 1408 3638 1435 ››
3661 1387 3756 1442 in-

2100 1471 2250 1542 quit,
2282 1491 2312 1519 »
2344 1468 2408 1532 ›ι‹
2441 1469 2540 1540 qui
2565 1469 3046 1540 persecutionem
3067 1471 3378 1541 patiuntur
3396 1475 3750 1548 prOpterju-

323 1561 568 1628 stitiam,
602 1559 886 1631 quoniam
919 1559 1031 1631 ipsi
1065 1558 1172 1614 ﬁlii
1204 1559 1306 1614 Dei
1337 1560 1706 1616 vocabuntur
1737 1560 1810 1633 (a)
1838 1577 1851 1614 :
1887 1582 1913 1611 ››
1946 1560 2058 1629 vel,
2089 1566 2157 1616 ut
2186 1558 2463 1614 nonnulli
2503 1575 2573 1613 ex
2625 1557 2720 1624 iis,
2782 1557 2883 1629 qui
2932 1559 3247 1631 Evangelia
3304 1565 3705 1635 transponunt
3737 1582 3750 1621 :

265 1669 268 1673 ι
329 1673 350 1699 ι
392 1650 574 1720 Beati,
610 1671 638 1699 »
671 1649 884 1720 inquit,
925 1671 952 1702 ιι
982 1665 1130 1720 quos
1156 1650 1539 1722 persequitur
1560 1651 1816 1722 justitia,
1844 1651 2128 1722 quoniam
2162 1649 2276 1722 ipsi
2309 1652 2484 1704 erunt
2513 1647 2758 1720 perfecti
2787 1664 2799 1715 ;
2836 1668 2864 1697 ››
2924 1653 2983 1702 et
3016 1665 3028 1702 :
3058 1669 3086 1697 ‹‹
3121 1650 3281 1705 Beati
3319 1652 3420 1722 qui
3480 1670 3755 1724 persecu-

328 1739 552 1795 tionem
584 1739 895 1811 patiuntur
915 1744 1158 1811 propter
1185 1755 1302 1808 me,
1354 1740 1640 1811 quoniam
1670 1740 1871 1796 locum
1911 1740 2236 1809 habebunt,
2270 1739 2344 1794 ad
2375 1754 2555 1809 quem
2602 1753 2725 1792 non
2780 1737 3086 1808 perveniet
3132 1742 3506 1809 persecutio;
3564 1765 3591 1793 »
3647 1750 3706 1799 et
3739 1762 3752 1800 :

329 1851 357 1880 «
393 1829 554 1883 Beati
587 1829 750 1897 estis,
785 1829 1022 1900 quando
1053 1845 1153 1885 vos
1210 1829 1486 1884 homines
1545 1830 1682 1885 odio
1743 1830 2080 1899 habuerint,
2112 1828 2350 1900 quando
2385 1826 2929 1893 exterminaverint,
2963 1827 3200 1898 quando
3233 1846 3453 1885 nomen
3491 1839 3754 1890 vestrum

327 1923 392 1973 ut
422 1918 777 1974 sceleratum
809 1919 1224 1990 expunxerint,
1259 1925 1501 1991 prapter
1529 1920 1743 1975 Filium
1775 1920 2036 1975 hominis
2065 1921 2139 1991 (b)
2178 1936 2190 1986 ;
2229 1941 2256 1968 ››
2305 1918 2354 1973 si
2387 1934 2488 1972 eos
2520 1916 2815 1984 videlicet,
2849 1917 2951 1987 qui
2988 1933 3096 1972 nos
3137 1925 3602 1990 persequuntur,
3634 1941 3754 1980 non

328 2008 762 2076 abominemur,
799 2014 858 2064 et
887 2009 1308 2076 sustineamus,
1343 2027 1476 2081 quae
1508 2010 1580 2065 ab
1613 2011 1700 2066 eis
1728 2010 2100 2083 infliguntur,
2157 2007 2484 2081 supplicia;
2516 2022 2712 2077 neque
2739 2023 2840 2061 eos
2870 2006 3005 2062 odio
3037 2007 3383 2077 habeamus,
3426 2012 3754 2083 cogitantes

332 2115 442 2154 nos
474 2115 601 2153 esse
633 2104 890 2154 tentatos
921 2099 1148 2155 tardius
1180 2115 1361 2171 quam
1393 2101 1872 2172 expectavimus;
1906 2099 2010 2155 sed
2041 2098 2190 2154 illud
2229 2097 2428 2170 potius
2457 2101 2826 2169 reputantes,
2856 2097 3016 2168 quod
3074 2098 3341 2170 martyrii
3398 2101 3629 2157 occasio
3681 2105 3760 2160 sit

336 2188 559 2259 quasvis
591 2188 858 2244 tentatio.

1848 2306 2079 2361 CAPUT
2120 2303 2243 2363 VII.

1285 2409 1478 2463 Beatos
1507 2422 1614 2462 esse
1643 2408 1742 2477 qui
1775 2407 1870 2461 Dei
1899 2421 2065 2462 causa
2092 2406 2420 2475 sanguinem
2442 2404 2816 2474 profundunt.

401 2531 533 2585 Εἶτα
614 2532 642 2585 ὁ
728 2531 822 2604 μὲν
891 2532 1250 2604 ψευσάμενος,
1335 2532 1425 2587 καὶ
1499 2533 1685 2588 ἑαυτὸν
1763 2533 1988 2586 ἁπιστον

2171 2529 2420 2599 Deinde,
2479 2531 2581 2601 qui
2640 2530 2928 2585 mentitus
2973 2530 3214 2601 quidem
3258 2538 3366 2600 est,
3401 2538 3459 2589 et
3489 2535 3752 2607 seipsum

332 2616 531 2690 δειξας,
563 2619 652 2674 καὶ
717 2621 981 2693 μεταστὰς
1019 2620 1096 2682 εἰς
1125 2623 1224 2691 τὴν
1256 2625 1354 2676 τοῦ
1386 2616 1651 2677 διαϐόλου
1681 2621 1982 2696 στρατείαν,

330 2708 382 2763 ἐν
413 2708 543 2781 τίνι,
577 2706 826 2783 οἴόμεθα,
856 2709 968 2765 ἐστὶ
999 2714 1186 2783 κακῷ;
1215 2708 1470 2785 ψεύδεται
1499 2711 1678 2767 τοίνυν
1727 2713 1818 2768 τὸν
1871 2710 1985 2768 Κύ-

329 2819 468 2872 ριον,
506 2797 724 2872 μᾶλλον
758 2797 815 2855 δὲ
841 2801 940 2868 τήν
966 2801 1160 2855 ἑαυτοῦ
1191 2799 1497 2875 διέψευσται
1530 2798 1749 2872 ἐλπίδα,
1802 2803 1861 2863 ’ὸς
1923 2801 1985 2856 ού

329 2888 570 2943 πιστεύει
621 2893 702 2960 τῷ
753 2893 890 2962 Θεῷ·
945 2889 1008 2944 οὐ
1055 2889 1295 2944 πιστεύει
1332 2887 1390 2945 δὶ
1415 2891 1444 2945 ὁ
1478 2891 1556 2963 μὴ
1587 2894 1763 2946 ποιῶν
1796 2888 1828 2944 ἃ
1873 2887 1989 2945 ἐνε-

328 2978 576 3036 τείλατο.
611 2979 680 3036 Τί
713 2977 807 3048 δὲ;
853 2979 967 3054 οὑχ
1023 2980 1208 3034 ἑαυτὸν
1268 2979 1532 3056 ἀρνεῖται,
1579 2981 1607 3035 ὁ
1654 2979 1990 3055 ἀρνούμενος

331 3071 422 3126 τὸν
458 3067 692 3143 Κύριον;
727 3067 802 3125 Οὐ
831 3067 934 3143 γὰρ
983 3068 1294 3146 ἀφαιρεῖται
1321 3071 1421 3138 τῆς
1451 3068 1637 3143 κυρίας
1667 3069 1758 3124 τὸν
1794 3065 1988 3123 δεσπό-

330 3180 454 3230 την,
513 3159 544 3213 ’ὸ
597 3178 660 3233 γε
706 3159 795 3213 καὶ
858 3157 1152 3228 στερίσκων
1216 3159 1374 3212 αὑτὸν
1433 3166 1535 3228 τῆς
1588 3159 1727 3233 πρὸς
1783 3157 1987 3212 ἐκεῖνον

332 3247 694 3318 οἰκειότητος.
729 3248 791 3303 Ὁ
821 3246 1002 3301 τοίνυν
1031 3246 1366 3322 ἀρνούμενος
1395 3248 1487 3302 τὸν
1525 3254 1780 3321 Σωτῆρα,
1814 3247 1991 3322 ἀρνεῖ-

329 3359 417 3392 ται
446 3340 546 3408 τὴν
582 3338 750 3406 ζωήν·
785 3337 869 3390 ὅτι
919 3360 945 3388 ‹‹
983 3337 1098 3405 ζωὴ
1125 3337 1191 3406 ἧν
1219 3336 1282 3390 τὸ
1314 3340 1455 3414 φῶς,
1489 3360 1517 3387 ››
1564 3335 1992 3411 Ὁλιγοπίστους

329 3427 563 3488 τούτους
595 3425 657 3480 οὗ
691 3422 865 3499 λέγει,
924 3423 1052 3480 ἀλλ’
1094 3425 1356 3488 ἀπίστους
1404 3424 1494 3479 καὶ
1551 3425 1869 3501 ὑποκριτάς·
1928 3424 1990 3478 τὸ

335 3518 432 3590 μὲν
491 3511 667 3590 ὄνομα
721 3513 1247 3591 ὑπογεγραμμένους
1276 3518 1406 3589 (23),
1465 3515 1528 3568 τὸ
1595 3511 1652 3569 δὲ
1709 3515 1844 3569 εἶναι
1897 3534 1991 3568 πι-

334 3606 496 3668 στοὺς
526 3606 914 3682 ἀρνουμένους.
951 3605 1147 3668 Πιστὸς
1174 3602 1232 3660 δὲ
1262 3605 1498 3679 εἴρηται,
1531 3607 1622 3661 καὶ
1654 3602 1874 3675 δοῦλος,
1901 3606 1992 3660 καὶ

337 3695 520 3773 φίλος.
550 3697 711 3750 Ὥστε
741 3693 794 3750 εἷ’
807 3715 890 3756 τις
921 3695 1109 3749 ἑαυτὸν
1142 3695 1340 3771 ἀγαπᾷ,
1389 3695 1574 3770 ἀγαπᾷ
1621 3695 1714 3750 τὸν
1771 3693 1990 3770 Κύριον,

334 3787 423 3842 καὶ
456 3786 724 3863 ὁμολογεῖ
749 3787 852 3856 τὴν
885 3785 1158 3862 σωτηρίαν
1193 3789 1328 3860 (24),
1352 3783 1444 3841 ’ίνα
1473 3787 1623 3862 σώσῃ
1649 3788 1749 3857 τήν
1781 3787 1992 3862 ψυχὴν.

343 3876 443 3931 Καί
473 3897 559 3930 τοι
586 3874 682 3930 κᾶν
720 3875 1138 3950 ὑπεραποθάνῃς
1169 3877 1279 3949 (25)
1326 3880 1422 3930 τοῦ
1453 3873 1690 3947 πλησίον
1741 3873 1814 3930 δι’
1861 3876 1995 3952 ἀγάα-

341 3987 476 4036 πην,
507 3964 748 4033 πλησίον
781 3964 837 4019 δὲ
880 3967 1042 4038 ἡμῶν
1071 3967 1163 4019 τὸν
1199 3971 1435 4042 Σωτῆρα
1467 3961 1755 4041 ὑπολάϐῃς
1781 3971 1834 4035 (‹‹
1868 3967 1998 4028 Θεὸς

341 4056 448 4130 γὰρ
481 4055 702 4129 ἐγγίζων
735 4057 870 4129 (26),
903 4078 931 4106 ››
965 4056 991 4108 ὸ
1024 4055 1212 4122 σώζων
1246 4054 1382 4129 πρὸς
1407 4054 1470 4109 τὸ
1509 4057 1821 4129 σωζόμενον
1873 4053 1995 4110 ἐλέ-

341 4130 502 4220 χθη),
574 4143 800 4208 θάνατον
878 4139 1139 4216 ἐλόμενος
1210 4141 1300 4197 διὰ
1366 4145 1534 4216 ζωὴν,
1602 4143 1693 4198 καὶ
1771 4147 1996 4199 σεαυτοῦ

345 4233 561 4307 μᾶλλον
591 4235 626 4304 ἢ
659 4231 867 4288 ἐκείνου
909 4230 1084 4288 ἕνεκεν
1117 4233 1327 4296 παθών.
1388 4231 1489 4288 Καὶ
1549 4234 1684 4306 μήτι
1715 4230 1804 4287 διὰ
1832 4237 1996 4288 τοῦτο

338 4321 577 4398 ἀδελφὸς
603 4321 813 4398 ε’ίρηται
847 4342 862 4392 ;
897 4323 925 4376 ὁ
976 4319 1046 4377 δι’
1084 4322 1302 4398 ἀγάπην
1360 4323 1461 4391 τήν
1519 4321 1658 4391 πρὸς
1713 4323 1807 4378 τὸν
1865 4324 1994 4378 Θεὸν

339 4414 553 4481 παθὼν,
585 4409 674 4467 διὰ
710 4413 810 4481 τήν
844 4409 984 4466 ἰδίαν
1013 4407 1176 4477 ἔπαθε
1205 4411 1502 4483 σωτηρίαν,
1534 4411 1566 4467 6'
1593 4433 1652 4467 τε
1681 4411 1746 4467 αὖ
1778 4409 1869 4467 διὰ
1894 4413 1994 4483 τήν

342 4499 481 4556 ἰδίαν
510 4502 868 4574 ἀποθνήσκων
897 4502 1198 4578 σωτηρίαν,
1240 4499 1329 4556 διὰ
1357 4502 1456 4570 τήν
1490 4501 1707 4576 ἀγάπην
1738 4501 1995 4575 ὑπομένει

411 4672 474 4736 ›ι‹
505 4669 568 4722 Ρ.
602 4669 706 4722 582
734 4668 849 4724 ΕΙ).
882 4668 1178 4735 POTTER,
1209 4667 1446 4722 490-494
1476 4669 1588 4722 ED.
1624 4668 1854 4723 PARIS.

415 4899 526 4970 (21)
580 4898 879 4973 Μακάριοι,
934 4896 1143 4973 φησὶν,
1203 4899 1256 4952 οἱ
1315 4895 1698 4973 δεδιωγμένοι
1743 4899 1848 4954 ὑπὸ
1903 4905 2005 4968 τῆς

343 4967 716 5040 δικαιοσύνης.
749 4967 906 5044 illaec
947 4967 1130 5044 potes
1173 4975 1425 5040 vertere,
1463 4967 1726 5044 ,«E'Beati,
1783 4967 1999 5044 inquit,

344 5045 444 5115 qui
468 5043 950 5117 persecutionem
977 5043 1287 5117 patiuntur
1305 5061 1425 5114 prae
1448 5043 1797 5114 justitia,vel
1821 5043 2001 5117 prop-

342 5113 435 5170 ter
469 5113 773 5187 justitiam
802 5131 814 5168 :
860 5113 1004 5187 nam
1052 5113 1350 5187 {iamcum
1381 5113 1659 5187 gignendi
1692 5113 1854 5184 casu“,
1914 5113 2000 5172 sic

341 5186 500 5259 apud
522 5188 832 5243 Platonem
864 5191 924 5241 et
953 5186 1331 5242 Plutarchum
1362 5186 1834 5258 interpretantur
1862 5190 1998 5244 vul-

340 5264 476 5332 gata
531 5259 742 5329 lexica,
802 5274 999 5332 neque
1057 5259 1359 5332 videntur,
1419 5259 1520 5332 qui
1561 5260 2001 5316 transferebant

341 5329 676 5400 Evangelia,
699 5329 1070 5400 contrarium
1104 5329 1452 5386 asseruisse.
1481 5330 1746 5386 COLLECT.

412 5399 529 5473 (22)
556 5403 624 5459 Οἱ
669 5399 950 5475 ἄνβρωποι
987 5423 1054 5475 μ,
1081 5405 1217 5458 Luc.
1245 5419 1256 5456 :
1293 5401 1613 5475 Μισῇσέυσιν
1647 5401 1786 5473 ὑμᾶς
1819 5401 1870 5454 οἱ
1902 5399 1998 5454 ἅν-

340 5466 575 5550 θρωποι,
607 5473 698 5550 καὶ
733 5466 858 5528 ὅταν
891 5466 1246 5550 ἀφορίσωσιν,
1278 5473 1365 5527 καὶ
1402 5466 1517 5530 ἐκϐ.
1553 5477 1621 5528 Et
1669 5466 1825 5540 mox,
1881 5476 1998 5530 Τοῦ

342 5547 471 5599 Υῖοῦ
499 5550 597 5600 τοῦ
628 5547 941 5620 ἀνθρώπουΖ

414 5622 522 5688 (23)
588 5619 674 5693 Τὸ.
732 5615 832 5690 ’μὲν
913 5615 1088 5690 ὄνομα
1175 5617 1718 5693 ὑπογεγραμμένους.
1798 5618 1998 5693 Scribe

339 5688 832 5763 ὲπιγεραμμένους.
890 5688 1169 5747 HEINSIUS.
1234 5688 1304 5732 -”
1357 5688 1463 5745 Vel
1502 5688 1999 5763 ὑποκεκριμένους,

340 5763 483 5834 quia
508 5765 816 5836 praecessit
843 5766 950 5817 τῶν
981 5763 1286 5838 ὑποκριτῶν
1321 5765 1566 5820 mentio.

1933 4667 2013 4737 (a)
2044 4667 2246 4722 Matth.
2304 4683 2358 4734 v,
2420 4667 2506 4722 10.

341 4740 542 4795 Matth.
579 4756 654 4810 v1,
683 4740 773 4795 30.
848 4743 911 4804 ’Β
939 4740 1052 4794 ED.
1087 4741 1381 4807 POTTEB,
1414 4740 1650 4796 491-492
1680 4741 1791 4795 ED.
1827 4739 2055 4796 PARIS.

2094 2618 2359 2674 ostendit
2383 2617 2714 2684 inﬁdelem,
2743 2624 2801 2673 et
2829 2618 2902 2673 ad
2934 2618 3156 2674 diaboli
3183 2621 3500 2694 transfugit
3527 2627 3752 2680 exerci-

2094 2709 2311 2776 tum,in
2333 2713 2624 2779 quantum
2644 2724 2779 2763 eum
2809 2708 2969 2764 malo
2994 2710 3217 2764 versari
3239 2711 3580 2769 credimus?
3597 2717 3754 2770 Men-

2094 2799 2239 2853 titur
2263 2798 2464 2869 itaque
2498 2797 2770 2867 Domino,
2803 2798 2895 2852 vel
2927 2798 3123 2869 potius
3155 2800 3281 2871 spei
3313 2818 3434 2856 sua:
3466 2805 3758 2859 mentitur

2098 2904 2285 2959 eaque
2315 2886 2655 2953 frustratur,
2689 2887 2791 2957 qui
2822 2887 2940 2942 Deo
2973 2904 3094 2942 non
3136 2888 3344 2944 credit.
3397 2893 3523 2947 Non
3569 2894 3760 2949 credit

2098 2984 2322 3046 autem,
2372 2975 2474 3047 qui
2523 2992 2646 3030 non
2685 2975 2829 3031 facit
2860 2992 2949 3044 ea,
2986 2994 3117 3048 quae
3152 2978 3557 3036 mandaverat.
3609 2983 3761 3048 Quid

2099 3083 2234 3122 vero
2253 3067 2281 3121 ?
2305 3081 2506 3120 annon
2537 3065 2802 3136 seipsum
2826 3071 3026 3138 negat.
3059 3067 3160 3137 qui
3186 3075 3364 3142 negat
3395 3071 3713 3128 Dominum
3736 3074 3764 3130 ?

2100 3155 2350 3211 Domino
2383 3153 2540 3208 enim
2565 3170 2686 3208 non
2709 3154 2901 3209 aufert
2919 3155 3278 3226 dominium,
3304 3159 3404 3230 qui
3429 3177 3490 3215 se
3515 3177 3602 3226 ea,
3627 3180 3760 3233 quae

2100 3261 2238 3300 cum
2258 3243 2362 3298 illo
2385 3242 2722 3310 intercedit,
2746 3244 2937 3314 privat
2962 3246 3425 3303 necessitudine.
3457 3252 3565 3316 Qui
3585 3258 3764 3325 negat

2102 3350 2238 3406 ergo
2261 3333 2654 3398 Servatorem,
2688 3338 2864 3405 negat
2880 3333 3059 3389 vitam
3085 3352 3098 3401 ;
3132 3337 3420 3406 quoniam
3443 3360 3469 3387 ‹‹
3501 3339 3602 3394 lux
3634 3347 3763 3397 erat

2100 3424 2218 3479 vita
2245 3423 2334 3496 (ο).
2369 3444 2396 3473 ι)
2431 3425 2544 3478 Eos
2571 3421 2814 3494 quidem
2845 3441 2966 3480 non
2999 3425 3144 3480 dicit
3170 3443 3301 3482 esse
3339 3450 3366 3477 ‹‹
3400 3429 3649 3486 modica)
3683 3433 3760 3487 fi-

2101 3514 2198 3568 dei
2231 3513 2330 3585 (d),
2368 3535 2389 3561 »
2427 3512 2531 3568 sed
2564 3513 2840 3568 infideles
2870 3521 2930 3569 et
2953 3516 3294 3587 hypocritas
3321 3534 3334 3570 :
3370 3519 3471 3589 qui
3500 3521 3763 3577 nominis

2103 3603 2346 3674 quidem
2365 3603 3402 3676 suscipiuntinscriptionem,ﬁdeles
3416 3615 3616 3665 autem
3635 3628 3764 3674 sese

2103 3694 2418 3767 abnegant.
2452 3693 2673 3750 Fidelis
2720 3700 2921 3750 autem
2951 3695 3191 3763 dicitur,
3225 3703 3349 3753 tum
3381 3716 3605 3769 servus,
3636 3707 3764 3758 tum

2105 3783 2355 3839 amicus.
2407 3784 2598 3848 Quare
2627 3784 2674 3838 si
2707 3784 2841 3856 quis
2875 3785 3140 3857 seipsum
3172 3786 3384 3860 diligit,
3417 3789 3609 3862 diligit
3640 3791 3760 3846 Do-

2109 3875 2364 3939 minum,
2423 3879 2480 3928 et
2539 3874 2858 3929 confitetur
2909 3875 3184 3942 salutem,
3240 3883 3307 3931 ut
3352 3895 3518 3934 suam
3575 3885 3768 3937 servet

2109 3969 2393 4022 animam.
2445 3967 2624 4037 Atqui
2671 3968 2720 4021 si
2763 3967 2848 4021 vel
2880 3984 2985 4038 pro
3016 3969 3284 4039 proximo
3311 3971 3588 4028 moriaris
3618 3991 3764 4044 pro-

2105 4063 2238 4128 pter
2297 4056 2672 4118 charitatem,
2733 4057 3038 4112 existimes
3069 4058 3438 4114 Servatorem
3492 4068 3764 4116 nostrum

2107 4162 2238 4200 esse
2260 4145 2664 4216 propinquum
2687 4144 2739 4216 («
2764 4146 2920 4200 Deus
2943 4165 2971 4195 »
3002 4146 3162 4201 enim
3190 4170 3218 4197 «
3243 4149 3762 4220 appropinquans»

2106 4233 2300 4288 dictus
2318 4238 2408 4288 est
2426 4233 2476 4288 is
2497 4233 2601 4303 qui
2633 4239 2843 4303 servat,
2873 4234 3004 4305 ejus
3033 4242 3309 4307 respectu
3331 4238 3430 4307 qui
3455 4241 3762 4311 servatur),

2106 4329 2360 4380 mortem
2390 4322 2616 4395 eligens
2647 4327 2889 4395 pr0ptcr
2918 4324 3119 4392 vitam,
3154 4331 3212 4380 et
3240 4333 3483 4398 propter
3509 4328 3766 4400 teipsum

2105 4415 2168 4478 is
2193 4413 2414 4486 potius,
2449 4428 2626 4483 quam
2646 4419 2890 4485 propter
2919 4413 3089 4469 illum
3120 4416 3375 4486 patiens.
3401 4419 3470 4471 Et
3492 4418 3769 4489 nunquid

2107 4507 2425 4576 pr0pterea
2477 4501 2671 4558 dictus
2727 4507 2818 4558 est
2871 4502 3055 4558 frater
3101 4503 3130 4559 ‘I
3191 4505 3292 4576 qui
3350 4506 3573 4578 patitur
3629 4525 3770 4580 pro-

2584 4664 2660 4738 (ὸ)
2716 4665 2851 4721 Luc.
2887 4683 2963 4737 v1,
3014 4669 3102 4723 22.
3181 4667 3250 4740 (c)
3281 4671 3448 4726 Joan.
3486 4688 3524 4740 ι,
3557 4674 3612 4730 4.
3689 4673 3770 4745 (d)

2357 4893 2654 4977 Ὁμολογεῖ
2708 4896 2810 4964 τήν
2839 4897 3177 4977 ⁸σωτηρίαν.
3238 4901 3438 4977 Scribe
3498 4899 3773 4977 ὁμολογεῖ

2114 4966 2686 5047 εἱςξτήν-σωτηρίανμς
2714 4966 3034 5047 conﬁtetur
3063 4972 3136 5047 ad
3169 4972 3476 5047 salutem.»
3511 4966 3772 5047 Respicit

2113 5042 2295 5117 enim_
2323 5039 2594 5117 Βοῐῐιζξῑ,
2633 5045 2696 5095 10
2724 5057 2764 5117 :__
2791 5039 3002 5117 Καρδίᾳ
3041 5044 3142 5117 γὰρ
3189 5045 3505 5117 πιστεύεται
3555 5039 3645 5107 εἷς⁵
3683 5045 3768 5101 δι-

2109 5110 2426 5189 καιοσύνην,
2460 5109 2781 5189 στόμανιδέ
2806 5109 3268 5189 ὁμολογεῖταιεῖς
3299 5116 3595 5188 σωτηρίαν,

2181 5188 2293 5255 (25)
2349 5184 2858 5276 “’Υπεραποθὰχῃςζ
2907 5184 3091 5276 ΔΝάξιὶ
3172 5184 3480 5276 ὑπὲρητοιῦ
3564 5184 3767 5276 ἀγαθοῦ

2107 5257 2287 5385 Edax}:
2314 5254 2519 5382 tic7xai
2547 5255 2733 5328 τολμᾷ
2757 5254 2765 5259 ’
2791 5258 3104 5330 ἀποθανεῖν,
3164 5265 3229 5314 ut
3276 5254 3370 5314 'ait
3425 5254 3766 5333 Apostolus,

2159 5346 2277 5384 om.
2311 5345 2368 5385 Χ.
2442 5371 2453 5383 .

2159 5346 2277 5384 om.
2311 5345 2368 5396 x,
2414 5345 2453 5383 ι.

2183 5399 2450 5474 (26)ῌΘεὸς
2482 5398 2582 5474 γᾷρ
2637 5397 2880 5474 ἐγγίζων.
2924 5403 3184 5474 Respicit
3215 5405 3383 5459 Deut.
3406 5421 3487 5474 iv,
3522 5407 3587 5458 Ἲς
3641 5405 3767 5459 ’Ὁτι

2109 5468 2648 5549 ποῖονἸέΟνοςΔμέγα,
2769 5468 2927 5549 (ἐστιν.
2958 5468 3106 5545 αὑτῷ
3136 5475 3264 5536 Θεὸς
3298 5468 3522 5549 ἐγγίζων
3551 5474 3764 5545 αὐτοῖς,

2110 5543 2182 5604 ὡς
2218 5541 2420 5614 Κύριος
2452 5541 2639 5605 ὑΘεὸς
2689 5541 2850 5614 ἡμῶν
2909 5542 2962 5597 ἐν
2995 5541 3176 5610 πᾶσιν,
3213 5548 3294 5606 οἷς
3328 5541 3604 5602 ξᾶνναύτὸν
3639 5541 3762 5602 ἐπιέ

2109 5614 2497 5696 καλεσῴμεῢας-
2520 5617 2632 5696 ,νεὶ
2658 5619 3163 5696 Jerein..xiur1,_23
3193 5619 3367 5696 :__6_aoq
3400 5618 3621 5696 ἐγγίζων
3656 5621 3762 5696 ἐγώ

2111 5637 2488 5729 καλεσωὶιευα·
2543 5637 2632 5671 vel
2658 5637 2870 5672 Jerem.
2901 5637 3064 5685 XXIII,
3098 5637 3163 5674 2.5
3193 5637 3204 5673 :
3238 5637 3367 5682 Θεος
3400 5637 3457 5694 εγ

2111 5685 2250 5760 εἶμι,
2285 5689 2428 5760 λεγει
2464 5687 2680 5762 Κύριος,
2713 5688 2802 5742 καὶ
2835 5686 2961 5764 οὐχὶ
2996 5689 3124 5752 Θεὸς
3153 5689 3457 5767 πόρῥωθεν.
