4138 6428
342 436 481 494 125⁸1

339 563 502 636 οἷμον
535 560 612 624 είς
642 559 800 617 ἀῖδου
839 561 1040 641 φέρειν’
1076 585 1105 616 ››
1156 560 1276 618 ὁδοὶ
1331 561 1390 620 δὶ
1436 561 1669 633 πολλαὶ,
1714 565 1807 619 καὶ
1860 563 2001 620 ἀπά-

335 672 528 726 γουσαι
590 652 850 725 ἁμαρτίαι
885 695 898 709 .
954 652 1334 715 Πολυπλανεῖς
1390 652 1658 724 τούτους,
1707 654 1780 717 ὡς
1842 652 2011 729 ἔοικε,

336 739 464 804 τοὺς
496 742 761 806 ἀπίστους
790 739 1175 815 διακωμῳδῶν
1209 742 1634 820 Ἀριστοφάνης·
1669 768 1697 796 ‹‹
1722 750 1942 819 ”Αγετε,
1981 768 2010 797 ››

343 831 530 908 φησὶν,
570 851 591 880 ιι
625 828 816 904 ἄνδρες
843 835 954 902 (33)
985 827 1342 905 ἀμαυρόϐιοι,
1376 830 1603 910 φύλλων
1650 838 1806 907 γενεᾷ
1835 855 2010 909 προσ-

343 919 568 993 όμιιιοι,
630 918 1040 996 ὀλιγοδρανέες,
1098 923 1400 996 πλάσματα
1454 927 1679 997 κηροῦ,
1743 922 2013 979 σκιοειδέα

345 1007 494 1084 φῦλ’,
546 1009 837 1084 ἀμεντδνοὶ,
899 1011 1158 1080 ἀπτῆνες,
1212 1010 1528 1090 ἐφημέριοι.
1567 1035 1594 1063 ››
1647 1010 1748 1066 Καὶ
1799 1013 1827 1066 6
1861 1011 2009 1067 Ἐπί-

346 1117 566 1173 χαρμος
600 1101 735 1173 (34)
771 1123 799 1152 (ι
833 1096 982 1157 Αῦτα
1013 1100 1170 1178 φύσις
1201 1100 1524 1174 ἀνθρώπων,
1560 1101 1714 1156 ἀσκοὶ
1746 1122 2012 1180 πεφευση-

353 1188 526 1260 μένοι.
559 1212 580 1238 ι
608 1189 774 1261 Ἡμῖν
806 1186 864 1244 δὶ
895 1190 923 1244 6
955 1190 1154 1265 Σωτὴρ
1187 1188 1428 1266 εἴρηκεν·
1465 1215 1492 1242 ‹‹
1524 1191 1595 1246 Τὸ
1626 1195 1842 1264 πνεῦμα
1872 1193 2010 1265 (35),

351 1277 656 1350 πρόθυμονο
688 1279 724 1347 ἡ
758 1275 816 1333 δὲ
847 1278 999 1353 σάρξ,
1033 1279 1285 1348 ἀσθενὴς·
1321 1303 1351 1331 ››
1401 1276 1540 1334 διότι
1597 1304 1626 1332 ‹‹
1655 1279 1720 1335 τὸ
1751 1281 2013 1358 φρόνημα

345 1372 446 1435 τῆς
471 1367 672 1441 σαρκὸς
703 1361 876 1442 ἔχθρα
907 1368 984 1431 είς
1018 1370 1167 1440 Θεὸν,
1201 1394 1229 1422 ››
1278 1370 1306 1425 6
1336 1370 1679 1432 Ἀπόστολος
1713 1369 2008 1444 ἐξηγεῖται·

346 1479 374 1507 ‹‹
402 1459 482 1509 τῶ
511 1457 611 1531 γὰρ
641 1457 800 1530 νόμῳ
829 1461 926 1513 τοῦ
987 1463 1122 1514 Θεοῦ
1156 1459 1268 1535 οὐχ
1308 1458 1690 1515 ὗποτάσσεται·
1742 1457 1866 1516 οὐδὲ
1905 1460 2009 1536 γὰρ

347 1543 587 1601 δύναται·
626 1548 678 1602 οἱ
711 1545 770 1603 δὲ
800 1547 854 1603 ἐν
897 1549 1055 1624 σαρκὶ
1107 1545 1257 1612 ὄντες
1312 1555 1428 1622 Θεῷ
1481 1550 1667 1625 ἀρέσαι
1716 1550 1778 1605 ού
1824 1547 2011 1606 δύναν-

343 1657 456 1694 ται.
493 1661 514 1688 ι
552 1638 658 1694 Καὶ
701 1635 1223 1716 ἐπεκδιηγούμενος,
1277 1639 1546 1719 ἐπιφέρει,
1598 1665 1625 1692 ‹‹
1657 1641 1750 1696 ἳνα
1800 1643 1902 1715 μὴ,
1935 1642 2009 1704 ὡς

344 1726 632 1802 Μαρκίων,
665 1727 983 1804 ἀχαρίστως
1033 1727 1313 1801 ἐκδέξηταί
1357 1751 1441 1795 τις
1495 1731 1594 1799 τήν
1645 1728 2008 1807 δημιουργίαν

344 1817 540 1887 κακήν.
574 1815 638 1871 Εἰ
685 1815 744 1872 δὲ
798 1819 1034 1893 Χριστὸς
1089 1818 1141 1874 ἐν
1180 1819 1334 1892 ὑμῖν,
1364 1820 1427 1875 τὸ
1472 1820 1568 1894 μὶν
1615 1824 1775 1894 σῶμα
1824 1821 2012 1896 νεκρὸν

349 1901 420 1958 δι’
479 1905 768 1980 ἁμαρτίαν,
799 1908 862 1963 τὸ
892 1905 950 1963 δὲ
979 1913 1192 1982 πνεῦμα
1251 1909 1364 1978 ζωὴ
1427 1907 1518 1964 διὰ
1570 1906 1946 1979 δικαιοσύνην,
1977 1930 2003 1963 ι

349 1993 522 2050 Ηάλιν
579 2018 640 2052 τε
692 1995 776 2052 αῦ·
834 2023 861 2050 ‹‹
897 1997 964 2053 Εἴ
993 1998 1096 2075 γὰρ
1145 1999 1285 2054 κατὰ
1341 2000 1512 2074 σάρκα
1569 2005 1714 2070 ζῆτε,
1779 1983 2090 2072 μέλλετεΒ

350 2085 734 2156 ἀποθνήσκειν·
768 2086 1069 2164 λογίζομαι
1099 2090 1226 2164 γὰρ,
1259 2089 1342 2144 δτι
1376 2088 1476 2144 οὐκ
1534 2087 1653 2161 ἄξια
1708 2089 1777 2145 τὰ
1828 2090 2007 2160 παθή-

352 2196 495 2248 ματα
517 2182 615 2231 τοῦ
644 2181 734 2231 νῦν
766 2182 984 2254 καιροῦ,
1016 2179 1154 2254 πρὸς
1183 2181 1286 2249 τὴν
1319 2177 1627 2251 μέλλουσαν
1677 2176 1832 2249 δόξαν
1867 2180 2010 2234 ἀπο-

345 2263 690 2344 καλυφθῆναι
751 2267 825 2330 εἷς
875 2270 1046 2342 ἡμᾶς·
1105 2266 1255 2346 εἷ’περ
1311 2269 1734 2349 συμπάσχομεν,
1771 2267 1863 2323 ’ίνα
1918 2267 2007 2324 καὶ

347 2352 822 2429 συνδοξασθῶμεν,
856 2358 932 2422 ὡς
962 2356 1411 2434 συγκληρονόμοι
1455 2360 1692 2436 Χριστοῦ
1722 2362 1850 2432 (36).
1902 2357 2008 2413 Οὕ-

347 2441 514 2518 δαμεν
551 2441 627 2511 δὲ,
661 2447 746 2500 ὅτι
774 2452 896 2510 τοῖς
939 2446 1186 2523 ἀγαπῶσι
1217 2447 1310 2502 τὸν
1362 2449 1492 2503 Θεὸν
1542 2448 1719 2502 πάντα
1765 2451 2011 2523 συνεργεῖ

349 2532 424 2596 εἷς
455 2534 518 2588 τὸ
549 2533 748 2608 ἀγαθὸν
783 2537 914 2609 (37),
943 2541 1060 2598 τοῖς
1103 2538 1243 2592 κατᾶ
1289 2535 1543 2610 πρόθεσιν
1589 2535 1821 2607 κλητοῖς
1863 2537 2004 2590 οὗσι’

348 2624 432 2678 ὅτι
465 2622 556 2687 οὓς
588 2623 863 2700 προέλνω,
893 2625 983 2679 καὶ
1027 2626 1332 2701 προώρισεν
1384 2625 1743 2704 συμμόρφους
1792 2632 1892 2696 τῆς
1927 2624 2008 2680 εἶ-

347 2713 513 2776 κόνος
543 2718 642 2768 τοῦ
673 2714 799 2768 Υἱοῦ
826 2713 1013 2784 αὐτοῦ,
1047 2713 1124 2776 είς
1155 2715 1215 2768 τὸ
1265 2717 1400 2770 εἷναι
1453 2714 1612 2769 αὐτὸν
1658 2715 2008 2789 πρωτότοκον

350 2800 403 2856 ἐν
432 2801 671 2867 πολλοῖς
701 2800 981 2880 ἀδελφοῖς·
1025 2803 1116 2867 οὕς
1174 2803 1232 2859 δέ
1278 2804 1611 2880 προώρισεν,
1640 2803 1874 2866 τούτους
1917 2803 2008 2858 καὶ

350 2888 622 2946 ἐκάλεσεν·
667 2891 759 2956 οὕς
810 2889 866 2948 δὲ
917 2891 1193 2964 ἐκάλεσεν,
1251 2893 1478 2955 τούτους
1532 2892 1622 2949 καὶ
1671 2890 2006 2948 ἐδικαίωσεν

352 2978 450 3044 οὕς
481 2977 539 3036 δὲ
571 2979 879 3054 ἐδικαίωσε,
910 2982 1140 3046 τούτους
1169 2983 1259 3038 καὶ
1290 2981 1559 3056 ἐδόξασεν.
1586 2984 1742 3058 Ὁρᾷς
1774 2980 1841 3038 δι’
1873 2982 2010 3058 ἀγά-

350 3091 462 3141 πην
517 3067 913 3146 διδασκομένην
968 3074 1291 3148 μαρτυρίαν.
1327 3071 1429 3128 Κᾶν
1486 3070 1556 3128 δι’
1588 3067 1828 3146 ἀμοιϐὴν
1879 3073 2008 3149 ἀγα-

356 3164 463 3223 θῶν
494 3158 762 3235 ἐθελήσῃς
816 3169 1183 3237 μαρτυρῆσαι,
1233 3161 1438 3236 ἀκούσῃ
1489 3161 1678 3217 πάλιν·
1734 3186 1762 3214 σι
1792 3165 1872 3235 Τῇ
1905 3161 2008 3236 γὰρ

353 3247 537 3305 ἐλπίδι
573 3249 749 3321 ἐσώθη
763 3271 878 3323 μεν,
910 3249 1070 3313 ἐλπὶς
1103 3248 1161 3305 δὲ
1189 3249 1505 3326 βλεπομένη
1531 3251 1631 3305 οὐκ
1659 3246 1801 3306 ἔστιν
1831 3249 2006 3312 ἐλπίς’

1683 441 2135 500 ΒΤΒΟΜΔΤΠΜ
2170 443 2306 499 LIB.
2347 445 2448 500 IV.

3632 445 3772 503 1258

2114 569 2361 638 scelera,
2394 568 2614 626 deinde
2644 571 3005 639 moriuntur,
3040 571 3088 626 si
3115 588 3236 627 non
3267 576 3426 628 esset
3446 572 3648 628 anima
3669 573 3778 640 im.

2116 659 2409 727 mortalis,
2443 678 2603 715 mors
2635 667 2792 716 esset
2820 661 3074 718 lucrum.
3114 684 3144 712 »
3178 664 3247 716 Et
3284 662 3449 717 Plato
3502 664 3563 716 in
3612 663 3774 719 Phae-

2117 749 2258 804 done
2285 767 2296 804 :
2332 772 2361 798 «
2395 750 2452 804 Si
2484 755 2641 806 esset
2673 751 2835 806 enim
2866 768 3024 807 mors
3057 751 3257 807 totalis
3289 751 3623 820 dissolutio,
3663 777 3684 805 ι
3723 757 3783 808 et

2118 855 2250 909 quae
2283 839 2567 911 deinceps
2589 847 2942 912 sequuntur.
2973 843 3100 896 Non
3126 847 3216 896 est
3237 859 3374 914 ergo
3399 841 3780 914 cogitandum

2120 945 2190 983 ex
2222 930 2520 984 sententia
2548 930 2788 1002 Telephi
2820 931 2977 1003 apud
3000 931 3365 1004 xEschylum,
3389 954 3417 980 «
3445 931 3779 1004 simplicem

2118 1018 2272 1074 viam
2302 1019 2456 1076 ferre
2485 1019 2559 1075 ad
2593 1021 2855 1086 inferos;
2886 1041 2912 1073 ιι
2947 1026 3086 1076 sunt
3116 1022 3274 1076 enim
3323 1021 3429 1077 vias
3462 1021 3684 1090 multa,
3722 1026 3778 1076 et

2117 1109 2327 1176 multa,
2353 1118 2417 1182 ›ι‹
2446 1126 2576 1181 quae
2603 1109 2926 1176 abducunt,
2955 1115 3216 1182 peccata.
3241 1110 3620 1166 Errabundos
3642 1111 3773 1180 hos,

2117 1203 2185 1253 ut
2200 1204 2290 1253 est
2311 1199 2652 1268 verisimile,
2677 1200 2956 1256 inﬁdeles
2978 1200 3201 1256 comice
3225 1199 3541 1256 ludiﬁcans
3555 1200 3775 1255 Aristo-

2118 1288 2347 1359 phanes
2374 1306 2386 1343 :
2411 1311 2440 1339 «
2465 1289 2653 1362 Agite,
2672 1291 2888 1362 inquit,
2912 1290 3178 1346 obscuras
3199 1290 3332 1344 vitm
3355 1290 3650 1356 homines,
3675 1306 3777 1360 ge-

2117 1379 2412 1434 nerationi
2431 1379 2709 1435 foliorum
2725 1379 2974 1447 similes,
2993 1379 3458 1446 imbecilli,ceraa
3473 1380 3774 1451 ﬁgmenta,

2118 1483 2306 1538 genus
2323 1467 2514 1523 instar
2531 1469 2780 1536 umbrae,
2802 1467 3055 1535 evanidi,
3072 1467 3431 1536 involucres,
3447 1468 3625 1522 unius
3645 1471 3778 1522 tan-

2119 1561 2245 1611 tum
2273 1556 2388 1612 diei
2415 1558 2595 1613 vitam
2627 1558 2935 1613 habentes.
2960 1579 2988 1607 »
3018 1559 3088 1612 Et
3109 1557 3500 1628 Epicharmus
3528 1572 3540 1610 :
3565 1575 3595 1608 ι(
3620 1557 3778 1616 Haac,

2118 1646 2336 1717 inquit,
2367 1647 2680 1702 hominum
2707 1648 2848 1712 vita,
2880 1651 3045 1702 utres
3075 1647 3286 1702 inﬂati.
3319 1669 3341 1698 ι
3371 1645 3550 1700 Nobis
3577 1651 3778 1700 autem

2119 1735 3352 1808 dixitServator:«Spirituspromptus,caro
3370 1736 3721 1805 inﬁrma(a);
3751 1755 3772 1782 ι

2119 1826 2403 1896 quoniam
2435 1850 2461 1876 ‹‹
2490 1827 2809 1898 prudentia
2839 1826 3039 1882 carnis
3069 1831 3159 1881 est
3187 1826 3308 1880 Deo
3341 1823 3606 1890 inimica,
3652 1845 3680 1872 ››
3713 1827 3778 1877 ut

2120 1913 2363 1984 exponit
2392 1913 2714 1985 Apostolus
2738 1935 2752 1981 ;
2784 1936 2812 1965 «
2844 1912 2958 1986 legi
2983 1914 3142 1968 enim
3165 1912 3266 1968 Dei
3292 1929 3413 1966 non
3438 1911 3774 1983 subjicitur,

2120 2019 2314 2073 neque
2349 2004 2510 2059 enim
2537 2008 2753 2075 potest.
2787 2003 2896 2068 Qui
2928 2009 3129 2058 autem
3161 2002 3221 2056 in
3253 2017 3430 2057 carne
3464 2006 3622 2068 sunt,
3657 2001 3774 2055 Deo

2118 2092 2355 2163 placere
2381 2109 2500 2148 non
2531 2099 2802 2166 possunt.
2838 2115 2867 2142 ››
2916 2095 2987 2147 Ει
3033 2091 3094 2147 id
3141 2091 3400 2163 amplius
3447 2089 3773 2162 explicans,

2122 2181 2448 2255 subjungit,
2480 2200 2555 2238 ne
2587 2182 2719 2254 quis
2751 2183 2980 2255 ingrato
3012 2182 3236 2249 animo,
3270 2186 3337 2236 ut
3365 2181 3645 2248 Marcion,
3679 2179 3774 2234 in-

2119 2271 2272 2326 ferat
2300 2273 2518 2328 malam
2547 2289 2674 2329 esse
2707 2279 3082 2328 creaturam:
3121 2294 3141 2321 ι
3177 2271 3234 2326 Si
3267 2276 3469 2327 autem
3508 2269 3775 2325 Christus

2122 2365 2213 2416 est
2241 2361 2303 2416 in
2334 2362 2524 2428 vobis,
2561 2380 2777 2434 corpus
2809 2362 3052 2434 quidem
3083 2366 3385 2416 mortuum
3416 2365 3505 2414 est
3534 2363 3778 2430 propter

2120 2457 2453 2522 peccatum,
2485 2452 2729 2524 spiritus
2757 2457 2954 2507 autem
2976 2451 3116 2505 vivit
3143 2454 3385 2522 propter
3397 2448 3716 2520 justitiam.
3747 2468 3775 2496 »

2119 2541 2190 2593 Et
2220 2558 2466 2595 rursus:
2505 2563 2533 2590 ‹‹
2567 2541 2622 2596 Si
2658 2562 2686 2589 ››
2720 2541 2878 2596 enim
2911 2562 2939 2589 «
2984 2538 3312 2594 secundum
3342 2554 3585 2592 carnem
3634 2537 3779 2590 vivi-

2121 2629 2218 2696 tis,
2255 2629 2397 2683 estis
2428 2629 2723 2685 morituri.
2756 2628 3102 2697 Considero,
3127 2627 3288 2683 enim
3311 2627 3470 2698 quod
3494 2643 3614 2680 non
3638 2630 3778 2681 sunt

2120 2716 2430 2789 condignas
2461 2717 2772 2789 passiones
2802 2718 2983 2790 hujus
3010 2716 3218 2772 mundi
3242 2715 3317 2772 ad
3343 2715 3614 2789 gloriam,
3643 2732 3775 2786 quae

2118 2806 2437 2862 revelanda
2469 2812 2558 2862 est
2586 2807 2649 2862 in
2681 2806 2894 2874 nobis;
2931 2806 3228 2877 siquidem
3264 2804 3678 2878 compatimur,
3713 2807 3779 2858 ut

2121 2895 2661 2968 congloriﬁcemur,
2694 2901 2761 2950 ut
2784 2895 3124 2951 cohaaredes
3147 2895 3384 2950 Christi.
3414 2894 3643 2948 Scimus
3672 2911 3774 2948 au-

2121 2989 2263 3054 tem,
2299 2985 2459 3057 quod
2475 2985 2860 3058 diligentibus
2879 2986 3064 3040 Deum
3088 2984 3289 3040 omnia
3305 2989 3700 3055 cooperantur
3717 2984 3777 3038 in

2121 3075 2345 3130 bonum
2377 3076 2471 3144 iis,
2505 3077 2605 3146 qui
2636 3075 2824 3131 vocati
2859 3080 2996 3130 sunt
3024 3074 3353 3130 secundum
3384 3073 3774 3145 pr0positum.

2122 3167 2413 3230 Quoniam
2447 3182 2597 3236 quos
2621 3166 2934 3237 praiscivit,
2963 3181 3063 3219 eos
3087 3170 3146 3218 et
3175 3163 3618 3235 praedestinavit
3637 3180 3779 3217 con-

2119 3257 2344 3312 formes
2376 3256 2622 3329 imagini
2655 3257 2789 3312 Eilii
2822 3257 2972 3328 ejus,
3011 3261 3076 3310 ut
3099 3257 3174 3310 sit
3194 3255 3321 3327 ipse
3348 3254 3781 3326 primogenitus

355 3339 385 3394 ’ὀ
410 3339 512 3415 γὰρ
551 3338 742 3414 βλέπει
773 3361 882 3412 τις,
912 3339 967 3395 τί
996 3341 1087 3396 καὶ
1119 3339 1329 3410 ἐλπίζει
1363 3361 1376 3411 ;
1410 3365 1439 3394 »
1474 3338 1617 3398 Εἷδέ
1647 3341 1676 3396 ’ὀ
1708 3340 1768 3395 οὐ
1807 3339 2008 3402 Βλέπο-

2127 3346 2188 3399 in
2228 3346 2435 3404 multis
2458 3347 2760 3402 fratribus.
2785 3347 2940 3411 Quos
2963 3350 3159 3400 autem
3183 3343 3646 3416 prmdestinavit,
3677 3359 3778 3397 eos

359 3451 478 3505 μεν,
512 3429 835 3505 ἐλπίζόμεν,
863 3429 933 3486 δι’
955 3431 1242 3506 ὑπομονῆς
1265 3430 1704 3508 ἀπεκδεχόμεθα·
1739 3456 1766 3483 ‹‹
1794 3430 2013 3488 Ἀλλέί

350 3519 442 3574 καὶ
465 3519 751 3596 πάσχομεν
774 3521 886 3595 (38)
911 3518 1002 3576 διὰ
1022 3519 1391 3593 δικαιοσύνην,
1420 3523 1704 3598 μακάριοι,
1730 3545 1756 3573 ››
1805 3521 1968 3598 φησὶν
1989 3522 2017 3576 6

351 3609 582 3685 Πέτρος
601 3633 630 3662 ‹‹
656 3610 765 3666 Τὸν
791 3607 849 3665 δὶ
873 3605 1045 3688 φόϐον
1068 3611 1246 3666 αὐτῶν
1265 3613 1342 3685 μὴ
1362 3606 1665 3688 φοϐηθῆτε,
1694 3607 1834 3684 μηδὲ
1853 3631 2023 3685 ταρα-

2130 3441 2189 3490 et
2217 3437 2463 3492 vocavit.
2497 3438 2655 3501 Quos
2686 3441 2886 3491 autem
2916 3435 3158 3501 vocavit,
3194 3450 3296 3488 eos
3326 3438 3386 3487 et
3413 3432 3784 3503 justiﬁcavit.

2132 3526 2290 3591 Quos
2316 3529 2515 3580 autem
2539 3525 2912 3598 justiﬁcavit,
2936 3540 3036 3579 eos
3057 3529 3115 3578 et
3134 3522 3487 3595 gloriﬁcavit
3507 3522 3598 3591 (ὁ).
3637 3542 3665 3570 ››
3692 3521 3786 3574 Vi-

2134 3614 2238 3670 des
2272 3631 2379 3687 per
2410 3615 2791 3671 dilectionem
2814 3614 3011 3670 doceri
3031 3611 3405 3685 martyrium.
3429 3609 3596 3676 Quod
3619 3610 3668 3665 si
3689 3626 3788 3664 ve-

423 3730 570 3804 .kp.
606 3730 712 3783 584
739 3729 851 3785 ED.
885 3730 1181 3786 POTTER.
1213 3731 1344 3800 492,
1373 3733 1477 3786 493
1504 3731 1620 3787 ED.
1659 3731 1890 3785 PABIS.
1924 3730 2003 3803 (a)

2127 3732 2235 3786 tth.
2267 3750 2422 3802 XXVI,
2455 3735 2546 3787 41.
2594 3734 2669 3804 (b)
2703 3735 2871 3790 Hom.
2894 3733 3014 3800 vui,
3047 3734 3099 3800 7,
3131 3730 3186 3797 8,
3221 3732 3308 3797 10,
3342 3730 3428 3797 13,
3464 3731 3550 3799 17,
3586 3729 3671 3798 18,
3694 3728 3784 3795 28,

353 3801 446 3868 29,
479 3802 567 3856 30.

361 3933 490 4010 gap:
519 3919 577 4010 Si,
603 3918 1008 4010 pagatine'dit.
1043 3920 1335 4010 Sylburg;,
1366 3938 1426 4010 Ρ.
1468 3922 1543 4005 33
1593 3919 1734 4010 edit.
1761 3921 2014 4010 ~01mm:

362 3985 488 4059 Ἐπὶ
516 3985 574 4041 δὲ
602 3985 720 4049 τοῖς
747 3989 867 4043 καθ’
894 3985 1121 4045 ἕκαστον
1153 3990 1242 4046 καὶ
1258 3985 1391 4046 νάπὸ
1428 3995 1538 4045 τῶν
1593 3988 1829 4059 ἡλικιῶν
1875 3989 2014 4059 πολέ

360 4057 464 4152 λάς
521 4059 776 4152 ἀφορμὰς
830 4063 1046 4152 παρέξει
1107 4063 1134 4117 ὁ
1185 4061 1484 4152 λόγοςἐἷς
1541 4057 1936 4152 παραμυθίαν·ν
1970 4058 2020 4114 εἴ

366 4132 580 4222 μένκτις
611 4132 762 4222 ἄφγω
792 4132 1568 4222 τελευτήσειελκαὶἀλύπως,ν
1597 4132 1702 4222 ἑξτιή
1721 4132 2016 4222 ³μακαρίως

359 4202 596 4297 effugi!
623 4202 851 4297 τξλευτή
907 4202 1334 4297 συνηνέχθη.....
1371 4204 1482 4297 (κᾷν
1599 4205 1661 4297 ςἐν
1702 4202 2017 4297 ἀποδημίᾳ,

361 4276 445 4367 ὅτι
478 4271 630 4367 οὐδὲν
653 4271 1248 4367 ,διενήνρχΞ-θμίίάᾶρ
1296 4279 1386 4332 καὶ
1418 4271 1622 4367 ἡῗαύτή
1673 4278 1856 4367 ρξμος,
1878 4271 2020 4331 ⁷κατὰ

359 4348 455 4427 τὸν
487 4345 1358 4427 Αἰσχύλον,εἷς’ᾇδουᾲφὲρουσα.
1395 4345 1536 4427 «ςΙῃ
1566 4345 1849 4427 oratione
1883 4367 2019 4427 vero

362 4421 714 4548 Erivata,ex
746 4426 917 4477 aatate
947 4421 1208 4494 amplam
1250 4423 1677 4479 consolationis
1708 4423 2021 4478 materiam

409 4492 756 4548 abebimus:
792 4495 839 4548 si
874 4500 1118 4548 repente
1151 4496 1478 4548 exstinctus
1511 4501 1570 4548 et
1620 4496 1748 4548 sine
1791 4495 2020 4548 dolore.

409 4492 756 4566 abebimus:
792 4495 839 4548 si
874 4492 1118 4566 repente
1151 4496 1478 4551 exstinctus
1511 4501 1570 4550 et
1620 4496 1748 4550 sine
1791 4495 2020 4562 dolore,

368 4564 526 4638 quod
569 4564 803 4620 felicem
851 4564 1074 4621 exitum
1129 4574 1550 4623 consecutus...
1586 4568 1634 4621 si
1667 4568 1729 4622 in
1761 4567 2024 4638 peregri-

367 4636 634 4705 natione,
667 4637 826 4707 quod
853 4639 982 4693 nihi
1013 4639 1216 4706 refert,
1247 4657 1383 4695 cum
1424 4662 1450 4689 «
1484 4656 1606 4695 una
1635 4662 1662 4688 »
1716 4636 1778 4693 et
1813 4638 2022 4694 eadem

367 4731 397 4760 ‹‹
428 4709 538 4783 via,
575 4731 603 4758 »
636 4715 702 4762 ut
732 4709 814 4764 ait
841 4711 1173 4783 AZschylus,
1206 4735 1236 4783 ξ(
1269 4713 1342 4768 ad
1372 4711 1596 4767 inferos
1627 4711 1823 4767 ducat.
1863 4735 1884 4760 ι

579 4784 850 4859 λ”Αγετεη
886 4778 1073 4859 caci},
1133 4780 1250 4859 ἄνδ.
1313 4785 1406 4840 Sic
1454 4785 1632 4859 _Flor.g
1677 4783 1886 4859 '_Aysts,
1921 4778 2021 4859 φύ-

368 4847 475 4930 σιν,
501 4847 624 4930 ἄγδ.
659 4847 1281 4930 mavult'S'ylburgius,
1313 4855 1473 4930 quod
1506 4862 1564 4912 et
1605 4847 2026 4930 Aristophanis

370 4924 634 5000 editione
666 4925 921 5000 vulgata,
955 4924 1014 4982 et
1044 4924 1173 5000 ipso
1196 4924 1371 4983 metri
1402 4944 1652 4984 numero
1683 4924 2027 5000 confirmari

370 4996 536 5052 dicit.
570 4998 753 5051 Porro

371 5069 550 5124 modo
583 5074 840 5138 exstant,
874 5087 931 5141 p.
967 5072 1069 5124 573
1104 5071 1244 5126 edit.
1278 5069 1479 5127 Aurel.
1507 5070 1808 5144 Allobrog.
1842 5088 1861 5127 :

371 5159 501 5236 Ἀγε
557 5153 623 5228 δὴ
686 5158 884 5237 φύσιν,
944 5156 1134 5236 ἄνδρες
1183 5154 1562 5238 ἀμαυρόϐιοιλ
1602 5157 1828 5238 φύλλων
1877 5164 2034 5235 γενεᾷ

1544 5229 1925 5307 [προσόμοιοί,

375 5300 789 5380 Ὀλιγοδρανέες
825 5347 838 5374 ,
899 5303 1198 5378 πλάσματα
1271 5303 1460 5375 πηλοῦ
1492 5347 1508 5375 ,
1547 5300 1852 5396 ’σκιῖοειδέα
1881 5304 2035 5396 ,φῦλ’

1632 5376 1926 5450 [ἀμενηνὸς

374 5447 681 5517 Ἀπτῆνες,
735 5447 1061 5525 ἐφημέριοι,
1121 5445 1318 5503 ταλαοὶ
1386 5445 1840 5525 βροτοὶ,’ᾀνέρες
1899 5448 2036 5503 εἷκε·

1637 5520 1927 5594 [λόνέιροι.

379 5612 500 5680 Age
548 5612 673 5680 jam
719 5618 926 5666 natura
983 5614 1094 5667 viri
1153 5612 1418 5681 languide
1473 5614 1731 5679 viventes,

1331 5685 1705 5754 [generationi
1734 5684 1936 5740 similes

380 5757 586 5810 Parum
614 5753 878 5825 valentes,
906 5757 1270 5824 formationes
1301 5753 1426 5826 luti,
1462 5756 1674 5813 umbris
1702 5757 1906 5812 similes
1940 5758 2044 5812 tri-

1523 5827 1647 5900 [bus
1675 5828 1938 5886 invalida:

667 5944 932 6007 Panos.
977 5944 1090 6008 Gn.
1133 5942 1296 6008 vm.
1925 5915 1934 5926 ’

829 4998 845 5050 i
877 4998 1084 5054 versus
1115 5001 1178 5054 in
1209 5000 1625 5071 Aristophanis
1647 5070 1654 5071 ί
1677 5001 1887 5056 Avibus
1915 4999 2030 5054 hoc

1776 5613 2041 5682 foliorum

2125 3922 2440 3994 Implumes,
2471 3923 2637 3977 unius
2667 3922 2781 3976 diei
2808 3919 3304 3994 vitam_habent_es,
3335 3918 3533 3994 miseri
3568 3922 3785 3994 morta-

2993 3991 3086 4059 les,
3119 3991 3228 4044 υἰνί
3247 3991 3468 4044 somniis
3486 3987 3708 4042 similes.

2199 4099 2310 4170 (34)
2361 4097 2422 4170 Ἱ)
2475 4094 2844 4170 Ἐπίχαρμος.
2905 4093 3308 4170 Theodoretus
3357 4089 3782 4170 Θερ.απευτ.ηα’,

2128 4160 2346 4239 ρ.’47⁵7,
2381 4169 2452 4224 de
2482 4169 2557 4224 iis
2589 4160 2695 4240 qui
2722 4160 2809 4222 nil
2863 4165 3133 4240 credunt,
3167 4160 3474 4240 nisiuquqd
3508 4160 3784 4240 sensibus

2130 4231 2357 4329 percipi
2388 4231 2715 4329 pos’sit,:ait
2747 4256 2759 4294 :
2794 4238 2908 4329 Καὶ(
2932 4238 3060 4298 ἴσως
3089 4240 3207 4321 τοςίς
3239 4231 3787 4329 οὕὶτωνδιαέιειμένοις

2130 4299 2440 4385 ἀνθρώποῖς
2489 4299 2839 4386 Ἐπίχαρμος
2889 4310 2916 4364 6
2959 4309 3207 4381 κωμικὸς
3252 4305 3345 4362 τὸν
3395 4299 3613 4379 ἴαμϐον
3644 4303 3789 4358 ἐκεῖ-

2129 4406 2222 4440 νον
2262 4385 2438 4459 προσή
2450 4403 2640 4458 ρμοσε·

2209 4490 2376 4555 Φύσις
2402 4490 2720 4565 ἀνθρώπων,
2754 4486 2910 4543 ἀσκοὶ
2943 4486 3338 4564 πεφυσημένοι.

2133 4603 2404 4656 Fortasse
2435 4604 2636 4654 autem
2659 4596 3003 4671 hujusmodi
3037 4593 3380 4671 hominibus
3399 4593 3791 4665 Epicharmus

2055 4676 2100 4741 D
2133 4673 2398 4729 comicus
2430 4668 2752 4726 iambicum
2785 4669 2934 4724 illud
2964 4668 3189 4740 aptavit
3216 4684 3229 4722 :

2207 4782 2504 4834 Hominum
2532 4785 2759 4847 natura,
2793 4783 2941 4832 utres
2977 4777 3184 4844 inﬂati.

2086 4928 2090 4936 ι
2140 4889 2375 4945 Grotius
2402 4888 2515 4944 hoc
2543 4885 2720 4942 modo
2755 4901 2893 4941 eum
2945 4885 3152 4940 scribit
3200 4884 3263 4939 in
3296 4886 3555 4955 Emcerpt.
3589 4900 3616 4938 e
3647 4889 3794 4950 trag.

2145 4969 2196 5018 et
2223 4977 2360 5018 com.
2394 4978 2453 5032 p.
2485 4963 2591 5015 479
2620 4978 2632 5016 :

2139 5057 2286 5117 Αῦτα
2359 5057 2644 5132 ἀνθρώπον
2729 5055 2886 5133 φύσις
2931 5073 2944 5088 °
3033 5055 3188 5110 ἀσκοί
3245 5074 3307 5130 γε
3387 5051 3802 5193 εἶσὶῐπεφυση-

3543 5142 3716 5193 μενοι.

3543 5142 3716 5194 μενοι.

3125 5223 3274 5274 utres
3340 5220 3465 5271 sunt
3527 5218 3804 5282 turgentes

3453 5286 3632 5357 [ﬂatib
3644 5301 3730 5340 us.

2257 5395 2365 5465 (35)
2395 5392 2474 5449 Τὸ
2496 5413 2555 5450 π.
2591 5391 2955 5465 Concinnius
2980 5387 3044 5465 1_6
3081 5386 3173 5465 μὲν
3207 5405 3296 5440 πν.
3332 5386 3606 5465 Ξὶνιθυξιο.

2221 5449 2748 5536 (86)Ἐιπερνσυμ...
2794 5457 3048 5536 Χριστοῦ.
3081 5449 3284 5536 ἱῐῖοῑηέι
3322 5473 3439 5536 γ-Ι-ιῐ,
3477 5457 3583 5536 17]
3647 5449 3803 5536 Κλη-

2152 5521 2380 5614 Ρ⁰“;ὁίίοί
2417 5521 2516 5608 μὲνι
2559 5521 2715 5600 Θεδῦ,
2759 5521 3206 5614 συεξκληρονὸμοι
3241 5524 3296 5581 δὲ
3345 5521 3600 5602 Χριστοῦ·
3655 5521 3807 5599 εἷ’περ

2153 5603 2580 5684 συμπάσχομεν,
2606 5608 2699 5662 ’ἱνα
2727 5607 2814 5661 καὶ
2839 5603 3316 5684 ’σύνδοξασθῶμεκρ
3600 5670 3634 5684 μ

2225 5669 2333 5754 (37)
2366 5669 2469 5743 Εἷς
2491 5669 2804 5755 τόάγαθόν.
2854 5676 2965 5755 βία
2999 5669 3208 5755 ἀγαθόν’
3250 5671 3503 5755 absque.
3527 5669 3805 5755 articulo,

2156 5738 2349 5821 Βὸωί,
2383 5738 2484 5811 ubi
2517 5738 2673 5820 moi,
2700 5749 2791 5805 καὶ
2823 5747 2914 5810 οῦς
2948 5738 3103 5802 ἐκάλ.
3136 5762 3242 5818 pro
3273 5738 3456 5803 οὖς-δὲ
3484 5739 3641 5797 ἐκάλ.

2226 5829 2335 5899 (38)
2367 5824 2683 5899 Πάσχομεν,
2716 5821 3013 5895 Πάσχοιτε,
3047 5821 3205 5876 Petr.

2143 5226 2274 5280 Haec
2331 5222 2612 5278 hominum
2662 5226 2874 5276 natura
2930 5225 3052 5276 est:

3455 5935 3536 5994 40
