4138 6404
425 461 567 517 1259

1642 425 2056 508 culinaria
2091 424 2602 503 Athamanum:

3696 445 3819 502 1260

420 589 496 645 lis
529 595 754 661 martyr
776 605 904 644 esse
924 589 1164 657 propter
1184 583 1476 639 bonorum
1498 579 2068 643 remunerationem,

2208 575 2372 642 ζθῆτε³
2405 573 2607 647 Κύριον
2634 571 2692 628 Si
2710 575 2802 628 τὸν
2828 576 3064 647 Χριστὸν
3088 577 3202 648 (39)
3233 575 3488 650 ἁγιάσατε
3508 571 3558 629 ιν
3581 578 3690 635 ταῖς
3709 594 3822 649 καρ-

428 695 634 735 rursus
665 678 908 735 audies:
946 694 966 722 ι
1001 675 1113 746 Spe
1147 675 1307 728 enim
1334 672 1476 728 salvi
1507 671 1646 726 facti
1680 686 1906 725 sumus.
1940 670 2084 741 Spes

2208 665 2332 726 ἰίαις
2364 664 2538 736 ὑμῶν.
2571 667 2831 738 Ἕτοιμοι
2865 663 2922 720 δὶ
2952 665 3034 720 ἀεὶ
3061 664 3198 740 πρὸς
3229 663 3535 740 ἀπολογίαν
3565 665 3714 719 παντὶ
3750 667 3820 736 τῷ

428 773 651 834 autem,
684 785 814 839 quae
836 765 1088 833 videtur,
1117 781 1237 820 non
1265 768 1353 818 est
1375 779 1530 835 spes.
1557 761 1722 827 Quod
1745 761 1905 816 enim
1929 759 2087 814 videt

2208 755 2431 809 ιἰτοῦντι
2458 755 2598 828 ὑμᾶς
2622 753 2786 831 λόγον
2807 755 2932 828 πέρὶ
2952 762 3055 824 τῆς
3079 754 3130 809 ἰν
3153 756 3279 828 ὑμῖν
3305 751 3548 839 ἑλπίδλοςο
3573 752 3710 809 ἇΛλὰ
3727 755 3822 826 (40)

429 858 582 930 quis,
601 857 741 930 quid
761 855 998 928 sperat?
1015 856 1069 910 Si
1090 860 1311 921 autem,
1327 853 1485 924 quod
1506 869 1624 907 non
1639 852 1926 912 videmus,
1949 865 2084 922 spe-

427 963 649 1016 ramus,
665 964 773 1018 per
790 945 1142 1018 patientiam
1163 949 1575 1015 exspectamus
1599 942 1692 1014 (a).
1711 939 1824 995 Sed
1847 939 1956 994 etsi
1982 955 2087 1010 pa-

428 1035 614 1092 timur
630 1035 1205 1108 propterjustitiam.
1231 1054 1253 1085 ιι
1275 1033 1716 1103 inquitPetrus,
1746 1053 1772 1079 ››
1796 1029 1973 1084 beati.
1994 1027 2085 1083 Ti-

427 1141 656 1181 morem
679 1130 879 1180 autem
912 1141 1119 1180 eorum
1146 1141 1219 1178 ne
1252 1122 1592 1188 timueritis,
1626 1137 1821 1191 neque
1847 1123 2090 1174 contur-

425 1213 650 1270 bemini
678 1231 690 1281 ;
727 1214 1048 1269 Dominum
1079 1219 1278 1269 autem
1301 1212 1601 1267 Christum
1626 1209 1993 1265 sanctiﬁcate
2026 1207 2088 1261 in

427 1303 706 1359 cordibus
737 1304 967 1360 vestris.
1003 1303 1198 1358 Parati
1233 1306 1432 1357 autem
1467 1317 1702 1372 semper
1731 1299 1806 1354 ad
1855 1296 2088 1352 satisfa-

430 1393 692 1449 ctionem
773 1394 937 1448 omni
1005 1393 1274 1465 poscenti
1339 1409 1440 1446 vos
1516 1391 1808 1446 rationem
1868 1388 1939 1443 de
1999 1403 2087 1454 ea,

432 1499 562 1554 quae
616 1483 678 1538 in
738 1483 903 1538 vobis
962 1488 1072 1548 est,
1129 1499 1272 1554 spe;
1333 1481 1436 1536 sed
1491 1479 1555 1544 ›ι‹
1610 1496 1744 1535 cum
1799 1476 2092 1533 modestia

430 1576 490 1626 et
546 1572 782 1643 timore,
859 1572 1287 1627 conscientiam
1372 1570 1660 1626 habentes
1715 1569 1973 1635 bonam;
2026 1573 2094 1621 ut

433 1661 495 1716 in
549 1678 666 1733 quo
716 1662 1040 1717 detrahunt
1084 1659 1270 1729 vobis,
1322 1660 1783 1728 confundantur,
1844 1657 1945 1729 qui
1996 1673 2093 1712 ca-

432 1751 806 1807 lumniantur
830 1755 1088 1806 vestram
1110 1751 1329 1805 bonam
1353 1750 1414 1804 in
1438 1749 1668 1804 Christo
1691 1747 2094 1803 conversatio—

432 1856 594 1898 nem.
615 1840 824 1895 Melius
843 1845 934 1894 est
952 1841 1112 1895 enim
1137 1839 1604 1904 benefacientes,
1630 1838 1678 1892 si
1701 1837 1973 1892 voluntas
1992 1835 2094 1890 Dei

2195 844 2330 917 μετᾶ
2359 853 2671 920 πραΰτητος
2698 845 2787 900 καὶ
2837 840 3034 924 φόϐου,
3085 843 3393 915 συνείδησιν
3445 837 3658 920 ἔχοντες
3703 843 3824 918 ἀγα-

2193 936 2314 1003 θήν
2344 935 2438 989 ἳνα
2468 933 2519 989 ἐν
2553 936 2598 1007 ᾧ
2628 933 3046 1005 καταλαλεῖσθε,
3087 937 3558 1011 καταισχυνθῶσιν
3611 935 3660 988 οἱ
3705 933 3827 1003 ἔπη-

2193 1023 2477 1100 ρεάζοντες
2505 1025 2607 1094 τὴν
2655 1023 2833 1092 καλὴν
2893 1023 3241 1105 ἀναστροφὴν
3299 1024 3453 1097 ὑμῶν
3506 1022 3558 1078 ἂν
3612 1024 3827 1096 Χριστῷ.

2195 1120 2449 1188 Κρεῖττον
2506 1115 2608 1188 γὰρ
2667 1113 3160 1188 ἀγαθοποιοῦντας,
3215 1115 3267 1168 εἷ
3314 1113 3532 1186 θέλημα
3585 1114 3693 1186 (41)
3744 1111 3830 1166 τοῦ

2194 1208 2350 1272 Θεοῦ,
2392 1205 2648 1281 πάσχειν,
2681 1203 2716 1272 ἢ
2767 1209 3220 1267 κακοποιοῦντας.
3254 1226 3282 1259 ι
3337 1201 3448 1262 Κᾶν
3496 1224 3577 1265 τις
3631 1202 3833 1277 ἰρεσχε-

2197 1292 2312 1348 λῶν
2353 1292 2514 1369 λέγῃ·
2581 1294 2684 1349 Καὶ
2741 1298 2861 1357 πῶς
2919 1294 3034 1350 οἷόν
3093 1296 3151 1350 τὲ
3208 1293 3319 1350 ἔστι
3368 1295 3468 1364 τὴν
3529 1295 3694 1366 σάρκα
3743 1293 3831 1360 τὴν

2196 1384 2387 1452 ἀσθενῆ
2420 1384 2558 1458 πρὸς
2585 1385 2681 1447 τὰς
2715 1382 2974 1457 δυνάμεις
3014 1388 3149 1458 (42),
3182 1384 3272 1440 καὶ
3303 1384 3370 1440 τὰ
3417 1382 3691 1457 πνεύματα
3737 1386 3832 1436 τῶν

2197 1472 2453 1546 ὶξουσιῶν
2506 1475 2901 1544 ἀνθίστασθαις
2969 1473 3095 1530 ἀλλ’
3143 1473 3318 1530 ἐκεῖνο
3367 1472 3695 1551 γνωριζὲτω,
3741 1470 3835 1542 δτι,

2196 1569 2278 1639 τῷ
2334 1567 2739 1640 Παντοκρᾶτορι
2808 1567 2899 1621 καὶ
2960 1567 3039 1639 τῷ
3097 1565 3286 1642 Κυρίῳ
3345 1568 3457 1641 (43)
3519 1563 3836 1642 θαρῥουντες,

2201 1653 2725 1730 ἀντιπολιτευόμεθα
2779 1659 2903 1718 ταῖς
2959 1656 3159 1731 ἀρχαῖς
3201 1660 3314 1730 ’τοῦ
3372 1654 3620 1724 σκότους,
3648 1652 3732 1709 καὶ
3767 1655 3838 1725 τῷ

2202 1745 2437 1818 θανάτῳ.
2473 1771 2502 1798 ‹‹
2525 1747 2647 1803 Ἐτι
2679 1767 2774 1802 σου
2802 1746 3105 1809 λαλοῦντος
3125 1749 3259 1821 (44),
3296 1769 3320 1800 ε
3351 1745 3534 1825 φησὶν,
3562 1744 3687 1820 ἐρεῖ·
3711 1740 3834 1801 Ἰδοὺ

2201 1837 2430 1908 πάρειμι
2482 1860 2503 1888 ι
2558 1837 2695 1910 Ὅρα
2736 1837 2830 1891 τὸν
2882 1837 3159 1908 ἀήττητον
3215 1837 3442 1912 βοηθὸν,
3490 1836 3581 1890 τὸν
3626 1834 3840 1909 ὑπερασ-

433 1929 595 1997 velit,
625 1930 768 2000 pati,
803 1945 982 2000 quam
1008 1929 1452 1985 malefacientes
1472 1930 1574 2000 (b).
1604 1951 1624 1977 ι
1664 1931 1731 1983 Et
1762 1928 1811 1983 si
1843 1928 1976 1998 quis
1999 1942 2093 1982 ca-

2208 1923 2434 1994 πίζοντα
2462 1928 2646 1998 ἡμῶν.
2680 1951 2709 1980 (ι
2742 1927 2834 1996 Μή
2860 1927 3124 2000 ξενίζεσθε
3172 1925 3379 1997 τοίνυν,
3441 1928 3469 1982 ὁ
3513 1925 3710 2000 Πέτρος
3757 1920 3839 1976 λέ-

437 2017 684 2074 villandi
715 2018 917 2074 animo
961 2019 1322 2092 interroget:
1375 2020 1445 2072 Et
1491 2017 1787 2089 quomodo
1821 2017 1949 2071 fieri
1981 2033 2096 2088 po-

440 2109 556 2160 test
586 2110 653 2160 ut
683 2122 819 2161 caro
842 2105 1146 2161 imbecilla
1166 2106 1407 2160 resistat
1426 2104 1822 2175 potestatibus
1845 2109 1903 2158 et
1923 2101 2101 2173 spiri-

439 2195 602 2250 tibus
634 2195 1109 2250 dominationum
1130 2195 1158 2250 ?
1186 2195 1340 2250 Illud
1372 2195 1540 2261 sciat,
1574 2193 1730 2265 quod
1764 2195 1881 2247 Deo
1904 2192 2100 2247 omni-

442 2285 670 2356 potenti
693 2289 751 2340 et
769 2285 1020 2340 Domino
1041 2283 1176 2338 freti
1195 2285 1255 2338 in
1278 2301 1466 2354 eoque
1484 2283 1772 2337 habentes
1793 2282 2095 2349 ﬁduciam,

443 2372 829 2429 adversamur
877 2373 1314 2446 principatibus
1364 2372 1746 2427 tenebrarum
1797 2376 1855 2426 et
1895 2371 2094 2425 morti.

441 2483 470 2512 «
487 2462 695 2518 Adhuc
711 2468 765 2518 te
783 2463 1348 2534 loquente,«inquit,
1369 2486 1388 2510 ι
1403 2462 1734 2516 dicet:Ecce
1748 2461 2087 2530 adsum(c).s

439 2553 527 2607 En
559 2551 898 2626 adjutorem
930 2553 1237 2619 invictum,
1272 2552 1372 2623 qui
1394 2568 1505 2606 nos
1527 2551 1813 2606 defendit.
1840 2573 1868 2601 »
1901 2553 1980 2605 Ne
2003 2567 2096 2605 vo-

437 2641 530 2696 bis
542 2658 694 2697 nova
707 2647 764 2696 et
777 2642 992 2708 aliena,
1015 2663 1042 2691 »
1059 2642 1257 2712 inquit
1274 2643 1502 2708 Petrus,
1525 2640 1856 2706 «videatur,
1873 2656 2005 2710 quae
2019 2637 2092 2695 ad

437 2732 830 2788 tentationem
849 2731 1012 2786 vobis
1033 2732 1118 2798 fit,
1138 2747 1246 2803 per
1263 2731 1460 2802 ignem
1484 2729 1756 2802 probatio
1781 2747 1795 2796 ;
1821 2729 1924 2784 sed
1947 2745 2092 2800 qua-

437 2827 613 2878 tenus
645 2824 1102 2880 communicatis
1133 2823 1350 2878 Christi
1380 2822 1782 2894 passionibus,
1816 2821 2087 2894 gaudete,

2209 2035 2315 2089 γει,
2346 2019 2415 2091 τῇ
2447 2014 2500 2070 ἰν
2555 2016 2682 2088 ὑμῖν
2723 2017 2988 2090 πυρώσει,
3043 2018 3182 2092 πρὸς
3235 2015 3542 2092 πειρασμὸν
3591 2015 3712 2088 ὑμῖν
3765 2031 3844 2087 γι-

2207 2105 2410 2178 νομένῃ
2446 2148 2459 2174 ,
2519 2107 2594 2167 ὼς
2652 2103 2800 2176 ξενου
2855 2105 2984 2178 ὑμῖν
3046 2100 3473 2179 συμϐαίνοντοςο
3534 2101 3676 2160 ἀλλᾶ
3726 2097 3844 2163 καθὸ

2206 2198 2521 2249 κοινωνεῖτε
2548 2199 2664 2255 τοῖς
2712 2198 2810 2250 τοῦ
2859 2199 3094 2270 Χριστοῦ
3142 2195 3454 2268 παθήμασι,
3505 2191 3738 2268 χαίρετε,
3762 2186 3846 2242 ’ίνα

2205 2282 2297 2337 καὶ
2329 2281 2380 2338 ἄν
2411 2282 2479 2358 τῇ
2507 2281 2845 2339 ἀποκαλύκει
2876 2290 2975 2353 τῆς
3006 2282 3172 2355 δόξης
3219 2283 3386 2339 αὐτοῦ
3435 2288 3646 2360 χαρῆτε
3695 2277 3844 2355 ἀγαλ-

2209 2370 2474 2444 λιώμενοι
2537 2375 2670 2447 (45),
2731 2373 2777 2427 εἴ
2835 2370 3162 2443 ὀνειδίζεσθε
3220 2373 3272 2427 ἐν
3326 2373 3557 2447 ὀνόματι
3601 2369 3844 2446 Χριστοῦ·

2208 2463 2490 2538 μακάριοι,
2524 2463 2606 2517 ὅτι
2645 2463 2710 2518 τὸ
2737 2465 2836 2532 τῆς
2871 2462 3031 2534 δόξης
3063 2464 3151 2518 καὶ
3194 2463 3258 2518 τὸ
3304 2467 3403 2518 τοῦ
3463 2466 3600 2518 Θεοῦ
3647 2475 3842 2529 πνευμα

2205 2551 2286 2630 ἐφ’
2331 2553 2472 2626 ὑμᾶς
2518 2552 2866 2609 ἀναπαύεται.
2917 2554 3166 2626 Καθάπερ
3215 2557 3326 2627 (46)
3368 2554 3694 2629 γέγραπται,
3730 2548 3843 2604 ’Ότι

2199 2639 2374 2697 ἕνεκεν
2405 2645 2503 2696 σοῦ
2534 2642 2909 2716 θανατούμεθα
2936 2641 3075 2712 ὅλην
3123 2643 3222 2710 τήν
3280 2643 3516 2719 ἡμέραν,
3567 2637 3843 2714 ἐλογίσθη-

2203 2753 2299 2804 μεν
2333 2731 2409 2796 ὡς
2433 2727 2683 2807 πρόϐατα
2717 2739 2948 2811 σφαγῆς.
2980 2730 3137 2789 Ἀλλ’
3171 2731 3223 2788 ἐν
3256 2731 3479 2795 τούτοις
3512 2736 3666 2786 πᾶσιν
3702 2730 3844 2800 ὑπερ-

2201 2826 2439 2894 νικῶμεν
2475 2820 2564 2877 διὰ
2590 2827 2687 2878 τοῦ
2721 2822 3099 2898 ἀγαπήσαντος
3129 2824 3300 2895 ἡμᾶς.

439 2917 507 2968 ut
537 2912 716 2968 etiam
748 2913 810 2967 in
841 2911 1202 2967 revelatione
1242 2911 1370 2982 ejus
1402 2911 1605 2982 gloria)
1635 2909 1964 2983 gaudeatis,
2001 2910 2388 2980 exsultantes,
2451 2913 2499 2968 si
2558 2914 2619 2967 in
2680 2914 2924 2968 nomine
2956 2913 3170 2968 Christi
3223 2913 3462 2985 probris
3518 2907 3847 2973 afﬁcimini;

433 2999 618 3071 beati,
647 3001 806 3072 quod
836 3001 1039 3074 gloriae
1073 3005 1131 3055 et
1159 3001 1262 3055 Dei
1298 3000 1541 3071 spiritus
1575 3016 1755 3071 super
1784 3016 1884 3054 vos
1915 2999 2241 3070 requiescit
2270 3001 2370 3073 (ά).
2406 3001 2568 3058 Sicut
2599 3003 2885 3074 scriptum
2917 3007 3042 3058 est:
3069 3003 3318 3075 Pr0pter
3347 3008 3404 3058 te
3436 3001 3851 3058 mortificamur

437 3095 562 3146 tota
585 3089 718 3145 die:
754 3090 1012 3163 reputati
1044 3106 1252 3145 sumus
1283 3095 1350 3144 ut
1381 3107 1518 3145 oves
1545 3089 1881 3145 occisionis.
1917 3087 2029 3143 Sed
2085 3090 2147 3145 in
2201 3089 2293 3144 his
2352 3091 2631 3146 omnibus
2689 3107 3040 3163 superamus
3092 3096 3335 3164 propter
3389 3109 3552 3161 eum,
3603 3090 3700 3163 qui
3757 3101 3852 3142 nos

437 3180 652 3236 dilexit
681 3181 773 3254 (ε).
809 3204 838 3232 ››

547 3291 636 3343 Ex
665 3296 846 3344 mente
874 3290 969 3345 sed
999 3306 1118 3345 mea
1148 3306 1270 3360 quae
1301 3291 1380 3344 vis
1411 3291 1696 3358 reciscere,

545 3361 662 3416 Non
691 3363 902 3429 audies,
942 3377 1040 3416 nec
1065 3364 1115 3415 si
1145 3378 1364 3425 cremes,
1397 3378 1574 3417 ser-ras
1600 3377 1790 3430 graves

545 3433 653 3488 Nec
680 3436 862 3503 capite
891 3449 1102 3488 summo
1131 3436 1178 3488 si
1207 3435 1281 3488 ad
1304 3434 1470 3504 pedes
1500 3437 1638 3488 imos
1659 3434 1813 3502 liges,

545 3505 650 3560 Nec
680 3507 729 3561 si
758 3507 1016 3561 trecentis
1044 3505 1257 3560 vincias
1285 3522 1369 3560 me
1388 3505 1623 3560 vinculis
1644 3523 1665 3568 ,-

2124 3290 2166 3358 C
2201 3287 2278 3380 Ἀ,
2300 3284 2698 3380 δ”ᾖκπύθεσραι
2730 3291 2841 3380 (47)
2872 3297 2970 3360 τῆς
2998 3287 3139 3380 ἐμῇς
3166 3291 3399 3380 χρῄζεις
3435 3291 3656 3370 φρενὸς,

2225 3308 2267 3343 Α
2300 3308 2327 3342 ο
2377 3308 2698 3354 εκπυθεσθαι
2730 3308 2840 3380 (41)
2872 3311 2970 3360 της
2998 3308 3139 3363 εμης
3213 3308 3399 3363 ρηςεις

2204 3357 2328 3414 Οῦτ’
2360 3359 2420 3437 {iv
2451 3360 2904 3437 xaralﬁwv,_odte
2932 3363 3132 3437 κρατὸς
3162 3308 3211 3434 ἆ
3246 3363 3415 3437 ἄκρου

2207 3433 2890 3528 ᾒε1ιέοῦςἉκαθεξιε,πρίρνας
2910 3434 2999 3524 (εἷς
3020 3433 3231 3526 ’ἄκρους
3272 3433 3474 3528 ξόδας,

2207 3504 2395 3559 Πύθοι’
2423 3504 2507 3575 ἃν,
2543 3505 2658 3563 οὐδ’
2681 3501 2726 3563 εἶ
2759 3504 2932 3581 δεσμᾶ
2961 3501 3148 3562 πάπτα
3176 3501 3490 3583 προϐάλοις

437 3616 502 3666 ut
527 3611 674 3668 dicit
702 3612 766 3667 in
798 3611 1084 3684 tragoedia
1112 3613 1338 3667 femina
1382 3629 1444 3667 se
1484 3629 1696 3685 gerens
1727 3611 1994 3668 viriliter.
2027 3612 2093 3666 Et

2208 3606 2428 3686 ἀφόϐως
2488 3611 2851 3688 ἀνδριζομὲνη
2903 3614 3048 3690 παρᾶ
3076 3618 3145 3689 τῇ
3198 3612 3483 3691 τραγῳδία
3515 3613 3664 3688 λὲγει
3707 3609 3851 3687 γυνή.

437 3700 756 3772 Antigone,
806 3701 1077 3756 Creontis
1127 3701 1389 3757 edictum
1417 3700 1781 3773 despiciens,
1818 3701 1965 3757 dicit
1994 3717 2093 3757 au-

2208 3701 2274 3756 "H
2319 3722 2378 3757 τε
2404 3703 2691 3777 Ἀντιγόνη
2749 3708 2848 3760 τοῦ
2906 3704 3228 3780 Κρεοντείου
3286 3706 3706 3783 καταφρονοῦσα
3758 3719 3852 3770 κη·-

437 3788 646 3846 dacter
669 3807 682 3844 :

2209 3789 2510 3867 ρύγματος,
2545 3793 2816 3866 θαρσοῦσά
2846 3799 3031 3869 φησιν⁶

544 3898 667 3953 Non
699 3897 812 3953 hac
841 3898 1066 3954 deorum
1084 3897 1296 3969 quippe
1319 3915 1420 3954 rex
1451 3900 1722 3955 edixerat.

2209 3897 2286 3956 Οὔ
2336 3900 2440 3975 γάρ
2495 3900 2546 3955 τί
2609 3922 2704 3975 μοι
2762 3902 2889 3964 Ζεὺς
2946 3903 3014 3972 ἧν
3074 3903 3101 3958 ὁ
3160 3903 3450 3975 κηρύσσων
3513 3903 3628 3979 (49)
3693 3895 3857 3955 τάδε.

441 4003 554 4060 Sed
571 4006 725 4061 Deus
746 4005 917 4062 nobis
937 4005 1138 4075 edicit,
1160 4005 1334 4077 eique
1359 4011 1448 4062 est
1464 4006 1797 4079 parendum
1823 4025 1836 4062 :
1865 4028 1889 4059 ε
1911 4007 2098 4064 Corde

441 4093 604 4168 enim
636 4094 900 4152 creditur
919 4095 994 4152 ad
1016 4096 1338 4168 justitiam,
1368 4113 1468 4153 ore
1491 4102 1691 4152 autem
1714 4097 1782 4153 ﬁt
1801 4097 2097 4154 confessio

2209 4005 2341 4069 Θεὸς
2373 4003 2431 4062 δὲ
2460 4008 2595 4080 ἡμῖν
2629 4009 2913 4083 κηρύσσει,
2961 4010 3053 4066 καὶ
3101 4009 3317 4066 πιστὲον
3380 4010 3552 4084 αὐτῷ·
3609 4034 3636 4063 ‹‹
3670 4001 3861 4083 Καρδίᾳ

2207 4098 2312 4173 γὰρ
2365 4097 2675 4153 πιστεύεται
2724 4099 2800 4161 είς
2857 4097 3229 4171 δικαιοσύνην·
3277 4101 3513 4175 στόματι
3571 4097 3632 4156 δὲ
3662 4094 3858 4172 ὁμολο-

509 4213 938 4292 119.53an
973 4215 1272 4292 POTTER:
1293 4216 1568 4292 (a)_llom.
1601 4232 1719 4284 vni,
1750 4217 1838 4285 24,
1873 4218 1962 4272 25.
1987 4216 2066 4288 (δ)

2208 4222 2300 4272 :tr.
2334 4234 2420 4287 ιιι,
2455 4220 2543 4290 14,
2577 4218 2663 4290 15,
2694 4220 2780 4286 16,
2816 4221 2902 4275 17.
2937 4219 3007 4292 (c)
3031 4218 3145 4276 lsa.
3179 4237 3332 4289 Lvm,
3366 4223 3417 4275 9.
3453 4221 3579 4292 (d)l
3611 4222 3762 4275 Petr.
3793 4231 3858 4281 Iv,

442 4289 529 4357 12,
563 4287 650 4353 13,
685 4287 771 4340 14.
796 4284 866 4358 (e)
897 4287 1065 4341 Rom.
1096 4303 1214 4354 vin,
1247 4287 1337 4353 36,
1367 4287 1462 4347 37.

509 4400 621 4472 (39)
650 4397 904 4472 Χριστόν.
933 4397 1088 4472 Θεόν,
1120 4401 1276 4455 Petr.

2282 4404 2394 4476 (46)
2427 4401 2700 4479 Καθάπερ.
2753 4404 2962 4476 Καθώς,
3016 4409 3210 4476 Rom.,
3243 4407 3343 4463 ubi
3384 4424 3526 4464 mox
3568 4403 3721 4462 ἕνεκα
3765 4419 3859 4478 pro

510 4468 625 4544 (40)
652 4468 849 4545 ζᾹλλᾶ.
881 4471 1065 4545 Abest
1094 4488 1128 4527 a
1158 4474 1332 4545 Petro
1368 4489 1380 4526 :
1415 4474 1574 4545 apud
1619 4490 1797 4545 quem
1856 4491 2014 4541 mox,
2043 4472 2093 4528 ἐν

2210 4471 2266 4530 ἲν
2275 4468 2388 4530 εκεν
2399 4518 2411 4530 .

437 4539 898 4634 ιῖζῦξαταλαέὤσιν
951 4543 1102 4634 ὑμῖον
1153 4539 2096 4634 ὡς,κακοποιῶν’κατριισχυνθῷσιν
2244 4547 3088 4634 ’(47)“Ἐκπύθεσθαι.ΙΜδ.Ιὶῐιι
3139 4547 3462 4634 ξκπυθὲσθαι
3525 4558 3710 4624 temp.
3771 4563 3863 4631 ao.—

439 4612 490 4666 σι
522 4612 918 4695 ἐπηρεάζοντες
974 4612 1127 4688 ὑμῶν
1177 4617 1276 4685 τήν
1327 4617 1536 4692 ἀγαθήν
1586 4616 1637 4673 ἐν
1696 4612 1916 4695 Χριστῷ
1968 4618 2093 4672 ἀναο

2210 4612 2676 4695 ι’ίεὶοίδγωιοιιε.
2709 4623 2772 4678 Id
2795 4623 2973 4678 etiam
3008 4623 3206 4678 Grotio
3237 4612 3463 4695 placuit
3493 4625 3558 4680 in
3588 4612 3864 4695 Eicerptis

440 4693 706 4762 στροφήν·
1747 4693 1754 4695 “
2208 4709 2238 4747 e
2266 4694 2565 4774 tragaediis
2597 4694 2806 4751 incert.
2840 4713 2897 4767 p.
2931 4697 3055 4766 461,
3081 4711 3198 4766 quo
3227 4693 3359 4752 loco
3391 4696 3521 4753 haec
3554 4698 3640 4752 sic
3671 4693 3862 4751 Latine

512 4761 624 4833 (41)
657 4756 907 4830 Θὲλημα.
943 4756 1122 4829 Θὲλει,
1154 4763 1310 4816 Petr.
2045 4831 2052 4833 ξ
2127 4724 2176 4788 D
2210 4771 2420 4820 vertit:

896 4799 907 4812 .
943 4780 1122 4820 υεΛει,
1154 4780 1310 4816 retr.
2127 4780 2169 4788 ’
2210 4780 2420 4820 vertit:

512 4779 624 4833 (ιιι)
657 4779 907 4830 σεΛημα.
943 4779 1122 4829 causa,
1154 4779 1310 4816 retr.

509 4832 626 4901 (42)
658 4834 948 4904 Δυνάμεις,
984 4834 1249 4904 Respicit
1294 4835 1488 4904 Ephes
1537 4851 1612 4899 v1,
1667 4837 1769 4889 12:
1823 4834 1946 4889 ’Ότι
2001 4831 2103 4887 οὐκ

441 4896 586 4979 ἔστιν
611 4896 751 4979 ημῖν
852 4896 1174 4979 πάλη-πρᾏς
1207 4896 1358 4979 τιιῖμςι⁵
1389 4904 1478 4958 καὶ
1519 4896 1721 4979 σάρκα,
1772 4905 1919 4960 ἀλλὰ
1964 4905 2101 4979 πρὸς

437 4974 531 5035 τὰς
563 4974 762 5051 ἀρχὰς,
793 4976 932 5052 πρὸς
970 4974 1383 5052 τὰςἠἐξουσίας,
1434 4977 1570 5052 πρὸς
1599 4974 1748 5052 ’τοὺς
1793 4974 2099 5052 κοσμικρά-

438 5044 730 5123 τοραςίίῖοῦ
769 5044 1122 5123 σκότους-τοῦ
1152 5044 1350 5123 αἰῶνος
1371 5044 1614 5123 (τούτου,
1641 5050 1780 5123 πρὸς
1823 5044 1912 5105 τόί
1939 5044 2097 5104 πνευ·

443 5117 643 5191 ματικὰ
670 5123 771 5194 τῆς
801 5119 1070 5192 πονηρίας
1101 5117 1155 5194 ἐν
1184 5125 1301 5179 τοῖς
1334 5117 1688 5194 ἐπουρανίοιςξ

513 5193 628 5264 (43)
683 5193 776 5264 Τῷ
830 5189 1237 5265 παντοκρᾴτορι
1296 5189 1407 5265 καὶΔ
1443 5189 1522 5263 τῷ
1577 5191 1802 5265 Κυρίῳ.
1861 5197 2098 5252 Patrem

438 5262 801 5336 peCulariter
845 5262 1255 5336 παντοκράτορα
1295 5263 1458 5319 dicit.
1499 5262 1670 5319 (Alibi.
1698 5262 1897 5321 tamen
1929 5267 2097 5322 Chri—

437 5334 595 5391 Stum
628 5335 806 5391 etiam
865 5334 1281 5409 παντοκρᾲτορα
1323 5340 1528 5409 vocat:
1587 5340 1927 5409 uthaedag.
1985 5339 2092 5394 lib.

434 5422 518 5476 ιιι,
551 5412 769 5483 cap._7,
803 5425 860 5479 p.
893 5409 997 5483 236
1038 5405 1179 5483 edit.
1215 5405 1397 5483 'Panris
1447 5405 1736 5483 Ἀνενδεῂς
1764 5405 1891 5483 γᾶρί
1915 5410 1964 5483 ὁῗ
2001 5410 2092 5464 τὸν

430 5473 849 5556 παντοκράτορα
897 5477 1025 5533 Θεὸν
1075 5478 1249 5556 ᾼόγον
1299 5473 1468 5556 ἔχων.
1521 5473 2097 5556 ((_Nulli11's'indiget

432 5553 533 5625 qui
566 5551 1043 5625 omnipotentem
1075 5553 1261 5625 Deum
1307 5551 1505 5625 Logon
1553 5551 1753 5608 habet.
1790 5576 1818 5603 ››
1879 5551 2094 5610 Verum

429 5618 549 5697 Hac
572 5624 644 5697 de
675 5618 757 5679 re'
771 5624 920 5697 alias
952 5624 1128 5697 plura
1159 5618 1439 5679 diximus.

2285 4875 2413 4949 Qua:
2444 4877 2715 4930 sciscitari
2755 4877 2820 4932 de
2849 4893 2968 4932 meo
2998 4880 3078 4933 vis
3103 4885 3346 4949 pectore,
3402 4923 3404 4926 .

2281 4948 2401 5023 1)(οη
2431 4949 2478 5001 si
2509 4964 2707 5023 cremes
2739 4967 2843 5016 me,
2877 4957 2974 5005 aut
3001 4948 3164 5005 dente
3190 4954 3239 5006 si
3265 4954 3405 5020 ferri
3437 4969 3639 5023 aspero

2279 5019 2433 5073 Seces
2464 5019 2537 5074 ad
2566 5023 2700 5077 imos
2719 5024 2933 5094 (vertice
2964 5039 2997 5076 (ι
3036 5039 3244 5078 summo
3266 5019 3456 5094 pedes,

2207 5093 2327 5147 Non
2359 5097 2556 5146 cuncta
2585 5093 2767 5148 vincla
2796 5096 2843 5148 si
2872 5111 3130 5164 aggeras,
3164 5093 3455 5165 intelliges.

2211 5198 2310 5253 His
2345 5197 2566 5254 similia
2597 5205 2737 5256 sunt
2779 5202 2886 5257 illa
2943 5203 3202 5268 Senecae,
3237 5204 3409 5268 epist.
3463 5206 3532 5258 88
3567 5221 3579 5259 :
3643 5227 3671 5255 ‹‹
3704 5201 3863 5258 Fides

2211 5270 2655 5345 sanctissimum
2688 5274 2935 5330 humani
2968 5275 3227 5345 pectoris
3269 5270 3495 5331 bonum
3531 5283 3664 5344 est;
3707 5273 3866 5331 nulla

2208 5344 2565 5419 necessitate
2598 5344 3034 5419 adifallendu’m
3061 5348 3310 5419 cogitur,
3338 5347 3505 5404 nullo
3535 5345 3861 5417 corrumpi-

2207 5421 2305 5492 t_ur
2335 5417 2621 5492 praemio:
2675 5417 2808 5483 Ure,
2842 5419 3058 5492 inquit,
3093 5417 3277 5487 caade,
3310 5420 3536 5486 occide,
3573 5437 3698 5477 non
3729 5435 3859 5492 pro-

2205 5487 2382 5564 dam:
2419 5488 2523 5542 sed
2544 5505 2682 5564 _quo
2732 5487 2945 5564 magis
2972 5496 3202 5547 secreta
3251 5498 3479 5564 quaeret
3527 5487 3863 5559 dolorfhoc

2206 5559 2387 5615 altius
2409 5559 2686 5618 condam.
2724 5584 2744 5611 ιι

2299 5633 2388 5702 48)
2423 5625 2758 5708 Προϐάλοις.
2807 5632 3203 5690 Scribendum
3253 5652 3389 5690 cum
3438 5637 3667 5706 Grotio,
3699 5652 3865 5712 προσ-

504 5693 614 5762 (44)
651 5699 759 5747 Σοῦ
793 5693 924 5751 λαλ.
953 5693 1274 5757 λαλοῦντος
1308 5697 1426 5763 σοῦ,
1457 5695 1572 5763 Isa.
1890 5762 1898 5763 ί
2205 5693 2424 5763 ϐάλοις.

432 5764 617 5887 8,(43)
649 5769 864 5844 ξαρῆτε
894 5766 1094 5839 ἀγαλλ.
1133 5773 1359 5854 Χαρῆκε
1387 5762 1823 5895 ἀΙαλλιώμενοιο
1858 5762 1906 5821 εἰ
1938 5763 2091 5822 ὀνει-

492 5833 548 5899 ζε
619 5851 644 5887 ι
672 5853 725 5889 εν
758 5835 989 5899 ὀνόματι
1018 5855 1273 5899 ιτριστου.
1309 5857 1422 5899 nam
1458 5856 1512 5899 ρ.
1544 5839 1702 5897 Petr.

2208 5776 2390 5899 46(⁵49)
2445 5773 2768 5850 Κηρύσσων.
2829 5775 3109 5854 Κήρύξας,
3169 5778 3494 5852 Sophocles
3555 5782 3762 5856 Antig.
3813 5793 3864 5834 v.

859 5856 989 5910 ματι
1018 5843 1273 5913 χριστοῦ,
1308 5843 1512 5915 μακάρ.
1544 5843 1702 5897 Petr.
2205 5843 2336 5905 460.
