4138 6414
402 400 541 459 1271

1643 400 2057 458 CLMNTIB
2091 399 2596 459 ALBIANDBINI

3631 351 3640 363 l
3688 401 3821 459 1272

403 532 549 594 tem,
584 541 718 598 qum
749 523 941 581 excita
1000 521 1076 580 ad
1119 521 1441 592 Christum,
1476 524 1630 580 sicut
1666 524 1948 592 virorum,
1981 524 2065 580 ita
2093 560 2105 592 λ

2213 523 2318 587 ίας.
2347 522 2538 592 Μεστὴ
2573 522 2667 598 μὲν
2728 519 2822 578 οὖν
2874 523 3019 578 πᾶσα
3048 522 3084 593 ἡ
3131 518 3431 594 Ἐκκλησία
3455 524 3563 579 τῶν
3596 523 3820 598 μελετη-

408 618 590 673 etiam
621 615 941 672 mulierum
1000 613 1489 686 temperantium.
1552 613 1715 669 Licet
1759 614 1836 679 ei,
1868 613 1971 685 qui
1999 630 2071 669 ex

2180 614 2388 670 σάντων
2422 613 2515 669 τὸν
2551 615 2802 690 ζώπυρον
2857 614 3086 677 θάνατον
3138 612 3217 669 sic
3277 615 3513 691 Χριστὸν
3543 616 3668 691 παρ’
3697 615 3817 671 ὅλον

413 723 579 762 more
612 710 814 760 nostro
848 703 1023 758 vitam
1070 703 1353 770 instituit,
1388 704 1566 759 etiam
1597 704 1823 775 absque
1855 704 2074 759 litteris

2214 705 2272 760 ὸν
2332 704 2475 780 βίον,
2529 706 2770 779 καθάπερ
2830 702 3061 779 ἀνδρῶν,
3121 703 3265 758 οὕτω
3318 701 3377 760 ὂὶ
3423 703 3514 759 καὶ
3568 710 3825 781 γυναικῶν

412 793 842 868 philosophari,
871 809 973 848 seu
997 792 1073 847 sit
1092 792 1406 862 barbarus,
1427 811 1531 848 seu
1555 795 1812 861 Graacus,
1833 810 1937 850 seu
1957 810 2079 849 ser-

411 902 539 953 vus,
572 901 677 939 seu
710 900 912 949 senex,
947 899 1050 938 seu
1082 882 1341 955 puellus,
1377 900 1481 939 seu
1511 883 1748 939 mulier.
1783 886 1884 938 Est
1914 884 2077 939 enim

412 972 813 1044 temperantia
837 971 1174 1026 communis
1190 970 1461 1025 omnium
1480 971 1921 1042 hominum,qui
1946 987 2077 1025 eam

410 1062 756 1134 delegerint.
775 1062 870 1114 Est
891 1064 1087 1115 autem
1107 1059 1264 1132 apud
1284 1076 1392 1114 nos
1411 1066 1574 1114 extra
1594 1059 2077 1126 controversiam,

415 1151 688 1209 eamdem
726 1155 1004 1205 naturam
1043 1149 1107 1203 in
1145 1166 1507 1220 unoquoque
1545 1165 1781 1222 genere,
1808 1148 2080 1204 eamdem

420 1242 600 1296 etiam
621 1240 843 1295 habere
865 1239 1162 1293 virtutem.
1205 1240 1332 1292 Non
1363 1237 1541 1293 aliam
1566 1254 1702 1311 ergo
1727 1237 1944 1293 habere
1975 1254 2080 1292 na-

427 1336 621 1387 turam
644 1330 878 1389 mulier.
906 1329 1065 1400 quod
1097 1329 1309 1383 attinet
1329 1328 1403 1383 ad
1424 1328 2081 1399 humanitatem,’aliam

418 1438 556 1476 vero
590 1419 820 1474 videtur
840 1420 927 1473 vir
950 1418 1189 1481 habere,
1211 1418 1315 1472 sed
1344 1417 1616 1474 eamdem
1641 1435 1653 1474 :
1687 1435 1871 1489 quare
1903 1418 2083 1474 etiam

427 1510 725 1567 virtutem.
759 1507 925 1574 Quod
957 1508 1007 1562 si
1038 1508 1145 1562 viri
1175 1507 1380 1591 utique
1410 1507 1595 1563 virtus
1627 1513 1717 1562 est
1745 1514 2084 1579 temperan-

422 1599 527 1666 tia,
556 1605 615 1655 et
634 1598 892 1671 justitia,
927 1603 988 1654 et
1014 1613 1388 1668 quascunque
1419 1597 1527 1652 has
1561 1597 1848 1669 consequi
1878 1597 2084 1653 existi—

423 1695 689 1756 mantur,
724 1696 849 1743 tum
883 1687 995 1743 soli
1043 1687 1167 1741 viro
1222 1686 1500 1742 convenit
1529 1702 1660 1742 esse
1692 1686 1905 1741 virtute
1932 1703 2083 1759 prae-

429 1780 655 1847 ditum;
684 1776 925 1833 mulieri
955 1793 1112 1842 vero,
1148 1792 1279 1831 esse
1309 1776 1811 1847 intemperantem
1843 1781 1902 1829 et
1926 1775 2086 1847 inju-

2181 794 2478 870 σωφρόνων
2513 798 2646 863 (97).
2679 794 2889 866 Ἔξεστι
2943 791 3046 868 γάρ
3094 797 3175 866 τῷ
3223 794 3339 858 καθ’
3364 795 3513 865 ἡμᾶς
3544 791 3828 850 πολιτευο-

2188 882 2335 956 μὲνῳ
2391 881 2481 938 καὶ
2540 879 2664 936 ἄνευ
2719 879 3058 957 γραμμάτων
3121 879 3462 960 φιλοσοφεῖν,
3492 878 3587 936 κᾶν
3625 877 3828 959 βάρϐα-

2185 992 2279 1047 ρος
2311 974 2421 1045 (98)
2453 970 2511 1046 ᾖ,
2540 970 2635 1026 κᾶν
2681 967 2919 1042 Ἕλλην,
2977 970 3073 1026 κᾶν
3133 967 3353 1038 δοῦλος,
3382 968 3482 1026 κᾶν
3514 970 3707 1047 γέρων,
3737 970 3828 1028 κᾶν

2185 1058 2430 1130 παιδίον,
2462 1060 2558 1115 κᾶν
2584 1062 2743 1136 γυνή·
2796 1061 2955 1130 κοινὴ
3016 1059 3116 1135 γὰρ
3176 1062 3428 1116 ἁπάντων
3484 1065 3592 1116 τῶν
3626 1062 3830 1138 ἀνθρώ-

2185 1172 2328 1224 πων,
2358 1154 2468 1206 τῶν
2535 1172 2597 1226 γε
2644 1149 2943 1224 ἑλομένων,
2991 1152 3026 1220 ἡ
3084 1149 3432 1229 σωφροσύνη.
3466 1149 3830 1226 Ὦμολόγηται

2188 1239 2235 1297 δ’
2283 1243 2418 1314 ἡμῖν
2477 1242 2575 1309 τήν
2636 1238 2802 1308 αὐτὴν
2862 1260 3018 1318 φυσιν
3068 1240 3205 1295 κατά
3260 1236 3417 1316 γένος
3465 1235 3710 1310 ἕκαστον,
3739 1241 3831 1310 τήν

2188 1333 2355 1402 αὐτὴν
2388 1332 2477 1387 καὶ
2512 1329 2690 1408 ἴσχειν
2720 1332 2935 1407 ἀρετήν.
2989 1329 3100 1387 Ούκ
3155 1329 3337 1402 ἄλλην
3372 1331 3551 1387 τοίνυν
3583 1333 3717 1408 πρὸς
3743 1333 3835 1402 τὴν

2188 1421 2590 1496 ἀνθρωπότητα
2618 1421 2776 1498 φύσιν
2811 1418 2927 1496 ἔχει
2951 1422 3062 1494 (99)
3084 1422 3118 1490 ἡ
3141 1420 3299 1495 γυνὴ,
3324 1419 3505 1491 ἄλλην
3549 1417 3609 1476 δὲ
3645 1421 3674 1476 ὁ
3705 1421 3833 1497 ἀνὴρ

2190 1512 2459 1589 φαίνεται,
2490 1506 2618 1565 ἀλλ’
2673 1508 2710 1579 ἢ
2762 1511 2863 1579 τὴν
2918 1507 3109 1579 αὐτην*
3170 1506 3309 1564 ὥστε
3354 1508 3445 1564 καὶ
3494 1509 3592 1579 τὴν
3624 1510 3834 1582 ἀρετήν.

2190 1602 2253 1662 Ei
2287 1600 2345 1657 δὲ
2374 1600 2566 1678 ἀνδρὸς
2599 1600 2765 1677 ἀρετή
2797 1598 3127 1678 σωφροσύνη
3171 1597 3466 1671 δήπουθεν,
3510 1600 3603 1655 καὶ
3634 1597 3837 1656 δικαιο-

2193 1694 2353 1761 σύνη,
2385 1690 2476 1746 καὶ
2520 1690 2641 1746 ὃσαι
2678 1687 2899 1752 ταύταις
2952 1687 3250 1753 ἀκόλουθοι
3303 1694 3651 1763 νομιζονται,
3693 1686 3837 1763 ἀνδρὶ

2197 1781 2350 1855 μόνῳ
2382 1778 2618 1852 ἐναρὲτῳ
2671 1777 2806 1834 εἶναι
2857 1779 3149 1852 προσήκει,
3207 1776 3421 1853 γυναικὶ
3471 1774 3530 1833 δὲ
3560 1776 3839 1851 ἀκολάστῳ

426 1874 600 1925 stam.
635 1866 814 1937 Atqui
844 1871 1018 1937 turpe
1047 1870 1138 1920 est
1165 1866 1277 1920 hoc
1295 1864 1387 1920 vel
1408 1865 1605 1920 dicere
1633 1882 1645 1919 :
1674 1865 2086 1936 temperantia)

2213 1870 2286 1925 ιαὶ
2319 1866 2511 1941 ἀδίκῳ.
2543 1866 2716 1924 Ἀλλὰ
2763 1867 3001 1943 ἀπρεπὲς
3049 1867 3211 1922 τοῦτο
3259 1868 3345 1922 καὶ
3396 1865 3580 1942 λέγειν
3634 1888 3840 1947 σωφρο-

431 1974 569 2029 ergo
603 1960 661 2011 et
682 1955 955 2027 justitiae,
981 1960 1040 2010 et
1060 1954 1290 2010 caeteris
1311 1953 1628 2010 virtutibus
1652 1954 1931 2010 similiter
1961 1954 2087 2026 qui-

432 2046 572 2103 dem
603 2045 795 2100 virum
824 2049 883 2100 et
912 2043 1250 2112 mulierem,
1283 2044 1541 2100 liberum
1572 2050 1634 2101 et
1661 2060 1919 2114 servum,
1951 2060 2090 2117 ope-

436 2152 569 2192 ram
590 2139 824 2207 oportet
842 2133 983 2189 dare
1008 2154 1024 2201 ;
1051 2133 1538 2206 quandoquidem
1560 2134 1832 2205 ejusdem
1860 2134 2094 2189 virtutis

439 2240 690 2298 capaces
712 2227 1016 2288 sunt,cum
1040 2222 1309 2295 ejusdem
1329 2229 1557 2279 natura)
1580 2224 1716 2279 sint.
1729 2221 2097 2295 Atqui,quod

441 2316 519 2372 sit
548 2313 793 2387 quidem
824 2313 1034 2369 eadem
1065 2318 1279 2369 natura
1306 2314 1547 2369 feminea
1575 2329 1707 2385 quae
1734 2313 1862 2382 viri,
1889 2317 2096 2384 quate-

437 2422 552 2462 nus
585 2410 676 2460 est
701 2404 947 2476 femina,
972 2421 1094 2460 non
1125 2403 1411 2471 dicimus;
1434 2404 1682 2460 omnino
1701 2404 1861 2461 enim
1892 2420 2100 2460 conve-

438 2497 532 2552 nit
559 2495 799 2566 utrique
824 2510 1032 2550 eorum
1052 2499 1119 2549 ut
1143 2494 1343 2550 aliena
1365 2494 1523 2549 inter
1542 2510 1644 2550 eos
1666 2493 2003 2551 differentia
2023 2493 2100 2548 sit

438 2602 546 2658 per
575 2600 753 2657 quam
776 2600 962 2640 unum
986 2583 1230 2656 quidem
1250 2600 1454 2639 eorum
1478 2583 2097 2651 femineum,alterum

439 2691 576 2730 vero
604 2673 939 2730 masculum
999 2673 1249 2730 dicatur.
1313 2674 1557 2729 Uterum
1615 2690 1753 2747 ergo
1781 2677 2011 2744 gestare
2042 2675 2103 2726 et

440 2780 673 2837 parere,
716 2762 958 2818 feminas
989 2762 1200 2819 adesse
1249 2762 1528 2832 dicimus,
1570 2768 1866 2834 quatenus
1898 2768 1989 2818 est
2017 2761 2103 2817 fe-

443 2853 630 2920 mina,
663 2869 785 2907 non
820 2856 1116 2924 quatenus
1146 2857 1237 2907 est
1261 2852 1460 2908 homo.
1486 2852 1543 2907 Si
1566 2858 1765 2908 autem
1794 2851 1903 2907 viri
1935 2857 1995 2907 et
2018 2850 2103 2906 fe-

447 2942 625 2997 minae
651 2941 819 2997 nulla
840 2946 997 2996 esset
1020 2940 1379 3004 differentia,
1399 2947 1649 3013 uterque
1670 2958 1877 2996 eorum
1894 2940 2104 2996 eadem

447 3037 650 3102 ageret
688 3035 745 3085 et
774 3034 1096 3102 pateretur.
1130 3032 1432 3095 Quatenus
1482 3046 1618 3103 ergo
1676 3035 1766 3085 est
1795 3029 2003 3085 eadem
2038 3045 2106 3084 eo

453 3120 613 3191 quod
642 3119 860 3175 habeat
888 3118 1159 3174 eamdem
1189 3119 1475 3191 animam,
1507 3120 1705 3176 veniet
1730 3120 1803 3175 ad
1834 3118 2107 3175 eamdem

448 3210 769 3276 virtutem;
804 3214 1098 3280 quatenus
1154 3215 1350 3264 autem
1410 3209 1641 3266 diversa
1696 3227 1801 3282 per
1839 3209 2110 3282 praprie-

456 3304 638 3355 tatem
669 3267 957 3370 corporis,
975 3298 1049 3354 ad
1071 3304 1239 3354 utero
1261 3299 1578 3371 gestandos
1609 3298 1671 3363 ›ι‹
1696 3267 1874 3367 fetus,
1902 3267 1969 3355 et
1985 3315 2106 3355 ser-
2137 3267 2181 3336 α

453 3388 708 3444 vandam
739 3388 1003 3444 domum.
1040 3410 1069 3441 «
1102 3389 1245 3444 Volo
1277 3411 1305 3438 »
1335 3389 1518 3456 enim,
1549 3390 1745 3460 inquit
1768 3389 2106 3461 Apostolus,

455 3502 482 3529 «
519 3496 618 3533 vos
651 3478 825 3547 scire,
860 3476 1021 3549 quod
1052 3478 1312 3550 cujusvis
1342 3478 1451 3533 viri
1482 3486 1661 3551 caput
1700 3486 1789 3536 est
1818 3479 2109 3548 Christus,

455 3572 634 3640 caput
662 3574 865 3623 autem
909 3568 1180 3623 mulieris
1239 3569 1345 3625 vir.
1407 3572 1535 3625 Non
1594 3574 1684 3624 est
1736 3569 1893 3624 enim
1926 3570 2013 3623 vir
2042 3585 2114 3625 ex

456 3658 732 3724 muliere,
764 3657 869 3713 sed
898 3658 1117 3713 mulier
1149 3674 1221 3713 ex
1250 3657 1394 3713 viro.
1427 3658 1540 3713 Sed
1571 3674 1766 3729 neque
1786 3657 2003 3713 mulier
2025 3663 2116 3714 est

460 3752 733 3818 separata
762 3762 798 3801 a
825 3746 973 3814 viro,
1003 3762 1200 3818 neque
1231 3748 1320 3802 vir
1367 3753 1676 3818 separatus
1707 3764 1743 3802 a
1769 3748 2021 3802 muliere
2052 3748 2115 3803 in

458 3837 710 3891 Domino
732 3836 831 3908 (a).
864 3858 892 3885 »
916 3836 1079 3891 Sicut
1108 3835 1269 3892 enim
1299 3837 1491 3891 virum
1519 3852 1647 3892 esse
1680 3842 2115 3908 temperantem

460 3930 520 3981 et
549 3924 783 3980 vincere
813 3924 1144 3998 voluptates
1195 3929 1471 3996 oportere
1512 3923 1788 3996 dicimus,
1823 3926 1905 3981 ita
1935 3926 2117 3982 etiam

461 4031 777 4070 censemus
806 4015 1125 4070 mulierem
1147 4031 1278 4071 esse
1299 4021 1575 4086 oportere
1597 4020 2121 4088 temperantem,et

460 4104 523 4159 in
559 4121 756 4177 pugna
784 4104 1066 4161 adversus
1105 4104 1437 4175 voluptates
1478 4105 1879 4161 exercitatam.
1919 4127 1939 4155 ε
1977 4106 2143 4161 Dico-

461 4200 680 4259 autem,
718 4194 931 4265 spiritu
960 4192 1284 4260 ambulate,
1304 4201 1364 4249 et
1387 4192 1752 4251 desiderium
1775 4195 1970 4251 carnis
1997 4212 2119 4251 non

457 4282 788 4348 feceritis,»
814 4289 1177 4354 praeceptum
1202 4283 1463 4339 consulit
1478 4284 1899 4356 apostolicum:
1930 4286 2118 4341 «Caro

462 4371 623 4427 enim
646 4372 1016 4443 concupiscit
1035 4372 1319 4428 adversus
1339 4373 1637 4445 spiritum,
1653 4374 1896 4445 spiritus
1917 4381 2119 4430 autem

462 4460 744 4516 adversus
775 4477 1038 4518 carnem.
1071 4462 1207 4517 Haec
1237 4479 1373 4535 ergo
1406 4468 1812 4535 opponuntur,
1845 4485 1871 4513 η
1904 4479 2025 4518 non
2057 4469 2123 4519 ut

462 4549 688 4605 malum
718 4548 898 4618 bono,
934 4551 1038 4606 sed
1086 4557 1152 4607 ut
1199 4568 1331 4622 quae
1379 4558 1650 4625 pugnant
1678 4552 1928 4608 utiliter.
1962 4552 2118 4607 Sub-

2199 1959 2365 2030 σύνης
2423 1955 2515 2013 οὖν
2570 1954 2938 2032 ἐπιμελητέον
2995 1957 3084 2013 καὶ
3145 1954 3518 2028 δικαιοσύνης,
3604 1957 3694 2013 καὶ
3748 1964 3841 2027 τῆς

2200 2046 2379 2118 ἄλλης
2414 2047 2611 2124 ἀρετῆς
2655 2046 2892 2118 ἁπάσης,
2952 2044 3161 2120 ὁμοίως
3217 2046 3311 2120 μὲν
3370 2046 3612 2121 γυναικὶ,
3644 2046 3842 2121 ὁμοίως

2202 2135 2260 2194 δὲ
2308 2133 2485 2212 ἀνδρὶ,
2536 2132 2805 2210 ἐλευθέρῳ
2858 2155 2917 2191 τε
2972 2136 3061 2190 καί
3118 2132 3322 2208 δούλῳ*
3356 2132 3546 2206 ἐπειδὴ
3583 2134 3730 2210 μίαν,
3758 2135 3841 2191 καὶ

2200 2227 2299 2296 τὴν
2337 2225 2503 2295 αὐτὴν
2557 2224 2753 2301 ἀρετὴν
2811 2224 2947 2280 εἶναι
3000 2230 3104 2296 τῆς
3161 2223 3330 2294 αὐτῆς
3388 2222 3603 2304 φύσεως
3653 2220 3845 2299 συμϐἑο

2203 2311 2390 2387 ὅηκεν.
2424 2316 2504 2372 Τὸ
2537 2314 2633 2389 μὲν
2684 2315 2869 2369 τοίνυν
2920 2313 3021 2383 τὴν
3073 2311 3240 2383 αὐτὴν
3284 2314 3418 2370 εῖναι
3449 2313 3610 2391 φύσιν
3636 2319 3733 2371 τοῦ
3761 2315 3850 2386 θή-

2205 2403 2331 2468 λεος
2388 2404 2528 2479 πρὸς
2582 2404 2644 2459 τὸ
2699 2400 2883 2481 ἄρῥεν,
2941 2403 3075 2469 καθὸ
3129 2401 3273 2474 θῆλύ
3334 2401 3501 2473 ἐστιν,
3547 2401 3617 2459 οὖ
3666 2405 3851 2481 φαμὲνο

2205 2498 2424 2558 πάντως
2463 2492 2569 2570 γὰρ
2625 2513 2748 2549 τινα
2803 2493 2895 2549 καὶ
2954 2488 3217 2570 διαφορὰν
3278 2492 3544 2570 ὑπάρχειν
3595 2495 3855 2569 προσῆκεν

2206 2585 2446 2659 ἑκατέρῳ
2472 2583 2705 2652 τούτων,
2768 2579 2839 2639 δι’
2894 2583 2962 2653 ἢν
3017 2583 3079 2638 τὸ
3139 2583 3235 2658 μὲν
3297 2582 3441 2653 θῆλυ
3483 2583 3684 2655 αὐτῶν,
3713 2585 3774 2639 τὸ
3802 2580 3853 2639 δὶ

2208 2674 2367 2753 ἅῤῥεθ
2399 2672 2633 2750 γένονεν·
2688 2673 2753 2729 τὸ
2810 2676 2942 2750 γοῦν
2991 2678 3280 2753 κυοφορεῖν
3341 2671 3432 2729 καὶ
3470 2673 3534 2729 τὸ
3563 2674 3763 2730 τίκτειν
3791 2674 3854 2745 τῇ

2207 2763 2421 2842 γυναικὶ
2478 2761 2765 2835 προσεῖναί
2821 2783 3017 2840 φαμεν,
3070 2763 3204 2818 καθὸ
3251 2761 3448 2832 θήλεια
3494 2761 3774 2840 τυγχάνει,
3800 2759 3855 2817 οὗ

2209 2853 2345 2909 καθὸ
2378 2851 2687 2929 ἅνθρωπος.
2714 2851 2777 2909 Εἰ
2810 2849 2868 2906 δὲ
2899 2848 3072 2925 μηδὲν
3093 2851 3161 2920 ἦν
3189 2853 3252 2907 τὸ
3282 2847 3543 2930 διάφορον
3566 2849 3759 2924 ἀνδρὸς
3778 2849 3859 2906 καὶ

2210 2941 2484 3019 γυναικὸς,
2543 2940 2610 2996 τὰ
2669 2940 2809 2995 αὐτὰ
2867 2938 2929 2994 ἂν
2971 2939 3221 3017 ἑκάτερον
3283 2939 3460 2995 αὐτῶν
3522 2942 3603 3015 (1)
3657 2936 3785 3014 ἕδρα
3809 2957 3863 2994 τε

2211 3029 2304 3085 καὶ
2337 3028 2593 3105 ἔπασχεν.
2636 3033 2706 3098 ᾜ
2768 3029 2862 3102 μὲν
2916 3028 3095 3083 τοίνυν
3155 3026 3348 3085 ταυτόν
3383 3027 3495 3084 ἐστι
3526 3029 3665 3095 καθὸ
3694 3029 3860 3104 ψυχή,

2212 3120 2383 3193 ταύτῃ
2440 3117 2529 3173 ἐπὶ
2585 3119 2684 3187 τήν
2744 3116 2912 3186 αύτὴν
2974 3116 3215 3197 ἀφίξεται
3274 3118 3491 3193 ἀρετήν·
3644 3115 3701 3174 δὲ
3755 3114 3864 3172 διά-

2220 3229 2411 3289 φορον,
2473 3209 2609 3263 κατὰ
2662 3213 2764 3277 τήν
2815 3212 2914 3263 τοῦ
2985 3206 3240 3281 σώματος
3303 3205 3575 3278 ἰδιότητα,
3638 3205 3726 3263 ἰπὶ
3778 3205 3863 3268 τὰς

2220 3302 2465 3371 κυήσεις,
2490 3297 2581 3353 καὶ
2610 3298 2710 3367 τήν
2745 3296 3043 3373 οἰκουρίαν.
3068 3323 3097 3349 ‹‹
3125 3296 3280 3354 Θὲλω
3302 3322 3332 3350 »
3353 3298 3456 3374 γὰρ
3482 3300 3565 3371 (2)
3603 3320 3626 3348 ι
3661 3300 3817 3371 ὑμᾶς,
3839 3316 3864 3346 ιο

2218 3388 2381 3467 φησὶν
2415 3390 2444 3443 ὁ
2475 3384 2836 3457 Ἀπόστολος,
2900 3412 2921 3439 ι
2975 3384 3174 3443 εἰδέναι
3232 3386 3319 3443 ὅτι
3367 3388 3575 3450 παντὸς
3622 3383 3863 3460 ἀνδρὸςή

2218 3476 2430 3557 κεφαλή
2490 3478 2518 3532 ὁ
2574 3477 2830 3554 Χριστός.
2887 3475 3102 3552 κεφαλὴ
3162 3473 3221 3532 δὲ
3272 3475 3531 3552 γυναικὸς
3562 3478 3593 3533 ὁ
3626 3471 3865 3550 ἀνήρ⁴οὖ

2219 3568 2323 3644 γὰρ
2364 3565 2505 3623 ἐστιν
2564 3565 2625 3622 ἐκ
2677 3566 2932 3643 γυναικὸς
2984 3566 3144 3642 ἀνὴρ,
3198 3564 3348 3622 ἀλλᾶ
3390 3567 3523 3643 γυνή
3575 3565 3631 3638 ἐξ
3661 3561 3865 3642 ἀνδρός.

2222 3657 2376 3727 Πλὴν
2412 3653 2537 3712 οὔτε
2565 3656 2704 3732 γυνή
2729 3655 2907 3732 χωρὶς
2929 3651 3149 3731 ἀνδρὸς,
3173 3652 3302 3711 οὔτε
3323 3655 3462 3731 ἀνὴρ
3485 3655 3668 3732 χωρὶς
3695 3673 3867 3732 γυναι-

2218 3746 2315 3811 κὸς
2369 3744 2422 3800 ἐν
2484 3744 2690 3822 Κυρίῳ.
2722 3768 2752 3798 η
2812 3746 2900 3807 Ὣς
2960 3746 3066 3820 γὰρ
3121 3744 3379 3821 σώφρονα
3428 3743 3521 3801 τὸν
3570 3741 3758 3818 ἄνδρα,
3786 3737 3868 3797 xci

2221 3838 2331 3890 τῶν
2362 3831 2575 3904 ἡδονῶν
2634 3832 2916 3911 κρείττονα
2972 3831 3083 3889 δεῖν
3140 3834 3275 3889 εἶναι
3336 3834 3532 3911 φαμὲν,
3596 3832 3739 3889 οὓτω
3789 3828 3869 3886 καὶ

2222 3924 2323 3994 τὴν
2373 3928 2604 3999 γυναῖκα
2655 3921 2911 4000 σώφρονά
2964 3944 3025 3979 τε
3075 3922 3287 3996 ὁμοίως
3343 3922 3677 3997 ἀξιώσαιμεν
3725 3921 3868 3989 εἶναι,

2224 4013 2315 4069 καὶ
2367 4012 2505 4088 πρὸς
2558 4014 2657 4075 τὰς
2722 4009 2926 4083 ἡδονὰς
2986 4009 3356 4088 διαμάχεσθαι
3415 4013 3862 4085 μεμελετηκυῖαν.

2227 4128 2254 4156 ‹‹
2287 4103 2444 4177 Λὲγω
2472 4099 2551 4175 δὲ,
2581 4101 2850 4175 πνεύματι
2877 4108 3246 4179 περιπατεῖτε,
3295 4104 3387 4158 καὶ
3430 4100 3720 4175 ἰπιθυμίαν
3753 4117 3867 4172 σαρ-

2227 4194 2321 4256 κὸς
2353 4193 2415 4248 οὐ
2468 4195 2544 4267 μὴ
2590 4190 2870 4264 τελέσητε,
2917 4216 2945 4246 ››
2997 4195 3032 4264 ἡ
3084 4190 3459 4261 Ἀποστολική
3520 4186 3869 4265 συμϐουλεύει

2230 4280 2450 4353 ἐντολή·
2494 4282 2610 4339 «Ἣ
2671 4281 2774 4356 γὰρ
2824 4281 2951 4355 σὰρξ
3011 4281 3270 4354 ἐπιθυμεῖ
3324 4280 3464 4336 κατὰ
3508 4285 3608 4336 τοῦ
3649 4276 3871 4351 πνεύμα-

2229 4393 2341 4442 τος,
2371 4373 2434 4427 τὸ
2465 4368 2522 4427 δὲ
2551 4375 2768 4444 πνεῦμα
2812 4373 2950 4427 κατὰ
2996 4378 3099 4443 τῆς
3147 4370 3364 4445 σαρκός.
3412 4372 3599 4428 Ταῦτα
3625 4368 3715 4425 οὖν
3743 4366 3873 4423 ἀντί-

2229 4482 2426 4531 κειται,
2456 4484 2485 4512 ››
2516 4459 2625 4535 οὐχ
2654 4460 2728 4523 ὡς
2760 4460 2928 4515 κακὸν
2975 4461 3179 4535 ἀγαθῷ,
3220 4458 3347 4516 ἀλλ’
3389 4460 3466 4522 ὡς
3499 4457 3872 4537 συμφερόντως

2236 4549 2544 4626 μαχόμενα.
2606 4549 2889 4627 Ἐπιφέρει
2947 4554 3105 4623 μοῦν.
3163 4572 3192 4602 ‹‹
3222 4549 3338 4604 Ἵνα
3373 4548 3449 4622 μὴ
3482 4548 3515 4604 ἃ
3553 4546 3615 4603 ἂν
3672 4545 3870 4615 θέλητε,

454 4639 659 4712 jungit
690 4639 890 4711 itaque
917 4658 929 4695 :
963 4663 989 4692 ι(
1021 4641 1092 4697 Ut
1112 4640 1233 4696 non
1257 4657 1388 4713 quas
1419 4640 1751 4708 volueritis,
1777 4658 1846 4697 ea
1863 4640 2097 4698 faciatis

2230 4644 2398 4695 ταῦτα
2427 4644 2644 4708 ποιῆτε.
2700 4638 2916 4712 Φανερᾶ
2972 4636 3031 4693 δὲ
3087 4638 3198 4694 ἐστι
3256 4637 3324 4693 τὰ
3376 4637 3510 4713 ἓργα
3537 4644 3642 4706 τῆς
3671 4633 3871 4711 σαρκὸς,

461 4726 773 4784 Manifesta
801 4735 1004 4785 autem
1035 4734 1176 4786 sunt
1195 4746 1377 4803 opera
1405 4731 1625 4799 carnis,
1657 4747 1789 4801 quaa
1823 4735 1963 4787 sunt
1989 4730 2119 4787 for-

2232 4729 2388 4785 ἅτινά
2416 4726 2551 4799 ἐστι,
2610 4729 2840 4802 πορνεία
2896 4730 2994 4802 (3),
3054 4727 3378 4802 ἀκαθαρσία,
3411 4724 3690 4803 ἀσέλγεια,
3721 4721 3873 4781 εἰδω-

533 4881 597 4946 ικ
625 4883 688 4937 Ρ.
722 4884 818 4938 591
854 4883 962 4938 ΕΕ.
995 4882 1293 4947 POTTER,
1322 4879 1426 4935 498
1456 4881 1568 4938 ΕΙ).
1601 4882 1831 4940 PARIS.
1859 4882 1943 4956 (a)
1968 4884 1995 4938 Ι
2025 4883 2102 4939 Co

2213 4901 2268 4952 LI,
2299 4886 2354 4954 3,
2392 4883 2445 4951 8,
2481 4885 2568 4939 11.

534 5059 647 5131 (97)
678 5062 969 5135 Γυναικῶν
1013 5078 1160 5135 σοφη
1194 5060 1616 5135 Tertullianus.
1651 5061 1757 5116 lib.
1912 5068 2126 5131 marty-

466 5129 571 5201 res,
604 5149 742 5206 cap._
765 5134 799 5186 4
828 5148 846 5206 :7
864 5153 904 5206 γε(
938 5129 1051 5206 Sed
1074 5129 1317 5202 spiritus
1345 5137 1741 5206 contraponat
1763 5133 1873 5187 sibi
1908 5139 1967 5189 et
1995 5129 2126 5188 car-

471 5206 555 5271 ni,
589 5201 804 5259 acerba
833 5205 977 5257 licet
1004 5201 1135 5271 ista,
1170 5219 1206 5257 a
1236 5205 1440 5260 multis
1485 5201 1687 5261 tamen
1720 5221 1890 5271 aequo
1923 5206 2124 5261 animo

470 5283 736 5347 excepta,
761 5274 882 5355 imo
897 5279 989 5357 ,δι’
1004 5274 1158 5357 ultro
1181 5277 1471 5357 appetita,
1488 5277 1748 5357 famaenet
1767 5274 1970 5357 gloria
1992 5293 2128 5357 cau-

470 5363 569 5414 sa;
601 5346 710 5402 nec
741 5361 776 5401 θ.
807 5346 944 5399 viris
977 5346 1231 5415 tantum,
1264 5346 1368 5404 Sed
1397 5349 1576 5403 etiam
1603 5363 1637 5402 a
1658 5346 1918 5415 feminis,
1938 5355 2007 5403 ut
2029 5366 2127 5404 vos

471 5435 729 5545 quoque,
754 5415 1281 5499 benedictm,sexui
1304 5426 1497 5476 vestro
1516 5419 1983 5492 respondeatis,»
2011 5426 2124 5475 etc.

517 5491 636 5545 onf.
674 5490 891 5545 Pmdaa.
923 5487 1028 5544 11b.
1065 5509 1103 5545 ι,
1132 5508 1182 5545 c.
1216 5493 1265 5544 4.

517 5487 636 5546 onf.
674 5490 891 5560 Pafdag.
923 5487 1028 5560 lib.
1065 5487 1103 5555 ι,
1132 5508 1182 5545 c.
1216 5493 1265 5544 4.

541 5564 652 5633 (98)
838 5553 1166 5635 βάρβαρος.Δ
1203 5561 1423 5635 Galat._
1453 5576 1538 5635 Ill,
1600 5563 1668 5617 28
1690 5559 1859 5635 εΔ
1881 5557 1954 5635 ἔνι
1991 5561 2129 5615 Ἰου-

473 5625 644 5703 δαῖος,
676 5629 805 5703 οὐδὲ
833 5625 1072 5703 Ἕλλην·
1110 5630 1213 5703 οὐκ
1263 5625 1341 5685 ἔνι
1399 5625 1622 5701 δοῦλος,
1656 5628 1785 5686 οὐδὲ
1817 5629 2125 5703 ἐλεύθερος

474 5700 574 5757 οὐκ
713 5699 893 5779 ἄρσεν,
925 5702 1017 5757 καὶ
1047 5700 1211 5772 θῆλυ.
1272 5704 1435 5760 Conf.
1496 5699 1665 5762 Horn.
1717 5720 1771 5761 x.
1811 5706 1910 5770 i2;
1943 5705 1965 5757 Ι
1995 5699 2126 5760 Cor.

478 5790 582 5829 xu.
689 5816 697 5828 .

478 5779 697 5839 111,13.

552 5848 658 5914 (99)
685 5844 864 5915 Ἐ’χει.
898 5845 1135 5901 Rectius
1165 5846 1314 5903 forte
1340 5841 1489 5920 ἔχειν
1518 5847 1689 5904 inﬂn.
1719 5846 1917 5916 modo,
1951 5851 2016 5901 ut
2045 5864 2131 5902 re-

2234 5064 2408 5137 gatur
2436 5059 2673 5137 a_ve_rbo
2707 5060 2970 5137 φαίνεται.
3016 5061 3290 5137 Svgsune.

2307 5132 2382 5203 (1)
2436 5128 2729 5206 Ἐκᾶἷτερυν
2809 5133 3008 5188 αὐτῶν.
3095 5134 3266 5189 Forte
3336 5133 3556 5188 rectius
3642 5128 3876 5200 ἑκάτερος

2236 5202 2435 5259 αὐτῶν.
2471 5202 2745 5262 SYLBuaG.

2310 5278 2388 5347 (2)
2418 5276 2543 5350 Γάρ.
2581 5276 2647 5330 Δέ
2687 5279 2727 5350 ,Ι
2781 5277 2914 5350 Cor.
2969 5293 3049 5350 xi,
3107 5275 3209 5350 ubi
3263 5293 3421 5350 mox,
3474 5269 3672 5350 ἀνδρὸς
3700 5276 3736 5344 ἡ
3766 5288 3875 5350 κεφ.

2310 5288 2543 5350 (2)1129.
2581 5288 2647 5330 At
2704 5288 2726 5333 ι
2781 5288 2914 5333 (lor.
2969 5293 3049 5342 χι,
3107 5288 3209 5359 um
3263 5293 3421 5344 mox,
3474 5288 3875 5396 ἀνοροςηκεφ.

2237 5346 2470 5429 Χριστός
2498 5347 2630 5429 ἐστι·
2665 5348 2931 5429 ἀρίιιηρύ·
2971 5349 3075 5422 γὰρ
3105 5348 3246 5429 ανῂρ
3284 5346 3345 5402 ἐκ
3387 5345 3665 5429 γυναικόςᾶ
3717 5356 3877 5429 ρειαί]

2237 5415 2393 5510 post,
2657 5418 2785 5475 οὔτε
2838 5415 2995 5496 ἀνήρ’
3038 5415 3225 5495 χωρὶέ
3273 5415 3548 5496 γυναικὸς,
3601 5415 3875 5489 οὕτέγυνή

2239 5510 2416 5546 γευοις
2481 5514 2506 5544 ν
2551 5512 2576 5546 .3
2617 5512 2663 5546 ς.

2284 5512 2416 5554 ωρις
2445 5512 2663 5554 ανορος.

2239 5510 2416 5566 χευρις
2445 5510 2663 5565 ανορος.

2239 5636 2247 5637 7
2308 5566 2388 5637 (3)
2418 5562 2608 5637 Ἅτινά
2637 5561 2772 5635 ἐστι,
2827 5583 2887 5618 π.
2947 5563 3138 5637 Ἀτινά
3195 5560 3331 5631 ἐστι,
3394 5561 3642 5637 μοιχεία,
3668 5558 3877 5637 π.,(ξᾶο

2237 5628 2380 5710 lat,
2422 5628 3105 5710 ubi‘mox,_'9appaigeia
3160 5651 3267 5707 pro
3320 5628 3681 5710 ’φαρμὰἰιεῖαιο
3731 5628 3879 5710 dein,

2239 5706 2453 5784 φθόνοι,
2487 5705 2665 5784 φύνοι,
2691 5702 2822 5784 ’μὲθζ
2869 5702 3058 5784 paulo
3118 5702 3271 5778 post,
3292 5702 3660 5784 Μᾶγαθωσύνη,
3692 5702 3879 5763 πίστις,

2239 5776 2508 5852 ἀτραότηςς
2542 5776 2846 5855 ἐγκράτεια,
2882 5776 3030 5846 Mox,
3079 5776 3401 5852 παραθεῖναι
3448 5779 3601 5835 forte
3642 5776 3752 5848 leg.
3782 5786 3876 5846 pro

2239 5856 2635 5922 παραταθῆναι.
