4138 6410
448 391 452 394 ’
512 393 656 455 12τῦ

1752 397 2164 454 CLEMENTI!
2199 396 2702 458 Διωιωιιιιπ

3782 403 3897 462 1276

512 528 585 584 de
611 526 706 595 iis,
742 541 874 599 quae
896 529 1033 581 sunt
1060 521 1311 596 agenda,
1338 524 1643 579 remittere
1676 543 1691 589 ;
1725 521 1828 578 sed
1886 539 2045 593 saepe
2102 520 2149 578 in

2279 517 2411 575 ἀλλ’
2442 520 2497 576 ἐν
2525 520 2660 596 αὐτῇ
2693 521 2969 588 πολλάκις
2999 527 3068 599 τῇ
3110 523 3328 600 ἁμίλλῃ
3353 527 3464 581 τῶν
3497 525 3700 595 πόνων,
3729 528 3758 581 ἢ
3787 531 3895 604 γυνὴ

511 620 640 690 ipsa
671 617 941 672 laborum
995 615 1402 682 contentione,
1460 613 1697 681 mulier,
1750 630 1880 684 qum
1914 611 2164 685 peperit,

512 708 799 763 infantem
832 705 1130 760 sublatum
1163 706 1406 760 domum
1440 711 1652 777 portat.
1679 705 2014 770 Quinetiam
2034 719 2168 759 mu-

510 798 706 865 lieres,
742 813 862 850 non
901 795 1100 850 minus
1125 812 1302 866 quam
1335 796 1676 862 masculi,et
1704 794 1948 851 domum
1970 799 2166 850 custo-

509 885 701 952 diunt,
736 890 794 938 et
823 889 1133 948 venantur,
1170 889 1227 938 et
1256 901 1462 956 greges
1507 890 1758 956 pascunt
1791 903 1804 940 :

648 995 869 1050 Acriter
899 999 948 1048 et
977 993 1122 1048 cervi
1160 994 1392 1061 vestigia
1424 995 1609 1049 Cressa
1638 1000 1820 1048 secuta
1848 999 1943 1049 est.

499 1197 600 1251 Est
618 1213 754 1268 ergo
769 1195 1318 1266 philosophandum
1333 1194 1685 1250 mulieribus
1703 1195 1980 1250 similiter
1992 1211 2059 1250 ac
2077 1195 2163 1250 vi-

498 1286 817 1354 ris,etamsi
853 1286 1296 1356 priestantiores
1327 1285 1576 1340 masculi
1616 1285 1839 1356 primas
1871 1286 1932 1340 in
1966 1287 2162 1341 omni-

500 1375 612 1430 bus
633 1381 832 1447 partes
855 1375 1068 1444 ferant,
1103 1376 1219 1429 nisi
1265 1375 1562 1430 evaserint
1590 1375 1804 1429 molles
1847 1380 1905 1429 et
1935 1375 2162 1430 effemi-

501 1465 646 1522 nati.
685 1466 965 1520 Universo
1009 1481 1144 1538 ergo
1196 1465 1504 1519 hominum
1564 1464 1766 1537 generi
1824 1466 2164 1520 necessaria

499 1559 590 1610 est
618 1551 939 1626 disciplina
972 1560 1031 1609 et
1061 1555 1264 1620 virtus,
1291 1555 1339 1608 si
1369 1555 1612 1625 quidem
1647 1554 1896 1609 tendant
1924 1554 1996 1609 ad
2030 1555 2164 1609 feli-

497 1644 980 1710 citatem.Quidni
1004 1645 1162 1700 enim
1191 1651 1412 1699 temere
1435 1643 1641 1699 scribit
1670 1644 1980 1715 Euripides
2003 1662 2162 1700 nunc

499 1733 802 1797 hoc,nunc
836 1733 1034 1789 illud?
1056 1734 1390 1805 Aliquando
1425 1733 1666 1804 quidem
1706 1750 1718 1786 :
1749 1757 1775 1783 (ι
1810 1735 1911 1788 Est
1941 1734 2161 1805 qumvis

495 1825 621 1879 viro
671 1825 891 1896 conjux
951 1824 1233 1889 deterior,
1266 1823 1500 1878 etiamsi
1533 1823 1794 1894 optimus
1824 1823 2001 1878 ducat
2024 1841 2156 1895 pro-

2275 610 2652 683 ἀποκυήσασα,
2711 613 2774 668 τὸ
2837 615 3038 693 βρέφος
3117 612 3448 688 ἀνελομένη,
3531 613 3709 672 οἶκαδε
3758 617 3896 694 φέρει.

2273 697 2416 770 Ἤδη
2451 704 2584 775 γοῦν
2618 702 2671 756 αἱ
2721 709 2973 777 γυναῖκες
3025 703 3180 758 οὐδὲν
3236 699 3462 760 ἔλαττον
3523 711 3629 760 τῶν
3689 705 3891 782 ἁρῥένων

2270 791 2362 844 καὶ
2395 790 2732 865 οἰκουροῦσι,
2765 793 2855 847 καὶ
2911 793 3226 868 θηρεύουσι,
3283 794 3373 849 καὶ
3433 795 3529 859 τὰς
3583 793 3804 869 ποίμνας
3831 799 3897 872 (8)

2273 877 2630 955 φυλάττουσι.

2271 990 2498 1062 Κρῆσσα
2527 988 2672 1044 κύων
2704 987 2935 1068 ἐλάφοιο
2985 991 3104 1046 κατ’
3153 989 3340 1066 Ἱχνιον
3400 994 3477 1066 (9)
3544 990 3739 1067 ἔδραμε
3787 1013 3898 1069 γορ-

3664 1085 3805 1159 [γῶςο

2270 1185 2688 1264 Φιλοσοφητὲον
2741 1186 2836 1242 οὖν
2884 1188 2974 1243 καὶ
3033 1194 3153 1250 ταῖς
3206 1188 3446 1266 γυναιξίν
3505 1188 3750 1267 ἐμφερῶς
3803 1195 3900 1251 τοῖς

2269 1273 2515 1350 ἀνδράσι,
2546 1279 2642 1331 κᾶν
2673 1276 2925 1353 βελτίους
2958 1279 3011 1333 οἱ
3052 1277 3270 1355 ὀίρῥενες
3328 1281 3395 1334 τά
3442 1283 3637 1353 πρῶτα
3689 1277 3736 1333 ἐν
3790 1283 3898 1333 πᾶσι

2269 1367 2562 1444 φερόμενοι
2591 1367 3122 1442 τυγχάνωσιν,ἐκτὸς
3164 1369 3214 1423 εἷ’
3263 1370 3340 1442 μὴ
3372 1366 3896 1441 καταμαλακισθεῖεν.

2269 1458 2585 1532 Ἀναγκαῖον
2647 1456 2738 1512 οὖν
2798 1457 3070 1531 σύμπαντι
3118 1464 3199 1530 τῷ
3263 1464 3368 1514 τῶν
3429 1459 3730 1533 ἀνθρώπων
3781 1457 3897 1532 γένει

2267 1545 2485 1601 παιδεία
2515 1568 2572 1602 τε
2601 1547 2690 1600 καὶ
2725 1548 2916 1623 ἀρετὴ,
2951 1547 2998 1602 ε⁴ί
3026 1570 3087 1624 γε
3118 1548 3204 1604 ἐπὶ
3249 1551 3348 1617 τήν
3390 1545 3736 1622 εὐδαιμονίαν
3763 1547 3902 1602 σπεύ-

2267 1635 2430 1694 δοιεν.
2462 1637 2558 1690 Καὶ
2591 1641 2710 1695 πῶς
2741 1636 2804 1691 οὐ
2843 1639 3019 1710 μάτην
3057 1635 3364 1710 Εὐριπίδης
3393 1638 3667 1700 ποικίλως
3693 1638 3895 1715 γράφει;

2266 1727 2398 1780 ποτὶ
2433 1726 2552 1799 μὶν,
2587 1750 2616 1778 ‹‹
2650 1731 2800 1781 ιὶὶσα
2855 1727 2962 1802 γὰρ
3018 1725 3214 1801 ἀνδρὸς
3256 1733 3373 1800 (10)
3429 1728 3632 1783 κακίων
3693 1725 3901 1802 ἄλοχος,

2264 1816 2363 1870 κᾶν
2396 1816 2425 1869 6
2453 1817 2740 1892 κράτιστος
2771 1817 2928 1891 γῆμῃ
2956 1817 3057 1884 τὴν
3116 1815 3535 1889 εὐδοκιμοῦσαν.
3573 1841 3600 1867 ιι
3655 1818 3786 1872 [lori
3834 1812 3898 1869 δέ’

499 1895 897 1969 batissimam.
934 1934 962 1962 »
994 1912 1325 1983 Aliquando
1359 1919 1558 1967 autem
1585 1929 1596 1966 :
1624 1935 1650 1962 ‹‹
1685 1914 1911 1978 Quaavis
1944 1913 2149 1984 pudica

2265 1928 2289 1956 ι‹
2324 1910 2474 1960 Πᾶσα
2504 1907 2608 1980 γὰρ
2643 1903 2818 1976 δούλη
2845 1911 2957 1978 (11)
3009 1905 3153 1961 ἐστὶν
3213 1904 3410 1980 ἀνδρὸς
3432 1909 3467 1976 ἡ
3501 1908 3734 1985 σώφρων
3761 1905 3898 1982 γυνή·

500 2003 720 2058 mulier
751 2008 840 2058 est
869 2003 975 2058 viri
1007 2018 1174 2058 serva
1206 2020 1219 2058 :
1254 2019 1384 2074 qua)
1416 2009 1613 2059 autem
1646 2021 1767 2059 non
1800 2009 1888 2058 est
1916 2003 2154 2076 pudica,

419 2081 424 2086 ’
499 2109 656 2160 eum,
693 2091 793 2163 qui
826 2108 946 2146 una
983 2097 1272 2160 versatur,
1313 2097 1555 2164 superat
1584 2093 1866 2148 amentia.

667 2202 804 2256 Nam
832 2201 916 2254 nil
945 2201 1158 2267 melius,
1191 2200 1275 2254 nil
1305 2207 1383 2255 est
1409 2203 1768 2270 praestantius
1792 2216 2046 2271 usquam,

568 2273 868 2327 Concordes
897 2289 1064 2342 quam
1095 2289 1215 2326 cum
1252 2275 1309 2326 in
1341 2278 1481 2327 tecto
1512 2279 1802 2328 versantur
1831 2274 2014 2327 eodem

573 2345 675 2399 Vir
697 2345 861 2399 simul
891 2350 943 2398 et
971 2345 1187 2398 mulier.
1199 2386 1212 2398 .
1224 2387 1237 2400 .

495 2452 684 2522 Caput
713 2467 848 2523 ergo
881 2456 972 2505 est
997 2450 1077 2521 id,
1112 2450 1272 2522 quod
1305 2450 1708 2522 principatum
1727 2450 1981 2506 obtinet:
2004 2451 2051 2505 si
2067 2455 2159 2506 est

497 2545 696 2596 autem
721 2562 748 2594 ιι
777 2541 1066 2596 Dominus
1095 2541 1203 2596 viri
1234 2547 1431 2613 caput,
1456 2541 1728 2596 mulieris
1757 2546 1955 2596 autem
1988 2541 2095 2608 vir,
2124 2564 2154 2592 »

494 2629 583 2683 vir
610 2635 700 2684 est
729 2630 1010 2685 dominus
1039 2631 1335 2698 uxoris,ut
1365 2631 1463 2701 qui
1494 2631 1572 2685 sit
1602 2653 1629 2680 «
1662 2631 1854 2702 imago
1880 2636 1935 2685 et
1965 2631 2156 2702 gloria

403 2783 410 2787 _
495 2719 1026 2790 Dei(a).»Quocirca
1045 2720 1190 2775 dicit
1211 2721 1388 2774 etiam
1412 2721 1473 2774 in
1489 2721 1742 2791 epistola
1758 2721 1831 2775 ad
1842 2721 2151 2792 Ephesios,

491 2831 520 2859 ιι
548 2809 807 2881 Subjecti
826 2810 1078 2865 invicem
1107 2810 1167 2864 in
1191 2811 1403 2866 timore
1426 2811 1549 2864 Dei.
1568 2810 1840 2866 Mulieres
1869 2811 1992 2866 suis
2012 2811 2152 2867 viris

491 2898 776 2970 subjectae
798 2899 1101 2967 sint,sicut
1132 2900 1419 2967 Domino;
1451 2900 1736 2970 quoniam
1763 2900 1849 2954 vir
1867 2906 1957 2956 est
1977 2905 2154 2972 caput

489 2989 855 3056 mulieris,ut
874 2990 1054 3044 etiam
1076 2990 1346 3045 Christus
1368 2990 1836 3061 caputEcclesiee
1859 2990 2015 3060 ;ipse
2038 2990 2153 3045 sal-

397 3126 400 3130 .
487 3082 655 3131 vator
677 3078 944 3148 corporis
966 3094 978 3131 :
997 3078 1102 3132 sed
1127 3077 1281 3133 sicut
1301 3077 1564 3134 Ecclesia
1582 3078 1850 3150 subjecta
1869 3085 1954 3132 est
1981 3079 2150 3133 Chri-

402 3155 406 3159 6
489 3167 693 3234 sto,ita
709 3168 888 3222 etiam
906 3167 1185 3223 mulieres
1198 3169 1456 3240 propriis
1471 3169 1606 3223 viris
1622 3169 1681 3222 in
1698 3170 1997 3224 omnibus.
2011 3169 2149 3237 Viri,

2263 1995 2298 2063 ἡ
2333 1990 2390 2048 δὶ
2423 1996 2500 2067 μὴ
2535 1994 2769 2070 σώφρων
2802 1994 2957 2065 ἀνοίᾳ
2985 1995 3075 2050 τὸν
3100 1995 3324 2065 ξυνόντα
3347 1993 3658 2072 ὑπερφέρει.

2435 2235 2446 2248 .
2479 2234 2506 2267 _.
2540 2234 2566 2267 Α.
2588 2189 2679 2267 -Ού
2715 2191 2811 2264 μὲν
2841 2190 2950 2267 γὰρ
2979 2196 3230 2267 κρεῖσσον
3263 2191 3375 2267 (12)
3405 2191 3734 2267 καὶέρειον,

2392 2269 2440 2320 Η
2472 2263 2553 2341 6'0’
2580 2257 2983 2341 ligoqipovtovzre
3014 2257 3112 2334 νοή
3125 2257 3283 2337 μασιν
3319 2257 3470 2318 οἷκον
3503 2257 3708 2335 ἔχητον

2373 2338 2543 2410 Ἀνὴρ
2575 2335 2678 2404 ἠδὲ
2705 2335 2866 2410 γυνή.
2914 2381 2928 2394 .
2973 2379 2985 2392 .
3033 2383 3045 2393 .
3093 2379 3106 2392 .

2368 2265 2390 2284 ΙΙ

2261 2450 2484 2526 Κεφαλή
2517 2451 2700 2506 τοίνυν
2725 2453 2788 2507 τὸ
2823 2451 3182 2527 ἡγεμονικόν.
3219 2450 3281 2508 Εἰ
3309 2476 3337 2502 ‹‹
3373 2449 3431 2506 δὲ
3462 2453 3795 2527 Κύριος(13)
3820 2471 3896 2506 κι-

2262 2543 2410 2620 φαλή
2443 2546 2540 2597 τοῦ
2561 2539 2777 2615 ἀνδρὸς,
2811 2539 3027 2616 κεφαλή
3061 2539 3118 2597 δὲ
3174 2541 3434 2616 γυναικὸς
3463 2543 3492 2596 6
3552 2543 3710 2618 ἀνήρ·
3746 2565 3774 2594 ››
3816 2539 3900 2594 κύ·

2261 2652 2381 2707 ριος
2410 2633 2438 2687 6
2470 2632 2608 2706 ἀνὴρ
2646 2639 2748 2701 τῆς
2783 2633 3065 2707 γυναικὸς,
3101 2630 3262 2686 εἰκὼν
3302 2631 3391 2686 καὶ
3425 2628 3553 2704 δόξα
3583 2636 3720 2687 Θεοῦ
3753 2628 3901 2704 ὑπάρ-

2263 2741 2405 2797 χων.
2436 2723 2530 2777 Διὸ
2558 2722 2649 2776 καὶ
2681 2723 2736 2776 ἐν
2774 2725 2843 2794 τῇ
2874 2722 3013 2795 πρὸς
3074 2721 3354 2798 Ἐφεσίους
3407 2723 3626 2798 γράφει·
3681 2748 3708 2773 ‹‹
3762 2721 3905 2774 Ὑπο-

2258 2811 2582 2884 τασσόμενοι
2613 2808 2886 2880 ἀλλήλοις
2944 2809 2998 2865 ἐν
3047 2804 3205 2884 φόϐῳ
3245 2813 3400 2865 eam}
3432 2811 3489 2865 αἱ
3519 2816 3775 2885 γυναῖκες
3799 2812 3902 2869 τοῖς

2261 2897 2425 2963 ἰδίοις
2458 2899 2707 2975 ἀνδράσιν
2743 2901 2957 2973 did”)
3015 2903 3095 2971 τῷ
3153 2899 3355 2971 Κυρίῳ·
3417 2899 3502 2954 ’ότι
3563 2901 3590 2955 6
3640 2899 3780 2975 ἀνήρ
3807 2898 3905 2953 ἐστι

2258 2988 2472 3068 κεφαλή
2530 2997 2630 3059 τῆς
2689 2989 2969 3064 γυναικὸς,
3015 2989 3091 3051 ὡς
3145 2987 3234 3043 καὶ
3293 2989 3322 3043 6
3401 2989 3633 3066 Χριστὸς
3711 2985 3904 3066 κεφαλή

2258 3086 2358 3146 τῆς
2443 3078 2792 3149 Ἐκκλησίας·
2881 3075 3042 3139 αὐτὸς
3121 3079 3148 3132 ὁ
3236 3079 3423 3152 σωτήρ
3488 3075 3585 3133 τοῦ
3647 3079 3903 3152 σώματος·

2261 3168 2388 3223 ἀλλ’
2447 3169 2520 3229 ὡς
2595 3170 2629 3236 ἠ
2706 3168 3007 3236 Ἐκκλησία
3097 3167 3455 3222 ὑποτάσσεται
3536 3172 3617 3240 τῷ
3690 3168 3905 3242 Χριστῷ,

492 3256 720 3329 diligite
747 3273 962 3311 uxores
994 3258 1400 3326 vestras,sicut
1431 3259 1700 3313 Christus
1728 3259 1936 3314 dilexit
1957 3261 2149 3315 Eccle-

2265 3257 2433 3318 οὕτως
2490 3257 2578 3311 καὶ
2661 3257 2718 3311 αἱ
2785 3261 3039 3332 γυναῖκες
3114 3261 3230 3318 τοῖς
3307 3253 3469 3317 ἰδίοις
3523 3253 3780 3332 ἀνδράσιν
3851 3252 3897 3308 ἐν

489 3346 657 3402 siam.
688 3347 751 3409 ›ι‹
772 3349 858 3402 Ita
881 3347 1058 3402 etiam
1086 3348 1194 3402 viri
1225 3348 1447 3403 debent
1475 3347 1720 3420 diligere
1755 3365 1891 3404 suas
1907 3367 2146 3416 uxores,

482 3442 549 3491 ut
581 3452 687 3492 sua
708 3453 976 3508 corpora.
1010 3437 1118 3503 Qui
1150 3454 1318 3493 suam
1350 3455 1593 3493 uxorem
1629 3438 1840 3510 diligit,
1883 3440 2145 3510 seipsum

482 3525 694 3597 diligit.
722 3529 905 3582 Nemo
937 3528 1096 3582 enim
1131 3544 1373 3582 carnem
1396 3544 1564 3584 suam
1590 3545 1855 3599 unquam
1889 3528 2022 3583 odio
2042 3529 2145 3584 ha-

479 3615 874 3686 buit(b).nJam
907 3633 1040 3672 vero
1071 3618 1134 3672 in
1165 3617 1431 3687 Epistola
1461 3633 1696 3686 quoque
1728 3617 1804 3672 ad
1833 3617 2146 3672 Colossen-

484 3721 580 3758 ses
609 3704 842 3775 inquit:
875 3729 903 3755 ‹‹
938 3705 1233 3773 Mulieres,
1263 3705 1516 3761 subditae
1567 3711 1753 3760 estote
1805 3706 1966 3777 viris,
1994 3708 2148 3763 sicut

487 3799 744 3866 oportet,
776 3795 837 3849 in
868 3795 1140 3850 Domino.
1175 3796 1316 3862 Viri,
1350 3795 1578 3868 diligite
1613 3811 1849 3863 uxores,
1875 3803 1933 3851 et
1958 3797 2146 3852 nolite

2257 3347 2446 3402 παντί.
2527 3347 2591 3401 Οἱ
2675 3343 2883 3420 ἄνδρες,
2965 3345 3207 3420 ἀγαπᾶτε
3284 3345 3380 3408 τὰς
3437 3352 3699 3421 γυναῖκας
3758 3348 3897 3417 (15),

2256 3437 2438 3501 καθὼς
2508 3435 2599 3491 καὶ
2655 3437 2683 3492 6
2744 3436 2978 3511 Χριστὸς
3041 3435 3296 3510 ἠγάπησε
3378 3435 3478 3505 τήν
3560 3433 3900 3506 Ἐκκλησίαν·

2256 3524 2522 3581 οὕτωκαὶ
2555 3527 2608 3580 οἱ
2665 3522 2853 3600 ἂνδρες
2911 3523 3221 3601 ὀφείλουσιν
3283 3524 3494 3601 ἀγαπᾷν
3558 3531 3656 3588 τὰς
3716 3527 3904 3581 ἑαυτῶν

2256 3621 2534 3692 γυναῖκας,
2591 3615 2667 3678 ὡς
2722 3617 2789 3670 τὰ
2863 3616 3066 3669 ἑαυτῶν
3141 3615 3390 3688 σώματαο
3443 3616 3472 3670 6
3530 3616 3760 3691 ἀγαπῶν
3814 3614 3902 3680 τήν

2254 3705 2449 3760 ἑαυτοῦ
2477 3709 2707 3780 γυναῖκα
2737 3703 2924 3758 ἑαυτὸν
2985 3704 3183 3779 ἀγαπᾷ*
3245 3701 3426 3768 ούδεῖς
3471 3703 3571 3779 γάρ
3629 3726 3765 3760 ποτε
3814 3704 3903 3772 τήν

2256 3795 2449 3850 ἑαυτοῦ
2479 3793 2649 3868 σάρκα
2679 3792 2960 3866 ἐμίσησεν.
3017 3819 3039 3846 ι
3100 3792 3212 3849 Κάν
3262 3796 3332 3867 τῇ
3391 3793 3527 3869 πρὸς
3559 3794 3903 3858 Κολοσσαεῖς,

555 3925 618 3990 sxa
647 3922 709 3976 Ρ.
745 3923 846 3975 593
879 3922 990 3976 ED.
1025 3922 1319 3988 POTTER,
1353 3923 1457 3974 500
1481 3921 1596 3975 ED.
1631 3921 1856 3976 PARIS.
1882 3922 1960 3994 (a)
1993 3923 2016 3977 Ι
2046 3923 2149 3977 Cor

2270 3961 2287 3986 .
2315 3923 2367 3989 3,
2396 3925 2448 3974 7.
2480 3919 2554 3993 (b)
2580 3919 2798 3991 Ephes.
2830 3935 2882 3982 ν,
2917 3923 3006 3984 21,
3032 3923 3122 3989 22,
3147 3919 3340 3990 23,24,
3361 3923 3451 3988 25,
3480 3923 3570 3990 26,
3603 3924 3696 3990 27,
3725 3919 3901 3984 28,29.

483 4049 629 4174 rb(8)
659 4045 762 4107 Τὰς
792 4044 1057 4172 milia“.
1090 4046 1255 4102 Conf.
1289 4047 1684 4117 Archwologiae
1705 4053 1924 4104 nostra:
1948 4050 2145 4106 Graeca

509 4138 525 4174 ι
578 4162 588 4174 .
626 4137 699 4174 ιν.
733 4136 861 4174 can.
974 4162 986 4174 .

509 4136 588 4174 ιο.
626 4137 699 4184 ιν,
733 4136 861 4184 cap.
900 4136 986 4174 ω.

552 4137 1068 4264 (ωΝὶξάὶ-ἒμῖέῗίον.
1149 4189 1326 4245 Malet
1393 4190 1643 4264 fortasse
1729 4192 1946 4264 aliquis
2025 4193 2144 4264 μετ’

480 4260 685 4336 ἴχνιον,
717 4269 784 4318 ut
831 4260 973 4317 alibi
1022 4278 1258 4333 quoque
1315 4263 1590 4335 usurpari
1651 4260 2143 4322 commonstrabit

479 4337 677 4391 Index.
711 4336 981 4390 SYTBURG.

547 4408 658 4478 (10)
694 4411 846 4460 Πᾶσα
871 4407 975 4480 γάρ
1027 4405 1110 4461 ἀν.
1164 4406 1302 4480 Hoc
1322 4405 1548 4462 dictum
1607 4407 1818 4480 recitat
1847 4406 2138 4480 Stobaeus,

481 4477 660 4533 serm.
696 4483 784 4545 71,
816 4477 894 4535 De
916 4477 1153 4550 vimper.
1187 4477 1498 4546 mulierum,
1535 4496 1606 4534 ex
1636 4479 1914 4550 (Edipode
1966 4479 2136 4533 Euri-

481 4550 658 4620 pidis,
691 4551 861 4623 cujus
893 4552 953 4607 in
980 4550 1328 4623 fragmentis
1368 4557 1559 4606 exstat
1585 4569 1634 4605 v.
1692 4554 1780 4606 33.
1823 4551 2134 4623 Verumin

479 4610 733 4698 utroque
761 4610 893 4678 loco
920 4610 1139 4698 desunt
1187 4622 1382 4698 prima
1432 4624 1627 4690 verba,
1687 4627 1832 4698 πᾷσα
1864 4624 1987 4698 -γᾶρ
2042 4621 2136 4676 ἀν-

477 4689 1073 4777 épcichuaanproinde
1105 4689 1527 4777 ex'Clemente
1587 4689 1919 4777 supplenda
1959 4689 2131 4777 sunt.

476 4765 626 4821 Dein
648 4783 753 4836 pro
783 4765 1158 4821 Clementino
1201 4765 1430 4835 κακίων,
1491 4765 1677 4839 apud‘
1701 4765 1878 4824 illum
1935 4765 2128 4822 κάκιον

475 4842 757 4912 neutrum
803 4843 1010 4912 exstat.
1072 4839 1405 4912 Postremo,
1436 4857 1573 4912 pro
1630 4839 1938 4912 κράτιστος,
1973 4840 2131 4912 quod

477 4909 1047 4992 sententiamplane
1076 4911 1376 4992 pervertit,
1410 4909 1695 4992 Stobaeus
1725 4913 1942 4992 melius
1971 4909 2130 4992 κάκι-

475 5000 600 5053 στος
630 4981 886 5037 exhibet.
911 4984 1054 5037 Tota
1085 4981 1264 5053 igitur
1293 4983 1592 5039 sententia
1622 4984 1736 5038 hoc
1780 4985 1955 5039 modo
1988 4985 2132 5039 scri-

475 5052 673 5109 benda
711 5059 770 5108 et
799 5052 1151 5125 explicanda
1179 5054 1450 5110 videtur:

694 5145 853 5214 [Iaca
873 5141 978 5214 γὰρ
1009 5139 1204 5214 ἀνδρὸς

580 5213 790 5267 Κακίων
823 5211 1053 5288 ἄλοχος,
1086 5211 1182 5268 κᾶν
1216 5214 1243 5267 6
1277 5211 1530 5272 κάκιστος

579 5288 742 5359 Γήμῃ
772 5288 872 5355 τήν
906 5283 1330 5359 εύδοκιμοῦσαν.

689 5378 827 5432 Nam
857 5380 1061 5449 quaevis
1084 5380 1204 5432 viro

577 5449 763 5504 Minor
792 5448 878 5504 est
898 5465 1060 5515 umor,
1089 5449 1190 5503 vili
1209 5448 1459 5519 quamvis

583 5520 905 5576 Clarissima
929 5527 1106 5591 nupta
1131 5521 1356 5574 marito.

542 5607 655 5683 (lt)
691 5609 841 5683 uasa
868 5606 970 5683 γὰρ
1006 5602 1053 5661 δ.
1081 5608 1245 5663 Metri
1304 5607 1395 5662 lex
1445 5604 1625 5660 talem
1660 5605 2001 5676 quampiam
2032 5626 2135 5664 re-

476 5678 662 5744 quirit
691 5678 1014 5736 lectionem
1049 5697 1062 5736 :

580 5764 762 5842 ᾼούλη
793 5766 894 5842 γᾴρ
924 5768 1068 5842 ἔστιν
1100 5765 1300 5842 ἀνδρὸς
1329 5768 1363 5842 ἡ
1398 5765 1650 5842 eo???”
1681 5762 1848 5842 TW}?

577 5835 817 5913 Ἄφρων
836 5835 882 5893 8³
913 5839 1069 5914 ἀνοίᾳ
1094 5835 1436 5914 τὸν’ξυνόνθ’
1471 5835 1824 5912 ὑπερφρονεῖ.

2258 4047 2528 4102 SYLBL‘RG.
2555 4077 2623 4086 -—
2643 4044 2753 4100 Sed
2777 4061 2977 4101 veram
3001 4046 3215 4100 horum
3245 4061 3522 4100 versuum
3555 4051 3904 4102 structuram

2257 4119 2483 4173 indicat
2505 4117 2772 4173 Stobaeus
2795 4134 2952 4172 serm
2969 4161 2976 4171 .
2994 4120 3061 4172 6'5
3095 4123 3155 4170 et
3178 4117 3374 4185 67,ubi
3401 4133 3502 4172 eos
3519 4134 3591 4172 ex
3616 4115 3902 4188 Euripidis

2254 4191 2530 4261 (Edipode
2562 4191 2792 4258 recitat,
2825 4191 2997 4262 cujus
3039 4189 3218 4245 etiam
3278 4190 3340 4244 in
3397 4188 3748 4262 fragmentis
3805 4188 3904 4242 hoc

2251 4262 2428 4319 modo
2462 4267 2716 4329 exstant,
2741 4279 2792 4315 v.
2827 4263 2896 4316 29
2933 4279 2946 4317 :

2360 4367 2510 4415 Πᾶσα
2564 4361 2667 4434 γὰρ
2727 4357 2904 4430 δούλη
2964 4359 3200 4436 πέφυκεν
3279 4355 3475 4433 ἀνδρὸς
3554 4361 3595 4436 ,ἡ
3679 4361 3901 4436 σώφρων

2354 4505 2416 4560 ’Π
2477 4500 2534 4559 δὲ
2613 4503 2690 4577 μὴ
2768 4503 3000 4579 σώφρων
3067 4501 3224 4574 ἀνοίᾳ
3307 4501 3400 4557 τὸν
3458 4433 3900 4579 ξυνὲζιόϊήώπερ-

3545 4577 3777 4652 [φρονεῖ.

2354 4670 2515 4724 Casta
2551 4682 2604 4722 se
2632 4673 2888 4721 matrona
2917 4671 3091 4722 totam
3131 4665 3419 4736 mancipat
3473 4683 3687 4722 servam
3744 4668 3902 4722 viro:

2349 4742 2478 4805 Quae
2507 4738 2655 4793 mala
2685 4744 2785 4805 est,
2817 4740 3031 4808 spernit
3060 4741 3242 4806 feroce
3300 4738 3595 4808 conjugem
3633 4738 3900 4794 vecordia.

2243 4839 2392 4914 [lino
2417 4834 2584 4914 apud
2614 4835 2982 4914 Clementem
3011 4853 3118 4909 pro
3179 4830 3469 4914 ὑπερφέρει
3533 4836 3899 4893 substituen~

2243 4911 2385 4966 dum
2413 4908 2758 4984 ὑπερφρονεῖἔ

2317 4963 2429 5052 (12)
2458 4963 2533 5033 Οὖ
2564 4963 2665 5051 ἰλὶν
2694 4977 2798 5053 γὰρ
2825 4997 2913 5052 κρ.
2975 4976 3054 5036 Οὐ
3116 4978 3210 5051 μὶν
3271 4979 3378 5053 γὰρ
3433 4980 3530 5032 τοῦ
3559 4997 3619 5053 γι
3673 4999 3764 5053 χρ,
3800 4979 3900 5034 [ιο.

2243 5070 2402 5143 mer;
2413 5053 2616 5143 γράψε.
2649 5053 2686 5107 Ζ
2695 5069 2793 5143 ,ῇνι
2805 5141 2816 5143 ᾗ
2828 5055 2854 5143 17

2317 5126 2426 5197 (l3)
2460 5118 3020 5197 deiocjﬂespici‘tl
3047 5125 3176 5178 Cor.
3215 5140 3290 5191 x1,
3343 5124 3420 5197 _3_:
3453 5119 3636 5197 _8l)uo
3668 5118 3728 5197 δζ
3770 5120 3902 5197 tua:

2246 5191 2468 5285 είδτένξέξ,
2493 5191 2582 5285 ἔτι
2607 5195 2810 5282 παντὸς
2830 5191 2848 5197 ”
2867 5191 3064 5285 άνδρδς
3122 5197 3156 5263 ἡ
3181 5193 3421 5285 ικεφῖλή
3447 5193 3739 5285 ςιΔΧρισ-τιξς
3772 5191 3898 5282 ἐστι·

2243 5266 2454 5345 κεφαλὴ
2577 5266 2829 5345 γυναικδς
2859 5267 2887 5321 6
2921 5264 3080 5345 ἀνήρ·
3124 5273 3202 5345 _et
3231 5264 3294 5322 ν(
3327 5272 3357 5322 7
3401 5283 3427 5345 _:
3451 5264 3747 5345 _’Avﬁp_p.§sv
3804 5264 3898 5345 γὰρ

2394 5336 2602 5416 ὀφείλει
2659 5336 3038 5416 καλύπτεσθαι
3076 5339 3177 5408 τήν
3259 5337 3540 5415 κεφαλήν,
3587 5336 3756 5393 εἰκὼν
3815 5336 3900 5393 καὶ

2247 5410 2374 5482 δόξα
2405 5410 2539 5467 θεοῦ
2571 5411 2835 5486 ὑ-πάρχων
2847 5454 2860 5467 .

2316 5476 2430 5559 (14)
2491 5476 2796 5559 Ἀνδράσιν,
2846 5484 2942 5559 ὡς.
3006 5479 3310 5559 μ’ᾼνδρ-άσιν
3394 5479 3754 5559 ὑποτάσσέθαι
3788 5480 3900 5559 -ὡς,

2245 5550 2484 5631 ῌρὶιθὲ.,
2517 5550 2803 5631 ιιβῖωοῐλ
2835 5554 2925 5609 καὶ
2959 5553 3123 5631 αμύτός
3161 5550 3289 5609 ’ἑστι
3340 5555 3524 5631 σωτὴρ
3563 5576 3606 5613 ι’.
3638 5573 3715 5611 σ.’
3776 5550 3900 5608 ἀλλ’

2246 5625 2429 5697 ὥσπερ
2462 5629 2496 5696 ἢ
2525 5630 2706 5684 Ἐκ....
2741 5627 2884 5682 οὕτω
2915 5625 3005 5681 καὶ
3037 5627 3091 5702 αξ
3112 5647 3165 5702 γ.

2317 5702 2424 5773 (15)
2445 5705 2739 5773 ,Γυν-αῖκας.
2771 5703 3036 5773 Γυναῖκας
3072 5699 3300 5773 ὶαυτῶν,
3334 5700 3574 5773 Ephes.,
3608 5699 3708 5756 ubi
3742 5715 3900 5766 mox,

2247 5767 2423 5834 οὕτως
2444 5769 2755 5849 ὂφείλουσιν
2789 5773 2842 5826 οἱ
2871 5767 3062 5845 ἄνδρες
3090 5770 3187 5834 τὰς
3217 5769 3260 5827 ὲ.
3283 5791 3336 5844 γ.
