4138 6412
309 398 529 487 ‘1277

1718 392 2167 488 sraom'ruu
2202 427 2338 485 Lm.
2376 427 2476 485 IV.

3592 407 3810 480 "1278

389 580 421 612 ιι
482 555 550 613 Δί
611 560 885 632 γυναῖκες,
938 555 1123 635 φησὶν,
1181 555 1545 621 ὑποτάσσεσθε
1597 559 1716 618 τοῖς
1773 551 2041 631 ἀνδράσιν,

2168 571 2297 611 esse
2323 553 2511 610 amari
2541 553 2602 611 in
2633 553 2789 611 illas.
2830 552 2983 619 Filii,
3034 551 3271 609 obedite
3318 550 3666 625 parentibus
3707 565 3816 621 per

392 646 470 709 ὡς
502 646 693 718 ἀνήκει
724 650 834 721 (16)
895 645 945 702 ἐν
999 647 1212 720 Κυρίῳ.
1268 646 1337 703 Οἱ
1397 644 1605 719 ἂνδρες,
1665 647 1907 722 ἀγαπᾶτε
1961 644 2057 706 τάς

389 741 675 812 γυναῖκας,
709 737 799 792 καὶ
837 737 913 810 μὴ
946 736 1294 812 πικραίνεσθε
1325 736 1465 812 πρὸς
1498 735 1691 798 αὐτάς.
1750 735 1835 792 Τὰ
1878 734 2059 800 τέκνα,

393 826 694 882 ὑπακούετε
722 830 839 887 τοῖς
872 829 1089 900 γονεῦσι
1132 825 1269 881 κατά
1324 825 1519 880 πάντα”
1581 829 1745 880 τοῦτο
1802 826 1902 900 γὰρ
1934 822 2059 878 εὐά-

391 936 578 992 ρεστον
650 918 731 987 τῷ
782 914 962 991 Κυρίῳ
1000 959 1011 971 .
1065 914 1128 968 Οἱ
1205 914 1450 988 πατέρες,
1523 915 1600 989 μὴ
1678 913 1942 990 ἐρεθίζετε
1990 914 2057 968 τὰ

386 1006 548 1062 τέκνα
583 1002 875 1079 ὁμῶν,⁹ίνα
909 1006 986 1079 μὴ
1040 1005 1345 1078 ἀθυμῶσιν.
1399 1004 1464 1062 Οἱ
1507 1001 1721 1075 δοῦλοι,
1758 1004 2056 1060 ὑπακούετε

384 1095 523 1152 κατά
554 1096 730 1150 πάντα
758 1100 875 1157 τοῖς
936 1093 1072 1149 κατᾶ
1122 1095 1293 1171 σάρκα
1347 1093 1580 1170 κυρίοις,
1633 1095 1708 1168 μή
1761 1092 1813 1149 ἐν
1844 1091 2054 1167 ὀφθαλ-

390 1185 752 1261 μοδουλείαις
824 1186 899 1248 ὡς
952 1184 1423 1263 ἀνθρωπάρεσκοι,
1481 1183 1607 1241 ἀλλ’
1666 1185 1719 1240 ἐν
1777 1183 2052 1254 ἀπλότητι

382 1274 636 1352 καρδίας,
688 1269 1025 1352 φοϐούμενοι
1082 1275 1175 1329 τὸν
1235 1275 1469 1351 Κύριον
1536 1273 1626 1330 καὶ
1685 1278 1789 1330 πᾶν
1874 1271 1905 1328 ὅ
1963 1273 2050 1330 ἐὰν

381 1370 582 1430 ποιῆτε
610 1368 747 1441 (17),
780 1364 840 1420 ἐκ
878 1368 1064 1440 ψυχῆς
1094 1363 1400 1442 ἐργάζεσθε,
1453 1365 1527 1428 ὡς
1575 1369 1654 1437 τῷ
1684 1364 1872 1440 Κυρίῳ
1924 1363 2055 1420 δου-

383 1455 655 1525 λεύοντες,
689 1455 782 1510 καὶ
841 1454 942 1510 οὐκ
972 1454 1305 1529 ἀνθρώποις,
1339 1452 1542 1518 εἰδότες
1592 1454 1675 1510 ὅτι
1707 1454 1814 1510 ἀπὸ
1846 1453 2051 1531 Κυρίου

381 1544 739 1620 ἀπολήψεσθε
786 1547 886 1616 τήν
944 1542 1305 1600 ἀνταπόδοσιν
1358 1551 1459 1614 τῆς
1507 1542 1913 1619 κληρονομίας’
1970 1550 2051 1619 τῷ

381 1637 485 1712 γάρ
521 1635 702 1708 Κυρίῳ
733 1637 953 1711 Χριστῷ
984 1631 1292 1690 δουλεύετε*
1330 1636 1359 1690 ὁ
1415 1635 1519 1711 γὰρ
1554 1632 1738 1694 ἄδικος
1820 1635 2050 1709 κομίσε-

381 1745 469 1780 ται
506 1723 536 1780 6'
565 1722 845 1795 ἠδίκησεν·
878 1724 970 1780 καὶ
1022 1724 1121 1779 οὐκ
1180 1721 1291 1779 ἔστι
1351 1723 1819 1801 προσωποληψία.
1854 1725 1920 1783 Οἱ
1952 1723 2051 1779 κύ-

382 1831 523 1889 ριοι,
548 1815 611 1869 τὰ
643 1810 851 1868 δίκαιον
884 1814 974 1869 καὶ
1004 1814 1106 1883 τήν
1163 1812 1393 1885 ἰσότητα
1446 1819 1566 1879 τοῖς
1624 1810 1847 1877 δούλοις
1877 1815 2048 1889 παρέ-

2165 644 2369 701 omnia
2392 644 2533 712 ;hoc
2556 645 2716 700 enim
2735 644 3176 716 beneplacitnm
3195 648 3285 698 est
3298 642 3568 698 Domino.
3589 642 3815 708 Patres,

2164 734 2349 790 nolite
2381 734 2453 790 ad
2488 734 2961 807 indignationem
3006 749 3321 805 provocare
3366 731 3523 787 ﬁlios
3567 734 3815 796 vestros,

2161 830 2229 881 ut
2257 841 2380 880 non
2412 824 2631 897 pusillo
2663 824 2862 881 animo
2896 824 3061 880 fiant.
3090 822 3272 892 Servi,
3295 820 3530 877 obedite
3560 836 3668 892 per
3688 835 3812 875 om-

2160 914 2261 970 nia
2292 914 2550 969 dominis
2577 914 2936 981 carnalibus,
2962 930 3083 969 non
3106 913 3179 969 ad
3201 912 3440 968 oculum
3467 910 3810 975 servientes,

2159 1009 2445 1076 tanquam
2477 1004 2819 1060 hominibus
2849 1004 3172 1076 placentes,
3203 1001 3307 1057 sed
3336 1002 3399 1057 in
3430 1000 3814 1072 simplicitate

2160 1095 2377 1163 cordis,
2412 1096 2691 1151 timentes
2722 1096 3060 1151 Dominum.
3084 1096 3155 1149 Et
3176 1094 3576 1164 quodcunque
3597 1090 3814 1157 facitis,

2161 1201 2233 1240 ex
2261 1185 2460 1241 animo
2492 1184 2843 1258 Operamini,
2879 1185 3033 1240 sicut
3078 1182 3329 1239 Domino
3380 1181 3725 1250 servientes,
3759 1179 3819 1235 et

2158 1291 2279 1330 non
2312 1276 2677 1343 hominibus,
2708 1274 2963 1330 scientes
2987 1273 3146 1345 quod
3169 1289 3203 1328 a
3232 1272 3483 1328 Domino
3512 1270 3818 1342 accipietis

2156 1365 2608 1421 retributionem
2638 1365 3006 1421 haereditatis
3030 1382 3045 1432 ;
3083 1363 3327 1419 domino
3371 1363 3533 1418 enim
3582 1360 3813 1417 Christo

2160 1454 2412 1511 servitis.
2445 1456 2553 1521 Qui
2587 1456 2749 1511 enim
2781 1455 3065 1528 injuriam
3090 1452 3249 1523 facit,
3274 1450 3524 1524 recipiet
3545 1446 3626 1517 id,
3651 1449 3811 1522 quod

2157 1545 2362 1617 inique
2382 1545 2566 1619 gessit
2590 1563 2602 1614 ;
2637 1550 2696 1600 et
2716 1562 2836 1600 non
2857 1550 2947 1601 est
2966 1559 3357 1616 personarum
3377 1541 3641 1613 acceptio
3656 1534 3812 1612 apud

2156 1635 2364 1691 Deum.
2401 1634 2661 1701 homini,
2697 1633 2855 1707 quod
2876 1634 3109 1707 justum
3144 1637 3235 1687 est
3263 1637 3322 1686 et
3341 1647 3601 1703 tequum,
3626 1629 3811 1685 servis

2153 1730 2452 1797 prmstate,
2489 1725 2745 1780 scientes
2778 1723 2932 1796 quod
2958 1728 3017 1779 et
3038 1740 3143 1778 vos
3164 1722 3476 1777 dominum
3495 1719 3726 1775 habetis
3749 1718 3810 1774 in

2154 1814 2303 1870 cmlo
2327 1815 2403 1887 (a)
2430 1832 2442 1883 ;
2463 1814 2562 1869 ubi
2584 1830 2704 1869 non
2724 1820 2813 1868 est
2828 1815 3064 1870 Graecus
3082 1829 3192 1868 nec
3212 1811 3470 1879 Iudaeus,
3495 1809 3809 1866 circumci-

379 1920 530 1980 χετε,
562 1900 769 1965 εἲδότες
801 1901 885 1957 ὅτι
914 1900 1005 1958 καὶ
1039 1903 1195 1975 ὑμεῖς
1254 1901 1411 1979 ἔχετε
1466 1901 1656 1979 κύριον
1718 1901 1770 1957 ἐν
1805 1903 2041 1977 οὐρανῷ,

2157 1904 2243 1960 sio
2275 1909 2334 1959 et
2363 1904 2746 1977 przeputium.
2774 1920 2885 1960 nec
2916 1902 3225 1970 barbarus,
3258 1917 3369 1956 nec
3412 1900 3647 1973 Scytha,
3697 1915 3809 1955 nec

380 1990 519 2047 ὅπου
553 1991 652 2047 οὐκ
677 1987 754 2047 ἔνι
779 1992 997 2064 Ἕλλην
1022 1991 1110 2047 καὶ
1137 1989 1426 2062 Ἰουδαῖος,
1451 1994 1726 2066 περιτομή
1760 1993 1849 2047 καὶ
1882 1993 2046 2063 ἀκρο-

380 2074 592 2152 ϐυστία,
645 2076 945 2159 βάρϐαρος,
999 2080 1217 2153 Σκύθης
1277 2085 1411 2154 (18),
1466 2081 1687 2152 δοῦλος,
1742 2082 2044 2157 ἐλεύθερος,

379 2167 527 2226 ἀλλὰ
570 2172 749 2227 πάντα
776 2172 869 2226 καὶ
925 2170 977 2225 ἐν
1037 2177 1169 2227 πᾶσι
1228 2170 1485 2245 Χριστός.
1534 2195 1562 2225 ›)
1622 2171 1802 2229 Είκὼν
1836 2169 1892 2227 δὲ
1946 2176 2047 2238 τῆς

376 2259 631 2337 οὐρανίου
663 2264 776 2337 (19)
833 2258 1168 2332 Ἐκκλησίας
1199 2263 1234 2332 ἠ
1294 2260 1552 2339 ἐπίγειοςο
1613 2260 1745 2336 ὅπερ
1960 2263 2047 2317 εὐ-

376 2351 597 2430 χόμεθα
624 2350 715 2408 καί
752 2373 778 2407 α
811 2350 900 2407 ἐπὶ
944 2357 1051 2427 γῆς
1083 2352 1331 2428 γενέσθαι
1379 2351 1443 2408 τὸ
1475 2348 1695 2424 θέλημα
1747 2352 1846 2407 τοῦ
1887 2356 2043 2422 Θεοῦ,

377 2442 453 2505 ὡς
484 2441 536 2496 ἐν
570 2440 805 2518 οὐρανῷ.
865 2438 1258 2516 Ἐνδυσάμενοι
1315 2443 1428 2515 (21)
1488 2439 1782 2518 σπλάγχνα
1839 2441 2044 2519 οἰκτιρ-

381 2535 510 2607 μοῦ,
556 2529 936 2608 χρηστότητα,
992 2531 1520 2610 ταπεινοφροσύνην,
1578 2530 1883 2608 πραότητα,
1938 2552 2043 2606 μα-

377 2621 707 2697 κροθυμίαν·
769 2620 1099 2696 ἀνεχόμενοι
1163 2618 1431 2691 ἀλλήλων
1471 2664 1485 2692 ,
1542 2627 1632 2676 καί
1684 2619 2044 2697 χαριζόμενοι

383 2713 617 2785 ἱαυτοῖς,
644 2710 733 2766 ἐάν
764 2731 849 2773 τις
896 2710 1036 2782 πρός
1088 2731 1210 2766 τινα
1266 2708 1369 2787 ἔχῃ
1430 2712 1682 2789 μομφήν·
1716 2711 1896 2776 καθὼς
1951 2712 2042 2767 καὶ

377 2802 406 2858 ὃ
439 2801 672 2878 Χριστὸς
732 2798 1029 2878 ἐχαρίσατο
1082 2802 1243 2875 ἡμῖν,
1304 2797 1478 2864 οὕτως
1530 2800 1621 2857 καὶ
1678 2803 1846 2875 ἡμεῖς
1904 2802 2039 2877 (22).

376 2891 503 2948 Ἐπὶ
532 2897 665 2947 πᾶσι
697 2888 755 2947 δὲ
781 2890 1001 2955 τούτοις
1055 2893 1092 2961 ἡ
1154 2891 1357 2969 ἀγάπη,
1391 2890 1422 2947 ὅ
1466 2890 1576 2947 ἐστι
1608 2887 1914 2965 σύνδεσμος
1940 2896 2043 2958 τῆς

381 2979 751 3053 τελειότητος’
785 2982 873 3037 καὶ
907 2983 944 3052 ἡ
977 2980 1171 3058 εἰρήνη
1202 2985 1300 3037 τοῦ
1358 2984 1594 3055 Χριστοῦ
1644 2976 1954 3059 βραϐευέτω
1987 2983 2039 3038 ἐν

377 3075 500 3133 ταῖς
528 3068 782 3147 καρδίαις
815 3070 991 3144 ὑμῶν,
1024 3071 1102 3136 εἷς
1159 3073 1226 3143 ἢν
1288 3068 1375 3127 καῖ
1433 3070 1706 3144 ἐκλήθητε
1737 3070 1788 3126 ἐν
1821 3071 1897 3127 ἐνὶ
1932 3072 2043 3127 σώ-

383 3179 536 3235 ματι’
568 3160 660 3216 καὶ
691 3160 1008 3237 εὐχάριστοι
1032 3160 1260 3237 γίνεσθε.
1285 3186 1312 3214 ››
1344 3159 1513 3220 Οὐδὲν
1545 3162 1649 3237 γάρ
1680 3160 1883 3218 κωλύει
1904 3166 2042 3217 πολ-

2156 2011 2380 2061 servus,
2413 2012 2525 2051 nec
2553 1995 2729 2063 liber,
2762 1994 2867 2051 sed
2897 1994 3100 2050 omnia
3130 1997 3189 2049 et
3220 1993 3281 2049 in
3330 1990 3611 2047 omnibus
3638 1990 3808 2045 Chri-

2155 2090 2282 2140 stus
2311 2085 2408 2159 (b).
2448 2107 2469 2134 ιι
2513 2085 2780 2141 Ccelestis
2809 2089 3007 2141 autem
3039 2083 3318 2139 Ecclesiae
3349 2083 3541 2154 imago
3574 2086 3663 2136 est
3693 2085 3813 2136 ter-

2154 2176 2381 2229 restris.
2416 2175 2702 2241 Quocirca
2730 2191 3049 2247 precamur
3095 2173 3275 2229 etiam
3324 2194 3350 2222 ‹‹
3394 2172 3458 2227 in
3488 2176 3646 2226 terra
3676 2170 3806 2225 fieri

2154 2263 2519 2320 voluntatem
2542 2265 2642 2321 Dei
2675 2265 2831 2320 sicut
2852 2265 2914 2320 in
2940 2264 3086 2320 caelo
3110 2264 3181 2336 (c)
3208 2279 3221 2317 :
3244 2262 3565 2318 Induentes
3586 2260 3813 2317 viscera

2155 2354 2581 2422 miserationis,
2605 2354 3058 2428 benignitatem,
3083 2354 3505 2415 humilitatem,
3528 2367 3810 2407 mansne-

2156 2445 2447 2516 tudinem,
2482 2445 2811 2514 lenitatem,
2859 2445 3224 2500 sustinentes
3272 2459 3381 2497 nos
3430 2441 3705 2508 invicem,
3751 2443 3811 2495 et

2154 2534 2567 2591 condonantes
2596 2535 2769 2591 nobis
2798 2533 3075 2602 invicem,
3109 2533 3158 2589 si
3202 2531 3335 2604 quis
3367 2530 3648 2586 adversus
3696 2529 3809 2585 ali-

2155 2640 2333 2694 quem
2362 2623 2579 2679 habeat
2608 2624 2681 2679 de
2712 2641 2827 2695 quo
2850 2627 3139 2695 queratur
3163 2639 3176 2690 ;
3201 2622 3356 2677 sicut
3375 2620 3642 2677 Christus
3664 2636 3806 2675 con-

2154 2713 2394 2770 donavit
2423 2712 2616 2783 nobis,
2643 2714 2727 2769 ita
2756 2719 2817 2769 et
2844 2730 2974 2769 nos.
3007 2714 3196 2786 Super
3223 2712 3351 2768 haec
3373 2715 3572 2767 autem
3604 2709 3807 2765 omnia

2153 2804 2433 2873 charitas,
2470 2803 2628 2877 quod
2660 2810 2749 2860 est
2777 2804 3083 2860 vinculum
3129 2802 3551 2877 perfectionis;
3605 2805 3663 2857 et
3690 2818 3806 2874 pax

2153 2894 2370 2951 Christi
2400 2899 2609 2969 regnet
2635 2893 2695 2951 in
2728 2894 3006 2951 cordibus
3036 2894 3269 2963 vestris,
3300 2892 3374 2949 ad
3405 2909 3584 2966 quam
3625 2891 3805 2948 etiam

2152 2987 2342 3043 vocati
2374 2985 2516 3042 estis
2561 2987 2623 3042 in
2652 3004 2772 3042 uno
2803 3004 3089 3059 corpore;
3136 2991 3196 3041 et
3222 2985 3372 3059 grati
3422 2987 3610 3041 estote
3650 2982 3746 3055 (ἀ).
3774 3006 3805 3036 ››

2152 3077 2309 3134 Nihil
2341 3076 2501 3132 enim
2530 3080 2687 3133 vetat
2717 3076 3038 3148 quominus
3066 3092 3221 3149 saepe
3244 3075 3452 3133 eadem
3479 3074 3810 3130 adducatur

2155 3168 2473 3240 Scriptura,
2508 3168 2555 3222 si
2589 3184 2706 3239 qua
2734 3166 2964 3222 ratione
2996 3166 3253 3222 Marcion
3280 3164 3650 3237 pudefactus,
3672 3180 3809 3221 mu-

375 3251 535 3313 λάκις
559 3252 658 3319 τήν
692 3250 860 3321 αὐτὴν
909 3250 1297 3327 παρατίθεσθαι
1359 3252 1576 3327 Γραφὴν
1636 3251 1712 3314 εἷς
1773 3252 2035 3326 ἐντροπὴν

375 3342 701 3366 ιιμ-ηιξνλ,-
783 3341 843 3366 κ.
910 3364 961 3366 .η
1014 3364 1025 3366 -
1103 3337 1312 3366 .-μέριλ
1372 3364 1446 3366 ίαν
1508 3365 1526 3366 κ
1610 3342 1706 3366 ,n,’
1745 3365 1752 3366 ,
1814 3344 1901 3366 _:v
1928 3345 1969 3366 v,

2156 3263 2276 3313 tata
2305 3257 2623 3325 sententia,
2659 3257 2897 3313 tandem
2928 3262 3210 3331 agnoscat
3242 3260 3515 3328 oportere
3564 3253 3804 3310 fidelem

371 3342 725 3416 Μαρκίωνος,
780 3341 845 3412 ἤν
906 3364 1026 3405 πως
1078 3337 1453 3416 μεταϐάληται
1499 3342 1755 3407 πεισθείς·
1808 3344 2033 3420 εὐχάρι-

372 3451 498 3486 στον
535 3428 647 3487 δεῖν
680 3432 868 3505 μαθὼν
896 3433 989 3487 τὸν
1020 3432 1212 3488 πιστὸν
1244 3433 1381 3488 εἶναι
1411 3438 1491 3505 τῷ
1523 3431 1853 3510 δημιουργῷ
1898 3438 2036 3508 Θεῷ,

280 3594 287 3599 _
366 3524 451 3593 τῷ
482 3519 771 3577 καλέσαντι
803 3525 976 3597 ἡμᾶς,
1035 3521 1124 3578 καὶ
1175 3520 1659 3600 εὐαγγελισαμένῳ
1713 3522 1765 3580 ἐν
1799 3524 2036 3598 σώματι.

374 3611 567 3689 Σαφής
587 3613 725 3684 ἡμῖν
757 3609 819 3667 ἐκ
844 3610 1053 3668 τούτων
1086 3613 1122 3683 ἡ
1172 3610 1232 3668 ἐκ
1286 3612 1521 3677 πίστεως
1548 3608 1760 3685 ἑνότης⁸
1818 3615 1909 3669 καὶ
1955 3614 2039 3677 τίς

372 3699 401 3755 ὁ
426 3700 663 3769 τέλειος,
699 3697 988 3758 δέδεικται·
1024 3700 1162 3758 ὣστε
1191 3702 1281 3758 καὶ
1341 3699 1581 3760 ἀκόντων
1634 3708 1794 3759 τινῶν
1825 3706 1916 3761 καὶ
1971 3705 2040 3760 τὰ

375 3787 611 3846 πλεῖστα
638 3790 1022 3863 ἐνισταπένων,
1067 3793 1164 3848 κᾶν
1196 3789 1456 3856 κολάσεις
1503 3792 1842 3870 ἐπαρτῷνται
1900 3796 2037 3869 πρὸς

371 3882 472 3935 τοῦ
502 3877 723 3957 ἀνδρὸς,
753 3878 791 3952 ἤ
820 3883 958 3958 πρὸς
1020 3887 1113 3938 τοῦ
1146 3880 1435 3954 δεσπότου,
1494 3884 1859 3964 φιλοσοφήσει
1910 3884 1940 3941 ὅ
1980 3907 2039 3941 τε

374 3966 595 4039 οἰκέτης
626 3966 663 4038 ἤ
692 3990 751 4024 τε
780 3972 937 4046 γυνή.
972 3971 1078 4027 Ναὶ
1115 3972 1223 4045 μήν
1280 3973 1367 4027 καὶ
1425 3970 1729 4048 ἐλεύθερος,
1786 3973 1884 4030 κάν
1942 3997 2038 4030 τυ-

376 4055 579 4131 μάννου
610 4060 726 4131 (23)
760 4060 992 4121 θάνατος
1038 4057 1335 4131 ἀπιιλῆται
1385 4060 1588 4134 τούτῳ,
1644 4060 1741 4117 κᾶν
1803 4062 1891 4118 ἐπὶ
1954 4063 2035 4120 δι-

366 4148 641 4223 καστήρια
698 4147 917 4222 ἄγηται,
975 4149 1065 4202 καὶ
1154 4148 1235 4210 εἲς
1283 4146 1567 4212 κινδύνους
1625 4150 1889 4227 ἐσχάτους
1947 4175 2038 4209 πει

370 4233 682 4311 ριέλκηται,
711 4236 837 4311 περί
883 4258 943 4292 τε
999 4243 1101 4307 τῆς
1157 4240 1408 4309 κτήσεως
1446 4239 1658 4309 ἀπάσης
1688 4238 2035 4319 κινδυνεύσῃ,

370 4324 472 4380 οὐκ
517 4324 762 4404 ἀφέξεται
813 4333 915 4397 τῆς
968 4321 1275 4391 θεοσεϐείας
1346 4325 1466 4383 οὐδ’
1522 4329 1849 4385 ὁπωστιοῦν·
1909 4330 2037 4390 οὐδὲ

368 4412 673 4487 ἀπαυδήσει
704 4417 860 4487 ποτε,
890 4417 925 4486 ἠ
964 4417 1057 4490 μὶν
1089 4418 1224 4493 γυνή
1259 4417 1455 4495 φαύλῳ
1501 4424 1826 4476 συνοικοῦσα
1856 4421 2033 4499 ἀνδρὶ,

368 4505 398 4559 ὁ
420 4501 479 4560 δὶ
509 4506 648 4576 υίὸς,
681 4505 771 4561 ἐὰν
803 4506 1013 4585 φαῦλον
1048 4503 1153 4583 ἔχῃ
1186 4506 1414 4583 πατέρα,
1446 4507 1483 4579 ἢ
1539 4510 1779 4585 πονηρὸν
1836 4509 2036 4569 δεσπό-

364 4613 465 4664 την
500 4595 528 4649 ὁ
576 4594 817 4666 οἰκέτης,
874 4602 975 4665 τῆς
1027 4596 1226 4672 ἀρετῆς
1278 4592 1539 4673 ἐχόμενοι
1586 4600 1861 4675 γενναίως·
1904 4602 2034 4660 ἀλλ’

2150 3364 2282 3404 esse
2311 3353 2545 3421 gratum
2576 3348 2637 3402 in
2668 3347 2852 3402 Deum
2885 3347 3181 3419 opiﬁcem,
3219 3347 3321 3417 qui
3353 3362 3462 3401 nos
3493 3345 3720 3400 vocavit
3747 3356 3809 3408 et

2147 3438 2321 3494 nobis
2349 3436 2730 3510 Evangelium
2757 3436 3133 3493 annuntiavit
3161 3437 3222 3491 in
3264 3453 3530 3508 corpore.
3579 3437 3661 3490 Ex
3707 3435 3802 3490 his

2148 3545 2285 3602 ergo
2316 3527 2490 3583 nobis
2522 3532 2613 3584 est
2639 3532 2863 3599 aperta,
2898 3544 3029 3598 quas
3062 3532 3151 3582 est
3179 3543 3251 3581 ex
3296 3526 3434 3594 fide,
3474 3526 3712 3592 unitas;
3747 3530 3808 3580 et

2149 3623 2455 3675 ostensum
2489 3622 2596 3682 est,
2627 3618 2760 3689 quis
2790 3617 2868 3673 sit
2895 3616 3212 3689 perfectus.
3246 3617 3441 3681 Quare
3471 3613 3558 3670 vel
3606 3614 3806 3669 invitis

2149 3708 2454 3781 aliquibus
2485 3713 2543 3764 et
2570 3724 2677 3780 pro
2704 3706 2861 3761 virili
2889 3705 3328 3773 resistentibus,
3351 3703 3584 3759 etiamsi
3614 3720 3649 3759 a
3676 3720 3808 3759 ma-

2148 3798 2263 3854 rito
2296 3798 2388 3853 vel
2416 3814 2452 3854 a
2478 3796 2722 3853 domino
2757 3796 3147 3867 impendeant
3176 3793 3488 3867 supplicia,
3537 3792 3805 3866 philoso-

2146 3888 2431 3962 phabitur
2458 3904 2661 3943 servus
2694 3891 2751 3942 et
2778 3885 3015 3942 mulier.
3058 3885 3394 3951 Quinetiam
3445 3883 3597 3938 liber
3641 3899 3798 3954 quo-

2148 3994 2286 4050 que,
2305 3976 2537 4033 etiamsi
2557 3981 2846 4047 tyrannus
2864 3973 2917 4030 ei
2936 3979 3188 4029 mortem
3212 3973 3542 4032 minitetur.
3567 3972 3801 4028 etiamsi

2148 4067 2399 4123 ducatur
2427 4063 2502 4121 ad
2524 4064 2750 4137 judicia
2775 4068 2834 4118 et
2862 4064 3130 4119 trahatur
3149 4062 3224 4117 ad
3253 4062 3466 4118 ultima
3486 4061 3802 4134 supplicia,

2148 4161 2206 4212 et
2236 4156 2308 4212 de
2338 4153 2719 4211 facultatibus
2749 4170 2817 4209 ac
2846 4153 3103 4208 fortunis
3151 4152 3274 4208 suis
3305 4153 3583 4208 omnibus
3604 4152 3803 4207 veniat

2146 4247 2209 4301 in
2235 4244 2591 4317 periculum,
2622 4243 2791 4298 nullo
2823 4242 3000 4298 modo
3029 4240 3094 4305 ›ι‹
3121 4241 3449 4297 abstinebit
3471 4258 3506 4297 a
3534 4258 3671 4297 vero
3695 4242 3798 4297 Dei

2146 4336 2329 4392 cultu.
2352 4336 2554 4406 Neque
2575 4349 2842 4405 unquam
2865 4331 3122 4395 deficiet,
3141 4331 3359 4388 mulier
3377 4331 3641 4403 quidem,
3666 4347 3800 4402 quas

2146 4443 2283 4482 cum
2314 4424 2470 4481 malo
2502 4423 2717 4480 marito
2744 4422 2991 4491 habitat,
3024 4427 3128 4478 aut
3147 4422 3330 4489 ﬁlius,
3362 4421 3412 4477 si
3444 4420 3667 4478 malum
3691 4421 3798 4476 ha-

2141 4517 2282 4573 beat
2301 4520 2557 4587 patrem,
2589 4513 2681 4569 vel
2701 4513 3039 4584 improbum
3064 4511 3371 4567 dominum
3404 4527 3629 4583 servus,
3660 4510 3800 4565 forti

2145 4623 2213 4663 ac
2242 4620 2531 4679 generoso
2562 4604 2762 4660 animo
2791 4603 3069 4659 virtutem
3100 4605 3552 4674 persequentes.
3595 4600 3707 4656 Sed
3733 4607 3801 4655 ut

366 4681 444 4744 ὡς
473 4680 631 4761 ἀνδρὶ
664 4685 1028 4758 ἀποθνήσκειν
1087 4685 1257 4743 καλὸν
1323 4687 1458 4764 ὑπέρ
1513 4709 1574 4745 τε
1617 4688 1838 4766 ἀρετῆς,
1901 4693 2033 4770 ὑπέρ

2156 4697 2265 4752 viro
2298 4693 2616 4769 pulchrum
2647 4698 2707 4750 et
2738 4693 3078 4758 honestum,
3112 4695 3172 4746 et
3199 4707 3306 4762 pro
3336 4688 3570 4757 virtute,
3601 4695 3661 4745 et
3687 4706 3798 4761 pro

432 4840 859 4916 *_P._5_9§_ED_.
891 4842 1317 4916 POTTEB,~501
1348 4844 1461 4911 ED,
1494 4845 1727 4900 PARIS.
1762 4847 1837 4914 (a)
1860 4846 2041 4909 C0105:

2159 4866 2201 4911 ι,
2233 4848 2322 4914 18,
2355 4845 2444 4908 19,
2476 4848 2567 4913 20,
2594 4848 2686 4913 21,
2711 4847 2802 4912 22,
2834 4846 2924 4912 23,
2958 4845 3048 4912 24,
3080 4842 3151 4897 25
3186 4861 3202 4912 ;
3229 4860 3307 4914 1v,
3342 4848 3397 4912 1,
3447 4844 3525 4916 (b)
3566 4841 3792 4898 Coloss.

361 4923 443 4976 ιιι,
472 4914 556 4965 11.
589 4911 661 4983 (ο)
696 4913 899 4967 Matth.
934 4930 1010 4980 v1,
1046 4917 1150 4981 1ος
1182 4914 1318 4971 Luc.
1346 4931 1424 4985 ιι,
1447 4919 1500 4970 2.
1536 4917 1611 4988 (d)
1641 4911 1868 4975 Coldss.
1899 4936 1987 4989 ιιι,
2022 4924 2041 4976 1

2156 4911 2461 4989 13,14,15.

436 5077 547 5167 (16)
605 5082 740 5167 Τοῖς
786 5075 1069 5167 ’ἀνδράσιν
1129 5080 1207 5143 ὡς
1268 5082 1480 5167 ἀνῄκει.
1540 5085 1672 5167 Τοῖς
1727 5082 1899 5167 ἰδίοις.
1948 5086 2038 5142 ἀν-

361 5147 571 5243 δράσιν,
606 5150 681 5213 ὡς
714 5147 934 5222 ἀνῆκενξ
969 5152 1219 5226 Coloss.,
1242 5147 1536 5224 ubi'mox,
1558 5160 1722 5211 τοῦτο
1752 5159 1857 5235 γὰρ
1880 5147 2025 5216 ἐστιν

368 5242 608 5278 ευαοεστ.

767 5292 994 5367 Κύριον·
1056 5297 1145 5351 καὶ
1204 5302 1308 5352 πᾶν
1366 5297 1397 5353 ὅ
1446 5296 1536 5353 ἐὰν
1593 5319 1653 5355 π.
1714 5302 1821 5357 Τὸν
1873 5305 2024 5358 Θεόν·

360 5365 586 5447 καὶμιᾷν
620 5366 650 5420 ὅ
677 5387 731 5421 τι
762 5365 968 5447 ἐὰνζπη
1001 5370 1248 5447 Coloss._,
1283 5372 1418 5447 _ubi_
1463 5376 2025 5447 uioxJparticipium

361 5434 719 5520 δουλεύοντες
746 5440 1121 5520 desideratu_r
1155 5434 1363 5520 :“d'ein,
1398 5444 1427 5498 ὁ
1575 5434 1775 5520 άδῖκῶν
1804 5434 2022 5520 κόμιεῖ-

357 5530 445 5567 ται
480 5507 728 5591 ὅςῆδκει
756 5529 1017 5591 rursum,
1074 5510 1300 5578 δούλοις
1349 5507 1680 5591 παρέχεσθε·
1723 5507 1888 5591 mox;
1916 5518 2024 5576 Κύ-

359 5602 477 5659 ριον
498 5580 562 5659 ἐν
596 5582 873 5659 οὐρανοῖς,

433 5654 543 5739 μθ)
578 5650 857 5739 Θάρξαρος
902 5659 999 5713 Σκ.
1017 5729 1032 5739 _
1050 5650 1367 5739 βάρϐαρος,
1387 5657 1502 5739 καὶ.
1530 5660 1765 5739 Σκύθης,
1826 5658 2025 5725 δοῦλος

359 5724 450 5781 καῖ
483 5724 664 5797 ἐλεύθξ
694 5724 942 5797 Colo_ss.,
974 5729 1075 5784 ubi
1104 5724 1249 5785 mox'
1273 5728 1421 5787 ἀλλὰ
1446 5732 1514 5786 τὰ
1543 5724 1734 5790 πάντα.

434 5801 547 5877 (l_9)_
576 5796 756 5856 Ei'xtbv
793 5795 1056 5877 ﬁtﬁig
1095 5798 1214 5877 οὐρ.
1275 5802 1369 5859 Sic
1425 5804 1601 5863 Hebr.
1663 5824 1742 5877 ix,
1796 5808 1864 5862 23
1900 5823 1914 5865 :
1947 5807 2029 5865 Τὰ

363 5865 728 5944 ὑπεδείγματα
755 5873 861 5926 τῶν
892 5866 949 5924 ἐν
966 5865 1085 5935 τοῖς
1105 5865 1380 5951 οὐρανοῖς.

2219 5090 2332 5173 (2Q)
2356 5089 2550 5217 Ὅπερ.
2585 5086 2824 5170 Rectius
2854 5086 3005 5142 forte
3037 5082 3249 5213 διόπερ,
3286 5106 3316 5136 ιι
3349 5086 3712 5157 quapropter
3733 5099 3794 5167 ᾖ»

2219 5169 2338 5217 mit
2394 5161 2492 5217 Svl
2540 5203 2553 5216 .
2601 5159 2825 5217 Scribe.
2885 5156 3075 5217 διόπερ
3121 5157 3178 5212 εὐ
3225 5158 3397 5217 όμεθα
3424 5154 3514 5208 καὶ
3546 5152 3633 5207 ἐπὶ
3690 5174 3792 5217 γ-ης

2138 5152 2338 5247 inquit
2394 5152 2553 5247 5x112:
2579 5159 2832 5247 Scribe;
2872 5156 3075 5247 ἐδεύετει
3121 5152 3398 5247 amr”?
3424 5152 3792 5247 ξάὶηέθξὲῇς

2136 5212 2637 5309 γενῗέσθνα-ιζτῖξ-θέλη
2648 5212 2853 5309 μαὲὀῧ-
2866 5212 3106 5309 emitti):
3135 5228 3189 5283 ἐν
3217 5212 3477 5309 οὐρανοῖς
3488 5270 3498 5281 .
3508 5212 3791 5309 3211181sz

2209 5308 2322 5379 (21)
2359 5307 2439 5360 Ἐκ
2453 5300 2806 5379 δυσάμενοιμ
2823 5307 2965 5379 Rost
2993 5300 3223 5379 a‘liqu_ot
3254 5300 3590 5379 interjecta,
3626 5300 3798 5379 redit

2137 5370 2467 5435 ad‘Coloss.
2500 5370 2721 5440 111.12:
2753 5372 3074 5431 Ἐνδύσασθε
3096 5370 3227 5441 οὖν,
3260 5371 3336 5434 ὡς
3392 5370 3640 5427 ἶκλεκτοὶ
3694 5375 3794 5425 τοῦ

2137 5453 2276 5526 Θεοῦ
2308 5453 2451 5526 ἅγιοι
2482 5450 2573 5504 καὶ
2603 5448 2977 5526 ἠγαπημένοι,
3009 5442 3300 5526 σπλάγχγα
3339 5442 3664 5526 οἰκτιρμῶν,
3695 5442 3791 5526 χρζ

2208 5524 2322 5594 (22)
2353 5515 2564 5594 "Epist,
2622 5515 2815 5594 οὕτως
2852 5517 2940 5572 καὶ
2964 5515 2970 5517 ’
2998 5515 3421 5594 ἡμεῖςξ-ξἹῖμῖν,
3478 5518 3652 5594 οὕτως
3685 5515 3795 5594 ,κάξ

2138 5586 2313 5666 ὑμεῖς,
2373 5586 2623 5666 Coloss.,
2666 5592 2766 5649 ubi
2804 5607 2994 5666 mox,
3023 5586 3446 5666 τήν-ἀγάπην,
3502 5591 3624 5662 ἣτις
3682 5588 3794 5643 ἐστὶ

2137 5657 2697 5739 σύνδίάθὶῐὴεῖρήνη
2716 5664 2830 5739 Δτοῦ
2876 5664 3010 5717 Θεοῦ
3045 5657 3399 5739 βασμιλεύὲτω,

2211 5739 2325 5811 (23)
2357 5729 2652 5810 Τυράννού.
2687 5729 2849 5790 Ὀιιῐιι
2881 5729 3327 5811 praepositione
3385 5734 3706 5810 legendum
3736 5729 3799 5788 ἐκ

2138 5806 2570 5888 τυράννου,ἐθιι
2593 5811 2731 5882 πρὸς
2760 5806 3047 5880 τυράννου.
3081 5807 3355 5863 Summo.
