4138 6388
499 370 642 430 1279

1732 368 2145 427 πωπω
2177 366 2682 427 Αιωκυιιηιι

3773 374 3901 433 1280

498 501 797 568 libertate,
830 503 890 555 et
914 514 1023 572 pro
1071 497 1268 571 seipso
1315 496 1489 565 mori,
1536 496 1619 552 ita
1656 496 1838 553 etiam
1886 495 2147 551 mulieri.

2272 512 2323 547 τε
2352 490 2685 570 ἐλευθερίας,
2721 493 2852 571 ὑπέρ
2906 515 2968 551 τε
3023 496 3243 568 δαυτοῦ,
3296 496 3374 560 ὡς
3427 493 3607 561 αὕτως
3661 499 3776 573 (24)
3824 501 3905 557 καὶ

504 591 633 646 Non
660 594 749 644 est
778 588 936 645 enim
967 587 1079 642 hoc
1108 587 1415 659 proprium
1447 584 1850 642 masculorum
1901 590 2151 651 natura),

505 679 611 735 sed
640 678 956 733 bonorum.
1001 678 1069 730 Et
1100 693 1281 731 senex
1313 692 1447 748 ergo
1481 675 1818 747 etjuvenis,
1850 680 1909 729 ct
1938 675 2157 730 mulier

505 774 563 824 et
591 784 812 833 servus,
840 766 1139 822 mandatis
1178 766 1463 822 obediens
1512 765 1770 822 ﬁdeliter
1792 766 1964 830 vivet,
1992 772 2073 833 et,
2105 765 2154 821 si

504 874 652 929 opus
668 857 867 924 fuerit,
887 857 1177 911 morietur
1201 874 1213 923 ;
1240 855 1399 927 quod
1419 855 1659 926 quidem
1674 854 1851 911 fuerit
1867 871 1972 927 per
1992 871 2155 910 mor-

500 952 620 1002 tem
650 946 952 1001 viviﬁcari.
1007 946 1235 1000 Scimus
1284 944 1527 1016 quidem
1558 950 1715 999 certe
1750 950 1809 999 et
1849 961 2068 1015 pueros
2099 948 2158 999 et

500 1035 784 1092 mulieres
804 1041 862 1091 et
879 1051 1078 1090 servos
1102 1052 1280 1107 saepe,
1304 1034 1504 1089 invitis
1526 1033 1872 1106 parentibus
1895 1040 1952 1088 et
1972 1033 2155 1088 mari-

498 1126 575 1181 tis
605 1132 665 1181 et
691 1126 971 1193 dominis,
1005 1125 1259 1181 evasisse
1290 1130 1566 1197 optimos.
1610 1126 1735 1180 Non
1771 1124 1969 1179 minus
2019 1140 2154 1196 ergo

501 1221 775 1288 prompto
809 1220 867 1270 et
897 1215 1079 1270 alacri
1111 1216 1310 1270 animo
1343 1231 1445 1269 eos
1475 1230 1605 1269 esse
1635 1218 1888 1285 oportet,
1927 1213 2027 1286 qui
2059 1214 2154 1285 pie

500 1306 679 1361 vitam
710 1311 850 1361 sunt
878 1304 1089 1373 acturi,
1118 1321 1255 1360 cum
1285 1304 1393 1358 visi
1420 1303 1644 1359 fuerint
1674 1303 1861 1375 aliqui
1909 1321 2011 1359 eos
2058 1320 2155 1359 ar-

504 1410 639 1451 cere
663 1411 677 1461 ;
698 1393 801 1449 sed
821 1393 1009 1449 multo
1027 1394 1215 1466 magis
1236 1393 1512 1448 convenit
1531 1392 1892 1448 contendere
1916 1396 1974 1447 et
1995 1409 2157 1465 egre—

501 1484 594 1558 gie
653 1482 980 1550 decertare,
1034 1499 1109 1538 ne
1167 1482 1303 1538 victi
1360 1481 1637 1537 excidant
1681 1480 1755 1537 ab
1803 1482 2045 1553 optimis
2099 1487 2158 1536 et

500 1573 757 1630 maxime
787 1573 1144 1629 necessariis
1167 1572 1452 1628 consiliis.
1476 1575 1677 1644 Neque
1700 1572 1859 1628 enim
1881 1572 2155 1627 existimo

499 1663 689 1720 ullam
720 1663 1035 1718 admittere
1065 1663 1595 1734 comparationem,
1617 1667 1821 1717 utrum
1842 1662 1921 1716 sit
1941 1660 2156 1716 melius

500 1752 718 1809 ascribi
745 1752 807 1807 in
830 1752 1197 1808 consortium
1225 1752 1687 1824 Omnipotentis,
1710 1767 1785 1806 an
1814 1749 2155 1805 daemonum

2265 582 2498 655 γυναικί·
2559 582 2624 637 οὗ
2674 585 2778 659 γᾶρ
2857 590 2958 655 τῆς
3013 588 3122 640 τῶν
3202 583 3439 661 ἀρρένων
3496 585 3706 663 φύσεως
3763 591 3906 645 τοῦτδ

2267 669 2431 740 ἴδιον,
2464 672 2609 728 ἀλλὰ
2635 679 2735 743 τῆς
2766 677 2875 728 τῶν
2910 675 3148 749 ἀγαθῶν.
3181 675 3395 737 Πιστῶς
3428 672 3521 731 οὗν
3580 678 3671 731 καὶ
3703 679 3731 733 6
3755 698 3906 753 πρεσ-

2268 755 2465 831 ϐύτης,
2522 762 2613 817 καὶ
2664 764 2692 817 6
2741 764 2880 831 νέος,
2936 764 3028 819 καὶ
3080 765 3109 819 6
3168 762 3406 837 οἰκέτης,
3470 766 3757 822 ὑπακούων
3802 774 3909 833 ταῖς

2267 850 2541 921 ἐντολαῖς,
2578 852 2834 929 βιώσεται
2862 875 2922 909 τε
2950 853 3062 923 καὶ,
3122 852 3213 909 ἐὰν
3275 851 3395 930 δέῃ,
3426 857 3753 928 τεθνήξεται·
3788 855 3908 932 ὅπερ

2267 944 2328 998 ἄν
2362 943 2446 1014 εἴη
2495 941 2583 999 διὰ
2639 945 2870 1000 θανάτου
2930 948 3358 1017 ζωοποιηθῆναι.
3412 948 3596 1021 Ἵσμεν
3649 951 3776 1025 γοῦν
3830 942 3910 1004 καὶ

2267 1030 2484 1104 παῖδας,
2514 1034 2605 1089 καὶ
2636 1039 2919 1109 γυναῖκας,
2951 1036 3041 1090 καὶ
3100 1034 3313 1100 οἰκέτας
3350 1035 3653 1110 πολλάκις,
3684 1037 3908 1094 ἀκόντων

2266 1120 2537 1195 πατέριον,
2571 1119 2661 1174 καὶ
2693 1117 2996 1188 δεσποτῶν,
3054 1121 3146 1175 καὶ
3203 1117 3438 1192 ἂνδρῶν,
3500 1120 3814 1197 βελτίστους
3837 1144 3917 1199 γε-

2267 1209 2502 1284 γονέναι.
2535 1205 2747 1266 Οὔκουν
2780 1208 3008 1265 ἔλαττον
3034 1212 3435 1286 προθυμεῖσθαι
3467 1212 3579 1287 χρὴ
3638 1210 3766 1276 τοὺς
3796 1211 3915 1286 μέλ·

2269 1297 2463 1359 λοντας
2494 1291 2764 1362 θεοσεϐῶς
2827 1301 3032 1371 ζήσειν,
3067 1296 3283 1354 ἐπειδὰν
3325 1298 3526 1375 εἷ’ργειν
3559 1300 3764 1364 αὐτούς
3790 1321 3916 1363 τινες

2268 1385 2524 1443 δοκῶσιν·
2561 1384 2707 1442 ἀλλὰ
2737 1385 2884 1443 πολὺ
2915 1387 3084 1443 πλέον
3118 1391 3276 1462 οἶμαι
3325 1391 3625 1463 προσήκειν
3684 1387 3912 1445 σπεύδειν

2265 1500 2325 1534 τε
2354 1478 2443 1534 καὶ
2470 1477 2832 1553 ἀγωνίζεσθαι
2888 1475 3280 1557 διαφερόντως,
3338 1479 3491 1541 ’ὁπως
3524 1477 3608 1548 ἄν,
3645 1480 3723 1553 μὴ
3751 1482 3912 1552 ἡττη-

2270 1566 2472 1637 θέντες,
2505 1567 2823 1623 ἀποπέσωσι
3041 1572 3151 1624 τῶν
3213 1568 3450 1644 ἀρίστων
3502 1568 3593 1624 καὶ
3643 1570 3914 1644 ἀναγκαιοο

2266 1656 2441 1712 τάτων
2503 1656 2920 1733 βουλευμάτων.
2981 1655 3060 1715 Οὐ
3118 1658 3225 1734 γὰρ
3285 1657 3442 1730 οἶμαι
3500 1656 3785 1734 σύγκρισιν
3813 1657 3914 1713 ἑπι-

2270 1744 2548 1815 δέχεσθαι,
2603 1747 2834 1822 πὶτερον
2890 1747 3137 1820 ἄμεινον,
3198 1747 3474 1818 θιασώτην
3534 1748 3781 1822 γενέσθαι
3831 1751 3916 1801 τοῦ

502 1841 782 1898 tenebras
813 1842 1051 1915 eligere.
1087 1843 1232 1897 Nam
1263 1858 1395 1913 quas
1421 1858 1456 1896 a
1486 1840 1658 1896 nobis
1689 1840 1943 1896 aliorum
1967 1840 2156 1913 gratia

2272 1837 2733 1912 Παντοκράτορος,
2791 1834 2828 1905 ἢ
2884 1837 2947 1891 τὸ
3003 1841 3113 1892 τῶν
3151 1832 3430 1910 δαιμόνων
3463 1835 3684 1893 ἑλέσθαι
3716 1837 3912 1900 σκότος.

506 1931 680 1999 ﬁunt,
713 1946 784 1986 ea
815 1946 1052 2002 semper
1078 1930 1352 1999 facimus,
1375 1929 1577 1986 habito
1601 1929 1675 1985 ad
1705 1929 1841 1985 illos
1861 1935 2158 2001 respectu,

506 2035 762 2091 quorum
792 2020 981 2092 gratia
1003 2025 1278 2091 suscepta
1307 2025 1466 2088 sunt,
1500 2035 1630 2075 eam
1670 2018 1844 2074 nobis
1886 2034 2159 2074 normam

504 2114 930 2180 proponentes,
964 2113 1031 2164 ut
1049 2107 1171 2163 illis
1192 2109 1614 2181 gratificemur.
1640 2109 1777 2173 Quas
1800 2112 2001 2163 autem
2023 2124 2160 2179 pro-

505 2202 639 2271 pter
666 2214 780 2253 nos
812 2198 973 2269 ipsos
997 2198 1193 2270 potius
1220 2214 1399 2269 quam
1430 2204 1674 2270 prapter
1702 2197 1852 2253 alios
1883 2203 2159 2269 aguntur,

506 2286 723 2359 mquali
757 2286 952 2342 studio
984 2303 1019 2342 a
1049 2286 1222 2342 nobis
1253 2286 1343 2359 agi
1392 2287 1632 2355 debent,
1682 2287 1800 2343 sive
1848 2287 2163 2342 videantur

504 2377 655 2435 215
687 2375 989 2448 aliquibus
1019 2376 1276 2448 placere,
1312 2376 1434 2433 sive
1464 2393 1585 2432 non
1633 2376 1963 2431 videantur.
1993 2376 2162 2442 Quod

505 2467 553 2521 si
585 2465 881 2522 nonnulla
913 2482 983 2521 ex
1014 2466 1109 2529 iis,
1140 2482 1274 2538 quas
1307 2470 1448 2521 sunt
1476 2466 1902 2535 indifferentia,
1929 2471 2163 2521 tantum

506 2555 795 2611 honorem
827 2561 969 2610 sunt
997 2560 1293 2622 assecuta,
1324 2559 1392 2611 ut
1416 2555 1597 2610 etiam
1628 2555 1929 2627 aliquibus
1963 2555 2161 2611 invitis

503 2644 817 2706 videantur
834 2661 965 2699 esse
983 2644 1316 2716 expetenda
1337 2660 1404 2700 ac
1426 2643 1701 2718 eligenda
1722 2663 1735 2713 ;
1761 2644 1950 2699 multo
1972 2645 2161 2717 magis

506 2733 969 2789 existimandum
1002 2739 1093 2789 est
1121 2750 1252 2789 esse
1295 2750 1402 2805 pro
1446 2734 1660 2789 virtute
1710 2732 2161 2798 decertandum,

503 2824 657 2879 nihil
687 2823 852 2879 aliud
881 2824 1273 2895 respicientes
1305 2840 1485 2896 quam
1512 2823 1593 2889 id,
1643 2824 1802 2895 quod
1848 2828 2007 2879 recte
2051 2822 2164 2878 ho-

504 2920 793 2985 nesteque
823 2913 947 2986 geri
978 2918 1196 2986 potest,
1231 2913 1349 2968 sive
1383 2913 1442 2968 id
1472 2914 1773 2984 aliquibus
1799 2913 1935 2969 aliis
1963 2913 2165 2969 videa-

507 3008 620 3069 tur,
658 3003 777 3058 sive
808 3019 950 3058 non.
982 3002 1236 3057 Pulchre
1259 3018 1395 3075 ergo
1422 3002 1711 3074 Epicurus
1735 3018 1974 3074 quoque
1998 3000 2161 3070 dicit,

506 3093 774 3149 scribens
792 3091 865 3148 ad
889 3093 1251 3147 Menceceum
1277 3108 1289 3145 :
1313 3113 1341 3141 ‹‹
1364 3093 1479 3147 Nec
1502 3091 1549 3146 si
1573 3092 1652 3146 sit
1669 3091 1887 3163 aliquis
1901 3091 2161 3163 juvenis,

506 3182 743 3238 differat
754 3181 1161 3253 phiIOSOphari
1191 3197 1415 3253 :neque
1431 3181 1479 3236 si
1494 3181 1571 3236 sit
1588 3197 1789 3250 senex,
1804 3180 2160 3254 defatigetur
2191 3201 2234 3269 ο

506 3271 1013 3345 philosophando;
1038 3286 1176 3326 nam
1196 3287 1305 3327 nec
1319 3275 1410 3326 est
1425 3270 1643 3342 aliquis
1656 3273 2033 3339 immaturus,
2052 3286 2155 3325 ne-

505 3378 620 3433 que
654 3361 833 3416 nimis
859 3366 1149 3433 provecta,
1180 3366 1240 3416 et
1269 3361 1569 3416 exhaustaa
1601 3361 1814 3430 aetatis,
1837 3360 1910 3415 ad
1939 3359 2163 3431 adipis-

503 3451 757 3508 cendam
788 3451 974 3507 animi
1005 3451 1342 3507 sanitatem.
1370 3451 1477 3516 Qui
1500 3456 1696 3507 autem
1721 3451 1867 3508 dicit
1891 3450 2162 3506 nondum

503 3558 635 3596 esse
648 3540 736 3596 vel
750 3539 1109 3611 praeteriisse
1124 3546 1359 3613 tempus
1372 3539 1834 3612 philosophandi
1848 3539 2061 3594 similis
2075 3545 2165 3594 est

503 3630 559 3686 ei
578 3629 680 3701 qui
695 3628 841 3684 dicit
856 3629 931 3685 ad
948 3629 1387 3685 beatitudinem
1404 3629 1495 3685 vel
1509 3628 1778 3684 nondum
1792 3628 1999 3684 adesse
2021 3632 2163 3683 tem-

502 3735 636 3793 pus,
652 3718 741 3774 vel
757 3724 991 3791 tempus
1007 3721 1587 3791 prmteriisseﬂuare
1602 3724 1661 3773 et
1664 3719 1891 3790 juniori
1904 3719 2164 3791 philoso-

503 3808 810 3882 phandum
826 3807 890 3873 is
909 3814 1017 3876 est,
1040 3815 1099 3865 et
1118 3809 1247 3865 seni
1274 3826 1287 3863 :
1306 3809 1445 3864 huic
1463 3807 1730 3879 quidem,
1754 3813 1820 3863 ut
1844 3824 2163 3863 senescens

493 3899 847 3972 juvenescat
884 3898 1081 3967 bonis,
1132 3916 1239 3972 per
1285 3898 1536 3972 gratiam
1581 3913 1786 3952 eorum
1830 3912 1963 3969 quas
2008 3896 2166 3953 facta

498 3988 762 4057 fuerint;
795 3989 883 4045 illi
918 3995 1140 4057 autem,
1172 3995 1240 4044 ut
1268 3988 1346 4044 sit
1384 3988 1566 4043 simul
1586 3988 1826 4060 juvenis
1871 3993 1931 4044 et
1960 4005 2163 4058 senex,

495 4095 607 4154 per
635 4078 978 4137 futurorum
1009 4083 1206 4134 metus
1232 4078 1611 4135 vacuitatem.
1645 4099 1673 4128 η

2264 1927 2343 1982 Τά
2375 1925 2593 2001 μὲνγὰρ
2652 1923 2841 1980 ἄλλων
2895 1921 3053 1981 ἓνεκα
3108 1927 3459 2002 πραττόμενα
3496 1928 3636 1999 ἡμῖν
3680 1927 3914 1983 ἑκάστοτε

2264 2017 2569 2091 πράξαιμεν
2601 2012 2685 2084 ἄν,
2745 2015 2822 2079 εἷς
2877 2014 3117 2079 έκείνους
3176 2010 3514 2071 ἀποϐλέπειν
3568 2017 3914 2092 πειρώμενοι,

2262 2108 2336 2161 ὧν
2367 2101 2525 2159 ἕνεκα
2548 2104 2791 2180 γίνεσθαι
2826 2100 2998 2174 δοκεῖ,
3036 2105 3233 2179 μέτρον
3278 2104 3588 2179 ἡγούμενοι
3645 2109 3807 2161 τοῦτο
3857 2105 3913 2160 τὸ

2262 2195 2315 2251 ἐν
2348 2194 2575 2256 ἐκείνοις
2603 2195 3026 2270 κεχαρισμένον·
3062 2191 3095 2249 ἃ
3154 2190 3213 2249 δὶ
3265 2195 3444 2249 αὑτῶν
3471 2197 3584 2268 (26)
3616 2193 3830 2269 μᾶλλον
3879 2191 3911 2264 ἤ

2261 2290 2421 2341 τινῶν
2452 2284 2673 2359 ἐτέρων,
2704 2288 2873 2339 ταῦτα
2904 2282 2962 2340 ἄν
3031 2285 3168 2358 ἡμῖν
3199 2284 3438 2360 γίγνοιτο
3501 2285 3641 2358 μετὰ
3678 2287 3775 2351 τῆς
3804 2282 3914 2354 ἴσης

2262 2372 2525 2443 σπουδῆς,
2559 2373 2646 2429 ἐάν
2679 2395 2739 2428 τε
2770 2374 3017 2448 ἀρέσκειν
3075 2372 3187 2429 τισὶ
3246 2371 3406 2448 δοκῇ,
3440 2372 3529 2429 έάν
3560 2395 3622 2429 τε
3676 2374 3763 2429 καὶ
3820 2374 3907 2447 μή.

2261 2464 2327 2522 El
2385 2462 2451 2533 δὴ
2508 2468 2618 2518 τῶν
2665 2460 2980 2538 ἀδιαφόρων
3039 2459 3156 2517 ἔνια
3202 2462 3462 2533 τοιαύτην
3495 2460 3702 2539 εἴληχε
3730 2462 3909 2535 τιμὴν,

2264 2552 2404 2609 ὥστε
2456 2552 2549 2607 καὶ
2605 2551 2850 2607 ἀκόντων
2905 2556 3066 2606 τινῶν
3101 2552 3289 2627 αἱρετὰ
3353 2551 3489 2606 εἶναι
3540 2548 3747 2624 δοκεῖν,
3777 2548 3907 2607 πολῦ

2264 2640 2323 2697 δὲ
2350 2640 2520 2698 πλέον
2550 2643 2647 2712 τὴν
2682 2642 2876 2717 ἀρετὴν
2934 2641 3324 2717 περιμάχητον
3380 2641 3698 2714 νομιστέον·
3734 2642 3807 2714 μή
3836 2638 3905 2701 εἷς

2264 2729 2406 2787 ἄλλο
2436 2751 2488 2785 τι
2520 2730 2861 2805 ἀφορῶντας,
2916 2726 3063 2785 ἀλλὰ
3091 2729 3170 2792 εἰς
3197 2729 3328 2785 αὐτὸ
3352 2729 3416 2785 τὸ
3445 2728 3637 2793 καλῶς
3670 2734 3910 2805 πραχθῆ-

2262 2841 2350 2876 ναι
2382 2817 2703 2893 δυνάμενον,
2732 2817 2820 2875 ἐάν
2863 2840 2923 2875 τε
2972 2819 3178 2893 ἑτέροις
3231 2815 3367 2893 δοκῇ
3427 2840 3589 2886 τισιν,
3634 2818 3724 2875 ἐάν
3752 2816 3911 2875 τεκαὶ

2267 2913 2368 2985 μή.
2405 2907 2602 2971 Καλῶς
2633 2909 2724 2964 οὗν
2785 2908 2875 2964 καί
2927 2910 3260 2984 Ἐπίκουρος
3318 2910 3581 2966 Μενοικεῖ
3633 2912 3749 2985 (2⁵7)
3798 2909 3910 2984 γρά-

2266 3020 2398 3079 φων·
2430 3027 2449 3048 ο
2471 3000 2629 3070 Μήτε
2658 3000 2777 3063 νέος
2803 3002 3011 3073 (28)τις
3031 2995 3104 3054 ὤν
3142 2997 3394 3073 μελλέτω
3425 2998 3911 3079 φιλοσοφεῖν,μήτε

2264 3091 2441 3167 γέρων
2479 3088 2741 3166 ὑπάρχων
2782 3089 3031 3144 κοπιάτω
3088 3087 3429 3167 φιλοσοφῶν·
3465 3087 3589 3145 οῧτε
3647 3091 3749 3166 γὰρ
3807 3085 3912 3143 Hm-

2274 3199 2365 3256 ρος
2395 3175 2571 3240 οὐδείς
2627 3178 2790 3249 ἐστιν,
2841 3177 2964 3233 οὕτε
3020 3179 3279 3254 πάρωρος
3321 3177 3459 3253 πρὸς
3485 3177 3548 3234 to‘
3580 3177 3722 3234 κατὰ
3749 3177 3915 3253 ψυχὴν

2276 3267 2536 3344 ὑγιαίνειν
2569 3270 2700 3340 (29).
2734 3268 2795 3325 Ὀ
2826 3264 2883 3323 δὲ
2913 3265 3111 3344 λέγων,
3149 3269 3318 3341 μήπω
3376 3270 3489 3341 (30)
3547 3272 3649 3323 τοῦ
3709 3265 3920 3328 φιλοσο-

2271 3362 2386 3437 φεῖν
2447 3356 2715 3433 ὑπάρχειν
2774 3357 2953 3433 ὥραν,
3011 3355 3048 3427 ἢ
3104 3354 3549 3432 παρεληλυθέναι
3604 3359 3708 3426 τὴν
3767 3353 3920 3433 ὢραν,

2267 3445 2468 3522 ὅμοιός
2495 3446 2607 3503 ἐστι
2656 3451 2738 3521 τῷ
2788 3445 3033 3522 λέγοντι,
3085 3447 3223 3522 πρὸς
3278 3444 3636 3520 εὐδαιμονίαν
3670 3447 3706 3517 ἢ
3767 3447 3920 3522 μήπω

2270 3541 2519 3609 παρεῖναι
2542 3537 2657 3613 (31)
2682 3537 2780 3606 τὴν
2811 3535 2978 3612 ὥραν,
3011 3534 3047 3605 ἢ
3075 3536 3269 3610 μηκέτ’
3318 3536 3451 3591 εἶναι
3483 3536 3582 3605 τήν
3615 3535 3760 3613 ὥραν
3791 3536 3914 3608 (32).

2269 3628 2432 3682 ’Ὥστε
2462 3625 2866 3705 φιλοσοφητέον
2925 3624 3016 3680 καὶ
3073 3624 3325 3700 νεωτέρῳ
3382 3625 3472 3681 καὶ
3523 3625 3743 3703 γέροντι
3799 3626 3918 3699 (33)·

2270 3720 2349 3788 τῷ
2409 3716 2528 3790 μὲν,
2585 3716 2735 3779 ὅπως
2794 3716 3087 3791 γηράσκων
3163 3713 3325 3788 νεάζῃ
3378 3718 3497 3777 τοῖς
3560 3715 3785 3790 ἀγαθοῖς
3838 3711 3916 3768 διὰ

2270 3808 2371 3876 τὴν
2406 3804 2568 3882 χάριν
2593 3810 2704 3861 τῶν
2729 3804 3057 3882 γεγονότων,
3086 3808 3167 3878 τῷ
3198 3802 3278 3873 δὲ,
3308 3805 3460 3867 ὃπως
3515 3805 3783 3880 νέοςνᾶμα
3830 3803 3910 3860 καὶ

2272 3892 2509 3959 παλαιὸς
2533 3892 2571 3970 ᾗ
2603 3892 2695 3950 διὰ
2719 3896 2820 3965 τὴν
2849 3889 3085 3973 ἀφοϐίαν
3104 3896 3214 3951 τῶν
3248 3893 3596 3969 μελλόντων.
3634 3918 3664 3946 )›

1071 4289 1200 4354 Qua,v
1230 4270 1479 4346 Christus
1498 4288 1567 4343 de
1594 4289 1859 4359 martyrii
1890 4196 2605 4358 benegggud'lirizcolligit
2636 4284 2695 4338 in
2725 4298 2897 4338 unum
2926 4288 3093 4353 atque
3120 4280 3386 4337 illustrat.

571 4415 652 4469 De
664 4413 950 4486 martyrio
963 4418 1163 4469 autem
1177 4419 1381 4486 aperte
1394 4412 1541 4469 dixit
1559 4413 1946 4483 Dominus(ea
1956 4417 2156 4468 autem

2337 4407 2473 4482 Περὶ
2507 4404 2682 4461 δὶτοῦ
2717 4403 3021 4481 μαρτυρίου
3076 4400 3379 4480 διαρῥήδην
3434 4403 3465 4457 6
3516 4401 3717 4479 Κύριος
3771 4397 3911 4475 εἴρη-

499 4502 681 4557 simul
712 4503 1168 4576 conjungemus,
1201 4519 1333 4575 quas
1365 4502 1611 4559 diversis
1642 4503 1705 4557 in
1749 4502 1896 4557 locis
1926 4502 2149 4573 scripta

2272 4518 2345 4554 ιεν
2405 4497 2545 4572 (καὶ
2600 4496 2671 4552 τὰ
2728 4492 3006 4574 διαφόρως
3091 4492 3447 4570 γεγραμμένα
3516 4492 3866 4565 συντάξομεν)
3898 4526 3911 4543 .

571 4635 636 4700 is
657 4633 720 4687 P.
754 4634 860 4688 595
889 4633 1001 4688 ΕΙ).
1035 4632 1331 4702 POTTER,
1364 4636 1468 4688 502
1500 4634 1613 4689 ΕΙ).
1638 4631 1869 4687 PARIS.

573 4760 787 4829 (24)¹Ως
816 4756 1012 4824 αὕτως.
1033 4762 1137 4819 Vel
1167 4762 1485 4829 conjuncte
1516 4758 1800 4819 ὡσαυτως.

574 4827 689 4906 (25)
730 4831 1095 4906 ’Λποπέσωσι.
1158 4827 1386 4906 Dupiex
1443 4836 1534 4887 est
1588 4831 1789 4901 lectio,
1842 4827 2159 4885 ἀποπέσωσι

503 4910 563 4961 et
583 4902 990 4963 ἆποπταίσωσι.
1026 4902 1301 4962 ΞγῐιΒυῐιό.

573 4978 683 5045 (26)
713 4976 927 5035 Αὐτῶν.
964 4977 1065 5033 Vel
1093 4977 1274 5032 αὑτῶν
1303 4990 1498 5047 asper.

577 5052 687 5117 (27)
744 5048 1068 5119 Ἐπίκουρος
1127 5050 1263 5106 Μεν.
1325 5046 1527 5119 Exstat
1597 5046 1725 5102 haac
1799 5046 2053 5117 epistola
2099 5046 2161 5101 in

502 5122 743 5192 Epicuro
770 5118 1047 5193 Diogenis
1070 5119 1281 5193 Laertii
1333 5118 1437 5193 lib.
1498 5136 1556 5187 x,
1591 5135 1782 5193 segm.‘
1810 5119 1912 5193 122
1943 5123 2002 5173 et
2030 5135 2156 5193 seq.

575 5192 689 5263 (28)
766 5190 922 5261 Μήτε
977 5196 1120 5251 νέος.
1175 5192 1311 5247 Haec
1368 5190 1518 5263 forte
1568 5190 1815 5262 respicit
1859 5190 2157 5259 Horatius,

500 5262 739 5336 Epicuri
773 5266 1005 5321 scilicet
1032 5263 1385 5334 discipulus,
1419 5262 1594 5333 epist.
1630 5262 1682 5329 1,
1715 5278 1766 5330 v,
1790 5262 1857 5315 23
1892 5278 1906 5317 :

500 5372 590 5429 Sic
620 5371 760 5426 mihi
791 5372 955 5427 tarda
981 5373 1183 5440 ﬂuunt,
1206 5371 1543 5440 ingrataque
1573 5373 1850 5440 tempora,
1871 5384 1993 5438 qua:
2006 5384 2157 5439 spem

502 5443 917 5512 Consiliumque
961 5449 1254 5497 morantur
1277 5439 1487 5511 agendi
1516 5442 1773 5510 gnaviter
1790 5439 1872 5505 id,
1900 5440 2050 5511 quod

499 5518 675 5585 dique
692 5515 1035 5585 pauperibus
1059 5514 1305 5584 prodest,
1342 5512 1701 5583 locupletibus
1738 5526 1891 5585 teque
1921 5528 1939 5566 .'

500 5583 675 5658 JEQue
692 5583 1012 5656 neglectum
1032 5583 1247 5658 pueris,
1277 5586 1601 5654 senibusque
1629 5583 1865 5638 nocebit.

714 5692 1024 5768 Ὑγιαίνειν,
1083 5693 1370 5768 Ὑγιαῖνον,
1392 5763 1407 5768 _
1428 5693 1616 5768 Laert.
1661 5690 1939 5768 _I_Jtraq1_1e
1977 5689 2152 5768 lectio

500 5761 698 5854 ma.
718 5761 827 5828 θείη
858 5761 1163 5854 metuitis
1178 5767 1305 5854 Net;
1325 5763 1422 5854 ,εξέ
1438 5764 1634 5854 East:
1655 5761 2151 5854 Paestani-ist?

504 5832 778 5908 ὑγιαίνειν,
820 5832 962 5907 quia
988 5839 1220 5894 videtur
1248 5842 1552 5906 utcunque
1583 5832 1801 5891 melius
1824 5832 2061 5905 {inquit
2087 5832 2151 5891 in

2276 4759 2409 4812 Vita
2438 4755 2667 4827 Epicuri
2687 4752 3043 4827 cassendus.

2344 4830 2459 4899 (30)
2480 4820 2693 4899 Πήπω.
2736 4826 3002 4899 Laertius
3059 4821 3096 4892 ἢ
3130 4825 3314 4899 μήπωΔ
3333 4823 3560 4899 scribit.
3582 4820 3911 4899 Quinetiam

2273 4894 2762 4975 Gassen‘doapud
2792 4894 3161 4954 Clementem
3192 4894 3776 4975 desiderari_videtur
3791 4906 3913 4975 par;

2273 4954 2513 5038 ticulaﬁﬁ
2548 4970 2621 5026 ob
2645 4954 3029 5041 consequens
3063 4969 3423 5037 membrum,
3446 4967 3548 5023 ubi
3581 4954 3835 5023 occurrit
3877 4954 3910 5026 ἤ

2273 5044 2349 5115 μή
2360 5062 2466 5107 πω,
2494 5042 2529 5112 ἢ
2565 5041 2785 5115 μηκέτι.

2344 5105 2460 5183 (31))
2513 5105 2696 5184 Mum
2752 5115 3039 5185 παρεῖναι.
3098 5111 3191 5178 Μὴ
3249 5113 3509 5185 παρεῖναι
3556 5110 3746 5165 Laert.
3790 5105 3911 5185 ple-

2268 5180 2489 5243 mentis
2516 5180 2696 5243 lectio
2728 5180 2992 5257 Menagio
3024 5185 3212 5257 magis
3250 5180 3466 5256 placet,
3496 5180 3909 5257 itemque‘Gas-

2268 5260 2473 5349 sendo,
2504 5276 2572 5315 eo
2604 5258 2766 5330 quod
2798 5251 2990 5330 μήτῖω,
3034 5262 3100 5312 ut
3126 5251 3229 5325 ait,
3252 5251 3612 5328 "opponatur
3655 5251 3782 5308 voci
3816 5267 3908 5321 μη·

2265 5350 2398 5388 κετι.

2337 5403 2446 5475 (32)
2505 5401 2711 5475 Militari
2777 5399 2911 5475 εἶναι
2995 5398 3094 5468 τὴν
3184 5394 3329 5471 ὥραν
3457 5395 3671 5475 Μηκέτι
3732 5390 3865 5475 εἶναι
3896 5428 3910 5455 ,

2264 5468 2483 5542 Laert.,
2517 5468 2620 5531 sed
2649 5473 2748 5542 τὴν
2783 5469 2928 5545 ὥραν
2983 5488 3106 5527 non
3166 5468 3438 5545 agnoscit
3467 5488 3479 5525 :
3514 5468 3671 5541 quod
3724 5472 3911 5522 tamen

2265 5547 2567 5602 Gassendo
2599 5563 2722 5601 non
2754 5542 3081 5617 incongrue
3126 5542 3315 5617 repeti
3346 5542 3602 5610 videtur,
3634 5545 3912 5617 quatenus

2263 5620 2517 5691 repetita
2568 5635 2816 5691 quoque
2870 5610 2967 5672 inv
2992 5610 3300 5688 superiore
3359 5610 3683 5686 contraque
3732 5610 3911 5682 posito

2265 5690 2533 5747 membro
2555 5690 2687 5746 fuit.

2474 5745 2614 5817 Kal.”
2642 5757 2918 5835 νεωτέρω,
2977 5756 3076 5835 xui
3125 5757 3364 5835 γέροντι.
3384 5829 3401 5835 _
3421 5754 3527 5835 Kal
3588 5754 3801 5835 γέροντι
3836 5745 3913 5802 καὶ

2264 5825 2392 5906 νέῲ,
2424 5825 2613 5890 Laert.
2639 5825 2825 5891 Porro
2854 5825 3118 5905 Menagio
3139 5825 3356 5904 'p'laoet
3383 5829 3566 5887 lectio
3598 5825 3912 5891 Laertiana,
