4138 6398
274 428 410 486 1281

1609 403 2057 481 summum
2097 427 2230 481 ua.
2271 429 2368 482 1v.

3569 427 3708 484 1282

271 554 432 630 Λέγω
491 551 550 608 δὶ
603 553 730 624 ὑμῖν
765 570 778 584 ’
841 554 952 614 Πᾶς
1026 551 1086 612 ὃς
1163 547 1253 604 ἰὰν
1330 551 1437 621 (34)
1498 546 1822 623 ὁμολογήσῃ
1879 545 1932 602 ἐν

2073 571 2160 609 .un
2171 556 2209 625 t)
2236 571 2249 609 :
2274 577 2301 604 ‹‹
2330 555 2469 610 Dico
2488 559 2685 610 autem
2712 553 2880 610 vobis
2905 571 2917 608 :
2942 575 2970 604 «
3004 553 3429 623 Quicunquein
3451 569 3546 608 me
3569 569 3706 609 con-

271 645 398 718 ἔμοι
450 641 758 716 ἔμπροσθεν
814 644 922 695 τῶν
978 639 1302 714 ἀνθρώπων,
1346 638 1437 692 καὶ
1473 639 1501 692 ὁ
1535 637 1660 701 Υἱὸς
1687 641 1785 692 τοῦ
1839 637 1935 692 ἆν-

273 733 499 808 θρώπου
557 729 901 805 ὁμολογήσει
959 727 1011 783 ἐν
1081 727 1228 800 αὐτῷ
1279 721 1580 802 ἔμπροσθεν
1629 732 1736 781 τῶν
1788 727 1939 803 ἐγγέ-

275 821 387 878 λων
421 824 517 876 τοῦ
549 825 702 876 Θεοῦ.
737 821 842 876 Τὸν
904 816 961 873 δὲ
990 815 1366 891 ἀρνησάμενόν
1422 837 1489 889 με
1541 815 1769 870 ἐνώπιον
1828 821 1934 872 τῶν

278 913 600 987 ἀνθρώπων,
657 910 1046 981 ἀπαρνήσομαι
1096 906 1280 987 αὐτὸν,
1320 904 1624 981 ἔμπροσθεν
1677 910 1785 959 τῶν
1840 906 1940 981 ἀγ-

277 1001 456 1078 γέλων
510 1003 644 1073 (35).
698 1000 792 1060 ’ος
835 997 936 1074 γὰρ
991 995 1049 1051 ἂν
1103 996 1443 1072 ἐπαισχυνθῇ
1479 1017 1567 1069 με,
1600 995 1635 1065 ἢ
1664 994 1793 1058 τοὺς
1827 997 1936 1067 (36)

278 1089 446 1165 ἐμοὺς
503 1088 702 1164 λόγους
760 1087 812 1142 ἐν
855 1090 924 1160 τῇ
973 1090 1129 1162 γενεᾷ
1169 1085 1339 1156 ταύτη
1388 1089 1455 1160 τῇ
1502 1082 1798 1160 μοιχαλίδι
1848 1083 1938 1138 καὶ

281 1179 621 1254 ἁμαρτωλῷ,
676 1177 764 1232 καὶ
821 1177 848 1231 6
880 1176 1004 1238 Υἱὸς
1038 1179 1136 1229 τοῦ
1167 1175 1456 1248 ἀνθρώπου
1505 1174 1938 1250 ἐπαισχυνθήσε-

277 1290 367 1326 ται
399 1269 579 1341 αὐτὸν,
635 1265 763 1322 ὅταν
815 1260 948 1340 ἔλθῃ
997 1264 1048 1320 ἐν
1097 1268 1166 1338 τῇ
1219 1263 1347 1339 δόξῃ
1377 1268 1474 1320 τοῦ
1509 1264 1718 1339 Ιιατρὸς
1748 1264 1938 1331 αὐτοῦ,

284 1359 420 1432 μετᾶ
447 1361 556 1413 τῶν
589 1354 841 1431 ἀγγέλων
883 1354 1068 1410 αὐτοῦ.
1131 1359 1240 1416 Πᾶς
1302 1352 1393 1408 οῦν
1448 1353 1596 1416 ὅστις
1654 1353 1742 1408 ἐὰν
1802 1354 1942 1425 ὁμο-

279 1446 494 1522 λογήσῃ
524 1449 640 1521 (3⁸1)
673 1445 723 1500 ἐν
759 1445 884 1519 ἐμοὶ
931 1442 1236 1520 ἔμπροσθεν
1268 1447 1375 1498 τῶν
1425 1443 1749 1518 ἀνθρώπων,
1803 1443 1940 1516 ὁμο-

279 1537 512 1614 λογήσω
561 1535 716 1611 κάγὼ
765 1535 818 1590 ἐν
869 1534 1022 1606 αὖτῴ
1054 1531 1356 1609 ἔμπροσθεν
1413 1538 1511 1588 τοῦ
1566 1533 1778 1607 Πατρός
1835 1553 1940 1603 μου

278 1631 376 1683 τοῦ
425 1626 478 1682 ἐν
529 1626 800 1702 οὐρανοῖς.
855 1625 1018 1682 Ὃταν
1067 1621 1125 1678 δὲ
1157 1622 1392 1700 φέρωσιν
1430 1623 1570 1696 ὑμᾶς
1599 1623 1677 1686 είς
1703 1623 1796 1684 τὰς
1831 1624 1940 1694 (38)

282 1717 619 1792 συναγωγὰς,
671 1714 760 1770 καὶ
818 1715 914 1778 τὰς
976 1713 1174 1789 ἀρχὰς,
1232 1714 1323 1768 καὶ
1377 1714 1475 1776 τὰς
1533 1711 1798 1784 ἐξουσίας,
1863 1711 1938 1784 μή

282 1810 700 1880 προμεριμνᾶτε
755 1807 876 1866 πῶς
937 1802 1360 1878 ἀπολογηθῆτε,
1411 1801 1446 1871 ἢ
1503 1803 1556 1857 τί
1610 1800 1821 1872 εἴπητεο
1878 1802 1942 1855 τὸ

285 1895 391 1971 γὰρ
424 1897 575 1970 ἅγιον
628 1897 846 1967 Πνεῦμα
895 1891 1099 1965 διδάξει
1151 1891 1293 1964 ὑμᾶς
1324 1892 1377 1948 ἐν
1429 1891 1567 1966 αὐτῇ
1596 1895 1665 1966 τῇ
1699 1891 1835 1967 ὥρᾳ,
1889 1888 1943 1945 τί

288 1982 372 2040 δεῖ
419 1984 613 2043 εἰπεῖν,
670 2007 698 2036 ››
744 1981 952 2040 Τοῦτον
1004 1981 1370 2055 ἐξηγούμενος
1421 1982 1512 2037 τὸν
1569 1977 1738 2036 τόπον
1783 1982 1952 2053 Ἦρα-

291 2073 469 2130 κλέων
502 2077 637 2148 (39),
672 2074 700 2128 ὁ
729 2076 829 2142 τῆς
870 2070 1238 2130 Οὐαλεντίνου
1289 2071 1504 2146 σχολῆς
1553 2068 1949 2144 δοκιμώτατος,

287 2165 427 2219 κατᾶ
467 2162 610 2236 λέξιν
663 2163 850 2239 φησὶν,
912 2185 933 2213 ι
969 2158 1274 2236 ὁμολογίαν
1338 2162 1469 2215 εἶναι
1518 2161 1618 2228 τήν
1669 2160 1762 2228 μὲν
1797 2158 1848 2213 ἐν
1882 2161 1950 2232 τῇ

288 2252 464 2308 πίστει
509 2253 596 2307 καὶ
639 2250 914 2322 πολιτείᾳ,
962 2251 1063 2319 τήν
1097 2247 1154 2304 δὲ
1207 2249 1259 2304 ἐν
1293 2254 1470 2326 φωνῇ.
1504 2251 1567 2306 Ἡ
1621 2251 1714 2322 μὲν
1766 2246 1856 2302 οῦν
1898 2245 1952 2302 ἐν

289 2345 446 2420 φωνῇ
477 2339 754 2416 ὁμολογία
778 2340 867 2396 καὶ
901 2339 988 2394 ἐπὶ
1014 2343 1122 2394 τῶν
1157 2339 1412 2410 ἐξουσιῶν
1440 2338 1667 2415 γίνεται,
1725 2340 1786 2407 ἣν
1851 2337 1955 2410 μό-

287 2454 409 2501 νην,
443 2431 634 2507 φησὶν,
665 2431 966 2504 ὁμολογίαν
998 2431 1264 2504 ἡγοῦνται
1299 2430 1433 2484 εἶναι
1487 2429 1537 2483 οἳ
1575 2427 1807 2483 πολλοί’
1848 2426 1958 2501 οὐχ

291 2521 481 2597 ὑγιῶς
513 2519 764 2576 δύνανται
800 2517 858 2574 δὲ
886 2519 1090 2588 ταύτην
1123 2519 1224 2587 τὴν
1253 2517 1559 2594 ὁμολογίαν
1590 2517 1681 2573 καὶ
1734 2518 1786 2572 οἱ
1820 2516 1956 2572 ὑπο-

289 2609 472 2688 κριταὶ
530 2608 849 2684 ὁμολογεῖν.
885 2605 1042 2663 ’Λλλ’
1074 2604 1192 2662 οὐδ’
1225 2607 1576 2682 εὑρεθήσεται
1608 2607 1766 2668 οὗτος
1799 2606 1826 2660 ὁ
1857 2603 1955 2660 λόο

291 2721 388 2778 γος
431 2701 742 2761 καθολικῶς
776 2698 1090 2774 εἰρημένος·
1130 2696 1193 2751 οὐ
1222 2697 1324 2771 γὰρ
1379 2696 1575 2758 πάντες
1609 2697 1662 2750 οἱ
1710 2696 1958 2768 σωζόμε-

293 2811 379 2845 νοι
407 2787 782 2863 ὡμολόγησαν
841 2793 940 2856 τήν
991 2784 1080 2840 διὰ
1105 2792 1204 2855 τῆς
1255 2792 1442 2862 φωνῆς
1475 2783 1808 2860 ὁμολογίαν,
1865 2783 1958 2838 καὶ

295 2879 542 2951 ἰξῆλθον.
579 2879 666 2949 Ἐξ
699 2876 772 2932 ὧν
831 2879 1132 2945 Ματθαῖος,
1165 2872 1472 2944 Φίλιππος,
1522 2879 1744 2948 Θωμᾶς,
1796 2875 1959 2936 Λευῗς

299 2974 434 3042 (40),
493 2968 582 3024 καὶ
641 2965 805 3023 ἄλλοι
857 2964 1086 3022 πολλοί.
1150 2965 1247 3019 Καὶ
1289 2963 1434 3020 ἔστιν
1463 2967 1497 3035 ἡ
1529 2961 1618 3019 διὰ
1639 2971 1739 3035 τῆς
1773 2967 1960 3042 φωνῆς

301 3058 583 3132 ὁμολογία
625 3057 690 3112 οὐ
738 3053 1040 3125 καθολικὴ,
1091 3055 1238 3110 ἀλλὰ
1289 3057 1508 3128 μερική.
1570 3053 1848 3122 Καθολικὴ
1881 3051 1959 3121 δὲ,

299 3150 368 3220 ἢν
399 3153 490 3203 νῦν
526 3147 693 3220 λέγει,
720 3146 819 3214 τὴν
855 3145 907 3202 ὲν
963 3141 1148 3220 ἔργοις
1179 3143 1268 3199 καὶ
1326 3146 1547 3219 πράξεσι
1580 3143 1962 3215 καταλλήλοις

297 3242 400 3304 τῆς
431 3237 506 3299 εἷς
538 3235 700 3291 αὐτὸν
731 3234 986 3296 πίστεως.
1041 3237 1270 3290 ”Επεται
1302 3230 1358 3288 δὲ
1387 3235 1557 3309 ταύτῃ
1587 3238 1656 3307 τῇ
1688 3233 1966 3308 ὁμολογίᾳ

297 3329 388 3384 καὶ
420 3330 456 3396 ἡ
494 3325 716 3399 μερική,
765 3327 801 3394 ἡ
857 3323 944 3379 ἐπὶ
1004 3327 1110 3378 τῶν
1169 3323 1444 3395 ἐξουσιῶν,
1503 3323 1593 3378 ἐὰν
1653 3321 1771 3398 δέῃ.
1812 3324 1900 3378 καὶ
1935 3324 1964 3378 ὁ

302 3415 468 3492 λόγος
495 3413 622 3491 ανρῃ
653 3415 787 3487 (41)’
822 3412 1165 3487 ὁμολογήσει
1213 3413 1316 3488 γὰρ
1361 3413 1520 3474 οὗτος
1567 3412 1657 3467 καὶ
1687 3416 1756 3486 τῇ
1805 3410 1960 3489 φωνῇ

304 3505 500 3581 ὀρθῶς,
563 3500 1033 3579 προομολογήσας
1092 3501 1354 3576 πρότερον
1412 3505 1482 3574 τῇ
1541 3498 1794 3566 διαθέσει.
1856 3501 1960 3557 Καὶ

301 3593 490 3658 καλῶς
517 3592 605 3648 ἐπὶ
642 3593 736 3665 μὲν
762 3595 870 3646 τῶν
904 3589 1354 3666 ὁμολογούντων,
1391 3615 1418 3644 ‹‹
1452 3590 1505 3646 ἐν
1531 3591 1678 3664 ἐμοὶ,
1718 3616 1738 3642 ι
1793 3592 1960 3646 εἶπενο

308 3684 396 3741 ἐπὶ
425 3681 484 3739 δὶ
528 3687 637 3738 τῶν
687 3679 1030 3758 ἀρνουμένων
1077 3681 1138 3735 σὸ
1174 3705 1195 3731 ι
1229 3679 1329 3753 ἐμὲ
1361 3705 1390 3732 ››
1437 3679 1794 3757 προσέθηκεν,
1845 3681 1963 3739 Οὗ-

307 3795 396 3830 τοι
425 3773 554 3850 γὰρ,
585 3769 682 3826 κᾶν
709 3773 778 3844 τῇ
819 3773 976 3847 φωνῇ
1009 3767 1438 3847 ὁμολογήσωσιν
1498 3772 1684 3839 αὐτὸν,
1734 3771 1964 3846 ἀρνοῦν-

309 3883 397 3918 ται
446 3860 631 3925 αὖτὸν,
683 3862 752 3933 τῇ
797 3857 985 3934 πράξει
1039 3860 1116 3931 μή
1167 3858 1596 3935 ὁμολογοῦντες.
1643 3859 1800 3934 μόνοι
1834 3858 1879 3915 δ’
1911 3859 1964 3915 ἐν

309 3951 459 4024 αὖτῴ
491 3949 863 4023 ὁμολογοῦσιν
898 3949 950 4002 οἱ
981 3947 1032 4003 ἐν
1073 3951 1142 4022 τῇ
1190 3950 1309 4003 κατ’
1357 3950 1520 4004 αὐτὸν
1575 3948 1848 4024 ὁμολογίᾳ
1874 3948 1965 4004 καὶ

308 4042 497 4118 πράξει
532 4040 799 4115 βιοῦντες,
854 4037 907 4092 ἐν
957 4039 1040 4099 οἷς
1068 4037 1160 4092 καὶ
1192 4038 1353 4100 αὐτὸς
1383 4037 1674 4114 ὁμολογεῖ,
1706 4039 1885 4109 ἐνειλη
1899 4059 1966 4111 μ-

311 4131 473 4206 μένος
525 4128 722 4190 αὐτοὺς
775 4129 908 4202 (42),
941 4127 1032 4181 καὶ
1070 4126 1340 4202 ἐχόμενος
1371 4128 1474 4182 ὑπὸ
1502 4129 1732 4186 τούτων.
1768 4129 1965 4204 Διόπερ

382 4258 445 4324 .ι‹
475 4253 534 4306 Ρ.
567 4249 671 4304 596
701 4248 811 4324 Eo.
846 4247 1144 4324 POTTER,
1177 4250 1301 4315 502,
1334 4249 1436 4302 503
1468 4249 1578 4302 ED.
1611 4248 1843 4304 PARIS.

309 4324 390 4396 (ἀ)
426 4324 562 4378 Luc.
590 4337 694 4377 xu.
730 4323 816 4385 ll,
849 4323 932 4373 l2.

308 4443 378 4494 ut
406 4438 587 4526 etiam
621 4436 920 4517 Cassendo
947 4452 967 4516 ς.
995 4452 1130 4516 cum
1152 4451 1346 4526 neque
1378 4451 1484 4518 pro
1503 4434 1726 4526 ’γέροντι
1760 4436 1974 4526 legitur

306 4509 628 4585 γεραιτέρῳ,
663 4525 858 4580 neque
889 4509 1060 4561 initio
1085 4509 1350 4579 epistolas
1374 4509 1468 4562 cui
1501 4509 1612 4563 hoc
1637 4509 1972 4565 membrum

307 4581 655 4672 respondet,
681 4577 1209 4672 Ιςεὶιιιιχνεώτερος,
1243 4581 1348 4635 sed
1378 4580 1520 4640 νὲος.

386 4654 493 4724 (34)
524 4654 670 4708 Ἐάν.
705 4654 865 4718 Luc.,
901 4654 985 4705 ἄν.

383 4728 495 4816 (35)
551 4725 658 4781 Τὸν
686 4721 778 4816 ’δὲ
838 4721 1226 4816 γιξρνησάμεγον
1311 4766 1387 4816 ,ἔᾹ
1405 4721 1801 4816 ἀπαρνήσομαι
1852 4721 1967 4816 αὖ·

307 4792 400 4852 τὸν
462 4792 768 4871 ἔμπροσθεν
827 4792 938 4849 τῶν
997 4792 1274 4870 ἀγγέλων.
1327 4794 1388 4852 Ὁ
1440 4792 1496 4849 δὲ
1520 4792 1968 4870 ἀρνησάμενος...

313 4869 754 4923 ἀπαρνηθήσεται
828 4866 1062 4922 ἐνώπιον
1141 4871 1248 4922 τῶν
1326 4865 1575 4923 ἀγγέλων
1632 4869 1730 4921 τοῦ
1786 4871 1920 4923 Θεοῦ
1953 4886 1967 4900 ο

349 4865 754 4944 παρνηθήσεται
828 4865 1094 4922 ἐνώπιον’
1141 4871 1248 4922 τῶν
1326 4865 1575 4942 ἀγγέλων
1632 4865 1751 4921 τοῦ
1786 4871 1920 4923 Θεοῦ

528 5011 603 5102 ”ξξ
629 5010 793 5097 τοῦςζ
816 5013 1015 5102 Marc.,
1066 5010 1156 5064 καὶ
1199 5009 1349 5072 τούς.
1398 5013 1526 5066 Mox
1558 5011 1800 5079 ibidem,
1837 5010 1974 5084 μετὰ

311 5083 422 5140 τῶν
453 5083 695 5160 ἀγγέλων
726 5085 835 5136 τῶν
874 5083 1064 5154 ἁγίων.
1841 5083 1846 5084 “

388 5161 500 5229 (37)
537 5161 644 5218 ua,-
677 5153 766 5209 οῦν
818 5151 965 5229 ὅστις
1013 5151 1100 5208 ἐὰν
1148 5149 1498 5228 ὁμολογήσῃ.
1550 5155 1659 5206 Πᾶν
1701 5153 1792 5207 οὗν
1825 5153 1974 5218 ὅστις

313 5227 570 5303 ὁμολογή
582 5248 682 5297 σει,
718 5227 917 5303 Matth.

357 5293 694 5374 ’(38)’“Οταν
729 5297 786 5354 δὲ
817 5299 1052 5376 φέρωσιν
1114 5297 1251 5369 ὑμᾶς
1311 5294 1388 5358 εἷς
1420 5317 1469 5351 τ.
1527 5297 1691 5353 Ὃταν
1730 5293 1787 5352 δὲ
1811 5318 1976 5372 προσ-

357 5373 550 5425 έοωσιν
605 5372 745 5425 ὑμᾶς
797 5370 885 5425 ἐπὶ
944 5391 993 5425 τ.
1051 5371 1211 5425 Luc..
1267 5369 1368 5425 ubi
1429 5386 1588 5425 mox.
1653 5376 1972 5425 μεριμνᾶτε.

315 5386 550 5460 φέρωσιν
605 5386 745 5460 faui;
767 5386 896 5460 ‘em'
944 5391 993 5425 τ.
1053 5386 1211 5439 Luc.,
1248 5386 1368 5460 ‘um
1429 5386 1588 5438 mox,
1650 5389 1972 5460 μεριμνατε,

312 5440 433 5507 πῶς
489 5445 524 5515 ἢ
566 5443 616 5499 τί
642 5440 1056 5516 ’ἀπολογίσεσθε
1089 5459 1101 5473 ⁶
1163 5442 1268 5498 sed
1322 5440 1742 5516 προμεριμνᾶτε
1787 5440 1977 5500 habet

316 5521 491 5574 Marc.
518 5535 640 5585 xm,
679 5521 762 5573 ll.
796 5516 979 5572 Paulo
1007 5521 1160 5587 post,
1194 5511 1226 5568 ἃ
1257 5511 1340 5568 δεῖ
1369 5513 1561 5582 εἶ’πεῖν,
1597 5516 1732 5571 Luc.

388 5593 503 5662 (39)
533 5561 868 5663 Ἣράκλέων.
903 5557 1043 5659 Ejuls
1078 5557 1351 5642 meminit
1376 5558 1561 5663 etiam,
1576 5587 1977 5663 Tertullianus

315 5659 418 5718 lih'.
450 5659 722 5748 Adversus
761 5662 1195 5748 l’z’ilcviliniunos;
1232 5677 1357 5748 cap:
1394 5662 1458 5713 11-;
1507 5659 1788 5748 Origenes
1820 5661 1974 5748 Cum-

315 5742 484 5804 ment.
513 5737 567 5787 in
592 5736 754 5788 Jocm.
785 5750 841 5804 p.
868 5735 956 5804 ΨΟ,
983 5731 1128 5786 dicit
1155 5729 1579 5804 lleraeleone‘m
1611 5729 1978 5804 Οὐαλεντίνου

317 5802 614 5880 λεγόμενον
639 5802 1153 5880 £iV1t1(V(-i)81‘(l.oll,«_
1170 5803 1467 5880 Yale_nt_ini
1491 5802 1852 5880 discipulum
1875 5805 1977 5880 ha-

317 5873 512 5936 bitum
527 5873 997 5935 fuisse.Conf.Cl.
1023 5873 1271 5933 Grabius
1287 5875 1578 5948 Sptcilegit
1600 5873 1732 5934 ssac.
1753 5878 1978 5950 u,p.80.

1921 4247 1998 4320 (a)
2050 4249 2186 4304 Luc.
2236 4266 2338 4320 xn,
2391 4251 2443 4303 8.

2047 645 2240 701 lessus
2269 645 2451 700 fuerit
2481 661 2679 700 coram
2712 643 3074 699 hominibus.
3109 643 3291 699 Filius
3323 642 3502 699 etiam
3519 644 3707 698 homi-

2051 735 2145 790 nis
2163 734 2548 790 confitebitur
2576 734 2638 788 in
2663 750 2730 789 eo
2752 750 2950 789 coram
2975 732 3204 806 angelis
3225 733 3348 786 Dei.
3375 733 3482 798 Qui
3505 738 3704 788 autem

2051 841 2146 879 me
2180 823 2479 896 negaverit
2507 841 2705 879 coram
2735 823 3102 886 hominibus,
3127 823 3354 895 negabo
3387 824 3582 894 ipsum
3606 839 3707 877 co-

2052 930 2177 969 ram
2201 913 2428 986 angelis
2451 913 2744 982 (a).Quem
2768 914 2927 968 enim
2944 913 3180 981 mei,vel
3203 929 3472 967 meorum
3495 911 3704 967 verbo-

2052 1020 2184 1058 rum
2206 1004 2486 1075 puduerit
2508 1003 2567 1058 in
2588 1004 2698 1058 hac
2718 1003 3103 1076 generatione
3127 1002 3398 1058 adultera
3418 1007 3476 1056 et
3497 1018 3703 1072 pecca-

2053 1094 2221 1160 trice,
2255 1093 2468 1148 Filium
2491 1109 2728 1164 quoque
2750 1092 3011 1148 hominis
3038 1093 3167 1164 ejus
3185 1091 3449 1163 pudebit,
3465 1091 3704 1160 quando

2053 1183 2282 1238 venerit
2311 1184 2371 1237 in
2401 1181 2650 1255 gloriam
2683 1182 2876 1237 Patris
2906 1182 2996 1236 sui
3028 1199 3162 1236 cum
3195 1180 3424 1253 angelis
3456 1181 3579 1235 suis
3605 1180 3703 1252 (ὁ).

2054 1273 2402 1343 Quicunque
2435 1288 2572 1345 ergo
2603 1272 2664 1326 in
2696 1289 2791 1327 me
2826 1271 3135 1327 confessus
3164 1271 3344 1325 fuerit
3370 1286 3570 1325 coram
3600 1269 3710 1324 ho-

2055 1361 2340 1430 minibus,
2373 1377 2478 1434 ego
2509 1378 2748 1433 quoque
2777 1361 2838 1415 in
2872 1377 2940 1415 eo
2963 1360 3294 1415 confitebor
3313 1375 3512 1414 coram
3537 1360 3709 1414 Patre

2057 1470 2209 1518 meo,
2236 1454 2336 1524 qui
2358 1460 2449 1508 est
2470 1453 2531 1508 in
2553 1453 2715 1508 caelis
2737 1453 2828 1523 (c)'
2852 1453 2995 1507 Cum
3019 1457 3214 1507 autem
3251 1450 3595 1506 induxerint
3609 1466 3712 1504 vos

2059 1542 2120 1596 in
2152 1558 2478 1615 synagogas
2510 1547 2568 1596 et
2619 1541 2693 1597 ad
2724 1543 3101 1614 magistratus
3145 1546 3204 1595 et
3250 1544 3595 1612 potestates,
3635 1554 3712 1593 ne

2059 1632 2225 1703 prius
2247 1632 2486 1686 solliciti
2509 1632 2639 1686 sitis
2661 1631 2959 1703 quomodo
2980 1629 3412 1702 respondeatis.
3443 1633 3544 1684 aut
3565 1627 3707 1700 quid

2059 1721 2388 1792 loquamini
2417 1738 2430 1775 :
2464 1722 2716 1792 Spiritus
2746 1720 2905 1776 enim
2937 1726 3176 1776 sanctus
3225 1719 3461 1774 docebit
3504 1735 3603 1773 vos
3648 1717 3709 1772 in

2060 1812 2190 1882 ipsa
2220 1812 2367 1866 hora
2396 1810 2538 1882 quid
2571 1810 2900 1882 loquamini
2934 1811 3035 1881 (ἀ),
3071 1831 3098 1859 ››
3129 1810 3295 1864 Hunc
3318 1809 3515 1863 locum
3532 1825 3709 1879 expo-

1980 1922 2028 1987 Β
2059 1918 2209 1956 nens
2242 1900 2589 1966 Heracleon,
2613 1899 2862 1969 cujusin
2883 1899 3088 1954 schola
3118 1898 3415 1953 Valentini
3445 1897 3560 1952 fuit
3591 1913 3714 1952 ma-

2056 1991 2218 2046 xima
2237 1989 2621 2057 existimatio,
2646 1989 2739 2044 his
2769 1988 2964 2044 verbis
2987 1988 3134 2043 dicit
3159 2005 3172 2042 :
3209 2007 3234 2040 ι
3268 1987 3715 2042 Confessionem

2059 2080 2299 2151 quidem
2321 2096 2503 2135 unam
2530 2095 2658 2135 esse
2683 2078 2799 2134 fide
2817 2083 2877 2134 et
2896 2079 3027 2132 vitae
3044 2078 3442 2144 institutione,
3465 2077 3716 2131 alteram

2059 2186 2194 2224 vero
2222 2185 2381 2224 voce.
2405 2171 2598 2240 Atque
2620 2185 2751 2239 qua:
2779 2169 2845 2223 fit
2875 2167 3118 2239 quidem
3138 2183 3277 2222 voce
3309 2166 3626 2234 confessio,
3652 2165 3718 2221 fit

2063 2259 2238 2314 etiam
2259 2258 2416 2329 aqud
2439 2263 2783 2330 potestates,
2798 2274 2976 2329 quam
2996 2257 3205 2323 solam,
3224 2255 3719 2328 inquit,plerique

2062 2365 2182 2403 non
2217 2354 2374 2403 recte
2423 2347 2860 2402 confessionem
2893 2363 3022 2402 esse
3071 2346 3430 2402 existimant.
3465 2347 3724 2400 Possunt

2062 2444 2263 2493 autem
2281 2438 2392 2492 hac
2409 2436 2786 2492 confessione
2803 2436 2887 2491 uti
2907 2436 3085 2491 etiam
3107 2434 3451 2506 hypocrita.
3476 2431 3588 2488 Sed
3607 2449 3717 2487 nec

2063 2527 2191 2581 haec
2210 2543 2305 2580 res
2324 2527 2615 2580 universaa
2646 2525 2896 2597 prolata,
2929 2525 3012 2579 ita
3041 2540 3104 2578 se
3136 2523 3356 2578 habere
3383 2522 3715 2594 deprehen-

2065 2615 2257 2671 detur.
2290 2617 2415 2670 Non
2447 2615 2608 2669 enim
2635 2629 2844 2668 omnes
2874 2613 2974 2683 qui
3008 2612 3150 2667 salvi
3184 2613 3355 2679 ﬁunt,
3389 2627 3459 2666 ea
3482 2610 3720 2666 confes-

2065 2703 2255 2769 sione,
2279 2719 2411 2773 quaa
2431 2719 2571 2757 voce
2594 2703 2680 2769 fit,
2707 2702 2797 2756 usi
2831 2707 2992 2769 sunt,
3024 2707 3083 2756 et
3112 2717 3441 2757 excessere.
3475 2702 3558 2754 Ex
3589 2700 3720 2771 qui-

2065 2789 2176 2847 bus
2210 2797 2299 2846 est
2342 2791 2671 2855 Mattheus,
2728 2791 3060 2862 Philippus,
3091 2791 3365 2857 Thomas,
3420 2789 3605 2856 Levis,
3666 2794 3725 2843 et

2067 2881 2168 2936 alii
2201 2881 2392 2936 multi.
2411 2880 2655 2936 Accedit
2684 2880 2843 2952 quod
2874 2897 2962 2947 ea,
2987 2897 3118 2951 quas
3149 2896 3288 2935 voce
3312 2881 3397 2945 fit,
3422 2878 3722 2934 confessio

2069 2988 2188 3026 non
2221 2971 2496 3025 universa
2525 2969 2976 3042 complectatur,
3010 2969 3114 3025 sed
3145 2969 3219 3024 ad
3249 2974 3479 3040 partem
3530 2967 3724 3023 solum

2071 3064 2316 3132 spectet.
2365 3059 2724 3114 Universalis
2767 3064 2965 3114 autem
3016 3064 3124 3123 est,
3158 3075 3338 3129 quam
3370 3074 3529 3113 nunc
3558 3057 3724 3122 dicit,

2072 3167 2203 3221 quas
2254 3151 2320 3204 fit
2364 3149 2534 3204 factis
2578 3155 2636 3204 et
2680 3149 2961 3220 operibus
2993 3149 3067 3216 ei,
3097 3165 3228 3220 quae
3277 3154 3368 3203 est
3413 3148 3474 3202 in
3505 3148 3725 3218 ipsum,

2079 3239 2215 3294 ﬁdei
2273 3239 2756 3310 congruentibus.
2818 3240 2977 3293 Hanc
3035 3244 3235 3293 autem
3293 3237 3731 3292 confessionem

2079 3329 2348 3399 sequitur
2379 3329 2556 3383 etiam
2588 3327 2986 3399 particularis,
3020 3345 3152 3398 quae
3184 3328 3251 3382 fit
3281 3325 3438 3397 apud
3470 3331 3735 3396 potesta-

2077 3424 2183 3484 tes,
2215 3419 2263 3473 si
2308 3435 2456 3490 opus
2483 3417 2683 3485 fuerit,
2713 3423 2772 3472 et
2798 3418 2947 3472 ratio
2979 3416 3304 3488 impulerit.
3339 3417 3484 3471 Nam
3511 3415 3563 3470 is
3593 3430 3732 3470 voce

2077 3523 2314 3579 quoque
2344 3512 2502 3562 recte
2552 3501 2952 3572 cdnfltebitur,
3005 3523 3141 3561 cum
3198 3506 3509 3561 affectione
3566 3505 3734 3576 prius

2075 3602 2236 3652 recte
2288 3596 2470 3652 fuerit
2515 3596 2843 3651 confessus.
2886 3596 3138 3651 Pulchre
3171 3601 3371 3651 autem
3402 3594 3475 3650 de
3506 3594 3579 3650 iis
3627 3593 3730 3665 qui

2074 3690 2140 3754 νῐι
2184 3687 2549 3742 conﬁtentur
2591 3685 2853 3757 quidem,
2906 3686 3028 3740 «in
3059 3702 3178 3750 me,
3209 3707 3237 3735 »
3286 3684 3471 3740 dixit:
3528 3683 3599 3738 de
3659 3683 3734 3738 iis

2081 3783 2278 3832 autem
2302 3777 2403 3848 qui
2425 3784 2664 3850 negant,
2690 3798 2719 3826 «
2742 3793 2837 3832 me
2863 3799 2890 3826 »
2913 3776 3266 3848 simpliciter
3285 3775 3736 3847 apposuit.Nam

2080 3863 2142 3931 ii,
2173 3865 2282 3920 etsi
2305 3865 2503 3936 ipsum
2532 3880 2672 3919 voce
2704 3863 2963 3919 confessi
2994 3862 3238 3929 fuerint,
3273 3863 3467 3934 ipsum
3495 3865 3736 3934 negant,

2081 3955 2315 4009 actione
2358 3954 2608 4008 minime
2650 3953 3028 4008 confitentes.
3063 3953 3108 4006 Ii
3139 3957 3337 4007 autem
3371 3952 3482 4006 soli
3515 3951 3577 4006 in
3610 3951 3739 4022 ipso

2082 4043 2462 4107 confitentur,
2494 4043 2596 4113 qui
2644 4043 2703 4096 in
2735 4057 2824 4109 ea,
2860 4058 2991 4112 quae
3038 4047 3128 4096 est
3154 4042 3217 4096 in
3249 4042 3466 4112 ipsum,
3500 4039 3739 4094 confes-

2081 4132 2250 4186 sione
2285 4138 2345 4187 et
2373 4132 2606 4186 actione
2633 4131 2853 4200 vivunt,
2885 4132 2946 4185 in
2978 4131 3194 4202 quibus
3226 4130 3354 4202 ipse
3385 4129 3737 4195 conﬁtetur;

2156 4438 2248 4508 (40
2305 4436 2656 4504 Ματθαῖος..,
2713 4433 2915 4499 Λευίς.
2974 4437 3122 4492 Aliis
3180 4434 3338 4490 idem
3399 4440 3538 4489 sunt
3593 4434 3734 4488 Mat-

2085 4507 2274 4564 thae‘us
2305 4516 2364 4564 et
2407 4509 2569 4564 Levis
2618 4509 2991 4580 publicauus.
3026 4508 3194 4580 Unde
3225 4508 3523 4580 Constitut.
3558 4511 3738 4580 apost_.

2083 4580 2186 4654 lib.
2208 4597 2339 4654 vni,
2373 4598 2502 4654 cap.
2535 4575 2641 4634 22—:
2677 4580 2822 4654 Ἐγὼ
2852 4582 3152 4654 Ματθαῐος,
3177 4579 3204 4631 6
3228 4577 3318 4632 καὶ
3344 4577 3525 4654 Λευῖς,
3549 4575 3742 4654 ῥίποτὶ

2080 4651 2350 4721 τελώνης,
2387 4649 2767 4724 διατάσσομαιξ
2802 4677 2828 4703 ‹‹
2855 4655 2971 4725 Ego
2994 4652 3323 4716 Matthaeus,
3348 4649 3737 4725 quietLevis,

2084 4725 2226 4780 olim
2249 4725 2620 4796 publicanus,
2650 4722 2966 4780 Constituo.
2997 4749 3015 4772 ι
3046 4725 3212 4780 Conf.
3238 4740 3370 4794 qum
3393 4722 3472 4796 ibi
3490 4723 3742 4796 adnotat

2080 4797 2164 4852 Cl.
2189 4793 2536 4864 Gotelerius,
2563 4797 2664 4868 qui
2697 4797 2766 4852 ab
2806 4796 3164 4852 Heracleone
3198 4793 3317 4850 non
3340 4795 3463 4850 vult
3484 4793 3736 4866 intelligi

2083 4869 2214 4924 Levi
2246 4869 2632 4941 publicanum
2665 4871 2837 4924 Marc.
2873 4886 2929 4936 ιι,
2957 4871 3044 4937 14,
3068 4869 3205 4924 Luc.
3234 4885 3284 4935 v,
3321 4870 3409 4936 27,
3446 4881 3744 4922 memora-

2083 4947 2232 5002 tum,
2266 4941 2368 4996 sed
2404 4941 2531 4995 Levi
2561 4941 2893 4996 Lebbaaum.

2154 5015 2268 5095 (41)
2298 5012 2358 5067 '0
2389 5010 2558 5095 λόγος
2620 5009 2771 5095 etiam
2825 5013 3197 5095 Legendumn
3218 5011 3449 5095 videtur
3483 5007 3535 5095 "6
3567 5003 3737 5095 λόγος

2082 5079 2209 5154 αῗτῇ
2243 5079 2270 5134 ἱ(
2321 5079 2485 5139 τοῦθ’
2515 5079 2811 5156 postulat:
2848 5107 2876 5134 η
2905 5079 3118 5156 inquit
3166 5083 3432 5156 Sylburg‘.
3473 5079 3594 5156 _Sed
3651 5079 3736 5135 Cl.

2084 5151 2331 5212 Grabius
2357 5151 2618 5226 Spicileg.
2651 5173 2784 5212 saec.
2818 5151 3118 5229 1i,pag:8l-
3149 5151 3267 5210 ait:
3301 5151 3736 5229 «<_.&?¢ﬁlegen-

2083 5229 2226 5284 dum
2249 5222 2468 5302 frustra
2489 5222 2695 5284 monet
2711 5222 3056 5302 Sylbu‘rgius
3089 5228 3148 5282 in
3173 5225 3439 5297 margine
3473 5222 3534 5302 et
3559 5222 3738 5302 nptis.

2084 5303 2223 5374 Ego,
2243 5300 2602 5374 spiritumet
2630 5291 2958 5357 accéntumv
2975 5299 3165 5374 solum
3195 5291 3454 5374 mutans,
3486 5291 3622 5374 enipi
3647 5309 3739 5374 re:

2127 5365 2393 5427 onerem.
2448 5373 2672 5429 Usitata
2715 5373 2874 5428 enim
2908 5376 2997 5426 est
3025 5369 3279 5442 phrasis,
3315 5367 3342 5422 6
3374 5365 3738 5442 λόγοςἀἱριῖ.

2127 5391 2393 5427 onerem.
2451 5391 2672 5429 usuata
2715 5391 2874 5428 enim
2908 5391 2997 5426 esu
3025 5391 3279 5442 purasxs,
3315 5391 3342 5422 ο
3376 5391 3541 5441 Λογος
3574 5391 3736 5434 αιριι.

2083 5391 2259 5526 ῗνριυι
2288 5443 2443 5533 apud
2473 5444 2952 5533 Plutarchumni'n
2984 5441 3364 5533 Con‘sglatione
3385 5441 3464 5533 ad
3495 5437 3736 5533 Apollo:

2087 5516 2290 5591 nium:
2322 5506 2469 5585 ⁶Οπη
2504 5515 2668 5591 λόγος
2691 5506 3296 5591 αἰρείβέκτιστζὲχειν.
3325 5537 3350 5591 «f
3378 5506 3569 5591 Prout
3589 5509 3740 5591 ratio

2087 5589 2415 5654 dictaverit,
2437 5583 2658 5660 optime
2681 5583 2999 5660 se'hab'ere:
3018 5609 3066 5660 Δ››
3099 5583 3355 5660 Etapud
3378 5583 3740 5660 Herodotum

2087 5663 2342 5731 Euterpe.
2404 5653 2523 5715 sive
2576 5661 2679 5715 lib.
2714 5677 2749 5713 ll
2778 5675 2788 5713 :
2845 5657 2938 5710 Καὶ
3067 5656 3154 5731 καὶ
3189 5653 3419 5728 ὀλόγος
3453 5654 3625 5716 οὕτως
3657 5653 3744 5707 αἱ-

2088 5734 2220 5807 ρέει.
2253 5729 2282 5783 ἱ(
2318 5735 2386 5807 Et
2415 5733 2717 5807 sane_ipsa
2745 5731 2897 5807 ratio
2922 5731 3016 5807 ita_
3034 5729 3230 5802 exigit.
3269 5753 3296 5779 ››

2160 5806 2274 5878 (42)
2304 5801 2534 5865 Αὖτοός.
2569 5798 2717 5876 Lege
2740 5798 2946 5875 αὐτοῖς,
2979 5798 3154 5858 (ΞΜΒῙ

2521 4249 2598 4321 (b)
2650 4249 2824 4304 Marc.
2875 4265 2997 4316 vm,
3049 4249 3138 4304 38.
3213 4249 3282 4316 (ο)
3316 4247 3518 4302 Matth.
3554 4263 3611 4317 x,
3645 4246 3740 4300 32.
3819 4237 3825 4246 ’
