4138 6412
408 411 549 469 1213

1650 401 2063 467 ΟΒΕΠΕΗἸἹΒ
2099 400 2601 459 WDBINI

3691 399 3848 461 ιτει

403 542 610 610 utpote
640 536 740 609 qui
772 536 835 592 in
863 534 985 591 illis
1013 533 1261 601 habitat,
1294 532 1446 590 etab
1467 531 1588 589 illis
1610 533 1866 588 tenetur.
1898 530 2057 595 Quo-

2170 544 2200 575 ιι
2233 522 2568 610 ἀρνήσασθαι
2621 522 2812 579 ἑαυτὸν
2863 519 3126 610 οὸδιποτε
3173 519 3420 580 δύναται·
3484 547 3515 579 ιο
3563 525 3844 605 ’Δρνοῢν-

403 628 562 683 circa
587 649 613 678 ι(
640 642 948 698 nunquam
979 629 1175 696 potest
1204 624 1466 695 seipsum
1489 638 1704 696 negare
1722 620 1827 694 (a).
1857 643 1877 669 ι
1905 621 2056 676 Eum

406 723 603 773 autem
624 721 863 788 negant,
887 716 988 786 qui
1013 732 1136 771 non
1159 714 1375 771 suntin
1394 715 1540 787 ipso.
1559 716 1685 769 Non
1698 714 1859 769 enim
1872 712 2053 768 dixit:

406 829 433 858 ιι
468 807 575 872 Qui
607 805 907 878 negaverit
937 805 998 859 in
1030 821 1146 870 me,
1182 826 1210 854 ››
1244 804 1347 860 sed
1380 827 1408 855 «
1440 821 1556 860 me.
1595 826 1618 854 ι
1655 802 1863 858 Nullus
1892 801 2057 856 enim

402 912 670 968 unquam
703 896 802 963 qui
835 901 927 950 est
957 896 1019 949 in
1052 895 1202 967 ipso,
1230 896 1427 966 ipsum
1459 898 1650 966 negat.
1686 892 1841 948 [llud
1857 897 2057 947 autem

402 1007 430 1036 ‹‹
462 1002 663 1041 coram
690 985 1053 1053 hominibus,
1079 1007 1107 1035 ››
1137 991 1195 1039 et
1215 986 1256 1039 ii
1279 986 1411 1057 squi
1435 985 1577 1040 salvi
1602 984 1772 1050 fiunt,
1796 989 1856 1038 et
1876 983 2057 1038 etiam

402 1076 725 1149 gentilibus
739 1075 1035 1142 similiter,
1056 1074 1213 1147 apud
1231 1074 1380 1131 alios
1400 1074 1645 1146 quidem
1666 1074 1799 1129 vitm
1819 1072 2061 1128 institu-

404 1166 586 1232 tione,
601 1165 759 1239 apud
776 1165 925 1221 alios
942 1182 1077 1221 vero
1096 1165 1273 1221 etiam
1288 1181 1447 1221 voce.
1472 1163 1869 1230 Quamobrem
1892 1178 2057 1218 nun-

402 1272 581 1327 quam
612 1261 864 1328 possunt
886 1256 1001 1327 ipsi
1033 1271 1250 1328 negare
1271 1271 1284 1310 :
1303 1272 1440 1311 eum
1470 1260 1670 1311 autem
1694 1258 1933 1326 negant,
1956 1250 2058 1324 qui

401 1364 524 1403 non
553 1353 695 1403 sunt
723 1346 784 1402 in
815 1347 965 1418 ipso.
1002 1370 1024 1399 ι
1063 1348 1198 1401 Ηωο
1240 1346 1486 1417 quidem
1509 1344 1874 1412 Heracleon;
1908 1348 1967 1399 et
1995 1343 2059 1398 in

400 1438 535 1494 aliis
562 1436 806 1509 quidem
834 1436 1066 1493 videtur
1093 1436 1408 1492 nobiscum
1434 1436 1660 1492 sentire
1683 1436 1746 1491 in
1765 1436 1876 1490 hac
1899 1433 2060 1506 peri-

400 1544 588 1599 cope;
646 1526 797 1582 illud
852 1532 1052 1583 autem
1108 1543 1229 1582 non
1259 1524 1530 1593 advertit,
1579 1525 1739 1597 quod
1769 1524 1881 1580 etsi
1938 1539 2060 1579 non

401 1617 638 1674 actione
666 1617 874 1689 aliqua
898 1621 956 1672 et
976 1616 1095 1673 vita
1114 1638 1143 1666 ‹‹
1177 1616 1434 1672 confessi
1463 1622 1604 1671 sunt
1632 1614 1933 1671 Christum
1960 1629 2062 1670 co-

399 1724 531 1763 ram
552 1707 921 1775 hominibus,
942 1729 969 1757 «
997 1723 1066 1763 eo
1092 1706 1481 1777 tamen,quod
1503 1723 1641 1762 voce
1663 1705 2063 1763 confiteantur

401 1796 464 1851 in
483 1796 753 1868 jndiciis,
801 1801 862 1852 et
906 1813 1098 1867 usque
1128 1796 1203 1851 ad
1231 1800 1487 1852 mortem
1519 1796 1767 1852 cruciati
1798 1812 1920 1851 non
1950 1809 2061 1849 ne-

2164 631 2254 666 ται
2286 609 2344 667 δὲ
2399 612 2564 668 αὐτὸν
2623 612 2676 668 οἳ
2740 612 2815 685 μή
2876 608 3027 675 ὄντες
3076 611 3131 668 ἐν
3190 611 3360 688 αὐτῷ·
3424 612 3491 670 οὗ
3522 615 3628 692 γάρ
3664 616 3842 674 εἶπεν·

2169 726 2198 752 ‹‹
2226 702 2328 765 Ὃς
2358 701 2662 778 ἀρνήσηται
2693 700 2744 757 ἰν
2777 700 2927 776 ἐμοὶ,
2962 727 2991 754 ››
3038 701 3186 772 ἀλλ’,
3218 728 3247 755 (ι
3280 702 3400 778 ἐμέ.
3434 729 3464 758 ››
3509 702 3706 768 Οὐδεὶς
3734 705 3841 784 γάρ

2165 812 2321 863 ποτε,
2353 789 2428 847 ὢν
2461 791 2514 847 ἐν
2548 790 2715 864 αὐτῷ,
2766 792 3006 864 ἀρνεῖται
3051 791 3230 848 αὐτόν.
3266 794 3346 851 Τὸ
3380 790 3439 850 δὲ
3469 818 3498 847 κ
3527 789 3844 871 ἔμπροσθεν

2165 884 2273 935 τῶν
2307 881 2637 955 ἀνθρώπων,
2672 905 2700 932 ››
2730 881 2821 936 καὶ
2870 886 2978 936 τῶν
3034 882 3380 955 σωζομένων,
3432 883 3523 939 καὶ
3576 889 3684 942 τῶν
3746 886 3844 941 ἐθ-

2166 975 2331 1026 νικῶν
2367 968 2425 1025 δὶ
2453 970 2689 1044 ὁμοίως,
2720 971 2848 1045 παρ’
2879 973 2964 1035 οἷς
2996 972 3090 1039 μὶν
3122 972 3211 1027 καὶ
3261 976 3332 1039 τῆ
3381 972 3659 1047 πολιτείᾳ,
3708 991 3843 1049 παρ’

2168 1063 2252 1124 οἷς
2299 1058 2356 1115 δὲ
2402 1061 2489 1117 καὶ
2539 1065 2610 1135 τῇ
2660 1065 2836 1139 φωνῇ·
2871 1058 3062 1132 διόπερ
3095 1061 3431 1139 ἀρνήσασθαι
3460 1063 3621 1120 αὐτὸν
3682 1062 3843 1120 οὐδὲ-

2171 1172 2301 1208 ποτε
2360 1148 2635 1207 δύνανται·
2687 1151 2975 1227 ἀρνοῦνται
3034 1149 3091 1208 δὶ
3139 1152 3301 1209 αὐτὸν
3348 1154 3403 1209 οἱ
3452 1156 3530 1229 μὴ
3564 1151 3714 1218 ὄντες
3783 1154 3839 1210 ἐν

2167 1241 2336 1315 αὐτῷ.
2370 1266 2400 1294 ››
2434 1244 2619 1299 Ταῦτα
2678 1243 2776 1315 μὶν
2828 1242 2858 1297 ὁ
2914 1243 3253 1317 Ἡρακλέων·
3317 1242 3408 1299 καὶ
3459 1245 3528 1299 τὰ
3560 1244 3656 1315 μὶν
3691 1241 3844 1301 ἄλλα

2167 1332 2415 1410 φαίνεται
2448 1329 2739 1405 ὁμοδοξεῖν
2790 1334 2927 1405 ἡμῖν
2959 1332 3099 1388 κατά
3125 1334 3225 1401 τὴν
3258 1335 3576 1408 πορικοπήν
3607 1334 3838 1406 ταύτην·

2169 1420 2342 1478 ἐκεῖνο
2393 1418 2449 1477 δὶ
2504 1419 2603 1477 οὐκ
2656 1421 2968 1494 ἐπέστησεν,
3014 1421 3099 1478 ὅτι
3132 1423 3177 1477 εἰ
3225 1423 3316 1478 καὶ
3359 1424 3437 1497 μὴ
3473 1423 3660 1500 πράξει
3692 1425 3843 1487 τινὶς

2167 1513 2258 1566 καὶ
2316 1514 2395 1582 τῷ
2440 1510 2546 1587 βίῳ
2599 1532 2622 1562 ε
2655 1510 3026 1587 ὡμολόγησαν
3077 1510 3170 1567 τὸν
3229 1512 3472 1589 Χριστὸν
3524 1511 3839 1589 ἔμπροσθεν

2166 1603 2276 1657 τῶν
2306 1599 2634 1676 ἀνθρώπων,
2664 1622 2692 1656 ι
2726 1600 2791 1657 τὸ
2824 1599 3012 1676 μέντοι
3042 1603 3155 1675 (43)
3193 1600 3332 1657 κατά
3380 1602 3568 1678 φωνὴν
3622 1602 3842 1675 ὁμολο-

2168 1694 2284 1765 γεῖν
2316 1688 2369 1744 ὲν
2402 1685 2801 1764 δικαστηρίοις,
2850 1690 2941 1746 καὶ
2997 1689 3164 1766 μέχρι
3198 1692 3431 1755 θανάτου
3474 1692 3844 1768 βασανιζομί-

2168 1800 2297 1842 νους
2357 1778 2436 1852 μή
2513 1779 2836 1855 ἀρνεῖσθαι,
2911 1779 3021 1836 ἀπὸ
3080 1778 3373 1846 διαθὲσεως
3430 1780 3846 1838 πεπιπευνέναι

400 1892 562 1960 gent,
588 1902 659 1941 ex
678 1885 865 1941 animi
889 1886 1191 1957 proposito
1214 1885 1540 1942 credidisse
1558 1886 2059 1942 cernuntur.Pro-

2170 1866 2475 1962 φαίνονται.
2506 1870 2752 1934 Διάθεσις
2785 1865 2843 1925 δὶ
2878 1867 3334 1962 ὁμολογουμένη,
3387 1869 3478 1926 καὶ
3531 1871 3774 1946 μάλιστα
3804 1874 3842 1944 ἠ

404 1976 667 2048 positum
679 1982 878 2032 autem
892 1976 1052 2048 quod
1063 1976 1703 2049 conﬁtetur,praacipue
1717 1976 1766 2033 si
1781 1992 1856 2032 ne
1869 1979 2060 2031 morte

402 2064 649 2137 quidem
702 2070 967 2121 mutetur
1010 2065 1215 2122 omnia
1262 2066 1443 2122 simul
1485 2065 1646 2133 vitia,
1691 2082 1824 2137 quin
1858 2064 2063 2137 gigne-

403 2154 624 2211 bantur
654 2171 760 2227 per
780 2154 1167 2227 cupiditatem
1190 2156 1733 2227 corporis,omnino
1748 2152 2059 2210 rescindit.

402 2246 507 2300 Est
535 2244 719 2313 enim,
750 2249 818 2300 ut
847 2244 928 2301 ita
957 2244 1174 2313 dicam,
1205 2246 1267 2299 in
1298 2245 1417 2301 fine
1447 2246 1579 2301 vitae
1610 2250 1735 2301 tota
1754 2242 1935 2300 simul
1956 2258 2063 2315 per

403 2334 700 2390 actionem
722 2334 1091 2406 pmnitentia.
1114 2340 1172 2389 et
1188 2351 1326 2390 vera
1340 2335 1401 2390 in
1421 2334 1720 2390 Christum
1738 2332 2060 2400 confessio,

400 2440 540 2480 voce
573 2422 948 2479 testiﬁcante.
1002 2424 1059 2478 Si
1108 2428 1310 2480 autem
1355 2447 1381 2475 ‹‹
1416 2424 1668 2495 Spiritus
1715 2424 1905 2479 Patris
1936 2444 1964 2473 »
1998 2422 2060 2477 in

400 2513 575 2569 nobis
606 2513 979 2576 testificatur,
1024 2513 1324 2585 quomodo
1372 2529 1582 2569 sumus
1627 2513 1822 2570 adhuc
1873 2514 2059 2587 hypo-

401 2603 587 2670 critae,
619 2620 767 2675 quos
799 2602 950 2657 dixit
977 2604 1107 2659 sola
1135 2620 1274 2659 voce
1304 2604 1510 2660 testari
1536 2604 1565 2658 ?
1592 2603 1837 2660 Dabitur
1861 2609 2060 2661 autem

403 2692 727 2763 aliquibus,
762 2693 812 2747 si
845 2692 1138 2764 expediat,
1169 2692 1476 2766 religionis
1497 2710 1738 2749 causam
1763 2693 2065 2762 dicere,ut

404 2788 463 2837 et
482 2798 590 2853 per
605 2782 960 2853 martyrium
982 2799 1087 2837 seu
1110 2782 1517 2838 testimonium
1540 2788 1600 2837 et
1622 2782 2061 2838 confessionem

399 2887 608 2926 omnes
632 2871 938 2943 juventur,
985 2871 1128 2927 dum
1159 2872 1594 2928 conﬁrmantur
1640 2871 1905 2943 quidem,
1956 2870 2059 2942 qui

401 2967 541 3016 sunt
572 2960 634 3015 in
668 2960 934 3016 Ecclesia
961 2979 976 3027 ;
1024 2960 1403 3016 admirantur
1430 2964 1650 3029 autem,
1683 2967 1744 3016 et
1772 2960 1847 3016 ad
1880 2959 2061 3016 ﬁdem

399 3048 799 3115 deducuntur,
826 3049 927 3120 qui
950 3065 1020 3103 ex
1051 3048 1327 3120 gentibus
1357 3047 1611 3104 salutem
1642 3050 1875 3104 curiose
1898 3063 2059 3119 quaa-

402 3139 613 3195 sierint
634 3158 649 3207 ;
673 3139 889 3211 reliqui
906 3144 1106 3195 autem
1128 3145 1370 3211 stupore
1391 3137 2058 3204 afﬁciuntur.Quamob-

400 3245 529 3285 rem
548 3235 782 3301 Oportet
799 3230 1043 3285 omnino
1071 3230 1344 3285 confiteri
1366 3272 1379 3297 ,
1413 3228 1475 3284 id
1496 3229 1658 3284 enim
1680 3230 1860 3284 situm
1884 3234 1974 3283 est
1996 3228 2059 3283 in

400 3325 606 3375 nostra
621 3324 913 3391 potestate
933 3337 946 3375 :
972 3335 1217 3375 causam
1237 3336 1373 3374 vero
1391 3318 1700 3391 religionis
1711 3318 2057 3384 dicere,uon

397 3408 644 3465 omnino
691 3425 967 3481 semper;
1010 3426 1133 3464 non
1164 3414 1254 3464 est
1279 3408 1440 3463 enim
1472 3408 1584 3464 hoc
1608 3424 1847 3479 quoque
1877 3408 2059 3463 situm

395 3499 460 3554 in
491 3505 700 3555 nostra
730 3503 1042 3570 potestate.
1080 3521 1107 3549 ι(
1139 3498 1247 3564 Qui
1281 3504 1482 3554 autem
1512 3498 1865 3554 sustinuerit
1890 3498 1951 3552 in
1986 3497 2057 3552 ii-

397 3604 558 3653 nem,
580 3588 630 3643 is
663 3587 860 3643 salvus
883 3589 997 3642 erit
1020 3588 1119 3658 (b).
1164 3608 1193 3636 »
1228 3589 1369 3642 Nam
1404 3587 1539 3658 quis
1569 3604 1641 3641 ex
1672 3586 1766 3652 iis,
1826 3587 1928 3656 qui
1963 3602 2061 3642 sa-

398 3678 593 3750 piunt,
624 3694 747 3732 non
779 3676 1024 3749 elegerit
1053 3677 1115 3731 in
1144 3677 1262 3731 Deo
1294 3691 1566 3746 regnare.
1598 3680 1702 3730 aut
1729 3676 1910 3731 etiam
1933 3692 2058 3731 ser-

402 3768 529 3821 vire
550 3766 578 3821 ?
607 3788 633 3817 ‹‹
666 3767 854 3821 Deum
876 3781 1013 3837 ergo
1034 3766 1400 3820 confitentur
1426 3786 1454 3817 ι
1489 3765 1733 3835 quidam
1762 3786 1789 3817 ‹‹
1822 3781 2058 3835 nosse,»

400 3860 468 3912 ut
484 3855 632 3911 dicit
650 3854 992 3927 Apostolus,
1016 3876 1044 3905 ‹‹
1077 3854 1249 3909 factis
1271 3860 1469 3908 autem
1489 3859 1709 3926 negant
1731 3871 1745 3909 :
1779 3870 1916 3909 cum
1941 3854 2063 3909 sint

398 3944 811 4013 abominandi,
835 3944 1154 4010 increduli,
1189 3950 1248 3999 et
1277 3943 1351 3999 ad
1382 3960 1560 3999 omne
1592 3961 1740 4015 opus
1772 3944 1926 4001 516
1950 3943 2061 3999 bo-

396 4049 543 4089 num
565 4033 802 4107 reprobi
816 4034 909 4105 (ρ).
923 4034 1048 4089 »11ιί
1063 4032 1434 4103 autem,licet
1452 4033 1537 4088 nil
1556 4033 1718 4089 aliud
1733 4050 1911 4105 quam
1926 4050 2061 4090 con-

392 4123 533 4179 fessi
558 4123 992 4193 fuerint,unum
1011 4124 1224 4181 saltem
1246 4123 1308 4179 in
1326 4124 1444 4179 fine
1462 4124 1592 4179 vita:
1604 4123 1830 4180 bonum
1847 4125 2060 4180 eﬂ‘ece-

395 4214 789 4271 rint.Videtur
805 4230 942 4287 ergo
963 4215 1312 4285 martyrium
1327 4230 1455 4270 esse
1477 4214 1824 4286 expurgatio
1846 4229 2059 4285 pecca-

398 4309 593 4359 torum
617 4321 750 4360 cum
769 4304 1108 4375 gloriaJam
1132 4321 1265 4359 vero
1279 4303 1426 4359 dicit
1442 4306 1681 4359 Pastor:
1707 4327 1727 4351 α
1756 4304 2061 4377 Eﬂugietis

396 4393 806 4465 operationem
854 4393 995 4449 ferae
1044 4393 1319 4466 agrestis,
1370 4392 1418 4447 si
1460 4408 1563 4446 cor
1591 4396 1852 4446 vestrum
1882 4390 2064 4447 fuerit

399 4483 691 4538 mundum
716 4486 775 4537 et
793 4480 865 4535 ab
879 4482 1043 4537 omni
1060 4480 1526 4553 reprehensione
1549 4480 2059 4547 alienum.»Quin-

2174 1955 2317 2033 μηδὶ
2346 1957 2559 2030 θανάτῳ
2596 1959 2934 2036 τρεπομένη,
2991 1959 3078 2037 ὑφ’
3131 1956 3226 2015 ἕνα
3282 1963 3397 2031 (44)
3452 1959 3672 2018 πάντων
3726 1966 3845 2018 τῶν

2169 2052 2377 2121 παθῶν,
2428 2045 2463 2103 ἃ
2513 2045 2582 2118 δὴ
2638 2047 2729 2105 διὰ
2755 2052 2856 2116 τῆς
2886 2053 3210 2123 σωματικῆς
3240 2047 3532 2125 ἐπιθυμίας
3559 2047 3839 2127 ἐγεννᾶτο,

2171 2138 2458 2207 ἀποκοπὴν
2517 2143 2777 2194 ποιεῖται·
2836 2132 2950 2195 ἔστι
3002 2138 3129 2215 γὰρ,
3187 2139 3265 2204 ὡς
3315 2134 3445 2202 ἔπος
3495 2139 3692 2214 εἰπεῖν,
3744 2140 3840 2197 ἐπὶ

2167 2225 2314 2283 τέλει
2371 2224 2468 2282 τοῦ
2519 2226 2641 2302 βίου
2686 2228 2856 2303 ἀθρόα
2892 2228 3030 2285 κατά
3051 2230 3151 2300 τὴν
3177 2228 3371 2305 πρᾶξιν
3407 2230 3686 2304 μετάνοια,
3742 2229 3841 2287 καὶ

2169 2317 2384 2388 ἀληθὴς
2442 2316 2519 2380 εἰς
2573 2317 2801 2393 Χριστὸν
2860 2317 3160 2394 ὁμολογία,
3206 2319 3688 2396 ἐπιμαρτυρούσης
3731 2327 3840 2391 τῆς

2171 2408 2380 2482 φωνῆς.
2432 2406 2494 2463 Εἰ
2551 2403 2609 2462 δὲ
2660 2407 2723 2463 τὸ
2781 2432 2809 2461 (ι
2848 2411 3069 2480 Ηνεῦμα
3125 2413 3221 2463 τοῦ
3275 2408 3487 2484 Πατρὸς
3518 2433 3547 2461 »
3580 2407 3633 2465 ἐν
3692 2411 3838 2484 ἡμῖν

2175 2501 2459 2571 μαρτυρεῖ,
2507 2501 2629 2561 πῶς
2674 2493 2752 2553 ἔτι
2806 2498 3121 2573 ὑποκριταὶ,
3174 2496 3269 2563 οὓς
3298 2502 3455 2574 φωνῇ
3492 2498 3632 2575 μόνῃ
3693 2520 3838 2578 μαρ-

2168 2590 2348 2659 τυρεῖν
2408 2583 2623 2662 εἴρηκεν
2682 2589 2836 2660 (45);
2887 2589 3183 2659 Δοθήσεται
3233 2584 3289 2643 δὲ
3318 2609 3483 2661 τισιν,
3543 2588 3632 2645 ἐὰν
3692 2610 3841 2664 συμ-

2172 2681 2332 2759 φέρῃ,
2391 2679 2870 2757 ἀπολογήσασθαι,
2894 2681 2988 2738 *ίνα
3034 2680 3126 2739 8ιά
3172 2704 3232 2739 τε
3255 2691 3359 2755 τῆς
3391 2684 3695 2761 μαρτυρίας
3747 2683 3842 2741 διά

2168 2792 2228 2827 τε
2256 2778 2358 2842 τῆς
2389 2770 2695 2848 ὁμολογίας
2724 2771 3049 2852 ὠφελῶνται
3082 2775 3135 2830 οἱ
3164 2777 3388 2844 πάντες,
3440 2774 3842 2853 ίσχυροποιού-

2175 2882 2328 2935 μενοι
2382 2863 2481 2934 μὶν
2532 2861 2583 2917 οἷ
2630 2863 2747 2918 κατ’
2799 2862 3150 2935 Ἐκκλησίαν,
3205 2865 3576 2938 θαυμάζοντες
3635 2862 3695 2921 δὲ
3744 2865 3842 2922 καὶ

2173 2950 2248 3013 sic
2296 2949 2478 3005 πίστιν
2531 2950 2869 3025 ὑπαγόμενοι
2909 2954 2962 3007 oi
2993 2951 3044 3026 ἕξ
3075 2948 3240 3008 ἔθνῶν
3271 2954 3372 3022 τὴν
3406 2955 3682 3031 σωτηρίαν
3731 2976 3840 3011 πο-

2173 3043 2771 3117 λυπραγμονήσαντες·
2831 3045 2884 3098 οἱ
2943 3043 3134 3100 λοιποὶ
3193 3042 3290 3115 δὲ,
3365 3044 3455 3101 ὑπ’
3514 3043 3837 3118 ἐκπλήξεως

2169 3133 2554 3210 κατεχόμενοι.
2612 3135 2771 3191 Ὠστε
2806 3135 2869 3191 τὸ
2915 3135 3209 3213 ὁμολογεῖν
3240 3135 3302 3193 ἐκ
3347 3138 3550 3201 παντὸς
3593 3135 3697 3194 δεῖ·
3751 3138 3837 3218 ἐφ’

2168 3226 2305 3299 ἡμῖν
2353 3226 2476 3301 γάρ·
2528 3223 2926 3301 ἀπολογεῖσθαι
2983 3223 3041 3282 δὲ
3088 3226 3193 3282 οὐκ
3231 3224 3293 3283 ἐκ
3320 3228 3542 3291 παντός·
3606 3225 3669 3283 οὐ
3725 3228 3837 3304 γάρ

2166 3313 2260 3369 καὶ
2315 3318 2477 3368 τοῦτο
2536 3312 2619 3391 ἐφ’
2664 3316 2823 3388 ἡμῖν.
2866 3338 2894 3365 ‹‹
2945 3316 3007 3374 Ὁ
3059 3313 3118 3371 δὲ
3176 3316 3476 3390 ὑπομείνας
3531 3314 3610 3379 εἷς
3667 3315 3837 3381 τέλος

2167 3403 2323 3466 οὗτος
2353 3404 2681 3474 σωθήσεται·
2718 3427 2747 3455 »
2791 3402 2907 3460 ἐπεὶ
2937 3403 3021 3467 τίς
3063 3404 3165 3461 οὐκ
3210 3404 3271 3461 ἃν
3317 3410 3426 3462 τῶν
3455 3406 3512 3461 εὖ
3560 3406 3839 3484 φρονούν-

2164 3512 2275 3547 των
2313 3490 2620 3567 βασιλεύειν
2651 3492 2705 3547 ἐν
2737 3497 2875 3564 Θεῷ,
2929 3492 3056 3551 ἀλλ’
3142 3494 3205 3549 οὐ
3254 3491 3535 3551 δουλεύειν
3582 3492 3780 3550 ’ἕλοιτο
3821 3514 3837 3566 ;

2168 3607 2195 3633 ‹‹
2230 3582 2363 3637 Θεὸν
2397 3581 2488 3637 οὖν
2524 3579 2865 3657 ὁμολογοῦσί
2895 3606 2924 3636 »
2968 3603 3112 3646 τινες
3140 3609 3167 3636 (ι
3205 3580 3427 3656 εἶδέναι,
3465 3606 3487 3636 ι
3538 3585 3679 3641 κατά
3736 3585 3836 3642 τὸν

2167 3670 2528 3740 Ἀπόστολον,
2588 3698 2615 3725 ι(
2648 3674 2766 3734 τοῖς
2826 3669 2884 3729 δδ
2935 3670 3116 3749 ἔργοις
3171 3674 3481 3750 ἀρνοῦνται·
3538 3671 3838 3750 βδελυκτοὶ

2168 3755 2315 3823 ὄντες
2348 3760 2440 3816 καὶ
2472 3761 2736 3829 ἀπειθεῖς,
2766 3760 2856 3817 καὶ
2910 3763 3049 3838 πρὸς
3105 3768 3209 3818 πᾶν
3238 3761 3398 3839 ἔργον
3448 3764 3654 3840 ἀγαθὸν
3712 3763 3841 3822 ἀδό-

2166 3870 2345 3923 κιμοι.
2381 3874 2410 3901 ››
2441 3850 2508 3907 Οἱ
2537 3846 2614 3918 δὲ,
2647 3848 2744 3905 κ’ἀν
2778 3854 2942 3906 τοῦτο
2996 3851 3161 3925 μόνον
3197 3851 3648 3929 ὁμολογήσωσιν,
3696 3850 3752 3909 ἓν
3784 3875 3840 3912 τι

2165 3940 2571 4015 κατεπράξαντο
2629 3937 2718 3994 ἐπὶ
2777 3940 2926 3996 τέλει
2979 3938 3135 4017 ἔργον
3180 3942 3402 4018 ἀγαθόν.
3462 3948 3677 3998 Ἔοικεν
3737 3944 3835 3999 οὖν

2165 4029 2229 4084 τὸ
2305 4028 2601 4106 μαρτύριον
2679 4029 3049 4103 ἀποκάθαρσις
3128 4031 3261 4087 εἶναι
3342 4033 3624 4107 ἁμαρτιῶν
3700 4034 3844 4107 μετά

2169 4115 2371 4190 δόξης.
2431 4118 2634 4177 Αὐτίκα
2687 4121 2715 4174 ὁ
2764 4121 2981 4193 Ποιμήν
3044 4124 3158 4196 (46)
3211 4121 3373 4200 φησίν
3404 4140 3416 4153 ·
3479 4122 3843 4201 Ἐκφεύξάσθε

2164 4212 2264 4281 τὴν
2317 4208 2584 4287 ἐνέργειαν
2629 4213 2727 4265 τοῦ
2771 4209 2961 4285 ἀγρίου
2992 4209 3214 4288 θηρίου,
3251 4211 3340 4268 ἐὰν
3372 4214 3408 4283 ἡ
3440 4210 3641 4290 καρδία
3676 4214 3837 4287 ὑμῶν

2166 4300 2392 4375 γένηται
2449 4298 2659 4373 καθαρά
2714 4299 2804 4354 καὶ
2864 4295 3125 4374 ἄμωμος.
3161 4324 3188 4353 ››
3225 4300 3419 4358 Ἀλλὰ·
3456 4302 3549 4358 καί
3582 4301 3746 4365 αὐτὸς
3810 4304 3840 4360 ὁ

2168 4388 2393 4465 Κύριος·
2428 4412 2456 4440 ‹‹
2492 4388 2831 4462 Ἐξῃτήσατο
2876 4393 2992 4464 (47)
3048 4389 3189 4463 ὑμᾶς
3236 4391 3264 4446 ὁ
3298 4397 3566 4459 Σατανᾶς,
3602 4416 3629 4443 ››
3663 4392 3841 4470 λέγει,

2173 4504 2193 4528 ι
2231 4478 2487 4533 σινιάσαι·
2524 4475 2635 4553 ἐγὼ
2685 4473 2743 4532 δὲ
2791 4479 3225 4554 παρῃτησάμην.
3261 4504 3290 4533 ››
3343 4479 3524 4544 Μόνος
3568 4477 3757 4537 τοίνυν
3812 4482 3841 4537 ὁ

401 4571 580 4626 etiam
610 4571 738 4642 ipse
761 4570 1049 4625 Dominus
1076 4587 1089 4624 :
1128 4590 1152 4623 ι
1188 4571 1495 4642 Expetivit.
1524 4571 1741 4642 inquit,
1773 4588 1873 4626 vos
1897 4571 2059 4625 Sata-

2170 4568 2366 4643 Κύριος
2401 4562 2491 4621 διὰ
2518 4566 2618 4635 τὴν
2671 4569 2781 4622 τῶν
2828 4561 3301 4624 ἐπιϐουλευόντων
3349 4569 3500 4643 αὖτῷ
3536 4569 3845 4647 ἀνθρώπων

395 4675 502 4714 nas
528 4666 593 4714 ut
622 4640 914 4714 cribraret
938 4677 952 4725 ;
987 4676 1092 4733 ego
1112 4640 1311 4716 autem
1333 4662 1530 4733 rogavi
1560 4640 1691 4731 (ἀμ
1728 4660 1899 4715 Solus
1921 4676 2059 4731 ergo

2170 4657 2257 4711 καὶ
2302 4657 2403 4726 τήν
2455 4659 2565 4710 τῶν
2619 4654 2859 4710 ἀπίστων
2911 4656 3305 4732 ἀποκάθαρσιν,
3355 4656 3539 4715 «ἔπιε
3567 4660 3629 4715 τὸ
3661 4662 3843 4733 ποτή-

396 4749 680 4804 Dominus
712 4754 955 4819 propter
986 4764 1212 4819 eorum,
1245 4750 1347 4822 qui
1378 4751 1431 4805 ei
1464 4749 1922 4819 insidiabantur,
1948 4749 2058 4803 ho—

396 4838 651 4904 minum,
687 4844 746 4892 et
790 4837 1126 4895 inﬁdelium
1155 4840 1645 4913 expurgationem
1672 4862 1699 4889 ‹‹
1732 4838 1885 4894 bibit
1913 4838 2060 4893 cali-

397 4944 523 4982 cem
544 4929 634 5000 (e).
661 4948 690 4978 »
714 4928 899 4992 Quem
922 4929 1227 4984 imitantes
1243 4928 1521 5001 apostoli,
1540 4933 1607 4983 ut
1627 4928 1945 4998 quirevera
1969 4944 2059 4983 es-

2170 4766 2306 4822 ριον·
2343 4771 2365 4799 ι
2403 4744 2463 4800 δν
2525 4744 2862 4819 μιμούμενοι
2895 4746 2947 4799 οἱ
3007 4744 3331 4820 ἀπόστολοι,
3366 4748 3441 4804 ὡς
3493 4747 3554 4803 ἂν
3580 4753 3664 4821 τῷ
3720 4744 3845 4805 ὄντι

2168 4835 2463 4911 γνωπικοὶ
2520 4834 2607 4888 καὶ
2666 4832 2895 4893 τέλειοι.
2956 4834 3090 4910 ὑπὲρ
3146 4836 3254 4891 τῶν
3315 4835 3700 4911 Ἐκκλησιῶν,
3764 4838 3829 4903 ἃς

2168 4920 2393 4996 ἔπηξαν,
2450 4922 2672 4980 ἔπαθον.
2724 4921 2915 4986 Οὕτως
2976 4921 3068 4980 οὖν
3127 4924 3217 4980 καὶ
3279 4926 3331 4982 οἱ
3388 4928 3507 4982 κατ’
3562 4924 3720 5003 ἴχνος
3780 4928 3847 4984 τὸ

463 5130 531 5205 φιτ
558 5128 619 5183 P.
650 5126 754 5181 597
788 5128 1230 5205 ED_.AP(_)'_1‘TE‘R,
1258 5128 1526 5205 ξολ-504
1555 5127 1682 5205 EQ.
1700 5126 1929 5184 PARIS.
2009 5126 2059 5197 (a

2211 5123 2358 5181 Tim.
2409 5137 2473 5192 ιι,
2526 5121 2612 5176 13.
2690 5122 2768 5195 (b)
2818 5123 3019 5205 Matth.
3075 5141 3228 5195 xnv,
3266 5128 3349 5180 13.
3431 5126 3501 5199 (ε)
3529 5125 3638 5183 Tit.
3676 5144 3714 5199 ι,
3751 5128 3845 5185 16.

397 5198 478 5268 (d)
512 5198 652 5257 Luc.
692 5216 831 5268 χχιι,
864 5202 953 5269 31,
988 5201 1076 5254 32.
1158 5199 1227 5270 (ε)
1255 5199 1457 5253 Matth.
1490 5215 1585 5266 xx,
1619 5200 1706 5253 2‘2.

462 5415 582 5503 (fr?)
612 5411 692 5503 212?
722 5410 872 5503 μὲντ·
912 5414 960 5503 .Y
965 5412 1020 5503 6.1,
1042 5413 1250 5503 κροὲὲυε
1272 5415 1360 5503 ,τῷ
1395 5410 1544 5503 vi“:

469 5479 733 5567 (mira
762 5479 876 5541 ἕνα.
911 5479 1405 5543 δυῦᾱυάίθιιάυιῆ
1449 5484 1669 5561 χρόνον,
1721 5491 1824 5542 aut
1865 5488 2061 5545 simile

403 5556 571 5627 quid.
600 5556 877 5627 Svriuunc.

445 5626 875 5751 lfgﬁgFip'quv.
910 5631 1134 5702 Nempe
1192 5631 1520 5687 Heracleon
1578 5629 1639 5684 in
1698 5629 1892 5686 verbis
1930 5632 2058 5704 jam

403 5714 619 5755 ιιιιῖιιιε.

436 5771 578 5855 fuit?)
605 5774 661 5822 '0
694 5773 938 5855 ρριμήν.
973 5774 1203 5830 Hermae
1233 5775 1540 5855 Pastorem
1572 5771 1873 5855 intelligit,
1906 5772 2059 5855 liba,

400 5841 510 5893 vis.
530 5841 605 5896 li:
635 5862 668 5892 ι(
701 5842 760 5897 Si
790 5841 928 5915 ergo
956 5846 1434 5918 prmparaveritis
1466 5861 1568 5903 vos
1604 5841 1880 5920 poteritis
1910 5845 2059 5904 effu-

2170 5431 2311 5494 gere
2328 5412 2495 5469 illam
2519 5411 2626 5494 (sc:
2645 5409 3000 5494 bestiam),si
3017 5418 3405 5494 cor_vestrum
3422 5413 3603 5469 fuerit
3618 5431 3850 5494 purum

2170 5482 2237 5544 ac
2268 5487 2397 5543 sine
2427 5482 2684 5556 macula,
2720 5488 2778 5539 et
2805 5482 3070 5556 reliquos
3102 5484 3231 5541 dies
3257 5490 3484 5541 vestros
3514 5482 3849 5546 servieritis

2171 5529 2289 5617 Beo
2320 5558 2449 5614 sine
2482 5529 2747 5627 querela.
2782 5579 2812 5607 ››

2241 5631 2350 5698 (47)
2409 5625 2792 5699 Ἐξῄτήσατοη
2828 5626 2963 5683 Luc.
2992 5696 3002 5699 _
3018 5645 3166 5699 χχιι,
3227 5630 3315 5696 31,
3376 5628 3487 5684 32:
3544 5628 3693 5699 Elite
3724 5625 3791 5685 δὶ
3820 5631 3850 5686 ὁ

2173 5684 2391 5778 uisui;-
2456 5684 2687 5778 {5!}.de
2727 5697 2941 5778 εεμῳν,
2992 5684 3504 5778 ἷδοὺ,1ὁ-ξαῖανᾷς
3538 5684 3851 5778 ξεηττςσσὲτῤ

2172 5767 2340 5852 huic,
2391 5774 2505 5852 τοῦ.
2531 5767 2939 5852 ’σινισίσαιλὼςζ
2981 5767 3153 5825 σῖτον·
3213 5770 3321 5846 ἐγὼ
3353 5768 3413 5827 δὶ
3441 5767 3851 5852 ἐδεήθηνπερὶ

2170 5838 2291 5929 σοῦ,
2313 5842 2407 5905 ἵνα
2438 5841 2518 5918 μὴ
2549 5838 2780 5920 ικλείπη
2810 5842 2849 5914 ἡ
2879 5841 3065 5908 πίστις
3095 5862 3217 5901 σου.
