4138 6392
419 382 564 441 ιεετ
1661 372 2077 433 CLMNTIB

2198 370 2621 431 ΒΧΔΝΒΙΙΝΙ
3711 374 3848 432 1288

420 525 552 582 gnua
578 522 842 575 causam,
893 503 986 560 vel
1033 502 1260 572 damni,
1310 500 1403 558 vel
1441 499 1681 574 judicii,
1727 498 1819 556 vel
1866 495 2072 556 inimi-

2198 491 2223 582 β
2274 492 2521 567 ζημίας»
2581 492 2618 566 ἢ
2679 491 2857 567 δίκης,
2916 496 2953 566 ἢ
3009 493 3234 573 ἔχθρας»
3292 494 3552 576 ἀφορμὴν
3604 494 3850 575 ιγιννησι

420 579 722 665 citiarum,
776 596 828 652 is
884 593 1264 650 occasionem
1334 592 1569 664 peperit
1618 588 2074 663 persecutionis.

2198 579 2462 659 διωγμοῦ.
2497 585 2595 639 Διὰ
2648 586 2798 641 τοῦτ’
2851 585 2943 640 οὗν
3005 582 3244 660 μηδενὸς
3304 586 3624 662 ωτὲχεσθαι
3662 591 3771 643 τῶν
3795 587 3845 644 ἐν

422 689 495 743 Et
511 688 644 744 ideo
657 685 810 759 jussi
826 701 1034 741 sumus
1054 682 1207 738 nihil
1230 682 1488 738 retinere
1507 697 1577 736 ex
1598 680 1672 736 iis
1684 697 1818 751 quas
1830 678 1904 735 ad
1926 679 2081 734 hanc

2198 676 2267 745 τῷ
2298 672 2403 749 βίῳ
2433 672 2829 751 προστέτακται
2859 676 3021 750 ἡμῖν,
3052 673 3200 732 ἀλλὰ
3225 674 3316 731 καὶ
3347 701 3375 729 u
3398 679 3481 750 τῷ
3512 674 3721 753 αῖροντι
3744 682 3850 751 (52)

421 778 602 833 vitam
630 775 933 848 pertinent
959 790 971 828 :
1000 773 1105 829 sed
1138 796 1166 824 ‹‹
1200 773 1278 836 ei,
1309 772 1413 844 qui
1446 771 1603 827 tollit
1627 769 1899 843 pallium,
1927 785 2081 841 pra:-

2198 760 2251 815 τὸ
2277 761 2499 833 ἱμάτιον
2549 763 2641 818 καὶ
2691 762 2782 819 τὸν
2839 767 3052 839 χιτῶνα
3103 760 3485 841 προσδιδόναι·
3520 789 3551 818 ››
3602 764 3711 842 οὐχ
3762 764 3849 821 ἳνα

419 872 586 924 terea
602 866 781 921 etiam
796 865 937 920 dare
957 864 1224 919 tunicam
1243 863 1351 933 (a);
1375 886 1396 911 ι
1419 878 1542 918 non
1556 860 1753 916 solum
1767 864 1833 915 ut
1843 874 2078 931 perma-

2198 850 2562 924 ἰπροσπαθεῖς
2614 850 2959 927 διαμένωμεν
3008 853 3200 927 μόνον,
3249 852 3380 911 ἀλλ’
3424 853 3500 917 ὡς
3554 856 3655 928 μή,
3704 854 3848 911 ἀντι-

419 973 671 1013 neamus
703 955 890 1011 nimio
922 955 1138 1010 aﬂ‘ectu
1170 953 1492 1020 immunes,
1526 950 1629 1008 sed
1658 967 1734 1006 ne
1775 966 1846 1005 ea
1876 947 2079 1004 vendi-

2198 942 2540 1015 ποιούμενοι,
2570 942 2698 1006 τοὺς
2740 940 3194 1016 ἐπιδικαζομὲνος
3237 942 3318 1021 ἐφ’
3367 942 3591 1007 ἑαυτοὺς
3638 943 3848 1019 ἀγριαί-

422 1051 649 1113 cantes,
682 1062 806 1113 eos,
839 1044 941 1116 qui
974 1043 1035 1098 in
1058 1042 1288 1115 judicio
1313 1040 1703 1107 contendunt,
1727 1039 1790 1094 in
1811 1055 1921 1093 nos
1942 1035 2069 1093 red-

2198 1052 2393 1105 νωμεν,
2425 1032 2516 1088 καὶ
2542 1030 2613 1088 δι’
2638 1036 2801 1107 ἡμῶν
2829 1033 2917 1089 ἐπὶ
2948 1035 3048 1103 τήν
3075 1037 3175 1089 τοῦ
3206 1031 3476 1109 ὀνόματος
3519 1032 3845 1108 διακινῶμεν
3874 1022 3887 1029 ’

420 1137 633 1192 damus
665 1136 961 1202 efferatos,
996 1138 1056 1188 et
1085 1149 1193 1205 per
1221 1148 1330 1187 nos
1363 1148 1463 1187 eos
1490 1144 1995 1193 commoveamus,
2017 1129 2082 1181 ut

2198 1118 2582 1197 βλασφημίαν.

419 1241 645 1283 nomen
674 1224 1080 1280 Christianum
1111 1220 1448 1279 maledictis
1476 1224 1780 1294 appetant.

1948 1312 2182 1370 CAPUT
2227 1313 2322 1370 XI.

1099 1420 1406 1491 Respondet
1455 1419 1755 1489 objectivni
1771 1433 1791 1471 :
1817 1416 1880 1472 Si
1907 1416 2051 1469 Deus
2072 1413 2241 1469 vestri
2270 1428 2460 1468 curam
2488 1419 2667 1483 gerat,
2700 1429 2800 1469 cur
2813 1415 3123 1485 pantimini
3148 1417 3178 1469 ?

414 1552 490 1607 At
518 1548 841 1621 inquiunt:
874 1547 931 1602 Si
964 1547 1119 1602 Deus
1148 1547 1325 1602 vestri
1368 1561 1570 1601 curam
1619 1543 1791 1617 gerit,
1842 1558 1949 1597 cur
1976 1556 2077 1612 pa-

2260 1535 2367 1594 Ναί
2397 1553 2579 1616 φασιν
2613 1536 2677 1595 Εἰ
2704 1535 2931 1610 κήδεται
2963 1540 3075 1613 (53)
3110 1537 3266 1612 ὑμῶν
3317 1539 3345 1594 ὁ
3377 1537 3533 1610 Θεὸς,
3563 1537 3618 1594 τί
3645 1533 3850 1610 δήποτε

412 1639 609 1694 timini
643 1637 1124 1711 persecutionem
1156 1642 1215 1691 et
1244 1640 1435 1691 morte
1463 1632 1779 1690 afﬁcimini
1800 1631 1828 1686 τ
1852 1648 1928 1686 an
1951 1630 2079 1702 ipse

2198 1624 2453 1684 διώκεσθε
2509 1628 2600 1685 καὶ
2660 1629 2996 1707 (pentheus;
3055 1629 3091 1700 ἢ
3151 1627 3313 1694 αὐτὸς
3383 1629 3527 1703 ὒμᾶς
3574 1628 3651 1693 εἰς
3694 1633 3850 1685 τοῦτο

414 1746 515 1785 vos
534 1729 619 1783 eis
640 1727 868 1783 tradit?
884 1727 999 1781 Nos
1017 1731 1218 1781 autem
1236 1741 1356 1780 non
1382 1724 1466 1779 sic
1490 1723 1905 1789 existimamus,
1926 1720 2078 1775 velle

2198 1715 2475 1774 ἐκδίδωσιν
2510 1739 2524 1789 ;
2556 1720 2748 1795 Ἡμεῖς
2782 1718 2841 1775 δὲ
2869 1719 2979 1796 ούχ
3009 1719 3183 1783 οὕτως
3221 1714 3692 1793 ὑπολαμϐάνομεν
3723 1723 3837 1781 τοῖς

414 1818 735 1874 Dominum
764 1821 831 1871 ut
859 1814 920 1869 in
971 1814 1342 1870 calamitates
1394 1812 1752 1879 incidamus,
1804 1809 1906 1866 sed
1939 1825 2080 1882 pro-

2198 1814 2590 1883 περιστατικοῖς
2639 1808 2985 1885 περιπίπτειν
3038 1812 3190 1884 ἡμᾶς
3240 1809 3331 1865 τὸν
3378 1808 3584 1885 Κύριον
3639 1807 3843 1885 βουλη-

413 1907 650 1978 phetice
682 1903 1031 1977 praedixisse
1064 1920 1133 1958 ea
1163 1919 1293 1974 quze
1339 1906 1539 1957 essent
1579 1906 1898 1956 eventura:
1950 1898 2076 1955 fore

2198 1899 2365 1969 δῆναι,
2409 1897 2554 1955 ἀλλὰ
2606 1904 2968 1977 προφητικῶς
3016 1900 3085 1955 τὰ
3143 1894 3517 1973 συμϐήσεσθαι
3577 1895 3848 1973 μέλλοντα

416 1974 668 2060 scilicet,
685 1974 753 2049 ut
774 1997 1017 2065 propter
1040 2008 1258 2047 nomen
1283 1991 1414 2063 ejus
1436 1995 1780 2063 pateremur
1798 2004 2075 2062 persecu-

2198 1988 2594 2064 προειρηκέναι,
2627 1974 2703 2052 ὧς
2732 1974 2825 2045 διὰ
2851 1990 2913 2044 τὸ
2946 1987 3127 2064 ὄνομα
3172 1988 3339 2044 αὐτοῦ
3391 1984 3843 2064 διωχθησόμεθα,

416 2085 664 2149 tionem,
717 2088 785 2138 ut
833 2082 1261 2149 occideremur,
1323 2086 1383 2135 et
1431 2086 1499 2136 ut
1552 2079 2080 2151 suspenderemur.

419 2172 817 2239 Quamobrem
849 2170 1045 2226 noluit
1087 2186 1197 2225 nos
1247 2170 1370 2241 pati
1422 2169 1928 2242 persecutionem,
1979 2166 2082 2223 sed

422 2279 513 2331 ea,
543 2278 675 2333 qua)
699 2261 933 2333 passuri
966 2275 1197 2327 sumus,
1229 2258 1396 2330 prius
1420 2259 1774 2330 signiﬁcavit
1792 2274 1901 2330 per
1926 2273 2079 2325 eam,

421 2351 583 2424 quod
613 2350 734 2405 sint
764 2354 1065 2418 eventura,
1113 2348 1588 2421 praadictionem,
1636 2363 1747 2402 nos
1798 2363 2082 2403 exercens

420 2442 495 2497 ad
527 2441 925 2508 tolerantiam,
960 2439 1053 2495 cui
1086 2439 1362 2511 promisit
1404 2438 1833 2494 haereditatem.
1884 2438 2080 2503 Quan-

423 2547 603 2604 quam
634 2547 755 2586 non
790 2530 924 2599 soli,
959 2530 1063 2585 sed
1105 2546 1242 2585 cum
1290 2529 1498 2585 multis
1548 2528 1840 2601 supplicio
1891 2527 2082 2584 afﬁci-

420 2637 582 2676 mur.
625 2621 698 2674 At
743 2618 855 2683 illi,
902 2618 1202 2689 inquiunt,
1256 2634 1391 2673 cum
1447 2617 1570 2672 sint
1617 2616 1898 2685 maleﬁci,
1944 2616 2079 2690 jure

419 2706 596 2762 luunt
623 2723 865 2779 poenas;
899 2722 1036 2779 ergo
1070 2706 1165 2761 vel
1196 2705 1363 2760 inviti
1410 2705 1584 2760 nobis
1625 2705 1924 2779 justitiam
1971 2720 2078 2760 suo

420 2795 763 2851 testimonio
798 2793 1088 2859 tribuunt,
1124 2794 1224 2865 qui
1258 2792 1482 2865 injuste
1512 2798 1757 2865 propter
1779 2792 2078 2864 justitiam

420 2884 725 2956 punimur.
761 2882 873 2937 Sed
904 2898 1100 2954 neque
1132 2881 1432 2954 injustitia
1453 2881 1679 2953 judicis
1709 2881 1947 2953 attingit
1976 2880 2079 2935 Dei

420 2972 894 3045 providentiam;
929 2976 1163 3043 oportet
1192 2972 1353 3026 enim
1378 2970 1645 3043 judicem
1678 2970 1739 3025 in
1773 2987 1881 3026 sua
1912 2975 2082 3041 pote-

423 3067 574 3118 state
600 3061 820 3116 habere
854 3077 1022 3117 suam
1056 3061 1438 3126 sententiam,
1472 3077 1603 3126 nec,
1637 3060 1819 3115 veluti
1860 3075 2081 3130 organa

421 3151 713 3219 inanima,
746 3151 942 3206 nervis
965 3150 1406 3222 quodammodo
1431 3150 1609 3215 trahi,
1644 3155 1703 3206 et
1734 3150 1806 3206 ab
1836 3155 2081 3205 externa

422 3241 618 3297 solum
649 3256 827 3296 causa
858 3241 974 3295 vim
1008 3241 1221 3313 agendi
1253 3256 1490 3312 capere.
1530 3240 1695 3295 Unde
1737 3247 1796 3295 et
1825 3240 1947 3305 ille,
1975 3256 2077 3312 pe-

2190 2079 2660 2157 φονευθησόμεθα,
2712 2076 3387 2153 ἀνασκινδυλευθησόμεθα
3417 2080 3558 2153 (54)’
3609 2078 3741 2134 ὥστ’
3787 2076 3847 2135 οὖ

2190 2164 2479 2233 διώκεσθαι
2504 2169 2774 2242 ἠθέλησεν
2803 2172 2973 2244 ἡμᾶς,
3014 2168 3141 2225 ἀλλ’
3172 2169 3205 2224 a
3243 2167 3545 2242 πεισόμεθα
3592 2170 3844 2245 προεμήο

2186 2280 2336 2314 νυσεν
2416 2256 2506 2314 διὰ
2556 2266 2658 2330 τῆς
2717 2264 2813 2315 τοῦ
2889 2254 3262 2334 συμϐήσεσθαι
3348 2257 3799 2335 προαγορεύσεως
3832 2303 3847 2329 ,

2189 2345 2266 2410 εἷς
2323 2347 2605 2424 καρτερίαν
2664 2347 2966 2424 γυμνασίας
3033 2351 3167 2423 (55),
3228 2347 3264 2419 ἢ
3322 2347 3421 2417 σὴν
3465 2344 3846 2422 κληρονομίάν

2187 2435 2582 2513 ἐπηγγείλατο·
2617 2438 2795 2494 καίτοι
2828 2438 2890 2493 οὐ
2924 2437 3107 2512 μόνοι,
3138 2434 3287 2492 ἀλλά
3318 2436 3455 2509 μετά
3486 2434 3723 2491 πολλῶν
3751 2457 3845 2492 κο-

2189 2525 2488 2599 λαζόμεθα.
2519 2523 2680 2582 Ἀλλ’
2716 2524 2939 2598 ἐκεῖνοι,
2996 2524 3146 2601 φασὶ,
3178 2529 3480 2601 κακοῦργοι
3526 2527 3844 2601 τυγχάνον-

2185 2635 2296 2684 τες,
2331 2613 2556 2677 δικαίως
2586 2614 2883 2692 ὑπίσχουσι
2942 2616 3042 2684 τήν
3097 2614 3393 2692 τιμωρίαν.
3453 2615 3719 2679 Ἀκοντες
3754 2615 3841 2670 οὖν

2191 2708 2554 2782 μαρτυροῦσιν
2601 2707 2739 2778 ἡμῖν
2780 2706 2881 2774 τήν
2933 2702 3282 2775 δικαιοσύνην
3328 2708 3448 2766 τοῖς
3499 2700 3589 2758 διὰ
3639 2701 3848 2759 δικαιο-

2186 2792 2353 2864 σύνην
2383 2791 2585 2857 ἀδίκως
2617 2792 3037 2868 κολαζομένοις.
3072 2792 3229 2851 Ἀλλ’
3257 2790 3385 2849 ούδὶ
3410 2793 3475 2848 τὸ
3518 2789 3710 2849 ἄδικον
3755 2797 3849 2849 τοῦ

2188 2880 2445 2938 δικαστοῦ
2473 2890 2575 2954 τῆς
2606 2885 2867 2959 προνοίας
2897 2884 3143 2940 ἅπτεται·
3177 2880 3261 2939 δεῖ
3309 2883 3414 2958 γὰρ
3471 2881 3663 2958 κύριον
3714 2884 3844 2939 εἶναι

2183 2972 2277 3027 τὸν
2310 2972 2500 3048 κριτὴν
2551 2979 2651 3043 τῆς
2709 2974 2902 3029 ἑαυτοῦ
2957 2974 3210 3050 γνώμης·
3274 2972 3351 3046 μὴ
3408 2972 3841 3049 νευροσπαστού-

2190 3081 2350 3135 μενον
2430 3061 2661 3137 ἀψύχων
2748 3060 2905 3134 δίκην
2992 3062 3231 3139 ὀργάνων
3269 3106 3284 3129 ,
3370 3062 3629 3137 ἀφορμάς
3720 3060 3848 3126 ἴσως

2189 3153 2357 3224 μόνον
2390 3152 2535 3227 παρὰ
2562 3159 2662 3222 τῆς
2692 3151 2885 3224 ἔξωθεν
2919 3152 3093 3216 αἱτίας
3127 3148 3499 3226 λαμϐάνοντα.
3549 3153 3845 3225 Δοκιμάζε·

2186 3262 2275 3297 ται
2308 3246 2440 3316 γοῦν
2469 3241 2522 3297 ἐν
2565 3242 2611 3314 ᾧ
2659 3243 2855 3319 κρίνει,
2915 3245 3155 3318 καθάπερ
3214 3241 3303 3297 καὶ
3353 3243 3543 3314 ἡμεῖς,
3600 3240 3742 3296 κατά
3794 3259 3850 3294 τε

418 3331 593 3386 rinde
619 3347 686 3387 ac
710 3348 840 3400 nos,
874 3331 935 3385 in
966 3332 1359 3401 quaestionem
1387 3332 1549 3386 venit
1577 3330 1649 3386 de
1689 3347 1795 3387 suo
1821 3329 2073 3401 judicio,

2198 3330 2286 3398 τὴν
2326 3335 2437 3386 τῶν
2495 3332 2722 3407 αἱρετῶν
2781 3331 3042 3407 ἐκλογὴν,
3072 3333 3208 3387 κατά
3260 3350 3320 3385 τε
3375 3331 3476 3399 τήν
3537 3330 3845 3403 ὑπομονήν.

422 3419 614 3491 deque
663 3420 953 3475 electione
997 3436 1200 3476 rerum
1248 3419 1605 3492 eligibilium
1659 3425 1718 3473 et
1763 3420 2072 3491 patientia.

423 3509 699 3573 Quamvis
730 3515 929 3565 autem
960 3525 1083 3564 non
1117 3509 1404 3565 faciamus
1454 3508 1758 3581 injuriam,
1790 3514 2078 3580 tanquam

422 3606 623 3657 tamen
655 3602 939 3672 injuriam
969 3600 1281 3668 facientes,
1310 3618 1422 3655 nos
1452 3602 1720 3655 intuetur
1736 3600 1942 3672 judex.
1967 3602 2083 3655 Ne-

424 3707 539 3761 que
570 3691 733 3745 enim
763 3696 969 3745 nostra
996 3690 1179 3756 novit,
1210 3705 1406 3760 neque
1438 3688 1562 3743 vult
1586 3690 1735 3744 scire
1764 3706 1777 3756 ;
1804 3688 1910 3743 sed
1932 3705 2080 3759 quo-

424 3779 564 3835 dam
580 3779 743 3833 inani
758 3784 1205 3850 prmoccupatus
1218 3777 1514 3850 abripitur
1524 3777 1873 3850 prmjudicio
1896 3796 1909 3846 ;
1923 3777 2083 3833 unde

424 3870 606 3926 etiam
664 3871 791 3941 ipse
832 3870 1063 3941 judicio
1114 3870 1181 3925 ﬁt
1231 3869 1542 3925 obnoxius.
1594 3871 1707 3925 Nos
1757 3886 1894 3942 ergo
1941 3886 2084 3941 per-

425 3965 777 4030 sequuntur,
817 3976 938 4014 non
990 3960 1148 4031 quod
1196 3960 1449 4031 injustos
1495 3976 1623 4016 esse
1672 3958 2084 4031 deprehende-

421 4047 564 4115 rint,
599 4049 703 4104 sed
736 4046 896 4119 quod
925 4063 1035 4104 nos
1061 4048 1195 4103 vita:
1239 4048 1518 4103 humanm
1562 4047 1848 4119 injuriam
1887 4047 2083 4103 facere

424 4137 790 4207 existiment,
854 4155 923 4193 eo
976 4139 1137 4210 quod
1195 4139 1383 4194 simus
1435 4137 1777 4204 Christiani,
1840 4143 1900 4193 et
1946 4154 2082 4193 cum

417 4228 538 4301 ipsi
584 4229 669 4283 sic
714 4229 895 4283 vitam
952 4227 1344 4297 instituimus,
1397 4234 1522 4283 tum
1571 4227 1720 4283 alios
1773 4227 2086 4285 hortamur

421 4323 490 4374 ut
518 4319 698 4374 vitam
750 4318 968 4391 degant
1014 4317 1293 4375 similem.
1345 4318 1462 4373 Cur
1507 4323 1730 4385 autem,
1779 4318 2082 4389 inquiunt,

424 4425 561 4464 cum
591 4424 692 4463 vos
717 4414 1183 4481 persequuntur,
1214 4407 1369 4461 nihil
1407 4406 1571 4462 vobis
1620 4408 1867 4463 affertur
1913 4408 2085 4464 auxi-

424 4497 538 4552 lii?
560 4497 623 4560 ›ι‹
652 4498 803 4562 Quid
830 4497 1012 4563 enim,
1037 4497 1195 4568 quod
1221 4497 1295 4553 ad
1319 4513 1427 4552 nos
1451 4496 1692 4569 quidem
1714 4496 1949 4562 attinet,
1971 4514 2084 4552 no-

420 4584 513 4641 bis
545 4586 613 4642 ﬂt
629 4585 868 4659 injurias
887 4602 1023 4641 cum
1047 4592 1236 4642 morte
1260 4586 1439 4642 soluti
1464 4587 1766 4643 tendimus
1788 4585 1862 4642 ad
1884 4586 2083 4643 Domi-

2187 3419 2300 3478 Κᾶν
2340 3421 2417 3493 μὴ
2479 3417 2780 3495 ἀδικῶμεν,
2812 3418 2940 3477 ἀλλ’
2998 3422 3075 3485 ὡς
3131 3417 3410 3476 ἀδικοῦσιν
3470 3421 3607 3494 ἡμῖν
3640 3421 3671 3475 ὁ
3702 3416 3848 3474 δικα-

2189 3513 2319 3578 στῆς
2352 3511 2529 3587 ἀφορᾷ
2557 3512 2688 3585 (56)·
2723 3511 2785 3565 ού
2813 3511 2917 3587 γὰρ
2944 3507 3057 3566 οῖδε
3084 3512 3153 3566 τὰ
3181 3511 3298 3565 καθ’
3328 3512 3502 3583 ἡμᾶς,
3535 3506 3665 3565 οὐδὲ
3707 3506 3851 3564 θέλει

2193 3604 2384 3672 μαθεῖν
2417 3601 2551 3672 (57)'
2586 3598 2865 3674 προλήψει
2909 3596 2969 3655 δὶ
3011 3602 3374 3677 συναπάγεται
3422 3601 3572 3673 κενῇ·
3628 3595 3718 3653 διὸ
3762 3595 3849 3652 καὶ

2187 3688 2447 3761 κρίνεται.
2477 3689 2750 3743 Διώκουσι
2775 3689 2954 3745 τοίνυν
2982 3691 3152 3761 ἡμᾶς,
3186 3688 3287 3744 οὐκ
3314 3684 3538 3752 ἀδίκους
3583 3688 3727 3743 εἶναι
3756 3704 3852 3741 κα-

2187 3771 2543 3847 ταλαϐόντες,
2573 3775 2703 3832 ἀλλ’
2731 3776 2881 3849 αὐτῷ
2917 3779 3071 3852 μόνῳ
3102 3783 3182 3851 τῷ
3204 3776 3560 3855 Χριστιανοὺς
3588 3778 3732 3831 εἶναι
3758 3775 3847 3831 τὸν

2195 3864 2313 3943 βίον
2347 3864 2550 3923 ἀδικεῖν
2595 3862 3105 3941 ὑπολαμϐάνοντες,
3161 3868 3357 3934 αύτούς
3402 3888 3464 3925 τε
3502 3866 3649 3923 οὕτω
3697 3864 3849 3923 πολι-

2189 3955 2520 4029 τευομένους
2550 3955 2640 4011 καὶ
2673 3955 2802 4020 τοὺς
2829 3954 3037 4021 ἄλλους
3068 3957 3159 4013 τὸν
3194 3957 3393 4031 ὅμοιον
3427 3956 3699 4031 αἱρεῖσθαι
3735 3953 3846 4032 βίον

2192 4044 2694 4123 προτρεπομένους.
2729 4046 2829 4102 Διά
2853 4045 2907 4102 τί
2932 4044 2991 4102 δὲ
3020 4047 3088 4103 οὐ
3136 4048 3423 4123 βοηθεῖσθε
3470 4042 3803 4119 διωκόμενοι
3834 4059 3849 4111 ;

2193 4136 2343 4215 φασί.
2377 4135 2444 4194 Τί
2471 4135 2571 4213 γὰρ
2601 4136 2692 4191 καὶ
2728 4133 3063 4209 ἀδικούμεθα
3116 4136 3193 4199 ὡς
3239 4135 3378 4211 πρὸς
3426 4137 3577 4209 ἡμᾶς
3629 4132 3849 4201 αὑτοὺς,

2191 4226 2407 4299 θανάτῳ
2436 4224 2815 4299 ἀπολυόμενοι
2854 4225 2991 4300 πρὸς
3036 4226 3127 4281 τὸν
3178 4224 3403 4301 Κύριον,
3461 4225 3553 4279 καὶ
3610 4222 3849 4298 καθάπερ

2192 4313 2417 4385 ἡλικίας
2453 4309 2790 4389 μεταϐολὴν,
2825 4314 2968 4371 οὓτω
3008 4312 3067 4371 δὶ
3094 4317 3183 4372 καὶ
3223 4315 3345 4391 βίου
3375 4310 3692 4389 ἐναλλαγήν
3724 4312 3852 4368 ὑπο·

2197 4405 2491 4478 μένοντες
2521 4403 2592 4463 Εἴ
2631 4402 2690 4459 δὲ
2745 4402 2803 4460 εὖ
2856 4410 3183 4483 φρονοῖμεν,
3243 4403 3406 4480 χάριν
3461 4402 3721 4477 εἰσόμεθα
3750 4400 3853 4474 (58)

2193 4500 2312 4560 τοῖς
2330 4496 2432 4565 τήν
2465 4496 2722 4574 ἀφορμὴν
2754 4502 2855 4565 τῆς
2885 4496 3111 4572 ταχείας
3152 4493 3471 4569 ἀποδημίας
3499 4490 3852 4570 παρεσχημέο

2194 4608 2329 4656 νοις,
2379 4589 2426 4642 εί
2486 4583 2557 4642 δι’
2615 4585 2826 4661 ἀγάπην
2891 4591 3286 4663 μαρτυροῖμεν⁹
3330 4584 3377 4641 εί
3411 4583 3469 4640 δὲ
3502 4585 3603 4659 μὴ,
3660 4577 3855 4661 φαῦλοί

428 4690 575 4730 num
600 4691 614 4742 ;
638 4691 749 4730 nec
766 4674 941 4730 aliter
955 4675 1089 4731 vita)
1103 4677 1434 4733 mutatione
1454 4676 1767 4747 afﬁcimur,
1785 4692 1965 4747 quam
1981 4676 2082 4748 qui

2198 4698 2337 4740 τινες
2369 4673 2559 4754 ἄνδρες
2593 4678 2734 4732 εῖναι
2759 4682 2877 4740 τοῖς
2930 4675 3171 4742 πολλοῖς
3215 4673 3512 4749 ἐδοκοῦμεν
3545 4677 3737 4749 ἡμεῖς.
3789 4668 3850 4729 Εἰ

496 4811 643 4881 νΧαΡ.
678 4812 782 4866 599
820 4811 932 4865 ED.
976 4812 1269 4868 POTTER.
1310 4813 1383 4885 (a)
1417 4813 1553 4868 Luc.
1589 4828 1663 4880 v1,
1687 4813 1776 4869 29.

502 4946 612 5016 (52)
643 4945 740 5015 Τῷ
769 4940 1008 5018 αἴροντι.
1032 4945 1247 5002 Lucam
1280 4950 1518 5018 secutus
1562 4944 1813 5018 videtur,
1834 4962 1971 5018 cap.
2005 4964 2080 5016 γι,

429 5033 569 5091 nam
602 5034 673 5072 ex
700 5016 973 5091 _Matthaao
999 5017 1321 5091 legendum
1342 5017 1525 5091 _foret,
1563 5016 1784 5091 ordine
1828 5016 2088 5084 inverso,

426 5087 636 5162 αῖροντι
662 5088 754 5143 τὸν
788 5092 999 5164 χιτῶνα
1028 5083 1120 5143 κᾶι
1164 5088 1227 5142 τὸ
1254 5087 1476 5160 ἱμάτιον
1520 5083 1899 5161 προσδιδόναι.
1951 5083 2088 5147 ΞΥιὲ

429 5178 595 5218 BURG.

498 5234 613 5304 (53)
646 5230 709 5289 Εἰ
741 5227 988 5300 κήδεται.
1014 5230 1182 5286 Conf.
1216 5249 1352 5287 cum
1382 5231 1494 5286 hoc
1523 5230 1655 5286 loco
1684 5230 1956 5288 libellum
1990 5234 2088 5290 Se-

431 5321 594 5361 neca:
620 5306 695 5360 De
724 5304 1102 5376 Providentia,
1138 5320 1266 5373 seu,
1298 5305 1408 5362 Cur
1438 5304 1592 5359 bonis
1635 5304 1887 5359 accidant
1917 5307 2087 5376 mala,

432 5394 553 5432 cum
582 5377 654 5433 sit
686 5374 1073 5432 Proxidentia.
1107 5376 1184 5430 In-

501 5450 617 5519 (54)
669 5442 1372 5519 Ἀνασκινδυλευθησόμεθα
1404 5490 1418 5504 .
1502 5446 1643 5519 Hac
1700 5463 1838 5519 voce
1914 5466 2092 5519 supe-

431 5516 557 5593 rius
583 5516 729 5577 usus
762 5520 1082 5593 est_Strom.
1121 5516 1174 5587 ιι,
1209 5516 1339 5593 pag.
1375 5520 1496 5577 414.
1530 5522 1593 5573 et
1632 5516 1785 5573 infra
1816 5535 1949 5593 pag.
1979 5516 2078 5577 601

435 5592 575 5649 edit.
609 5593 795 5648 Paris.
830 5591 929 5647 Est
978 5597 1176 5648 autem
1210 5591 1267 5647 7e
1297 5591 1565 5648 'Platone
1624 5595 1883 5659 sumpta,
1918 5591 2018 5649 lib.
2052 5610 2090 5648 ιι

434 5663 512 5735 De
562 5664 778 5733 νρρτώ..
812 5666 1026 5735 ριὸ94,
1069 5666 1240 5735 cujus
1272 5665 1447 5719 verba
1502 5660 1777 5734 superius
1834 5678 1869 5717 a
1922 5664 2092 5721 nobis

437 5733 619 5789 allata
650 5738 793 5787 sunt
821 5733 903 5805 ad
925 5752 981 5805 p.
1016 5738 1118 5790 495
1145 5733 1294 5792 edit.
1329 5736 1515 5793 Paris.

507 5805 620 5875 (56)
660 5799 991 5872 Γυμνασίοῐς.
1044 5807 1179 5880 Legi
1234 5813 1432 5880 potest
1480 5806 1662 5864 etiam
1713 5799 2011 5877 γυμνάσας’
2038 5810 2097 5864 et

2194 4964 2354 5015 mox,
2386 4944 2449 5022 ᾖ,
2487 4967 2512 5000 ι
2547 4948 2712 5022 cui,g
2741 4964 2849 5021 pro
2878 4945 2939 5022 ᾖ,
2977 4964 3191 5022 «_quaa.
3229 4969 3259 5022 ξ)
3290 4947 3568 5022 vanunc.

2274 5014 2406 5102 (56f
2426 5023 2594 5102 ςῌμῖν
2620 5014 2660 5102 ’ὅ
2688 5014 2948 5102 δικαστής
3000 5014 3852 5102 “Sopita-Legi“potest‘tpopc‘i,

2202 5114 2230 5164 ς(
2283 5090 2545 5163 inspicit,
2616 5092 3007 5164 intueturzr»
3048 5090 3575 5164 "inquitSylburg-
3639 5090 3852 5164 γένυσι

2201 5160 2803 5238 inopi—accusativum
2825 5163 3010 5238 regit,
3057 5181 3125 5238 ac
3139 5160 3407 5238 _prpinde
3431 5162 3488 5238 _si
3520 5160 3684 5238 _vera
3701 5162 3853 5238 esset

2198 5231 2406 5312 lectio,
2435 5231 2963 5312 scriptum‘iuissét
2990 5231 3193 5312 ἡμὰςῦ
3224 5231 3485 5312 δικαστὴς
3518 5232 3707 5312 ἐφορᾷ.
3738 5233 3853 5287 Ma-

2198 5308 2306 5391 lim
2334 5308 2532 5391 igitur,
2556 5305 2687 5391 una
2733 5308 2936 5391 littera
2973 5305 3210 5391 addita,
3249 5305 3486 5391 ἐςρορμᾷ,
3537 5305 3855 5362 ιίῐέοιιειιε

2201 5380 2326 5453 sit;
2362 5380 2387 5431 ξ(
2416 5380 2483 5453 in
2501 5381 2832 5453 nosjudex
2861 5382 3154 5453 impetum
3182 5380 3406 5436 facit.»

2274 5420 2279 5433 .
2312 5399 2326 5447 ;
2362 5403 2387 5431 ί(
2416 5399 2479 5435 1n
2511 5399 2620 5436 nos
2675 5399 2832 5436 uaex
2861 5399 3154 5453 impetum
3182 5399 3345 5436 lacn.
3378 5402 3406 5431 ››

2274 5451 2392 5536 (571).
2419 5446 2555 5536 Οὐξὲ
2586 5399 2739 5536 θέλει.
2767 5473 2826 5524 μ..
2861 5453 2981 5535 Hoc
3012 5458 3434 5536 argumentum
3464 5450 3705 5536 copiose
3735 5461 3856 5520 per-

2203 5525 2475 5594 sequitur
2498 5523 2898 5597 Tertullianus
2930 5525 2991 5580 in
3023 5523 3319 5597 principio
3351 5523 3726 5597 Apologetici.

2279 5585 2392 5670 (58)
2449 5595 2626 5670 Χάριν
2687 5595 2964 5670 εἰσόμεθα.
3024 5585 3159 5670 Legi
3215 5585 3420 5670 potest
3464 5585 3629 5670 χάριν
3685 5585 3857 5670 ἃνὶεί-

2205 5661 2456 5744 σοίμεοα,
2476 5661 2585 5744 vel
2606 5670 2667 5724 in
2701 5661 3062 5741 praecedenti
3104 5661 3375 5726 membro
3406 5661 3740 5744 φρονοῦμεν,
3773 5661 3861 5716 in-

2204 5738 2319 5795 dic.
2352 5740 2531 5797 modo
2555 5738 2831 5800 Suebae.
