4138 6400
333 412 476 469 1293

1661 412 2115 470 ΒΤΒΟΜΔΊὍΜ
2154 415 2289 469 LIB.
2331 415 2426 470 IV.

3623 415 3762 470 1294

335 535 522 594 λύεται
548 535 652 611 γὰρ
701 534 790 591 ἐπὶ
845 539 944 590 τοῦ
991 533 1371 610 ἀρνησαμένου
1419 537 1454 605 ἠ
1506 535 1644 590 κατά
1685 535 1778 590 τὸν
1824 541 1987 590 Βασι-

2122 538 2371 610 ιιιὶἀεηι,
2403 543 2469 593 ut
2508 538 2792 612 puniatur
2838 539 3168 595 honoriﬁce
3216 555 3323 611 per
3365 539 3762 611 martyrium;

338 623 525 692 λείδην
549 625 802 700 πρόνοια.
831 626 973 700 Ἑρῶ
995 629 1106 698 (67)
1134 625 1313 680 τοίνυν
1333 624 1490 680 αὐτὸν
1517 625 1608 680 καὶ
1637 623 1725 680 ἐπὶ
1746 627 1843 680 τοῦ
1862 644 1995 700 κρα-

332 716 594 786 τηθέντος
626 714 1008 790 ὁμολογητοῦ,
1053 715 1282 786 πότερον
1341 716 1675 791 μαρτυρήσει
1705 715 1791 769 καὶ
1825 713 1997 770 κολα-

335 807 592 875 σθήσεται
624 805 762 860 κατά
807 826 909 875 την
937 803 1220 879 πρόνοιαν,
1251 803 1287 874 ἢ
1321 799 1425 874 cii;
1461 805 1762 879 Ἀρνουμεν
1777 823 1831 866 ος
1865 804 1994 878 γὰρ,

331 897 396 952 ού
446 893 870 965 κολασθήσεται·
907 894 952 949 εἰ
983 893 1043 949 δὲ
1097 894 1188 948 καὶ
1246 900 1350 964 τῆς
1406 889 1730 958 ἀποϐάσεως
1777 893 1868 948 καὶ
1896 896 1995 948 τοῦ

337 988 415 1060 μὴ
449 983 558 1040 δεῖν
593 985 931 1054 κολασθῆναι
968 988 1162 1040 τοῦτον
1214 985 1377 1058 φήσει
1413 985 1514 1054 τήν
1564 983 1842 1039 ἀπώλειαν
1889 986 1998 1038 τῶν

334 1075 728 1150 ἀρνησαμένων
761 1073 821 1129 ἐκ
849 1073 1136 1149 προνοίας,
1169 1071 1313 1127 ἄκων
1344 1075 1829 1148 προσμαρτυρήσει
1861 1073 1993 1144 (68).

333 1168 458 1224 Πῶς
499 1161 558 1217 δέ
588 1161 664 1218 ἔτι
701 1162 891 1236 μισθὸς
925 1162 953 1215 ὁ
989 1159 1338 1234 ἐνδοξότατος
1368 1160 1422 1215 ἐν
1454 1160 1668 1238 ούρανῷ
1711 1159 1994 1215 ἀπόκειται

332 1259 414 1325 τῷ
475 1259 882 1326 μαρτυρήσαντι
943 1251 1036 1308 διὰ
1095 1254 1157 1307 τὸ
1216 1254 1610 1327 μαρτυρῆσαις
1670 1250 1735 1307 Εἰ
1795 1246 1853 1305 δὶ
1904 1249 1998 1304 τὸν

332 1344 706 1420 ἁμαρτητικὸν
763 1344 865 1398 οὐκ
911 1339 1085 1398 εἷάσεν
1132 1345 1168 1412 ἡ
1202 1342 1432 1413 πρόνοια
1479 1339 1565 1396 ἐπὶ
1615 1339 1679 1396 τὸ
1734 1341 1994 1414 ἁμαρτεῖν

333 1433 533 1501 ἐλθεῖν,
569 1432 758 1498 ἄδικος
808 1433 1012 1508 γίνεται
1070 1434 1188 1488 κατ’
1224 1429 1412 1510 ἄμφω·
1476 1431 1566 1486 καὶ
1622 1431 1712 1486 τὸν
1771 1428 1860 1485 διὰ
1917 1427 1996 1484 δι-

333 1523 627 1594 καιοσύνην
688 1522 766 1584 εἷς
825 1520 1056 1578 κόλασιν
1097 1522 1395 1594 ἑλκόμενον
1463 1522 1536 1593 μὴ
1600 1519 1867 1596 ῥυομένη,
1907 1520 1997 1574 καὶ

332 1615 422 1670 τὸν
457 1611 662 1669 ἀδικεῖν
702 1612 1037 1684 ἐθελήσαντα
1070 1611 1371 1688 ῥυσαμένη⁸
1405 1615 1503 1666 τοῦ
1539 1611 1632 1684 μὲν
1666 1611 2002 1680 ποιήσαντος

338 1701 408 1758 δι’
440 1705 516 1758 ὧν
567 1698 872 1774 ἐϐουλήθη,
902 1709 1004 1771 τῆς
1035 1699 1093 1756 δὲ
1121 1701 1448 1770 κωλυσάσης
1480 1701 1544 1755 τὸ
1574 1699 1754 1774 ἔργον,
1784 1700 1875 1754 καὶ
1922 1699 1998 1771 μή

333 1789 558 1856 δικαίως
605 1794 963 1868 περιέποντος
1021 1795 1137 1866 (69)
1167 1791 1258 1846 τὸν
1320 1790 1718 1866 ἁμαρτητικόν.
1766 1793 1889 1851 Πῶς
1943 1785 2001 1843 δὲ

333 1883 434 1938 οὐκ
462 1881 643 1953 ἄθεος,
687 1883 916 1951 θειάζων
953 1883 1048 1954 μὶν
1106 1882 1199 1936 τὸν
1260 1875 1546 1948 διάϐολον,
1597 1877 1887 1954 ἄνθρωπον
1939 1874 1998 1932 δὶ

333 1971 708 2048 ἁμαρτητικὸν
739 1970 1030 2044 τολμήσας
1061 1970 1231 2025 εἰπεῖν
1264 1969 1358 2024 τὸν
1413 1968 1607 2042 Κύριον
1650 1987 1664 2038 ;
1721 1967 1998 2042 Πεοράζων

330 2063 436 2138 γὰρ
486 2063 636 2134 ἡμᾶς
669 2061 698 2116 ὑ
729 2055 1017 2131 διάϐολος,
1061 2057 1222 2120 εἰδὼς
1277 2059 1373 2132 μὲν
1406 2057 1436 2113 8
1468 2056 1656 2131 ἐσμεν,
1687 2056 1793 2112 οὐκ
1843 2053 2002 2120 εἰδὼς

334 2149 393 2206 δὶ
424 2150 468 2206 εἰ
494 2151 903 2224 ὑπομενοῦμεν,
935 2148 1084 2206 ἀλλά
1127 2147 1412 2204 ἀποσεῖσαι
1451 2153 1555 2217 τῆς
1585 2148 1820 2208 πίστεως
1851 2148 2001 2218 ἡμᾶς

347 2239 689 2316 βουλόμενος
723 2282 738 2306 ,
793 2238 884 2294 καὶ
945 2237 1239 2315 ὑπάγεσθαι
1299 2237 1474 2308 ἑαυτῷ
1527 2235 1772 2309 πειράζει
1805 2255 1816 2267 ·
1870 2235 2003 2308 ὅπερ

342 2329 435 2384 καὶ
499 2330 664 2402 μόνον
724 2328 1108 2402 ἐπιτέτραπται
1166 2324 1338 2398 αὐτῷ,
1374 2323 1466 2381 διά
1514 2347 1575 2380 τε
1627 2325 1692 2380 τὸ
1745 2326 1895 2397 ἡμᾶς
1953 2323 2004 2394 ἐξ

346 2419 552 2474 ἑαυτῶν
612 2417 879 2488 σώζεσθαι
938 2414 1072 2486 δεῖν,
1125 2415 1377 2495 ἀφορμὰς
1429 2413 1577 2491 παρά
1621 2421 1724 2484 τῆς
1779 2413 2006 2482 ἰντολῆς

346 2507 665 2585 εἰληφότας,
699 2504 789 2562 διά
815 2527 874 2562 τε
900 2506 994 2561 τὸν
1037 2503 1463 2579 καταισχυμμὸν
1511 2507 1610 2558 τοῦ
1649 2501 2007 2578 πειράσαντος

341 2598 433 2654 καὶ
473 2596 874 2672 ἀποτυχόντος,
907 2593 998 2650 διά
1024 2615 1084 2651 τε
1122 2595 1224 2664 τήν
1257 2593 1682 2668 ἶσχυροποίησιν
1731 2597 1841 2647 τῶν
1871 2591 2008 2648 κατά

343 2689 444 2757 τὴν
495 2684 844 2758 Ἐκκλησίαν,
901 2683 990 2741 διά
1035 2706 1095 2741 τε
1145 2686 1247 2755 τήν
1278 2682 1587 2754 συνείδησιν
1636 2687 1747 2739 τῶν
1793 2685 2007 2756 θαυμα-

345 2780 522 2832 σάτων
561 2778 665 2846 τὴν
725 2777 1032 2850 ὑπομονήν.
1087 2775 1152 2830 Ei
1201 2771 1258 2829 δὲ
1305 2775 1368 2828 τό
1422 2772 1719 2849 μαρτύριον
1768 2772 2006 2828 ἀνταπό-

349 2864 498 2929 δοσις
530 2863 622 2921 διά
667 2865 970 2935 κολάσεως,
1022 2865 1113 2919 καὶ
1143 2865 1178 2934 ἡ
1233 2863 1416 2926 πίστις
1465 2863 1554 2918 καὶ
1587 2865 1623 2932 ἡ
1657 2860 2007 2934 διδασκαλία,

349 2955 423 3013 δι’
455 2957 518 3021 ἃς
547 2959 610 3013 τὸ
673 2956 993 3032 μαρτύριονο
1053 2956 1299 3030 συνεργοὶ
1362 2956 1468 3027 ἄρα
1524 2952 1678 3010 αὗται
1706 2954 2008 3025 κολάσεως,

350 3051 420 3120 ἦς
449 3050 533 3113 τίς
593 3049 652 3105 ἃν
712 3047 859 3120 ἄλλη
926 3047 1125 3122 μείζων
1175 3047 1484 3124 ἀπέμφασις
1522 3047 1778 3122 γένοιτο;
1834 3046 2012 3105 Ἀλλά

347 3141 486 3217 πρὸς
540 3140 634 3214 μὶν
665 3139 734 3195 τά
782 3137 1033 3212 δόγματα
1082 3140 1280 3206 ἐκεῖνα,
1333 3136 1379 3192 εί
1433 3141 1940 3210 μετενσωματοῦται
1971 3139 2008 3207 ἠ

351 3231 543 3305 ψυχὴ,
588 3228 680 3283 καὶ
736 3228 862 3302 περὶ
917 3231 1018 3282 τοῦ
1076 3221 1342 3282 διαϐόλου
1397 3227 1536 3281 κατά
1584 3225 1712 3288 τοὺς
1771 3226 2009 3290 οἰκείους

2103 628 2283 684 aliam
2315 634 2536 698 autem,
2580 633 2645 685 ut
2674 628 2873 685 debito
2905 633 3190 703 purgetur
3239 629 3552 701 supplicio.
3606 631 3762 694 Quo-

2102 718 2279 774 modo
2312 723 2510 774 autem
2543 719 2655 774 hoc
2701 735 2906 775 verum
2939 724 3048 784 est,
3093 735 3228 774 cum
3260 719 3320 774 in
3353 723 3561 774 nostra
3592 723 3759 790 pote-

2105 811 2255 864 state
2289 809 2470 864 situm
2493 809 2570 864 sit
2590 809 2862 864 confiteri
2886 813 2945 864 et
2964 809 3186 880 puniri,
3211 813 3312 864 aut
3339 825 3458 863 non
3482 806 3509 861 Ἰ
3529 807 3592 870 »Β
3615 809 3760 863 Nam

2105 898 2155 954 si
2187 899 2321 969 quis
2352 899 2674 971 negaverit,
2702 898 2899 970 quoad
2931 915 3067 954 eum
3097 899 3254 970 perit
3293 914 3383 966 ea,
3407 913 3537 968 qua;
3571 902 3661 952 est
3691 913 3762 951 ex

2105 987 2381 1044 Basilidis
2412 989 2729 1056 sententia,
2762 987 3154 1060 providentia.
3179 987 3414 1060 Rogabo
3455 1003 3590 1058 ergo
3623 1002 3758 1040 eum

2103 1078 2178 1134 de
2204 1078 2543 1134 confessore
2575 1079 2636 1134 in
2669 1078 2940 1134 custodia
2971 1085 3272 1145 manente,
3305 1083 3506 1133 utrum
3538 1084 3760 1147 marty-

2104 1169 2260 1223 rium
2293 1169 2640 1240 patietur,et
2661 1169 2947 1241 punietur
2977 1186 3046 1223 ex
3077 1168 3556 1239 providentia,an
3589 1184 3706 1221 non
3732 1165 3760 1218 ?

2106 1259 2250 1313 Nam
2284 1258 2333 1313 si
2363 1263 2558 1330 neget,
2591 1275 2712 1313 non
2744 1258 3026 1330 punietur
3057 1276 3070 1326 ;
3104 1257 3196 1313 sin
3228 1264 3422 1314 autem
3458 1262 3515 1312 et
3545 1257 3758 1321 exitus,

2107 1353 2165 1402 et
2194 1347 2353 1418 quod
2384 1365 2505 1403 non
2536 1354 2806 1419 oporteat
2835 1364 2974 1403 eum
3006 1347 3394 1420 puniri,dicet
3426 1364 3555 1402 esse
3585 1347 3762 1400 inter-

2107 1437 2255 1493 itum
2287 1439 2623 1509 eorum,qui
2659 1443 2799 1494 sunt
2831 1439 3123 1510 negatari,
3150 1454 3221 1492 ex
3242 1436 3636 1508 providentia,
3671 1435 3763 1488 in-

2106 1528 2259 1582 vitus
2290 1528 2642 1600 martyrium
2674 1531 2953 1599 patietur.
2987 1527 3294 1593 Quomodo
3327 1531 3525 1582 autem
3567 1526 3762 1580 adhuc

2107 1617 2169 1672 in
2228 1617 2392 1674 cmlis
2452 1623 2776 1690 reponetur
2829 1617 3208 1691 gloriossima
3260 1633 3488 1672 merces
3555 1617 3630 1678 ei,
3664 1616 3765 1685 qui

2106 1709 2460 1780 martyrium
2517 1725 2729 1779 passus
2777 1708 2977 1775 fuerit,
3011 1712 3327 1779 propterea
3367 1706 3526 1778 quod
3584 1705 3766 1760 fuerit

2108 1803 2335 1870 martyr
2361 1798 2389 1852 ?
2419 1798 2520 1853 Sin
2551 1803 2750 1853 autem
2783 1814 2942 1860 eum,
2973 1797 3075 1868 qui
3125 1813 3373 1868 peccare
3402 1796 3607 1862 voluit,
3641 1811 3764 1849 non

2109 1888 2243 1943 sivit
2267 1887 2640 1960 providentia
2672 1886 2872 1942 venire
2902 1886 2976 1942 ad
3005 1886 3397 1958 peccandum,
3418 1886 3478 1940 in
3510 1890 3766 1955 utroque

2112 1983 2202 2032 est
2231 1978 2484 2048 injusta;
2521 1983 2580 2033 et
2609 1977 2769 2048 quod
2801 1993 2939 2032 eum
2971 1992 3093 2031 non
3124 1976 3356 2042 liberet,
3395 1975 3494 2046 qui
3529 1979 3770 2045 propter

2104 2066 2404 2139 justitiam
2432 2066 2688 2122 trahitur
2716 2065 2790 2122 ad
2823 2064 3271 2138 supplicium;et
3299 2065 3458 2136 quod
3491 2064 3766 2134 eum,qui

2111 2156 2346 2212 volebat
2377 2156 2660 2228 injuriam
2691 2155 2908 2226 facere,
2941 2155 3313 2219 liberaverit;
3335 2171 3469 2209 cum
3503 2153 3604 2208 ille
3637 2153 3770 2224 qui-

2115 2245 2252 2301 dem
2281 2246 2832 2318 fecerit,propterea
2861 2245 3022 2316 quod
3052 2245 3257 2312 voluit;
3282 2245 3414 2301 huic
3452 2262 3588 2299 vero
3620 2261 3768 2316 Opus

2117 2335 2574 2407 prohibuerit,et
2603 2351 2726 2390 non
2750 2336 2889 2408 jure
2923 2335 2974 2390 ei
3011 2335 3224 2402 faveat,
3259 2335 3360 2405 qui
3395 2351 3642 2406 peccare
3675 2351 3777 2388 vo-

2115 2423 2611 2490 lebat.Quomodo
2643 2429 2840 2480 autem
2866 2441 2986 2479 non
3015 2429 3105 2478 est
3125 2440 3260 2478 vere
3283 2424 3502 2495 impius
3523 2429 3582 2477 et
3603 2440 3636 2476 a
3656 2424 3774 2477 Deo

2116 2513 2481 2584 alienus,qui
2513 2513 2817 2568 diabolum
2849 2512 3093 2584 quidem
3125 2513 3186 2566 in
3219 2512 3361 2567 deos
3393 2511 3638 2574 referat;
3665 2511 3775 2565 ho-

2116 2602 2341 2658 minem
2373 2608 2571 2656 autem
2602 2607 2845 2673 peccato
2877 2601 3202 2656 obnoxium
3243 2616 3426 2657 ausus
3459 2607 3548 2656 est
3578 2601 3774 2656 dicere

2117 2691 2438 2746 Dominum
2459 2690 2487 2745 Ἰ
2514 2692 2630 2746 Nos
2661 2691 2823 2746 enim
2872 2695 3060 2746 tentat
3084 2689 3378 2758 diabolus,
3413 2691 3607 2745 sciens
3641 2690 3776 2760 qui-

2119 2782 2255 2837 dem
2286 2783 2494 2854 quales
2526 2782 3038 2849 sumus,nesciens
3060 2787 3257 2838 autem
3279 2788 3479 2837 utrum
3503 2799 3774 2854 perseve-

2116 2873 2303 2928 raturi
2338 2872 2757 2927 simuszverum
2789 2889 2898 2927 nos
2931 2889 2966 2928 a
2995 2871 3113 2927 fide
3144 2878 3419 2927 excutere
3441 2873 3692 2943 cupit,et
3712 2873 3775 2927 in

2120 2979 2288 3017 suam
2321 2966 2679 3034 potestatem
2711 2961 2978 3035 redigere
3011 2962 3391 3027 tentat.Quod
3415 2961 3656 3032 quidem
3683 2978 3780 3016 so-

2118 3051 2244 3106 lum
2277 3055 2368 3104 est
2398 3050 2452 3105 ei
2485 3051 2866 3123 permissum,
2901 3051 3118 3122 partim
3152 3051 3311 3122 quod
3361 3067 3471 3105 nos
3505 3067 3572 3105 ex
3606 3050 3777 3105 nobis

2120 3140 2268 3212 ipsis
2295 3140 2485 3195 salvos
2517 3158 2650 3196 esse
2683 3143 3333 3212 oporteat,occasiones
3366 3157 3434 3195 ex
3466 3141 3777 3212 prmceptis

2120 3230 2727 3302 accipienteszpartim
2759 3236 2825 3285 ut
2855 3236 3134 3298 tentator,
3162 3247 3265 3302 spe
3299 3247 3405 3285 sua
3435 3230 3775 3296 frustratus,

351 3289 686 3393 λεῑθήσεται
741 3289 967 3392 καΙιροὺς
1001 3337 1014 3352 ·
1073 3316 1190 3372 νυνὶ
1259 3313 1318 3370 δὶ
1372 3320 1491 3378 τοῖς
1551 3313 1865 3391 εἰρημένοις
1914 3315 2006 3371 καὶ

2122 3289 2330 3393 putore
2364 3289 2762 3387 sutlundatur;
2783 3325 2843 3375 et
2870 3321 3086 3392 partim
3119 3289 3362 3392 propter
3395 3335 3599 3374 eorum
3635 3289 3777 3374 con;

352 3407 523 3463 ταῦτα
551 3408 907 3482 προσθωμεν’
955 3409 1066 3460 Ποῦ
1113 3403 1190 3460 ἔτι
1240 3408 1352 3478 (70)
1401 3407 1436 3474 ἡ
1489 3405 1694 3474 πίστις,
1739 3404 1876 3460 κατά
1919 3405 2015 3460 ἀν-

349 3492 647 3554 ταπόδοσιν
677 3499 786 3551 τῶν
838 3493 1352 3571 προημαρτημένων
1384 3498 1482 3549 τοῦ
1536 3492 1836 3570 μαρτυρίου
1864 3513 2015 3570 γινο-

357 3589 567 3661 μένους
622 3590 734 3641 Ποῦ
777 3583 836 3641 δὲ
878 3588 913 3655 ἡ
964 3586 1144 3662 ἀγάπη
1191 3587 1226 3653 ἡ
1261 3583 1399 3658 πρὸς
1454 3585 1547 3640 τὸν
1594 3584 1748 3655 Θεὸν,
1783 3580 1874 3639 διὰ
1913 3585 2013 3654 τὴν

353 3677 616 3748 ἀληθειαν
646 3672 959 3748 διωκομένη
1011 3675 1104 3729 καὶ
1135 3674 1481 3748 ὑπομένουσα
1513 3695 1527 3744 ;
1563 3677 1676 3728 Ποῦ
1707 3670 1764 3728 δέ
1792 3671 2015 3736 ἔπαινος

355 3765 830 3843 ὁμολογήσαντος,
871 3765 905 3834 ἢ
940 3763 1113 3840 ψόγος
1155 3763 1572 3840 ἀρνησαμένου;
1605 3762 1705 3826 Εἲς
1734 3763 1787 3818 τί
1836 3761 1896 3819 δὲ
1938 3759 2018 3820 ἔτι

354 3856 610 3934 χρησίμη
661 3859 696 3926 ἡ
747 3853 1003 3911 πολιτεία
1031 3856 1067 3926 ἡ
1096 3855 1257 3929 ὀρθὴ,
1301 3854 1364 3910 τὸ
1394 3858 1658 3931 νεκρῶσαι
1687 3853 1783 3916 τὰς
1833 3852 2019 3918 ἐπιθυ-

359 3948 510 4020 μίας.
545 3947 635 4001 καὶ
696 3943 864 4016 μηδὲν
913 3949 1024 4001 τῶν
1072 3943 1384 4018 κτισμάτων
1445 3949 1666 4018 μισεῖν;
1718 3943 1784 3999 Ei
1831 3941 1908 4016 δὲ,
1942 3943 2018 4005 ὡς

353 4036 521 4098 αὐτός
565 4056 728 4114 φησιν
781 4035 810 4090 ὁ
841 4032 1187 4105 Βασιλείδης,
1218 4031 1274 4089 ἓν
1310 4035 1476 4110 μέρος
1526 4033 1587 4088 ἐκ
1633 4038 1729 4088 τοῦ
1787 4031 2022 4106 λεγομὲ-

353 4146 453 4182 νου
483 4123 802 4198 θελήματος
845 4127 944 4178 τοῦ
985 4127 1120 4178 Θεοῦ
1173 4121 1578 4200 ὑπειλήφαμεν,
1627 4147 1656 4174 ‹‹
1689 4122 1751 4178 τὸ
1798 4123 2023 4197 ἠγαπη-

355 4215 504 4270 κέναι
557 4213 782 4283 ἅπαντα,
841 4235 870 4264 ‹‹
903 4210 986 4268 ὅτι
1036 4212 1200 4286 λόγον
1243 4212 1589 4280 ἁποσώζουσι
1639 4211 1777 4283 πρὸς
1823 4210 1886 4266 τὸ
1915 4213 2020 4265 πᾶν

361 4305 586 4359 ἅπαντω
638 4299 824 4379 ἕτερον
877 4300 978 4371 δέ,
1043 4325 1063 4352 α
1095 4301 1160 4355 τὸ
1217 4296 1452 4373 μηδενὸς
1508 4299 1815 4374 ἐπιθυμεῖν·
1853 4325 1874 4351 ι
1930 4298 2022 4354 καὶ

355 4394 561 4468 τρίτον,
596 4417 625 4445 ι(
662 4397 837 4464 μισεῖν
884 4388 1028 4465 μηδὲ
1075 4387 1151 4462 ἕν,
1221 4411 1244 4440 ε
1279 4389 1550 4462 θελήματι
1602 4394 1699 4445 τοῦ
1753 4393 1887 4445 Θεοῦ
1932 4389 2023 4445 καὶ

358 4482 614 4545 κολάσεις
647 4476 880 4537 ἔσονται·
941 4483 1075 4557 ὅπερ
1131 4475 1322 4542 ἀσεϐὲς
1379 4479 1605 4536 ἐννοεῖν.
1664 4477 1804 4537 Οὔτε
1859 4480 1961 4555 γὰρ
1994 4481 2024 4535 ὁ

364 4572 568 4649 Κύριος
593 4570 868 4644 θελήματι
925 4565 1090 4625 ἕπατε
1145 4573 1242 4625 τοῦ
1301 4570 1537 4641 ΙΙατρὸς,
1572 4567 1688 4624 οὔθ’
1746 4569 1798 4624 οἱ
1831 4568 2026 4624 διωκό-

2122 3409 2656 3480 ﬁrmationem,qui
2691 3414 2832 3464 sunt
2859 3411 2922 3466 in
2955 3409 3240 3476 Ecclesia;
3267 3415 3326 3464 et
3351 3409 3612 3479 denique
3643 3425 3778 3479 pro-

2123 3507 2256 3572 pter
2286 3516 2492 3555 eorum
2524 3500 2975 3566 conscientiam,
3011 3499 3110 3571 qui
3145 3505 3472 3570 martyrum
3500 3504 3776 3554 constan-

2123 3591 2268 3645 tiam
2289 3589 2566 3645 admirati
2601 3596 2760 3645 sunt.
2799 3590 2855 3645 Si
2889 3595 3087 3645 autem
3116 3591 3466 3663 martyrium
3500 3594 3588 3645 est
3606 3587 3778 3643 retri-

2123 3679 2289 3734 butio
2321 3697 2427 3751 per
2457 3679 2839 3751 supplicium,
2868 3685 2928 3734 et
2957 3678 3107 3735 fides
3136 3696 3372 3750 quoque
3409 3685 3467 3734 et
3489 3679 3778 3746 doctrina,

2124 3786 2233 3841 per
2250 3786 2398 3840 quas
2421 3774 2510 3824 est
2531 3769 2906 3840 martyrium.
2934 3769 3228 3842 Suntergo
3251 3769 3340 3823 hae
3360 3785 3596 3840 quoque
3620 3767 3788 3838 adju-

2127 3859 2303 3914 trices
2348 3858 2645 3930 supplicii,
2698 3874 2816 3928 quo
2870 3858 3157 3929 quidnam
3207 3858 3368 3913 aliud
3418 3857 3607 3930 possit
3654 3873 3783 3912 esse

2127 3947 2491 4003 absurdius?
2521 3947 2623 4002 sed
2657 3946 2731 4002 ad
2764 3947 2868 4002 illa
2890 3947 3136 4018 quidem
3170 3947 3467 4019 dogmata,
3501 3963 3577 4002 an
3611 3963 3783 4002 acor-

2126 4037 2371 4108 poribus
2403 4036 2463 4089 in
2497 4051 2746 4106 corpora
2786 4035 3000 4108 migret
3043 4036 3263 4103 anima,
3297 4041 3355 4090 et
3405 4035 3475 4089 de
3521 4035 3784 4101 diabolo,

2128 4125 2360 4180 dicetur
2390 4140 2496 4179 suo
2528 4129 2817 4195 tempore.
2853 4126 3016 4179 Nunc
3047 4130 3246 4180 autem
3297 4125 3390 4192 iis,
3443 4140 3575 4195 quae
3625 4123 3784 4179 dicta

2131 4218 2294 4282 sunt,
2329 4213 2455 4268 huic
2479 4229 2716 4285 quoque
2733 4213 3087 4286 adjiciamus
3113 4231 3126 4268 :
3152 4213 3256 4269 Ubi
3281 4219 3371 4269 est
3391 4213 3585 4269 adhuc
3609 4213 3779 4280 ﬂdes,

2132 4303 2180 4359 si
2199 4319 2305 4374 pro
2320 4302 2556 4358 luendis
2573 4303 2764 4375 poenis
2781 4320 3009 4370 eorum,
3030 4320 3162 4375 quaa
3180 4303 3345 4375 prius
3363 4309 3604 4375 peccata
3624 4305 3783 4370 sunt,

2134 4393 2418 4448 subeatur
2443 4392 2844 4464 martyrium?
2874 4392 2981 4448 Ubi
3034 4399 3125 4448 est
3173 4398 3371 4448 autem
3416 4393 3674 4448 charitas
3725 4392 3788 4446 in

2133 4484 2482 4554 Deum,qua3
2498 4483 3061 4554 propterveritatem
3075 4484 3550 4554 persecutionem
3572 4483 3795 4553 patitur

2135 4578 2194 4627 et
2222 4571 2529 4628 sustinet?
2555 4571 2664 4627 Ubi
2692 4577 2782 4627 est
2811 4578 3010 4628 autem
3041 4571 3172 4628 laus
3195 4572 3324 4645 ejus
3351 4573 3453 4643 qui
3487 4573 3796 4627 confessus

366 4683 519 4737 μενοι
556 4661 820 4738 βουλήσει
849 4665 947 4716 τοῦ
973 4664 1108 4716 Θεοῦ
1141 4657 1453 4715 διώκονταιο
1505 4659 1621 4715 ἐπεὶ
1683 4656 1827 4714 δυεῖν
1875 4660 2011 4723 θάτε⁴

2139 4668 2248 4728 est,
2284 4667 2386 4717 ant
2415 4662 2768 4734 vituperatio
2801 4662 2930 4734 ejus
2960 4662 3061 4733 qui
3108 4662 3467 4735 abnegavit?
3514 4663 3601 4717 Ad
3651 4661 3796 4733 quid

362 4773 482 4828 ρον,
514 4751 550 4822 ἢ
582 4750 752 4808 καλόν
779 4771 838 4807 τε
865 4749 1012 4806 ἔσται
1042 4747 1289 4825 διωγμὸς
1339 4747 1430 4805 διὰ
1476 4751 1576 4819 τήν
1636 4747 1902 4824 βούλησιν
1929 4753 2029 4806 τοῦ

369 4845 597 4914 Θεοῦ,ἢ
630 4844 806 4908 ἀθῶοι
866 4843 917 4899 οἱ
973 4840 1293 4904 διατιθέντες
1348 4842 1438 4896 καὶ
1496 4835 1798 4905 θλίϐοντες.
1855 4840 2032 4897 Ἀλλά

371 4935 480 5007 μὴν
515 4929 667 4989 οὐδὲν
703 4929 828 4988 ἄνευ
860 4929 1174 5004 θελήματος
1205 4935 1307 4988 τοῦ
1334 4930 1532 5007 Κυρίου
1560 4935 1668 4986 τῶν
1705 4929 1873 4988 ὅλων.
1907 4929 2033 4986 Λεί-

365 5045 524 5079 πεται
562 5020 630 5091 δὴ
662 5022 948 5095 συντόμως
1000 5021 1160 5098 φάναι
1190 5021 1260 5075 τά
1304 5025 1532 5076 τοιαῦτα
1580 5015 1896 5094 συμϐαίνειν
1953 5021 2028 5093 μή

372 5111 722 5174 κωλύσαντος
764 5111 876 5184 (71)
930 5113 1028 5165 τοῦ
1085 5113 1242 5164 Θεοῦ·
1300 5113 1463 5164 τοῦτο
1492 5111 1592 5185 γὰρ
1651 5111 1816 5183 μόνον
1869 5111 2032 5180 σώζει

369 5203 460 5258 καὶ
490 5203 592 5272 τὴν
621 5200 884 5275 πρόνοιαν
917 5197 1008 5254 καὶ
1042 5199 1143 5268 τὴν
1175 5197 1486 5274 ἀγαθότητα
1514 5202 1610 5254 τοῦ
1641 5202 1796 5254 Θεοῦ.
1847 5199 1927 5258 Οὐ
1970 5199 2034 5254 τὸ

435 5347 499 5411 ’κ
531 5349 592 5402 Ρ.
625 5349 723 5401 601
760 5347 871 5400 ED.
906 5343 1202 5412 POTTER,
1236 5345 1338 5397 507
1370 5344 1482 5398 ΕΙ).
1507 5342 1737 5398 PARIS.

458 5502 569 5576 (767)
596 5501 1106 5576 ’Epc‘b.‘Hoc_ferri
1138 5502 1354 5576 potest,
1384 5501 1452 5554 ut
1494 5497 1697 5576 paulo,
1739 5513 1938 5576 supra.
1984 5499 2039 5553 Si

382 5575 516 5646 quis
546 5569 747 5646 tamen
774 5571 1036 5646 ἐρωτήσει
1071 5569 1262 5640 malit,
1305 5569 1538 5646 per_ma
1567 5570 1731 5646 licet.
1763 5569 2039 5626 SYLBURG'

452 5648 562 5716 (68)
593 5644 660 5702 Εἰ
692 5642 750 5698 δὲ
792 5644 906 5718 καὶ.
943 5686 958 5700 .
994 5687 1008 5700 .
1039 5642 1545 5718 προσμαρτ-υρήσει.
1596 5642 1687 5718 Ad_
1718 5642 1873 5718 hanc
1905 5660 2040 5698 sen-

386 5713 639 5774 tentiam
671 5713 1092 5789 complendam
1112 5713 1341 5789 aliquid
1361 5713 1691 5789 desiderari
1721 5713 1971 5789 videtur.

457 5792 571 5864 (69)
630 5782 999 5864 Περιέποντος
1033 5832 1047 5845 .
1109 5782 1510 5864 ῌερίεπούσης,
1567 5791 1636 5842 ut
1690 5782 2042 5859 κωλυσάσης,

389 5859 474 5916 ad
493 5859 757 5936 προνοίας
787 5859 1006 5916 melius
1036 5859 1246 5916 referri
1289 5865 1512 5932 posset.

2141 4757 2339 4808 autem
2371 4757 2460 4808 est
2490 4751 2682 4807 adhuc
2709 4751 2874 4806 utilis
2905 4757 3068 4807 recta
3097 4752 3228 4806 vitai
3260 4752 3576 4818 institutio,
3609 4757 3796 4806 morte

2141 4843 2378 4899 afficere
2398 4841 2776 4914 cupiditates,
2797 4847 2856 4897 et
2876 4841 3105 4897 nullam
3125 4841 3322 4898 odisse
3345 4849 3677 4899 creaturam
3695 4842 3721 4895 ‘2
3740 4842 3797 4894 Si

2142 4938 2361 4998 autem,
2387 4937 2455 4986 ut
2475 4931 2602 5004 ipse
2625 4931 2769 4986 dicit
2789 4931 3097 4999 Basilides,
3123 4948 3301 4988 unam
3325 4938 3556 5005 partem
3581 4949 3650 4986 ex
3671 4930 3795 4998 Dei,

2143 5039 2274 5092 qum
2301 5021 2539 5088 dicitur,
2572 5019 2876 5076 voluntate
2919 5021 3312 5078 existimanus
3363 5044 3389 5072 ‹‹
3419 5021 3622 5076 omnia
3669 5019 3801 5074 dili-

2142 5129 2300 5186 gere,
2327 5134 2354 5160 »
2381 5111 2539 5184 quod
2562 5111 2764 5167 omnia
2784 5112 3079 5168 rationem
3103 5129 3172 5170 ac
3194 5112 3636 5185 proportionem
3663 5127 3799 5165 con-

2143 5206 2380 5258 servent
2409 5200 2484 5256 ad
2527 5201 2913 5269 universum;
2946 5201 3196 5258 alteram
3228 5207 3452 5266 autem,
3482 5209 3545 5274 ›χ‹
3573 5223 3600 5250 ‹‹
3651 5200 3804 5254 nihil

1821 5341 1886 5407 ›ι‹
1915 5345 1978 5400 Ρ.
2010 5346 2116 5399 602
2145 5345 2258 5402 ΕΙ).
2293 5344 2588 5413 POTTER,
2611 5347 2715 5400 508
2747 5346 2861 5402 ED.
2889 5344 3118 5400 PARIS.

2227 5498 2342 5571 (70)
2372 5498 2515 5554 Ἔτι.
2541 5567 2553 5572 _
2575 5499 2696 5572 Ἔτι
2726 5498 2918 5572 Leanvi
2960 5515 3027 5554 ac
3081 5502 3372 5572 potestate
3414 5505 3806 5572 usurpatum,

2158 5566 2277 5646 qua
2307 5588 2464 5640 mox,
2513 5567 2590 5632 εἷς
2621 5570 2673 5624 τί
2723 5566 2780 5624 δὲ
2830 5566 2908 5624 ἔτι
2942 5566 3197 5646 χρησίμη
3250 5571 3284 5639 ἡ
3337 5566 3594 5624 πολιτεία
3615 5573 3648 5642 ἡ
3688 5566 3808 5646 όρθξ

2157 5643 2432 5698 SYLBURG.
2946 5643 2993 5646 ⁷”

2228 5715 2343 5784 (71)
2382 5713 2474 5780 Μή
2523 5708 2895 5774 κωλύσαντος.
2949 5714 3114 5770 Conf.

2228 5716 2343 5784 (71)
2382 5716 2474 5780 Μὴ
2523 5716 2895 5774 κωλύσαντος.
2949 5716 3114 5770 Conf.
3163 5730 3295 5786 quae
3341 5716 3616 5787 superius
3665 5716 3816 5771 dixit

2160 5793 2366 5843 auctor
2387 5787 2636 5855 Strami,
2669 5802 2726 5856 p.
2760 5787 2886 5854 367,
2915 5787 3037 5841 368.
