4138 6392
401 381 544 439 1295

1643 380 2056 436 οιειωατιο
2087 379 2593 435 ALEXANDle

3691 381 3838 439 1296

399 511 831 583 concupiscere
857 528 870 578 ;
901 532 930 559 ››
963 515 1020 563 et
1039 509 1296 575 tertiam,
1320 530 1347 557 «
1377 508 1528 564 nihil
1547 507 1779 573 odisse;
1808 529 1835 556 »
1863 507 2064 562 volun-

2179 503 2409 580 ἐνεργεῖν
2433 505 2614 561 τοίνυν
2671 506 2832 562 αὐτὸν
2887 508 2983 570 τὰς
3014 507 3235 580 θλέψεις
3285 505 3488 564 οἷέσθαι
3723 509 3832 582 (μή

401 608 522 658 tate
555 602 658 658 Dei
692 607 866 657 erunt
895 600 1072 656 etiam
1101 599 1431 671 supplicia:
1468 599 1626 669 quod
1673 597 1915 670 quidem
1948 597 2060 651 im-

405 693 573 764 pium
607 699 696 747 est
725 691 1004 764 cogitare.
1031 691 1230 760 Neque
1254 690 1414 744 enim
1435 689 1721 743 Dominus
1744 704 1953 759 passus
1975 691 2066 741 est

404 781 704 836 voluntate
737 781 950 844 Patris,
975 796 1084 834 nec
1107 779 1210 850 qui
1234 779 1544 850 patiuntur
1560 778 2063 849 persecutionem,

405 887 534 926 eam
567 871 670 925 Dei
703 870 1002 925 voluntate
1035 869 1361 940 patiuntur.
1399 870 1542 924 Nam
1561 885 1631 922 ex
1661 867 1894 922 duobus
1917 866 2066 921 alte-

402 976 536 1016 rum
565 976 576 1013 :
610 965 713 1015 aut
737 959 961 1014 bonum
988 957 1133 1030 quid
1165 959 1278 1012 erit
1306 957 1662 1029 persecutio,
1689 963 1931 1028 prOpter
1963 955 2064 1010 Dei

407 1049 796 1115 voluntatem,
828 1054 931 1103 aut
962 1052 1139 1103 erunt
1167 1049 1436 1102 insontes
1487 1047 1589 1118 qui
1623 1046 1957 1101 decernunt
2010 1051 2064 1099 et

403 1136 816 1210 affliguntSed
849 1143 1049 1193 tamen
1082 1137 1232 1191 nihil
1266 1137 1333 1191 ﬁt
1355 1137 1484 1191 sine
1506 1136 1806 1190 voluntate
1829 1134 2066 1189 Domini

405 1228 1055 1284 universorum.Restat
1085 1226 1379 1296 itaque,ut
1399 1225 1658 1280 breviter
1677 1224 2064 1292 dicamus,ea,

406 1334 540 1390 quae
571 1316 1096 1388 sunthujusmodi,
1123 1315 1382 1381 evenire,
1405 1317 1525 1371 Deo
1545 1332 1666 1370 non
1689 1314 2064 1386 prohibente.

407 1408 527 1464 Hoc
541 1408 702 1463 enim
719 1406 915 1461 solum
930 1411 1122 1460 servat
1135 1410 1193 1460 et
1208 1405 1640 1477 providentiam
1665 1410 1725 1458 et
1739 1403 2067 1458 bonitatem

408 1497 533 1552 Dei.
568 1498 694 1552 Non
721 1501 813 1551 est
850 1513 988 1568 ergo
1039 1494 1524 1561 existimandum,
1579 1510 1714 1548 eum
1765 1491 2068 1564 operando

413 1586 652 1642 efﬁcere
685 1584 1042 1640 aftlictiones
1073 1584 1254 1654 (absit
1283 1583 1548 1649 enim,ut
1580 1583 1691 1637 hoc
1719 1582 1811 1636 vel
1840 1581 2068 1654 cogite-

407 1677 584 1747 mus),
605 1675 709 1730 sed
731 1692 854 1730 non
876 1673 1194 1747 prohibere
1219 1691 1342 1743 eos,
1368 1674 1471 1744 qui
1493 1689 1593 1729 eas
1617 1672 1905 1737 efficiunt,
1932 1687 2070 1742 per-

408 1781 650 1820 suasum
685 1763 903 1819 habere
935 1763 1234 1833 convenit,
1265 1763 1542 1834 quodque
1591 1762 2066 1818 adversariorum

2168 594 2270 670 γάρ
2297 594 2380 666 εἶή
2411 600 2575 651 τοῦτο
2607 596 2807 652 ὶννοεῖν
2845 599 2889 669 ί)
2915 596 3062 654 ἀλλά
3094 600 3171 672 μὴ
3212 597 3449 654 κωλύειν
3499 598 3631 660 τοὺς
3680 598 3838 672 ἐνερ-

2169 688 2418 759 γοῦντας,
2450 691 2737 750 πεπεῖσθαι
2767 694 3067 761 προσῆκεν,
3101 687 3485 764 καταχρῆσθαί
3531 709 3591 744 τε
3620 688 3699 751 εἰς
3730 709 3834 743 καο

2173 773 2268 830 λὸν
2301 781 2418 837 τοῖς
2457 780 2564 830 τῶν
2607 777 2844 832 ἐναντίον
2892 779 3278 850 τολμήμασιν·
3333 802 3360 829 ι(
3395 776 3622 842 Καθελῶ
3669 782 3830 852 γοῦν,

2172 865 2330 942 φησὶ,
2359 867 2452 920 τόν
2474 872 2673 942 τοῖχον
2705 871 2842 940 (72),
2895 868 2986 922 καὶ
3036 864 3186 923 ἔσται
3243 867 3321 932 εἷς
3371 868 3764 941 καταπάτημα·
3803 891 3834 919 ι»

2171 951 2522 1024 παιδευτικῆς
2573 957 2778 1031 τέχνης
2831 963 2932 1025 τῆς
2990 956 3177 1013 τοιάδε
3228 956 3398 1027 αὐτῆς
3472 955 3639 1028 οὔσης
3689 978 3838 1032 προ.

2170 1043 2320 1106 νοίας
2351 1048 2486 1118 (73)·
2530 1045 2617 1100 ἐπὶ
2656 1048 2751 1119 μὲν
2807 1050 2918 1100 τῶν
2969 1045 3155 1102 ἄλλων
3191 1045 3282 1102 διὰ
3309 1049 3406 1112 τὰς
3464 1047 3670 1109 οἲκείας
3701 1048 3838 1102 ἑκά-

2171 1154 2300 1189 στου
2329 1134 2620 1208 ἁμαρτίας,
2652 1133 2742 1190 ἐπὶ
2793 1133 2850 1191 δὲ
2901 1141 3001 1192 τοῦ
3054 1135 3264 1212 Κυρίου
3295 1137 3386 1192 καὶ
3441 1141 3554 1192 τῶν
3584 1136 3839 1191 ἀποστό-

2174 1221 2288 1278 λων
2346 1223 2436 1280 διὰ
2488 1225 2586 1282 τὰς
2637 1227 2820 1298 ἡμῶν.
2877 1226 3085 1282 Αὐτίκα
3144 1229 3172 1280 6
3231 1227 3378 1288 θεῖος
3435 1224 3831 1288 ’Λπόστολοςο

2174 1337 2202 1364 ιι
2234 1317 2406 1368 Τοῦτο
2435 1314 2538 1390 γὰρ
2567 1313 2679 1370 ἐστι
2703 1316 2766 1370 τὸ
2796 1316 2909 1388 (74)
2947 1314 3166 1389 θέλημα
3214 1320 3314 1372 τοῦ
3357 1319 3513 1385 Θεοῦ,
3559 1339 3585 1366 υ
3635 1315 3832 1393 φησὶν,

2175 1426 2202 1454 ‹‹
2237 1404 2265 1458 6
2295 1404 2565 1478 ἁγιασμὸς
2600 1404 2778 1476 ὑμῶν,
2833 1403 3130 1480 ἀπέχεσθαι
3162 1405 3306 1478 ὑμᾶς
3364 1404 3472 1460 ἀπὸ
3525 1411 3628 1474 τῆς
3677 1424 3833 1479 πορ-

2172 1496 2338 1564 νείας,
2393 1491 2591 1549 εἰδέναι
2639 1492 2861 1550 ἕκαστον
2904 1495 3057 1568 ὑμῶν
3101 1496 3165 1551 τὸ
3210 1496 3405 1550 ἑαυτοῦ
3455 1499 3645 1557 σκεῦος
3685 1499 3832 1550 κτᾶ-

2172 1585 2293 1638 σθαι
2326 1584 2380 1639 ἐν
2411 1585 2668 1659 ἁγιασμῷ
2718 1586 2810 1639 καί
2855 1588 3018 1658 τιμῇ,
3080 1586 3156 1658 μὴ
3209 1585 3260 1639 ὲν
3301 1584 3462 1648 πάθει
3509 1583 3832 1657 ἐπιθυμίας,

2171 1675 2413 1747 καθάπερ
2443 1673 2532 1728 καὶ
2563 1673 2630 1729 τὰ
2659 1672 2810 1744 ἔθνη,
2850 1674 2918 1729 τὰ
2967 1675 3043 1746 μή
3076 1671 3257 1729 εἰδότα
3309 1674 3402 1729 τὸν
3464 1672 3662 1749 Κύριον
3693 1677 3834 1747 (75)⁰

2171 1764 2235 1818 τὸ
2269 1765 2344 1837 μή
2407 1759 2748 1840 ὑπερϐαίνειν
2803 1765 2890 1820 καὶ
2924 1770 3271 1820 πλεονεκτεῖν
3327 1763 3380 1818 ἐν
3423 1767 3502 1835 τῷ
3550 1763 3836 1838 πράγματι

405 1855 774 1912 facinoribus
804 1860 1004 1909 utatur
1027 1854 1103 1909 ad
1149 1853 1372 1908 bonum
1421 1871 1492 1908 ex
1539 1854 1612 1908 iis
1664 1852 2062 1908 eliciendum:

2175 1853 2268 1908 τόν
2300 1852 2532 1932 ἀδελφὸν
2563 1853 2749 1927 αὐτοῦ,
2795 1851 2932 1909 διότι
2977 1850 3191 1916 ἔκδικος
3221 1855 3249 1909 6
3281 1860 3477 1928 Κυριος
3532 1853 3660 1926 περὶ
3690 1853 3837 1907 πάν-

413 1967 444 1998 α
471 1946 809 2011 Destruam,
837 1944 1053 2015 inquit,
1076 1961 1336 2013 murum,
1361 1951 1419 1998 et
1447 1944 1562 1999 erit
1586 1944 1646 1998 in
1668 1942 2067 1999 conculcatio-

413 2052 555 2093 nem
578 2036 690 2107 (a):
724 2057 752 2085 ιι
787 2034 939 2090 218
973 2034 1126 2089 solet
1153 2034 1314 2090 enim
1359 2035 1469 2090 hac
1497 2040 1625 2090 arte
1675 2051 1785 2088 nos
1834 2032 2070 2088 erudire

416 2123 827 2196 providentia:
862 2123 923 2178 in
953 2123 1089 2178 aliis
1120 2123 1364 2193 quidem
1394 2128 1638 2195 propter
1659 2139 1766 2178 sua
1786 2123 2072 2177 uniuscu-

414 2213 637 2285 jusque
688 2218 966 2284 peccata;
1019 2212 1082 2266 in
1134 2212 1382 2266 Domino
1432 2219 1631 2267 autem
1681 2218 1740 2266 et
1784 2210 2072 2282 apostolis

420 2311 664 2376 pr0pter
692 2309 914 2359 nostra.
938 2304 1064 2358 Jam
1086 2319 1221 2358 vero
1248 2303 1480 2358 divinus
1504 2303 1821 2374 Apostolus
1847 2319 1860 2357 :
1888 2325 1915 2352 «
1939 2302 2071 2356 Haec

419 2396 582 2452 enim
611 2401 716 2463 est,
752 2395 968 2466 inquit,
1001 2395 1104 2449 Dei
1128 2394 1418 2462 voluntas,
1445 2394 1834 2450 sanctiﬁcatio
1857 2399 2070 2460 vestra,

415 2491 483 2541 ut
511 2503 612 2541 vos
645 2485 963 2542 abtineatis
992 2501 1028 2540 a
1055 2484 1472 2552 fornicatione,
1495 2490 1556 2538 et
1582 2483 1730 2538 sciat
1750 2482 2072 2555 unusquis-

414 2593 530 2647 que
561 2582 823 2631 vestrum
854 2591 953 2630 vas
980 2591 1154 2630 suum
1177 2573 1483 2647 possidere
1517 2575 1577 2628 in
1602 2574 2070 2630 sanctificatione

412 2671 473 2722 et
501 2666 749 2733 honore,
778 2681 901 2720 non
924 2665 984 2719 in
1016 2665 1331 2719 aﬂ'ectione
1362 2663 1726 2735 cupiditatis,
1752 2665 1907 2719 sicut
1929 2679 2073 2734 gen-

412 2761 522 2824 tes,
546 2772 677 2826 quaa
710 2772 829 2810 non
860 2759 1084 2810 norunt
1103 2755 1420 2809 Dominum
1447 2771 1460 2821 ;
1494 2759 1552 2808 et
1580 2770 1699 2808 non
1733 2760 2068 2825 exsuperet,

411 2850 471 2900 et
509 2861 616 2917 per
646 2845 954 2900 avaritiam
984 2843 1438 2900 circumscribat
1466 2844 1527 2897 in
1559 2843 1792 2916 negotio
1824 2843 2069 2898 fratrem

412 2951 610 3003 suum,
644 2934 927 3006 quoniam
959 2933 1171 2988 vindex
1213 2939 1304 2987 est
1332 2933 1619 2988 Dominus
1667 2933 1881 2988 borum
1931 2949 2068 2988 om-

412 3024 622 3092 nium;
658 3023 812 3079 sicut
844 3023 1021 3077 etiam
1056 3022 1220 3076 vobis
1251 3021 1637 3093 praediximus
1680 3028 1739 3076 et
1768 3022 2067 3078 testiﬁcati

413 3128 642 3168 sumus.
664 3113 789 3166 Non
814 3112 972 3166 enim
996 3111 1221 3166 vocavit
1240 3128 1348 3166 nos
1371 3111 1526 3165 Deus
1544 3117 1789 3182 propter
1807 3111 2070 3165 immun-

411 3200 642 3267 ditiam,
677 3200 780 3254 sed
811 3200 872 3254 in
918 3199 1410 3255 sanctiﬁcatione.
1445 3200 1648 3270 Itaque
1681 3198 1781 3269 qui
1815 3199 2062 3270 spernit,

408 3305 532 3345 non
563 3289 870 3345 hominem
898 3289 1145 3360 spernit,
1188 3287 1293 3344 sed
1334 3289 1540 3355 Deum,
1569 3289 1670 3358 qui
1701 3288 1866 3342 dedit
1895 3287 2061 3342 vobis

410 3379 695 3450 Spiritum
712 3395 884 3434 suum
899 3383 1171 3432 sanctum
1188 3378 1286 3448 (ὁ).
1306 3399 1333 3426 ››
1349 3379 1596 3447 Propter
1608 3377 1761 3432 hanc
1775 3393 1912 3450 ergo
1929 3393 2067 3432 san-

406 3468 831 3524 ctiﬁcationem
861 3475 1126 3521 nostram
1155 3483 1274 3520 non
1305 3465 1642 3537 prohibitus
1668 3465 1779 3520 fuit
1799 3467 1918 3537 pati
1951 3467 2061 3521 Do-

406 3557 626 3614 minus.
657 3557 713 3612 Si
745 3556 878 3628 quis
911 3561 1110 3611 autem
1136 3572 1204 3610 ex
1235 3555 1320 3610 eis
1352 3554 1742 3626 respondens,
1768 3553 1926 3610 dicat
1954 3573 2062 3626 pu-

406 3647 526 3702 niri
557 3645 798 3717 quidem
848 3652 1170 3717 martyrem
1214 3650 1458 3716 pr0pter
1488 3650 1730 3715 peccata
1759 3661 1891 3714 qua)
1923 3651 2063 3699 sunt

408 3735 671 3790 admissa
699 3740 836 3791 ante
867 3735 1020 3790 hanc
1052 3735 1114 3789 in
1159 3750 1376 3805 corpus
1427 3733 1840 3804 migrationem
1869 3752 1883 3800 ;
1935 3733 2062 3790 fru-

409 3830 570 3880 ctum
600 3829 799 3880 autem
831 3824 1078 3895 posthac
1111 3839 1242 3877 esse
1272 3827 1692 3892 percepturum
1741 3822 1894 3882 vitae.
1930 3841 2061 3895 quas

410 3914 507 3969 hic
554 3921 684 3970 acta
729 3913 946 3969 fuerit:
1000 3913 1085 3968 sic
1134 3911 1293 3966 enim
1344 3911 1727 3965 constitutam
1779 3928 1908 3967 esse
1958 3913 2064 3967 ad-

409 4003 914 4059 ministrationem
939 4019 954 4058 :
990 4018 1127 4056 eum
1160 3999 1500 4072 rogabimus
1530 4017 1604 4055 an
1625 4001 1935 4057 retributio
1960 4003 2062 4058 ﬁat

410 4109 480 4148 ex
505 4092 896 4165 providentia.
927 4093 1070 4146 Nam
1089 4089 1138 4143 si
1161 4089 1399 4160 quidem
1425 4106 1543 4144 non
1566 4089 1831 4146 fueritex
1859 4091 2062 4148 divina

408 4183 948 4246 administratione,
972 4181 1129 4252 perit
1147 4179 1467 4236 consilium
1491 4186 1550 4236 et
1567 4181 1935 4253 dispensatio
1958 4200 2058 4238 ex-

404 4275 712 4347 piationis,
747 4279 807 4329 et
836 4273 921 4328 eis
953 4289 1058 4328 sua
1103 4272 1321 4328 excidit
1367 4272 1733 4344 hypothesis.
1769 4273 1825 4327 Si
1858 4280 2058 4331 autem

2173 1964 2284 1998 των
2313 1943 2546 1999 τούτων’
2603 1945 2786 2008 καθὼς
2843 1944 2932 1998 καὶ
2991 1943 3327 2017 προείπομεν
3389 1945 3542 2016 ὑμῖν,
3596 1939 3838 1998 καὶδιε-

2181 2034 2589 2106 μαρτυράμεθα.
2622 2033 2700 2090 Οίι
2731 2033 2832 2108 γὰρ
2881 2031 3130 2088 ἐκάλεσεν
3176 2035 3328 2106 ἡμᾶς
3353 2033 3384 2088 6
3415 2032 3546 2094 Θεὸς
3577 2029 3666 2086 ἐπὶ
3697 2031 3838 2086 ἀκαο

2177 2121 2392 2197 θαρσίᾳ,
2445 2119 2574 2178 ἀλλ’
2631 2121 2682 2176 ἐν
2734 2123 3012 2196 ἁγιασμῷ.
3060 2124 3362 2198 Τοιγαροῦν
3395 2123 3424 2175 6
3464 2122 3670 2186 ἀθετῶν
3731 2121 3837 2176 οὐκ

2177 2209 2464 2269 ἄνθρωπον
2517 2213 2711 2280 ἀθετεῖ,
2761 2211 2909 2268 ἀλλὰ
2948 2213 3040 2268 τὸν
3090 2214 3239 2285 Θεὸν,
3286 2212 3379 2268 τὸν
3435 2212 3524 2268 καὶ
3575 2209 3741 2267 δόντα
3767 2211 3835 2266 τὸ

2179 2307 2402 2376 Πνεῦμα
2431 2303 2596 2358 αὐτοῦ
2641 2305 2704 2359 τὸ
2764 2304 2914 2378 ἅγιον
2976 2304 3054 2366 εἲς
3117 2305 3255 2378 ὑμᾶς
3287 2307 3421 2377 (76).
3458 2327 3486 2354 »
3541 2304 3640 2358 Διά
3667 2307 3836 2358 τοῦτο

2178 2393 2389 2448 οὖντὸν
2421 2395 2683 2469 ἀγιασμὸν
2733 2397 2848 2465 (77)
2904 2396 3066 2466 ἡμῶν
3126 2392 3226 2448 οὐκ
3276 2391 3532 2462 ἐκωλῦοη
3590 2392 3838 2456 παθεῖνὸ

2175 2482 2404 2559 Κύριος.
2439 2482 2499 2538 Εἰ
2547 2483 2752 2554 τοίνυν,
2804 2482 3263 2558 ἀπολογούμενός
3306 2503 3391 2544 τις
3441 2482 3641 2553 αὐτῶν,
3673 2479 3833 2557 λέγοι

2175 2572 2501 2643 κολάζεσθαι
2535 2573 2631 2646 μὶν
2659 2574 2751 2628 τὸν
2807 2575 3052 2647 μάρτυρα
3098 2570 3188 2628 διὰ
3233 2573 3327 2635 τὰς
3371 2573 3479 2647 πρὸ
3529 2568 3697 2639 τῆσδε
3723 2575 3831 2636 τῆς

2174 2661 2614 2736 ἰνσωματώσεως
2667 2662 2958 2735 ἁμαρτίας,
3010 2663 3104 2716 τὸν
3157 2665 3365 2736 καρπὸν
3412 2659 3472 2716 δὲ
3525 2664 3627 2731 τῆς
3691 2659 3832 2716 κατά

2173 2748 2331 2807 τόνδε
2357 2753 2452 2807 τὸν
2505 2751 2620 2826 βίον
2679 2750 2964 2813 πολιτείας
3023 2749 3174 2814 αὖθις
3231 2749 3638 2825 ἀπολήψεσθαι·
3684 2751 3833 2805 οὕτω

2172 2841 2273 2916 γὰρ
2331 2837 2682 2916 διατετάχθαι
2739 2841 2837 2910 τήν
2899 2837 3192 2910 διοίκησινο
3249 2844 3562 2913 πευσόμεθα
3618 2839 3790 2894 αὐτοῦ
3819 2885 3836 2905 ,

2175 2930 2221 2985 εί
2253 2929 2314 2985 ἐκ
2341 2928 2601 3004 προνοίας
2631 2929 2834 3004 γίνεται
2865 2931 2901 2998 ἡ
2934 2927 3292 2991 ἁνταπόδοσις
3324 2973 3338 2987 .
3382 2929 3450 2986 Εἴ
3483 2930 3577 3003 μὶν
3607 2929 3711 3004 γὰρ
3748 2929 3829 3000 μὴ

2174 3017 2259 3090 εἴη
2303 3027 2403 3087 τῆς
2447 3019 2591 3084 θείας
2651 3017 2999 3090 διοικήσεως,
3060 3018 3275 3095 οἴχεται
3306 3022 3340 3089 ἡ
3373 3018 3664 3093 οἰκονομία
3716 3022 3834 3074 τῶν

2171 3109 2504 3186 καθαρσίων,
2555 3109 2648 3164 καί
2705 3129 2984 3164 πεπτωκεν
3030 3111 3065 3179 ἡ
3118 3108 3370 3172 ὑπόθεσις
3426 3108 3634 3172 αὐτοῖς’
3669 3107 3712 3163 εἰ
3771 3105 3832 3163 δὶ

2175 3199 2234 3254 ἐκ
2290 3199 2548 3272 προνοίας
2593 3198 2662 3255 τά
2715 3200 2998 3270 καθάρσια,
3032 3198 3093 3254 ἐκ
3139 3197 3400 3272 προνοίας
3429 3199 3520 3253 καὶ
3567 3199 3621 3253 αἱ
3651 3195 3835 3254 κολά-

2177 3310 2311 3351 σεις.
2341 3291 2401 3346 Ἦ
2441 3285 2672 3362 πρόνοια
2703 3285 2783 3358 δὶ,
2816 3287 2866 3343 εἴ
2888 3289 2975 3343 καὶ
3025 3288 3132 3343 ἀπὸ
3162 3292 3259 3343 τοῦ
3290 3287 3582 3363 ἄρχοντος,
3615 3287 3692 3350 ὡς
3723 3288 3834 3365 φά-

2173 3399 2280 3447 ναι,
2312 3381 2577 3434 κινεῖσθαι
2609 3376 2861 3454 ἄρχεται,
2889 3375 3018 3433 ἀλλ’
3061 3376 3430 3454 ἐματεσπάρη
3459 3381 3581 3442 ταῖς
3609 3377 3831 3441 οὐσίαις

2175 3469 2268 3523 σὺν
2299 3468 2390 3524 καὶ
2436 3472 2506 3541 τῇ
2551 3473 2661 3524 τῶν
2717 3468 2916 3524 οὐσιῶν
2952 3469 3158 3543 γενὲσει
3215 3467 3353 3541 πρὸς
3408 3471 3505 3522 τοῦ
3532 3471 3642 3522 τῶν
3675 3465 3826 3521 ὅλων

2172 3563 2326 3628 θεοῦ.
2369 3560 2465 3613 Ὧν
2500 3557 2675 3621 οὕτως
2717 3557 2983 3632 ἐχόντων,
3037 3557 3240 3634 ἀνάγκη
3303 3555 3598 3630 ὁμολογεῖν
3629 3557 3832 3620 αὐτοὺς

2172 3647 2207 3716 ἢ
2240 3654 2340 3716 τῆν
2370 3647 2596 3703 κόλασιν
2631 3648 2708 3720 μὴ
2764 3647 2895 3701 εἶναι
2954 3643 3162 3712 ἄδικον,
3201 3647 3292 3700 καὶ
3353 3643 3836 3720 δικαιοπραγοῦσιν

2173 3737 2226 3790 οἱ
2268 3733 2724 3804 καταδικάζοντες
2779 3735 2868 3790 καὶ
2924 3732 3218 3797 διὼκοντες
3275 3734 3405 3796 τοὺς
3466 3735 3765 3810 μάρτυρας·
3798 3734 3835 3805 ἢ

2173 3824 2232 3880 ἐκ
2263 3823 2577 3896 θελήματος
2610 3823 2937 3899 ἐνεργεῖσθαι
2956 3829 3053 3880 τοῦ
3080 3829 3214 3880 Θεοῦ
3245 3823 3333 3880 καὶ
3363 3823 3491 3887 τοὺς
3523 3821 3829 3900 διωγμοῦς.

2172 3914 2291 3972 Οὐκ
2320 3912 2399 3969 ἔτι
2431 3913 2521 3968 οὗν
2555 3915 2582 3969 6
2613 3913 2778 3977 πόνος
2819 3913 2910 3968 καὶ
2942 3915 2970 3970 6
3002 3909 3195 3991 φόϐος,
3230 3914 3303 3976 ὡς
3348 3913 3504 3968 αὐτοὶ
3553 3911 3829 3988 λέγουσιν,

2170 3998 2546 4076 ἐπισυμϐαίνει
2602 4009 2720 4065 τοῖς
2771 4003 3079 4079 πράγμασιν
3134 4004 3208 4066 ὡς
3239 4005 3270 4058 6
3317 4003 3401 4067 ἰὸς
3451 4007 3533 4076 τῷ
3593 4000 3833 4075 σιδήρῳ,

2169 4093 2297 4150 ἀλλ’
2329 4093 2388 4149 ἐκ
2431 4092 2753 4168 βουλήσεως
2811 4091 2952 4154 ἷδίας
3000 4093 3367 4169 προσίρχεται
3395 4096 3466 4167 τῇ
3498 4095 3678 4168 ψυχῇ.
3729 4092 3835 4147 Καὶ

2169 4184 2291 4258 περὶ
2329 4184 2426 4257 μὶν
2457 4183 2662 4239 τούτων
2711 4181 2886 4245 πολὺς
2920 4183 2948 4237 6
2976 4179 3167 4258 λόγος,
3199 4182 3327 4238 ὅσον
3361 4181 3416 4238 ἐν
3448 4183 3657 4259 ὗστὲρῳ
3697 4202 3830 4237 σκο-

2169 4279 2290 4330 πεῖν
2325 4272 2671 4329 ἀποκείσεται
2702 4272 2839 4328 κατὲι
2862 4271 3052 4348 καιρὸν
3087 4267 3581 4346 διαλαμϐάνουσιν.

401 4363 831 4438 aprovidentia
879 4367 1020 4420 sunt
1072 4362 1458 4434 expiationes,
1495 4366 1638 4418 sunt
1691 4363 2038 4434 punitiones
2092 4381 2326 4438 quoque
2387 4382 2457 4420 ex
2488 4364 2876 4436 providentia.
2931 4363 3311 4420 Providentia
3359 4369 3581 4431 autem,
3614 4367 3674 4418 et
3714 4363 3834 4419 sia

399 4455 692 4527 principe,
724 4460 791 4509 ut
811 4454 892 4508 ita
919 4453 1137 4520 dicam,
1169 4451 1389 4506 moveri
1421 4451 1652 4522 incipit,
1688 4452 1951 4509 immista
1981 4460 2180 4511 tamen
2213 4460 2302 4510 est
2332 4459 2392 4509 et
2421 4454 2603 4510 insita
2631 4453 2692 4508 in
2725 4453 3094 4521 substantiis,
3119 4468 3242 4508 una
3270 4469 3406 4508 cum
3437 4453 3702 4524 ipsarum
3727 4468 3835 4525 ge-

400 4544 735 4610 neratione,
758 4559 865 4614 per
900 4543 1083 4598 Deum
1114 4540 1548 4595 universorum.
1583 4540 1722 4606 Quas
1753 4557 1887 4596 cum
1929 4542 2012 4598 ita
2060 4543 2338 4608 habeant,
2374 4559 2618 4598 necesse
2668 4548 2755 4597 est
2785 4548 2852 4597 ut
2890 4542 3001 4614 ipsi
3050 4541 3368 4610 fateantur,
3400 4541 3491 4596 vel
3535 4557 3656 4596 non
3699 4557 3834 4597 esse

398 4633 682 4705 injustam
710 4631 1083 4703 punitionem
1110 4647 1123 4697 ;
1158 4634 1215 4684 et
1247 4634 1371 4684 tum
1401 4635 1561 4685 recte
1585 4628 1869 4700 justeque
1898 4630 1962 4695 ᾧ
1993 4648 2054 4688 se
2086 4638 2320 4706 gerunt,
2345 4633 2446 4704 qui
2479 4631 2883 4688 condemnant
2911 4637 2970 4686 et
2997 4637 3439 4703 persequuntur
3485 4635 3780 4702 martyres
3816 4649 3831 4699 ;

399 4728 503 4779 aut
533 4739 602 4777 ex
637 4721 737 4775 Dei
769 4721 1073 4775 voluntate
1106 4719 1369 4774 exerceri
1400 4719 1870 4790 persecutiones.
1919 4723 2046 4776 Non
2103 4722 2309 4793 utique
2341 4738 2477 4794 ergo
2535 4720 2705 4776 labor
2751 4726 2810 4775 et
2860 4726 3055 4776 metus
3113 4719 3294 4775 rebus
3349 4719 3587 4786 accidit,
3618 4724 3686 4774 ut
3714 4718 3835 4790 ipsi

399 4811 627 4877 dicunt,
661 4814 943 4881 tanquam
977 4806 1183 4878 rubigo
1215 4807 1372 4862 ferro
1405 4805 1510 4861 sed
1533 4824 1603 4862 ex
1633 4807 1875 4878 propria
1904 4808 2203 4864 voluntate
2237 4809 2467 4866 accedit
2505 4808 2578 4864 ad
2621 4809 2905 4864 animam.
2939 4808 3051 4862 Sed
3082 4807 3154 4864 de
3206 4809 3298 4864 his
3347 4807 3588 4881 quidem
3637 4807 3838 4863 multa

395 4904 778 4956 reservantur
807 4896 1080 4962 dicenda,
1115 4913 1246 4967 quas
1278 4895 1525 4967 posthac
1556 4911 1661 4950 suo
1687 4900 1955 4969 tempore
1985 4898 2418 4956 tractabuntur.

1901 5033 2134 5090 CAPUT
2172 5034 2318 5090 XIII.

1367 5129 1653 5184 Valentini
1680 5133 1890 5188 nanias
1921 5134 1987 5188 de
2016 5136 2207 5190 mortis
2236 5135 2498 5192 abolitioe
2526 5136 2851 5207 redarguit.

463 5249 810 5306 Valentinus
842 5252 1042 5304 autem
1064 5245 1124 5301 in
1155 5244 1414 5316 quadam
1444 5244 1694 5302 homilia
1717 5248 1923 5304 scribit
1953 5249 2045 5306 his

2227 5247 2586 5315 Οὐαλεντῖνος
2636 5248 2694 5306 δὲ
2725 5247 2782 5305 ἕν
2827 5269 2936 5305 τινι
2979 5247 3178 5322 ὁμιλιᾳ
3232 5246 3370 5303 κατά
3423 5244 3570 5321 λέξιν
3599 5248 3832 5324 γράφει.

490 5393 622 5458 Ρ.›ι‹
641 5393 742 5447 603
776 5392 888 5446 ED.
918 5391 1212 5457 roman,
1241 5390 1342 5443 509
1375 5389 1487 5444 ED.
1521 5391 1750 5448 PARIS.
1827 5392 1901 5463 (a)
1935 5395 2048 5459 Isa,
2081 5412 2133 5463 ν,
2163 5398 2214 5449 5.
2247 5396 2613 5468 (6)1Thess'
2648 5412 2722 5460 ιν,
2755 5396 2809 5461 3,
2840 5396 2893 5462 4,
2929 5396 3144 5464 5,6,7,
3177 5392 3230 5449 8.

597 5535 978 5618 Iqixov.'l‘sa.
998 5530 1298 5618 ’ν,.ταῖλον
1329 5529 1529 5618 αὐτοῦᾀ
1550 5534 1618 5618 Αἶ
1652 5534 1934 5618 Si'EBURG.

458 5601 571 5680 (³13)
601 5601 925 5680 Τῆξὶοιάδε
957 5601 1123 5680 αὐτῆς
1157 5601 1327 5673 οὔσης
1358 5604 1659 5680 np.F0rte
1688 5609 1791 5670 τῆς
1831 5601 2053 5680 τοιᾶσδε

389 5673 736 5750 αρὲᾢόἒξσης
778 5675 1062 5750 προνοίας,
1100 5700 1141 5750 γι(
1178 5693 1314 5732 cum
1372 5673 1509 5730 talis
1559 5691 1629 5728 ea
1681 5674 2054 5745 providentia

394 5745 472 5798 sit
489 5745 586 5800 ars
618 5745 1002 5803 institutoria.
1033 5771 1060 5798 υ
1093 5749 1368 5803 SYLBURG.

463 5815 578 5884 (³74)
609 5817 701 5870 Τὸ.
738 5819 920 5872 Abest
947 5835 978 5873 e
1007 5819 1211 5874 Thess.
1245 5834 1318 5870 iv.

2237 5542 2345 5608 (’75)
2377 5536 2602 5612 Κόροον,
2637 5538 2788 5612 Θεόν.
2821 5539 3152 5612 Tgess.,_lv.

2235 5611 2346 5682 (76)
2379 5607 2473 5683 Εἷς
2511 5610 2673 5683 ὑμᾶς.
2709 5609 2802 5683 Εἷς
2832 5607 3004 5683 ἡμᾶς,
3036 5609 3180 5683 ibid:

2163 5752 2198 5806 S
2236 5676 2347 5752 (77)
2378 5682 2478 5735 Διά
2501 5676 2663 5738 τοῦτο
2686 5679 2777 5736 οὖν
2806 5676 2900 5737 τὸν
2931 5681 3017 5757 ἀγ.
3051 5683 3117 5739 A.
3151 5677 3241 5735 διὰ
3258 5681 3451 5735 τοῦτον
3479 5676 3572 5734 οὗν
3606 5677 3701 5735 τὸν
3736 5680 3834 5755 ἀγ.

2205 5769 2441 5809 YLBURG.
