4138 6412
324 487 464 545 1297

1656 482 2107 539 PTROMATUM
2144 485 2276 539 LIB.
2321 487 2416 540 IV.

3603 488 3748 544 1298

320 637 349 667 ‹‹
381 614 502 670 Ἀπ’
528 613 710 687 ἀρχῆς
741 608 996 675 ἀθάνατοί
1031 607 1168 678 ἐστι,
1199 607 1290 662 καὶ
1335 606 1496 662 τέκνα
1546 611 1692 676 ζωῆς
1723 603 1970 666 αἰωνίοις·

2088 609 2280 665 verbis
2316 627 2329 665 :
2362 633 2389 660 «
2412 612 2500 666 Ab
2523 612 2692 667 initio
2721 613 2862 667 estis
2896 611 3288 681 immortales,
3326 617 3383 667 et
3441 612 3549 668 ﬁlii
3601 613 3747 669 estis

317 703 408 760 καὶ
438 704 532 758 τὸν
563 703 787 756 θάνατον
819 698 1047 770 ἠθέλετε
1108 696 1428 771 μερίσασθαι
1480 695 1558 760 εἷς
1609 694 1855 760 ἑαυτοὺς,
1885 693 1980 749 τίνα

317 792 666 864 δαπανήσητε
723 792 884 846 αὐτὸν
944 790 1034 844 καὶ
1093 786 1450 858 ἀναλώσητε,
1505 786 1595 841 καὶ
1653 786 1899 859 ἀποθάνῃ
1947 786 1976 839 ὁ

317 887 542 950 θάνατος
574 881 627 939 ἐν
678 883 831 955 ὑμῖν,
883 879 974 936 καὶ
1035 876 1105 934 δι’
1165 879 1339 953 ὑμῶν.
1375 881 1534 933 Ὃταν
1599 877 1703 952 γὰρ
1749 875 1841 931 τὸν
1879 875 1974 948 μὲν

313 974 522 1047 κόσμον
569 971 760 1043 λύητε,
811 971 968 1042 ὑμεῖς
1028 969 1087 1025 δὲ
1147 970 1225 1042 μή
1283 966 1652 1038 καταλύησθε,
1700 966 1976 1038 κυριεύετε

311 1067 413 1134 τῆς
443 1065 673 1125 κτίσεως
701 1061 791 1117 καὶ
820 1068 923 1132 τῆς
956 1064 1159 1140 φθορᾶς
1194 1059 1428 1129 ἀπάσης.
1455 1083 1474 1108 ι
1515 1059 1681 1112 Φύσει
1731 1057 1835 1132 γὰρ
1868 1077 1974 1110 σω-

319 1154 547 1227 ζόμενον
605 1150 754 1228 γένος
815 1150 1129 1214 ὑποτίθεται
1203 1149 1294 1203 καὶ
1353 1146 1512 1208 αὐτὸς
1589 1146 1840 1223 ἐμφερῶς
1897 1148 1976 1217 τῷ

319 1240 637 1315 Βασιλείδῂ·
667 1239 871 1304 ἃνωθεν
901 1237 960 1294 δὶ
1011 1242 1147 1311 ἡμῖν
1210 1235 1367 1312 δεῦρο
1398 1240 1560 1291 τοῦτο
1590 1233 1655 1304 δὴ
1686 1236 1749 1290 τὸ
1783 1231 1976 1298 δτάφο-

323 1350 417 1406 ρον
462 1329 638 1404 γένος,
698 1325 786 1381 ἐπὶ
839 1327 940 1395 τὴν
995 1329 1094 1380 τοῦ
1152 1325 1384 1379 θανάτου
1441 1321 1749 1396 καθαίρεσιν
1805 1321 1970 1390 ἣκειν·

321 1417 553 1474 θανάτου
606 1414 664 1473 δὶ
719 1417 926 1485 γένεσιν
977 1409 1131 1490 ἔργον
1191 1412 1325 1468 εἶναι
1381 1415 1478 1467 τοῦ
1550 1409 1834 1473 κτίσαντος
1879 1408 1974 1463 τὸν

319 1508 550 1582 κόσμον.
585 1507 678 1562 Διὸ
734 1505 826 1561 καὶ
875 1505 976 1574 τὴν
1025 1503 1244 1580 Γραφήν
1298 1500 1509 1569 ἐκείνην
1541 1499 1714 1562 οὕτως
1748 1497 1974 1573 ἐκδέχε-

317 1615 428 1655 ται·
461 1622 489 1650 ‹‹
523 1594 716 1658 Οὐδεὶς
748 1592 940 1669 ὄψεται
969 1595 1081 1667 (78)
1125 1595 1187 1647 τὸ
1243 1591 1538 1666 πρόσωπον
1563 1593 1662 1643 τοῦ
1693 1592 1848 1654 Θεοῦ,
1878 1586 1968 1642 καὶ

323 1689 563 1758 ζήσεται·
598 1710 626 1738 ››
659 1685 735 1749 ὡς
758 1685 990 1739 θανάτου
1012 1681 1210 1737 αἰτίου.
1271 1681 1400 1756 Περὶ
1446 1680 1643 1734 τούτου
1680 1681 1778 1733 τοῦ
1834 1681 1969 1732 Θεοῦ

317 1776 495 1833 ἐκεῖνα
545 1773 856 1841 αἰνίττεται,
911 1772 1132 1850 γράφων
1166 1771 1358 1832 αὐταῖς
1419 1768 1641 1841 λέξεσιν·
1676 1791 1706 1819 ‹‹
1732 1765 1965 1825 Ὁπόσον

320 1865 558 1923 ίλάττων
617 1866 653 1934 ἡ
714 1863 874 1919 εἰκὼν
920 1866 1018 1918 τοῦ
1063 1867 1269 1931 ζῶντος
1326 1860 1648 1935 προσώπου,
1707 1861 1966 1912 τοσοῦτον

316 1956 498 2027 ἥσσων
533 1955 794 2027 ὁκόσμος
822 1956 920 2007 τοῦ
975 1955 1177 2022 ζῶντος
1237 1949 1472 2012 Αἱῶνος.
1532 1947 1630 2010 Τίς
1669 1945 1760 2003 οὖν
1819 1945 1968 2002 αἰτία

315 2052 416 2117 τῆς
436 2044 643 2106 είκόνος
675 2062 690 2113 ;
726 2040 1110 2118 ΜεγαΑωσόνη
1167 2042 1268 2094 τοῦ
1325 2038 1647 2112 προσώπου,
1680 2055 1970 2112 παρεσχη-

323 2137 488 2210 μένου
515 2138 597 2206 τῷ
631 2132 900 2211 ζωγράφῳ
952 2131 1046 2187 τὸν
1102 2130 1300 2197 τόπον,
1345 2126 1436 2184 ’ίνα
1485 2128 1699 2201 τιμηθῇ
1733 2125 1802 2181 δι’
1854 2126 1972 2181 ὀνό-

322 2246 493 2301 ματος
515 2223 701 2280 αὐτοῦ·
736 2221 802 2278 οὗ
831 2225 931 2297 γὰρ
965 2222 1294 2286 αὐθεντικῶς
1351 2219 1545 2294 εὑρέθη
1601 2220 1712 2290 (79)
1762 2217 1972 2293 μορφὴ,

318 2313 466 2372 ἀλλὰ
491 2315 556 2370 τὸ
583 2308 760 2386 ὄνομα
788 2309 1118 2385 ἐπλήρωσαν
1151 2311 1268 2384 (80)
1295 2309 1357 2363 τὸ
1392 2308 1686 2382 ὑστερῆσαν
1717 2305 1769 2360 ἐν
1831 2303 1975 2360 πλάο

319 2425 419 2462 σει.
455 2407 711 2479 Κυνεργεῖ
739 2399 797 2456 δὲ
823 2401 913 2455 καὶ
943 2400 1006 2454 τὸ
1051 2403 1148 2454 τοῦ
1205 2402 1340 2453 Θεοῦ
1395 2395 1623 2470 ἀόρατον
1683 2395 1761 2458 εἷς
1792 2394 1972 2450 πίστιν

317 2498 413 2550 τοῦ
469 2491 879 2565 πεπλασμένου·
945 2514 972 2540 >ι
1029 2490 1122 2544 τὸν
1187 2490 1282 2560 μὶν
1348 2489 1452 2562 γὰρ
1498 2484 1837 2559 δημιουργὸν
1901 2484 1976 2548 ὡς

320 2584 452 2640 Θεὸν
507 2582 598 2638 καὶ
643 2582 853 2655 Πατέρα
906 2577 1204 2648 κληθέντα,
1259 2601 1286 2628 α
1333 2576 1513 2630 εἰκόνα
1557 2579 1655 2630 τοῦ
1706 2573 1973 2642 ἀληθινοῦ

319 2677 475 2741 Θεοῦ,
511 2696 538 2723 ι)
568 2671 659 2727 καὶ
692 2695 719 2723 ‹‹
750 2669 1050 2744 Προφήτην
1083 2690 1110 2717 η
1141 2670 1452 2739 προσεῖπεν·
1482 2689 1510 2715 «ι
1535 2662 1821 2738 ζωγράφον
1855 2686 1882 2712 ››
1917 2660 1974 2716 δὲ

317 2764 416 2832 τὴν
451 2762 679 2840 Σοφίαν,
711 2762 779 2829 ἥς
805 2759 870 2813 τὸ
929 2754 1162 2829 πλάσμα
1209 2757 1244 2825 ἡ
1306 2753 1491 2820 εἰκὼν,
1550 2753 1627 2817 εἷς
1657 2749 1810 2823 δόξαν
1874 2755 1973 2806 τοῦ

317 2851 570 2928 ἆορᾴτου·
604 2849 720 2904 ἐπεὶ
773 2848 873 2902 ὃσα
931 2845 991 2901 ἐκ
1050 2843 1303 2920 συζυγίας
1347 2844 1698 2918 προέρχεται,
1731 2843 1972 2915 πληρώ-

319 2941 462 3015 ματά
517 2939 681 2995 ἐστιν·
735 2937 835 2992 ὅσα
893 2934 951 2992 δὲ
1009 2934 1116 2991 ἀπὸ
1173 2935 1314 3002 ένὸς,
1363 2933 1589 2994 εἰκόνες.
1615 2932 1764 2988 Ἐπεὶ
1799 2929 1858 2986 δὲ
1911 2931 1974 2986 τὸ

318 3029 648 3109 φαινόμενον
707 3027 874 3082 αὐτοῦ
933 3026 1037 3081 οὐκ
1095 3020 1324 3095 ἕστιν,ή
1370 3021 1432 3078 ἐκ
1465 3022 1764 3096 μεσότητος
1817 3021 1972 3096 ψυχὴ

317 3108 562 3194 ἔρχεται,
593 3117 656 3172 τὸ
706 3113 962 3190 διαφέρον
991 3116 1123 3187 (81)·
1171 3113 1262 3168 καὶ
1319 3113 1467 3167 τοῦτ’
1514 3109 1624 3167 ἔστι
1682 3111 1744 3166 τὸ
1801 3108 1972 3187 ἐμφό-

318 3229 468 3282 σημα
495 3211 592 3263 τοῦ
631 3203 986 3283 διαφέροντος
1035 3203 1368 3276 πνεύματος,
1427 3200 1516 3257 καὶ
1573 3201 1694 3264 καθ’
1741 3201 1876 3254 ’ὀΛου
1945 3199 1976 3254 ὅ

317 3297 604 3373 ἐμπνεῖται
673 3300 742 3370 τῇ
796 3295 951 3370 ψυχῇ
1004 3296 1073 3367 τῇ
1133 3291 1298 3347 εἲκόνι
1356 3295 1452 3346 τοῦ
1499 3291 1832 3364 πνεύματος·
1881 3290 1969 3345 καὶ

313 3359 560 3453 καθόλου
597 3387 664 3442 τὰ
716 3359 821 3442 ἐπὶ.
851 3359 948 3440 τοῦ
1001 3359 1352 3458 Δημιουργοῦ
1383 3359 1657 3457 Λεγόμενα
1710 3385 1807 3436 τοῦ
1855 3383 1972 3436 κατ’
2002 3359 2047 3426 c

317 3478 497 3535 εἰκόνα
545 3477 864 3553 γενομένου,
920 3475 1071 3531 ταῦτ’
1117 3472 1169 3526 έν
1230 3471 1440 3533 εἰκόνος
1488 3470 1754 3540 αἰσθητῆς
1811 3469 1978 3545 μοίρᾳ

316 3568 368 3624 έν
399 3571 467 3643 τῇ
493 3568 699 3643 γενέσει
753 3567 867 3640 (82)
913 3563 1039 3639 περὶ
1097 3562 1543 3638 ἆνθρωπογονίαν
1601 3563 1976 3638 προπεφητεῦ-

316 3669 436 3723 σθαι
468 3656 715 3732 λέγουσι·
766 3653 856 3709 καὶ
917 3650 983 3721 δὴ
1043 3652 1336 3727 μετάγουσι
1375 3651 1476 3719 τήν
1536 3650 1843 3722 ὁμοιότητα
1883 3649 1975 3705 καὶ

316 3746 400 3824 ἔφ’
431 3746 684 3814 έαυτοῦς,
732 3743 1011 3821 ἄγνωστον
1041 3745 1121 3813 τῷ
1169 3745 1507 3817 Δημιουργῷ
1532 3742 1635 3810 τὴν
1659 3744 1757 3795 τοῦ
1789 3738 1974 3815 διαφὲ.

317 3857 509 3914 ροντος
560 3835 832 3892 ἰπένθεσιν
914 3833 1222 3905 πνεύματος
1277 3833 1599 3906 γεγενῆσθαι
1645 3827 1978 3904 παραδιδόν-

305 3947 415 3990 τες.
447 3929 617 3984 ’Όταν
654 3925 750 3999 μὶν
805 3921 895 3979 οὖν
947 3921 1073 3999 περὶ
1103 3925 1202 3977 τοῦ
1249 3917 1344 3976 ἵνα
1372 3920 1507 3976 εἶναι
1538 3921 1630 3976 τὸν
1669 3921 1823 3992 Θεὸν,
1879 3921 1974 3976 τὸν

307 4013 398 4072 διὰ
427 4015 602 4090 νόμου
647 4015 738 4070 καὶ
795 4012 1099 4091 προφητῶν
1155 4009 1247 4066 καὶ
1309 4008 1653 4086 Εὐαγγελίου
1701 4009 1972 4082 κηρυσσό-

311 4127 494 4180 μενον,
541 4097 1031 4175 διαλαμϐάνωμεν,
1062 4098 1320 4174 καὶπρὸς
1370 4103 1532 4154 τοῦτο
1591 4097 1970 4171 διαλεξόμεθα·

306 4195 543 4271 ἀρχικὸς
575 4193 676 4269 γὰρ
712 4193 740 4247 ὁ
773 4189 958 4268 λόγος·
1021 4193 1156 4264 πρὸς
1189 4185 1248 4243 Si
1288 4188 1351 4242 τὸ
1379 4192 1694 4260 κατεπεῖγον
1726 4187 1970 4259 ἀπαντη-

302 4285 448 4343 τέον.
483 4285 547 4342 Εἰ
579 4284 667 4340 ἐπὶ
697 4283 761 4339 τὸ
791 4285 901 4357 (83)
932 4279 1235 4336 καταλῦσαι
1293 4280 1519 4333 θάνατον
1575 4278 1877 4356 ἀφικνεῖται
1906 4278 1969 4333 τὸ

306 4374 562 4454 διαφέρον
593 4374 748 4451 γένος
780 4371 1044 4446 (84),οὖχ
1074 4370 1102 4425 ὁ
1131 4369 1363 4444 Χριστὸς
1392 4367 1484 4423 τὸν
1520 4365 1745 4433 θάνατον
1771 4369 1972 4444 κατήρ-

2088 697 2217 753 vita:
2249 705 2510 768 (eterna),
2544 707 2602 756 et
2630 707 2883 756 mortem
2935 701 3206 756 voluistis
3257 701 3416 756 inter
3444 719 3548 758 vos
3583 703 3747 776 ipsos

2085 786 2386 860 dispertiri
2419 794 2486 845 ut
2517 806 2647 845 eam
2679 792 3128 858 consumeretis,
3160 795 3218 846 et
3264 808 3426 847 mors
3457 792 3519 847 in
3574 793 3744 848 vobis

2083 883 2370 944 moretur,
2405 883 2464 934 et
2492 897 2600 952 per
2629 896 2750 935 vos.
2784 880 3030 946 Quando
3081 881 3242 935 enim
3292 880 3584 937 mundum
3609 882 3742 954 qui-

2084 967 2218 1022 dem
2251 968 2499 1037 solvitis,
2537 988 2638 1026 vos
2698 974 2893 1025 autem
2947 987 3067 1025 non
3129 970 3543 1039 dissolvimini,
3596 972 3741 1028 estis

2083 1057 2311 1112 domini
2331 1064 2616 1113 creaturae
2641 1065 2698 1114 et
2717 1060 2979 1132 cujusvis
3003 1060 3298 1115 interitus.
3313 1062 3542 1116 «Genus
3558 1062 3744 1133 enim,

2083 1147 2241 1218 quod
2265 1153 2480 1203 natura
2512 1156 2796 1216 servatur,
2833 1151 3004 1222 ponit
3035 1151 3158 1222 ipse
3203 1166 3438 1221 quoque
3469 1151 3750 1206 similiter

2081 1241 2259 1308 atque
2293 1238 2582 1294 Basilides
2607 1260 2620 1303 ;
2643 1239 2715 1294 ad
2749 1256 2856 1294 nos
2888 1246 3089 1294 autem
3119 1239 3378 1312 desuper
3406 1240 3524 1295 huc
3545 1242 3747 1297 venire

2081 1327 2193 1381 hoc
2220 1327 2517 1383 diversum
2548 1345 2754 1401 genus,
2790 1328 2864 1384 ad
2896 1335 3149 1384 mortem
3183 1328 3256 1384 de
3298 1329 3496 1384 medio
3529 1330 3748 1386 tollen-

2080 1414 2216 1471 dam
2253 1434 2266 1482 ;
2301 1419 2512 1473 mortis
2535 1423 2734 1474 autem
2767 1419 3216 1492 generationem
3248 1435 3378 1474 esse
3406 1435 3555 1491 opus
3586 1420 3740 1492 ejus,

2079 1506 2179 1576 qui
2213 1507 2437 1562 creavit
2466 1508 3183 1574 mundum.Quamobrem
3215 1507 3300 1564 sic
3323 1509 3501 1564 etiam
3528 1508 3748 1581 accipit

2077 1581 2242 1650 illam
2275 1597 2640 1668 Scripturam
2669 1614 2681 1652 :
2710 1621 2737 1648 «
2772 1600 2953 1654 Nemo
2985 1597 3208 1652 videbit
3235 1597 3449 1653 faciem
3500 1598 3626 1665 Dei,
3687 1603 3748 1654 et

2075 1686 2226 1740 vivet
2255 1687 2334 1757 (a)
2364 1703 2377 1752 ;
2417 1709 2444 1734 »
2477 1687 2647 1757 quasi
2680 1687 2782 1742 ille
2807 1688 2883 1742 sit
2913 1693 3121 1743 auctor
3140 1687 3461 1744 mortis.De
3487 1688 3601 1743 hoc
3621 1688 3744 1744 Deo

2075 1775 2160 1830 ita
2191 1775 2685 1840 innuit,scribens
2716 1777 2810 1831 his
2841 1776 3034 1831 verbis
3066 1793 3078 1830 :
3115 1799 3143 1826 «
3173 1777 3404 1841 Quanto
3427 1777 3620 1850 imago
3634 1777 3748 1832 mi-

2076 1881 2188 1920 nor
2219 1870 2309 1919 est
2346 1865 2473 1920 viva
2511 1865 2683 1928 facie,
2730 1870 2892 1921 tanto
2947 1865 3209 1920 mundus
3253 1870 3344 1920 est
3386 1866 3586 1920 minor
3615 1866 3746 1922 vivo

2075 1954 2275 2008 Eone.
2300 1954 2588 2019 Quasnam
2621 1957 2711 2009 est
2759 1969 2897 2027 ergo
2956 1969 3137 2009 causa
3169 1953 3492 2026 imaginis?
3550 1955 3744 2010 Faciei

2085 2042 2389 2113 majestas,
2421 2058 2553 2112 quae
2585 2042 2797 2113 pictori
2823 2042 3095 2098 exhibuit
3115 2043 3460 2115 ﬁguram,ut
3485 2059 3595 2116 per
3615 2043 3744 2116 ejus

2083 2147 2304 2186 nomen
2329 2132 2877 2187 honoraretur.Non
2892 2133 3053 2187 enim
3085 2149 3154 2188 ex
3170 2150 3232 2187 Sc
3265 2137 3323 2187 et
3352 2149 3460 2188 sua
3479 2133 3744 2188 auctori-

2084 2227 2201 2276 tate
2223 2220 2335 2275 fuit
2367 2221 2561 2276 forma
2590 2221 2852 2289 inventa,
2887 2222 2988 2277 sed
3039 2222 3309 2294 implevit
3337 2238 3556 2277 nomen
3584 2221 3744 2293 quod

2084 2311 2146 2366 in
2178 2310 2478 2366 creatione
2501 2316 2626 2366 erat
2646 2311 3746 2384 imperfectum.Adjuvatautem,quod

2085 2399 2186 2455 Dei
2221 2416 2456 2471 quoque
2481 2405 2572 2454 est
2601 2400 3050 2472 inaspectabile.
3085 2401 3157 2455 ad
3192 2401 3370 2456 ﬁdem
3403 2401 3554 2472 ejus,
3587 2400 3745 2472 quod

2085 2487 2350 2543 efﬁctum
2385 2493 2474 2543 est
2504 2511 2531 2537 ι)
2563 2490 2898 2544 Creatorem
2915 2489 3170 2557 enim,ut
3189 2489 3290 2560 qui
3321 2491 3477 2544 Deus
3499 2495 3557 2544 et
3571 2491 3749 2546 Pater

2085 2577 2162 2632 sit
2191 2583 2454 2645 vocatus,
2489 2599 2518 2626 ‹‹
2544 2579 2663 2631 veri
2696 2578 2799 2632 Dei
2857 2563 3204 2650 imaginem,
3237 2601 3264 2628 »
3296 2583 3356 2633 et
3407 2601 3434 2628 «
3485 2579 3746 2651 prophe-

2083 2674 2206 2725 tam
2232 2691 2259 2718 ››
2291 2669 2646 2740 appellavit;
2674 2690 2701 2718 ‹‹
2734 2669 3022 2741 pictorem
3057 2690 3082 2718 η
3118 2674 3317 2725 autem
3355 2670 3742 2743 Sapientiam,

2083 2759 2254 2829 cujus
2287 2759 2635 2831 ﬁgmentum
2662 2763 2753 2813 est
2774 2759 3070 2829 imago,ad
3099 2759 3350 2832 gloriam
3377 2760 3508 2832 ejus
3531 2760 3634 2832 qui
3657 2765 3748 2816 est

2085 2847 2553 2920 inaspectabilis.
2576 2849 2717 2903 Nam
2745 2864 3120 2919 quaecunque
3143 2848 3479 2920 procedunt
3508 2865 3578 2904 ex
3599 2867 3743 2905 con-

2076 2938 2483 3011 jugatione.ea
2515 2942 2653 2992 sunt
2669 2937 3026 3009 pleromata;
3054 2955 3428 3010 quaacunque
3449 2931 3650 2995 autem
3668 2939 3743 2996 ab

2082 3044 2226 3090 uno,
2260 3028 2570 3099 imagines.
2605 3028 2896 3092 Quoniam
2945 3033 3144 3083 autem
3212 3044 3334 3082 non
3365 3034 3456 3084 est
3498 3029 3629 3100 ejus
3657 3029 3741 3096 id,

2085 3116 2244 3188 quod
2275 3121 2522 3188 apparet
2555 3133 2566 3170 :
2601 3133 2733 3186 quas
2763 3122 2852 3171 est
2885 3134 2955 3172 ex
2984 3117 3304 3173 medietate
3328 3118 3530 3173 anima
3561 3119 3741 3187 venit,

2084 3222 2298 3277 nempe
2331 3205 2412 3273 id,
2433 3205 2593 3276 quod
2624 3211 2715 3260 est
2744 3205 3046 3273 differens,
3083 3212 3142 3261 et
3160 3207 3272 3261 hoc
3294 3213 3384 3262 est
3413 3208 3740 3264 insufﬂatio

2084 3294 2416 3350 differentis
2448 3295 2779 3366 spiritus,et
2807 3294 2868 3349 in
2891 3312 3127 3350 summa
3154 3295 3742 3368 id,quodinspiratur

2085 3384 2146 3439 in
2177 3383 2601 3454 animumquia
2635 3389 2724 3438 est
2753 3384 2945 3456 imago
2979 3383 3244 3455 spiritus.
3274 3386 3363 3452 Et,
3385 3391 3452 3440 ut
3479 3385 3542 3441 in
3573 3403 3738 3441 sum-

2087 3489 2186 3529 ma
2205 3473 2561 3544 dicam,quze
2584 3472 2864 3528 dicuntur
2892 3473 2964 3528 de
2995 3474 3290 3542 Creatore,
3316 3475 3418 3544 qui
3441 3474 3629 3530 factus
3651 3480 3743 3531 est

2087 3564 2160 3620 ad
2183 3564 2522 3637 imaginem,
2555 3580 2628 3619 ea
2655 3564 2714 3618 in
2737 3563 2994 3636 imagine
3044 3563 3252 3620 sensili
3276 3565 3336 3619 in
3356 3566 3740 3638 generatione

2088 3654 2297 3710 dicunt
2323 3653 2506 3709 fuisse
2527 3661 2590 3725 -ι‹
2609 3652 2894 3725 praedicta
2930 3653 3003 3708 de
3032 3654 3415 3726 generatione
3457 3655 3738 3712 hominis.

2087 3745 2233 3799 Nam
2260 3742 2334 3798 ad
2365 3743 2594 3814 seipsos
2621 3757 2858 3813 quoque
2891 3742 3260 3798 transferunt
3286 3743 3742 3800 similitudinem

2088 3835 2238 3905 ejus,
2272 3832 2374 3904 qui
2402 3832 2621 3896 diﬁ‘ert,
2654 3831 2899 3904 spiritus
2939 3832 3421 3904 interjectionem
3480 3834 3741 3890 Creatori

2085 3921 2270 3978 fuisse
2301 3921 2562 3993 ignotam
2622 3919 2946 3976 tradentes.
3002 3921 3145 3976 Cum
3180 3937 3316 3994 ergo
3350 3922 3422 3977 de
3461 3939 3552 3990 eo,
3582 3923 3742 3995 quod

2085 4028 2241 4067 unus
2272 4011 2427 4065 Deus
2459 4009 2665 4080 sit,qui
2692 4009 3051 4080 praedicatur
3066 4027 3172 4081 per
3193 4009 3383 4081 legem
3408 4015 3466 4066 et
3482 4013 3741 4082 prophe-

2085 4107 2176 4157 tas
2203 4106 2262 4156 et
2285 4099 2686 4173 Evangelium,
2720 4099 3132 4167 tractabimus,
3155 4101 3436 4156 adversus
3457 4101 3568 4157 hoc
3589 4119 3738 4173 quo-

2084 4207 2199 4262 que
2230 4189 2628 4257 disseremus;
2661 4194 2752 4244 est
2781 4189 2941 4244 enim
2979 4189 3144 4246 locus
3196 4189 3539 4261 primarius.
3571 4193 3739 4246 Nunc

2082 4281 2365 4338 adversus
2398 4281 2478 4349 id,
2511 4298 2627 4352 quo
2656 4281 2716 4335 in
2764 4297 3028 4352 praesens
3068 4298 3368 4354 urgemur,
3400 4288 3492 4337 est
3539 4299 3741 4339 occur-

2082 4370 2359 4427 rendum.
2396 4370 2453 4426 Si
2477 4370 2551 4426 ad
2578 4369 3018 4426 dissolvendam
3051 4377 3302 4427 mortem
3333 4373 3497 4428 venit
3550 4389 3737 4446 genus

377 4523 442 4588 ›ι‹
469 4525 533 4580 Ρ.
559 4524 664 4578 604
694 4521 806 4578 ED.
843 4520 1140 4587 POTTER,
1173 4517 1277 4572 510
1307 4517 1418 4572 ED.
1452 4517 1682 4573 PARIS.
1716 4517 1794 4590 (a)
1825 4517 1972 4573 Exod

2088 4534 2236 4586 mn,
2269 4520 2356 4572 20.

379 4660 491 4734 (78)
522 4654 718 4734 Οὐδεὶς
745 4651 837 4734 ὂψ.
873 4655 1052 4734 Exod.
1087 4670 1295 4734 χχχιιι,
1317 4656 1433 4734 2D:
1494 4650 1571 4709 Οὐ
1627 4650 1728 4728 γὰρ
1765 4653 1842 4725 μή
1876 4649 1966 4727 ἴδῃ

308 4725 593 4803 ἅνθρωπος
623 4729 684 4803 τὸ
716 4725 1016 4803 πρόσωπόν
1052 4746 1178 4803 μου,
1210 4725 1299 4779 καὶ
1332 4725 1572 4803 ζήσεταιἼ

2087 4653 2380 4726 Valentini
2408 4652 2764 4708 sententiam
2789 4652 3045 4724 explicat
3069 4653 3167 4725 (de
3198 4671 3316 4726 qua
3344 4655 3418 4710 cf.
3447 4656 3738 4711 lrenmum

2081 4725 2184 4780 lib.
2247 4743 2283 4794 ι,
2338 4731 2481 4781 sect.
2533 4728 2587 4793 9)
2650 4745 2664 4791 ;
2715 4741 3060 4796 quanquam
3138 4725 3229 4780 ex'
3264 4727 3540 4782 Orientali
3627 4729 3738 4782 Va-

379 4795 494 4876 (79)
517 4795 770 4882 etnon:
798 4799 966 4857 Haud
999 4795 1121 4854 scio
1153 4815 1230 4854 an
1262 4798 1461 4853 verius
1493 4795 1712 4872 έρῥὲθη,
1751 4819 1777 4848 α
1810 4797 1970 4854 dicta

2088 4799 2512 4882 [eptin'i‘anorum
2542 4797 2858 4882 Didascalia
3063 4797 3736 4882 Clementem,pag‘..801,

307 4883 416 4934 est.
455 4900 481 4926 »
513 4877 786 4931 SYLBURG.

381 4950 491 5021 (80)
521 4945 907 5021 Ἐπλήρω-σαν.
954 4943 1280 5021 interpres"
1306 4941 1768 5021 singLnnumero

310 5011 503 5091 ρωσεν,
517 5011 828 5090 «implevit
851 5034 921 5091 :_-
951 5011 1146 5091 inquit
1164 5011 1968 5091 _Sylburg'.Cl_.Gra-bips-Spici-

311 5080 610 5164 legii'szec.
647 5080 705 5150 ἰι.
739 5106 796 5160 p.
831 5089 919 5154 54,
954 5080 1079 5164 hanc
1110 5080 1401 5164 adnotat}
1429 5107 1456 5133 ‹‹
1491 5080 1966 5164 ῌεοιέπλῄρῶσαν

311 5152 386 5220 iri
406 5152 972 5235 έπλήρωσείῐιιιιιρλ
1007 5161 1066 5211 et
1093 5155 1272 5235 verba
1302 5155 1438 5235 ista,
1469 5152 1662 5235 01?}:in
1694 5153 1966 5235 aﬁe‘evttx.

310 5237 393 5293 ita
424 5227 820 5307 interpretor:
844 5229 1202 5307 «Dionenim
1231 5233 1432 5282 exacte
1463 5227 1536 5282 ad
1567 5227 1756 5307 vivum
1779 5227 1973 5283 forma

313 5333 337 5360 τι
363 5307 566 5380 aliqua
587 5299 986 5380 reperiturﬁn
1008 5299 1266 5380 imagine
1291 5299 1725 5380 expressa),sed
1743 5316 1969 5380 nomen

310 5370 505 5455 «(ejus
526 5370 852 5455 scil.:cujus
876 5370 1068 5455 mago
1092 5370 1201 5454 est)
1234 5371 1472 5455 supplet
1492 5370 1575 5453 id,
1602 5372 1761 5455 quod
1793 5373 1972 5455 effor-

309 5475 338 5503 ‹‹
355 5443 617 5508 ’ὤαιὶοηί
644 5443 864 5505 deest.»
883 5443 1055 5501 Moris
1080 5443 1239 5499 enim
1256 5443 1401 5515 olim
1422 5443 1606 5498 fuisse
1624 5443 1969 5515 pistoribus,

309 5530 376 5580 ut
405 5524 652 5579 nomina
710 5517 1080 5592 imaginibus
1115 5514 1504 5592 ascriberent,
1565 5514 1682 5592 qu_o
1735 5515 1970 5592 facilius

309 5587 934 5669 dignoscerenturfen
976 5587 1319 5669 _Aristot_elis
1371 5587 1479 5669 lib.
1515 5604 1565 5641 v1
1620 5589 1973 5669 Topicanim,

311 5659 419 5739 cap
470 5671 524 5734 2,
559 5663 876 5739 colligitur.
910 5661 995 5715 Ad
1039 5659 1326 5739 eumd_em_
1367 5659 1567 5739 itaque
1588 5660 1973 5739 _modum_Va-

309 5730 843 5795 lentinusdochat
854 5749 1197 5804 supremum
1213 5730 1569 5804 invisibilem
1588 5732 1768 5804 Deum
1791 5730 1970 5804 ﬁdem

313 5810 635 5867 conciliare
669 5825 791 5865 sum
813 5802 1081 5876 imagini,
1105 5803 1164 5858 id
1197 5807 1311 5876 est,
1342 5803 1415 5857 ad
1448 5802 1766 5876 imaginem
1787 5803 1915 5874 ejus
1937 5818 1974 5858 a

313 5887 505 5939 matre
532 5879 750 5953 Sophia
768 5873 1022 5953 formato
1054 5873 1263 5953 mundi
1283 5873 1728 5953 greatori,'dum
1747 5873 1970 5953 nomen

313 5979 341 6006 ‹‹
378 5954 481 6011 Dei
513 5975 540 6004 ››
569 5945 682 6026 ipsi
713 5946 1201 6013 communicavit;
1233 5946 1320 6002 uti
1350 5945 1816 6018 Clemenspaulo
1839 5950 1974 6018 post

2081 4869 2232 4942 edit.
2254 4870 2462 4931 Paris.,
2487 4868 2666 4924 verba
2687 4868 2982 4942 Valentini
3013 4868 3075 4924 in
3124 4869 3434 4925 meliorem
3454 4868 3736 4942 explicari

2080 4941 2311 5013 possint
2369 4957 2641 5014 sensum.
2692 4940 2858 5014 Quod
2903 4958 3038 4996 vero
3097 4941 3344 5014 reliqum
3393 4943 3452 4996 in
3512 4940 3735 4997 mundo

2079 5012 2368 5069 creaturae
2399 5012 2518 5066 sint
2549 5013 2838 5084 imagines
2881 5012 3295 5070 caaterorum‘a
3353 5029 3583 5069 summo
3617 5013 3733 5068 Deo

2081 5084 2573 5140 descendentium
2585 5085 2862 5156 Aionum,
2875 5090 3011 5156 post
3044 5085 3418 5140 Valentinum
3441 5085 3570 5139 loco
3587 5084 3737 5139 cita-

2081 5161 2516 5246 ῐοιῆεεοιξιρνξδ
2549 5156 2680 5246 ejus
2709 5155 3006 5246 do‘culisse,
3039 5174 3109 5211 ex
3151 5160 3379 5246 lrenzeo
3417 5161 3728 5246 constat.”-

2151 5230 2262 5298 (81)
2316 5225 2393 5282 Τὰ
2452 5223 2732 5299 διαφέρον.
2784 5229 3083 5299 lnterpres
3131 5227 3454 5299 appositive
3495 5226 3732 5299 accipit,

2081 5299 2192 5354 hoc
2224 5316 2404 5354 sensu
2441 5316 2452 5352 :
2497 5322 2520 5348 ‹‹
2559 5297 2731 5353 venit
2760 5297 2982 5365 anima,
3015 5315 3145 5369 quae
3170 5297 3276 5354 Ἔχ
3325 5297 3572 5353 dimidio
3623 5297 3732 5367 est,

2082 5387 2301 5442 nempe
2324 5371 2382 5426 id
2411 5370 2568 5442 quod
2602 5377 2693 5442 est
2721 5369 3024 5426 differens.
3059 5393 3085 5417 ι»
3119 5371 3393 5425 vauac.

2152 5440 2261 5514 (82)
2293 5441 2379 5516 Ἐν
2429 5440 2502 5514 τῇ
2553 5440 2753 5516 γενέσει
2776 5484 2809 5516 ._
2849 5443 3167 5516 Perperam
3205 5442 3533 5516 interpres,
3593 5463 3621 5491 «
3673 5441 3736 5498 in

2119 5513 2522 5570 eneratione.»
2557 5513 2919 5570 V’ertendum
2943 5513 3052 5567 fuit
3073 5536 3100 5561 (ι
3124 5513 3186 5567 in
3205 5513 3358 5568 libro
3381 5515 3734 5569 Geneseos.»

2121 5603 2302 5642 ensus
2335 5592 2443 5651 est,
2485 5607 2503 5632 ι
2540 5603 2610 5641 ea
2640 5586 2699 5640 in
2728 5585 2830 5639 illo
2857 5585 3152 5656 Geneseos
3182 5585 3333 5649 loco,
3367 5601 3484 5656 quo
3523 5585 3595 5640 de
3625 5587 3736 5641 ho-

2081 5659 2262 5713 minis
2293 5658 2591 5714 creatione
2626 5674 2820 5712 sermo
2852 5655 3042 5728 factus
3074 5661 3184 5724 est,
3232 5674 3338 5728 per
3386 5655 3736 5714 Sensibilem

2081 5730 2401 5799 imaginem
2431 5730 2574 5784 olim
2607 5728 2890 5799 prasdicta
2932 5727 3175 5782 fuisse.»

2152 5799 2265 5873 (83)
2297 5800 2421 5856 Ἐπὶ
2451 5799 2532 5854 τό.
2575 5800 2765 5855 Etiam
2811 5799 3004 5854 dativo
3063 5816 3204 5855 casu
3251 5800 3366 5874 legi
3422 5806 3619 5874 potest
3645 5799 3733 5856 ἐπὶ

2079 5876 2180 5942 τῷ.
2215 5874 2488 5928 vauac.

2153 5945 2264 6016 (84)
2325 5944 2586 6019 Διαφέρον
2649 5942 2825 6017 γένος.
2888 5945 3109 6015 Nempe
3187 5961 3375 6017 genus
3421 5944 3733 6002 hominum
