4138 6396
441 449 580 504 1299

1674 448 2084 504 οωλιειντιε
2120 447 2626 503 ALEXANDBINI

3721 455 3852 511 1300

445 575 747 644 diﬂ‘erens,
774 575 1039 631 Christus
1077 577 1332 630 mortem
1363 589 1484 629 non
1517 571 1792 638 abolevit,
1824 570 1942 626 nisi
1971 570 2098 642 ipse

2233 588 2399 641 mcev,
2433 567 2479 623 εί
2514 569 2591 640 μή
2624 569 2712 623 καὶ
2745 567 2906 630 αὐτὸς
2949 567 3137 632 αὐτοῖς
3190 570 3492 643 ὁμοούσιος
3550 571 3787 648 λεχθείη*
3818 570 3858 631 εἶ

445 682 680 737 quoque
711 665 942 720 dicatur
958 664 1225 735 ejusdem
1260 681 1396 719 cum
1428 663 1514 718 eis
1547 661 1822 718 essentia
1845 679 1858 727 ;
1885 660 1978 716 sin
2001 676 2107 715 au-
2157 701 2166 705 λ.

445 765 563 812 tem
591 757 650 809 in
678 757 789 809 hoc
821 771 950 809 eam
978 753 1257 822 abolevit,
1290 759 1355 809 ut
1384 770 1571 825 genus
1629 768 1748 806 non
1788 751 2112 823 attingeret

445 847 746 913 diﬁ‘erens,
773 862 892 898 non
926 844 1023 899 isti
1059 851 1313 899 mortem
1347 842 1725 913 abolent,qui
1753 838 2110 895 suntmmuli

443 935 757 997 Creatoris,
793 935 892 1005 qui
925 933 1168 1007 imagini
1201 951 1323 988 suae
1355 933 1530 988 istius
1580 932 1819 996 animm,
1856 947 1987 1001 quaa
2023 934 2113 984 est

443 1044 512 1081 ex
544 1025 1214 1096 medietate,supernam
1246 1024 1424 1078 vitam
1448 1022 1747 1093 inspirant
1780 1020 2111 1077 secundum

444 1115 657 1187 dogma
700 1114 771 1170 ab
829 1115 912 1169 eis
973 1121 1339 1185 susceptum.
1401 1114 1502 1167 Sin
1562 1129 1696 1167 vero
1739 1112 1852 1166 hoc
1910 1110 2114 1166 dicant

446 1206 682 1261 evenire
716 1221 821 1276 per
844 1209 1118 1269 matrem,
1171 1204 1256 1258 vel
1322 1203 1370 1258 si
1421 1203 1627 1258 dicant
1681 1218 1744 1256 se
1800 1217 1920 1256 una
1977 1217 2113 1256 cum

445 1295 676 1349 Christo
709 1294 992 1349 adversus
1020 1300 1272 1348 mortem
1295 1293 1670 1366 belligerare,
1701 1296 1903 1363 aperte
1925 1289 2113 1345 faten-

448 1391 543 1440 tur
597 1385 656 1438 id
717 1384 1017 1439 occultum
1066 1384 1302 1455 dogma,
1359 1383 1656 1454 siquidem
1715 1398 1834 1435 non
1868 1381 2119 1435 timeant

448 1475 741 1530 Creatoris
773 1473 1033 1529 divinam
1084 1473 1367 1529 insectari
1416 1472 1766 1544 potentiam,
1831 1469 1935 1525 sed
1986 1469 2114 1539 ejus

449 1572 808 1630 creaturam,
843 1569 1128 1634 tanquam
1181 1564 1295 1635 ipsi
1338 1562 1618 1618 meliores
1656 1565 1878 1624 essent,
1909 1575 2117 1615 emen-

451 1653 610 1718 dant,
648 1659 705 1708 et
735 1653 1058 1709 animalem
1090 1653 1623 1726 imaginem,quam
1655 1651 1754 1705 ille
1778 1667 1900 1706 non
1923 1649 2118 1721 potuit

447 1744 702 1798 liberare
725 1743 798 1798 ab
822 1744 1332 1810 interitu,servare
1353 1742 1648 1797 nituntur.
1693 1740 1894 1797 Fuerit
1915 1744 2114 1794 autem

453 1834 739 1888 Dominus
763 1850 999 1904 quoque
1030 1834 1150 1888 Deo
1183 1839 1451 1887 creatore
1485 1831 1698 1886 melior
1724 1847 1791 1886 ac
1814 1833 2112 1902 praestan-

2216 653 2262 711 δ’
2321 656 2398 719 εἷς
2457 661 2620 712 τοῦτο
2678 660 3050 734 κττήργησεν,
3114 659 3191 721 ὡς
3253 661 3329 732 μὴ
3389 666 3488 716 τοῦ
3530 658 3860 739 διαφέροντος

2215 745 2470 802 ἅπτεσθαι
2501 749 2713 823 γένους,
2746 748 2856 804 οὐχ
2886 749 3038 803 οὗτοι
3094 749 3186 803 τὸν
3245 753 3472 813 θάνατον
3519 758 3860 826 καταργοῦσιν

2217 838 2268 892 οἱ
2300 837 2590 910 ἀντίμιμοι
2620 843 2718 892 τοῦ
2752 843 3126 915 Δημιουργοῦ,
3189 840 3242 893 οἱ
3300 842 3401 908 τῆς
3463 840 3524 896 ἐκ
3583 843 3865 914 μεσότητος

2217 929 2403 1001 ψυχῆς
2433 930 2501 1000 τῇ
2535 927 2764 1002 σφετέρᾳ
2791 925 2966 982 είκόνι
3019 926 3366 1005 ἐμφυσῶντες
3428 930 3527 1000 τήν
3587 932 3729 1001 ζωήν
3774 934 3863 1002 τὴν

2219 1017 2442 1086 ἄνωθεν,
2473 1018 2610 1070 κατὰ
2635 1018 2735 1086 τὴν
2761 1014 2858 1070 τοῦ
2891 1014 3160 1092 δόγματος
3187 1063 3190 1066 .
3218 1016 3445 1092 αἵρεσιν·
3505 1017 3601 1074 κᾶν
3641 1017 3728 1075 διὰ
3772 1029 3863 1090 τῆς

2223 1105 2434 1179 μητρὸς
2481 1110 2643 1160 τοῦτο
2702 1100 3020 1179 συμϐαίνειν
3051 1103 3308 1184 λέγωσιν,
3363 1105 3513 1163 ἀλλά
3557 1109 3652 1163 κᾶν
3685 1109 3728 1164 εἰ
3782 1109 3864 1164 σὺν

2221 1198 2448 1272 Χριστῷ
2477 1198 2996 1271 καταστρατεύεσθαι
3045 1201 3142 1252 τοῦ
3200 1198 3434 1262 θανάτου
3481 1197 3714 1274 λέγοιεν,
3743 1201 3866 1271 ὁμο·

2222 1284 2538 1360 λογούντων
2561 1287 2624 1341 τὸ
2655 1283 2838 1361 δόγμα
2867 1286 2931 1340 τὸ
2987 1287 3392 1361 κεκρυμμένον,
3455 1287 3532 1352 ὡς
3589 1296 3684 1358 τῆς
3734 1291 3868 1353 θείας

2218 1379 2318 1430 τοῦ
2350 1379 2702 1451 Δημιουργοῦ
2747 1378 3103 1451 κατατρέχειν
3133 1376 3389 1450 τολμῶσι
3451 1373 3751 1452 δυνάμεως,
3780 1381 3869 1449 τὴν

2219 1464 2393 1520 κτίσιν
2420 1467 2520 1534 τὴν
2547 1465 2820 1536 αύτοῦ,ὡς
2850 1466 3133 1542 κρείττους
3165 1466 3656 1542 ἐπανορθούμενοι,
3677 1470 3868 1545 πειρώ-

2226 1576 2379 1628 μενοι
2413 1555 2604 1625 σώζειν
2636 1556 2734 1624 τήν
2759 1558 3003 1632 ψυχικὴν
3038 1555 3242 1629 εἰκόνα,
3298 1555 3366 1626 ἤν
3422 1557 3580 1620 αὐτὸς
3629 1557 3868 1635 ῥύσασθαι

2219 1652 2321 1715 τῆς
2353 1647 2555 1722 φθορᾶς
2605 1645 2668 1700 ού
2724 1645 3074 1721 κατίσχυσεν.
3130 1645 3231 1718 Εῗὴ
3289 1644 3337 1702 δ’
3367 1644 3428 1702 ἄν
3458 1647 3548 1703 καί
3607 1649 3635 1703 ὁ
3694 1648 3870 1726 Κύριος

2223 1735 2459 1809 ἀμείνων
2492 1741 2590 1790 τοῦ
2622 1732 2973 1812 δημιουργοῦ
3029 1741 3184 1791 Θεοῦ·
3220 1737 3282 1790 ού
3313 1737 3417 1813 γὰρ
3451 1739 3514 1792 ἄν
3545 1759 3679 1793 ποτε
3710 1741 3737 1794 ὁ
3767 1739 3870 1802 υίὸς

2219 1829 2301 1896 τῷ
2328 1826 2494 1901 πατρὶ
2551 1823 3016 1904 διαφιλονεικοίη,
3066 1825 3156 1882 καὶ
3209 1831 3379 1882 ταῦτα
3435 1825 3490 1882 ἐν
3551 1829 3718 1890 θεοῖς.
3761 1831 3870 1886 Ὀτι

455 1923 570 1976 tior
605 1939 942 1993 :nunquam
975 1923 1136 1977 enim
1170 1921 1328 1976 ﬁlius
1360 1939 1495 1976 cum
1528 1926 1694 1993 patre
1715 1917 2111 1986 contenderit,

2233 1915 2282 1972 δέ
2311 1917 2468 1979 οὗτός
2498 1916 2638 1972 ἐστιν
2673 1919 2700 1972 ὁ
2730 1921 2828 1972 τοῦ
2859 1918 2979 1972 υἱοῦ
3037 1919 3242 1991 πατὴρ,
3299 1919 3328 1972 ὁ
3375 1919 3722 1995 Δημιουργὸς
3772 1924 3869 1975 τῶν

456 2013 638 2084 idque
671 2014 828 2068 inter
858 2013 1021 2068 deos.
1058 2012 1222 2079 Quod
1250 2018 1450 2068 autem
1510 2012 1605 2067 hic
1657 2012 1735 2066 sit
1765 2016 1934 2082 pater
1985 2009 2114 2074 ﬁlii,

457 2104 701 2158 Creator
740 2103 1177 2171 universorum,
1229 2102 1520 2157 Dominus
1578 2100 1982 2171 omnipotens,
2043 2096 2118 2153 ad

453 2192 621 2248 illam
656 2191 996 2247 distulimus
1027 2192 1518 2263 disputationem,
1561 2191 1622 2245 in
1673 2207 1791 2261 qua
1837 2189 2118 2244 adversus

455 2283 607 2339 219
641 2283 899 2336 haereses
926 2281 1219 2338 disserere
1271 2280 1678 2352 promisimus,
1730 2278 2118 2333 ostendentes

454 2389 589 2427 eum
623 2388 752 2426 esse
785 2371 999 2436 solum,
1035 2371 1135 2442 qui
1168 2376 1258 2426 est
1287 2370 1360 2426 ab
1416 2371 1545 2441 ipso
1579 2367 1954 2440 praedicatus.
2007 2365 2120 2422 Sed

451 2461 625 2516 nobis
657 2459 901 2531 quidem
959 2460 1226 2515 scribens
1281 2458 1599 2530 Apostolus
1662 2458 1732 2512 de
1793 2455 2118 2512 tolerandis

449 2549 876 2606 afﬂictionibus
913 2567 924 2603 :
967 2570 988 2597 ι
1032 2552 1102 2604 Et
1131 2550 1266 2615 hoc,
1299 2549 1512 2620 inquit,
1547 2564 1618 2603 ex
1650 2549 1791 2616 Deo,
1825 2546 1986 2618 quod
2016 2562 2117 2600 vo-

449 2641 542 2696 bis
561 2640 846 2696 donatum
879 2645 969 2694 est
996 2657 1102 2710 pro
1126 2639 1455 2708 Christo,ut
1471 2654 1590 2693 non
1612 2638 1804 2693 solum
1837 2638 1900 2692 in
1919 2638 2118 2708 ipsum

451 2730 727 2796 credatis,
764 2729 868 2785 sed
901 2731 1081 2785 etiam
1135 2746 1242 2801 pro
1277 2746 1346 2784 eo
1405 2728 1717 2800 patiamini
1755 2746 1769 2794 ;
1823 2727 1982 2782 idem
2016 2728 2121 2783 ha-

452 2820 662 2875 bentes
694 2825 1023 2884 certamen,
1084 2818 1257 2889 quale
1317 2818 1549 2872 vidistis
1600 2818 1663 2872 in
1717 2834 1833 2884 me,
1868 2822 1928 2872 et
1958 2834 2121 2873 nunc

455 2909 677 2964 auditis
708 2909 769 2962 in
803 2925 918 2964 me.
954 2908 1009 2963 Si
1043 2925 1161 2979 qua
1192 2912 1283 2963 est
1312 2923 1448 2980 ergo
1497 2907 1826 2963 consolatio
1860 2907 1920 2961 in
1953 2907 2120 2962 Chri-

459 3005 569 3068 sto,
605 2999 653 3052 si
695 2998 854 3068 quod
888 2998 1166 3054 solatium
1194 2996 1556 3063 charitatis,‘
1587 2997 1634 3053 si
1694 3014 1812 3068 qua
1869 2997 2122 3052 societas

459 3088 726 3159 spiritus,
761 3087 809 3141 si
861 3103 978 3157 qua
1037 3088 1260 3141 viscera
1292 3092 1350 3140 et
1408 3087 1842 3153 miserationes,
1876 3085 2123 3157 implete

461 3194 661 3234 meum
694 3177 999 3250 gaudium,
1048 3182 1114 3230 ut
1139 3176 1297 3231 idem
1357 3176 1651 3243 sentiatis,
1686 3175 1958 3232 eamdem
2017 3177 2120 3231 ha-

459 3269 666 3323 bentes
720 3267 1092 3329 charitatem,
1154 3266 1492 3334 unanimes,
1551 3265 1709 3322 idem
1769 3267 2120 3321 sentientes.

462 3358 520 3412 Si
548 3363 749 3412 autem
781 3356 1131 3412 immolatur
1159 3372 1341 3428 super
1373 3356 1665 3412 sacriﬁcio
1692 3362 1752 3412 et
1784 3356 2121 3411 ministerio
2153 3326 2196 3394 θ

461 3447 601 3502 ﬁdei
633 3447 900 3519 gaudens
958 3450 1017 3501 et
1071 3446 1493 3517 congratulans
1525 3446 1624 3517 (α),
1651 3468 1678 3494 ››
1713 3463 1838 3515 eos,
1871 3446 1945 3502 ad
1975 3463 2126 3517 quos

458 3537 726 3607 loquitur
756 3535 1097 3608 Apostolus,
1131 3535 1547 3607 Philippenses
1597 3551 1817 3590 vocans
1845 3557 1873 3585 ιι
1921 3537 2125 3608 gratiae

459 3630 768 3681 consortes
802 3626 896 3696 (ὁ),
931 3646 959 3675 ››
990 3623 1290 3695 quomodo
1322 3624 1485 3695 ipsos
1517 3623 1662 3680 dicit
1694 3647 1722 3674 «
1754 3625 2074 3680 unanimes
2099 3647 2126 3675 ››

463 3721 522 3770 et
549 3715 843 3769 animales
865 3713 892 3768 ?
917 3713 1204 3768 Similiter
1233 3713 1414 3767 etiam
1447 3713 1519 3768 de
1551 3713 1859 3768 Timotheo
1892 3731 2128 3784 quoque

466 3804 734 3859 scribens
765 3808 823 3857 et
852 3802 1107 3874 seipso,«
1129 3802 1439 3857 Neminem
1473 3802 1653 3869 enim,
1688 3802 1905 3874 inquit,
1938 3803 2128 3860 habeo

469 3899 589 3949 tam
620 3892 989 3959 unanimem,
1024 3891 1125 3963 qui
1160 3908 1443 3965 germane
1473 3893 1545 3948 de
1576 3893 1742 3948 vobis
1786 3892 2020 3948 futurus
2055 3894 2132 3948 sit

470 3982 1008 4039 sollicitus.0mnes
1025 3982 1207 4048 enim,
1228 3998 1359 4054 quae
1384 3999 1490 4038 sua
1511 3989 1974 4054 sunt,quaarunt,
2010 4001 2130 4040 non

469 4091 601 4145 quae
626 4074 762 4128 Jesu
780 4071 997 4127 Christi
1031 4074 1247 4142 (c).nNe
1280 4089 1419 4145 ergo
1450 4072 1652 4145 probri
1678 4073 1811 4128 loco
1835 4091 1944 4130 nos
1965 4075 2132 4130 «ani-

467 4165 655 4221 males
694 4189 711 4212 ι
749 4165 952 4220 dicant
982 4169 1086 4218 aut
1125 4165 1292 4236 prius
1323 4166 1636 4221 memorati
1701 4166 1996 4235 homines,
2030 4172 2134 4223 aut

465 4260 529 4324 ›ι‹
557 4255 737 4309 etiam
762 4255 1024 4324 Phryges
1058 4270 1071 4308 :
1099 4254 1230 4325 jam
1262 4255 1424 4310 enim
1457 4255 1495 4309 ii
1551 4271 1790 4326 quoque
1837 4255 1994 4324 illos,
2028 4255 2131 4327 qui

466 4361 629 4399 novas
661 4361 781 4398 non
799 4342 1118 4399 attendunt
1145 4344 1498 4415 prophetiae,
1524 4365 1554 4398 ιι
1575 4345 1865 4401 animales
1884 4346 2133 4418 nappel—

467 4434 612 4500 lant,
647 4434 931 4489 adversus
964 4450 1114 4504 quos
1146 4433 1536 4504 disseremus,
1595 4452 1732 4490 cum
1782 4452 2026 4508 agemus
2059 4436 2132 4492 de

467 4523 800 4595 prophetia.
839 4527 984 4577 Eum
1011 4540 1171 4596 ergo,
1233 4524 1334 4596 qui
1397 4531 1488 4580 est
1546 4526 1864 4597 perfectus,
1900 4531 2135 4598 Oportet

473 4629 747 4668 exercere
780 4613 1154 4684 charitatem,
1190 4620 1249 4669 et
1278 4615 1417 4671 hinc
1449 4615 1523 4671 ad
1577 4615 1682 4672 Dei
1715 4615 1960 4671 tendere
1981 4616 2134 4672 ami-

2225 2006 2578 2080 συμπάντων,
2613 2009 2642 2063 ὁ
2671 2007 3063 2083 παντοκράτωρ
3096 2007 3320 2083 Κύριος,
3379 2007 3457 2070 είς
3491 2007 3709 2064 ἐκείνων
3762 2009 3869 2064 ἀνε-

2226 2094 2512 2172 ϐαλόμεθα
2567 2101 2667 2169 τήν
2727 2099 2942 2172 σκέψιν,
2998 2100 3116 2154 καθ’
3171 2098 3239 2169 ἢν
3289 2099 3426 2175 πρὸς
3509 2102 3604 2162 τὰς
3657 2101 3873 2174 αἱρέσεις

2229 2189 2590 2264 ὑπεσχήμεθα
2620 2187 2990 2263 διαλέξασθαι,
3020 2193 3212 2245 τοῦτον
3247 2189 3382 2246 εἶναι
3439 2190 3603 2263 μόνον
3640 2189 3870 2246 δεικνύν-

2225 2299 2312 2340 τες
2339 2279 2430 2333 τὸν
2468 2280 2558 2334 ὑπ’
2606 2280 2773 2334 αὐτοῦ
2832 2277 3260 2354 κεκηρυγμένον.
3322 2279 3484 2335 Ἀλλ’
3529 2282 3670 2353 ἡμῖν
3723 2301 3780 2354 γε
3851 2281 3876 2334 ὁ

2227 2365 2565 2430 Ἀπόστολος
2599 2367 2678 2432 είς
2704 2369 2804 2438 τὴν
2837 2373 2945 2423 τῶν
3002 2367 3244 2442 θλίψεων
3307 2369 3598 2442 ὑπομονὴν
3645 2369 3874 2448 γράφων·

2227 2483 2256 2510 ‹‹
2289 2459 2387 2513 Καὶ
2416 2463 2601 2528 τοῦτο,
2625 2461 2813 2538 φησὶν,
2837 2460 2944 2514 ἀπὸ
2973 2465 3130 2529 Θεοῦ,
3186 2459 3270 2514 ὅτι
3333 2461 3462 2533 ὑμῖν
3509 2460 3778 2537 ἐχαρίσθη
3823 2459 3879 2515 τὸ

2228 2550 2361 2626 ὑπὲρ
2384 2551 2640 2624 Χριστοῦ,
2676 2549 2736 2604 ού
2765 2549 2932 2623 μόνον
2961 2550 3023 2605 τὸ
3084 2550 3160 2612 είς
3210 2549 3371 2605 αὐτὸν
3421 2551 3720 2621 πιστεύειν,
3751 2549 3882 2606 ἀλλὰ

2225 2637 2316 2694 καὶ
2345 2641 2408 2693 τὸ
2464 2639 2596 2714 ὑπὲρ
2627 2639 2794 2693 αὐτοῦ
2823 2640 3078 2714 πάσχειν’
3139 2640 3230 2695 τὸν
3274 2639 3436 2695 αὐτὸν
3490 2639 3677 2716 ἀγῶνα
3733 2637 3880 2714 ἔχονο

2225 2749 2336 2797 τες,
2370 2732 2484 2784 οἷον
2520 2727 2666 2784 ἴδετε
2695 2728 2748 2784 έν
2781 2727 2930 2803 ἐμοὶ,
2960 2728 3050 2784 καὶ
3076 2733 3169 2784 νῦν
3200 2729 3424 2786 ἀκούετε
3456 2729 3506 2784 έν
3541 2730 3694 2804 ἐμοί.
3726 2730 3882 2791 Εἷ¹τις

2227 2819 2318 2872 οὗν
2339 2817 2687 2892 παράκλησις
2705 2818 2758 2874 ἐν
2781 2821 3023 2892 Χριστῷ,
3044 2817 3169 2874 εἴτι
3200 2820 3550 2893 παραμύθιον
3583 2820 3823 2894 ἀγάπης,
3841 2815 3882 2874 εἶ

2228 2930 2309 2970 τις
2330 2909 2588 2964 κοινωνία
2619 2909 2952 2982 πνεύματος,
2989 2907 3036 2964 ε’ί
3065 2930 3187 2964 τινα
3219 2908 3512 2986 σπλάγχνα
3555 2911 3648 2965 καὶ
3689 2911 3882 2980 οἰκτιρ-

2231 2999 2350 3073 μοὶ,
2384 2997 2720 3071 πληρώσατέ
2753 3020 2860 3071 μου
2890 3001 2992 3069 την
3028 3000 3228 3074 χαράν,
3257 3001 3350 3055 ἳνα
3378 2999 3440 3055 τὸ
3474 2999 3607 3056 αὐτὸ
3636 3005 3880 3078 φρονῆτε,

2225 3089 2325 3157 τήν
2354 3088 2520 3156 αὐτὴν
2556 3088 2773 3162 ἀγάπην
2806 3086 3052 3163 ἔχοντες,
3113 3087 3420 3164 σύμψυχοι,
3451 3089 3514 3144 τὸ
3547 3086 3604 3144 ἓν
3637 3095 3888 3169 φρονοῦν-

2225 3199 2332 3240 τες.
2368 3176 2432 3233 Ei:
2463 3175 2521 3232 δὲ
2552 3175 2833 3232 σπένδεται
2865 3176 2950 3232 ἐπὶ
2983 3181 3050 3252 τῇ
3111 3179 3270 3250 θυσίᾳ
3297 3179 3386 3233 καὶ
3443 3182 3514 3253 τῇ
3577 3178 3891 3256 λειτουργίᾳ

2233 3275 2334 3339 τῆς
2364 3269 2600 3330 πίστεως
2634 3267 2845 3343 χαίρων
2873 3269 2961 3323 καὶ
2993 3267 3374 3344 συγχαίρων,››
3393 3267 3532 3344 πρός
3564 3269 3662 3334 οὕς
3687 3272 3716 3326 ὁ
3739 3269 3889 3343 λόγος

2233 3363 2313 3431 τῷ
2339 3356 2683 3431 Ἀποστόλῳ,
2715 3356 2844 3419 τοὺς
2876 3357 3292 3429 Φιλιππησίους
3332 3383 3352 3408 ι
3389 3360 3780 3432 συμμετόχους
3796 3362 3888 3424 τῆς

2233 3451 2464 3524 χάριτος
2492 3451 2604 3523 (85)
2639 3472 2665 3500 υ
2698 3445 2906 3516 καλῶν,
2940 3452 3059 3511 πῶς
3091 3446 3292 3512 αὐτοὺς
3321 3471 3350 3503 α
3379 3448 3713 3525 συμψύχους
3749 3475 3770 3500 ι
3805 3449 3888 3504 καὶ

2233 3539 2505 3614 ψυχικοὺς
2541 3541 2653 3613 (86)
2685 3536 2830 3614 λέγει
2865 3556 2878 3606 ;
2912 3539 3152 3611 Ὁμοίως
3204 3538 3296 3594 καὶ
3349 3539 3473 3615 περὶ
3504 3540 3778 3613 Τιμοθέου
3806 3536 3889 3592 καὶ

2234 3631 2432 3684 ἑαυτοῦ
2460 3627 2704 3705 γράφων,
2756 3652 2784 3679 ‹‹
2842 3625 3040 3684 οὐδένα
3093 3627 3198 3703 γὰρ
3257 3623 3395 3705 ἔχω,
3458 3628 3646 3708 φησὶν,
3710 3629 3891 3703 ἰσόψυ-

2235 3737 2362 3792 χον,
2417 3717 2564 3779 δστις
2611 3717 2852 3792 γνησίως
2907 3719 2976 3772 τά
3048 3717 3174 3792 περὶ
3231 3719 3384 3790 ὑμῶν
3452 3721 3802 3792 μεριμνήσει·
3847 3717 3891 3771 oi

2236 3807 2433 3869 πάντες
2457 3807 2558 3882 γὰρ
2590 3807 2658 3862 τά
2714 3807 2918 3868 έαυτῶς
2977 3811 3257 3880 ζητοῦσιν,
3318 3811 3380 3861 ού
3431 3807 3497 3863 τὰ
3545 3809 3732 3880 Ἰησοῦ
3776 3813 3892 3882 Χρι-

2236 3901 2365 3952 στοῦ
2409 3899 2543 3969 (8⁸7).
2596 3919 2624 3948 ιι
2684 3897 2772 3963 Μὴ
2834 3895 3012 3950 τοίνυν
3059 3921 3086 3948 ι‹
3147 3896 3420 3972 ψυχικοὺς
3467 3921 3494 3947 υ
3553 3897 3610 3953 ἐν
3660 3894 3892 3956 ὀνείδους

2240 3985 2390 4061 μέρει
2449 3985 2727 4060 λεγόντων
2787 3988 2938 4059 ἡμᾶς
3012 3987 3064 4040 οἱ
3123 3987 3542 4061 προειρημένοι,
3604 3985 3756 4042 ἀλλὰ
3809 3985 3891 4040 καὶ

2237 4075 2289 4130 οἱ
2317 4074 2554 4150 Φρύγες·
2587 4072 2697 4145 ἤδη
2731 4076 2836 4150 γὰρ
2868 4075 2956 4130 καὶ
2988 4076 3138 4130 οὗτοι
3195 4074 3328 4140 τοὺς
3371 4080 3441 4151 τῇ
3473 4077 3567 4147 νέᾳ
3596 4075 3894 4156 προφητείᾳ

2241 4166 2316 4240 μή
2349 4167 2721 4241 προσέχοντας
2755 4188 2784 4216 ιι
2815 4164 3089 4240 ψυχικοὺς
3123 4187 3148 4218 ι
3205 4164 3492 4236 καλοῦσιν,
3523 4168 3665 4240 πρὸς
3725 4165 3818 4227 οὓς
3846 4164 3893 4219 ἐν

2233 4262 2352 4320 τοῖς
2382 4282 2409 4309 ι(
2444 4255 2572 4329 Περὶ
2604 4254 2942 4332 προφητείας
2977 4278 3004 4306 ››
3066 4252 3448 4328 διαλεξόμεθα.
3503 4256 3754 4332 Ἀγάπην
3808 4252 3891 4311 οὖν

2236 4346 2420 4402 ἀσκεῖν
2451 4348 2541 4401 τὸν
2566 4345 2780 4400 τέλειον
2815 4345 2954 4420 χρὴ.
2995 4343 3252 4400 κάνθένδε
3310 4343 3400 4400 ἐπὶ
3447 4347 3546 4413 τήν
3610 4347 3758 4410 θείαν
3813 4367 3894 4422 φι-

2239 4432 2360 4490 λίαν
2395 4431 2668 4505 σπεύδειν,
2703 4431 2774 4488 δι⁹
2805 4433 3018 4508 ἀγάπην
3043 4431 3364 4489 ἐκτελοῦντα
3383 4434 3479 4497 τὰς
3513 4432 3765 4498 ἐντολάς.
3824 4431 3893 4490 Τὸ

2240 4523 2298 4581 δὲ
2328 4524 2540 4599 ἀγαπᾷν
2571 4521 2698 4584 τοὺς
2726 4521 2962 4598 ἐχθροὺς
3010 4524 3110 4578 ούκ
3161 4523 3375 4598 ἀγαπᾷν
3408 4525 3470 4578 τὸ
3518 4524 3686 4579 κακὸν
3738 4522 3896 4598 λέγει,

2240 4611 2371 4669 ούδὶ
2400 4609 2674 4684 ἀσέϐειαν,
2705 4612 2740 4682 ἤ
2778 4611 3057 4687 μοιχείαν,
3089 4610 3126 4683 ἤ
3157 4610 3399 4686 κλοπὴν,
3452 4611 3600 4669 ἀλλά
3655 4613 3750 4669 τὸν
3781 4610 3892 4667 κλέ-

474 4703 696 4771 citiam,
739 4720 846 4774 per
875 4704 1229 4760 charitatem
1259 4705 1389 4776 ejus
1449 4705 1731 4761 mandata
1776 4723 2123 4777 exsequens.

2243 4725 2408 4774 πτην,
2439 4704 2527 4758 καὶ
2559 4703 2649 4757 τὸν
2682 4697 2878 4772 ἀσεϐῆ,
2914 4701 3004 4757 καὶ
3035 4704 3124 4759 τὸν
3163 4702 3389 4778 μοιχὸν,
3423 4702 3485 4758 οὐ
3533 4703 3673 4767 καθὸ
3731 4704 3897 4776 ἀμαρ-

475 4795 619 4848 Cum
679 4810 813 4848 vero
860 4793 1036 4864 jubet
1089 4793 1338 4865 diligere
1393 4795 1690 4863 inimicos,
1723 4812 1841 4851 non
1889 4795 2135 4869 diligere

479 4883 719 4953 quidem
753 4883 976 4938 malum
1001 4883 1307 4955 jubemur,
1342 4900 1535 4954 neque
1595 4883 1984 4957 impietatem,
2044 4886 2136 4941 vel

409 5029 412 5032 .
480 4972 863 5041 adulterium,
895 4973 986 5028 vel
1016 4973 1243 5027 furtum
1280 4989 1293 5038 ;
1327 4973 1432 5027 sed
1461 4973 1674 5042 furem,
1745 4981 1805 5031 et
1861 4976 2136 5048 impium,

480 5068 538 5118 et
567 5063 928 5129 adulterum,
982 5079 1102 5117 non
1162 5061 1404 5131 quidem
1445 5069 1739 5134 quatenus
1796 5071 2022 5137 peccat,
2081 5071 2141 5123 et

2246 4791 2635 4866 τάνει,καὶτῇ
2690 4796 2826 4862 ποιᾷ
2881 4790 3121 4868 ἐνεργείᾳ
3181 4789 3408 4864 μολύνει
3465 4792 3564 4861 τὴν
3616 4792 3898 4866 ἀνθρώπου

2247 4887 2644 4957 προσηγορίαν,
2704 4881 2823 4936 καθ’
2882 4881 2912 4936 ὅ
2971 4878 3030 4936 δὶ
3080 4878 3369 4957 ἅνθρωπός
3425 4880 3559 4955 ἐστι,
3607 4882 3703 4937 καὶ
3752 4876 3896 4958 ἔργον

2248 4978 2406 5030 Θεοῦ.
2468 4971 2696 5044 ’Λμέλει
2749 4971 2814 5027 τὸ
2865 4973 3193 5046 ἁμαρτάνειν
3245 4971 3486 5047 ἐνεργείᾳ
3553 4977 3752 5043 κιῖται,
3810 4971 3901 5024 οὐκ

2251 5062 2427 5136 οὐσίᾳ·
2463 5060 2548 5118 διὸ
2580 5060 2709 5118 οὐδὲ
2763 5057 2923 5138 ἔργον
2979 5067 3134 5122 Θεοῦ,
3179 5063 3408 5139 Ἐχθροὶ
3442 5059 3498 5117 δὲ
3556 5064 3608 5117 οἱ
3669 5059 3899 5137 ἁμαρτά-

545 5228 709 5304 ’11P.
734 5230 837 5304 eos
870 5227 984 5281 ED.
1025 5227 1322 5292 POTTER,
1363 5227 1602 5285 511131).
1646 5229 1875 5288 PARIS.
1910 5233 1984 5304 (α)
2017 5232 2123 5287 Phi

2233 5275 2235 5284 ι
2270 5248 2308 5300 ι,
2340 5234 2428 5301 29,
2456 5233 2526 5286 30
2560 5248 2573 5298 ;
2604 5249 2660 5300 n,
2696 5235 2746 5299 1,
2775 5235 2827 5297 2,
2868 5234 2951 5286 l7.
3027 5232 3102 5304 (ὁ)
3133 5231 3351 5302 Philip.
3377 5248 3415 5299 ι,
3450 5234 3500 5284 7.
3563 5231 3635 5300 (ο)
3690 5228 3895 5299 Philip.

475 5316 534 5367 ιι,
565 5302 653 5365 20,
687 5302 775 5353 ει.

475 5451 806 5578 spirituale,
841 5451 999 5523 quod
1042 5453 1305 5508 hmretici
1340 5452 1740 5520 afﬁrmabant,
1777 5471 1807 5508 e
1839 5456 1983 5510 cmlo
2055 5457 2127 5512 ad

475 5542 508 5578 a
552 5525 829 5578 olendam
854 5530 1106 5578 mortem
1139 5524 1521 5578 descendisse
1545 5531 1638 5578 :ut
1654 5525 1830 5578 paulo
1865 5530 2127 5578 sunerius

475 5542 508 5579 8.

552 5525 829 5599 ciendam
854 5530 1106 5580 mortem
1139 5524 1521 5581 descendisse
1545 5525 1830 5597 :utpaulo
1865 5530 2136 5599 superius

477 5596 625 5650 dixit
655 5602 877 5651 auctor.

554 5669 664 5743 (8'53).
694 5665 1095 5743 Σύμμετόχους
1119 5673 1218 5736 τῆς
1248 5667 1498 5743 χάριτος.
1533 5669 1793 5743 Respicit
1846 5670 2056 5743 Philip.
2093 5689 2132 5736 I,

482 5739 548 5820 ’7,Ι
569 5737 666 5790 ubi
695 5737 1011 5824 quSto'lﬁ'S
1043 5740 1126 5794 ait
1154 5757 1166 5795 :
1196 5737 1610 5813 Συγκοινιυνούς
1643 5737 1748 5813 μου
1770 5746 1870 5807 τῆς
1907 5737 2134 5815 χάριτος

481 5805 682 5865 πάντας
718 5805 854 5876 ὑμᾶς
888 5805 1066 5871 ὄντας.

555 5878 667 5944 (86)
717 5880 1048 5953 Συμψύχους
1109 5879 1206 5934 παὶ
1263 5882 1555 5958 ψυχικούς.
1614 5886 1732 5941 Vox
1779 5885 2134 5956 posteriora

2241 5457 2424 5529 priori
2456 5457 2530 5513 ab
2563 5462 2804 5513 auctore
2837 5457 3121 5531 infertur:
3154 5473 3294 5512 nam
3328 5454 3779 5531 adgrduxotes‘se
3802 5470 3899 5531 ne-

2245 5537 2499 5655 queunt,
2533 5531 2634 5600 qui
2669 5547 2791 5584 non
2823 5530 3005 5586 habet
3031 5529 3131 5596 τήν
3165 5530 3376 5602 ψυχήν,
3404 5528 3477 5586 ac
3510 5528 3765 5600 proinde
3808 5529 3896 5596 ψυο

2295 5601 2399 5653 ικοί
2432 5609 2592 5655 sunt.
2632 5603 2747 5655 Vox
2781 5603 2910 5655 insa
2940 5600 3172 5655 ὡυγικοί
3205 5603 3265 5655 in
3318 5603 3427 5655 hac
3481 5601 3740 5655 epistola
3787 5614 3895 5654 non

2295 5601 2399 5653 ικοί
2432 5609 2592 5658 sunt.
2632 5603 2747 5657 Vox
2781 5603 2910 5674 ipsa
2940 5600 3282 5676 ψυχικοίίῐι
3318 5603 3427 5658 hac
3481 5601 3740 5675 epistola
3787 5614 3895 5654 non

2245 5676 2522 5730 occurrit.

2463 5745 2539 5798 Τά
2573 5746 2753 5813 Ἰησοῦ
2815 5747 3072 5819 Χριστοῦ.
3133 5744 3210 5800 Τὰ
3264 5747 3362 5798 τοῦ
3405 5742 3644 5820 Χριστοῦ
3706 5744 3896 5812 Ἰησοῦ,

2244 5816 2458 5887 Philip.
