4138 6390
358 431 493 488 1301

1696 433 2147 490 ΒΤΒΟΜΔΤΠΜ
2184 436 2319 488 LIB.
2361 436 2453 490 IV.

3654 443 3794 499 1302

353 581 538 623 νοντες
572 557 819 636 εἷ’ρηνται
849 564 1006 628 Θεοῦ,
1040 561 1091 614 οἱ
1118 559 1310 634 ἐχθροὶ
1345 557 1414 628 δὴ
1461 564 1570 615 τῶν
1635 559 1896 633 ἐντολῶν,
1929 563 2005 624 αἷς

2133 564 2389 635 quadam
2416 565 2646 620 actione
2692 567 2952 622 humano
3003 569 3235 622 nomini
3277 569 3537 626 dedecus
3590 573 3788 641 infert,

357 648 501 724 μηδὲ
537 651 902 720 ὑπακηκόασι,
935 650 1222 726 γενόμενοι
1258 649 1439 726 ὥσπερ
1489 647 1645 728 φίλοι
1696 652 1749 705 οἱ
1809 652 2018 721 ὑπακη-

354 741 565 812 κοότες,
599 743 650 797 οἱ
684 742 779 815 μὲν
816 739 905 796 διὰ
933 743 1033 810 τήν
1068 739 1365 810 οἰκείωσιν,
1401 742 1457 794 οἱ
1491 738 1548 795 δὲ
1579 737 1670 795 διὰ
1709 741 1808 809 τὴν
1840 740 2020 797 ἀπαλ-

357 830 652 907 λοτρίωσιν
709 832 809 900 τήν
867 829 928 886 ἐκ
983 831 1359 907 προαιρέσεως
1434 833 1964 906 προσαγορευθέντες
1999 851 2012 864 ·

355 921 509 986 οὐθὲν
551 921 653 997 γὰρ
684 922 719 990 ἡ
771 917 944 996 ἔχθρα
992 917 1109 976 οὐδ’
1138 923 1174 990 ἡ
1205 919 1447 996 ἁμαρτία
1504 917 1628 975 ἄνευ
1665 925 1766 975 τοῦ
1813 921 2016 996 ἐχθροῦ

351 1013 444 1066 καὶ
472 1015 569 1066 τοῦ
601 1010 1031 1088 ἁμαρτάνοντος·
1077 1011 1164 1066 καὶ
1218 1035 1247 1063 ‹‹
1277 1011 1340 1065 τὸ
1375 1008 1609 1083 μηδενὸς
1643 1009 1950 1083 ἐπιθυμεῖν,
1990 1036 2010 1059 υ

354 1099 464 1177 οὐχ
493 1101 569 1164 ὡς
600 1099 908 1174 ἀλλοτρίων
948 1104 1058 1156 τῶν
1100 1099 1455 1174 ἐπιθυμητῶν
1489 1097 1686 1169 ὄντων,
1717 1099 1886 1163 πόθον
1936 1101 2011 1173 μὴ

351 1187 499 1268 ἔχειν
552 1188 815 1261 διδάσκει,
867 1192 1107 1266 καθάπερ
1153 1189 1518 1268 ὑπειλήφασιν
1553 1191 1605 1244 οἱ
1633 1189 1726 1245 τὸν
1784 1190 2011 1260 Κτίστην

352 1279 526 1337 ἄλλον
584 1281 717 1338 εἶναι
773 1281 920 1357 παρᾶ
966 1281 1059 1336 τὸν
1110 1284 1329 1355 πρῶτον
1377 1287 1508 1335 Θεον
1568 1278 2010 1356 δογματίζοντες’

351 1369 468 1436 οὐθ’
493 1371 567 1434 ὡς
595 1365 998 1447 ἐϐδελυγμένης
1026 1370 1116 1426 καὶ
1165 1376 1339 1440 κακῆς
1373 1366 1538 1439 οὔσης
1595 1377 1694 1439 τῆς
1753 1371 2016 1443 γενέσεως

348 1463 520 1536 (ἄθεοι
552 1461 656 1536 γὰρ
707 1462 763 1514 αἱ
815 1457 963 1531 δόξαι
1017 1458 1222 1532 αὗται)’
1287 1482 1308 1536 _¢
1363 1457 1631 1534 ἀλλότρια
1662 1483 1689 1511 ››
1743 1456 1800 1513 δὲ
1848 1461 2014 1530 ἡμεῖς

349 1571 524 1630 φαμεν
549 1550 617 1606 τὰ
640 1553 737 1605 τοῦ
768 1549 1006 1624 κόσμου,
1037 1550 1144 1625 οὐχ
1175 1549 1250 1612 ὡς
1283 1550 1480 1616 ἄτοπα,
1514 1546 1628 1604 οὐδ’
1660 1549 1733 1610 ὡς
1755 1548 1884 1624 οὐχὶ
1915 1547 2011 1603 τοῦ

350 1646 484 1698 Θεοῦ
511 1645 610 1696 τοῦ
640 1638 854 1696 πάντων
897 1640 1120 1712 Κυρίου,
1169 1639 1294 1695 ἀλλ’
1343 1637 1530 1707 ἐπειδὴ
1587 1641 1663 1712 μὴ
1715 1639 2012 1712 καταμενο-

354 1753 449 1806 μεν
481 1730 534 1786 ἐν
583 1731 768 1793 αὐτοῖς
815 1730 906 1784 τὸν
957 1728 1131 1784 πάντα
1176 1729 1366 1784 αἰῶνα·
1419 1730 1605 1799 κτήσει
1658 1725 1786 1783 ὄντα
1834 1728 2010 1784 ἀλλό-

347 1842 495 1896 τρια,
524 1822 610 1876 καὶ
645 1825 753 1876 τῶν
808 1821 948 1875 κατᾶ
991 1817 1266 1895 διαδοχὴν
1325 1820 1664 1894 ὑπάρχοντα³
1717 1821 1914 1895 χρήσει
1951 1816 2009 1873 δὲ

347 1912 576 1972 ἑκάστου
620 1914 780 1985 ἡμῶν
840 1907 978 1980 ἴδια,
1010 1907 1079 1964 δι’
1141 1908 1232 1972 οὓς
1287 1909 1376 1964 καὶ
1431 1909 1660 1984 ἐγένετο’
1719 1909 1866 1979 πλὴν
1928 1908 2006 1982 ἐφ’

348 2003 473 2057 ὅσον
519 2004 632 2076 (88)
685 2022 745 2076 γε
794 2001 977 2062 αὐτοῖς
1033 2001 1324 2075 ἀναγκαῖον
1380 2003 1793 2074 συμπαρεῖναι.
1855 2000 2004 2055 Κατᾶ

345 2093 578 2171 φυσικήν
636 2092 820 2147 τοίνυν
881 2088 1052 2166 ὄρεξιν
1114 2089 1384 2166 χρηστέον
1439 2093 1553 2150 τοῖς
1602 2087 2004 2161 κεκυ›λυμὲνοις

333 2170 553 2251 καλῶς,
585 2188 759 2236 πᾶσαν
809 2181 1216 2255 ὑπερὲκπτωσιν
1267 2178 1357 2234 καὶ
1416 2179 1754 2251 συμπάθειαν
1803 2197 2004 2248 παραι-

343 2273 669 2345 τουμένους.

2133 654 2236 710 sed
2270 659 2565 725 quatenus
2587 660 2678 709 est
2711 657 2886 710 homo
2919 662 2977 711 et
3007 674 3154 728 opus
3189 659 3313 712 Dei.
3349 661 3601 718 Peccare
3633 669 3792 720 certe

2131 744 2287 799 inter
2299 745 2565 800 actiones
2583 746 2845 816 ponitur,
2867 763 2988 801 non
3009 747 3166 802 inter
3179 748 3564 819 substantias,
3579 769 3793 823 quam-

2131 833 2336 888 obrem
2380 851 2490 889 nec
2533 836 2635 889 Dei
2679 841 2768 890 est
2807 853 2976 907 opus.
3004 837 3106 892 Dei
3145 844 3346 893 autem
3382 839 3609 897 inimici
3645 844 3788 900 dicti

2133 928 2271 976 sunt
2303 926 2773 996 peccatores,qui
2795 927 3172 982 suntinimici
3190 928 3626 1000 mandatorum,
3659 935 3794 1004 qui-

2130 1012 2239 1067 bus
2255 1030 2372 1067 non
2397 1013 3054 1082 obediunt,sicutamici
3081 1023 3238 1088 sunt,
3255 1019 3356 1088 qui
3375 1018 3698 1091 obediunt;
3726 1023 3786 1078 hi

2131 1104 2371 1174 quidem
2387 1112 2628 1177 propter
2639 1107 3130 1178 conjunctionem
3143 1109 3230 1163 illi
3246 1126 3381 1165 vero
3395 1118 3638 1184 propter
3650 1113 3792 1170 alie-

2129 1195 2734 1264 nationem,exlibero
2749 1198 2932 1252 animi
2946 1198 3191 1253 arbitrio
3210 1199 3557 1270 profectam,
3578 1204 3784 1275 appel-

2128 1283 2418 1340 lati.Niliil
2436 1287 2598 1340 enim
2617 1287 3100 1343 suntinimicitiaa
3113 1305 3311 1359 neque
3325 1293 3790 1362 peccatum,abs-

2128 1393 2244 1446 que
2277 1377 2518 1432 inimico
2545 1383 2604 1431 et
2624 1383 2953 1449 peccatore.
2987 1379 3142 1435 Illud
3165 1386 3365 1436 autem
3394 1389 3782 1456 praceptum,

2127 1481 2243 1535 quo
2266 1465 2550 1535 jubemur
2579 1489 2604 1515 ‹‹
2643 1467 2728 1522 nil
2759 1468 3204 1539 concupiscere,
3240 1493 3266 1519 ››
3317 1487 3438 1526 non
3487 1479 3644 1529 vetat
3671 1492 3782 1531 nos

2127 1556 2528 1626 qualicunque
2561 1557 2858 1612 desiderio
2913 1558 3091 1626 afﬁci,
3124 1576 3191 1614 ac
3240 1560 3286 1615 si
3346 1561 3543 1617 aliena
3582 1571 3788 1620 essent

2127 1662 2499 1716 quaecunque
2529 1652 2667 1702 sunt
2687 1647 3130 1713 desiderabilia,
3156 1655 3220 1704 ut
3242 1651 3660 1708 existimarunt
3680 1656 3782 1727 qui

2123 1735 2462 1789 Creatorem
2503 1735 2686 1790 alium
2734 1753 2864 1791 esse
2895 1755 2929 1792 a
2962 1738 3154 1808 primo
3187 1740 3304 1794 Deo
3337 1745 3642 1810 statuunt;
3676 1760 3784 1800 ne-

2125 1839 2238 1894 que
2273 1829 2555 1895 tanquam
2580 1826 2707 1896 ipsa
2729 1827 3031 1898 generatio
3061 1827 3136 1881 sit
3155 1829 3314 1883 mala
3337 1834 3394 1883 et
3420 1834 3784 1889 exsecranda

2123 1913 2286 1984 (sunt
2317 1913 2477 1968 enim
2515 1913 2710 1986 impias
2759 1915 3104 1987 hujusmodi
3129 1917 3499 1990 Opiniones);
3535 1921 3637 1975 sed
3669 1939 3780 1978 nos

2117 2018 2213 2057 res
2237 2002 2416 2074 hujus
2437 2003 2646 2058 mundi
2665 2026 2692 2052 ‹‹
2718 2004 2993 2060 alienas»
3023 2021 3151 2060 esse
3167 2005 3441 2074 dicimus,
3472 2025 3592 2064 non
3617 2012 3776 2083 quod

2114 2091 2530 2146 sintabsurdm
2577 2110 2643 2148 ac
2703 2100 2925 2166 turpes,
2972 2101 3073 2150 aut
3103 2096 3260 2167 quod
3292 2097 3367 2152 ad
3418 2099 3602 2154 Deum
3661 2102 3775 2155 Do-

2113 2182 2344 2236 minum
2378 2184 2789 2239 universorum
2813 2202 2934 2239 non
2966 2185 3327 2256 pertineant,
3353 2187 3456 2242 sed
3489 2190 3772 2260 quoniam

2113 2270 2174 2324 in
2209 2271 2294 2325 eis
2328 2289 2449 2326 non
2498 2289 2921 2344 permanemus
2955 2275 3015 2328 in
3047 2292 3224 2331 omne
3275 2277 3584 2346 saeculum,
3637 2296 3771 2334 cum

329 2362 544 2436 quoad
576 2363 1018 2435 possessionem
1051 2363 1171 2417 sint
1202 2361 1418 2428 aliena,
1452 2364 1510 2415 et
1540 2358 1987 2414 successoribus
2017 2360 2240 2415 nostris
2273 2361 2579 2430 tradenda,
2615 2363 2812 2434 quoad
2850 2380 3023 2419 usum
3066 2382 3200 2420 vero
3235 2366 3354 2421 sint
3382 2368 3776 2441 uniuscujus-

329 2467 462 2525 _que
492 2457 763 2507 nostrum
795 2452 1054 2522 propria,
1089 2456 1331 2522 pr0pter
1361 2466 1503 2521 quos
1537 2448 1718 2503 etiam
1749 2448 1903 2503 facta
1930 2453 2113 2511 sunt;
2145 2449 2247 2504 sed
2281 2455 2478 2505 tamen
2502 2457 2769 2519 eatenus,
2796 2458 3088 2524 quatenus
3111 2471 3231 2508 una
3260 2471 3394 2509 cum
3426 2455 3478 2509 ei
3510 2473 3639 2511 esse
3669 2474 3774 2512 no-

346 2541 440 2597 bis
472 2557 716 2597 necesse
751 2546 858 2596 est.
891 2541 1078 2611 Igitur
1107 2540 1529 2596 convenienter
1583 2537 1844 2594 naturali
1904 2537 2255 2608 appetitioni
2315 2545 2473 2593 recte
2531 2540 2819 2595 utendum
2852 2546 2942 2595 est
2971 2541 3064 2606 iis,
3100 2560 3231 2613 qua:
3265 2548 3403 2598 sunt
3455 2545 3776 2616 prohibita,

343 2637 619 2687 caventes
649 2647 726 2686 ne
756 2630 1000 2685 modum
1033 2628 1408 2697 excedamus,
1445 2633 1502 2684 et
1534 2643 1712 2700 supra
1733 2643 1910 2698 quam
1942 2644 2051 2698 par
2078 2631 2168 2680 est
2199 2625 2259 2681 in
2288 2643 2356 2682 ea
2384 2627 2737 2685 afﬁciamur.

1846 2797 2080 2852 CAPUT
2129 2796 2274 2851 XIV.

1410 2909 1487 2962 De
1516 2907 1810 2962 dilectione
1841 2907 2104 2973 omnium,
2138 2906 2306 2959 etiam
2335 2905 2706 2962 inimicorum.

411 3058 550 3125 Ὅση
609 3053 701 3108 καὶ
761 3049 1128 3126 χρηστότηςς
1189 3074 1216 3102 ‹‹
1253 3049 1525 3126 Ἀγαπᾶτε
1579 3047 1708 3110 τοὺς
1764 3045 1999 3123 ἐχθροὺς

344 3146 500 3219 ὑμῶν
537 3189 550 3213 ,
604 3166 632 3196 »
695 3141 866 3217 λέγει·
927 3167 952 3192 ‹‹
1013 3139 1294 3216 εὐλογεῖτε
1374 3137 1502 3200 τοὺς
1585 3138 2004 3213 καταρωμένους

343 3236 484 3310 ὑμᾶς
516 3238 648 3306 (89)·
681 3232 770 3288 καὶ
821 3229 1195 3306 προσεύχεσθε
1252 3230 1384 3302 ὑπὲρ
1431 3232 1540 3282 τῶν
1589 3227 2000 3304 ἐπηρεαζόντων

343 3324 495 3398 ὑμῖν,
527 3348 554 3374 ››
585 3323 674 3378 καὶ
727 3323 794 3377 τὰ
853 3321 1040 3394 ὅμοια·
1105 3322 1188 3381 οἷς
1244 3318 1627 3394 προστίθησινδ
1689 3342 1709 3368 ι
1743 3319 1862 3374 Ἵνα
1915 3315 2002 3391 γέ-

2183 3048 2365 3102 Porro
2389 3051 2587 3102 autem
2611 3054 2833 3119 quanta
2855 3054 2945 3104 est
2965 3050 3144 3105 etiam
3169 3051 3504 3124 benignitas
3526 3051 3554 3106 ?
3571 3073 3600 3101 «
3635 3052 3772 3106 Dili-

2113 3136 2251 3209 gite,
2281 3160 2300 3185 ι
2331 3137 2545 3208 inquit,
2568 3159 2597 3187 «
2628 3137 2906 3194 inimicos
2929 3146 3174 3196 vestros.
3201 3141 3542 3197 Benedicite
3569 3141 3641 3197 iis
3671 3143 3773 3213 qui

2113 3243 2214 3280 vos
2243 3232 2647 3294 exsecrantur,
2685 3233 2743 3282 et
2775 3234 2938 3284 orate
2967 3247 3072 3300 pro
3098 3231 3204 3297 eis,
3239 3231 3336 3302 qui
3365 3248 3465 3286 vos
3503 3230 3777 3287 afficiunt

2116 3318 2498 3374 contumeliis
2514 3322 2606 3389 (α),
2627 3341 2650 3370 ι
2669 3320 2979 3375 etsimilia.
2997 3320 3222 3385 Quibus
3244 3322 3480 3393 adjicit:
3500 3344 3527 3372 «
3551 3323 3622 3377 Ut
3644 3322 3774 3377 sitis

341 3425 504 3484 νησθε
535 3411 644 3468 υἱοὶ
676 3415 772 3466 τοῦ
804 3411 1014 3483 ΙΙατρὸς
1049 3409 1201 3482 ὑμῶν
1239 3412 1336 3464 τοῦ
1395 3407 1446 3462 ἐν
1493 3413 1610 3469 τοῖς
1665 3406 1937 3483 οὐρανοῖς·
1976 3432 2002 3458 ››

2123 3407 2348 3464 similes
2374 3408 2564 3464 Patris
2597 3409 2795 3475 vestri,
2820 3410 2919 3479 qui
2953 3414 3042 3464 est
3067 3411 3126 3464 in
3175 3411 3338 3465 cmlis
3369 3411 3485 3480 (b);
3522 3432 3549 3459 »
3581 3411 3773 3483 signi-

342 3504 440 3572 τὴν
474 3501 801 3575 ἐξομοίωσιν
861 3501 958 3568 τήν
1018 3499 1153 3574 πρὸς
1207 3499 1335 3554 Θεὸν
1384 3496 1780 3569 αἰνισσόμενος.
1830 3494 2001 3554 Πάλιν

345 3591 391 3649 δ’
423 3593 486 3647 αὗ
517 3609 704 3671 φησιν’
739 3614 768 3642 ‹‹
801 3595 939 3653 Ἴσθι
998 3588 1198 3643 εὐνοῶν
1249 3591 1329 3658 τῷ
1387 3583 1646 3658 ἀντιδίκῳ
1694 3607 1789 3641 σου
1838 3585 2002 3661 ταχὺ,

343 3680 448 3745 ἓως
482 3681 610 3736 ὅτου
643 3681 692 3735 εἴ
743 3679 794 3734 ἐν
853 3681 921 3751 τῇ
954 3674 1066 3750 ὁδῷ
1129 3677 1244 3750 μετ’
1297 3675 1483 3734 αὐτοῦ.
1537 3672 1845 3736 Ἀντίδικος
1875 3698 1903 3727 »
1948 3672 2006 3730 δὲ

351 3771 412 3828 οὐ
444 3771 506 3827 τὸ
539 3775 721 3844 σῶμα,
754 3767 828 3831 ὥς
858 3789 1001 3829 τινες
1037 3765 1356 3844 βούλονται,
1390 3764 1516 3822 ἀλλ’
1549 3767 1578 3822 6
1609 3761 1874 3828 διάϐολος
1912 3766 2000 3820 καὶ

351 3862 404 3918 οἱ
460 3860 638 3934 τούτῳ
695 3858 1139 3933 ἐξομοιούμενοι,
1175 3858 1202 3912 6
1262 3853 1622 3912 «συνοδεύων
1679 3877 1704 3910 ι
1763 3858 1900 3928 ἡμῖν
1935 3853 2007 3910 δι’

351 3951 653 4026 ἀνθρώπων
679 3953 788 4004 τῶν
818 3946 1130 4019 ξηλοῦντων
1163 3947 1230 4001 τὰ
1268 3943 1396 4022 ἔργα
1449 3946 1617 4001 αὐτοῦ
1648 3944 1702 4000 ἐν
1755 3949 1836 4017 τῷ
1886 3945 2004 4000 ἐπι-

348 4040 482 4117 γείῳ
510 4037 652 4111 τῷδε
685 4039 808 4114 βίῳ.
845 4037 969 4112 Οὐχ
999 4036 1113 4092 οἶόν
1143 4058 1202 4091 τε
1233 4036 1323 4090 οὗν
1363 4037 1438 4108 μή
1463 4040 1652 4098 παθεῖν
1682 4034 1748 4089 τᾶ
1779 4028 2005 4108 ἔχθιστα

343 4129 471 4191 τοὺς
503 4125 919 4202 ὁμολογοῦντας
955 4127 1051 4199 μὶν
1084 4125 1306 4186 ἑαυτοὺς
1356 4125 1490 4178 εἶναι
1546 4127 1666 4187 τοῖς
1719 4127 1820 4178 τοῦ
1873 4128 2007 4195 Χρι-

345 4222 478 4274 στῠῦ
509 4221 640 4294 (90),
674 4216 725 4271 ἐν
765 4213 822 4270 δὲ
850 4221 966 4277 τοῖς
994 4219 1090 4270 τοῦ
1123 4209 1387 4270 διαϐόλου
1417 4213 1884 4288 καταγινομένους
1913 4206 2004 4285 ἔρ-

345 4329 468 4384 γοις
504 4326 517 4341 ⁸
575 4307 877 4382 γέγραπται
934 4303 1054 4380 γάρ·
1121 4328 1148 4356 ‹‹
1181 4304 1275 4373 Μή
1335 4322 1468 4358 ποτε
1525 4297 1753 4377 παραδῷ
1813 4321 1869 4356 σε
1922 4299 2003 4372 τῷ

345 4399 532 4473 κριτῇ,
568 4419 591 4448 in
628 4397 655 4450 6
687 4395 880 4471 κριτὴς
911 4392 969 4448 δὲ
996 4396 1109 4463 (91)
1139 4391 1219 4466 τῷ
1269 4390 1510 4468 ὑπηρέτῃ
1549 4395 1650 4457 τῆς
1678 4390 1859 4466 ἀρχῆς
1907 4396 2004 4447 τοῦ

347 4481 652 4543 διαϐόλου.
715 4509 744 4536 ‹‹
777 4485 1082 4558 Πὲπεισμαι
1133 4483 1257 4557 γὰρ,
1317 4479 1400 4536 δτι
1456 4478 1582 4536 οὕτε
1639 4482 1888 4548 θάνατος,
1925 4483 2003 4537 »ὁ

345 4576 465 4632 κατ’
495 4574 760 4652 ἐπιφορὰν
789 4578 896 4629 τῶν
932 4570 1268 4628 διωκόντων
1335 4595 1358 4626 α
1393 4567 1518 4626 οὔτε
1551 4571 1689 4642 ζωὴ,
1719 4597 1740 4625 ι
1789 4573 1824 4640 ὴ
1869 4572 2007 4626 κατὰ

344 4665 438 4722 τὸν
495 4666 613 4742 βίον
672 4667 896 4720 τοῦτον·
959 4688 986 4715 ‹‹
1021 4660 1146 4718 οὕτε
1201 4659 1449 4738 ἄγγελοι,
1481 4685 1508 4712 ››
1569 4661 1621 4715 οἱ
1680 4660 2002 4717 ἀποστάταιο

345 4781 374 4808 ‹‹
404 4752 528 4811 οὔτε
557 4753 746 4830 ἀρχαί·
783 4777 811 4807 ››
856 4753 1002 4829 ἀρχή
1058 4751 1116 4808 δὲ
1166 4757 1246 4825 τῷ
1299 4757 1533 4824 Σατανᾷ,
1565 4752 1593 4806 6
1629 4752 1752 4828 βίος
1803 4752 1862 4806 ’ὸν
1919 4750 2003 4807 ε’ί-

347 4843 494 4901 λετο·
529 4848 776 4900 τοιαῦται
813 4845 921 4917 (92)
951 4843 1054 4920 γὰρ
1091 4843 1146 4897 αἱ
1177 4845 1294 4897 κατ’
1357 4841 1516 4897 αὐτὸν
1577 4841 1748 4917 ἀρχαί
1802 4863 1860 4897 τε
1913 4842 2004 4897 καὶ

2120 3499 2304 3553 ﬁcans
2328 3513 2480 3566 eam,
2506 3514 2636 3568 quae
2657 3499 2843 3554 Deum
2865 3499 3064 3566 refert,
3088 3501 3603 3555 assimilationem.
3626 3503 3775 3556 Rur-

2120 3605 2220 3643 sus
2256 3593 2454 3642 autem
2500 3588 2697 3660 inquit
2729 3604 2742 3641 :
2771 3611 2798 3639 «
2831 3589 2922 3644 Sis
2965 3590 3080 3644 cito
3111 3589 3434 3645 benevolus
3492 3590 3774 3646 adversa-

2118 3679 2207 3733 rio
2241 3683 2363 3744 tuo,
2398 3677 2588 3732 donec
2618 3694 2680 3732 es
2712 3677 2772 3732 in
2806 3679 2899 3733 via
2925 3696 3056 3734 cum
3100 3680 3288 3750 ipso.»
3320 3711 3388 3720 —
3420 3701 3448 3730 ‹‹
3481 3680 3774 3737 Adversa-

2119 3768 2244 3822 rius
2275 3790 2302 3817 »
2338 3773 2537 3822 autem
2593 3783 2714 3822 non
2767 3773 2858 3823 est
2909 3785 3145 3840 corpus,
3173 3774 3239 3824 ut
3270 3770 3514 3840 quidam
3547 3771 3773 3840 volunt,

2121 3858 2224 3914 sed
2243 3858 2536 3927 diabolus,
2557 3863 2614 3913 et
2635 3859 2734 3929 qui
2760 3859 2811 3913 ei
2831 3859 3242 3915 assimilantur
3267 3878 3280 3927 ;
3302 3863 3401 3932 qui
3426 3879 3544 3917 una
3567 3863 3775 3918 nobis-

2119 3965 2255 4002 cum
2289 3971 2314 3997 «
2351 3947 2410 4001 in
2443 3947 2536 4001 via
2564 3968 2592 3996 »
2628 3947 2980 4019 ingreditur,
3021 3964 3127 4019 per
3170 3949 3464 4018 homines,
3493 3951 3596 4020 qui
3646 3952 3774 4023 ejus

2117 4037 2272 4092 facta
2301 4037 2612 4092 imitantur
2641 4037 2701 4090 in
2734 4038 2844 4091 hac
2873 4039 2991 4092 vita
3013 4043 3266 4092 terrena.
3300 4039 3452 4093 Fieri
3484 4056 3620 4112 ergo
3652 4057 3771 4094 non

2117 4131 2332 4198 potest,
2358 4131 2424 4181 ut
2453 4143 2573 4181 non
2630 4127 2936 4198 patiantur
2962 4127 3025 4190 ’Β
3064 4127 3505 4196 inimicissima,
3540 4131 3642 4201 qui
3703 4149 3764 4186 se

2119 4217 2180 4270 in
2213 4215 2428 4270 Christi
2463 4215 2704 4287 quidem
2732 4232 2860 4271 esse
2897 4217 3278 4285 conﬁtentur,
3313 4219 3374 4273 in
3409 4218 3629 4273 diaboli
3661 4237 3772 4276 au-

2118 4311 2238 4360 tem
2272 4310 2582 4361 versantur
2612 4305 2912 4377 operibus.
2949 4307 3242 4378 Scriptum
3277 4311 3367 4362 est
3396 4308 3557 4362 enim
3585 4325 3597 4362 :
3632 4330 3660 4359 «
3694 4311 3774 4364 Ne

2117 4393 2268 4450 forte
2301 4401 2356 4449 te
2391 4394 2583 4450 tradat
2608 4394 2821 4466 judici,
2846 4395 3031 4465 judex
3059 4400 3258 4450 autem
3289 4397 3565 4452 ministro
3602 4419 3628 4447 »
3662 4398 3777 4453 im-

2117 4485 2266 4556 perii
2291 4483 2534 4539 diaboli.
2565 4507 2584 4532 ι
2612 4486 2971 4540 Persuasum
2999 4485 3156 4540 enim
3181 4485 3568 4558 habeo,quod
3581 4503 3777 4559 neque

2119 4591 2301 4641 mors,
2335 4591 2514 4646 quam
2547 4576 2807 4629 aﬂ'erunt
2836 4575 2874 4628 ii
2907 4575 3008 4645 qui
3054 4582 3503 4646 persequuntur
3535 4594 3549 4644 ;
3608 4600 3633 4626 «
3666 4594 3777 4633 ne-

2119 4681 2233 4736 que
2260 4665 2397 4731 vita,
2429 4685 2456 4716 ι
2487 4681 2642 4736 qua),
2670 4665 2766 4719 hic
2796 4664 3030 4737 agitur;
3063 4687 3092 4714 «
3127 4682 3323 4736 neque
3369 4667 3588 4739 angeli,
3622 4689 3651 4717 »
3675 4669 3777 4739 qui

2117 4754 2487 4823 defecerunt,
2525 4777 2545 4803 ι
2584 4770 2777 4825 neque
2810 4753 3182 4826 principatus
3212 4778 3240 4807 »
3287 4756 3520 4812 Satana)
3577 4762 3777 4814 autem

2115 4845 2486 4917 principatus
2520 4849 2611 4899 est
2626 4845 2762 4914 vita,
2797 4861 2976 4916 quam
2998 4843 3198 4918 eligit:
3233 4845 3381 4902 tales
3413 4847 3592 4902 emim
3612 4852 3777 4912 sunt,

415 4999 477 5064 -x<
497 5001 560 5055 P.
591 5001 694 5054 606
724 4998 837 5053 ΕΙ).
870 4997 1164 5066 POTTER,
1198 4952 1442 5053 512.131).
1477 4997 1705 5052 PARIS.
1765 4997 1840 5069 (a)
1873 4998 2005 5052 Matt

2123 5015 2159 5066 ν,
2192 4999 2281 5066 44,
2311 4998 2401 5053 45.
2433 4997 2510 5070 (b)
2539 4996 2688 5052 Ibid.
2717 4998 2806 5054 24.

419 5153 527 5228 (88)
560 5149 676 5228 Ἐφ’
708 5150 856 5204 ὅσον.
877 5151 1010 5228 ⁸Ηορ
1038 5155 1147 5217 est,
1181 5171 1209 5198 ‹‹
1244 5149 1595 5228 quantisper
1625 5150 1845 5228 versari
1899 5167 2008 5206 nos

346 5227 410 5282 in
440 5222 551 5281 hac
579 5222 695 5279 vita
729 5222 1040 5295 contingit,
1076 5245 1096 5269 ι
1151 5238 1272 5276 non
1330 5239 1487 5290 vero,
1540 5227 1606 5276 ut
1662 5223 1839 5293 paulo
1872 5229 2009 5278 ante

345 5299 594 5363 dictum,
626 5295 702 5356 εἷς
726 5294 898 5348 πάντα
930 5291 1124 5348 αἰῶνα.

418 5370 533 5440 (89)
560 5361 749 5440 Ὑμᾷς.
803 5366 982 5424 Addit
1013 5365 1321 5440 Matthzeus
1375 5361 1560 5425 καλῶς
1605 5368 1824 5440 ,ποιεῖτε
1879 5364 2006 5440 τούς

349 5436 655 5513 μισοῦντας,
677 5439 841 5513 ὑμᾶς,
875 5456 1006 5510 qua:
1037 5438 1286 5513 fortasse
1320 5443 1564 5513 propter
1598 5437 1737 5513 ὑμᾶς
1790 5436 2008 5513 repeti-

347 5510 494 5585 tum,
520 5529 624 5585 per
644 5510 1026 5585 librariorum
1045 5510 1466 5585 negligentiam
1485 5511 1853 5585 exciderunt.
1880 5512 2007 5563 Mox

347 5581 773 5658 ἐπηρεαζόντων-
804 5583 957 5658 ὑμῖν,
1005 5581 1304 5658 Matth_.v;
1354 5581 1515 5658 dein.
1566 5581 1718 5658 ὅπως
1761 5581 2003 5655 γένησθε·

350 5665 409 5713 et
440 5652 598 5717 mox,
628 5658 724 5710 τοῦ
755 5652 806 5710 ἐν
843 5652 1117 5728 οὐρανοῖς,
1150 5653 1374 5725 absque
1407 5654 1680 5728 articulo.

422 5733 531 5799 (90)
589 5732 714 5788 Τοῖς
769 5730 867 5781 τοῦ
912 5725 1162 5796 ’Χριστοῦ
1199 5770 1210 5781 .
1304 5726 1541 5781 Rectius
1627 5725 1678 5778 ἐν
1737 5729 1855 5785 τοῖς
1911 5727 2007 5778 τοῦ

351 5800 589 5874 Χριστοῦ
619 5816 755 5857 cum
779 5799 1080 5925 prmposit.
1115 5799 1176 5855 in
1209 5814 1332 5869 seq.
1358 5799 1627 5854 membro
1659 5799 1934 5855 SYLBURG.

423 5873 532 5925 (91)
563 5871 626 5925 ’0
656 5891 850 5925 κοιττις
881 5867 909 5925 δ
945 5915 958 5925 .
995 5869 1092 5924 Καὶ
1126 5869 1154 5924 6
1183 5870 1401 5925 κριτής.
1433 5872 1634 5925 Matth.

423 5873 532 5945 (91)
563 5871 626 5930 Ὀ
656 5867 850 5946 κριτῆς
881 5867 958 5929 δ’ἐ.
995 5869 1092 5924 Καὶ
1126 5869 1154 5924 6
1183 5867 1401 5945 κριτής,
1433 5872 1634 5927 Matth.

2191 5148 2305 5220 (92)
2335 5150 2615 5220 Τοιαῦται,
2647 5150 2799 5206 Ante
2842 5151 2997 5206 hanc
3053 5167 3251 5206 vocem
3287 5152 3352 5205 A.
3387 5149 3773 5205 inserendum

2118 5216 2309 5303 putat,
2343 5216 2771 5303 οὕτε-δυνάμεις
2807 5222 3024 5303 deinde
3056 5229 3192 5278 ante
3224 5223 3299 5281 ὡς
3329 5225 3426 5303 τοῦ
3461 5220 3554 5303 μεν
3588 5240 3773 5296 στρατ,

2119 5289 2764 5366 ἱηίθνερῐυθηόυηι,ὀῦτε
2793 5293 2858 5347 τὰ
2893 5291 3190 5366 μέλλοντα·
3213 5300 3276 5347 ut
3306 5289 3556 5364 singulis
3587 5289 3774 5349 mem-

2117 5365 2241 5438 bris
2275 5381 2380 5420 sua
2412 5365 2772 5438 respondeat
2793 5367 2963 5438 ratio.
2994 5366 3200 5438 Prima;
3233 5371 3432 5419 tamen
3460 5366 3773 5438 insertioni

2118 5437 2314 5492 obstat
2343 5435 2653 5492 relativum
2699 5435 2884 5501 αὐτόν,
2921 5437 3077 5508 quod
3136 5455 3170 5492 a
3228 5454 3334 5492 suo
3387 5436 3776 5492 antecedente

2120 5508 2374 5564 discludi
2409 5527 2528 5564 non
2555 5516 2765 5581 potest.
2803 5512 2917 5564 Nec
2939 5509 3126 5564 altera
3147 5526 3336 5579 usque
3361 5509 3506 5581 adeo
3530 5525 3778 5564 necesa-

2119 5581 2208 5635 ria
2237 5588 2366 5644 est;
2400 5599 2532 5636 cum
2557 5580 2741 5635 fmiliti
2778 5597 2964 5651 spem,
2991 5587 3047 5635 et
3076 5581 3390 5636 mercatori
3424 5580 3678 5647 lucrum,
3713 5582 3774 5636 in

2120 5653 2228 5708 hac
2263 5653 2398 5711 vita.
2431 5661 2714 5723 tanquam
2764 5653 3104 5722 prasseutia,
3152 5654 3454 5724 proposita
3487 5671 3616 5708 esse
3649 5654 3775 5725 ipse

2118 5726 2391 5780 Clemens
2423 5725 2661 5779 indicet.
2699 5725 2976 5796 tinostico
3012 5741 3153 5779 sane
3181 5727 3308 5793 jam
3349 5743 3616 5796 praesens
3647 5742 3777 5780 esse

2119 5797 2200 5864 id,
2227 5797 2382 5868 quod
2395 5796 2660 5852 futurum
2684 5802 2793 5862 est,
2818 5795 2977 5850 idem
3002 5796 3159 5852 infra
3184 5795 3467 5854 declarat.
3497 5797 3772 5853 SYLBURG.
