4138 6390
470 430 613 489 1303

1703 434 2114 491 CLEMENTIS
2150 434 2650 491 ALEXAND“!

3752 437 3872 495 ml

466 559 570 631 qui
603 563 744 614 sunt
771 575 841 614 ex
871 575 940 614 eo
970 559 1362 632 principatus,
1392 565 1452 616 et
1488 566 1813 632 potestates
1847 559 2122 616 tenebra-

2240 554 2476 631 έξρυσίαι
2505 560 2603 612 τοῦ
2634 556 2882 622 σκότους’
2920 579 2949 611 ι(
3002 553 3128 612 οὕτε
3183 557 3252 613 τὰ
3299 557 3586 629 ἐνεστῶτα,
3635 583 3662 610 ιο
3710 557 3760 615 ἐν
3808 562 3878 625 οἷς

468 665 599 704 rum
626 649 665 717 ;)
695 671 722 697 «
757 665 950 719 neque
1001 649 1342 719 praesentia,
1377 650 1438 704 in
1473 651 1691 722 quibus
1741 667 1948 705 sumus
1980 655 2124 705 tem-

465 755 608 810 pore
635 738 812 809 hujus
843 737 995 803 vitas,
1031 744 1096 793 ut
1145 756 1280 810 spes
1311 739 1554 810 quidem
1607 739 1837 806 militis,
1889 740 2124 794 lucrum

464 844 598 882 vero
631 827 1021 894 mercatoris;
1064 851 1088 879 ι
1121 845 1314 900 neque
1348 829 1619 893 altitudo,
1653 845 1848 900 neque
1882 828 2123 900 profun-

465 915 638 980 ditas,
673 933 865 987 neque
898 916 1101 988 aliqua
1131 917 1250 972 alia
1278 925 1572 985 creatura,
1608 943 1635 968 ››
1672 935 1777 989 per
1823 919 2125 990 prOpriam

464 1006 694 1060 homini
727 1006 949 1060 resistit
971 1007 1380 1078 operationem
1403 1008 1541 1063 fidei
1564 1008 1717 1079 ejus,
1743 1008 1844 1078 qui
1877 1025 1984 1063 suo
2007 1009 2128 1080 agit

464 1093 734 1150 arbitrio.
771 1116 799 1143 «
829 1096 1126 1152 Creaturm
1163 1120 1184 1144 ι
1212 1103 1411 1152 autem
1434 1113 1655 1152 nomen
1688 1097 1970 1152 tribuitur
1990 1099 2122 1153 uni-

464 1201 602 1240 voce
631 1185 1098 1256 operationibus,
1131 1193 1198 1240 ut
1226 1204 1359 1258 qua
1393 1188 1470 1242 sit
1499 1193 1767 1243 nostrum
1812 1204 1963 1259 Opus
1990 1203 2003 1240 :
2039 1192 2127 1242 ta-

465 1273 538 1329 lis
562 1290 700 1344 ergo
733 1276 997 1346 operatio
1031 1296 1059 1324 ‹‹
1091 1292 1212 1330 non
1239 1278 1455 1348 poterit
1478 1293 1588 1332 nos
1621 1293 1896 1348 separare
1923 1294 1957 1332 a
1987 1277 2126 1332 cha-

465 1363 639 1419 ritate
663 1363 940 1435 Dei.quse
967 1371 1057 1419 est
1105 1365 1166 1420 in
1224 1366 1455 1421 Christo
1498 1368 1635 1422 Jesu
1685 1366 1934 1422 Domino
1986 1383 2124 1423 nos-

469 1457 557 1507 tro
590 1453 688 1524 (a).
724 1475 752 1503 »
789 1452 978 1509 Habes
1009 1470 1306 1510 summam
1338 1457 1618 1528 martyris
1647 1456 1922 1527 gnostici.

2236 644 2396 718 ἐσμεν
2428 646 2564 701 κατᾶ
2591 647 2686 702 τὸν
2731 651 2827 702 τοῦ
2877 647 3000 724 βίου
3051 648 3278 722 χρόνον,
3331 647 3407 710 ὡς
3450 652 3548 703 τοῦ
3608 651 3702 721 μὶν
3732 671 3876 727 στρα-

2232 735 2689 806 τιώτουὴὲλτιὶς
2756 742 2854 791 τοῦ
2911 737 3161 814 ἐμπόρου
3221 734 3279 792 δὲ
3319 737 3382 792 τὸ
3440 735 3646 812 κέρδος·
3708 765 3734 793 κ
3767 739 3879 796 οὕτε

2235 823 2460 896 ὕψωμα,
2509 824 2632 880 οὕτε
2695 825 2885 899 βάθος,
2931 825 3054 880 οὕτε
3109 847 3194 888 τις
3247 825 3424 888 κτίσις
3484 825 3659 899 ἑτέρα,
3695 852 3721 878 »
3774 831 3879 884 κατ’

2237 911 2504 989 ἐνέργειαν
2554 916 2655 983 τήν
2703 913 2910 970 οἷκείαν
2957 915 3253 990 ἀνθρώπῳ,
3307 915 3650 990 ἀντιπράττει
3696 921 3764 992 τῇ
3803 917 3882 973 πί-

2238 1024 2349 1058 στει
2400 1009 2500 1058 τοῦ
2550 1004 3017 1079 προαιρουμένου·
3077 1029 3106 1056 ‹‹
3167 1004 3341 1067 κτίσις
3380 1028 3409 1057 ιο
3472 1003 3531 1060 δὲ
3561 1007 3877 1080 συνωνύμως

2236 1092 2328 1148 καὶ
2355 1090 2618 1168 ἐνέργεια,
2653 1119 2681 1145 ιι
2716 1095 2781 1150 οὐ
2817 1091 3101 1165 δυνήσεται
3153 1097 3303 1168 ἡμᾶς
3352 1094 3592 1171 χωρίσαι
3641 1097 3744 1152 ἀπὸ
3790 1103 3880 1168 τῆς

2238 1181 2456 1256 ἀγάπης
2509 1189 2608 1238 τοῦ
2657 1187 2814 1254 Θεοῦ,
2845 1189 2946 1252 τῆς
2978 1183 3030 1239 έν
3063 1187 3282 1257 Χριστῷ
3343 1185 3525 1255 Ἰησοῦ
3572 1190 3654 1258 τῷ
3711 1186 3882 1261 Κυρίῳ

2238 1273 2399 1345 ἡμῶν
2438 1316 2449 1329 .
2507 1296 2536 1324 ››
2606 1275 2795 1348 Ἔχεις
2865 1271 3340 1350 συγκεφαλαίωσιν
3393 1279 3700 1350 γνωστικοῦ
3758 1276 3881 1351 μάρ-

2237 1381 2422 1436 τυρος.

1990 1599 2222 1655 CAPUT
2261 1601 2378 1659 XV.

1853 1711 1930 1764 De
1968 1710 2196 1764 vitando
2233 1709 2516 1766 seandalo.

543 1875 570 1902 ‹‹
607 1852 838 1908 Scimus
868 1858 1087 1921 autem,
1120 1853 1281 1924 quod
1325 1870 1535 1910 omnes
1580 1853 1871 1910 habemus
1920 1853 2128 1927 cogni-

471 1942 697 1996 tionem
731 1963 758 1990 ‹‹
793 1958 1195 2010 communem,
1230 1960 1361 2014 quae
1384 1949 1474 1998 est
1503 1945 1565 1998 in
1595 1944 2037 2009 communibus,
2072 1948 2131 1998 et

477 2030 636 2103 quod
666 2047 822 2086 unus
854 2032 932 2086 sit
978 2033 1152 2088 Deus.
1205 2033 1512 2088 Scribebat
1560 2034 1722 2088 enim
1769 2033 1842 2088 ad
1898 2033 2126 2104 ﬁdeles,

474 2119 633 2176 unde
665 2121 846 2176 infert
877 2138 889 2175 :
923 2143 952 2170 «
976 2122 1090 2177 Sed
1123 2140 1240 2177 non
1274 2128 1364 2178 est
1393 2124 1453 2177 in
1486 2123 1764 2178 omnibus
1796 2124 2076 2196 cognitio,
2106 2144 2134 2172 »

481 2226 613 2282 quas
647 2209 902 2265 traditur
930 2210 991 2265 in
1022 2211 1249 2283 paucis.
1314 2212 1462 2267 Sunt
1517 2217 1716 2267 autem
1767 2213 1868 2284 qui
1930 2212 2138 2267 dicunt

478 2315 632 2363 eam,
667 2316 797 2370 quas
858 2306 948 2354 est
994 2300 1067 2355 de
1099 2300 1195 2365 iis,
1251 2317 1382 2372 quae
1432 2301 1770 2356 simulacris
1830 2301 2139 2356 immolata

475 2394 634 2457 sunt,
668 2391 1068 2463 cognitionem
1105 2409 1226 2446 non
1261 2393 1471 2447 eﬂ‘erre
1522 2392 1679 2446 inter
1724 2409 1954 2458 omnes,
2002 2415 2022 2442 ι
2060 2410 2136 2449 ne

474 2479 626 2535 forte
649 2485 912 2551 potestas
945 2485 1151 2536 nostra
1199 2481 1302 2536 fiat
1348 2481 1774 2537 oﬁ'endiculum
1827 2482 2136 2540 infirmis:

477 2570 631 2640 perit
653 2569 813 2623 enim
835 2570 1110 2625 infirmus
1135 2577 1234 2625 tua
1257 2571 1595 2643 cognitione
1618 2572 1711 2642 (b).
1739 2593 1765 2620 »
1790 2571 1956 2636 Quod
1979 2571 2028 2626 si
2052 2571 2141 2626 di-

484 2664 640 2725 cant,
672 2680 701 2708 «ι
729 2665 1004 2731 oportere
1036 2676 1234 2715 emere
1267 2659 1559 2731 quidquid
1590 2660 1868 2716 venditur
1898 2661 1958 2716 in
2008 2678 2135 2717 ma-

483 2748 717 2815 cello,»
755 2765 861 2820 per
915 2749 1443 2822 interrogationem
1502 2751 1931 2824 subjungentes
1989 2750 2137 2806 illud

479 2860 508 2887 «
543 2837 700 2893 Nihil
749 2839 1204 2911 interrogantes,
1240 2860 1262 2889 ι
1325 2856 1494 2911 teque
1552 2856 1620 2895 ac
1676 2839 2136 2912 interrogantes,

473 2926 791 2981 ridiculam
839 2928 1098 2982 afferunt
1141 2929 1715 2999 interpretationem.
1765 2929 1920 2984 Dicit
1974 2931 2134 2985 enim

474 3015 820 3087 Apostolus:
849 3037 877 3065 «
895 3016 1108 3072 Omnia
1128 3038 1154 3063 ι»
1178 3015 1295 3071 alia
1317 3038 1344 3066 ‹‹
1379 3033 1449 3072 ex
1474 3017 1727 3072 macello
1759 3018 1958 3085 emite,
1982 3017 2137 3072 nihil

478 3105 916 3176 interrogantes
953 3105 1042 3175 (c).
1069 3127 1097 3155 η
1126 3105 1198 3161 iis
1228 3110 1431 3162 tamen
1454 3105 1736 3178 exceptis,
1760 3123 1892 3177 qua)
1924 3112 2136 3162 notan-

474 3199 571 3249 tur
601 3195 661 3248 in
720 3194 1014 3249 catholica
1069 3195 1338 3250 omnium
1397 3196 1804 3266 apostolorum
1861 3196 2133 3268 epistola,

476 3301 629 3356 qua),
656 3284 814 3355 quod
837 3285 918 3340 ita
941 3307 968 3336 «
1004 3285 1192 3340 visum
1219 3287 1296 3340 sit
1326 3286 1567 3357 Spiritui
1605 3292 1832 3357 sancto,
1855 3305 1880 3338 ι
1915 3286 2136 3358 scripta

470 3372 713 3444 quidem
744 3378 836 3427 est
868 3372 930 3427 in
963 3372 1122 3428 Actis
1148 3373 1558 3444 apostolorum
1591 3391 1604 3439 ;
1640 3374 1759 3429 lata
1789 3381 1988 3430 autem
2024 3376 2136 3430 fuit

466 3462 541 3518 ad
572 3461 782 3518 fideles
813 3479 920 3534 per
950 3463 1138 3535 ipsius
1162 3463 1327 3519 Pauli
1361 3465 1783 3520 ministerium.
1819 3465 2127 3537 Significa-
2157 3451 2203 3514 C
2242 3483 2408 3516 νυσαν
2460 3463 2566 3538 γὰρ

465 3559 607 3608 runt
625 3554 781 3610 220
823 3554 983 3609 enim
1007 3559 1279 3625 Oportere
1305 3577 1332 3605 (ι
1357 3556 1695 3610 necessario
1719 3555 2020 3612 abstinere
2051 3554 2123 3611 ab

463 3643 811 3710 immolatis,
838 3650 898 3699 et
923 3645 1236 3716 sanguine,
1261 3651 1320 3699 et
1340 3645 1667 3708 suﬂ‘ocatis,
1691 3651 1751 3701 et
1779 3646 2124 3702 fornicatio-

466 3749 580 3798 ne;
613 3749 647 3787 a
676 3733 892 3803 quibus
941 3750 1002 3788 se
1065 3740 1507 3799 conservantes,
1549 3741 1708 3790 recte
1754 3753 1883 3791 esse
1934 3736 2123 3791 factu-

463 3839 562 3876 ros
589 3822 692 3892 (d).
728 3844 754 3870 »
787 3821 962 3877 Aliud
995 3839 1134 3895 ergo
1161 3828 1270 3891 est,
1297 3823 1454 3895 quod
1485 3823 1708 3878 dictum
1743 3831 1832 3880 est
1863 3825 1935 3880 ab
1967 3827 2120 3897 Apo-

471 3910 646 3965 stolo.
681 3934 707 3959 ‹‹
745 3911 1023 3983 Nunquid
1054 3929 1173 3968 non
1197 3912 1488 3969 habemus
1528 3919 1880 3985 potestatem
1925 3931 2120 3970 come-

466 3997 645 4054 dendi
683 3998 746 4062 ›ι‹
776 4005 832 4054 et
864 3999 1152 4056 bibendi?
1181 4001 1458 4072 Nunquid
1486 4019 1605 4056 non
1638 4002 1926 4058 habemus
1957 4009 2126 4075 pote-

464 4093 678 4144 statem
711 4105 977 4146 sororem
1021 4107 1264 4146 uxorem
1297 4091 1804 4158 circumducendi,
1846 4098 1911 4147 ut
1941 4092 2121 4148 etiam

462 4177 678 4249 reliqui
703 4179 978 4250 apostoli,
1004 4185 1062 4234 et
1081 4180 1296 4235 fratres
1327 4181 1582 4247 Domini,
1618 4187 1678 4237 et
1706 4183 1934 4253 Cephas
1956 4182 1983 4236 ?
2010 4182 2120 4238 Sed

463 4286 584 4324 non
616 4269 708 4325 usi
743 4285 970 4335 sumus,
1004 4269 1218 4340 inquit,
1253 4270 1361 4325 hac
1401 4275 1714 4343 potestate,
1769 4271 1872 4326 sed
1922 4271 2122 4327 omnia

461 4359 848 4426 sustinemus,
873 4375 950 4413 ne
972 4358 1184 4414 demus
1204 4361 1598 4417 offensionem
1618 4360 1936 4434 Evangelio
1959 4361 2120 4416 Chri-

2312 1877 2338 1905 ‹‹
2398 1850 2640 1926 Οἴδαμεν
2700 1849 2758 1908 δὲ
2816 1850 2898 1910 δτι
2951 1851 3146 1915 πάντες
3193 1858 3391 1930 γνῶσιν
3443 1849 3673 1930 ἔχομεν,
3708 1880 3735 1907 ››
3797 1855 3885 1925 τήν

2237 1943 2429 2011 κοινὴν
2459 1941 2510 1997 ἐν
2543 1948 2658 2004 τοῖς
2701 1949 2937 2013 κοινοῖς,
2995 1942 3086 1998 καὶ
3139 1945 3240 2012 τήν
3301 1942 3384 1998 ὅτι
3445 1945 3524 2007 εἷς
3579 1943 3732 2006 Θεός⁸
3763 1945 3883 2019 πρὸς

2240 2031 2468 2095 πιστοὺς
2523 2033 2624 2108 γὰρ
2683 2031 3003 2088 ἐπέστελλεν
3041 2052 3053 2064 '
3107 2031 3224 2088 ὅθεν
3277 2032 3541 2112 ἐπιφέρει·
3591 2033 3750 2090 Ἀλλ’
3795 2032 3886 2089 οὐκ

2243 2121 2296 2176 ἐν
2328 2127 2488 2176 πᾶσιν
2522 2124 2556 2191 ἡ
2605 2126 2830 2197 γνῶσις,
2869 2146 2890 2172 ι
2955 2121 3007 2175 έν
3055 2121 3264 2198 ὀλίγοις
3318 2119 3732 2196 παραδιδομένη
3767 2126 3886 2194 (93).

2239 2209 2364 2265 Εΐσὶ
2397 2207 2474 2279 δὲ,
2509 2211 2561 2264 οἳ
2595 2231 2724 2288 φασι
2765 2211 2864 2280 τήν
2924 2211 3048 2287 περὶ
3101 2215 3210 2265 τῶν
3267 2209 3654 2276 εἷ’δωλοθύτων
3703 2215 3885 2288 γνῶσιν

2242 2300 2343 2355 οὐκ
2372 2298 2424 2354 ἐν
2453 2305 2582 2355 πᾶσι
2634 2301 2833 2378 φέρειν,
2878 2324 2905 2352 ι(
2940 2302 3130 2372 μήτως
3161 2303 3195 2371 ἡ
3251 2299 3466 2371 ἐξουσία
3515 2303 3680 2374 ἡμῶν
3731 2300 3887 2377 πρόσ-

2239 2410 2433 2462 κομςια
2461 2395 2580 2450 τοῖς
2611 2389 2853 2445 ἀσθενέσι
2896 2391 3141 2465 γένηται’
3195 2389 3507 2446 ἀπόλλυται
3550 2393 3657 2468 γὰρ
3689 2393 3717 2445 ὁ
3749 2392 3889 2455 ἀσθε·

2240 2484 2346 2534 νῶν
2379 2483 2448 2554 τῇ
2481 2483 2550 2555 σῇ
2579 2480 2799 2555 γνώσει.
2834 2504 2861 2532 ››
2897 2477 3006 2536 Κᾶν
3041 2481 3309 2558 φάσκωσι,
3361 2505 3387 2532 ‹‹
3426 2485 3534 2536 Πᾶν
3566 2481 3631 2536 τὸ
3683 2480 3736 2536 ἐν
3787 2500 3887 2554 μα-

2239 2568 2426 2641 κέλλῳ
2457 2567 2824 2642 πωλούμενον
2858 2570 3142 2646 ἀγοράζειν
3175 2566 3277 2637 δεῖ,
3315 2593 3342 2619 »ι
3371 2570 3509 2625 κατά
3537 2574 3727 2625 πεῦσιν
3762 2569 3884 2626 ἐπά-

2239 2680 2424 2732 γοντες
2460 2705 2474 2728 ,
2529 2659 2592 2714 τὸ
2630 2703 2643 2727 ,
2703 2683 2733 2710 ‹‹
2793 2656 2976 2729 Μηδὲν
3033 2658 3407 2735 ἀνακρινοντες
3443 2704 3456 2725 ,
3496 2685 3516 2708 ι
3571 2659 3768 2731 ἐπίσης
3817 2662 3888 2731 τῷ

2239 2747 2638 2820 ἀνακρίνοντες,
2689 2752 2908 2822 γελοίαν
2961 2747 3215 2823 ἐξήγησιν
3268 2750 3681 2824 παραθήσονται
3712 2748 3888 2822 (94)·6

2240 2837 2344 2912 γὰρ
2377 2837 2738 2904 Ἀπόστολος,
2795 2861 2824 2890 ‹‹
2860 2839 3061 2908 Πάντα,
3095 2837 3228 2915 φησὶ
3259 2838 3327 2892 τὰ
3374 2836 3519 2892 ἄλλα
3571 2837 3797 2894 ὠνεῖσθε
3843 2837 3893 2892 ἐκ

2246 2925 2550 3000 μακέλλου,
2611 2925 2780 3000 μηδὲν
2830 2927 3240 3002 ἀνακρίνοντες,
3307 2952 3334 2978 n
3393 2928 3511 2982 καθ’
3566 2927 3888 3000 ὑπεξαίρεσιν

2239 3020 2348 3070 τῶν
2381 3013 2740 3087 δηλουμένων
2767 3015 2904 3071 κατὰ
2953 3017 3053 3086 τήν
3102 3016 3404 3086 ἐπιστολήν
3443 3018 3542 3087 τὴν
3596 3015 3890 3085 καθολικὴν

2238 3110 2347 3160 τῶν
2410 3104 2734 3160 ἀποστόλων
2795 3105 3049 3161 ἁπάντων
3087 3151 3101 3176 ,
3159 3130 3188 3157 ‹‹
3251 3105 3346 3160 σὺν
3403 3105 3472 3180 τῇ
3528 3103 3749 3178 εὖδοκίᾳ
3801 3109 3887 3161 τοῦ

2241 3194 2396 3269 ἀγίου
2428 3194 2767 3267 Ιίνεύματοςς
2802 3219 2829 3247 ››
2861 3198 2931 3270 τῇ
2961 3196 3318 3270 γεγραμμένῃ
3351 3197 3446 3268 μὶν
3481 3195 3533 3251 ἐν
3579 3202 3704 3258 ταῖς
3753 3193 3888 3271 [1ρά-

2241 3282 2347 3353 ξεσι
2405 3287 2515 3338 τῶν
2573 3281 2901 3338 ἀποστόλων
2937 3327 2952 3352 ,
3013 3278 3430 3357 διακομισθέίσῃ
3506 3280 3565 3338 δὶ
3643 3284 3722 3347 είς
3768 3282 3886 3344 τοὺς

2238 3373 2465 3434 πιστοὺς
2525 3370 2596 3427 δι’
2639 3372 2804 3428 αὐτοῦ
2858 3369 3240 3435 διακονοῦντος
3296 3376 3393 3427 τοῦ
3452 3370 3697 3428 Παύλου·
3757 3371 3888 3445 ιμή-

2677 3484 2706 3512 ‹‹
2773 3462 3070 3536 ἐπάναγκες
3166 3460 3466 3537 ἀπέχεσθαι
3558 3459 3674 3518 δεῖν
3735 3460 3884 3518 εἰδω-

2235 3549 2481 3606 λοθύτων
2518 3596 2533 3618 ,
2585 3550 2675 3606 καὶ
2737 3549 2969 3624 α“ίματος
3005 3593 3021 3618 ,
3087 3549 3178 3606 καὶ
3255 3554 3494 3606 πνικτῶν
3572 3555 3685 3622 (95)
3723 3595 3737 3620 ,
3800 3551 3883 3606 καὶ

2231 3643 2490 3715 πορνείας
2533 3660 2546 3674 ·
2613 3641 2664 3712 ἐξ
2731 3643 2805 3696 ὧν
2874 3638 3268 3718 διατηροῦντας
3335 3641 3587 3710 ὲαυτους,
3650 3640 3706 3696 εὖ
3753 3640 3886 3716 πρά-

2234 3730 2338 3801 ξειν
2369 3773 2381 3786 .
2419 3755 2445 3782 ››
2499 3733 2723 3805 Ἕτερον
2781 3735 2891 3804 (96)
2951 3729 3041 3785 οὗν
3117 3729 3227 3786 ἐστι
3281 3732 3347 3786 τὸ
3401 3729 3691 3804 εἰρημένον
3752 3731 3878 3807 πρὸς

2230 3823 2328 3874 τοῦ
2383 3819 2765 3874 Ἀποστόλου·
2826 3845 2854 3871 α
2916 3821 3004 3888 Μὴ
3064 3819 3164 3875 οὐκ
3191 3817 3394 3895 ἔχομεν
3421 3818 3670 3890 ἱξουσίαν
3704 3824 3878 3896 φαγεῖν

2232 3909 2320 3964 καὶ
2354 3914 2496 3964 πιεῖν
2531 3929 2544 3978 ;
2579 3909 2656 3981 μὴ
2691 3908 2790 3964 οὐκ
2829 3906 3034 3985 ἔχομεν
3086 3909 3324 3980 ἐξουσίαν
3377 3905 3620 3986 ἀδελφὴν
3669 3915 3886 3985 γυναῖκα

2232 3998 2532 4073 περιάγειν,
2564 3999 2639 4060 ὡς
2671 3999 2762 4054 καὶ
2793 3999 2847 4053 οἱ
2879 3997 3068 4053 λοιποὶ
3101 3997 3426 4067 ἀπόστολοι,
3457 4000 3551 4053 καί
3584 3999 3637 4054 οὶ
3669 3997 3886 4076 ἀδελφοὶ

2231 4093 2328 4143 τοῦ
2352 4088 2576 4164 Κυρίου,
2601 4094 2695 4143 καῖ
2718 4093 2908 4167 Κηφᾶς
2929 4108 2942 4157 ;
2969 4086 3128 4146 Ἀλλ’
3152 4087 3252 4143 οὐκ
3273 4087 3631 4165 ἐχρησάμεθα
3655 4093 3724 4162 τῇ
3747 4089 3886 4162 ἐξου-

2231 4181 2323 4248 σίᾳ
2350 4179 2544 4253 ταύτῃ,
2579 4179 2764 4254 φησῖν,
2800 4177 2946 4234 ἀλλᾶ
2974 4178 3149 4233 πάντα
3179 4178 3465 4252 στέγομεν,
3497 4177 3587 4232 ἳνα
3614 4179 3693 4250 μή
3727 4178 3879 4251 ἐγκο-

2230 4271 2339 4337 πὴν
2371 4274 2482 4341 (97)
2515 4265 2697 4339 δῶμεν
2753 4272 2834 4340 τῷ
2892 4264 3206 4342 Βύαγγελίῳ
3262 4264 3359 4321 τοῦ
3417 4271 3654 4340 Χριστοῦ
3690 4290 3712 4320 ι
3764 4265 3886 4337 ἤτοι

2231 4358 2428 4436 φορτία
2458 4357 2828 4432 περίαγοντες,
2861 4354 2982 4412 δέον
3005 4353 3265 4419 εὖλυτους
3297 4357 3406 4430 (98)
3437 4356 3512 4418 εἷς
3540 4357 3745 4420 πάντας
3775 4357 3879 4432 (99)

530 4473 600 4547 ›ι‹-
625 4474 687 4547 Ρ.
715 4475 825 4547 7607
856 4474 969 4528 ED.
1003 4474 1300 4543 POTTER,
1324 4477 1426 4530 543
1458 4477 1570 4531 ED.
1601 4475 1830 4532 PARIS.
1912 4477 1984 4546 (a)
2015 4477 2124 4532 Ro:

2240 4491 2329 4540 'm,
2362 4474 2451 4540 38,
2511 4476 2598 4530 59.
2659 4474 2736 4546 (b)
2768 4475 2792 4528 Ι
2838 4475 2968 4529 Cor.
3003 4489 3099 4528 vm
3137 4476 3183 4541 ι,
3218 4477 3271 4543 7,
3303 4476 3357 4543 9,
3391 4476 3475 4530 ll.
3509 4474 3579 4547 (ο)
3612 4475 3637 4528 Ι
3668 4475 3796 4530 Cor.
3829 4491 3880 4540 κ,

460 4548 549 4600 25.
585 4545 663 4616 (d)
695 4546 822 4599 Act.
853 4562 946 4609 xv,
978 4547 1068 4614 24,
1103 4563 1228 4618 seq.

534 4669 645 4746 (93)
695 4665 937 4746 Ὀλίγοις
989 4667 1248 4746 παραδιδ.
1309 4676 1602 4730 Arcanam
1658 4672 1854 4744 γνῶσιν
1916 4673 2122 4746 paucis

462 4745 697 4817 tantum
726 4743 1008 4797 traditam
1039 4745 1244 4807 fuisse.
1279 4747 1554 4817 superius
1604 4743 1999 4800 memoratum
2033 4751 2123 4800 est

466 4814 808 4888 Stromatil,
840 4830 969 4888 pag.
1007 4817 1073 4869 32
1115 4859 1128 4883 ,
1163 4823 1286 4888 not.
1323 4814 1424 4881 1ος
1454 4833 1586 4888 pag.
1618 4819 1743 4883 323,
1775 4823 1895 4872 net.
1931 4822 1983 4872 7.

535 4885 650 4954 (94)
682 4879 807 4958 Κᾶν,
843 4879 983 4958 ipsa
1015 4929 1023 4938 .
1061 4929 1074 4941 .
1112 4879 1124 4942 ζ
1185 4879 1592 4957 παραθήσὸντῖιι
1630 4930 1642 4942 .
1699 4879 1780 4943 Ex
1838 4889 1929 4944 his
1982 4906 2115 4943 ver-

465 4954 577 5030 bis,
604 4954 914 5030 proutjam
945 4975 1008 5014 se
1031 4954 1271 5024 habent,
1297 4954 1478 5014 sanus
1498 4960 1714 5030 aliquis
1747 4977 1960 5015 sensus
1981 4961 2116 5016 elici

465 5027 625 5103 haud
646 5045 818 5103 posse
843 5028 1090 5086 videtur.
1128 5032 1242 5086 Nec
1265 5032 1407 5086 satis
1434 5027 1680 5103 apparet
1701 5031 1843 5103 quid
1875 5032 1985 5088 sibi
2018 5049 2120 5087 vo-

463 5097 962 5175 luerit’interpres
994 5103 1120 5157 haec
1141 5107 1390 5157 vertens.
1429 5097 1680 5175 Interea.
1713 5097 1856 5160 dum
1891 5103 2119 5175 aliquid

465 5171 684 5252 certius
709 5188 776 5227 ac
799 5173 1015 5266 melius
1036 5175 1394 5266 reperiatur;
1413 5174 1499 5266 sic
1526 5174 1804 5266 scribinet
1833 5171 2117 5266 explicari

460 5258 580 5323 non
641 5243 1021 5323 incommode
1080 5245 1625 5323 possenvidentur:
1669 5243 1792 5323 rat
1827 5243 2113 5323 ⁸φαίςιηοιωσι)

463 5313 571 5368 Πᾶν
603 5314 666 5367 τὸ
697 5314 751 5389 ἐν
786 5313 1053 5389 μακέλλῳ
1084 5313 1478 5389 πωλούμενον
1508 5316 1790 5389 ἀγοράζειν
1821 5313 1904 5372 δεῖ
1935 5336 1948 5383 ;
1980 5319 2118 5374 κατὰ

459 5389 670 5460 πεῦσιν-ο
733 5384 1025 5460 ξπάγοντες
1081 5387 1164 5455 τὸ,
1219 5384 1400 5460 Μηδὲν
1459 5384 1868 5456 ἀνακρίνοντες,
1923 5389 2115 5460 ἐπίσης

457 5457 666 5532 τῷγ
726 5457 1206 5532 ἀνακρίνοντες,γ.
1270 5458 1337 5531 ἐξ.
1375 5481 1434 5516 π.
1497 5462 1721 5526 «Quod
1783 5462 1827 5515 si
1864 5457 2112 5519 dicanti:

463 5550 485 5578 α
522 5530 827 5601 Quidquid
854 5531 915 5586 in
949 5530 1199 5587 macello
1234 5530 1528 5598 venditur,
1559 5549 1755 5588 emere
1775 5540 2007 5602 Oportet
2031 5535 2059 5589 ‘I
2080 5555 2108 5586 ι

460 5616 566 5670 per
595 5603 1122 5679 interrogationem
1150 5623 1167 5679 :_
1199 5606 1630 5679 subjungentes
1656 5622 1669 5679 ξ
1699 5626 1722 5654 ι
1750 5605 1906 5658 Nihil
1938 5605 2116 5661 inter-

462 5692 487 5720 «ι
510 5680 806 5747 rogantes,
822 5699 846 5723 ι»
869 5677 1028 5747 quod
1047 5677 1292 5747 perinde
1316 5685 1406 5734 est
1426 5677 1492 5732 ac
1511 5695 1631 5732 non
1655 5678 2111 5745 interrogantes,

463 5692 487 5720 ει
510 5689 806 5796 rogantes,
822 5699 846 5723 »
869 5689 1028 5747 quod
1047 5689 1292 5747 perinde
1316 5689 1406 5734 est
1426 5696 1492 5732 ac
1511 5695 1631 5732 non
1655 5689 2111 5745 interrogantes,

463 5764 489 5790 (ι
517 5742 784 5820 idacite,
814 5765 836 5794 ο
881 5747 1763 5820 ridiculaminterpretationem
1779 5749 2048 5802 afferent.
2084 5773 2112 5798 ››

690 5817 1264 5893 ,[ξνικτῷνηηνικτοῦ
1318 5815 1534 5893 sihgul.
1594 5838 1759 5875 num.
1821 5821 1881 5875 in
1944 5820 2108 5893 Vulg.

465 5883 609 5938 Bibl.
649 5885 868 5956 ubique
898 5889 1012 5960 legi
1033 5889 1278 5947 adnotat
1306 5895 1372 5948 Α.
1407 5883 1681 5947 S'YLBURG.

2305 4674 2415 4753 (96)
2445 4672 2692 4753 Ἕτερον.
2730 4672 3211 4753 Aliudnempea
3240 4669 3750 4753 praecedentibus:
3773 4671 3880 4753 Pu:

2236 4745 2376 4800 tavit
2406 4742 2583 4799 enim
2614 4749 2822 4799 auctor
2864 4742 3288 4800 abstinentiam
3339 4742 3412 4798 ab
3433 4742 3784 4797 “immolatis
3830 4745 3881 4796 et

2155 4819 2199 4884 Ι)
2230 4816 2502 4886 reliquis,
2528 4832 2780 4888 quorum
2814 4833 2981 4871 esum
3009 4814 3444 4888 prohibuerunt
3468 4815 3527 4888 in
3554 4815 3714 4888 Actis
3746 4829 3878 4888 apo-

2231 4888 2389 4952 stoli,
2424 4904 2555 4942 esse
2586 4903 2712 4940 rem
2746 4887 2805 4942 in
2855 4904 2916 4942 se
2966 4886 3407 4951 necessariam;
3461 4886 3874 4941 abstinentiam

2229 4976 2365 5014 vero
2387 4959 2460 5014 ab
2518 4960 2611 5025 iis,
2662 4975 2793 5029 quas
2837 4962 2964 5029 jam
3015 4965 3328 5029 sequntur,
3376 4958 3754 5014 solummodo
3808 4955 3876 5011 ad

2230 5030 2536 5085 vitandum
2569 5030 2918 5086 scandalum
2947 5048 3075 5086 esse
3108 5036 3488 5101 praeceptam.

2300 5104 2412 5202 (97)
2445 5102 2742 5202 ’ίῧγκοπνςν
2779 5103 3056 5176 Ἐγκοπῆν
3091 5121 3228 5154 τινα.
3263 5103 3298 5183 Ι⁹
3317 5103 3447 5156 Cor.
3482 5119 3556 5156 lx.

2300 5177 2385 5202 Ino
2447 5172 2562 5202 ΛΞ-..
2611 5172 2663 5202 -.ἶ
2715 5173 2872 5202 .ἔ..-..-
2955 5175 3046 5202 CL.
3103 5189 3373 5202 ηιιηΑη--ιιη
3442 5173 3556 5202 σιω

2299 5172 2562 5244 (98)Δέόν
2611 5172 2894 5235 εὐλύτους.
2955 5175 3048 5252 Sic
3103 5172 3377 5252 superius
3405 5173 3644 5252 βινοίη.
3713 5187 3874 5252 Iu,_p.

2229 5247 2330 5299 535
2363 5264 2495 5301 cum
2533 5253 2940 5304 memorasset.
2961 5249 3201 5301 Petrum
3225 5251 3284 5300 et
3313 5245 3654 5316 Philippum
3689 5245 3878 5316 matri-

2228 5320 2430 5402 monio
2457 5320 2701 5402 junctos
2735 5318 2916 5402 fuisse
2939 5318 3249 5402 et_li'beros
3279 5315 3644 5402 procx'e‘asse,
3679 5315 3840 5402 addit
3847 5329 3874 5396 _:

2231 5388 2325 5443 Καὶ
2358 5387 2388 5442 ὅ
2415 5385 2475 5460 γε
2509 5389 2852 5461 ιΙαῦλοςγούκ
2881 5387 3026 5443 ὀκνεῖ
3052 5385 3242 5461 ἔνλτινι
3279 5385 3682 5461 ἰπιστολῇ-τῄν
3714 5385 3871 5461 αὐτοῦ

2224 5456 2646 5534 προσαγορεύειν
2681 5460 2929 5534 σύζυγον,
2964 5460 3032 5528 ἥν
3065 5458 3124 5511 οὐ
3155 5456 3535 5534 περιεκόμιζι’
3558 5456 3648 5512 διὰ
3693 5459 3756 5512 τὸ
3781 5461 3874 5534 τῇς

2229 5529 2523 5606 Meges-Td:
2558 5529 2837 5595 εὖσταλέςζ
2869 5557 2897 5584 α
2933 5537 3002 5588 Et
3042 5533 3259 5606 Paulus
3308 5529 3790 5606 noncunctatur
3816 5529 3872 5583 in

2227 5605 2484 5683 quadam
2518 5606 2780 5683 Epistola
2813 5623 2980 5662 suam
3014 5605 3274 5683 salutare
3325 5605 3663 5683 conjugem.
3698 5616 3868 5683 quam

2225 5674 2345 5733 non
2395 5674 2876 5746 circumferebat,
2911 5677 3071 5749 quod
3120 5693 3241 5732 non
3292 5674 3641 5750 magno'uti
3695 5674 3872 5729 voluit

2225 5751 2578 5804 ministerio.
2617 5774 2642 5796 »

2294 5823 2403 5886 (99)
2441 5820 2528 5881 Hi;
2557 5821 2782 5881 πάντας.
2827 5820 2991 5876 Haud
3043 5819 3165 5874 scio
3199 5837 3289 5874 san
3322 5819 3546 5874 rectius
3576 5816 3655 5881 ei;
3680 5817 3871 5886 πάντα,

2225 5916 2248 5938 α
2285 5892 2359 5948 ad
2390 5893 2611 5948 omnia.
2649 5916 2675 5941 ››
2708 5895 2982 5950 SYLBUBG.
