4138 6388
421 403 560 469 1307

1647 414 2060 471 ΟΒΕΗΕΝΤΙΒ
2097 413 2598 472 ΔῙιΕΧΔΝυΒΙΝῙ

3695 422 3827 478 1308

420 543 607 598 menti
638 548 838 597 manet
868 542 1123 612 (a),»non
1156 542 1477 599 revelatum
1500 559 1608 614 per
1627 541 2069 597 conversionem

2191 537 2705 614 ἀνακαλυπτόμενον
2729 541 2864 596 κατὰ
2919 541 3018 612 τήν
3050 542 3188 617 πρὸς
3219 543 3308 598 τὸν
3346 543 3550 618 Κύριον
3582 545 3829 623 ἐπιστρο·

422 632 494 687 ad
515 632 1183 702 Dominum.Propterea
1212 631 1668 686 ostenditetiam
1693 632 2072 686 resurrectio-

423 738 558 778 nem
593 721 685 788 iis,
746 722 844 792 qui
906 728 1156 792 possunt
1210 723 1568 793 perspicere,
1601 739 1753 788 eam,
1805 738 1935 793 quze
1986 727 2076 776 est

423 813 616 868 adhuc
641 814 698 867 in
731 814 1064 879 carne,vitze
1089 815 1384 884 serpentis
1415 831 1594 885 super
1611 812 2072 868 ventrein.Unde

419 903 594 957 etiam
620 903 850 974 eos,qui
886 908 1024 956 sunt
1055 903 1370 973 ejusmodi,
1403 904 1630 959 vocavit
1654 927 1679 953 ‹‹
1714 905 1888 958 fmtus
1912 904 2070 975 vipe-

418 993 738 1061 raru1n(b).
775 1018 793 1039 ι
825 992 1174 1046 libidinosas
1197 1011 1262 1048 ac
1295 993 1996 1064 voluptarios,ventrique
2018 999 2076 1047 et

417 1083 552 1155 peni
587 1083 928 1151 servientes,
966 1089 1022 1136 et
1051 1090 1292 1154 propter
1340 1084 1672 1139 mundanas
1720 1084 2074 1154 cupiditates

418 1188 525 1227 sua
556 1173 809 1227 invicem
843 1173 1038 1244 capita
1069 1173 1507 1229 abscindentes.
1544 1196 1570 1223 «
1603 1174 1816 1238 Filioli,
1839 1191 1913 1229 ne
1938 1172 2076 1226 dili-

415 1279 621 1336 gamus
654 1279 948 1328 sermone,
983 1280 1093 1318 nec
1126 1263 1346 1335 lingua,
1379 1285 1404 1312 »
1437 1265 1521 1320 ait
1557 1267 1835 1333 Joannes,
1889 1264 2075 1334 perfe-

415 1359 542 1410 ctos
575 1369 703 1408 esse
735 1353 978 1420 docens,
1005 1352 1149 1408 «sed
1178 1371 1356 1426 opere
1388 1360 1445 1409 et
1475 1355 1820 1410 veritate.ln
1854 1355 1963 1409 hoc
1983 1371 2075 1408 co-

413 1460 766 1517 gnoscemus
799 1444 956 1515 quod
988 1461 1058 1498 ex
1089 1444 1332 1499 veritate
1365 1445 1680 1515 sumus(c).
1712 1467 1738 1493 »
1781 1445 1835 1498 Si
1873 1449 2072 1499 autem

416 1534 614 1588 «Deus
645 1539 733 1588 est
764 1534 1044 1602 charitas,
1082 1556 1108 1582 »
1142 1535 1400 1589 charitas
1434 1551 1671 1606 quoque
1700 1540 1789 1589 est
1806 1533 2071 1606 pietasin

414 1625 621 1689 Deum,
657 1646 684 1673 «
719 1624 895 1679 timor
926 1641 1048 1678 non
1083 1630 1172 1679 est
1220 1625 1281 1679 in
1322 1625 1648 1680 charitate:
1684 1626 1785 1680 sed
1815 1626 2075 1696 perfecta

413 1709 671 1768 Charitas
703 1713 862 1768 foras
896 1713 1059 1785 ejicit
1090 1713 1365 1768 timorem
1399 1713 1492 1784 (ἀι.
1529 1715 1661 1769 Haec
1696 1721 1784 1769 est
1815 1717 2072 1772 Charitas

412 1803 537 1868 Dei,
573 1808 638 1858 ut
669 1804 796 1874 ejus
829 1810 1124 1876 prmcepta
1154 1820 1456 1858 servemus
1477 1805 1569 1874 (ρ).
1606 1827 1632 1853 ››
1667 1807 1735 1858 Et
1767 1823 1973 1860 rursus
1995 1807 2070 1875 ei,

413 1893 515 1965 qui
547 1894 710 1964 cupit
738 1895 863 1948 fleri
892 1894 1215 1965 gnosticus,
1251 1893 1536 1964 scriptum
1571 1900 1661 1948 est

411 1986 603 2041 forma
632 1984 921 2049 fidelium,
958 1983 1017 2037 in
1051 2000 1348 2048 sermone,
1406 1984 1465 2038 in
1498 1985 1967 2050 conversatione,
2004 1985 2063 2039 in

413 2076 726 2140 charitate,
754 2075 812 2128 in
849 2073 962 2128 fide
996 2079 1053 2127 et
1081 2075 1350 2128 castitate
1375 2075 1464 2145 (Γ).
1523 2097 1550 2123 n
1585 2073 1744 2128 Fidei
1784 2075 1966 2143 enim,
1999 2081 2066 2129 ut

412 2165 690 2232 arbitror,
725 2163 1007 2236 perfectio
1036 2163 1420 2236 distinguitur
1476 2180 1510 2218 a
1566 2165 1868 2219 communi
1924 2164 2062 2221 ﬁde.

414 2255 597 2311 Porro
628 2260 827 2310 autem
861 2253 1093 2308 divinus
1133 2270 1368 2324 quoque
1418 2254 1735 2325 Apostolus
1786 2272 1892 2326 per
1942 2256 2068 2309 haec

415 2345 598 2399 tradit
627 2345 889 2415 regulam
926 2344 1201 2416 gnostici,
1237 2345 1320 2399 sic
1354 2343 1658 2399 scribens:
1684 2367 1712 2394 «
1741 2347 1855 2418 Ego
1909 2345 2069 2400 enim

413 2434 617 2500 didici,
644 2435 705 2489 in
739 2435 831 2500 iis,
860 2435 920 2488 in
955 2434 1171 2506 quibus
1204 2451 1356 2498 sum,
1392 2450 1520 2489 esse
1552 2440 1890 2489 contentus.
1940 2435 2068 2490 Scio

414 2530 473 2580 et
505 2541 633 2580 esse
657 2525 921 2592 humilis,
946 2524 1068 2580 scio
1091 2531 1149 2580 et
1169 2523 1492 2580 abundare.
1529 2524 1753 2595 Ubique
1771 2531 1830 2580 et
1857 2525 1918 2579 in
1941 2541 2069 2579 om-

413 2613 591 2672 nibus
624 2630 756 2669 sum
782 2613 1111 2681 institutus,
1137 2618 1196 2669 et
1217 2614 1417 2668 satiari
1442 2619 1500 2669 et
1521 2613 1768 2683 esurire,
1805 2619 1862 2668 et
1881 2614 2068 2670 abun-

414 2703 556 2760 dare
587 2709 646 2759 et
675 2704 990 2776 penuriam
1020 2706 1139 2776 pati
1167 2722 1180 2771 ;
1215 2705 1417 2759 omnia
1446 2721 1689 2776 possum
1721 2706 1784 2760 in
1825 2721 1916 2773 eo,
1968 2704 2070 2776 qui

411 2795 560 2850 mihi
592 2794 691 2850 dat
708 2795 859 2850 vires
882 2795 982 2866 (g).
1016 2796 1181 2851 cJam
1203 2811 1340 2849 vero
1373 2812 1508 2850 cum
1531 2795 1663 2850 aliis
1687 2811 1925 2867 quoque
1948 2795 2072 2850 dis-

407 2902 633 2951 serens,
669 2890 733 2940 ut
792 2885 864 2940 iis
895 2883 1311 2941 verecundiam
1365 2885 1634 2952 incutiat,
1689 2903 1808 2940 non
1840 2891 2074 2941 veretur

416 2975 612 3033 dicere
639 2992 650 3029 :
676 2999 701 3026 ‹‹
729 2975 1143 3032 Recordemini
1176 2982 1375 3031 autem
1401 2977 1664 3048 priorum
1697 2977 1948 3044 dierum,
2010 2977 2071 3031 in

412 3065 628 3138 quibus
659 3065 980 3121 illuminati
1023 3083 1303 3138 magnum
1349 3072 1651 3121 certamen
1706 3066 2074 3122 sustinuistis

411 3155 780 3228 passionum,
797 3155 1012 3226 partim
1032 3155 1270 3226 quidem
1295 3155 1630 3227 opprobriis
1653 3161 1710 3210 et
1730 3156 2040 3211 afﬂictioni
2057 3188 2069 3196 -

411 3243 525 3300 bus
547 3244 684 3299 facti
709 3245 1134 3316 spectaculum,
1156 3246 1370 3317 partim
1393 3250 1590 3301 autem
1624 3245 1766 3301 socii
1818 3246 1900 3301 ita
1929 3263 2072 3301 con-

410 3334 773 3389 versantium
801 3335 1015 3390 effecti.
1041 3336 1183 3390 Nam
1227 3340 1285 3389 et
1340 3335 1577 3389 vincula
1635 3352 1767 3390 mea
1823 3336 2073 3390 commi-

411 3425 590 3480 serati
620 3424 780 3491 estis,
817 3430 874 3479 et
898 3425 1171 3496 rapinam
1215 3423 1512 3480 bonorum
1562 3429 1891 3480 vestrorum
1934 3441 2069 3480 cum

409 3515 625 3588 gaudio
646 3515 990 3586 suscepistis
1015 3532 1028 3581 ;
1057 3519 1481 3586 cognoscentes
1503 3531 1603 3570 vos
1622 3514 1841 3570 habere
1865 3515 2071 3570 melio-

409 3621 506 3660 res
535 3609 594 3660 et
631 3609 944 3660 manentes
974 3603 1306 3659 facultates.
1343 3604 1533 3659 Nolite
1562 3604 1762 3676 itaque
1795 3603 2068 3660 amittere

411 3694 839 3749 conﬁdentiam
862 3700 1137 3759 vestram,
1173 3711 1305 3765 quae
1339 3711 1614 3766 magnam
1641 3693 1821 3748 habet
1866 3711 2068 3749 remu-

412 3783 787 3840 nerationem
815 3800 826 3836 :
862 3800 1009 3855 opus
1041 3784 1203 3839 enim
1237 3783 1467 3839 habetis
1493 3783 1800 3855 patientia,
1823 3789 1892 3838 ut
1934 3801 2068 3838 cum

412 3873 516 3929 Dei
540 3872 903 3928 voluntatem
923 3873 1206 3942 feceritis,
1232 3874 1550 3946 reportetis
1585 3874 2068 3946 promissionem.

411 3962 620 4020 Adhuc
643 3963 801 4018 enim
826 3981 1145 4036 parumper
1164 3963 1264 4035 qui
1286 3965 1448 4019 venit
1477 3964 1696 4033 veniet,
1725 3969 1782 4019 et
1804 3981 1922 4019 non
1947 3969 2068 4019 tar-

411 4051 592 4108 dabit.
616 4053 816 4109 Justus
839 4059 1037 4110 autem
1055 4071 1225 4110 meus
1246 4071 1316 4109 ex
1339 4053 1454 4110 ﬁde
1473 4053 1639 4110 vivet.
1669 4053 1832 4119 Quod
1853 4054 1900 4110 si
1927 4054 2070 4110 sub—

410 4143 659 4198 traxerit
677 4145 740 4209 »Β
759 4161 842 4212 se,
866 4161 985 4199 non
1008 4143 1498 4216 placebitanimaa
1558 4160 1727 4199 mea).
1782 4145 1894 4200 Nos
1955 4161 2068 4200 au-

413 4235 535 4289 tem
567 4249 688 4288 non
704 4249 910 4290 sumus
933 4234 1357 4290 subtractionis
1389 4233 1464 4288 ad
1495 4232 1913 4306 perditionem,
1966 4233 2069 4290 sed

1710 1911 1722 1948 ε
1766 1917 1793 1944 (ί
1845 1895 1955 1949 Sed
1989 1897 2069 1951 sis
2102 1921 2148 1985 Β

2179 630 2308 706 φήν.
2373 630 2470 685 Διά
2524 631 2686 686 τοῦτο
2731 632 2819 686 καὶ
2877 630 3166 687 ἀνάστασιν
3221 631 3388 707 ἔδειξε
3466 641 3583 696 τοῖς
3648 634 3828 713 διορᾷν

2180 716 2643 792 δυναμένοις,τῆ·ι
2675 717 2751 776 ἔτι
2784 721 2836 776 ἐν
2868 722 3023 797 σαρκὶ
3081 727 3178 778 τοῦ
3238 725 3366 799 βίου
3425 721 3687 801 ἓρποντος
3749 727 3830 783 ἐπὶ

2177 811 2396 865 κοιλίαν
2430 816 2557 882 (12).
2591 814 2775 876 ’Ἐνθεν
2809 813 2898 867 καὶ
2933 837 2960 865 ‹‹
2999 815 3309 888 γεννήματα
3364 813 3599 891 ἐχιδνῶν
3646 842 3673 869 n
3708 818 3828 880 τοὺς

2177 899 2460 960 τοιοίιτους
2491 900 2732 968 ἐκάλεσε,
2766 901 2893 964 τοὺς
2927 902 3284 980 φιληδόνους,
3344 904 3471 965 τοὺς
3500 905 3687 981 γαστρὶ
3745 907 3829 961 καὶ

2181 987 2411 1052 αἰδοίοις
2442 989 2826 1054 δουλεῦοντας.
2858 993 2946 1046 καὶ
2980 993 3074 1056 τάς
3106 993 3373 1064 ἀλλήλων
3408 992 3498 1049 διὰ
3525 998 3619 1057 τὰς
3641 1016 3830 1068 κοσμι-

2178 1079 2275 1139 κάς
2309 1079 2598 1152 ἐπιθυμίας
2657 1083 3062 1153 ἀποτέμνοντας
3121 1084 3360 1161 κεφαλάς
3402 1090 3534 1156 (13).
3568 1086 3830 1158 «Τεκνία,

2183 1171 2259 1242 μή
2319 1169 2616 1245 ἀγαπῶμεν
2671 1173 2847 1246 λόγῳ,
2909 1171 3051 1246 μηδὲ
3109 1172 3362 1249 γλώσσῃ,
3423 1176 3680 1246 Ἰωάννης
3725 1179 3829 1248 (14)

2176 1257 2420 1321 τελείους
2452 1261 2584 1314 εἶναι
2615 1257 2908 1329 διδάσκων,
2944 1287 2971 1313 ι(
3013 1260 3142 1318 ἀλλ’
3173 1262 3223 1318 ἐν
3258 1258 3406 1337 ἔργῳ
3461 1265 3547 1318 καὶ
3582 1262 3829 1336 ἀληθείᾳ·

2179 1347 2233 1402 ἐν
2258 1349 2437 1422 τούτῳ
2477 1350 2820 1422 γνωσόμεθα,
2863 1351 2946 1406 ὅτι
3001 1351 3060 1405 ἐκ
3116 1359 3217 1421 τῆς
3269 1350 3529 1423 ἀληθείας
3570 1350 3746 1426 ἔσμεν.
3807 1377 3830 1404 ιι

2178 1437 2335 1496 Εῗδέ
2369 1440 2610 1514 «ἀγάπη
2671 1442 2699 1495 6
2759 1443 2914 1511 Θεὸς,
2977 1467 3005 1493 ››
3063 1443 3244 1518 ἀγάπη
3307 1444 3396 1498 καὶ
3441 1445 3475 1512 ἡ
3539 1439 3830 1512 θεοσέὅεια,

2179 1550 2210 1584 (ι
2241 1525 2409 1608 φόϐος
2443 1529 2539 1584 οὕκ
2571 1531 2711 1585 ἐστιν
2768 1529 2820 1586 ἐν
2875 1535 2943 1606 τῇ
2978 1532 3175 1608 ἀγάπῃο
3209 1531 3336 1588 ἀλλ’
3366 1534 3402 1602 ἡ
3433 1531 3620 1588 τελεία
3654 1535 3828 1609 ἀγάπη

2178 1618 2278 1692 ἔξω
2313 1618 2509 1696 βάλλει
2540 1622 2630 1675 τὸν
2663 1615 2856 1698 φόϐον.
2889 1621 3035 1693 Αὕτη
3071 1620 3215 1678 ἐστὶν
3247 1626 3281 1693 ἡ
3337 1623 3520 1699 ἀγάπη
3551 1629 3652 1680 τοῦ
3683 1629 3834 1692 Θεοῧ,

2173 1708 2266 1764 ’ἱνα
2295 1712 2392 1771 τὰς
2425 1709 2648 1772 ἐντολάς
2709 1710 2875 1766 αὐτοῦ
2931 1717 3212 1788 τηρῶμεν.
3249 1738 3276 1764 ››
3339 1713 3513 1769 Πάλιν
3550 1734 3610 1769 τε
3641 1713 3706 1769 αὗ
3758 1720 3833 1788 τῷ

2179 1807 2467 1876 γνωστικῷ
2525 1806 2784 1866 ποθοῦντι
2842 1805 3088 1879 γενέσθαι
3147 1803 3503 1880 γέγραπται,
3565 1830 3592 1857 ιι
3664 1805 3834 1862 Ἀλλὰ

2177 1891 2347 1953 τύπος
2395 1892 2548 1967 γίνου
2598 1897 2708 1946 τῶν
2765 1898 2993 1961 πιστῶν,
3049 1892 3103 1948 ἐν
3161 1891 3334 1969 λόγῳ,
3395 1894 3448 1949 ἐν
3505 1897 3831 1970 ἄναστροφῇ,

2181 1980 2234 2037 ἐν
2264 1981 2443 2056 ἀγάπῃ
2473 1983 2610 2055 (15),
2648 1981 2698 2036 ἐν
2732 1980 2932 2052 πίστει,
2982 1983 3036 2038 ‘tv
3094 1983 3290 2058 ἁγνείᾳ.
3353 2006 3380 2035 ιι
3445 1987 3688 2048 Πίστεως
3718 1985 3834 2062 γὰρ,

2182 2073 2367 2142 οἶμαι,
2394 2069 2680 2140 τελειότης
2712 2072 2846 2146 πρὸς
2878 2073 2976 2140 τήν
3000 2074 3190 2141 κοινὴν
3227 2069 3607 2130 διαστέλλεται
3637 2075 3833 2130 πίστιν.

2183 2161 2286 2218 Καὶ
2347 2160 2413 2231 δὴ
2466 2167 2772 2238 γνωστικοῦ
2829 2164 3029 2218 κανόνα
3086 2165 3113 2218 6
3174 2169 3317 2229 θεῖος
3350 2163 3695 2227 Ἀπόστολος
3755 2163 3837 2220 διὰ

2180 2249 2419 2306 τοσῶνδε
2450 2255 2558 2326 (16)
2592 2253 2936 2326 παρίστησιν,
2965 2254 3126 2308 τοῦτο
3184 2254 3281 2326 μὶν
3337 2255 3583 2332 γράφων·
3643 2281 3663 2307 ι
3701 2254 3836 2330 Ἐγὼ

2182 2342 2286 2417 γὰρ
2315 2340 2542 2415 ἔμαθον,
2604 2340 2654 2396 ἐν
2707 2345 2789 2406 οἷς
2849 2343 2988 2416 εἰμι,
3047 2343 3323 2419 αὐτάρκης
3382 2345 3540 2398 εἶναι’
3599 2343 3725 2399 οἶδα
3753 2344 3836 2399 καὶ

2179 2433 2583 2499 ταπεινοῦσθαι,
2645 2429 2764 2487 οἶδα
2820 2432 2914 2487 καὶ
2967 2435 3078 2506 (17)
3138 2433 3497 2509 περισσεύειν.
3533 2435 3623 2491 Ἐν
3685 2433 3837 2489 παντὶ

2180 2523 2271 2579 καί
2299 2522 2351 2579 ἐν
2385 2530 2514 2578 πᾶσι
2545 2523 2860 2597 μεμύημαι,
2916 2525 3006 2580 καὶ
3058 2525 3418 2601 χορτάζεσθαι
3477 2527 3569 2580 καὶ
3627 2529 3838 2600 πεινῇν,

2181 2614 2268 2668 καὶ
2331 2613 2666 2691 περισσεύειν
2725 2614 2815 2668 καὶ
2877 2615 3236 2691 ὑστερεῖσθαι·
3324 2616 3498 2670 πάντα
3551 2614 3732 2672 ἰσχύω
3789 2615 3836 2670 ἐν

2180 2708 2260 2776 τῷ
2289 2701 2681 2777 ἐνδυναμοῦντί
2718 2725 2783 2759 ue
2812 2707 2948 2778 (18).
2979 2729 3006 2756 ››
3064 2707 3234 2761 Τοῦτο
3269 2701 3326 2759 δὲ
3357 2705 3445 2760 καὶ
3489 2705 3626 2782 πρὸς
3660 2704 3838 2783 ἐντρο·

2183 2794 2291 2863 πὴν
2346 2796 2460 2867 (19)
2512 2791 2708 2856 ἄλλοις
2787 2791 3198 2870 διαλεγόμενος,
3259 2793 3358 2849 οὐκ
3439 2794 3586 2851 ὀκνεῖ
3644 2793 3833 2872 λέγειν·

2184 2907 2213 2934 ‹‹
2247 2883 2754 2956 Ἀναμιμνήσκεσθε
2814 2880 2871 2938 δὶ
2927 2883 3020 2945 τὰς
3073 2884 3338 2960 πρότερον
3395 2880 3636 2961 ἡμέρας,
3679 2886 3728 2940 ἐν
3758 2887 3837 2947 αἷς

2184 2974 2537 3051 φωτισθέντες
2563 2970 2781 3042 πολλὴν
2818 2971 3045 3041 ἄθλησιν
3109 2973 3430 3046 ὑπεμείνατε
3479 2976 3838 3048 παθημάτων,

2181 3067 2344 3119 τοῦτο
2381 3063 2475 3135 μὲν
2509 3059 2845 3136 ὀνειδισμοῖς
2878 3084 2935 3118 τε
2993 3065 3084 3118 καὶ
3143 3061 3358 3138 θλίψεσι
3409 3066 3838 3138 θεατριζόμενοι,

2183 3149 2435 3208 τοῦτοδὲ
2493 3152 2751 3206 κοινωνοὶ
2808 3157 2915 3207 τῶν
2977 3151 3154 3215 οὕτως
3211 3153 3696 3231 ἀναστρεφομένων
3751 3175 3838 3230 γε-

2186 3243 2459 3313 νηθέντες.
2494 3241 2596 3299 Καὶ
2638 3241 2741 3318 γὰρ
2798 3248 2914 3304 τοῖς
2972 3239 3195 3316 δεσμοῖς
3256 3264 3361 3317 μου
3418 3246 3840 3318 συνεπαθήσατε,

2184 3333 2273 3388 καὶ
2300 3334 2398 3402 τήν
2429 3333 2681 3408 ἁρπαγὴν
2711 3337 2820 3387 τῶν
2877 3333 3238 3411 ὑπαρχόντων
3302 3334 3456 3407 ὑμῶν
3490 3335 3628 3408 μετά
3669 3341 3835 3410 χαρᾶς

2179 3423 2600 3502 προσεδέξασθεσ
2660 3425 3018 3499 γινώσκοντες
3077 3421 3225 3501 ἔχειν
3282 3424 3504 3488 ἑαυτοὺς
3560 3427 3839 3502 κρείττονα

2180 3516 2404 3591 ὕπαρξιν
2455 3515 2544 3570 καὶ
2605 3515 2870 3588 μένουσαν
2931 3517 3068 3588 (20).
3103 3517 3195 3584 Μὴ
3257 3512 3584 3585 ἀποϐάλητε
3619 3515 3711 3572 οὖν
3744 3516 3836 3584 τὴν

2178 3605 2484 3683 παρῥησίαν
2519 3607 2695 3679 ὑμῶν,
2751 3605 2875 3674 ἥτις
2929 3599 3046 3681 ἔχει
3109 3605 3356 3682 μεγάλην
3388 3603 3832 3679 μισθαποδοσίαν’

2181 3697 2466 3768 ὑπομονῆς
2499 3695 2602 3769 γὰρ
2633 3691 2788 3769 ἔχετε
2820 3693 3030 3768 χρείαν,
3056 3691 3165 3763 ἵνα,
3210 3695 3272 3749 τὸ
3305 3694 3523 3766 θέλημα
3579 3699 3679 3750 τοῦ
3711 3697 3836 3750 Θεοῦ

2178 3783 2860 3854 ποιήσαντες,κομίσησθε
2890 3783 2988 3851 τήν
3039 3781 3385 3860 ἐπαγγελίαν·
3450 3781 3527 3837 ἔτι
3584 3784 3686 3858 γὰρ
3748 3804 3832 3855 μι-

2178 3873 2305 3945 κρὸν
2342 3871 2464 3927 ὅσον
2498 3873 2525 3926 6
2570 3870 2871 3946 ἐρχόμενος
2929 3871 3061 3943 ἣξει,
3117 3873 3207 3928 καὶ
3267 3873 3331 3928 οὐ
3392 3879 3630 3948 χρονιεῖ.
3665 3874 3725 3931 Ὁ
3781 3869 3835 3926 δὲ

2181 3960 2390 4024 δίκαιός
2426 3983 2530 4035 μου
2561 3965 2673 4035 (21)
2705 3961 2765 4016 ἐκ
2818 3963 3055 4024 πίστεως
3108 3965 3348 4033 ζήσεται·
3407 3961 3497 4018 καὶ
3559 3962 3649 4018 ἐὰν
3711 3963 3834 4017 ὑπο.

2181 4051 2487 4124 στείληται,
2521 4053 2624 4107 οὐκ
2657 4049 2869 4108 εὐδοκεῖ
2897 4055 2932 4122 ἡ
2964 4055 3118 4128 ψυχή
3176 4074 3281 4126 μου
3341 4053 3392 4109 ὲν
3453 4052 3622 4126 αὐτῷ.
3656 4055 3838 4125 Ἡμεῖς

2181 4141 2240 4198 δὲ
2271 4139 2371 4197 οὔκ
2401 4141 2561 4215 ἐσμεν
2587 4138 2898 4210 ὑποστολῆς
2930 4141 3007 4204 εἷς
3051 4141 3353 4212 ἀπώλειαν,
3413 4139 3560 4198 ἀλλά
3612 4141 3840 4200 πίστεως

2181 4232 2258 4294 εἷς
2292 4258 2318 4285 ‹‹
2354 4232 2971 4308 περιποίησινεψυχῆς.
3005 4233 3134 4288 Εἶτά
3163 4253 3249 4286 σοι
3281 4239 3492 4306 σμῆνος
3512 4228 3835 4305 ὑποδειγμά⁹

482 4409 546 4474 >14
573 4411 636 4464 Ρ.
670 4411 773 4463 609
807 4409 918 4463 ΕΙ).
951 4407 1246 4472 ΡΟΤΤΕΗ,
1281 4406 1382 4458 515
1416 4405 1527 4459 ΕΙ).
1561 4403 1792 4459 PARIS.
1828 4403 1900 4475 (a)
1933 4403 1981 4459 II
2022 4404 2069 4458 Cn

2183 4419 2260 4476 ιιι,
2295 4405 2378 4457 14.
2412 4403 2490 4476 (ὁ)
2520 4403 2721 4458 Matth.
2757 4420 2840 4471 ιιι,
2872 4403 2928 4460 7.
2957 4403 3026 4474 (ο)
3059 4403 3266 4459 [Joan.
3301 4419 3388 4471 ιιι,
3448 4404 3533 4470 18,
3597 4402 3679 4457 19.
3703 4401 3778 4469 (d)
3815 4401 3831 4454 Ι

411 4483 577 4539 Joan.
612 4498 684 4549 ιν,
711 4484 797 4550 16,
834 4481 918 4536 18.
949 4480 1016 4550 (e)
1051 4479 1259 4535 [Joan.
1291 4493 1344 4544 v,
1376 4478 1427 4532 3.
1462 4476 1528 4548 (Γ)
1561 4479 1579 4529 ι
1609 4476 1756 4532 Tim.
1787 4492 1859 4544 ιν,
1897 4479 1981 4531 12.
2007 4476 2064 4546 (g

2183 4475 2327 4548 lillp.
2361 4475 2436 4546 iv,
2472 4478 2557 4544 11,
2594 4478 2680 4542 12,
2713 4478 2799 4530 13.

483 4656 598 4728 (12)
621 4648 742 4707 Ἐπὶ
773 4646 1010 4705 κοιλίαν.
1044 4647 1282 4706 Rectius
1308 4643 1397 4700 ἐπὶ
1418 4643 1659 4717 κοιλίας,
1693 4664 1875 4721 super
1922 4663 2068 4704 ven-

414 4725 526 4783 tre.
558 4725 831 4780 SvLaunc.

2176 4721 2200 4773 Ι
2392 4646 2478 4700 Ἐν
2507 4644 2713 4721 ἀγάπῃ.
2751 4645 2840 4701 Ἐν
2871 4644 3142 4718 πνεύματι
3199 4644 3430 4702 addunt
3487 4646 3654 4719 Vulg.
3689 4644 3830 4702 Bibl.

2277 4737 2377 4774 1m.
2413 4737 2486 4774 ιν.

2277 4737 2377 4774 un.
2413 4737 2486 4775 ιν.

940 4793 1171 4871 Plinius
1201 4793 1305 4871 Nat
1337 4791 1490 4860 hist,
1522 4791 1623 4847 lib.
1644 4810 1889 4871 _x_,__cap_.
1933 4795 2062 4871 62_._;

2183 4768 2200 4773 -
2518 4784 2913 4871 τοσῶνδε,θά
2951 4783 3140 4843 τῶνδε.
3173 4789 3444 4862 Sylburg.

413 4891 440 4920 «
464 4863 693 4942 Vipera:
712 4863 1039 4942 mascaput
1061 4864 1271 4942 inserit
1291 4863 1352 4918 in
1383 4881 1470 4942 os,
1504 4865 1664 4936 quod
1693 4863 2069 4942 illaabrodit

410 4935 731 5013 voluptatis
753 4935 1092 5013 dulcedine.
1118 4959 1145 4987 ν»
1173 4935 1757 5013 HorusHie-fogtypft.
1779 4936 1882 5013 lib.
1907 4953 1968 5002 ιι,
1993 4935 2065 5013 de

414 5005 614 5086 vipera
638 5014 840 5086 refert,
861 5012 1031 5086 Quod
1062 5009 1189 5086 ὅταν
1218 5007 1544 5086 συγγένηται
1568 5005 1898 5086 τᾷῖὂὶῥρενι,
1931 5005 2064 5086 στό-

457 5077 489 5138 ἀ
521 5086 748 5156 στόματι
781 5077 1073 5170 ἐμϐάλλει,
1106 5081 1195 5168 καὶ
1217 5077 1365 5170 ’μετᾶ
1392 5081 1454 5133 τὸ
1489 5077 2067 5170 ἀποζευχθῇναιρπο-

457 5106 489 5138 α
521 5106 748 5156 στοματι
781 5106 1073 5156 εμοαΛΛει,
1106 5106 1195 5136 και
1230 5106 1365 5170 μετα
1392 5106 1454 5133 το
1489 5106 2067 5153 απυςευχιυηναιμιπυ-

410 5106 648 5214 Samiam
676 5158 773 5224 τήν
807 5152 1051 5238 κεφαλὴν
1079 5157 1176 5238 τοὺ
1207 5150 1447 5238 ἄρρενος,
1484 5153 1710 5238 ἀναιρεῖ.
1751 5153 1912 5238 υράβ
1937 5170 2068 5236 mu:

410 5233 618 5288 lierem
645 5247 750 5300 per
765 5229 986 5284 coitum
1003 5229 1124 5283 viro
1144 5225 1392 5300 insidias
1412 5225 1745 5300 struentem
1769 5225 2064 5300 designari

405 5295 732 5375 cupientes,
750 5303 1012 5383 viperam
1029 5295 1879 5383 pin'gebanthierpglypliicaru
1889 5295 1943 5383 ni
1970 5297 2064 5352 lit-

406 5367 671 5432 terarum
695 5367 867 5445 periti
915 5367 1316 5445 Con—[Ticum
1351 5367 1579 5426 scholia
1627 5369 1688 5445 in_
1728 5369 2064 5445 Lchphro-

405 5450 501 5505 nis
532 5440 790 5502 Cassahd.
816 5463 869 5498 v.
909 5445 1064 5510 1114,
1099 5441 1361 5511 itemque
1417 5447 1620 5495 noster
1675 5440 1735 5495 in
1779 5440 2066 5512 ejusdem

407 5517 704 5593 poematis
737 5534 788 5593 _v.
829 5513 1494 5593 Hl2_Commentar_iu_s.

481 5594 592 5659 (14)
629 5589 902 5659 Ἰωάννης.
940 5585 1411 5659 C_onstr_u_ctionis
1444 5584 1538 5638 lex
1585 5583 1845 5659 postulat
1903 5583 2066 5659 φησὶν

411 5653 694 5728 Ἰωάννης,
730 5676 833 5714 seu
860 5655 1113 5724 Ἰωάννης
1148 5653 1318 5727 λέγει.
1354 5658 1417 5711 In
1451 5673 1546 5728 eo_
1579 5653 1776 5710 autem
1833 5653 1984 5720 loco,
2044 5657 2068 5710 Ι

405 5725 734 5799 Ιοειιιιιῖιιι,
773 5729 937 5799 νιιιε.
966 5731 1112 5784 Bibl.
1150 5725 1370 5799 habent
1401 5725 1585 5799 τεκνία
1617 5744 1742 5799 μου·
1804 5731 1862 5782 et
1907 5745 2064 5782 mox.

407 5802 536 5859 ἀλλ’
565 5796 707 5874 ἔργῳ
736 5798 828 5854 καὶ
860 5796 1109 5872 ἀληθείᾳ·
1141 5797 1233 5853 καὶ
1265 5797 1315 5853 ἐν
1347 5798 1526 5871 τούτῳ
1577 5796 1939 5871 γινώσκομεν.
1997 5801 2064 5854 Α.

414 5887 666 5931 bYLBURG
675 5913 687 5928 ο

2283 4929 2367 5007 18)
2423 4929 2851 5004 Ἐνδυναμοῦντί
2904 4951 2992 5002 με.
3058 4934 3273 5007 Χριστῷ
3359 4931 3588 4988 addunt
3668 4932 3828 5007 Vulg.

2294 5006 2330 5060 ι.
2366 5007 2581 5078 Philip.
2616 5023 2686 5073 ιγ,
2716 5020 3060 5078 quanquam
3092 5006 3133 5078 a7
3155 5010 3348 5060 vetere
3393 5022 3630 5077 quoque
3663 5006 3833 5060 inter-

2181 5083 2345 5150 prete
2378 5077 2592 5150 Christi
2638 5077 2858 5134 nomen
2888 5077 3074 5150 abest.
3117 5077 3393 5150 SYLBURG.

2253 5152 2359 5224 (19)
2394 5150 2535 5224 Πρὸς
2565 5149 2851 5221 ἐντροπήν.
2887 5149 3127 5204 Phrasis
3187 5164 3218 5203 e
3265 5149 3328 5203 D.
3363 5148 3545 5204 Paulo
3579 5153 3829 5219 sumpta,

2181 5225 2202 5274 l
2231 5223 2361 5276 Cor.
2397 5223 2470 5288 vi,
2495 5225 2530 5277 5
2558 5241 2571 5290 ;
2597 5241 2687 5281 xv.
2722 5224 2808 5277 34.

2255 5295 2367 5364 (20)
2391 5294 2772 5354 Γινώσκοντες.
2834 5335 2846 5348 .

2182 5359 2359 5420 Hebr:
2391 5385 2426 5422 x
2474 5385 2486 5422 :
2550 5365 2914 5424 Γινώσκοντες
2953 5359 3131 5479 3pm-
3159 5361 3210 5416 ἐν
3274 5362 3492 5423 ἑαυτοῖς
3558 5359 3832 5438 κρείττονα

2182 5435 2404 5479 {ia-rant";
2438 5437 2488 5479 ἔπι
2521 5437 2768 5479 ηιίηηυηῗρ
2824 5437 2913 5479 va:
2946 5459 2977 5479 η
3014 5458 3040 5479 υ
3241 5452 3308 5479 ρῐ
3347 5437 3828 5479 inlprnrplatinna

2181 5435 2404 5512 ὕπαρξιν
2438 5437 2488 5492 ἐν
2521 5437 2792 5512 οὐρανοῖς,
2824 5437 2915 5491 καὶ
2944 5435 3062 5512 μὲν.
3096 5436 3209 5512 Sed
3241 5452 3312 5491 ex
3335 5435 3828 5512 interpretatione

2183 5508 2435 5580 alicujus
2468 5513 2528 5566 in
2560 5508 2903 5567 contextum
2946 5508 3274 5580 irrepsisse
3332 5508 3446 5563 ista
3503 5513 3834 5581 exegemata

2183 5582 2428 5638 adnotat
2457 5585 2674 5639 noviss.
2711 5583 3211 5652 doctissimusque
3243 5581 3828 5652 inte__rpres.SvLsUac.

2185 5687 2250 5728 —_-
2284 5657 2430 5710 Mox.
2461 5655 2561 5722 τήν
2595 5653 2896 5728 παρῥησίαν
2935 5646 3132 5725 ὑμῶν,’
3173 5649 3295 5719 ἥτις
3355 5646 3471 5707 ἕλει
3503 5646 3833 5724 μισθαποδο-

2183 5725 2301 5778 σίαν
2333 5728 2596 5799 γεγάλξην.
2614 5725 2810 5799 Hebr.
2835 5745 2890 5781 Ι.

2256 5791 2363 5866 (21)
2389 5791 2451 5854 Ὅ
2483 5791 2540 5853 SE
2571 5796 2778 5858 δίκαιός
2817 5817 2942 5869 μου.
2997 5795 3058 5853 Ὀ
3113 5791 3171 5849 δί
3218 5791 3428 5859 δίκαιος
3485 5795 3708 5868 absque
3737 5811 3833 5866 μου

2184 5869 2403 5942 legitur
2432 5870 2493 5927 in
2519 5871 2683 5945 Vulg.
2720 5871 2873 5927 Bibl.
2905 5870 3068 5926 εγω.

2278 4860 2364 4931 ιτ)
2399 4860 2639 4932 καιηΔέ,
2673 4861 2890 4932 Philip.

2183 4868 2286 5061 mi

2907 5333 2920 5348 .
2955 5292 3064 5365 ⁸καὶ
3121 5293 3406 5365 μενουσαν.
3471 5292 3636 5365 Vulg.
3664 5289 3830 5365 _Bibl.
