4138 6414
376 446 519 519 1309

373 608 483 643 των
519 585 676 653 θείων
704 587 1054 661 παρίστησιν,
1115 611 1143 638 ‹‹

374 701 404 730 ιι
437 675 509 733 δι’
541 678 827 751 ὑπομονῆς
865 677 1230 751 κατώρθωσαν
1292 680 1407 751 (22)
1465 677 1518 730 οἱ
1574 674 1912 751 ἐμπαιγμῶν
1941 675 2033 730 καὶ

375 767 651 843 μαστίγων
680 771 870 840 πεῖραν
908 762 1167 828 λαϐόντες
1197 768 1330 840 (23),
1362 763 1439 821 ἔτι
1474 764 1532 821 δὲ
1563 764 1779 838 δεσμῶν
1807 766 1895 820 καὶ
1931 786 2034 843 φυ-

372 855 548 927 λακῆς
577 883 592 924 ;
622 855 1047 926 Ἐλιθάσθησαν,
1081 856 1480 930 ἑμειράσθησαν
1508 859 1642 929 (24),
1669 854 1721 910 ἐν
1750 854 1898 932 φόνῳ
1930 876 2030 927 μα-

374 946 571 1023 χαίρας
604 945 889 1001 ἀπέθανον·
924 942 1226 1020 περιῆλθον
1271 944 1323 999 ὲν
1379 942 1690 1018 μηλωταῖς,
1724 943 1776 998 ἐν
1807 942 2035 1018 αἰγείοις

372 1032 655 1111 δέρμασιν,
713 1034 1126 1111 ὑστερούμενοι,
1180 1029 1526 1108 θλιϐόμενοι,
1568 1032 2031 1109 κακουχούμενοι,

373 1126 449 1180 ὧν
482 1125 586 1180 οὐκ
612 1123 680 1193 ἦν
710 1124 856 1197 ἄξιος
888 1124 917 1179 ὁ
945 1123 1173 1197 κόσμος·
1232 1122 1287 1179 ἐν
1346 1122 1602 1199 ἐρημίαις
1650 1120 2032 1195 πλανώμενοι,

371 1212 464 1272 καί
495 1211 668 1291 ὄρεσι,
726 1214 817 1269 καὶ
877 1211 1195 1284 σπηλαίοις,
1247 1214 1337 1268 καὶ
1395 1218 1517 1276 ταῖς
1578 1212 1741 1275 ὀπαῖς
1772 1215 1873 1278 τῆς
1904 1218 2030 1289 γῆς.

369 1305 473 1363 Καὶ
503 1307 703 1366 πάντες
735 1306 846 1377 (25)
881 1305 1314 1378 μαρτυρηθέντες
1367 1302 1457 1358 διὰ
1503 1309 1605 1373 τῆς
1644 1298 1901 1372 πίστεως,
1935 1301 2035 1358 οὔκ

372 1392 703 1468 ἒκομίσαιτο
729 1394 830 1463 τήν
883 1391 1211 1469 ἐπαγγελίαν
1269 1396 1366 1449 τοῦ
1424 1397 1579 1449 Θεοῦ·
1618 1419 1640 1448 ι
1677 1391 2033 1448 ἀπολείπεται

371 1489 517 1541 νοεῖν
570 1484 635 1539 τὸ
685 1484 825 1540 κατά
878 1484 1300 1559 παρασιώπησιν
1360 1482 1673 1558 εἰρημένον,
1723 1506 1750 1534 ‹‹
1787 1482 1966 1557 μόνοι.
2004 1505 2031 1533 ››

371 1575 651 1650 Ἐπιφέρει
682 1576 835 1650 γοῦν·
871 1597 899 1626 (ι
934 1573 1069 1649 Περὶ
1127 1575 1287 1646 ἡμῶν
1341 1572 1587 1650 κρεῖττόν
1619 1593 1671 1627 τι
1701 1570 2034 1647 προειδομέ-

370 1686 472 1721 νου
499 1667 597 1721 τοῦ
626 1667 782 1735 Θεοῦ,
817 1686 846 1715 ›)
881 1663 1104 1740 (ἀγαθὸς
1163 1664 1267 1737 γὰρ
1325 1663 1394 1733 ἦν
1424 1665 1586 1738 (26)·)
1618 1688 1645 1715 ιι
1674 1662 1768 1718 ἰνα
1798 1665 1873 1737 μὴ
1908 1684 2027 1738 χω-

373 1754 458 1834 ρὶς
487 1757 649 1829 ἡμῶν
679 1756 1043 1813 τεΑειωθῶσι.
1104 1756 1410 1830 Τοιγαροῦν
1466 1753 1557 1809 καὶ
1618 1755 1804 1827 ἡμεῖς,
1833 1757 2030 1809 τοσοῦ-

368 1865 464 1901 τον
494 1838 715 1920 ἔχοντες
750 1842 1136 1920 περικείμενον
1166 1845 1302 1915 ἡμῖν
1334 1844 1495 1921 νέφος
1526 1866 1547 1896 ι
1598 1844 1750 1919 ἅγιον
1780 1841 1870 1898 καὶ
1897 1839 2033 1898 διει-

373 1931 461 1997 δές
494 1936 604 2008 (27)
665 1957 692 1985 ι(
730 1933 1045 2011 μαρτύρων,
1106 1928 1270 2008 ὄγκον
1330 1932 1657 2006 ἀποθέμενοι
1715 1933 1909 2002 πάντα,
1939 1932 2030 1988 καὶ
2065 1966 2111 2033 Β

368 2028 473 2097 τὴν
504 2024 886 2100 εὐπερίστατον
922 2024 1214 2100 ἁμαρτίαν,
1275 2022 1346 2081 δι’
1404 2026 1690 2099 ὑπομονῆς
1741 2026 2032 2101 τρέχωμεν

368 2117 463 2173 τὸν
492 2116 855 2191 προκείμενον
887 2119 1024 2190 ἡμῖν
1082 2114 1282 2192 ἀγῶνα,
1339 2116 1651 2190 ἀφορῶντες
1698 2114 1775 2178 εἷς
1813 2116 1905 2171 τὸν
1937 2122 2035 2185 τῆς

370 2206 604 2269 πίστεως
636 2205 882 2281 ἀρχηγὸν
943 2203 1033 2260 καὶ
1089 2202 1389 2274 τελειωτήν
1446 2207 1688 2274 Ἰησοῦν.
1722 2228 1750 2256 ››
1782 2206 1902 2261 ’Ότι
1937 2204 2034 2278 μὲν

375 2294 470 2352 οὖν
502 2295 628 2369 μίαν
659 2293 934 2366 σωτηρίαν
982 2291 1128 2370 λέγει
1187 2292 1240 2349 ἐν
1295 2298 1515 2370 Χριστῷ
1544 2299 1649 2349 τῶν
1685 2291 1913 2350 δικαίων
1943 2294 2035 2349 καὶ

368 2387 530 2459 ἡμῶν
590 2386 727 2458 (28),
778 2387 967 2461 σαφῶς
1028 2383 1124 2457 μὶν
1187 2381 1403 2459 εἴρηκεν
1451 2384 1740 2459 πρότερον·
1788 2381 1946 2438 οὐδὲν
1978 2380 2037 2439 δὲ

368 2477 533 2546 ἧττον
560 2473 650 2529 καὶ
681 2472 806 2549 περὶ
854 2472 1121 2535 Μοϋσέως
1176 2472 1376 2548 λέγων,
1436 2470 1699 2551 ἐπιφέρει·
1735 2495 1765 2525 ‹‹
1792 2473 2036 2542 Μείζονα

367 2561 607 2620 πλοῦτον
668 2560 1023 2638 ἡγησάμενος
1076 2565 1184 2616 τῶν
1247 2560 1526 2637 Αἴγύπτου
1583 2563 1693 2635 (29)
1743 2562 2031 2638 θησαυρῶν

366 2654 459 2710 τὸν
494 2649 804 2726 ὀνειδισμὸν
858 2655 958 2707 τοῦ
1014 2653 1273 2727 Χριστοῦ·
1333 2644 1612 2707 ἀπέϐλεπε
1662 2651 1766 2726 γὰρ
1825 2650 1902 2714 εἷς
1929 2652 2031 2722 τὴν

373 2740 829 2818 μισθαποδοσίαν·
890 2741 1068 2797 πίστει
1117 2739 1408 2797 κατέλιπεν
1464 2739 1761 2815 Αἴγυπτον,
1823 2743 1899 2814 μή
1933 2762 2036 2816 φο·-

371 2828 562 2904 ϐηθεῖς
615 2832 709 2888 τὸν
771 2832 944 2906 θυμὸν
1007 2829 1301 2908 βασιλέως·
1361 2831 1452 2885 τὸν
1512 2831 1616 2908 γὰρ
1678 2830 1911 2906 ἀόρατον
1956 2831 2031 2894 ὡς

371 2923 515 2999 ὁρῶν
549 2920 929 2996 ἐκαρτέρησεν.
964 2947 993 2975 ››
1052 2921 1117 2978 Ἦ
1182 2920 1296 2986 θεία
1357 2920 1534 3000 Σοφία
1587 2921 1713 2996 περὶ
1752 2926 1859 2979 τῶν
1896 2941 2033 2997 μαρ-

368 3011 548 3089 τύρων
582 3007 748 3088 λέγει·
783 3035 811 3064 ‹‹
846 3005 1033 3082 ἔδοξαν
1093 3009 1148 3066 ὲν
1211 3010 1524 3089 ὀφθαλμοῖς
1565 3010 1815 3089 ἀφρόνων
1841 3011 2035 3067 τεθνά-

368 3123 475 3172 ναι,
533 3101 625 3157 καὶ
681 3099 940 3177 ἐλογίσθη
1000 3099 1240 3163 κάκωσις
1299 3103 1335 3171 ἡ
1395 3097 1583 3172 ἔξοδος
1642 3101 1845 3171 αὐτῶν,
1876 3103 1964 3157 καὶ
1996 3103 2031 3171 ἡ

379 3191 468 3272 ἀφ’
495 3194 657 3266 ἡμῶν
697 3188 895 3267 πορεία
950 3187 1284 3265 σύντριμμα·
1345 3191 1397 3244 οἱ
1453 3187 1511 3244 δὶ
1568 3188 1700 3244 εἰσιν
1734 3189 1789 3244 ἐν
1815 3188 2032 3266 εἰρήνῃ·

1706 460 2153 518 δτΒοΜΔτῠΠ
2191 463 2325 516 LIB.
2367 462 2464 517 IV.

1195 591 1262 642 Ἣ
1320 585 1423 663 γὰρ
1478 585 1545 641 οὐ
1574 583 1778 657 πίστει,
1811 611 1833 641 ι
1871 585 2029 664 φησὶ,

2149 585 2288 642 ﬁdei
2308 586 2383 643 ad
2404 586 2863 658 acquisitionem
2892 608 2921 637 ››
2947 585 3163 642 anima;
3189 586 3284 659 (a).
3314 586 3538 645 Deinde
3560 587 3802 646 adducit

3658 434 3801 518 mo

2143 676 2251 731 tibi
2311 693 2561 733 examen
2615 677 3029 748 exemplorum
3091 676 3446 732 divinorum.
3494 696 3524 728 «
3555 679 3800 747 Annon,

2142 767 2357 838 inquit,
2422 768 2536 824 ﬁde
2592 785 2698 839 per
2751 766 3102 839 patientiam
3163 783 3225 822 se
3284 767 3569 839 praeclare
3600 784 3803 841 gesse-

2141 862 2303 926 runt,
2337 859 2438 928 qui
2470 857 2730 912 ludibria
2760 863 2820 912 et
2849 857 3112 930 ﬂagella,
3139 863 3197 911 et
3226 857 3463 913 vincula
3492 863 3800 929 praeterea,

2142 951 2201 1002 et
2229 963 2529 1003 carcerem
2561 947 2788 1020 experti
2831 947 3017 1002 sunt?
3063 946 3330 1019 Lapidati
3374 947 3637 1014 fuerunt,
3670 953 3799 1004 ten-

2143 1037 2247 1091 tati
2282 1043 2441 1104 sunt,
2473 1038 2536 1092 in
2569 1037 2728 1092 crede
2760 1037 2942 1110 gladii
2974 1037 3190 1091 mortui
3223 1042 3382 1099 sunt,
3437 1037 3804 1093 circuierunt

2141 1126 2203 1181 in
2235 1127 2424 1181 ovinis
2457 1132 2516 1182 et
2545 1127 2804 1199 caprinis
2834 1126 3108 1199 pellibus,
3148 1132 3410 1199 egentes,
3442 1126 3671 1192 afﬂicti,
3704 1143 3799 1183 ve-

2139 1216 2281 1283 xati,
2311 1216 2530 1288 quibus
2562 1216 2774 1290 dignus
2802 1234 2923 1271 non
2954 1221 3083 1272 erat
3110 1216 3407 1283 mundus;
3442 1216 3504 1271 in
3527 1216 3802 1273 solitudi-

2139 1305 2318 1360 nibus
2345 1306 2636 1372 errantes,
2667 1311 2726 1361 et
2754 1305 3082 1371 montibus,
3117 1311 3175 1361 et
3205 1305 3527 1377 speluncis,
3562 1311 3620 1361 et
3642 1307 3800 1362 fora;

2141 1395 2405 1452 minibus
2426 1401 2616 1453 terrae.
2636 1398 2705 1451 Et
2722 1395 2781 1451 hi
2805 1413 3013 1451 omnes
3032 1396 3374 1451 testimonio
3388 1395 3527 1452 ﬁdei
3545 1396 3798 1469 probati,

2142 1502 2262 1542 non
2297 1491 2656 1558 acceperunt
2676 1486 3139 1559 promissionem
3167 1504 3180 1553 ;
3209 1508 3235 1535 ››
3262 1490 3449 1542 restat
3468 1486 3806 1542 subintelli-

2141 1576 2423 1650 gendum,
2458 1576 2617 1648 quod
2649 1575 2824 1631 tacite
2857 1576 3081 1631 dictum
3116 1581 3225 1641 est,
3256 1597 3283 1625 ιι
3317 1575 3449 1632 soli.
3483 1596 3509 1627 ι
3540 1576 3801 1648 Subjun-

2139 1666 2223 1739 git
2258 1666 2486 1738 itaque:
2522 1666 2666 1721 Cum
2720 1665 2792 1721 de
2851 1664 3025 1720 nobis
3084 1664 3299 1720 melius
3357 1663 3586 1738 aliquid
3644 1667 3802 1722 Deus

2139 1755 2511 1829 praevidisset
2538 1754 2753 1827 (bonus
2796 1754 2956 1810 enim
2989 1753 3136 1823 erat)
3189 1760 3255 1809 ut
3300 1771 3419 1810 non
3465 1755 3593 1810 sine
3625 1755 3802 1811 nobis

2141 1847 2286 1902 2‘"
2353 1848 2934 1902 consummarentur.
2998 1844 3201 1915 Itaque
3246 1860 3382 1900 curn
3416 1847 3474 1899 et
3501 1860 3612 1900 nos
3644 1844 3802 1900 circa

2142 1953 2253 1992 nos
2277 1935 2605 1991 habeamus
2627 1939 2852 1990 tantam
2874 1933 3097 1989 nubem
3122 1955 3149 1983 ››
3175 1937 3438 1989 sanctam
3462 1938 3520 1988 et
3548 1933 3804 2006 pelluci-

2142 2025 2280 2081 dam
2312 2048 2338 2074 ‹‹
2376 2025 2638 2091 testium,
2683 2023 3053 2095 deponentes
3101 2039 3280 2078 omne
3313 2022 3568 2095 pondus,
3602 2029 3663 2080 et
3689 2042 3801 2081 nos

2140 2113 2315 2169 facile
2338 2113 2734 2169 circumstans
2756 2116 3087 2185 peccatum,
3107 2130 3214 2185 per
3228 2112 3579 2185 patientiam
3598 2130 3799 2171 curra-

2141 2219 2276 2259 mus
2307 2203 2381 2259 ad
2413 2203 2584 2258 nobis
2634 2204 3006 2275 propositum
3057 2206 3380 2270 certamen,
3412 2202 3799 2276 respicientes

2143 2293 2218 2351 ad
2236 2293 2375 2349 ﬁdei
2395 2296 2702 2349 auctorem
2725 2298 2785 2349 et
2799 2297 3346 2349 consummatorem
3365 2294 3563 2349 Jesum
3585 2294 3714 2364 (6).»
3732 2296 3804 2350 Et

2142 2382 2302 2455 quod
2330 2397 2515 2438 unam
2538 2381 2930 2454 eamdemque
2953 2382 3249 2455 intelligat
3269 2383 3525 2439 salutem
3546 2383 3609 2438 in
3628 2384 3802 2440 Chri-

2144 2477 2257 2540 sto,
2289 2488 2425 2527 cum
2449 2473 2777 2544 justorum,
2814 2476 2938 2527 tum
2970 2472 3149 2526 etiam
3181 2472 3641 2545 nostram,prius
3674 2474 3801 2545 qui-

2144 2559 2279 2617 dem
2312 2560 2463 2616 dixit
2487 2566 2710 2633 aperte,
2765 2558 2957 2615 nihilo
3015 2564 3218 2616 tamen
3277 2561 3470 2617 secius
3501 2560 3574 2617 de
3603 2563 3801 2635 Moyse

2142 2666 2378 2722 quoque
2400 2650 2629 2717 dicens,
2654 2649 2962 2722 subjungit
2986 2666 2999 2702 :
3028 2671 3049 2697 ι
3072 2649 3324 2721 Majores
3345 2650 3695 2707 existimans
3718 2651 3804 2707 di-

2142 2740 2314 2795 vitias
2342 2756 2521 2811 quam
2572 2740 2884 2795 thesauros
2929 2740 3181 2812 Egypti,
3233 2739 3450 2795 Christi
3498 2741 3800 2813 imprope-

2140 2830 2327 2896 rium;
2348 2828 2710 2901 respiciebat
2731 2828 2890 2884 enim
2913 2829 3482 2885 remunerationem.
3499 2829 3638 2886 Fide
3660 2830 3803 2886 reli-

2143 2920 2622 2992 quit/Egyptum,
2653 2935 2773 2974 non
2804 2919 3027 2974 veritus
3058 2919 3209 2975 iram
3240 2919 3415 2992 regis.
3435 2906 3802 2975 Invisibilem

2143 3009 2304 3065 enim
2336 3014 2624 3080 tanquam
2647 3009 2746 3080 qui
2771 3008 3450 3081 videret,sustinuit(c).»
3476 3010 3682 3065 Divina
3701 3009 3804 3065 Sa-

2142 3100 2371 3175 pientia
2400 3100 2546 3156 dicit
2573 3100 2646 3156 de
2674 3100 3035 3172 martyribus
3062 3118 3075 3155 :
3117 3124 3144 3151 «
3184 3100 3300 3156 Visi
3347 3106 3490 3157 sunt
3516 3103 3581 3157 in
3614 3101 3805 3158 oculis

2144 3190 2559 3263 insipientium
2590 3190 2764 3257 mori,
2807 3196 2865 3244 et
2914 3195 3189 3263 reputata
3219 3195 3310 3245 est
3336 3191 3566 3246 vexatio
3598 3207 3805 3247 eorum

371 3281 462 3338 καὶ
493 3280 599 3358 γὰρ
632 3280 684 3337 ἐν
719 3276 842 3355 ὄψει
896 3278 1197 3352 ἀνθρώπων
1252 3278 1339 3334 ὲάν
1399 3275 1768 3348 κολασθῶσιν,
1796 3281 1832 3349 ἡ
1874 3277 2034 3341 ἐλπὶς

2147 3281 2363 3349 exitus,
2397 3285 2456 3335 et
2485 3296 2519 3335 a
2556 3279 2729 3335 nobis
2787 3279 3105 3347 discessus,
3166 3280 3488 3336 contritio:
3547 3280 3636 3336 illi
3667 3297 3804 3337 vero

373 3343 579 3427 αὐτῶν.
609 3343 896 3436 ἀθανασίας
955 3343 1199 3442 πλήρης.
1235 3392 1264 3421 ››
1323 3369 1458 3426 Εἶτα
1515 3367 1728 3443 ἐπάγει,
1754 3343 2034 3444 ’κάθαρσιν

2150 3377 2292 3428 sunt
2318 3372 2378 3425 in
2410 3387 2575 3443 pace.
2609 3370 2845 3426 Etenim
2875 3371 2922 3426 si
2983 3371 3046 3426 in
3095 3370 3286 3427 oculis
3316 3370 3626 3426 hominum
3661 3387 3806 3442 sup-

372 3458 588 3533 ἔνδοεον
638 3462 701 3517 τὸ
760 3458 1057 3537 μαρτύριον
1116 3455 1465 3514 διδάσκουσα·
1500 3483 1527 3511 ‹‹
1563 3458 1668 3515 Καὶ
1702 3457 1865 3535 ὀλίγα
1893 3480 2031 3515 παι-

374 3548 670 3619 δευθέντες,
705 3549 922 3623 μεγάλα
951 3549 1495 3625 εὖεργετηθτςσονται·
1528 3548 1613 3604 ’ὀτι
1654 3548 1683 3603 ὁ
1723 3548 1855 3612 Θεὸς
1886 3547 2034 3603 ἐπεί-

373 3661 531 3717 ρασεν
590 3637 805 3702 αὐτούς·
841 3662 870 3693 »
929 3636 1234 3709 τουτέστιν,
1294 3637 1370 3701 εἰς
1429 3635 1682 3713 δοκίμιον
1729 3638 1818 3693 καὶ
1851 3634 2034 3694 δυσω-

372 3731 500 3786 πίαν
561 3733 656 3785 τοῦ
713 3727 1063 3803 πειράζοντος
1138 3727 1313 3784 εἷάσεν
1388 3725 1584 3791 αὐτοὺς
1652 3730 2033 3804 πειρασθῆναι·

374 3844 404 3874 ιι
435 3819 524 3875 καὶ
557 3819 708 3895 εὗρεν
767 3816 964 3880 αὐτοὺς
1014 3816 1196 3888 ἀξίους
1251 3818 1469 3889 ἑαυτοῦ,
1517 3816 1670 3877 υἱοὺς
1697 3819 1974 3889 κληθῆναι
2008 3842 2037 3870 ››

372 3906 659 3980 δηλονότι.
693 3933 721 3960 ι(
748 3908 842 3970 Ὠς
877 3907 1084 3984 χρυσὸν
1117 3906 1169 3963 ἒν
1202 3906 1568 3984 χωνευτηρίῳ
1600 3904 1924 3982 ἑδοκίμασεν
1948 3906 2042 3962 αὖ-

369 3998 518 4066 τοὺς,
576 3996 668 4052 καὶ
726 3997 800 4058 ὡς
856 3993 1240 4071 ὁλοκάρπωμα
1292 3996 1475 4058 θυσίας
1527 3993 1889 4070 προσεδέξατο
1938 3997 2035 4051 αὖ·

370 4084 520 4151 τούς·
553 4083 645 4141 καὶ
693 4083 745 4140 έν
800 4088 976 4160 καιρῷ
1035 4082 1341 4155 ἐπισκοπῆς
1397 4084 1574 4140 αὐτῶν
1629 4083 2039 4159 ἀναλάμψουσι,

371 4174 463 4231 καὶ
523 4174 599 4237 ὡς
657 4180 952 4247 σπινθῆρες
995 4171 1049 4228 ἐν
1100 4170 1330 4248 καλάμῃ
1405 4170 1855 4248 ὃιαδραμοῦνται·
1914 4193 2038 4245 κρι-

376 4268 557 4321 νοῦσιν
613 4260 765 4336 ἔθνη,
821 4263 913 4319 καὶ
972 4264 1305 4338 κρατήσουσι
1358 4261 1533 4332 λαῶν,
1572 4262 1662 4317 καὶ
1724 4259 2036 4338 βασιλεύσει

374 4354 550 4411 αὐτῶν
584 4353 790 4429 Κύριος
824 4352 900 4417 εἲς
922 4350 1052 4417 τοὺς
1081 4351 1304 4415 αἲῶνας.
1338 4376 1367 4405 ››

2143 3460 2342 3534 pliciis
2371 3460 2568 3516 affecti
2596 3460 2840 3527 fuerint,
2866 3476 3002 3532 spes
3025 3476 3232 3515 eorum
3258 3460 3438 3533 plena
3453 3465 3546 3515 est
3563 3459 3805 3515 immor-

2145 3549 2393 3606 talitatis
2415 3550 2513 3622 (ά).
2536 3570 2564 3599 ››
2584 3548 2809 3605 Deinde
2828 3548 3151 3622 subjungit,
3172 3548 3490 3623 gloriosam
3516 3565 3803 3622 expurga-

2145 3640 2374 3698 tionem
2432 3639 2652 3696 docens
2712 3656 2842 3696 esse
2896 3639 3288 3712 martyrium:
3343 3661 3372 3690 «
3403 3640 3474 3694 Et
3505 3639 3567 3694 in
3597 3639 3803 3711 paucis

2148 3731 2441 3804 castigati,
2486 3729 2719 3803 magnis
2769 3729 3109 3786 afﬁcientur
3152 3728 3485 3797 beneﬁciis,
3520 3728 3805 3800 quoniam

2149 3823 2304 3877 Deus
2335 3820 2587 3875 tentavit
2615 3836 2739 3888 eos,
2774 3841 2802 3869 ι)
2853 3820 2966 3875 hoc
3014 3824 3123 3887 est,
3156 3818 3231 3874 ad
3262 3835 3469 3875 eorum
3500 3818 3807 3891 probatio-

2148 3926 2310 3979 nem,
2335 3914 2394 3964 et
2420 3913 2489 3964 ut
2508 3908 2735 3981 pudore
2763 3908 3061 3964 afficiatur
3085 3912 3363 3979 tentator,
3385 3908 3521 3963 sivit
3549 3924 3650 3964 eos
3682 3913 3807 3964 ten-

2148 3999 2300 4066 tari;
2334 4021 2363 4050 ι(
2397 4003 2455 4054 et
2485 3999 2712 4054 invenit
2740 4014 2843 4053 eos
2889 4015 2953 4053 se
2998 3997 3232 4069 dignos,
3264 4019 3294 4047 ››
3350 4002 3415 4052 ut
3444 3997 3673 4054 scilicet
3701 4014 3803 4054 vo-

2148 4094 2359 4145 centur
2389 4088 2521 4144 ﬁlii.
2556 4111 2583 4138 α
2617 4087 2927 4158 Tanquam
2948 4103 3160 4144 aurum
3182 4087 3244 4142 in
3263 4086 3505 4143 fornace
3535 4087 3807 4159 probavit

2148 4195 2273 4243 eos,
2307 4183 2369 4233 et
2396 4182 2680 4247 tanquam
2711 4176 2966 4233 solidam
3006 4175 3282 4233 sacriﬁcii
3307 4175 3671 4232 oblationem
3703 4192 3803 4232 ex-
3872 4178 3879 4185 ’

2147 4267 2307 4340 cepit
2334 4284 2456 4331 eos,
2491 4272 2549 4323 et
2575 4267 2641 4322 in
2672 4271 2942 4338 tempore
2963 4266 3354 4339 inspectionis
3384 4281 3590 4322 eorum
3619 4264 3804 4339 fulge-

2148 4356 2317 4425 bunt,
2352 4362 2411 4413 et
2440 4362 2724 4430 tanquam
2756 4355 3033 4412 scintillae
3086 4356 3150 4412 in
3182 4355 3402 4428 stipula
3430 4360 3801 4429 percurrent.

2002 4508 2005 4513 ,
2060 4481 2108 4547 D
2147 4447 2508 4504 Judicabunt
2532 4452 2761 4521 gentes,
2788 4450 2847 4502 et
2865 4446 3335 4503 dominabuntur
3355 4445 3682 4519 populis,et
3700 4462 3805 4502 rex

2142 4553 2349 4594 eorum
2382 4538 2495 4593 erit
2525 4536 2812 4594 Dominus
2842 4536 2905 4591 in
2937 4536 3157 4593 smcula
3176 4535 3275 4609 (ε).
3318 4557 3347 4586 ››

448 4709 523 4782 (a)
552 4707 730 4782 Hebr.
761 4725 818 4782 x,
852 4706 1042 4782 325-39.
1076 4707 1150 4780 (ὁ)
1176 4705 1353 4763 Hebr.
1387 4722 1468 4775 XI,
1501 4707 1588 4778 36,
1623 4709 1712 4776 37,
1744 4707 1836 4777 38,
1868 4709 1957 4779 39,
1989 4710 2034 4763 44

2147 4726 2229 4782 ιιι,
2270 4709 2324 4775 4,
2376 4712 2427 4764 2.
2479 4707 2552 4782 (a)
2601 4707 2776 4764 Hebr.
2822 4723 2900 4779 xi,
2941 4709 3031 4778 26,
3062 4706 3153 4763 27.
3186 4706 3262 4781 (ἀ)
3295 4707 3431 4781 Sap.
3464 4725 3544 4779 Ill,
3575 4711 3630 4781 2,
3662 4710 3716 4780 3,
3747 4709 3802 4766 4.

374 4779 627 4854 (εΗδίά.
662 4783 717 4848 5,
748 4781 803 4849 6,
835 4781 971 4848 7,8.

451 4952 564 5025 (22)
595 4954 664 5005 Ἢ
697 4948 802 5025 γᾲρ
846 4989 860 5003 .
910 4989 923 5003 .
967 4990 981 5005 .
1040 4947 1434 5025 κατώρθωσαν.
1497 4949 2045 5025 Clementisverba

379 5020 523 5081 sunt
536 5020 664 5080 haec
684 5020 761 5078 ad
774 5020 1011 5093 eaquae
1036 5020 1932 5093 sequuntur,transitum‘fagien
1943 5024 2038 5079 tis.

450 5097 563 5168 (23)
599 5084 1331 5168 [ls‘ipatv_X_a{66v-cec.-_ﬂebr._
1357 5084 1436 5161 ἐι,
1466 5096 1666 5168 πεῖραν
1678 5087 1910 5168 Δἔλαϐον.

629 5161 1051 5239 Ἐλιθάσθησαν,
1095 5235 1103 5239 _
1148 5161 1571 5239 ἐπειράσθησανξ
1646 5165 1840 5239 Vulg._
1887 5166 2038 5239 Bibl.

380 5233 557 5296 Hebr.
613 5257 703 5312 XI,
736 5240 859 5312 A37:
903 5233 1341 5312 ΔἘλιθάσθησαν,
1396 5233 1790 5312 Δἐττρίσθηιιςαν,⁷
1821 5234 2041 5312 ἐπειρᾶ-

380 5313 607 5379 σθησαν.
640 5310 748 5367 Ubi
776 5308 934 5366 conf.
968 5326 1100 5381 quae
1132 5308 1440 5381 adnotavit
1465 5307 1821 5381 ClnMillius.

449 5377 561 5455 (25)
597 5382 819 5455 Πάντες.
852 5377 1026 5455 Vulg.
1087 5380 1234 5438 Bibl.
1295 5378 1449 5455 οὗτοι
1503 5377 1720 5441 πάντες·
1766 5388 1839 5455 _et,
1880 5398 2036 5446 mox,

377 5455 477 5525 τὴν
511 5452 857 5530 ἐπαγγελίαν,
910 5452 1139 5530 alisque
1182 5453 1517 5530 genit.mto§
1547 5456 1708 5530 Θεοῦ·
1749 5453 1911 5523 dein,
1941 5457 2040 5508 τοῦ

376 5518 512 5583 Θεοῦ
544 5518 674 5601 περῖ
698 5518 859 5601 ἡμῶν
891 5518 1140 5601 κρεῖττόν
1171 5518 1225 5579 ξι
1255 5518 1735 5601 προϐλεψαμένου.

449 5602 557 5672 (26)
593 5595 822 5673 Ἄγαρᾂ
851 5595 952 5673 γὰρ
978 5595 1069 5667 ἦν.
1104 5595 1493 5673 Commation
1531 5595 1643 5654 hoc
1671 5597 2041 5673 _a_Clemente

375 5669 679 5745 insertum'
700 5669 934 5726 videtur
962 5676 1209 5743 propter
1238 5671 1552 5730 haereticos
1582 5669 1684 5745 qui
1716 5670 1902 5727 Deum
1932 5688 2041 5727 ne-

383 5744 600 5818 gabant
630 5744 856 5801 bonum
883 5759 1034 5798 esse.

2365 4951 2559 5033 Ἃγιον
2609 4944 2977 5033 καὶιδιειόέςε
3004 4951 3410 5033 ’φροιωᾶιὶοΡ
3462 4951 3612 5008 illud
3676 4951 3811 5008 Cle-

2152 5023 2375 5078 mentis
2406 5028 2672 5095 est,_non_
2705 5023 2973 5095 Apostoli
3004 5024 3180 5079 Hebr.
3217 5041 3318 5080 xu.
3351 5024 3626 5081 SYLBURG.

2225 5095 2338 5177 (.28)
2370 5089 2872 5177 T&3_'8t_xutwv'xui
2904 5096 3090 5177 ἡμῶν.
3133 5097 3413 5177 Nempe”:
3439 5096 3808 5177 justorum-n

2153 5166 2256 5238 qui
2287 5171 2425 5223 ante
2448 5167 2750 5223 Christum
2769 5166 3069 5236 vixerunt,
3093 5172 3149 5223 et
3171 5166 3811 5238 Christianorum,qui-

2148 5237 2266 5311 bus
2295 5239 2501 5311 eadem
2531 5244 2622 5295 est
2648 5256 2754 5311 per
2782 5240 3083 5311 Christum
3113 5239 3188 5294 ad
3211 5238 3472 5311 salutem
3503 5239 3592 5295 via
3617 5255 3650 5311 εΔ
3664 5237 3805 5311 nam

2151 5308 2311 5385 αὐτος
2345 5309 2406 5385 ἂν
2439 5309 2575 5385 θύρα
2602 5304 2702 5385 τοῦ
2730 5310 2965 5385 Harpe“
2986 5308 3063 5385 δι’
3084 5311 3151 5377 ἧς
3180 5304 3808 5385 εἷσέρχονται-ᾊϐραάμ

2147 5381 2237 5456 καὶ
2271 5382 2452 5456 Ἰσαάκ
2480 5377 2569 5436 καὶ
2602 5377 2915 5456 Ἰακὼϐκαὶ
2950 5377 3457 5456 οίᾷπροφῆταιδκαὶ
3489 5382 3544 5437 οἱ
3571 5377 3807 5438 ἀποστο-

2151 5451 2264 5520 λοι,
2320 5455 2414 5510 καὶ
2467 5457 2501 5525 ἡ
2555 5452 2873 5522 Ἐκκλησία.
2912 5479 2961 5528 fc
2998 5451 3104 5510 Ille
3157 5451 3476 5528 (Christus)
3506 5463 3597 5511 est
3618 5456 3808 5528 janua

2148 5528 2340 5601 Patris
2362 5550 2377 5595 ;
2395 5544 2503 5601 per
2523 5544 2700 5601 quam
2722 5526 3140 5600 ingrediuntur
3159 5526 3458 5601 Abraham
3482 5533 3551 5601 _et
3573 5526 3732 5601 lsaac
3750 5534 3809 5583 et

2147 5599 2346 5667 Iacob,
2397 5599 2464 5656 et
2517 5599 2845 5671 prophetae,
2879 5604 2938 5671 et
2966 5599 3243 5670 apostoli,
3276 5604 3335 5655 et
3365 5599 3649 5671 Ecclesia,
3684 5621 3714 5651 ι»
3741 5606 3811 5657 ut

2148 5673 2232 5728 ait
2264 5670 2536 5745 Ignattius’
2556 5670 2734 5745 Epist.
2767 5671 2842 5745 ad
2867 5670 3351 5745 Philadelphenos,
3384 5689 3512 5744 cap.
3544 5673 3600 5729 9.

2221 5740 2332 5815 (29)
2362 5740 2664 5818 Αἲγύπτοῦ.
2702 5741 2787 5795 Ἐν
2818 5740 3314 5816 ΑἷγύπτῳξΗθὺΓ.
