4138 6400
368 402 503 460 1311

1602 399 2010 460 ϐιΕΠΒΝΤΙΒ
2048 406 2550 463 ALEXANDBINI

3654 406 3803 464 1312

1849 558 2082 614 CAPUT
2133 559 2304 614 XVII.

515 654 843 711 Citationem
873 666 942 703 ea:
972 648 1204 719 epistola
1233 649 1290 703 S.
1329 647 1612 704 Clementis
1660 648 1735 704 ad
1783 648 2099 789 Corinthips
2131 649 2221 775 tad
2269 656 2654 719 argumentum
2692 651 3055 720 praecedentis
3081 653 3282 722 capitis
3309 658 3646 722 spectantem

1981 738 2038 775 re
2069 738 2128 775 er
2159 763 2171 776 .

1981 738 2171 776 νεῖενι.

439 818 619 869 Porro
651 819 849 868 autem
880 813 1156 866 Clemens
1186 827 1423 882 quoque
1466 811 1770 882 apostolus
1801 811 1862 865 in
1894 811 2016 882 epi-

2207 809 2307 863 Ναὶ
2341 811 2448 882 μὴν
2481 809 2534 865 ἐν
2564 813 2633 884 τῇ
2691 810 2826 884 πρὸς
2887 811 3203 886 Κορινθίους
3253 810 3554 885 Ἐπιστολῇ
3588 813 3616 866 ὁ
3647 810 3797 868 ἀπό-

368 903 520 959 stola
535 903 610 957 ad
627 902 987 968 Corinthios,
1009 903 1133 972 ipse
1154 899 1216 963 »ια
1238 918 1473 972 quoque
1502 900 1676 955 nobis
1701 900 2020 970 quamdam

367 992 618 1065 gnostici
646 992 964 1063 imaginem
998 990 1362 1054 describens,
1398 989 1578 1043 dicit:
1631 1011 1658 1037 ‹‹
1691 989 1832 1054 Quis
1859 990 2019 1044 enim

368 1081 524 1154 apud
583 1099 685 1136 vos
747 1081 1098 1144 diversatus,
1179 1079 1341 1133 omni
1427 1079 1638 1133 virtute
1701 1079 2017 1149 perfectam

368 1172 723 1241 firmamque
746 1170 924 1224 fidem
947 1175 1200 1224 vestram
1220 1185 1339 1224 non
1364 1167 1669 1240 probavit?
1688 1168 2019 1224 modestam

364 1278 432 1318 ac
464 1260 777 1317 decentem
801 1261 860 1314 in
884 1260 1115 1314 Christo
1139 1260 1422 1331 pietatem
1444 1275 1562 1314 non
1586 1266 1677 1314 est
1693 1259 2020 1314 admiratus

364 1358 425 1407 et
450 1350 959 1424 magnificentiam
984 1349 1410 1421 hospitalitatis
1432 1355 1637 1404 vestras
1661 1366 1780 1404 non
1807 1349 2018 1420 prandi-

365 1441 563 1497 cavit?
593 1446 652 1495 et
682 1439 1005 1512 perfectam
1037 1455 1105 1494 ac
1157 1438 1431 1493 stabilem
1463 1438 1865 1510 cognitionem
1896 1455 2018 1493 non

365 1530 598 1586 beatam
630 1547 758 1584 esse
791 1529 1072 1584 censuit?
1102 1545 1238 1584 nam
1262 1529 1410 1583 citra
1434 1544 1821 1598 personarum
1852 1542 2017 1582 acce-

363 1620 628 1692 ptionem
651 1619 853 1673 omnia
874 1618 1204 1679 faciebatis,
1222 1624 1280 1672 et
1299 1617 1358 1671 in
1385 1617 1484 1672 Dei
1507 1617 1788 1689 legitimis
1809 1617 2017 1672 ambu-

364 1709 598 1765 labatis.
634 1729 657 1760 n
692 1708 916 1764 Deinde
947 1709 1248 1778 apertius:
1282 1729 1309 1757 ‹‹
1345 1706 1499 1761 Fixis
1531 1722 1666 1778 ergo
1699 1706 1887 1760 oculis
1918 1723 2020 1761 eos

364 1800 729 1860 intueamur,
747 1800 849 1870 qui
876 1799 1206 1871 magniﬁcae
1230 1799 1359 1868 ejus
1383 1797 1585 1869 gloria)
1609 1797 1867 1866 perfecte
1894 1814 2021 1852 ser-

432 1899 496 1962 bXt
525 1901 589 1954 P.
623 1900 727 1952 610
756 1899 869 1952 ΕΙ).
902 1898 1198 1965 POTTER,
1231 1899 1333 1950 516
1365 1897 1475 1952 ED.
1509 1896 1737 1952 PARIS.

2130 913 2326 959 στολος
2357 903 2468 968 (30)
2500 896 2769 971 Κλήμης,
2817 900 2904 954 καὶ
2959 899 3120 961 αὐτὸς
3164 902 3301 973 ἡμῖν
3341 901 3514 956 τ·5πον
3542 902 3664 956 τινὰ
3693 905 3794 957 τοῦ

2127 993 2434 1063 γνωστικοῦ
2470 989 2819 1065 ὑπογράφων,
2877 987 3046 1060 λέγει’
3111 1013 3139 1042 ‹‹
3172 990 3260 1052 Τίς
3322 995 3426 1060 (31)
3457 990 3582 1066 γὰρ,
3616 1011 3788 1064 παρε-

2129 1075 2451 1150 πιδημήσας
2513 1080 2648 1151 πρὸς
2709 1079 2868 1151 ὑμᾶς,
2929 1080 3028 1147 τὴν
3088 1082 3385 1154 πανάρετον
3435 1081 3524 1134 καὶ
3561 1076 3788 1154 βεϐχίαν

2128 1165 2308 1220 πίστιν
2342 1168 2494 1239 ὑμῶν
2527 1171 2637 1240 (32)
2692 1166 2790 1222 οὐκ
2845 1165 3210 1240 ἐδοκίμασενς
3262 1172 3363 1238 τήν
3415 1191 3474 1224 τε
3531 1171 3793 1246 σώφρονα

2128 1256 2219 1311 καὶ
2279 1257 2489 1324 ἐπιεικῆ
2554 1256 2606 1311 ἐν
2666 1260 2885 1331 Χριστῷ
2946 1253 3218 1313 εὐσὲὄειπιν
3279 1258 3378 1314 οὐκ
3436 1257 3789 1332 Mediana;

2127 1345 2216 1400 καί
2245 1347 2308 1400 τὸ
2338 1345 2753 1422 μεγαλοπρεπὲς
2803 1354 2904 1417 τῆς
2963 1347 3274 1425 φιλοξενίας
3333 1348 3488 1420 ὑμῶν
3519 1349 3654 1417 ἦθος
3685 1348 3796 1404 οὐκ

2129 1434 2418 1510 ἰκήρυξεν;
2475 1435 2567 1490 καὶ
2622 1437 2724 1503 τὴν
2777 1435 2990 1492 τελείαν
3050 1436 3140 1492 καὶ
3199 1435 3417 1514 ἀσφαλῆ
3455 1442 3656 1513 γνῶσιν
3690 1437 3798 1493 οὐκ

2129 1524 2496 1596 ὶμακάρισιν;
2557 1524 3091 1600 ἀπροσωπολήπτως
3139 1529 3239 1603 γὰρ
3290 1528 3465 1582 πάντα
3533 1525 3792 1601 ἐποιεῖτε,

2127 1617 2216 1670 καὶ
2264 1613 2316 1669 ἐν
2374 1621 2494 1678 τοῖς
2548 1617 2814 1689 νομίμοις
2871 1620 2982 1690 (33)
3039 1620 3136 1671 τοῦ
3192 1620 3328 1672 Θεοῦ
3379 1615 3724 1692 ἐπορεύεσθε·
3761 1640 3792 1670 ιι

2126 1705 2217 1759 καί
2245 1704 2312 1759 τὰ
2350 1704 2494 1775 ἑξῆς.
2557 1705 2665 1760 Εἶτ’
2724 1703 3144 1784 ἰτιφανὲστερον,
3203 1730 3232 1757 ‹‹
3267 1706 3624 1779 ’Λτινίσωμιν
3677 1708 3796 1778 (34)

2129 1792 2220 1849 οὖν
2255 1793 2332 1855 είς
2360 1793 2488 1856 τοὺς
2543 1794 2775 1856 τελείως
2831 1794 3328 1870 λεὶτουργήσαντας
3388 1795 3557 1850 αὐτοῦ
3584 1795 3654 1870 τῇ
3686 1815 3792 1869 με·

438 1999 551 2068 (30)
610 1990 969 2056 Ἀπόστολος.
1032 1995 1312 2067 Superius
1396 1995 1622 2068 dictum
1697 2000 1805 2054 est.
1844 1996 2018 2068 Aviros

2131 1993 2559 2068 accommodet.
2594 1994 2876 2066 Exemplo
2907 2011 3037 2049 esse
3067 1999 3367 2066 poterunt,
3401 1969 3534 2066 quia
3565 2009 3636 2068 ex
3667 1995 3792 2050 Ire-

368 2066 728 2149 appstolicos
747 2066 1508 2149 nonnupquamapostolos
1531 2067 1602 2122 ab
1627 2066 2022 2149 antiquisga-

367 2139 560 2197 tribus
590 2140 922 2213 appellatos
954 2139 1157 2195 fuisse.
1185 2139 1350 2194 Conf.
1375 2141 1582 2195 Strom.
1618 2156 1695 2207 ιιι,
1731 2156 1862 2212 pag.
1898 2141 2024 2205 535,

369 2218 496 2269 not.

441 2286 549 2354 (31)
579 2281 689 2344 Τίς.
725 2285 859 2340 Haec
891 2287 1214 2339 occurrunt
1239 2283 1438 2338 statim
1471 2299 1506 2338 a
1535 2282 1830 2354 principio
1865 2282 2050 2353 prio-_

367 2355 555 2445 rishad
583 2356 930 2445 Cprinthios
959 2355 1364 2445 Ep‘istolaa.'p.
1423 2355 1524 2445 145
1543 2353 2023 2445 ⁸(Ξιϋιζὶᾼ-ῐιιιιθιί).

438 2429 551 2494 132)
582 2425 769 2481 Πίστιν
803 2426 978 2498 ὑμῶν.
1007 2424 1194 2498 Ὗμῶν
1227 2424 1431 2490 πίοῖτιν,
1465 2425 1650 2498 Clem.
1685 2428 1853 2481 Rom.

436 2492 550 2568 {33)
583 2492 880 2571 Νομίμοις.
916 2492 1192 2554 Clemens
1251 2501 1448 2571 Roma
1478 2492 1887 2571 vo’potqhodie
1916 2514 2024 2552 ex-

365 2571 567 2627 hibet:
597 2572 700 2628 sed
730 2569 993 2643 νομίμοις
1025 2589 1161 2626 eum
1203 2587 1336 2625 cum
1388 2569 2024 2643 Alexandrinonostro

365 2643 697 2714 scripsisse,
732 2641 876 2699 inde
903 2643 1113 2716 probat
1151 2643 1553 2716 Colomesius,_
1572 2642 1731 2713 quod
1753 2641 1874 2716 alis
1901 2642 2022 2698 fere

363 2733 435 2772 ea
461 2711 602 2771 voce
636 2733 783 2786 usus,
809 2711 919 2776 sit;
939 2721 1004 2770 ut
1031 2732 1160 2786 cap.
1197 2717 1264 2769 40
1291 2732 1304 2770 :
1345 2719 1468 2774 Τοῖς
1496 2711 1606 2786 7&9—
1631 2711 1898 2784 νομίμοις
1927 2715 2024 2767 τοῦ

365 2787 637 2841 Δεσπότου
668 2785 1122 2848 ἀκολουθοῦντες,
1157 2810 1184 2837 ι(
1223 2787 1400 2860 Leges
1449 2785 1612 2842 enim
1655 2786 1887 2842 Domini
1921 2803 2022 2842 se-

412 2866 640 2915 uentes.
665 2879 691 2910 ι

368 2878 691 2931 quentes.-

431 2933 546 3002 (34)
582 2929 971 3000 Ἀτενίσωμεν.
1027 2933 1091 2986 In
1138 2931 1250 2996 his,
1302 2947 1434 3001 quas
1486 2934 1837 3001 sequuntur,
1889 2929 2020 2984 Cle-

363 3019 533 3058 mens
565 3010 769 3059 noster
800 3002 1050 3059 Romani
1083 3003 1406 3057 Clementis
1437 3019 1603 3074 capp.
1627 3005 1680 3069 9,
1709 3003 1792 3072 10,
1821 3003 2018 3070 11,12,

365 3076 568 3141 17,18,
602 3079 689 3134 21.
725 3079 816 3142 22,
867 3078 955 3139 36,
1018 3076 1107 3134 38.
1165 3077 1255 3138 40,
1311 3076 1400 3140 41,
1455 3077 1545 3136 48,
1578 3075 1667 3136 49,
1701 3076 1768 3127 50
1803 3078 1861 3128 et
1891 3090 2016 3144 seq.

365 3164 472 3219 pro
531 3163 696 3203 more
755 3163 860 3203 suo
915 3145 1294 3219 abbreviavit,
1354 3145 2020 3219 interpolavit,imutata

365 3218 623 3290 denique
653 3219 726 3274 ad
757 3235 928 3274 suum
961 3218 1298 3273 institutum
1335 3218 1824 3276 accommodavit.
1859 3218 2018 3288 quod

367 3292 488 3346 suis
520 3291 666 3347 locis
698 3291 1067 3346 ostendetur.
1101 3291 1248 3345 Sunt
1278 3307 1474 3361 porro,
1500 3295 1564 3343 ut
1594 3290 1653 3344 id
1685 3290 1876 3344 obiter
1897 3306 2020 3344 mo-

2136 2083 2264 2122 neo
2290 2066 2560 2139 sumpsit
2584 2068 2789 2123 Strom.
2825 2084 2862 2133 ι,
2895 2085 2952 2139 p.
2984 2069 3110 2127 410,
3143 2081 3396 2138 quaeque
3419 2083 3490 2122 ex
3511 2066 3788 2135 Philone,

2133 2137 2406 2221 ejusdem
2440 2137 2575 2221 libri
2602 2156 2732 2221 pag.
2766 2137 3022 2208 411.412,
3058 2137 3182 2221 413,
3207 2137 3481 2221 414λ415,
3505 2139 3538 2192 4
3577 2139 3789 2221 ﬁzQuaa

2134 2209 2183 2265 si
2215 2209 2348 2281 quis
2379 2210 2466 2264 vel
2497 2209 2632 2266 cum
2656 2209 2923 2282 ipsorum
2950 2217 3258 2266 auctorum
3291 2209 3461 2265 libris
3491 2209 3794 2282 conferre,

2132 2282 2221 2336 vel
2255 2299 2386 2352 qum
2420 2282 2498 2336 ibi
2532 2298 2566 2337 a
2595 2282 2766 2338 nobis
2797 2282 3078 2338 adnotata
3127 2289 3266 2337 sunt
3314 2297 3663 2353 percurrere
3693 2282 3796 2336 di-

2133 2353 2431 2426 gnabitur,
2462 2354 2636 2410 facile
2674 2355 2964 2426 percipiet
2993 2370 3172 2425 quam
3204 2354 3791 2426 fallaciiargumento

2133 2425 2422 2491 nitantur,
2458 2427 2558 2497 qui
2590 2425 2881 2482 Clementi
2933 2429 3221 2487 Romano,
3254 2425 3345 2481 vel
3375 2425 3477 2481 alii
3507 2426 3793 2497 cuiquam

2133 2498 2358 2571 auctori
2381 2498 2654 2571 integras
2707 2499 3035 2554 sententias
3093 2497 3386 2571 adimunt,
3438 2514 3505 2553 eo
3527 2497 3696 2571 quod
3729 2497 3793 2571 in

2132 2568 2545 2624 Alexandrino
2567 2576 2769 2642 nostro
2794 2587 2913 2624 non
2936 2575 3280 2642 appareant.
3311 2568 3600 2642 Secundo,
3627 2569 3792 2642 quod

2132 2658 2336 2696 eorum
2358 2641 2812 2714 nonnulla,quse
2835 2640 3275 2698 Alexandrinus
3299 2647 3504 2714 noster
3524 2640 3634 2694 hoc
3656 2640 3789 2714 loco

2130 2715 2439 2785 praeteriit,
2466 2714 2606 2786 alibi
2637 2712 2834 2786 palam
2865 2714 3221 2770 recitaverit.
3257 2712 3466 2779 Qualia
3489 2718 3630 2786 sunt
3658 2713 3788 2779 illa,

2130 2803 2264 2857 quae
2297 2785 2570 2858 superius
2601 2785 2966 2858 e'Clemente
3011 2788 3278 2858 Romano
3321 2790 3480 2858 sunt,
3511 2785 3716 2839 Strom.
3752 2801 3790 2853 ι,

2130 2853 2185 2942 ῤ’.
2221 2859 2329 2942 330
2353 2853 2388 2911 :—
2422 2862 2576 2942 :Iltw
2627 2876 2715 2942 τις
2768 2857 2981 2942 τξιστός·
3039 2858 3160 2942 ᾒτω
3189 2853 3556 2942 ῃξυνατόςέτις
3583 2858 3790 2942 γνῶσιν

2128 2925 2378 3005 ξξειςπεῖνο
2412 2925 2530 2994 ἤτω
2588 2929 2753 3005 σοφὸς
2789 2928 2840 2982 ἐν
2871 2925 3132 3005 δια-κρίο-ει
3189 2926 3412 3005 λόγῳνζ
3447 2925 3564 2995 ἤτω
3593 2925 3792 3005 ῗοργὸς

2130 2997 2182 3054 ἐν
2216 2997 2417 3074 ἔργοις.
2441 3005 2582 3074 Haec,
2605 2997 2929 3074 occurrunt
2950 2997 3009 3056 in
3033 2997 3358 3074 Clementis
3383 2997 3633 3074 Romani
3655 2997 3787 3072 cap.

2129 3076 2218 3140 40,
2253 3072 2356 3129 sed
2388 3073 2460 3128 ad
2519 3073 2919 3130 Alexandrino
2977 3080 3181 3128 nostro
3233 3073 3329 3128 hic
3378 3072 3601 3128 omissa
3626 3078 3788 3141 sunt,

2129 3145 2396 3217 quamvis
2429 3161 2518 3211 ea,
2552 3162 2684 3216 quia
2716 3147 2842 3202 haec
2887 3145 3533 3218 prmoedanhqumque
3578 3143 3790 3200 eadem

2128 3216 3000 3300 sequantur,recitaverit.Satis
3019 3217 3198 3300 igitur
3214 3216 3353 3300 hinc
3370 3223 3635 3298 apparet,
3650 3232 3788 3271 eum

2129 3289 2441 3354 nonnulla,
2475 3305 2606 3360 quae
2639 3307 2745 3346 suo
2779 3290 3008 3346 scilicet
3039 3289 3310 3345 instituto
3342 3289 3544 3360 minus
3574 3304 3787 3344 conve-

361 3379 557 3436 neam,
590 3363 652 3418 in
682 3363 944 3417 editione
967 3363 1094 3436 jam
1119 3359 1469 3436 di_cta:edit{n
1493 3361 1675 3436 ignoti
1697 3361 2010 3436 cujusdam
2042 3373 2086 3436 ο
2125 3362 2255 3436 nire
2289 3359 2662 3436 videbantur,
2690 3361 2760 3436 de
2788 3361 3083 3436 industria
3114 3359 3473 3436 preteriisse
3501 3377 3513 3414 :
3544 3376 3615 3436 _a_c
3645 3377 3784 3431 pro-

362 3435 644 3497 hominis,
667 3451 843 3506 quem
866 3434 1116 3506 proinde
1139 3433 1414 3506 cl.editor
1433 3434 1631 3488 littera
1657 3435 1697 3487 Β
1720 3434 2008 3506 designat,

361 3507 583 3562 notulae
611 3523 624 3560 :
657 3505 719 3561 in
779 3505 996 3578 quibus
1027 3522 1061 3560 a
1103 3505 1294 3576 capite
1349 3505 1422 3560 ad
1479 3506 1705 3560 calcem
1739 3506 1821 3560 nil
1857 3505 2020 3578 aliud

360 3579 499 3652 agit,
534 3577 878 3652 quicunque
900 3578 1101 3652 fuerit,
1120 3584 1346 3652 auctor,
1362 3583 1623 3652 quam_ut
1645 3577 2019 3652 persuadeat,

361 3648 762 3706 venerandam
783 3648 935 3705 hanc
953 3649 1274 3704 Clementis
1301 3648 1550 3704 Romani
1583 3648 1898 3720 epistolam
1930 3649 2019 3703 in-

364 3722 743 3794 terpolatam,
767 3721 992 3794 ubique
1023 3721 1144 3776 fere
1171 3727 1532 3794 corruptam,
1558 3720 1754 3790 etjam
1783 3720 2021 3794 penitus

366 3791 655 3848 mutatam
679 3809 809 3848 esse
830 3791 1021 3848 abilla
1034 3809 1165 3862 quae
1184 3791 1419 3846 Eusebii
1443 3798 1708 3862 tempore
1729 3791 2016 3847 exstabat.

362 3865 589 3930 Quibus
610 3881 745 3918 vero
759 3864 1126 3935 argumentis
1141 3864 1198 3918 id
1220 3863 1466 3934 probat?
1480 3864 1615 3918 Mihi
1633 3864 1894 3936 profecto
1916 3881 2020 3919 no-

361 3937 518 3992 tulas
530 3937 582 4006 ej
595 3953 661 3990 us
676 3936 888 4008 legenti
905 3952 974 4008 ac
987 3936 1271 4007 relegenti
1287 3937 1720 4007 prmterinanes
1733 3937 2021 4008 quasdam

364 4007 850 4082 conjecturas’mil
866 4007 1028 4064 aliud
1043 4007 1486 4134 occurritquod
1498 4009 1587 4062 vel
1602 4007 1840 4063 tenuem
1857 4025 2021 4080 argu-

365 4081 551 4134 menti
575 4081 846 4134 umbram
870 4097 991 4134 ora:
1018 4098 1079 4134 se
1102 4080 1258 4134 ferre
1279 4081 1329 4134 vi
1379 4085 1569 4134 eatur.
1593 4081 1706 4134 nisi
1727 4081 1886 4134 quod
1913 4081 2020 4134 ob-

365 4080 551 4136 menti
575 4081 846 4136 umbram
870 4097 991 4152 prie
1018 4098 1079 4136 se
1102 4080 1258 4136 ferre
1279 4080 1569 4141 videatur.
1593 4081 1706 4135 nisi
1727 4081 1886 4152 quod
1913 4081 2020 4135 ob-

365 4098 551 4136 menn
575 4098 846 4136 umbram
912 4098 991 4135 rm
1018 4098 1079 4136 se
1102 4098 1258 4136 Ierre
1279 4098 1569 4141 vnaeatur.
1593 4098 1706 4135 nlSl
1727 4098 1886 4152 quoa
1913 4098 2020 4135 oo-

364 4152 620 4208 servarit
642 4098 938 4208 nonnulla
958 4170 1165 4208 eorum
1183 4170 1316 4223 quas
1339 4152 1398 4208 in
1421 4152 1747 4208 Clementis
1770 4153 2020 4208 Romani

365 4225 615 4296 epistola
628 4224 1048 4296 occurrunt,ab
1061 4223 1462 4296 Alexandrino
1479 4231 1682 4279 nostro
1697 4226 1793 4281 hic
1805 4225 2019 4280 omitti.

364 4295 762 4362 Quamobrem
786 4296 858 4368 ad
882 4295 1239 4368 principium
1269 4313 1395 4367 cap.
1426 4299 1488 4350 I7
1512 4297 1626 4351 ait:
1662 4321 1687 4344 α
1726 4297 2018 4368 Haacjun-

363 4368 448 4422 xit
477 4369 754 4424 Clemens
786 4367 1225 4423 Alexandrinus
1255 4386 1314 4438 p.
1345 4369 1470 4431 516,
1499 4384 1631 4423 cum
1667 4385 1798 4438 cap.
1844 4367 1889 4422 9’
1909 4369 2020 4424 hu-

357 4440 460 4512 jus
491 4441 780 4512 epistolaa,
804 4446 863 4496 et
882 4439 1232 4512 rectissime.
1254 4442 1483 4506 Quanta
1504 4439 1898 4512 interpolator
1919 4439 2020 4494 ad-

367 4511 560 4584 didit?
583 4513 694 4567 Sed
720 4513 832 4568 hoc
868 4511 1100 4567 facinus
1144 4512 1571 4584 Hieronymum
1599 4511 1792 4584 ipSum
1825 4512 2019 4577 latuit,

365 4583 426 4638 in
460 4584 621 4656 Com.
648 4584 721 4639 ad
757 4584 988 4639 Isaiam.
1024 4607 1051 4634 ιι
1083 4584 1227 4638 Tum
1261 4584 1335 4639 ad
1366 4583 1522 4640 med.
1557 4583 1683 4656 cap.
1717 4586 1780 4638 18
1808 4601 1820 4638 :
1854 4611 1879 4634 ιι
1919 4585 2021 4639 Re-

364 4660 456 4727 cte
486 4655 584 4712 hic
607 4655 906 4727 abrumpit
927 4672 1160 4711 sacrum
1189 4672 1429 4712 carmen
1456 4655 1731 4711 Clemens
1764 4656 2018 4711 Alexan-

365 4726 574 4800 drinus
607 4745 663 4800 p.
698 4726 837 4783 517(
859 4749 884 4777 ιι
920 4728 1066 4783 Dein
1097 4727 1172 4782 ad
1203 4727 1359 4782 med.
1395 4745 1501 4800 cap

364 4797 570 4853 latoris
600 4797 727 4854 haec
760 4806 916 4858 sunt,
956 4820 980 4845 ιι
1014 4805 1150 4866 etc.,
1174 4817 1229 4870 p.
1259 4803 1377 4854 I59.
1398 4797 1541 4855 Tum
1573 4817 1701 4870 cap.
1737 4803 1804 4854 2'2
1835 4797 2012 4855 adno-

363 4875 485 4942 tat:
520 4893 548 4920 ‹‹
571 4874 615 4925 Α
649 4871 840 4942 capite
861 4877 1146 4940 sequente
1173 4871 1246 4925 ad
1269 4889 1396 4942 cap.
1419 4875 1508 4939 40,
1528 4871 1862 4928 adulterina
1889 4889 2014 4927 om-

363 4941 484 5004 nia,
517 4949 652 5014 post
680 4941 1045 4998 Clementem
1079 4941 1543 5000 Alexandrinum
1586 4944 1807 4999 addita.
1838 4967 1864 4993 ιι
1899 4947 2012 4999 Ite-

362 5030 497 5088 rum
527 5015 600 5070 ad
632 5015 896 5088 medium
928 5030 1054 5086 cap.
1084 5016 1185 5070 4οε
1224 5038 1252 5088 «ς
1283 5018 1402 5078 Est.
1436 5017 1537 5088 qui
1573 5017 1711 5072 velit
1731 5017 1857 5070 haec
1883 5033 2013 5071 om—

365 5085 466 5159 nia
495 5103 623 5142 esse
656 5087 798 5144 mali
829 5085 1159 5145 commatis.
1187 5087 1260 5143 ad
1283 5085 1469 5144 finem
1488 5105 1676 5158 usque
1708 5088 1940 5159 capitis,
1960 5092 2020 5142 et

362 5157 646 5214 lectorem
667 5159 950 5216 amandet
969 5159 1043 5215 ad
1065 5159 1432 5216 Clementem
1465 5157 1932 5214 Alexandrinum
1953 5177 2011 5230 p.

362 5230 485 5284 518.
521 5253 548 5279 ιι
582 5233 809 5287 Rursus
837 5232 911 5286 ad
945 5232 1126 5286 tinem
1157 5248 1302 5303 cap.
1335 5233 1395 5285 41
1428 5248 1440 5284 :
1467 5252 1517 5303 Au
1547 5231 1693 5285 Hinc
1721 5248 1910 5303 usque
1943 5231 2016 5287 ad

360 5317 488 5373 cap.
521 5304 590 5357 48
624 5304 827 5358 omnia
861 5304 1064 5359 omisit
1105 5301 1380 5357 Clemens
1413 5301 1869 5364 Alexandrinus.
1904 5321 2015 5359 nec

359 5375 614 5446 agnovit.
655 5398 680 5421 ιι
715 5375 856 5430 Vide
879 5392 936 5444 p.
961 5377 1086 5428 518.
1113 5373 1339 5446 Deinde
1362 5373 1724 5446 adimedium
1753 5392 1880 5446 cap.
1905 5378 1972 5430 49
2001 5391 2013 5429 :

361 5467 388 5528 ξι
407 5445 558 5528 Hauc
580 5445 795 5528 absunt
815 5447 1172 5528 anClcmente
1196 5445 1620 5528 Alexandrino,
1641 5452 1896 5528 suntque
1921 5448 2017 5501 in-

362 5517 759 5589 terpolatoris.
789 5543 808 5565 -
839 5520 1020 5572 Porro
1043 5517 1186 5589 satis
1208 5523 1473 5589 apparet,
1501 5534 1621 5571 non
1645 5517 1812 5588 sequi
1835 5517 1961 5589 haec
1983 5535 2017 5573 a

364 5587 667 5660 Clemente
700 5592 964 5646 Romano
993 5588 1214 5660 scripta
1246 5587 1370 5645 non
1413 5589 1618 5656 fuisse,
1651 5587 1912 5658 eo’quod
1942 5589 2014 5644 ab

367 5656 766 5733 Alexandrino
797 5669 1000 5715 nostro
1032 5656 1262 5715 absint:
1303 5662 1517 5733 primo,
1553 5661 1709 5732 quod
1742 5656 2016 5733 Clemens

367 5727 802 5808 Alexandrinus
830 5750 961 5808 non_
974 5749 1219 5808 semper
1240 5727 1472 5808 integra
1501 5727 1821 5808 auctorum
1843 5731 2017 5786 verba

361 5800 590 5873 recitet,
613 5800 716 5854 sed
737 5818 893 5873 smpe
910 5805 1028 5859 alia
1057 5800 1310 5869 omittat,
1335 5800 1455 5861 alia
1470 5805 1646 5861 variis
1662 5805 1858 5860 modis
1885 5819 2018 5858 mu-

365 5871 509 5935 tata,
525 5871 959 5940 nonnunquam
981 5875 1105 5929 suis
1125 5876 1306 5932 etiam
1327 5877 1588 5948 insertis,
1614 5894 1719 5934 suo
1741 5875 2015 5933 instituto

1512 4770 1523 4782 .
1557 4732 1616 4782 21
1647 4745 1658 4782 :
1695 4729 2017 4816 «Interpo-
2047 4752 2094 4816 D

2129 3433 2269 3488 inde
2301 3450 2422 3488 non
2455 3433 2634 3488 licere
2658 3434 2832 3488 nobis
2853 3431 3144 3489 Clementi
3170 3434 3435 3488 Romano
3457 3431 3785 3502 quidquam

2126 3506 2237 3560 hac
2269 3505 2396 3561 sola
2415 3521 2596 3560 causa
2617 3505 2951 3570 detrahere,
2973 3506 3131 3576 quod
3153 3504 3214 3558 in
3238 3504 3640 3559 Alexandrino
3661 3521 3786 3576 non

2126 3583 2332 3632 exstet.
2360 3577 2610 3648 Reliqua
2633 3575 3083 3648 eorum,quibus
3105 3576 3493 3648 Clementinte
3517 3575 3784 3647 epistolas

2125 3647 2537 3704 auctoritatem
2562 3649 2788 3704 elevare
2815 3647 3061 3704 conatus
3084 3654 3173 3704 est
3194 3648 3289 3703 hic
3311 3647 3646 3714 adnotator,
3671 3647 3782 3702 hu-

2119 3720 2386 3792 jusmodi
2415 3721 2537 3774 fere
2561 3727 2700 3775 sunt
2725 3738 2737 3775 :
2774 3746 2792 3767 -
2821 3722 2900 3775 Ex
2923 3721 3121 3792 glossa
3142 3721 3268 3774 Ilth
3289 3736 3418 3774 esse
3444 3720 3782 3792 suspicatur

2125 3791 2212 3846 vir
2236 3793 2465 3857 doctus,
2500 3810 2555 3862 p.
2592 3794 2713 3846 148.
2767 3793 2866 3847 Vir
2923 3791 3131 3848 doctus
3186 3791 3523 3863 suspicatur
3555 3791 3623 3846 ex
3651 3791 3781 3846 Cle-

2125 3870 2325 3919 mente
2352 3863 2753 3920 Alexandrino
2784 3865 2910 3919 hac
2941 3865 3057 3920 huc
3081 3864 3368 3920 traducta.
3396 3881 3450 3932 p.
3480 3865 3598 3918 149.
3626 3863 3778 3918 Sim-

2126 3935 2341 4008 plicius
2367 3935 2647 4008 Clemens
2698 3936 3156 4008 Alexandrinus,
3189 3953 3223 3990 a
3254 3952 3384 4008 quo_
3423 3935 3548 3990 haec
3569 3935 3783 4008 petita

2127 4004 2286 4074 sunt,
2312 4007 2339 4060 6
2364 4005 2564 4081 Κύριος
2591 4004 2763 4080 λέγει,
2793 4026 2847 4079 p.
2876 4011 2975 4062 160
3020 4004 3296 4081 Clemens
3323 4004 3780 4081 Alexandrinus,

2127 4098 2184 4152 ρ,
2215 4082 2342 4152 536,
2374 4078 2565 4150 aveat,
2587 4095 2653 4134 ex
2671 4078 3130 4152 'quo’corruptor
3151 4079 3482 4152 litterarum
3504 4079 3781 4152 sumpsit,

2127 4149 2226 4206 ubi
2259 4149 2534 4224 Clemens
2564 4149 2847 4224 praefatur
2873 4149 3054 4224 τούτῳ
3085 4150 3252 4219 φησὶν
3271 4151 3307 4218 ἡ
3335 4151 3542 4224 [puga-ﬁ,
3571 4149 3781 4222 p.166.

2128 4225 2260 4278 Hmc
2291 4223 2535 4294 quidem
2557 4222 2832 4280 Clemens
2857 4223 3295 4280 Alexandrinus
3318 4222 3554 4294 dixerit,
3575 4227 3637 4294 at
3658 4239 3783 4278 non

2126 4293 2449 4359 Romanus,
2484 4313 2541 4366 p.
2578 4298 2696 4350 I68.
2733 4300 2862 4351 Huic
2915 4313 2985 4350 ex
3029 4295 3333 4351 Clemente
3378 4293 3782 4350 Alexandrino

2127 4368 2440 4447 immutata
2469 4367 2804 4447 effictaque.
2831 4370 2974 4447 Nam
2997 4374 3056 4422 et
3075 4367 3230 4447 male
3250 4368 3505 4447 harent,
3529 4366 3621 4447 vix
3646 4366 3782 4447 qui-

2126 4438 2261 4493 dem
2296 4440 2516 4505 Graeca,
2549 4445 2606 4493 et
2635 4437 3022 4494 falsissimum
3058 4439 3304 4505 dicunt;
3339 4437 3568 4494 scilicet
3595 4437 3783 4493 fuisse

2127 4510 2343 4565 summi
2379 4518 2437 4565 et
2461 4517 2812 4566 creterorum
2837 4511 3211 4566 sacerdotum
3233 4516 3293 4566 et
3317 4510 3626 4566 levitarum
3650 4526 3782 4565 esse

2129 4582 2560 4655 μιυμοσχόπους,
2595 4600 2652 4655 p.
2711 4585 2831 4638 I70.
2888 4583 2996 4648 Qui
3056 4600 3237 4638 ausus
3267 4588 3378 4650 est,
3412 4587 3499 4655 tot
3527 4581 3783 4655 ineptias

2124 4654 2445 4710 Clementis
2477 4653 2720 4710 nomine
2769 4655 3044 4719 vendere,
3093 4655 3273 4710 etiam
3319 4654 3503 4711 sacris
3547 4653 3784 4709 Litteris

2126 4728 2279 4782 hanc
2305 4727 2634 4782 clausulam
2659 4727 2896 4798 adjecit,
2917 4732 2981 4782 ut
3001 4730 3412 4782 assumentum
3439 4727 3546 4781 hoc
3568 4741 3788 4798 praace-

2127 4799 2406 4854 dentibus
2435 4800 2843 4870 responderet.
2881 4817 2936 4870 p.
2975 4802 3093 4853 171.
3131 4800 3249 4853 Hoc
3282 4798 3483 4854 nullus
3512 4813 3776 4870 unquam

2128 4868 2684 4926 dixeritCleméns.»
2706 4871 2843 4925 Ibid.
2860 4868 2905 4924 ῖῐι
2927 4870 3034 4925 Adi
3049 4871 3413 4926 Clementem
3430 4868 3785 4925 Alexandri-

2127 4959 2336 5012 num.p
2371 4945 2485 4996 174.
2501 4943 2633 4997 Haec
2655 4943 2726 4997 ad
2754 4945 3062 5014 μακοθυμεῖ
3083 4959 3214 4997 esse
3236 4959 3304 4998 ex
3328 4942 3630 4997 Clemente
3652 4939 3786 4996 Ale.

2126 5015 2420 5087 xandrino
2453 5014 2625 5087 scies,
2661 5015 2732 5087 si,
2763 5014 2922 5087 legas
2954 5032 3009 5085 p.
3071 5016 3195 5079 5I8,
3229 5017 3445 5087 ρη175.
3477 5015 3608 5068 Haec
3640 5017 3782 5087 sunt

2127 5085 2590 5158 interpolatoris.
2611 5108 2638 5135 ιι
2658 5086 2794 5142 Ibid.
2822 5084 2877 5141 ἴα
2896 5084 3048 5158 flare.
3063 5128 3094 5138 ..
3120 5084 3414 5158 exscripta
3427 5091 3647 5140 suntex
3660 5084 3791 5158 Cle-

2127 5157 2326 5213 mente
2350 5158 2820 5213 Alexandrino.»
2846 5157 3050 5212 lbid.:«
3071 5159 3204 5213 Haec
3219 5157 3414 5214 effleta
3438 5162 3578 5212 sunt
3598 5173 3668 5212 ex
3689 5157 3784 5212 his

2126 5230 2449 5285 Clementis
2473 5230 2878 5296 Alexandrini,
2912 5236 3024 5286 etc.
3058 5231 3218 5284 Aanc
3250 5229 3324 5286 ad
3357 5225 3578 5300 ἐξομολ.
3603 5231 3682 5298 τῷ
3711 5229 3781 5283 Κ.

2128 5319 2255 5374 cap.
2289 5306 2358 5356 52
2389 5303 2592 5357 omnia
2622 5302 2794 5358 ﬁnxit
2829 5301 3255 5374 interpolator,
3271 5300 3784 5374 etintempestive

2126 5370 2598 5430 de'confessione
2617 5380 2702 5429 tot
2720 5373 2896 5430 verba
2914 5370 3162 5446 ingessit
3194 5397 3220 5423 ιι
3245 5372 3387 5446 Ibid.
3404 5391 3423 5446 :7
3441 5397 3467 5421 α
3494 5370 3637 5428 Vide
3659 5370 3788 5426 Cle-

2126 5452 2388 5501 mentem
2420 5446 2750 5501 Alex.unde
2774 5445 3166 5518 interpelator
3186 5446 3311 5518 haec
3333 5445 3529 5518 habet,
3545 5462 3602 5516 p.
3621 5446 3782 5498 I78.»

2126 5520 2263 5584 Qum
2299 5524 2524 5572 restant
2555 5535 2623 5572 ex
2671 5517 2942 5589 hujusce
2981 5517 3087 5589 viri
3150 5517 3472 5589 adnotatis,
3509 5524 3567 5572 et
3596 5532 3788 5589 pauca

2127 5596 2286 5648 sunt.
2321 5597 2381 5643 et
2412 5590 2503 5644 his
2535 5588 2775 5653 similia,
2808 5595 2874 5644 ut
2903 5605 3036 5660 quas
3071 5588 3295 5660 levibus
3325 5594 3556 5644 tantum
3592 5588 3789 5659 suspi-

2126 5661 2417 5717 cionibus.
2445 5661 2613 5716 nullo
2636 5668 2834 5718 autem
2859 5659 3054 5716 stabili
3077 5659 3470 5716 fundamento
3493 5661 3788 5724 nitantur,

2127 5749 2196 5787 ac
2211 5733 2458 5803 proinde
2480 5739 2761 5790 contenta
2778 5732 3346 5806 negari,accuratam
3364 5732 3792 5789 refutationem

2125 5821 2246 5859 non
2277 5811 2640 5861 mereantur.
