4138 6396
339 414 480 472 1313

1664 408 2116 466 ΘΤΒΟΜΔἸἯΜ
2154 410 2286 464 LIB.
2331 408 2425 465 IV.

3613 409 3762 472 ,1314

331 537 677 616 γαλοπρεπιῖ
707 534 834 610 δόξῃ
865 539 996 608 (35).
1049 532 1320 607 Λάϐωμεν
1379 534 1581 609 Ἐνὼχ,
1639 532 1721 603 ὃς,
1755 531 1808 588 ἰν
1842 532 1988 588 ὑπα-

2131 532 2357 589 'ierunt.
2378 533 2753 604 Accipiamus
2774 533 2996 597 Enoch,
3013 533 3114 605 qui
3130 533 3192 588 in
3211 533 3553 591 obedientia
3561 535 3765 607 justus

335 631 440 702 κοῇ
482 626 694 690 δίκαιος
753 625 1008 700 εὑρεθεὶς,
1074 624 1329 696 μεττὲθη·
1360 625 1450 678 καὶ
1510 625 1653 691 Νῶε,
1687 621 1746 684 ὅς
1773 620 1991 678 πῖστεύο

335 738 432 780 σας
465 715 721 786 διεσώθη·
765 716 854 770 καὶ
907 710 1184 790 Ἁϐραάμ,
1217 715 1277 776 ’ὀς
1310 712 1399 770 διὰ
1450 714 1630 770 πίστιν
1675 714 1764 769 καὶ
1817 711 1994 792 φιλο-

339 804 508 878 ξενίαν
542 808 654 878 (36)
687 827 710 857 ιι
736 804 898 881 φίλος
933 808 1068 860 Θεοῦ
1101 808 1233 877 (37),
1267 829 1295 856 ››
1345 805 1526 880 πατὴρ
1577 801 1635 858 δὲ
1686 807 1785 858 τοῦ
1817 803 1998 860 Ἰσαὰκ

337 907 761 971 προσηγορευθη
802 937 815 951 .
887 894 984 948 Διά
1035 893 1346 970 φιλοξενίαν
1407 897 1516 965 (38)
1575 893 1664 949 καὶ
1727 887 1997 948 εὐσέϐειαν

339 984 465 1040 Λὼτ
513 983 692 1054 ἐσώθη
747 983 806 1038 ἐκ
857 981 1154 1055 Σοδόμωνο
1211 981 1300 1038 διὰ
1357 982 1538 1038 πίστιν
1593 986 1704 1056 (39)
1760 983 1848 1036 καὶ
1902 1004 1996 1054 φι-

339 1071 579 1145 λοξενίαν
631 1071 809 1141 ἐσώθη
868 1066 1030 1126 Ῥαὰϐ
1085 1074 1120 1142 ἡ
1153 1071 1351 1147 πόρνη·
1416 1069 1484 1127 δι’
1543 1072 1830 1144 ὑπομονὴν
1887 1073 1998 1144 (40)

338 1165 426 1219 καὶ
461 1163 642 1219 πίστιν
697 1161 748 1218 ἒν
811 1159 1074 1238 δέρμασιν
1133 1162 1364 1228 αἰγείοις
1419 1162 1507 1218 καὶ
1571 1161 1858 1236 μηλωταῖς
1907 1161 1997 1217 καὶ

339 1257 552 1329 τριχῶν
607 1250 929 1323 καμηλιίων
997 1251 1312 1328 πλέγμασιν
1387 1254 1791 1328 περιεπάτησαν
1824 1296 1839 1321 ,
1900 1273 2000 1322 κη-

347 1342 636 1420 ρύσσοντες
685 1343 786 1408 τήν
851 1339 1133 1415 βασιλείαν
1190 1344 1304 1415 (41)
1383 1346 1481 1397 τοῦ
1560 1343 1796 1416 Χριστοῦ
1831 1384 1843 1397 .
1899 1341 2004 1396 At-

342 1452 513 1508 γομεν
566 1430 623 1486 δὲ
678 1429 876 1487 Ἠλίαν
932 1431 1023 1486 καὶ
1077 1429 1411 1488 Ἐλισσαῖον⁶
1471 1429 1738 1501 ἰεζεκιὴλ
1793 1451 1854 1486 τε
1909 1433 2001 1485 καί

343 1523 597 1592 Ἰωάννην
632 1523 769 1594 (42),
799 1519 930 1582 τοὺς
988 1523 1298 1599 προφήτας.
1357 1522 1420 1578 Ὀ
1470 1522 1572 1597 γάρ
1629 1541 1714 1576 τοι
1775 1545 1803 1572 ‹‹
1838 1520 2001 1595 φίλος

345 1614 480 1666 Θεοῦ
540 1607 630 1664 διὰ
685 1609 868 1663 πίστιν
928 1606 1216 1684 ἐλευθέραν
1291 1608 1516 1679 κληθεὶς
1594 1604 1849 1683 ’Λϐραᾶμ
1906 1607 2004 1663 οὐκ

345 1699 556 1774 ἐπήρθη
588 1701 658 1772 τῇ
692 1696 843 1772 δόξῃ·
901 1701 1274 1772 μετριοκαοῶν
1331 1696 1390 1754 δὶ
1435 1694 1638 1774 ἔλεγεν·
1697 1721 1722 1753 ιι
1758 1698 1899 1774 Ἐγὼ
1945 1695 2005 1752 δὲ

348 1788 462 1862 εἶμι
495 1790 570 1863 γῆ
601 1787 689 1842 καὶ
719 1785 944 1849 σποδός.
983 1812 1010 1838 ››
1045 1788 1173 1864 Περί
1202 1809 1260 1843 τε
1287 1792 1385 1842 τοῦ
1431 1783 1561 1844 Ἰὼϐ
1606 1787 1782 1852 οὕτως
1806 1789 2002 1864 γέγρα-

2105 623 2402 686 inventus,
2421 623 2534 678 fuit
2552 623 2911 690 translatus;
2936 629 2995 678 et
3025 625 3164 685 Noe.
3189 625 3289 694 qui
3314 642 3450 680 cum
3477 626 3765 682 credidis-

2111 719 2222 780 set,
2252 713 2366 767 fuit
2397 719 2698 780 servatus;
2733 719 2791 768 et
2821 713 3140 780 Abraham,
3163 714 3264 784 qui
3309 720 3553 786 propter
3585 716 3764 772 fidem

2107 809 2165 857 et
2193 802 2659 874 hospitalitatem
2693 827 2718 852 ‹‹
2755 803 2856 858 Dei
2900 803 3132 858 amicus
3163 806 3264 874 (a),
3295 825 3320 856 ο
3357 811 3525 876 pater
3568 811 3768 861 autem

2106 893 2269 948 Isaac
2323 898 2414 946 est
2463 893 2819 964 appellatus.
2881 894 3132 964 Propter
3175 893 3646 965 hospitalitatem
3709 902 3769 952 et

2108 983 2390 1054 pietatem
2421 983 2564 1037 Loth
2594 983 2708 1038 fuit
2746 989 3010 1038 servatus
3042 999 3114 1037 ex
3145 983 3417 1039 Sodomis
3453 1001 3467 1050 ;
3518 990 3764 1056 propter

2111 1071 2291 1127 ﬁdem
2323 1078 2380 1126 et
2399 1072 2865 1142 hospitalitatem
2889 1077 3119 1127 servata
3146 1079 3235 1127 est
3255 1073 3414 1128 Raab
3438 1075 3718 1129 meretrix
3749 1091 3763 1142 ;

2111 1167 2357 1232 propter
2379 1161 2729 1233 patientiam
2755 1168 2814 1216 et
2834 1161 3037 1230 ﬁdem,
3058 1162 3118 1217 in
3143 1162 3403 1233 pellibus
3427 1163 3687 1236 caprinis
3711 1171 3772 1218 et

2111 1251 2321 1315 ovinis,
2356 1257 2415 1307 et
2444 1267 2514 1306 ex
2554 1251 2922 1306 camelorum
2974 1251 3112 1323 pilis
3159 1253 3456 1308 contextis
3504 1254 3770 1309 vestibus

2110 1340 2498 1396 ambularunt
2532 1384 2545 1409 ,
2605 1341 3000 1414 praedicantes
3058 1359 3312 1415 regnum
3371 1343 3610 1399 Christi.
3673 1343 3769 1398 Di-

2112 1431 2303 1486 cimus
2351 1437 2550 1487 autem
2602 1431 2790 1486 Ellam
2840 1437 2898 1486 et
2952 1432 3252 1497 Elismum,
3313 1432 3682 1488 Ezechielem
3715 1438 3776 1488 et

2109 1520 2174 1584 »Β
2213 1522 2527 1585 Joannem,
2559 1522 2900 1592 prophetas.
2948 1522 3053 1587 Qui
3089 1522 3248 1577 enim
3278 1544 3307 1573 ‹‹
3341 1523 3442 1577 Dei
3483 1526 3711 1578 amicus
3745 1543 3774 1572 »ο

2111 1617 2355 1683 prapter
2384 1611 2564 1666 ﬁdem
2597 1611 2843 1666 liberam
2870 1618 3111 1666 vocatus
3150 1617 3240 1666 est
3291 1611 3612 1678 Abraham,
3647 1628 3771 1668 non

2111 1701 2225 1756 fuit
2251 1701 2439 1774 gloria
2461 1699 2674 1762 elatus.
2705 1700 2829 1764 sed,
2863 1699 3130 1755 modeste
3148 1701 3298 1756 dixit
3322 1717 3335 1754 :
3362 1721 3391 1750 «
3423 1702 3538 1772 Ego
3569 1705 3770 1757 autem

2115 1806 2246 1846 sum
2270 1797 2428 1846 terra
2453 1795 2511 1844 et
2531 1790 2682 1844 cinis
2704 1790 2798 1860 (b).
2828 1813 2849 1841 ι
2875 1791 2945 1844 Ει
2965 1789 3037 1844 de
3067 1789 3172 1845 Job
3205 1790 3290 1845 sic
3317 1789 3606 1862 scriptum
3631 1794 3722 1845 est
3756 1805 3770 1844 :

345 1898 474 1934 πται
502 1881 635 1951 (43)“
677 1898 698 1926 ι
732 1872 860 1932 ’1ὼό
893 1874 951 1931 δὲ
985 1876 1051 1946 ἦν
1105 1875 1318 1939 δίκαιος
1364 1875 1457 1932 καί
1498 1875 1812 1950 ἄμεμπτος,
1864 1876 2004 1947 ἀλη-

2131 1902 2144 1928 ‹
2175 1880 2280 1935 Job
2311 1886 2511 1936 autem
2540 1884 2667 1934 erat
2690 1879 2913 1950 justus.
2955 1879 3411 1950 reprehensioni
3443 1896 3563 1934 non
3594 1879 3776 1935 obno-

356 1967 502 2032 θινὸς
533 1965 622 2021 καὶ
655 1961 940 2033 θεοσεϐὴς,
975 1966 1319 2042 ἀπεχόμενος
1349 1965 1456 2021 ἀπὸ
1500 1967 1702 2029 παντὸς
1751 1967 1942 2024 κακοῦ.
1975 1988 2006 2017 »

2131 1969 2292 2032 rius,
2358 1969 2541 2024 Deum
2596 1969 2706 2022 rite
2770 1969 3023 2034 colens,
3103 1967 3412 2023 abstinens
3479 1967 3552 2023 ab
3612 1967 3776 2022 omni

350 2057 524 2118 Οὗτος
570 2056 598 2110 6
629 2056 856 2126 νικήσας
911 2053 981 2109 δι’
1039 2055 1327 2128 ὑπομονῆς
1383 2055 1475 2110 τὸν
1534 2057 1886 2130 πειράσαντα,
1917 2053 2007 2110 καὶ

355 2147 708 2221 μαρτυρήσας
737 2145 852 2216 ἅμα
881 2145 971 2200 καὶ
1035 2146 1403 2218 μαρτυρηθεῖς
1463 2145 1566 2200 ὑπὸ
1610 2149 1707 2200 τοῦ
1761 2150 1916 2201 Θεοῦ·
1949 2145 2009 2207 ὃς

349 2233 859 2309 ταπεινοφροσύνης
902 2234 1189 2309 ἀντέχεται
1231 2237 1361 2306 (44),
1409 2259 1437 2285 ‹‹
1467 2233 1559 2289 καὶ
1606 2232 1772 2309 λέγει·
1824 2231 2012 2295 Οὐδεὶς

351 2324 585 2400 καθαρὸς
637 2322 742 2380 διπὸ
793 2323 991 2399 ῥύπου,
1023 2322 1142 2379 οὐδ’
1197 2324 1248 2380 εἴ
1303 2328 1431 2398 μιᾶς
1461 2321 1672 2398 ἡμέρας
1704 2327 1739 2394 ἡ
1772 2325 1886 2394 ζωὴ
1916 2325 2015 2380 αὖ·

349 2417 469 2470 τοῦ.
505 2437 532 2464 ››
567 2415 830 2482 Μωυσῆς,
866 2437 894 2464 ‹‹
929 2414 958 2468 6
991 2413 1183 2477 πίστὸς
1214 2412 1462 2488 θεράπων
1497 2418 1608 2487 (45)
1657 2413 1709 2468 ἐν
1767 2411 1888 2486 ὅλῳ
1933 2417 2016 2486 τῷ

357 2501 492 2576 οἴκῳ
549 2501 736 2571 αὐτοῦ,
768 2502 908 2576 πρὸς
965 2503 1061 2556 τὸν
1124 2503 1539 2577 χρηματίζοντα
1596 2502 1656 2557 ἐκ
1709 2508 1809 2571 τῆς
1847 2503 2015 2578 βάτου

361 2594 531 2648 εἶπενο
566 2613 590 2642 α
618 2591 715 2652 Τίς
746 2590 862 2663 εἶμι
895 2589 1024 2665 ἐγὼ,
1055 2585 1138 2646 ὅτι
1175 2611 1242 2663 με
1299 2590 1533 2664 πέμπεις
1567 2611 1582 2660 ς
1641 2591 1786 2666 Ἐγὼ
1813 2589 1872 2646 ὃὶ
1899 2590 2016 2662 είμι

358 2680 702 2758 ἰσχνόφωνος
732 2679 824 2734 καὶ
869 2677 1318 2755 βραδύγλωσσος,
1353 2703 1382 2731 »
1433 2681 1620 2758 φωνὴν
1672 2679 1879 2756 Κυρίου
1927 2677 2016 2735 διὰ

359 2771 619 2849 γλώσσης
677 2767 1029 2844 ἀνθρωπίδης
1084 2766 1403 2839 διακονῆσαι
1451 2773 1613 2842 (46).
1667 2769 1770 2826 Καὶ
1827 2768 2014 2825 πάλιν·

369 2883 398 2911 ‹‹
433 2859 580 2934 Ἐγὼ
611 2861 724 2930 (47)
785 2854 844 2912 δὲ
904 2856 1019 2929 εἰμι
1078 2856 1244 2930 ἀτμὶς
1278 2856 1384 2912 ἀπὸ
1440 2858 1671 2931 χύτρας.
1733 2857 1864 2918 Θεὸς
1916 2856 2019 2932 γὰρ

371 2949 737 3028 ὑπερηφάνοις
795 2949 1165 3004 ἀντιτάσσεται
1201 2990 1216 3016 ,
1266 2953 1542 3011 ταπεινοῖς
1594 2944 1654 3004 δὶ
1700 2945 1891 3003 δίδωσι
1923 2946 2023 3022 χά-

369 3058 475 3114 ριν,
513 3063 540 3090 υ
575 3065 601 3090 ι(
634 3038 740 3094 Ναὶ
783 3039 891 3111 μὴν
922 3041 1037 3111 (48)
1069 3037 1157 3093 καὶ
1200 3033 1388 3109 Δαὸὶδ,
1423 3037 1503 3116 ἐφ’
1556 3038 1617 3093 οὗ
1671 3041 1960 3114 μαρτυρῶν
1995 3037 2022 3091 6

365 3128 564 3204 Κύριος
595 3127 739 3203 λὲγιι
775 3148 788 3160 ο
862 3149 883 3176 ε
917 3128 1086 3201 Εὗρον
1134 3124 1303 3203 ἄνδρα
1341 3129 1476 3184 κατᾶ
1503 3129 1604 3198 τήν
1635 3125 1860 3200 καρδίαν
1895 3149 2023 3201 μου,

364 3212 556 3287 Δαόὶδ,
598 3219 692 3272 τὸν
750 3221 847 3272 τοῦ
907 3215 1120 3274 Ἰεσσαί·
1168 3215 1220 3271 ἐν
1267 3216 1435 3289 ἐλαίῳ
1465 3217 1602 3292 ἁγίῳ
1659 3221 1766 3290 (49)
1825 3217 2021 3292 ἔχρισα

363 3307 548 3362 αὐτόν·
573 3329 600 3357 ››
623 3305 868 3362 ἀλλὰκαὶ
893 3305 1053 3368 αὐτὸς
1078 3304 1226 3381 λέγει
1249 3307 1385 3382 πρὸς
1408 3307 1498 3361 τὸν
1523 3307 1674 3362 Θεὸνο
1699 3330 1727 3358 ‹‹
1756 3303 2019 3378 Ἐλέησόν

361 3397 507 3470 με,ὁ
549 3398 702 3465 Θεὸς,
735 3397 872 3450 κατὰ
923 3395 986 3451 τὸ
1048 3396 1187 3470 μέγα
1240 3393 1392 3457 ἔλεός
1448 3415 1563 3450 σου⁶
1623 3395 1714 3450 καὶ
1767 3396 1902 3451 κατᾶ
1958 3395 2020 3452 τὸ

357 3483 576 3554 πλῆθος
613 3489 725 3540 τῶν
786 3484 1088 3557 οἰκτιρμῶν
1140 3505 1237 3539 σου
1295 3483 1576 3559 ἐξάλειψον
1634 3485 1699 3541 τὸ
1754 3483 2022 3558 ἀνόμημά

364 3593 490 3647 μου⁶
527 3572 812 3629 ἐπιπλεῖον
857 3572 1064 3629 πλῦνόν
1095 3594 1162 3647 με
1207 3574 1313 3629 ἀπὸ
1353 3581 1456 3644 τῆς
1505 3575 1734 3648 ἀνομίας
1767 3595 1893 3649 μου,
1927 3573 2020 3630 καί

361 3664 468 3720 ἀπὸ
497 3670 598 3733 τῆς
631 3663 898 3737 ἁμαρτίας
936 3685 1040 3736 μου
1089 3664 1379 3740 καθάρισόν
1420 3665 1504 3738 με’
1537 3664 1622 3720 ὅτι
1651 3665 1752 3735 τὴν
1785 3663 2018 3739 ἀνομίαν

366 3774 472 3826 μου
498 3751 606 3829 ἐγὼ
634 3754 912 3829 γινώσκω,
941 3754 1029 3808 καὶ
1073 3777 1096 3807 ι
1131 3756 1165 3823 ἡ
1196 3753 1434 3828 ἁμαρτία
1468 3775 1574 3828 μου
1624 3753 1856 3810 ἐνώπιόν
1913 3776 2020 3828 μου

362 3842 474 3899 ἔστι
527 3839 820 3905 διαπαντός
855 3886 869 3899 .
928 3867 956 3894 ››
1013 3845 1242 3900 Ἐπειτα
1295 3847 1394 3915 τὴν
1441 3844 1551 3921 οὐχ
1608 3845 2022 3901 ὖποπίπτουσαν

361 3932 540 4005 Νόμῳ
584 3933 960 4006 αἰνιττόμενος
1010 3933 1304 4008 ἁμαρτίαν,
1349 3940 1667 4009 γνωπικῶς
1718 3955 2019 4010 μετριοπα-

361 4023 494 4092 Θῶν,
525 4020 767 4098 ἰπιιρέρει
807 4025 940 4095 (50)“
993 4046 1020 4073 «
1054 4022 1148 4076 Σοὶ
1184 4022 1338 4095 μόνῳ
1381 4024 1648 4098 ἥμαρτον,
1681 4025 1769 4079 καὶ
1803 4025 1866 4079 τὸ
1916 4045 2021 4079 πο-

428 4174 492 4238 νκ
521 4176 583 4230 Ρ.
618 4175 715 4229 611
775 4175 889 4230 ED.
940 4175 1232 4230 POTTER.
1295 4174 1373 4246 (a)
1399 4176 1518 4233 Jac.
1554 4193 1616 4242 ιι,
1648 4179 1736 4232 23.

357 4321 413 4385 1,
443 4321 497 4384 2,
530 4320 583 4385 3,
615 4321 669 4376 4.

428 4490 539 4560 (35)
571 4486 752 4547 Αὐτοῦ
793 4491 863 4562 τῇ
924 4509 1049 4563 μεγ.
1084 4485 1134 4547 δ.
1167 4491 1253 4564 Τῇ
1289 4509 1414 4564 μεγ.
1475 4486 1524 4546 δ.
1587 4489 1772 4562 αὐτοῦ,
1827 4493 2015 4550 Clem.

367 4564 544 4704 Βῗίῗέ)
601 4631 700 4686 Καὶ
733 4631 1066 4709 φιλοξεοίαν.
1125 4635 1257 4709 Haec
1315 4635 1376 4690 in
1436 4638 1704 4709 Romano
1735 4653 1873 4709 non
1913 4654 2016 4693 ex-

359 4709 558 4783 stant;
610 4711 677 4760 ut
705 4704 814 4760 nec
868 4706 1041 4783 illud,
1075 4706 1236 4778 quod
1289 4707 1579 4779 sequitur,
1611 4708 1792 4783 πατὴρ
1833 4704 1892 4762 δὲ
1919 4713 2016 4764 τοῦ

359 4776 544 4833 Ἰσαάκ
571 4777 1016 4851 προσηγορεύθη.

430 4852 539 4920 (37)
571 4847 747 4908 Φίλος
770 4847 934 4907 Θεοῦ.
969 4851 1091 4906 Vox
1120 4852 1254 4905 Θεοῦ
1285 4867 1320 4906 a
1349 4850 1653 4907 Clemente
1705 4855 1874 4910 Rom.
1908 4853 2012 4908 ho~

360 4919 568 4976 dierno
599 4921 787 4989 abest,
821 4921 917 4976 cui
948 4928 1150 4978 tamen
1177 4939 1246 4977 ex
1295 4923 1406 4978 hoc
1459 4923 1588 4980 loco
1648 4923 2020 4981 restituenda

358 4992 613 5074 videtur:
654 4993 930 5074 .Respicit
984 4993 1147 5049 enim
1194 4993 1392 5050 Jacob.
1445 5011 1504 5060 ιι,
1548 4997 1656 5064 23;
1720 4996 1824 5052 Kal
1855 4993 2015 5074 φίλος

365 5062 804 5150 θερὲηέκλήθηζ
845 5135 864 5150 .
923 5136 968 5150 ..
1149 5138 1189 5150 ἢ
1385 5136 1489 5150 .η.

433 5138 543 5212 (38)
577 5131 672 5188 Aa
706 5131 887 5212 φιλοε.
923 5136 1058 5192 Haec
1089 5152 1120 5192 e
1149 5136 1398 5192 Romani
1430 5136 1752 5196 Clementis
1787 5156 1916 5212 cap.
1952 5144 2010 5195 11

363 5208 552 5281 petita
570 5208 731 5281 sunt.

425 5281 534 5350 (39)
569 5277 668 5333 Δια
697 5279 848 5334 πίστ.
883 5280 1017 5335 Ηωο
1067 5295 1136 5336 ex
1188 5279 1459 5352 ejusdem
1516 5298 1646 5354 cap.
1683 5283 1748 5338 12
1780 5291 2017 5355 sumpta

362 5356 540 5507 “(1113)
574 5423 650 5476 Δι’
684 5420 998 5507 ὑπρμονὴν.
1030 5425 1156 5480 Jam
1190 5425 1407 5480 transit
1429 5424 1506 5481 ad
1534 5423 1859 5482 Clementis
1890 5429 2014 5483 Ro-

359 5499 521 5550 mani
553 5513 621 5551 ca
669 5534 682 5548 .
719 5499 805 5550 17.

430 5569 541 5632 (41)
571 5512 682 5635 TXV
705 5563 1018 5639 βασιλείαν.
1047 5567 1161 5632 Τὴν
1193 5563 1423 5630 ἕλευσιν,
1459 5568 1735 5626 Clemens
1767 5573 1832 5626 R.

427 5639 539 5709 (42)
593 5637 902 5714 Ἰωάννην..
959 5641 1282 5710 Baptistam
1327 5641 1664 5714 intelligit;
1715 5642 1790 5697 ad
1833 5659 2014 5714 quem

356 5715 605 5791 spectat,
639 5711 798 5782 quod
829 5709 901 5764 de
929 5709 1142 5784 τριχῶν
1165 5709 1486 5794 καμηλιίων
1530 5709 1869 5787 πλέγμασιῖ
1883 5715 2014 5786 jam

357 5779 584 5855 dictum
612 5787 721 5855 est.
757 5783 1041 5838 Neutrum
1072 5789 1342 5855 agnoscit
1370 5784 1644 5841 Clemens
1677 5789 1743 5842 R.

429 5823 1772 5929 ῐὶἒῖιπῐςξρὲιὲεζξιῖΪ“ὅὶἱὲθ“ἓὲξιῖιῖἓιέἑ”ὲ”ῗῖιέἱὲἑι
1809 5858 2012 5914 Testa-

2049 4765 2094 4829 D
2128 4780 2453 4836 Clementis
2482 4778 2727 4833 Romani

2117 2059 2272 2114 malo
2297 2061 2387 2128 (ο).
2423 2080 2451 2108 ››
2479 2059 2535 2114 Is
2557 2064 2667 2124 est,
2696 2057 2796 2128 qui
2822 2074 2928 2113 sua
2951 2057 3242 2129 patientia
3273 2057 3572 2129 superavit
3593 2062 3782 2112 tenta-

2119 2152 2328 2212 torem,
2363 2151 2422 2202 et
2451 2145 2630 2201 simul
2661 2146 2775 2202 fuit
2804 2152 3030 2217 martyr
3077 2162 3184 2202 seu
3234 2147 3425 2215 testis,
3457 2151 3517 2201 et
3571 2162 3606 2202 a
3653 2147 3772 2202 Deo

2119 2237 2348 2307 accepit
2378 2236 2828 2303 testimonium;
2877 2235 2980 2307 qui
3011 2236 3414 2292 humilitatem
3445 2235 3777 2308 amplexus,

2121 2325 2266 2381 dicit
2293 2342 2306 2380 :
2340 2345 2366 2376 ι
2398 2325 2604 2380 Nullus
2638 2330 2728 2380 est
2759 2325 3019 2380 mundus
3047 2342 3082 2380 a
3107 2325 3301 2389 sorde,
3328 2342 3403 2380 ne
3452 2325 3500 2380 si
3534 2327 3611 2380 sit
3640 2323 3780 2397 qui-

2121 2413 2256 2471 dem
2290 2415 2466 2470 unius
2496 2413 2613 2470 diei
2635 2415 2756 2470 vita
2774 2414 3014 2486 ejustd).
3039 2434 3070 2467 ιο
3104 2417 3350 2485 Moyses,
3376 2437 3405 2464 α
3439 2413 3636 2470 ﬁdelis
3660 2430 3780 2469 ser-

2119 2522 2226 2558 vus
2255 2505 2317 2559 in
2349 2509 2470 2558 toto
2515 2503 2690 2557 domo
2743 2504 2872 2574 ejus
2911 2505 3008 2570 (ε),
3042 2525 3068 2549 »
3099 2503 3246 2557 dixit
3277 2503 3350 2558 ad
3382 2519 3544 2568 eum,
3574 2502 3675 2574 qui
3707 2519 3781 2558 ex

2120 2592 2270 2646 rubo
2303 2592 2481 2646 dabat
2519 2607 2845 2662 responsa:
2903 2611 2930 2640 α
2963 2591 3106 2656 Quis
3138 2607 3243 2664 ego
3275 2607 3429 2658 sum,
3463 2591 3622 2662 quod
3682 2608 3780 2648 me

2123 2681 2285 2736 mitis
2313 2680 2342 2735 ?
2371 2682 2484 2749 Ego
2529 2685 2728 2734 autem
2761 2695 2894 2734 sum
2945 2686 3004 2735 et
3045 2697 3185 2736 voce
3235 2680 3422 2743 tenui.
3473 2686 3532 2736 et
3578 2681 3782 2754 lingua

2125 2769 2370 2825 tardiori
2396 2771 2487 2840 (f),
2513 2791 2539 2818 ››
2572 2774 2636 2823 ut
2666 2769 2902 2824 Domini
2933 2785 3134 2825 vocem
3164 2771 3501 2825 ministrem
3532 2786 3638 2842 per
3657 2769 3776 2825 lin-

2125 2877 2301 2932 guam
2333 2861 2679 2916 humanam.
2709 2860 2778 2913 Et
2807 2875 3048 2915 rursus:
3082 2882 3109 2910 «
3145 2861 3262 2932 Ego
3292 2865 3494 2916 autem
3527 2876 3658 2915 sum
3687 2876 3784 2916 va-

2128 2967 2237 3022 por
2256 2967 2326 3005 ex
2354 2949 2492 3004 olla.
2528 2949 2679 3003 Deus
2697 2948 2860 3004 enim
2886 2947 3160 3019 superbis
3183 2948 3428 3013 resistit,
3452 2947 3780 3004 humilibus

2130 3045 2330 3096 autem
2370 3037 2470 3094 dat
2498 3038 2746 3111 gratiam
2779 3037 2876 3107 (ρ).
2909 3058 2934 3088 ιι
2979 3037 3108 3092 Jam
3139 3054 3274 3092 vero
3313 3038 3492 3094 David
3523 3053 3782 3108 quoque,

2132 3129 2204 3184 de
2227 3146 2343 3200 quo
2365 3127 2774 3182 testimonium
2798 3127 2996 3181 ferens
3024 3126 3170 3182 dicit
3190 3127 3477 3182 Dominus
3494 3145 3508 3184 :
3528 3151 3553 3176 α
3583 3127 3783 3182 Inveni

2133 3220 2440 3276 hominem
2460 3217 2787 3274 secundum
2802 3233 3137 3286 cormeum,
3156 3218 3335 3274 David
3347 3219 3548 3274 Jessaai
3569 3219 3784 3290 illium,

2133 3311 2195 3365 in
2218 3309 2349 3364 oleo
2373 3313 2576 3364 sancto
2601 3307 2740 3362 unxi
2759 3324 2894 3362 eum
2917 3307 3027 3378 (h):
3055 3331 3082 3354 υ
3102 3307 3203 3362 sed
3229 3307 3354 3379 ipse
3378 3324 3615 3379 quoque
3637 3307 3786 3363 dicit

2129 3399 2203 3455 ad
2217 3399 2431 3454 Deum:
2462 3420 2481 3445 ι
2502 3397 2774 3452 Miserere
2801 3397 2936 3463 mei,
2956 3397 3130 3465 Deus,
3152 3396 3482 3452 secundum
3506 3413 3780 3470 magnam

2128 3486 2603 3544 misericordiam
2647 3493 2810 3541 tuam
2841 3503 2854 3552 ;
2888 3491 2944 3540 et
2975 3485 3304 3541 secundum
3337 3486 3783 3542 multitudinem

2129 3576 2582 3634 miserationum
2601 3581 2836 3630 tuarum
2855 3574 2988 3629 dele
3009 3574 3388 3645 iniquitatem
3411 3592 3626 3630 meam.
3655 3577 3787 3631 Am-

2129 3667 2247 3723 lius
2276 3666 2407 3722 lava
2436 3680 2528 3720 me
2561 3663 2634 3720 ab
2689 3663 3004 3735 iniquitate
3037 3679 3192 3732 mea,
3225 3669 3284 3720 et
3312 3680 3347 3720 a
3377 3671 3618 3736 peccato
3649 3681 3784 3720 meo

2131 3757 2354 3813 munda
2382 3772 2499 3811 me.
2545 3753 2836 3820 Quoniam
2887 3753 3269 3825 iniquitatem
3321 3771 3518 3810 meam
3550 3772 3653 3828 ego
3686 3772 3788 3811 co-

2129 3865 2369 3923 gnosco,
2394 3852 2453 3903 et
2480 3851 2790 3917 peccatum
2837 3861 3038 3900 meum
3068 3845 3130 3899 in
3177 3852 3503 3918 conspectu
3534 3864 3666 3902 meo
3701 3852 3792 3902 est

2130 3938 2457 4009 semperli).
2475 3956 2498 3984 ι
2520 3935 2742 3989 Deinde
2757 3935 3016 3988 innuens
3034 3940 3342 4004 peccatum
3357 3936 3517 4006 quod
3532 3935 3643 4008 legi
3661 3953 3781 3992 non

2130 4026 2461 4097 subjicitur,
2485 4023 2750 4096 gnostice
2801 4038 2968 4078 suam
3023 4023 3346 4078 ostendens
3403 4024 3779 4093 modestiam,

1805 4178 1879 4249 (ὁ)
1912 4178 2011 4233 Gel

2181 4195 2338 4241 xvm,
2366 4179 2454 4230 27.
2524 4177 2592 4249 (c)
2623 4174 2730 4231 Job
2759 4192 2798 4249 I_,
2835 4177 2886 4229 1.
2955 4175 3032 4246 (d)
3064 4174 3192 4230 Job.
3254 4193 3368 4244 xiv,
3399 4178 3453 4232 4.
3507 4176 3575 4248 (ε)
3608 4177 3786 4238 Hebr.

358 4263 439 4315 ιιι,
469 4251 520 4301 5.
593 4249 662 4318 (f)
691 4246 872 4302 Exod.
906 4262 988 4318 ιιι,
1041 4249 1099 4300 11
1134 4263 1149 4314 ;
1182 4263 1255 4313 iv,
1311 4250 1396 4305 10.
1463 4247 1542 4320 (g)
1595 4249 1713 4304 Jac.
1748 4246 1823 4318 ιν,
1883 4252 1954 4317 6;

2131 4254 2225 4304 atr.
2285 4265 2362 4317 iv,
2395 4251 2447 4303 5.

2526 4248 2605 4320 (Ιι)
2662 4245 2817 4303 Psal.
2877 4245 3146 4316 Lxxxvm,
3200 4249 3292 4303 21.
3359 4249 3424 4320 (ἱ)
3479 4245 3634 4305 Psal.
3695 4267 3785 4318 ιιι,

2126 4498 2352 4559 mento,
2385 4507 2502 4547 non
2537 4507 2608 4546 ex
2638 4490 2912 4546 versione
2960 4493 3068 4544 τῶν
3121 4490 3200 4559 0’,
3228 4492 3426 4562 qualis
3473 4493 3652 4550 hodie
3681 4511 3785 4551 ex-

2125 4571 2264 4627 stat,
2297 4564 2402 4620 sed
2433 4580 2502 4618 ex
2534 4563 2839 4617 Clemente
2870 4564 3042 4618 Rom.
3067 4563 3246 4620 citata
3279 4571 3439 4628 sunt.

2195 4639 2310 4707 (44)
2355 4633 2587 4707 Οὗτοςρ
2627 4653 2781 4691 vix...
2835 4631 3141 4707 ἀντέχεται.
3203 4637 3337 4690 Ηωο
3399 4636 3790 4694 Alexandrini

2126 4705 2302 4784 verba
2333 4705 2577 4784 sunt_ad
2607 4705 3088 4784 martyriumfde
3119 4723 3237 4778 quo
3261 4709 3537 4784 superius
3561 4717 3783 4784 egerat,

2802 4779 2984 4833 ictum
3016 4779 3482 4835 accomodantis.

2199 4855 2304 4922 (45)
2339 4848 2621 4924 Θεράπων.
2656 4851 2775 4904 Hoc
2801 4850 2980 4924 etiam
3002 4867 3036 4907 a
3057 4851 3367 4924 Clemente
3397 4855 3563 4908 Rom.
3597 4853 3784 4910 abest.

2126 4920 2419 4997 Additum
2436 4920 2673 4997 videtur
2701 4938 2773 4997 ex
2818 4921 3004 4997 Hebr.
3029 4939 3110 4997 ιιι,
3143 4926 3214 4978 5:
3267 4923 3374 4997 Kal
3422 4929 3659 4993 Μωυσῆς
3688 4924 3785 4997 μὶν

2125 4994 2314 5055 πιστὸς
2344 4993 2395 5047 ἐν
2429 4991 2549 5065 ὅλῳ
2577 4989 2828 5065 τῷ-οῗκῳ
2854 4992 3023 5047 αὐτοῦ
3055 4992 3131 5054 ὡς
3165 4995 3438 5065 θεράπων.

2197 5067 2312 5139 (46)
2343 5061 2997 5139 Φωνήν...ᾑδιακονῆσαι.
3054 5067 3189 5122 Ιίωο
3228 5061 3318 5122 ab
3377 5067 3782 5124 Alexandrino

2126 5138 2330 5194 noStro
2353 5138 2578 5211 inserta
2608 5153 2728 5193 non
2757 5138 3027 5211 agnoscit
3055 5140 3356 5194 Romanus
3381 5155 3395 5205 ;
3424 5144 3489 5193 ut
3513 5155 3623 5194 nec
3649 5155 3781 5210 qum

2127 5227 2263 5266 mox
2292 5227 2362 5282 ex
2391 5210 2515 5282 Jac.
2546 5225 2631 5282 iv,
2656 5211 2718 5282 κϐ,
2753 5210 3105 5282 sequuntur.

2197 5285 2309 5348 (47)
2337 5280 2504 5354 Ἐγώ.
2540 5281 2628 5354 De
2653 5281 2748 5336 his
2775 5280 2989 5354 verbis,
3017 5297 3147 5350 quae
3192 5297 3314 5334 non
3367 5285 3600 5354 exstant
3627 5282 3690 5338 in
3720 5283 3776 5340 S.

2124 5351 2469 5425 Scripturis.
2491 5352 2645 5426 conf.
2672 5371 2805 5425 qum
2827 5352 3111 5409 adnotata
3141 5357 3280 5406 sunt
3303 5351 3412 5407 sub
3441 5352 3622 5408 ﬁnem
3646 5371 3775 5426 cap.

2126 5428 2190 5482 17
2219 5425 2544 5496 Clementis
2576 5427 2768 5491 Rom.,
2810 5443 2865 5496 p.
2905 5427 3026 5478 156.

2197 5500 2306 5567 (48)
2354 5495 2451 5550 Ναὶ
2516 5496 2646 5565 μήν.
2707 5495 2846 5561 Qua:
2905 5501 3241 5566 sequuntur
3297 5497 3483 5568 petita
3539 5502 3681 5552 sunt
3709 5513 3781 5554 ex

2124 5569 2446 5625 Clementis
2480 5571 2671 5632 Rom.,
2705 5585 2761 5638 p.
2800 5570 2920 5622 156.

2198 5644 2308 5714 (49)
2337 5639 2527 5714 Ἀγίῳ.
2567 5634 2842 5694 Clemens
2899 5641 2990 5705 R.,
3021 5634 3251 5708 αἰωνίῳ.
3287 5637 3401 5694 Sed
3450 5637 3591 5712 ἁγίῳ
3622 5641 3782 5712 apud

2120 5711 2249 5775 τοὺς
2281 5711 2340 5770 0‘
2363 5711 2571 5768 exstat.

2195 5789 2307 5856 (50)
2337 5787 2585 5857 Ἔπειτα.
2622 5823 2636 5838 .
2669 5825 2682 5838 .
2719 5799 2874 5854 μετρ.
2925 5778 3191 5857 ἐπιφέρει.
3248 5783 3368 5838 Hoc
3421 5783 3494 5839 ab
3525 5783 3783 5840 Alexan-

2123 5857 2300 5914 drino
2331 5862 2536 5914 nostro
2566 5855 2860 5911 insertum
2882 5860 2993 5910 est.
