4138 6462
403 382 541 446 1341

1736 384 2182 445 meum
2229 387 2365 444 LIB.
2406 391 2506 446 IV.

3684 383 3829 444 1342

405 514 600 570 στολον
633 511 922 588 πλήρωμα
953 513 1068 586 (76)
1097 508 1273 584 νόμου
1299 509 1391 565 τὸν
1432 507 1691 584 Χριστόν.
1741 511 1835 566 'Ev
1884 509 2057 588 Εὖαγ·

2180 515 2430 586 piamus,
2464 532 2533 573 ex
2565 514 2831 588 Apostoli
2856 513 3173 578 sententia,
3205 510 3506 570 Christum
3532 511 3681 585 legis
3710 513 3830 585 plen

401 605 572 682 γελίῳ
604 602 661 659 δὲ
685 601 795 674 ἤδη
829 601 1127 676 προκόπτει
1162 603 1190 656 ὁ
1218 600 1535 676 γνωστικὸς,
1587 598 1650 653 οὐ
1684 600 1880 674 βαθμῷ
1917 620 2062 676 χρη-

403 694 636 769 σάμενος
685 699 765 767 τῷ
816 694 971 766 νόμῳ
1022 692 1209 765 μόνον,
1258 690 1459 752 συνιεὶς
1509 686 1568 744 δὲ
1595 688 1756 744 αὐτὸν
1806 690 1897 744 καὶ
1926 692 2061 761 νοή-

403 806 499 848 σας
537 785 611 847 ὡς
658 780 944 859 παρέδωκε
995 786 1114 842 τοῖς
1169 776 1528 840 Ἀποστόλοις
1557 778 1584 832 ὁ
1639 778 1737 840 τὰς
1792 780 2062 850 Διαθήκας

404 871 658 935 δεδωκὼς
692 873 807 946 (77)
858 872 1083 946 Κύριος.
1117 869 1183 926 El
1222 865 1282 924 δὲ
1325 868 1416 923 καὶ
1447 864 1834 923 πολιτεύσοιντο
1864 868 2062 945 ὀρθῶς,

402 962 607 1037 (ὥσπερ
658 962 750 1016 οὗν
798 958 1061 1015 ἀδύνατον
1086 1005 1101 1032 ,
1161 955 1449 1033 δυσεργείᾳ
1499 960 1694 1032 γνῶσιν
1756 957 2063 1015 ἐπακολου-

401 1054 563 1125 θεῖν·)
596 1054 801 1126 μάρτυς
844 1069 904 1103 τε
947 1047 1035 1104 ἐπὶ
1081 1045 1268 1103 τοῖσδε
1313 1047 1579 1124 ὀρθότατα
1606 1047 1961 1123 ὁμολογήσας
1990 1045 2062 1103 δι’

401 1140 616 1216 ἀγάπην
666 1142 906 1215 γένοιτο,
958 1136 1191 1193 πλείονα
1235 1138 1336 1206 τὴν
1385 1135 1531 1209 ἀξίαν
1559 1136 1633 1197 ὡς
1657 1135 1711 1191 iv
1753 1135 2064 1212 ἀνθρώποις

403 1223 726 1302 λαμϐάνων·
759 1225 876 1283 οὐδ’
907 1226 1085 1291 οὕτως
1114 1226 1305 1304 φθάσει
1349 1225 1559 1287 τελειος
1616 1223 1669 1280 iv
1724 1224 1881 1300 σαρκὶ
1918 1225 2062 1298 κλη-

401 1319 510 1381 θείς
544 1337 560 1354 ο
619 1316 735 1373 ἐπεὶ
792 1318 892 1387 τήν
951 1315 1323 1393 προσηγορίαν
1380 1314 1582 1385 ταύτην
1637 1314 1974 1393 προείληφεν
2022 1319 2058 1387 ἡ

402 1407 811 1483 συμπεραίωσις
842 1410 940 1462 τοῦ
976 1406 1123 1482 βίου,
1156 1404 1455 1482 φθάσαντος
1508 1401 1617 1475 ἤδη
1674 1408 1774 1460 τοῦ
1824 1426 2062 1481 γνωστι-

400 1501 500 1553 κοῦ
536 1498 809 1574 μάρτυρος
832 1496 897 1551 τὸ
943 1497 1157 1552 τὲΑειον
1207 1488 1363 1571 ἔργον
1422 1491 1751 1565 ἰνδείξασθαι
1806 1494 1897 1550 καὶ
1954 1515 2060 1551 πα-

404 1593 667 1663 ραστῆσαι
716 1584 924 1662 κυρίως
982 1582 1051 1640 δί’
1101 1584 1320 1659 ἀγάπης
1362 1589 1670 1659 γνωστικῆς
1715 1580 2065 1659 εὐχαρισθένιο

401 1696 494 1738 τος
524 1678 642 1750 (78)
684 1673 939 1748 α’ίματος,
994 1673 1512 1748 παραπεμπομένοο
1556 1674 1621 1728 τὸ
1670 1678 1905 1746 πνεῦμαο
1957 1694 2061 1747 μα-

400 1764 596 1838 κάριος
629 1762 676 1819 δ’
708 1761 853 1820 ἔνθεν
886 1762 950 1819 ἂν
982 1761 1087 1838 εἷ’ῃ,
1135 1762 1350 1825 τίλειός
1391 1783 1451 1817 τε
1491 1761 1544 1818 ἐν
1575 1760 1698 1837 δίκῃ
1727 1763 2058 1839 κηρυχθείη,

403 1878 433 1908 κ
456 1853 549 1909 ’ίνα
573 1857 608 1925 ἡ
644 1849 928 1929 ὑπερϐολή
959 1860 1061 1922 τῆς
1101 1850 1383 1925 δυνάμεως
1429 1854 1469 1924 ᾗ
1494 1857 1593 1909 τοῦ
1623 1856 1782 1924 Θεοῦ,
1827 1853 1919 1908 καὶ
1981 1854 2057 1927 μὴ
2092 1891 2139 1958 Β

404 1944 457 2016 δε
487 1947 675 2017 ἡμῶν,
709 1966 737 1997 s
771 1943 847 2006 ὥς
879 1963 1044 2022 φησιν
1077 1944 1105 1999 ὁ
1133 1941 1500 2005 Ἀπόστολος·
1554 1943 1722 2017 μόνον
1770 1944 1834 1998 τὸ
1864 1963 2063 2018 προαι-

407 2034 622 2110 ρετικὸν
651 2035 740 2089 καὶ
770 2033 870 2102 τήν
905 2034 1116 2108 ἀγάπην
1170 2033 1456 2106 σώζωμενο
1491 2056 1520 2086 ι(
1551 2031 1605 2088 iv
1655 2033 1815 2088 παντὶ
1865 2028 2064 2097 θλιϐό-

410 2142 583 2198 μενοι,
634 2121 763 2179 ἀλλ’
812 2124 876 2178 οὐ
921 2122 1450 2199 στενοχωρούμενοι⁵
1499 2122 1894 2199 ἀπορούμενοι,
1934 2121 2064 2178 ἀλλ’

408 2215 512 2270 οὐκ
563 2211 1026 2292 ἔξαποροῦμενοι’
1087 2208 1449 2287 διωκόμενοι,
1498 2211 1627 2268 ἀλλ’
1683 2211 1783 2268 οὐκ
1838 2211 2065 2289 ἇγγατα-

407 2302 777 2378 λειπὸμενοι⁶
835 2298 1334 2377 καταϐαλλόμενοι,
1389 2300 1516 2359 ἀλλ’
1572 2301 1673 2357 οὐκ
1729 2301 2064 2377 ἀπολλύμε-

401 2414 514 2449 νοι.
577 2416 607 2445 »
662 2395 779 2469 Χρὴ
827 2393 931 2469 γὰρ
980 2390 1111 2455 τοὺς
1155 2389 1484 2454 σπεύδοντας
1533 2391 1611 2454 εἰς
1662 2388 2061 2462 συντελείωσιν,

402 2483 541 2539 κατὰ
566 2480 663 2539 τὰν
694 2483 861 2538 αὐτὸν
892 2481 1253 2552 Ἀπόστολον,
1285 2505 1315 2534 ‹‹
1352 2479 1629 2555 μηδεμίαν
1661 2481 1712 2537 iv
1750 2478 1945 2554 μηδενὶ
1976 2479 2064 2537 δι-

403 2568 555 2627 δόναι
585 2573 937 2645 προσκοπήν,
984 2569 1116 2625 ἀλλ’
1167 2571 1220 2625 iv
1260 2570 1418 2626 παντὶ
1450 2570 1759 2625 συνιστάναι
1816 2569 2060 2643 δαυτοὺς,

403 2660 503 2717 οὐκ
552 2661 883 2738 ἀνθρώποις,
936 2660 1083 2716 ἀλλά
1104 2665 1185 2734 τῷ
1224 2664 1361 2733 Θεῷ.
1399 2684 1428 2712 »
1457 2663 1642 2717 Ἔστω
1670 2657 1729 2715 δι
1754 2679 2064 2716 κατεπακοσ

404 2750 702 2825 λούθημα,
760 2751 1037 2814 πείθεσθαι
1095 2748 1187 2805 καὶ
1239 2753 1355 2811 τοῖς
1408 2748 1757 2825 ἀνθρώποις·
1817 2748 1907 2807 καὶ
1957 2749 2061 2825 γὰρ

403 2842 623 2905 τούτοις
653 2836 902 2916 εὔλογον,
956 2837 1047 2894 διὰ
1096 2841 1193 2902 τὰς
1225 2837 1629 2915 ἐπηρεαζούσας
1682 2836 2061 2916 βλασφημίας.

402 2931 465 2988 Ἢ
496 2928 554 2990 δὶ
585 2929 932 2992 διασύστασις
974 2932 1086 3003 (79)
1117 2953 1146 2982 α
1179 2928 1231 2984 ἐν
1268 2926 1522 3003 ὑπομονῇ
1551 2927 1763 3003 πολλῇ,
1798 2950 1827 2981 n
1857 2926 1910 2984 iv
1942 2926 2064 2983 θλί-

402 3023 579 3094 ψεσιν,
612 3018 666 3075 ἐν
725 3020 1001 3096 ἀνάγκαις,
1050 3018 1105 3076 iv
1159 3018 1573 3095 στενοχωρίαις,
1605 3016 1660 3074 iv
1688 3018 1949 3093 πληγαῖς,
2007 3018 2060 3072 iv

404 3108 697 3190 φυλακαῖς,
750 3109 803 3166 ἐν
848 3110 1269 3173 ἀκαταστασίαις
1306 3154 1319 3179 ,
1371 3109 1423 3165 iv
1476 3108 1673 3172 κόποις
1708 3153 1722 3178 ,
1780 3108 1831 3164 iv
1891 3109 2063 3184 ἀγρυ-

402 3200 605 3271 πνίαις,
638 3198 691 3255 ἐν
731 3199 1025 3271 νηστείαις,
1077 3198 1129 3255 iv
1164 3195 1450 3272 ἀγνότητι,
1477 3197 1532 3253 iv
1561 3197 1780 3273 γνώσει,
1840 3196 1893 3253 iv
1946 3217 2060 3272 μα-

403 3290 725 3365 κροθυμίᾳ,
785 3291 837 3343 tv
893 3289 1284 3365 χρηστότητι,
1340 3287 1394 3344 iv
1454 3286 1728 3361 Πνεύματι
1789 3287 1949 3364 ἁγίῳ,
2007 3289 2060 3345 iv

403 3378 584 3454 ἀγάπῃ
636 3378 1006 3455 ἀνυποκρίτῳ,
1060 3377 1112 3432 iv
1175 3375 1326 3452 λόγῳ
1386 3375 1669 3448 ἀληθείας,
1730 3377 1782 3436 iv
1839 3375 2067 3453 δυνάμει

405 3472 561 3535 Θεοῦ,
617 3465 711 3524 ’ίνι
769 3469 916 3541 ὦμεν
971 3468 1081 3540 (80)
1128 3471 1250 3522 ναοί
1308 3471 1444 3522 Θεοῦ
1492 3467 1905 3542 καθαρισθεντες
1959 3470 2066 3526 ἀπὸ

405 3559 605 3621 παντὸς
661 3556 952 3632 μολυσμοῦ
1003 3558 1199 3634 σαρκὸς
1249 3557 1338 3612 καὶ
1381 3554 1712 3630 πνεύματος.
1743 3557 1929 3633 Κάγὼ,
1962 3580 2068 3637 φη.

405 3647 510 3716 σὶν,
559 3644 864 3719 εἰσδέξομαι
917 3647 1079 3720 ὑμᾶς,
1139 3645 1231 3701 καὶ
1282 3643 1479 3719 ἔσομαι
1529 3646 1658 3720 ὑμῖν
1705 3646 1786 3710 εἰς
1837 3648 2065 3724 πατιρα,

404 3737 495 3793 καὶ
528 3737 688 3812 ὑμεῖς
720 3736 901 3802 ἔσεσθὲ
935 3758 1027 3811 μοι
1061 3736 1136 3798 είς
1185 3735 1337 3801 υἱοὺς
1398 3736 1488 3792 καὶ
1541 3737 1856 3814 θυγατέρας,
1916 3739 2070 3814 λέγει

409 3827 613 3903 Κύριος
642 3826 1053 3902 παντοκράτωρ.
1106 3824 1502 3900 Ἐπιτελοῦμεν
1536 3830 1649 3900 (81)
1707 3829 1823 3899 οὗν,
1880 3829 2067 3900 φησὶν,

410 3917 719 3993 ἁγιωσύνην
774 3916 827 3972 ἐν
880 3911 1037 3996 φόϐῳ
1088 3920 1242 3974 Θεοῦ.
1275 3940 1304 3968 »
1352 3915 1415 3971 Ei
1440 3917 1542 3995 γὰρ
1573 3918 1662 3973 καὶ
1695 3917 1876 3988 λύπην
1909 3920 1937 3974 ὁ
1965 3918 2071 3997 φό-

411 4001 505 4062 ϐος
535 4010 749 4082 γεννᾷ,‹‹
786 4004 1000 4080 Χαίρω,
1037 4028 1063 4059 ιι
1097 4003 1245 4080 λέγω
1278 4008 1441 4077 (82),ιι
1477 4002 1584 4082 οὗχ
1615 4005 1698 4061 ὅτι
1730 4005 2069 4078 ἐλυπήθητε,

413 4093 540 4150 ἀλλ’
587 4093 671 4149 ὅτι
720 4093 971 4156 εὐπαθεῖς
1021 4094 1139 4148 ἐστε
1186 4095 1297 4165 (83)
1343 4093 1419 4156 εἷς
1467 4096 1774 4167 μετάνοιαν.
1826 4094 2071 4167 Ἐλυπή-

411 4196 542 4256 θητε
592 4185 694 4259 γὰρ
751 4184 891 4240 κατά
941 4182 1096 4253 Θεὸν,
1139 4180 1231 4236 ’ίνα
1278 4180 1332 4236 iv
1384 4179 1579 4255 μηδενὶ
1642 4185 1962 4256 ζημιωθῆτε
2016 4184 2069 4256 ἑξ

409 4277 593 4348 ἡμῶν·
643 4275 678 4344 ἡ
727 4273 828 4349 γὰρ
875 4271 1013 4327 κατά
1062 4271 1191 4327 Θεὸν
1249 4267 1425 4341 λύπη,
1462 4271 1748 4345 μετάνοιαν
1782 4270 1860 4334 είς
1895 4295 2068 4345 σωτηο

479 4487 544 4552 ›Χ‹
571 4489 634 4542 Ρ.
666 4486 771 4541 624
800 4486 910 4540 ED.
945 4485 1240 4554 POTTEB,
1274 4486 1377 4539 527
1407 4484 1520 4542 ΕΙ).
1555 4484 1786 4541 PARIS.
1865 4484 1934 4555 (α)
1968 4484 2020 4540 ll
2052 4487 2067 4539 1

2180 4528 2182 4538 ,
2216 4502 2289 4554 ιν,
2322 4488 2375 4552 7,
2409 4486 2461 4548 8,
2493 4486 2546 4540 9.

412 4559 543 4615 Cor.
579 4574 676 4627 vu,
707 4562 731 4612 1
763 4575 778 4625 ;
809 4573 884 4628 v1,
922 4558 1005 4624 16,
1040 4560 1128 4624 17,
1161 4560 1228 4612 19

2173 605 2531 661 nitudinem.
2563 607 2630 661 In
2651 605 2962 677 Evangelia
2986 610 3184 660 autem
3200 603 3329 674 jam
3349 601 3591 674 proficit
3606 602 3832 674 gnosti—

2172 710 2298 762 cus,
2332 712 2453 750 non
2485 696 2679 751 solum
2728 696 2887 766 quod
2917 698 3120 750 utatur
3148 693 3277 764 lege
3303 698 3590 762 tanquam
3620 691 3829 763 gradu,

2173 783 2276 840 sed
2298 784 2458 856 quod
2473 801 2602 841 eam
2627 786 2936 857 percipiat,
2969 784 3219 856 ejusque
3240 798 3483 838 sensum
3512 782 3827 855 intelligat,

2172 880 2350 945 prout
2378 874 2945 948 tradiditapostolis,
2977 874 3079 945 qui
3107 871 3274 928 dedit.
3300 874 3695 939 Testamenta,
3715 872 3832 926 Do-

2172 963 2392 1020 minus.
2417 964 2581 1030 Quod
2613 964 2663 1020 si
2696 964 2877 1021 etiam
2907 968 3067 1020 recte
3088 962 3272 1017 vitam
3299 960 3625 1016 instituerit
3652 960 3832 1031 (sicut

2172 1059 2333 1108 certe
2381 1054 2510 1109 fleri
2564 1071 2687 1109 non
2717 1058 2931 1126 potest,
2980 1058 3049 1108 ut
3077 1068 3287 1123 pravos
3316 1066 3513 1106 mores
3544 1054 3830 1120 sequatur

2171 1144 2471 1216 cognitio),
2498 1150 2859 1216 etprmterea
2881 1142 3215 1198 rectissime
3237 1140 3569 1205 confessus,
3601 1144 3829 1209 martyr

2170 1248 2278 1304 per
2305 1233 2689 1291 dilectionem
2714 1235 2904 1299 ﬂat,et
2925 1232 3246 1288 maximam
3275 1235 3345 1286 ut
3373 1229 3532 1284 inter
3551 1228 3827 1286 homines

2169 1321 2520 1394 dignitatem
2538 1324 2869 1396 acceperit;
2902 1339 2980 1378 ne
3011 1322 3096 1377 sio
3126 1320 3369 1393 quidem
3400 1335 3468 1378 eo
3501 1319 3825 1391 perveniet,

2169 1417 2237 1469 ut
2254 1417 2496 1468 vocetur
2514 1413 2579 1467 in
2600 1427 2779 1468 carne
2803 1410 3123 1484 perfectus;
3143 1408 3431 1481 quoniam
3449 1408 3602 1463 hanc
3621 1407 3830 1479 appel-

2169 1500 2458 1557 lationem
2488 1500 2747 1556 vindioat
2771 1500 2905 1555 vitai
2937 1499 3096 1566 finis,
3117 1515 3254 1555 cum
3276 1498 3581 1570 gnostious
3601 1500 3831 1567 martyr

2162 1590 2294 1663 jam
2324 1607 2393 1647 eo
2423 1591 2783 1663 pervenerit,
2812 1596 2879 1646 ut
2926 1589 3258 1662 perfectum
3288 1603 3438 1658 opus
3464 1584 3742 1643 ostendat
3770 1588 3830 1642 et

2172 1682 2409 1754 proprie
2441 1681 2738 1749 exhibeat,
2772 1686 2951 1752 atque
2991 1678 3279 1752 sanguine
3322 1692 3429 1749 per
3474 1675 3829 1732 cbaritatem

2169 1770 2501 1843 gnosticam
2531 1776 2697 1844 grate
2739 1772 2927 1826 eﬂ‘uso
2975 1767 3246 1825 emiserit
3272 1766 3587 1838 spiritum;
3617 1764 3830 1821 beatus

2170 1865 2370 1916 autem
2401 1861 2541 1916 hinc
2569 1861 2770 1929 fuerit,
2802 1865 2863 1918 et
2900 1860 3039 1933 jure
3070 1857 3370 1931 perfectus
3410 1857 3673 1921 vocetur,
3707 1874 3728 1903 ι
3764 1856 3832 1908 ut

2172 1950 2510 2007 sublimitas
2529 1951 2842 2022 potestatis
2870 1950 2951 2005 sit
2978 1950 3103 2016 Dei,
3137 1954 3198 2003 et
3220 1963 3345 2002 non
3375 1962 3447 2001 ex
3473 1943 3670 2009 nobis,
3700 1962 3731 1996 ιι
3762 1946 3833 2001 ut

2172 2039 2317 2095 dicit
2344 2039 2682 2112 Apostolus.
2716 2037 3102 2095 Solummodo
3123 2048 3543 2093 conservemus
3570 2032 3830 2089 liberum

2174 2128 2428 2201 eligendi
2457 2130 2773 2185 arbitrium
2805 2134 2864 2185 et
2883 2128 3274 2193 charitatem;
3307 2145 3337 2177 »ι
3365 2125 3428 2179 in
3459 2119 3832 2195 quolibetaf-

2174 2218 2340 2286 llicti,
2374 2218 2477 2274 sed
2507 2234 2629 2274 non
2658 2217 2885 2274 redacti
2916 2219 2978 2272 in
3007 2214 3313 2289 angustias
3342 2231 3357 2280 ;
3410 2215 3674 2285 egentes,
3725 2208 3831 2267 sed

2173 2323 2292 2363 non
2342 2309 2611 2380 oppressi
2650 2311 2949 2377 egestate;
2998 2303 3479 2378 persecutionem
3508 2299 3829 2372 patientes,

2173 2397 2277 2454 sed
2294 2413 2416 2453 non
2440 2396 2736 2466 derelicti;
2763 2395 2854 2469 dej
2866 2394 3113 2464 ecti,sed
3133 2410 3255 2449 non
3275 2390 3491 2464 perditi
3505 2389 3832 2461 (a).»0por-

2172 2490 2259 2541 tet
2281 2486 2443 2543 enim
2462 2502 2584 2557 eos,
2622 2485 2726 2556 qui
2744 2483 3117 2540 contendunt
3133 2481 3207 2538 ad
3224 2477 3825 2542 consummationem,

2174 2591 2244 2630 ex
2260 2574 2530 2646 ejusdem
2545 2574 2813 2646 Apostoli
2845 2572 3164 2641 sententia,
3188 2591 3216 2623 »ι
3237 2569 3469 2625 nullam
3488 2568 3551 2625 in
3574 2565 3742 2627 nulla
3761 2580 3826 2621 re

2171 2664 2312 2720 dare
2341 2664 2757 2731 offensionem,
2792 2662 2897 2718 sed
2927 2663 2989 2717 in
3017 2677 3085 2716 re
3110 2659 3378 2732 qualibet
3406 2654 3827 2714 commendare

2173 2754 2400 2825 seipsos
2433 2769 2556 2808 non
2595 2752 2965 2821 hominibus,
2999 2751 3102 2807 sed
3133 2751 3290 2816 Deo;
3322 2766 3348 2802 ε
3381 2746 3635 2804 addatur
3661 2745 3826 2802 insu-

2171 2860 2296 2916 per,
2321 2858 2531 2915 parere
2552 2842 2731 2898 etiam
2755 2840 3101 2897 hominibus
3124 2856 3138 2907 ;
3161 2838 3383 2895 etenim
3405 2836 3499 2893 bis
3520 2835 3698 2893 etiam
3721 2850 3831 2906 pa-

2170 2950 2303 2989 rere
2329 2938 2419 2988 est
2436 2938 2926 2998 consentaneum,
2950 2946 3027 2986 ne
3045 2946 3158 2985 nos
3186 2929 3555 2984 insectantur
3572 2922 3830 2983 maledi-

2172 3025 2301 3080 ctis.
2336 3021 2784 3079 Commendatio
2803 3027 3001 3078 autem
3024 3026 3116 3077 est
3143 3042 3170 3071 ιι
3194 3020 3259 3076 in
3277 3017 3593 3075 tolerantia
3615 3014 3825 3082 multa,

2173 3114 2234 3169 in
2265 3113 2716 3180 afﬂictionibus,
2750 3113 2812 3167 in
2842 3109 3318 3173 necessitatibus,
3352 3109 3415 3163 in
3446 3104 3829 3179 angustiis,in

2171 3204 2384 3276 plagis.
2408 3203 2471 3258 in
2492 3202 2854 3270 carceribus,
2874 3201 2935 3256 in
2966 3199 3386 3266 seditionibus,
3410 3198 3472 3253 in
3500 3194 3828 3263 laboribus,

2175 3295 2236 3348 in
2254 3292 2490 3366 vigiliis,
2524 3293 2585 3347 in
2607 3292 2881 3365 jejuniis,
2903 3291 2967 3346 in
2989 3290 3281 3356 castitate,
3299 3293 3364 3358 μι(
3386 3288 3448 3343 in
3470 3285 3829 3358 cognitione,

2177 3383 2240 3438 in
2268 3382 2577 3454 patientia,
2611 3382 2673 3437 in
2702 3380 3092 3453 benignitate,
3124 3380 3187 3434 in
3236 3382 3440 3433 sancto
3493 3374 3734 3447 Spiritu,
3767 3373 3833 3431 in

2176 3471 2464 3530 obaritate
2513 3488 2635 3529 non
2680 3472 2838 3541 ﬁcta,
2890 3471 2952 3527 in
2982 3470 3159 3525 verbo
3210 3466 3492 3536 veritatis,
3524 3465 3589 3521 in
3616 3462 3833 3521 virtute

2176 3563 2279 3617 Dei
2301 3562 2396 3633 (b),
2419 3567 2488 3617 ut
2506 3562 2694 3617 simus
2717 3560 2940 3632 templa
2955 3560 3060 3615 Dei
3091 3557 3415 3615 emundata
3438 3554 3511 3612 ab
3533 3553 3696 3611 omni
3726 3553 3829 3609 in—

2178 3653 2566 3723 quinamento
2593 3650 2790 3706 carnis
2822 3655 2882 3708 et
2908 3649 3175 3722 spiritus.
3216 3649 3289 3703 Et
3315 3663 3445 3719 ego,
3483 3644 3699 3716 inquit,
3729 3659 3831 3698 vos

2176 3741 2572 3813 accipiam,'et
2590 3740 2745 3797 220
2768 3756 2868 3797 ero
2898 3738 3064 3795 vobis
3093 3739 3156 3793 in
3186 3742 3439 3809 patrem,
3466 3739 3526 3789 et
3542 3751 3642 3790 vos
3667 3732 3832 3791 eritis

2177 3831 2324 3887 mihi
2353 3831 2416 3886 in
2450 3830 2604 3887 ﬁlios
2632 3835 2692 3885 et
2720 3830 2897 3898 tilias,
2915 3829 3000 3885 ait
3019 3827 3306 3884 Dominus
3335 3824 3715 3895 omnipotens
3735 3822 3831 3893 (c).

2178 3920 2565 3976 Perflciamus
2594 3935 2751 3991 ergo,
2786 3918 3003 3989 inquit,
3038 3916 3417 3972 sanctitatem
3453 3913 3514 3969 in
3557 3913 3833 3969 timorem

2178 4009 2303 4065 Dei.
2328 4028 2358 4059 υ
2376 4009 2520 4063 Nam
2542 4008 2649 4063 etsi
2684 4007 2987 4062 tristitiam
3017 4006 3199 4060 timor
3224 4007 3490 4077 generat,
3524 4024 3553 4053 ι(
3580 4000 3832 4074 gaudeo,

2179 4096 2446 4168 inquam,
2467 4112 2588 4151 non
2611 4095 2771 4167 quod
2784 4095 3025 4151 tristitia
3048 4092 3245 4149 aﬁ'ecti
3266 4091 3429 4161 estis,
3459 4091 3563 4147 sed
3583 4090 3742 4162 quod
3765 4106 3836 4147 ea

2176 4202 2280 4241 vos
2309 4201 2640 4257 propensos
2678 4184 2941 4241 reddidit
2968 4183 3044 4240 ad
3092 4180 3523 4256 paenitentiam.
3569 4179 3833 4236 Tristitia

2179 4275 2341 4331 enim
2373 4275 2566 4331 aﬂ‘ecti
2600 4276 2743 4331 estis
2774 4274 3105 4329 secundum
3129 4274 3338 4343 Deum,
3366 4274 3432 4329 ut
3451 4272 3513 4326 in
3544 4269 3708 4326 nullo
3728 4269 3835 4326 de-

2627 4483 2704 4556 (b)
2738 4483 2787 4539 Ιῐ
2816 4482 2942 4539 Cor.
2977 4484 3052 4554 vi,
3096 4483 3150 4550 3,
3198 4482 3250 4553 4,
3302 4484 3357 4549 5,
3411 4482 3465 4548 6,
3517 4480 3569 4535 7.
3649 4478 3720 4550 (c)
3776 4476 3829 4532 II

481 4767 599 4894 (76)
632 4764 940 4838 Πλήρωμα.
976 4767 1146 4823 Rom.
1179 4783 1235 4855 ξ,
1267 4768 1300 4822 4
1331 4782 1343 4821 2
1398 4762 1576 4829 Τὲλος
1604 4762 1708 4853 γὰρ
1735 4761 1910 4839 νόμου
1940 4766 2067 4840 Χρι-

517 4861 559 4894 c-
616 4839 817 4894 Matth.
868 4854 920 4894 ν.
977 4842 1084 4892 172
1135 4843 1247 4893 Ουκ
1294 4833 1468 4894 ἦλθον
1502 4833 1801 4892 καταλυσαι
1835 4834 2067 4894 (νόμον).

2181 4782 2321 4823 men
2353 4760 2698 4826 διασύστασις
2727 4764 3042 4821 confirmat
3061 4763 3416 4837 adjectivum
3448 4759 3832 4831 διασυστατική

2183 4856 2244 4894 n.
2278 4840 2401 4894 220.
2435 4838 2475 4892 l.
2504 4837 2594 4893 22.
2631 4839 2793 4893 SYLB.
2825 4867 2893 4879 -—
2924 4836 3094 4892 Forte
3122 4834 3369 4894 resnicit
3396 4834 3440 4893 II
3468 4835 3598 4893 Cor.
3631 4851 3710 4894 XI,
3744 4837 3832 4891 28.

414 4860 474 4893 στ

517 4861 559 4900 ς·
585 4833 592 4838 ’
616 4833 817 4894 Matth.
848 4833 920 4906 'v,
977 4842 1041 4892 17
1072 4856 1084 4892 2
1135 4834 1247 4893 Οΰκ
1294 4833 1468 4906 ἦλθον
1502 4833 2072 4911 κατὰλῦσαίῌόμόν),

417 4909 564 4967 ἀλλά
593 4912 910 4982 πΛηρῷσαι.

491 4986 603 5056 (77)
635 4975 819 5040 Ὀπτάς
866 4976 1129 5048 διαθήκας
1181 4975 1291 5035 δεδ.
1337 4982 1599 5038 Irenaeus
1646 4981 1749 5036 lib.
1781 4988 1886 5056 iv,
1944 4997 2072 5056 cap.

418 5060 479 5110 21
500 5051 524 5111 ἐ
558 5051 595 5106 «⁷
618 5056 874 5125 Utraque
907 5057 1103 5126 autem
1125 5056 1480 5126 testamenta
1509 5068 1664 5126 unus
1696 5058 1754 5126 et
1776 5051 1937 5109 idem
1968 5051 2077 5126 ρὰ.

421 5123 1099 5196 ιενΐαωίιὶειερτοάιιιίῑ,
1133 5124 1389 5196 Verbum
1422 5124 1547 5184 Dei.
1568 5125 1855 5182 Dominus
1875 5123 2079 5183 noster

418 5201 586 5256 Iesus
616 5195 1043 5268 Christus,.qui
1078 5200 1135 5251 et
1168 5195 1417 5252 Abrahae
1448 5201 1507 5251 et
1535 5197 1716 5269 Moysi
1750 5196 2078 5253 collocutus

423 5276 532 5327 est.

503 5344 610 5411 (78)
696 5334 1146 5414 Εὖχαρισθὲντος.
1233 5338 1492 5409 Rectius,
1565 5334 2076 5413 εὖχαριστηθὲντος.

429 5416 702 5470 SYLBUBG.

496 5486 607 5558 (79)
636 5489 708 5558 ἩΔ
745 5479 802 5537 δὲ
848 5478 1218 5558 διασύσταςιξ.
1253 5481 1451 5539 Mallet
1477 5483 1751 5558 fortasse
1795 5480 2014 5558 aliquis
2043 5481 2077 5547 ἡ

427 5552 599 5626 δὲ’ὃῆ
650 5554 919 5626 σύστασις,
972 5557 1038 5609 ut
1076 5552 1133 5626 Il
1158 5553 1286 5608 Cor.
1322 5570 1378 5611 γι
1405 5571 1428 5626 2.
1477 5553 1566 5608 Ἐν
1596 5552 1754 5608 παντὶ
1787 5552 2083 5626 συνιρτῶν-

433 5648 522 5691 τες
553 5620 797 5687 ἑαυτοὺς,
843 5620 917 5686 ὡς
948 5627 1082 5679 Θεοῦ
1112 5620 1378 5697 διάκονοι,
1412 5622 1463 5678 ἐν
1497 5627 1751 5696 ὑπομονῆ
1785 5622 1997 5697 πολλῇ,
2028 5628 2087 5680 et

437 5718 617 5775 quam
647 5706 1015 5775 sequuntur:
1046 5712 1187 5775 nam
1215 5693 1280 5775 δὲ
1301 5693 1367 5768 δή
1390 5714 1574 5775 αξιοι-ε
1605 5693 1911 5775 Platonico
1927 5693 2084 5775 alibi

433 5769 670 5846 quoque
696 5769 982 5846 usurdata
1019 5785 1075 5840 p.
1111 5771 1196 5846 37,
1239 5769 1349 5825 lin.
1387 5771 1452 5825 33
1489 5791 1503 5838 ;
1536 5786 1592 5844 p.
1631 5774 1754 5839 186,
1786 5771 1831 5827 l.
1875 5773 1990 5846 ‘25;
2020 5786 2079 5842 p.

431 5841 631 5913 2—06,].
659 5846 745 5900 26.
781 5843 894 5898 Sed
922 5841 1251 5897 mutatione
1281 5859 1430 5915 epus
1460 5841 1581 5899 non
1625 5848 1735 5912 est,
1788 5842 1929 5916 quia
1970 5841 2080 5898 no-

2183 4856 2244 4911 p.
2278 4838 2475 4911 220,71.
2504 4837 2594 4911 22.
2631 4839 2793 4911 Sne.
2825 4867 2893 4879 -—
2924 4836 3094 4892 Forte
3122 4834 3369 4908 respicit
3396 4834 3440 4893 II
3468 4835 3598 4911 Cor.
3631 4851 3710 4898 XI,
3744 4837 3835 4891 28.

2259 4910 2369 4983 (80)
2399 4910 2511 4983 Ἵνα
2541 4909 2709 4981 ὦμεν.
2739 4910 2877 4975 Quae
2926 4914 3280 4983 sequuntur,
3327 4907 3657 4983 composita
3700 4911 3839 4983 sunt

2187 4975 2279 5055 ex:
2308 4975 2362 5036 Ili
2405 4981 2535 5036 Cor.
2568 4975 2724 5055 v11,_l
2758 4998 2770 5034 :
2817 4975 3210 5055 Καθαρζσωμεν
3243 4975 3605 5055 totumue—dite
3635 4975 3837 5055 παντὸς

2190 5051 2477 5127 μολτσμοῦ
2524 5045 2725 5127 σαρκὸς
2770 5051 2859 5106 καὶ
2901 5045 3232 5127 πνεύματος,
3265 5045 3643 5127 ἐπιτελοῦντες
3671 5048 3838 5127 civim:

2185 5118 2436 5194 σύνηνῖν
2469 5118 2626 5202 φόϐᾠ
2656 5127 2812 5178 Θεοῦ.
2866 5140 2944 5193 Vl,
2993 5118 3097 5180 162
3150 5118 3331 5195 Ὑμεῖς
3376 5120 3482 5193 γὰρ
3529 5119 3659 5183 ναὸς
3705 5118 3840 5175 Θεοῦ

2188 5196 2305 5265 ἐστε
2338 5197 2562 5265 ζῶντος.
2618 5199 2719 5251 172
2771 5194 2941 5265 Κάγὼ
2990 5193 3297 5265 εἱσδὲξομαι
3348 5190 3510 5265 ὗμᾶς.
3564 5196 3677 5265 192
3728 5190 3840 5265 ΔΚαὶ

2188 5200 2305 5251 ἐστε
2338 5200 2562 5265 ζῶντος.
2618 5200 2719 5251 172
2771 5200 2941 5271 Κάγὼ
2990 5200 3297 5265 εἱσδὲξομαι
3348 5200 3510 5262 ὑμᾶς.
3564 5200 3629 5248 19
3663 5209 3677 5247 2
3736 5200 3840 5248 Καὶ

2188 5264 2384 5343 ἔσομαι
2416 5266 2544 5343 ὑμῖν
2574 5268 2648 5329 εἱς
2673 5269 3024 5343 πατέρα,καὶ
3055 5266 3213 5338 ὑμεῖς
3243 5262 3423 5343 ἔσεσθὲ
3457 5284 3551 5336 μοι
3584 5264 3659 5324 είς
3691 5263 3843 5328 υἱοὺς

2188 5336 2630 5414 καὶθυγατὲρας,
2673 5336 2828 5414 λέγει’
2853 5339 3047 5414 Κύριος
3078 5336 3489 5414 παντοκράτωρ.

2263 5415 2373 5485 (81)
2403 5407 2818 5485 Ἐπὶτελοῦμὲν.
2860 5407 3076 5485 Malim
3126 5410 3187 5464 in
3232 5407 3626 5485 subjunctivoﬂ
3662 5407 3841 5464 modo

2190 5481 2552 5555 ἐπι-τελῶμεν.
2585 5481 2711 5551 Quo
2739 5484 2915 5555 modo
2947 5482 3133 5537 utitur
3160 5481 3479 5555 Apostolus
3498 5482 3559 5555 VII
3588 5481 3717 5555 Cor.
3743 5496 3840 5547 vn,

2195 5562 2256 5651 1
2293 5549 2685 5651 Καθαρίσωμετ
2729 5552 2973 5623 ἑαυτοὺς,
3020 5596 3033 5608 .
3078 5595 3092 5608 .
3139 5594 3152 5608 .
3198 5549 3230 5609 .’
3266 5549 3642 5613 ἐπιτελοῦντες
3673 5552 3840 5627 ἁγιω·

2193 5627 2356 5696 σῦνην
2386 5627 2527 5705 ἐν’φ.
2587 5627 2596 5630 ’

2264 5703 2374 5775 (82)
2407 5700 2782 5775 Λεγωηίῗοτζρ
2814 5694 2979 5775 λέγει,
3003 5718 3044 5775 λα
3076 5696 3238 5775 dicit.
3272 5718 3302 5746 ι)
3333 5695 3607 5751 SYLBURG.

2284 5703 2374 5768 82)
2407 5703 2578 5775 Λέγω.
2610 5703 2782 5754 Forte
2814 5703 2979 5770 λέγει,
3015 5718 3044 5747 ‹‹
3076 5703 3238 5752 dicit.
3272 5718 3302 5746 »
3333 5703 3607 5751 SrLsuno.

2263 5703 2373 5846 i83)
2420 5771 2706 5846 E6naQs’ic_
2738 5767 2874 5827 ἐστε.
2922 5770 3529 5846 interpretamentum
3568 5771 3666 5823 τοῦ
3715 5764 3842 5821 ἐλυ-

2191 5839 2428 5915 πήθητε,
2460 5842 2619 5916 quod
2650 5841 2746 5899 hic
2775 5840 2992 5914 repetit
3019 5839 3360 5913 Apostolus.
