4138 6400
356 349 494 405 1343

1578 346 1984 409 CLEMENTIS
2023 346 2528 404 ALEXANDBJNI

3640 348 3783 404 1344

352 475 699 532 trimentum
731 495 764 533 a
793 478 963 532 nobis
993 480 1322 549 accipiatis.
1360 481 1503 534 Nam
1527 495 1657 549 qua?
1682 481 1771 532 est
1799 487 1986 529 secun

2128 469 2248 543 ρίαν
2279 470 2698 546 ἀμεταμέλητον
2751 472 3032 548 ἐργάζεται
3071 475 3204 546 (84)·
3239 475 3275 543 ἡ
3308 471 3367 528 δὲ
3411 477 3510 528 τοῦ
3565 473 3779 546 κόσμου

350 564 490 619 dum
525 567 708 620 Deum
737 567 991 635 tristitia,
1027 569 1447 638 paenitentiam
1479 568 1554 622 ad
1591 567 1845 622 salutem
1868 581 2006 636 ope-

349 659 516 708 ratur
529 672 648 709 non
668 655 1070 726 paenitendam
1088 676 1102 724 ;
1121 659 1572 712 tristitiaautem
1589 655 1819 719 mundi,
1847 672 2009 709 mor-

351 749 467 797 tem
510 751 809 814 operatur.
844 747 1075 800 Etenim
1099 747 1156 801 id
1182 748 1390 818 ipsum,
1417 747 1573 818 quod
1597 745 1838 800 tristitia
1859 745 2006 798 affe-

349 833 425 887 cti
452 833 593 886 estis
616 834 947 890 secundum
972 837 1180 904 Deum,
1204 844 1492 908 quantum
1516 837 1577 890 in
1601 834 1772 890 nobis
1797 850 2007 905 opera-

348 922 521 976 batur
545 922 1493 993 studium,seddefensionem,sed
1510 924 2002 996 indignationem,

349 1010 451 1065 sed
487 1011 782 1081 timorem,
818 1013 920 1067 sed
971 1013 1357 1082 desiderium,
1392 1015 1497 1070 sed
1537 1014 2006 1080 mmulationem,

348 1099 450 1154 sed
476 1098 820 1154 vindictam.
857 1100 921 1156 In
953 1103 1116 1156 omni
1146 1103 1498 1158 exhibuistis
1531 1120 1630 1157 vos
1671 1107 1866 1158 castos
1897 1117 2003 1155 ne-

343 1189 498 1260 gotio
519 1189 654 1259 (a).»
670 1191 803 1244 Haac
818 1192 1408 1247 suntexercitationis
1421 1193 1702 1264 gnosticm
1719 1207 2006 1263 praaexer-

344 1280 683 1334 citamenta.
720 1281 1011 1345 Quoniam
1042 1288 1239 1337 autem
1273 1284 1426 1338 Deus
1457 1283 1582 1354 ipse
1625 1283 2004 1353 omnipotens

345 1389 372 1417 «
388 1367 714 1424 deditalios
732 1369 972 1440 quidem
989 1371 1309 1442 apostolos,
1328 1372 1478 1427 alios
1491 1389 1624 1427 vero
1658 1371 2002 1444 prophetas,

345 1458 494 1512 alios
523 1464 723 1513 autem
757 1461 1172 1531 evangelistas,
1205 1461 1356 1516 alios
1391 1468 1584 1518 autem
1647 1469 1914 1533 pastores
1945 1467 2004 1518 et

346 1549 639 1616 doctores,
672 1550 747 1605 ad
779 1552 1206 1622 perfectionem
1236 1553 1692 1620 sanctorum,ad
1721 1570 1872 1624 opus
1890 1553 2004 1608 mi-

343 1637 573 1694 nisterii
595 1639 669 1694 ad
699 1640 1159 1697 mdiﬁcationem
1217 1643 1483 1714 corporis
1511 1643 1748 1712 Christi,
1811 1642 2002 1698 donec

344 1744 721 1784 occurramus
755 1747 962 1785 omnes
996 1731 1058 1786 in
1084 1733 1375 1788 unitatem
1410 1732 1548 1787 ﬁdei
1593 1738 1653 1788 et
1679 1733 2000 1805 agnitionis

2121 558 2269 629 λύπη
2322 563 2548 624 θάνατον
2600 563 3011 637 κατεργάζεται.
3072 560 3215 618 ἰδοῦ
3273 563 3371 638 γὰρ
3432 563 3562 618 αὐτὸ
3611 569 3776 620 τοῦτο

2116 648 2177 702 τὸ
2210 651 2344 703 κατὰ
2395 651 2522 705 Θεὸν
2584 649 2900 722 λυπηθῆναι
2959 655 3100 724 ὑμᾶς
3158 650 3332 722 πόσην
3383 655 3774 728 κατειργάσατο

2118 737 2247 810 ύμῖν
2296 739 2578 811 σπουδήνς
2640 740 2786 797 ἄλλα
2835 743 3151 817 άποκογίαν,
3211 741 3356 798 ἀλλὰ
3385 743 3770 818 ἀγανάκτησιν,

2115 825 2264 882 ἀλλά
2307 824 2500 903 φόϐον,
2557 828 2703 885 ἀλλὰ
2760 828 3109 901 ἐπιπόθησιν,
3161 828 3308 886 άλλά
3368 829 3561 900 ζῆλον,
3622 831 3772 888 ἀλλὰ

2116 916 2416 988 ἐκδίκησιν·
2481 921 2532 976 ἐν
2609 922 2771 977 παντὶ
2852 924 3210 992 συνεστήσατε
3283 922 3504 984 ἑαυτοὺς
3571 924 3771 998 ἁγνοὺς

2115 1008 2362 1081 εἶναιτῷ
2409 1024 2686 1086 πράγματι
2721 1015 2854 1084 (85).
2909 1036 2936 1062 ››
2990 1015 3175 1068 Ταῦτα
3229 1016 3536 1087 γνωστικῆς
3596 1014 3768 1082 ἀσκή-

2113 1119 2248 1162 σεως
2279 1101 2764 1176 προγυμνάσματα.
2799 1102 2949 1157 Ἐπεὶ
3003 1099 3062 1156 δὲ
3110 1103 3138 1156 6
3185 1105 3576 1179 παντοκράτωρ
3635 1103 3766 1165 Θιὸς

2115 1192 2229 1262 (86)
2260 1188 2420 1251 αὐτὸς
2455 1186 2715 1246 «ἔδωκεν
2757 1191 2886 1253 τοὺς
2951 1192 3043 1262 μὶν
3096 1190 3463 1259 ἀποστόλους,
3523 1192 3650 1255 τοὺς
3709 1190 3768 1248 δὲ

2112 1280 2418 1354 προφήτας,
2474 1279 2602 1342 τοὺς
2653 1278 2710 1334 δὲ
2756 1280 3164 1356 εὐαγγελιστάς,
3220 1281 3352 1343 τοὺς
3413 1280 3470 1336 δὶ
3500 1283 3767 1355 ποιμένας

2110 1370 2200 1424 καὶ
2233 1367 2613 1439 διδασκάλους,
2647 1372 2782 1447 πρὸς
2829 1373 2921 1426 τὸν
2979 1371 3346 1446 καταρτισμὸν
3403 1376 3512 1428 τῶν
3571 1373 3766 1448 άγίων,

2113 1458 2188 1520 είς
2219 1453 2374 1534 ἔργον
2408 1457 2707 1529 διακονίας,
2741 1459 2819 1522 εἷς
2867 1457 3169 1532 οἷ’κοδομὴν
3215 1463 3313 1514 τοῦ
3363 1461 3618 1533 σώματος
3669 1466 3768 1516 τοῦ

2111 1549 2380 1622 Χριστοῦ,
2434 1549 2602 1624 μέχρι
2645 1551 3053 1622 καταντήσομεν
3113 1549 3308 1613 πάντες
3365 1553 3478 1623 (87)
3537 1549 3614 1613 εἷς
3663 1551 3765 1618 τήν

2111 1635 2340 1708 ἐνότητα
2394 1645 2493 1706 τῆς
2539 1637 2774 1700 πίστεως
2816 1637 2907 1692 καὶ
2954 1644 3056 1707 τῆς
3105 1637 3455 1712 ἐπιγνώσεως
3491 1643 3589 1694 τοῦ
3638 1637 3766 1694 Υίοῦ

2110 1730 2206 1782 τοῦ
2236 1725 2371 1782 Θεοῦ
2402 1730 2536 1800 (88),
2587 1726 2662 1789 εἷς
2689 1724 2858 1802 ἄνδρα
2887 1724 3122 1792 τέλειον,
3173 1727 3248 1789 εἷς
3304 1729 3501 1800 μέτρον
3542 1727 3766 1798 ἡλικίας

342 1817 443 1871 Dei
485 1817 638 1884 Filii,
671 1819 733 1872 in
765 1819 956 1874 virum
980 1820 1328 1891 perfectum,
1363 1822 1423 1875 in
1440 1837 1784 1876 mensuram
1809 1822 1986 1877 aatatis

2107 1821 2204 1871 τοῦ
2264 1814 2639 1892 πληρώματος
2690 1820 2788 1871 τοῦ
2848 1820 3107 1891 Χριστοῦ
3171 1838 3196 1868 ι
3259 1816 3548 1872 σπευστέον
3593 1817 3766 1872 ἀπαν-

338 1906 732 1977 plenitudinis
763 1908 978 1963 Christi
1011 1910 1124 1980 (b);
1161 1931 1188 1959 »
1222 1910 1605 1979 studendum,
1637 1917 1702 1964 ut
1729 1911 1994 1983 gnostice

337 1995 445 2048 viri
475 1995 792 2051 evadamus
823 2002 881 2051 et
909 2014 1089 2068 quam
1120 2000 1376 2055 maxime
1415 2000 1816 2071 perﬁciamur,
1850 2000 1990 2055 dum

337 2085 532 2140 adhuc
558 2085 618 2139 in
646 2101 822 2140 carne
835 2103 1146 2143 manemus
1167 2106 1180 2155 ;
1206 2095 1264 2144 et
1280 2089 1540 2160 perfecta
1560 2090 1656 2146 hic
1677 2089 1996 2145 concordia

337 2182 396 2230 et
425 2175 819 2230 consensione
869 2175 1158 2248 degendo,
1198 2177 1558 2234 meditemur
1587 2196 1724 2234 cum
1752 2179 1852 2234 Dei
1885 2197 1992 2233 vo-

334 2264 563 2318 luntate
586 2281 962 2335 concurrere,
995 2267 1067 2321 ad
1094 2268 1530 2323 restitutionem
1562 2285 1695 2323 vere
1718 2268 1993 2340 perfecta;

334 2354 663 2409 nobilitatis
691 2359 751 2408 et
778 2356 1148 2427 cognationis
1181 2357 1242 2410 in
1278 2378 1305 2407 «ι
1338 2356 1776 2428 plenitudinem
1824 2358 1989 2412 Chri-

336 2445 410 2498 sti
437 2462 451 2509 ;
485 2465 513 2493 »
541 2461 674 2514 quin
707 2466 735 2494 «
768 2445 1132 2516 perfectione
1154 2468 1182 2496 »
1219 2453 1423 2501 nostra
1452 2447 1722 2502 absolute
1755 2448 1993 2518 perﬁci-

336 2537 451 2590 tur.
483 2535 671 2604 Atque
691 2534 819 2605 jam
852 2534 1174 2601 cernimus,
1208 2553 1468 2606 quanam
1501 2537 1732 2592 ratione
1754 2542 1813 2591 et
1842 2553 1988 2608 quo-

329 2623 505 2677 modo
529 2628 587 2677 et
609 2622 847 2694 quando
868 2644 892 2675 ι
918 2623 1244 2694 perfectum
1271 2646 1298 2674 »
1321 2625 1467 2681 dicit
1485 2626 1720 2682 divinus
1742 2629 1990 2698 Aposto-

331 2712 511 2780 lus,et
536 2717 602 2767 ut
621 2712 1020 2783 perfectorum
1043 2714 1305 2769 ostendit
1335 2715 1723 2772 differentias.
1754 2718 1823 2770 Et
1851 2733 1984 2771 rur-

329 2819 464 2857 sus:
499 2825 527 2852 ‹‹
577 2801 907 2873 Unicuique
966 2803 1140 2858 datur
1169 2805 1568 2860 manifestatio
1600 2805 1850 2877 Spiritus
1909 2806 1982 2861 ad

328 2892 682 2959 utilitatem;
716 2891 817 2946 alii
849 2892 1090 2962 quidem
1120 2893 1295 2948 datur
1325 2910 1430 2965 per
1459 2894 1735 2965 spiritum
1786 2911 1982 2950 sermo

329 2981 636 3053 sapientius
669 3024 684 3047 ,
741 2981 843 3036 alii
905 2981 1151 3052 quidem
1209 2999 1402 3037 sermo
1455 2984 1718 3039 scientiae
1769 3001 1982 3039 secun-

329 3070 468 3125 dum
531 3070 808 3125 eumdem
868 3071 1174 3142 spiritum,
1224 3072 1395 3126 alteri
1458 3073 1605 3128 fides
1653 3074 1716 3129 in
1767 3075 1978 3130 eodem

324 3161 558 3231 spiritu,
616 3160 716 3215 alii
779 3165 979 3215 autem
1027 3161 1229 3232 gratiae
1283 3163 1603 3218 sanitatem
1656 3163 1718 3218 in
1772 3164 1980 3219 eodem
2017 3197 2060 3263 C

325 3251 556 3322 spiritu,
644 3251 746 3306 alii
823 3268 957 3306 vero
1040 3254 1419 3324 operationes
1489 3255 1795 3325 virtutum,
1876 3255 1979 3310 alii

323 3340 656 3412 prophetia,
717 3341 816 3396 alii
877 3341 1155 3398 discretio
1215 3344 1555 3414 spirituum,
1610 3344 1712 3400 alii
1763 3362 1983 3417 genera

322 3431 682 3503 linguarum,
713 3431 814 3486 alii
846 3438 1045 3487 autem
1078 3433 1492 3504 interpretatio
1525 3433 1884 3508 linguarum.
1917 3435 1981 3499 »Β

322 3521 534 3576 Omnia
564 3527 763 3576 autem
794 3522 920 3576 haec
952 3529 1235 3592 operatur
1273 3540 1428 3578 unus
1461 3530 1551 3578 est
1598 3525 1758 3579 idem
1792 3526 1976 3596 Spiri-

324 3616 437 3677 tus,
472 3610 741 3666 dividens
773 3628 1041 3666 seorsum
1091 3613 1415 3682 unicuique
1446 3619 1621 3683 prout
1667 3614 1792 3668 vult
1820 3615 1910 3685 (ο).
1947 3637 1974 3664 ››

322 3701 460 3763 Qua)
510 3716 642 3754 cum
696 3701 778 3754 ita
822 3717 882 3754 se
923 3701 1200 3766 habeant,
1235 3701 1539 3771 prophetia
1573 3702 1814 3772 quidem
1843 3721 1979 3774 per-

321 3787 458 3843 fecti
493 3795 634 3842 sunt
663 3789 724 3842 in
760 3789 1091 3860 prophetia,
1135 3789 1285 3860 justi
1315 3795 1513 3843 autem
1550 3791 1609 3844 in
1632 3791 1886 3861 justitia,
1921 3799 1980 3847 et

323 3882 613 3947 martyres
645 3879 706 3931 in
739 3877 1134 3944 confessione,
1165 3878 1264 3932 alii
1287 3884 1488 3934 autem
1512 3880 1574 3934 in
1606 3881 1980 3951 praedicatio-

322 3983 414 4032 ne,
450 3983 571 4020 non
602 3973 873 4039 expertes
923 3967 1165 4038 quidem
1211 3969 1492 4022 virtutum
1541 3972 1974 4040 communium,

321 4056 423 4110 sed
458 4063 743 4128 prmtereo
777 4057 1139 4112 excellentes
1162 4057 1222 4112 in
1257 4057 1349 4125 iis,
1384 4057 1456 4112 ad
1487 4076 1618 4129 quae
1650 4065 1792 4115 sunt
1816 4061 1978 4117 ordi-

2107 1904 2365 1981 δροῦσθαι
2396 1903 2712 1980 γνωπικῶς
2754 1905 2844 1960 καὶ
2868 1903 3211 1970 τελειοῦσθαι
3271 1907 3347 1968 ὡς
3407 1906 3489 1962 ὅτι
3525 1905 3765 1980 μάλιστα

2105 1992 2183 2050 ἔτι
2233 1994 2284 2049 ἐν
2335 1994 2492 2070 σαρκὶ
2533 1995 2958 2067 καταμένοντας,
3012 1994 3072 2050 ἐκ
3119 2002 3220 2064 τῆς
3278 1995 3492 2058 τελείας
3551 1995 3765 2052 ἐνθένδε

2105 2083 2488 2162 ὁμοφροσύνης
2521 2085 2926 2157 μελετήσαντας
2964 2082 3290 2159 συνδραμεῖν
3345 2091 3425 2158 τῷ
3483 2083 3760 2159 θελήματι

2101 2177 2198 2229 τοῦ
2229 2177 2363 2228 Θεοῦ
2394 2172 2471 2236 είς
2493 2173 2592 2241 τὴν
2634 2173 3064 2228 ἀποκατάστασιν
3095 2176 3193 2242 τῆς
3244 2179 3326 2246 τῷ
3373 2172 3487 2230 ὄντι
3547 2173 3758 2238 τελείας

2105 2262 2374 2338 εὐγενείας
2406 2283 2464 2317 τε
2513 2262 2603 2316 καὶ
2661 2262 2961 2337 συγγενείας
2993 2263 3067 2325 εἰς
3125 2288 3152 2314 ‹‹
3210 2264 3272 2318 τὸ
3329 2262 3614 2338 πλήρωμα
3657 2268 3754 2320 τοῦ

2105 2353 2362 2428 Χριστοῦ,
2395 2378 2422 2405 ››
2466 2353 2530 2408 τὸ
2579 2351 2639 2408 ἐκ
2691 2378 2711 2403 ι
2747 2357 3124 2427 καταρτισμοῦ
3155 2377 3183 2405 ››
3229 2352 3456 2416 τελείως
3509 2354 3750 2430 ἀπηρτι-

2102 2443 2320 2516 σμένον.
2355 2441 2495 2513 Ἤδη
2531 2447 2844 2518 συιορῶμεν
2878 2441 2987 2512 ὅπη
3021 2441 3111 2497 καὶ
3160 2441 3312 2505 ὅπως
3362 2445 3451 2498 καὶ
3501 2444 3666 2500 ὁπότε
3724 2447 3753 2500 6

2100 2537 2246 2596 θεῖος
2276 2529 2612 2593 Ἀπόστολος
2658 2532 2752 2586 τὸν
2800 2557 2829 2582 ‹‹
2871 2529 3084 2586 τέλειον
3122 2556 3149 2583 ››
3180 2533 3359 2606 λέγει,
3403 2535 3494 2587 καὶ
3543 2534 3618 2595 ὡς
3669 2554 3756 2589 τε-

2101 2621 2264 2676 λείων
2314 2619 2565 2696 ἐμφαίνει
2624 2619 2911 2698 διαφοράς.
2960 2619 3129 2676 Πάλιν
3160 2641 3218 2676 τε
3247 2620 3332 2676 αῦο
3375 2622 3620 2694 Ἑκάστῳ
3674 2619 3754 2677 δί-

2099 2708 2250 2765 δοται
2296 2713 2332 2780 ή
2383 2709 2686 2788 φανέρωσις
2712 2714 2810 2765 τοῦ
2859 2709 3171 2783 Πνεύματος
3200 2711 3338 2784 πρὸς
3363 2711 3427 2766 τὸ
3454 2712 3752 2788 συμφέρον·

2096 2799 2142 2872 ᾧ
2175 2802 2269 2873 μὲν
2301 2801 2404 2875 γὰρ
2433 2797 2641 2855 δίδοται
2673 2797 2764 2854 διὰ
2789 2803 2887 2854 τοῦ
2931 2799 3241 2872 πνεύματος
3289 2799 3455 2876 λόγος
3503 2805 3612 2873 (89)
3662 2821 3756 2855 σο-

2096 2891 2242 2967 φίας,
2267 2887 2426 2962 ἄλλῳ
2477 2887 2535 2944 δέ
2585 2887 2754 2960 λόγος
2801 2889 3051 2962 γνώσεως
3099 2889 3235 2944 κατά
3261 2890 3323 2945 τὸ
3353 2889 3484 2945 αὐτὸ
3515 2895 3754 2964 πνεῦμα,

2094 2981 2261 3053 ἒτέρῳ
2303 2980 2484 3041 πίστις
2538 2978 2589 3034 ἐν
2635 2983 2718 3051 τῷ
2764 2978 2912 3050 αὐτῷ
2959 2977 3249 3051 πνεύματι,
3301 2977 3460 3052 ἄλλῳ
3486 2976 3544 3034 δὲ
3589 2979 3755 3056 χαρί-

2095 3090 2273 3142 σματα
2321 3073 2433 3142 (90)
2480 3067 2723 3141 ἰαμάτων
2775 3067 2826 3122 ἐν
2857 3071 2937 3140 τῷ
2965 3067 3112 3140 αὐτῷ
3140 3067 3430 3141 πνεύματι,
3479 3067 3638 3141 ἄλλῳ
3697 3066 3755 3124 δὶ

2094 3158 2437 3234 ἐνεργήματα
2485 3155 2792 3230 δυνάμεων,
2841 3153 3000 3228 ἄλλῳ
3048 3155 3378 3235 προφητεία,
3419 3155 3579 3230 ἄλλῳ
3633 3155 3755 3213 διά-

2092 3271 2271 3324 κρισις
2326 3249 2672 3321 πνευμάτων,
2731 3246 2898 3322 ἐτέρῳ
2953 3247 3081 3322 γένη
3129 3246 3418 3324 γλωσσῶν,
3479 3247 3637 3320 ἄλλῳ
3692 3245 3752 3303 δὲ

2093 3339 2357 3415 ἑρμηνεία
2411 3339 2700 3414 γλωσσῶν·
2761 3338 2939 3392 πάντα
2969 3334 3026 3391 δὲ
3082 3341 3250 3392 ταῦτα
3309 3338 3520 3412 ἐνεργεῖ
3574 3338 3636 3392 τὸ
3690 3335 3750 3392 ἓν

2089 3432 2179 3486 καί
2237 3430 2302 3484 τὸ
2354 3429 2488 3484 αὐτὸ
2541 3425 2779 3500 Πνεῦμα,
2828 3423 3076 3500 διαιροῦν
3133 3424 3248 3498 ἱδίᾳ
3300 3425 3510 3500 ἐκάστῳ
3565 3428 3750 3490 καθὼς

2094 3517 2372 3596 βούλεται.
2408 3541 2434 3569 ››
2467 3521 2562 3572 Ὧν
2605 3517 2784 3580 οὕτως
2815 3515 3079 3590 ἐχόντων,
3138 3516 3190 3570 οἱ
3225 3516 3318 3589 μὶν
3352 3523 3628 3595 προφῆται
3689 3516 3742 3572 ἐν

2088 3609 2396 3684 προφητείᾳ
2422 3604 2648 3675 τέλειοι,
2700 3607 2751 3660 οἱ
2811 3603 3104 3660 δίκαιοιδέ
3147 3603 3199 3660 ἐν
3253 3603 3595 3680 δικαιοσύνῃ,
3653 3607 3746 3661 καὶ

2089 3701 2142 3755 οἱ
2204 3700 2470 3773 μάρτυρες
2513 3695 2564 3750 ἐν
2626 3695 2920 3769 ὁμολογίᾳ,
2971 3692 3140 3750 ἄλλοι
3196 3693 3253 3750 δὲ
3306 3695 3356 3749 ἐν
3405 3696 3744 3770 κηρύγματι,

2089 3788 2189 3843 οὐκ
2215 3788 2507 3860 ἀμέτοιχοι
2560 3785 2658 3858 μὶν
2713 3790 2820 3839 τῶν
2861 3788 3060 3838 κοινῶν
3090 3785 3317 3859 ἀρετῶν,
3349 3789 3745 3858 κατορθοῦντες

2089 3876 2148 3932 δὲ
2206 3875 2256 3931 ἐν
2303 3876 2384 3937 οἷς
2419 3874 2746 3949 ἐτάχθησαν·
2809 3871 2923 3928 ἐπεὶ
2953 3872 3036 3934 τίς
3097 3870 3156 3926 ἂν
3213 3873 3270 3927 εὖ
3329 3878 3540 3948 φρονῶν
3598 3872 3745 3928 εἷ’ποι

2085 3967 2177 4023 τὸν
2211 3966 2508 4043 προφήτων
2539 3963 2600 4018 οὐ
2633 3960 2843 4018 δίκαιον
2870 4007 2882 4030 ,
2913 3962 2972 4015 Τί
3004 3963 3143 4036 γάρ;
3178 3963 3308 4039 οὐχὶ
3339 3963 3428 4017 καὶ
3461 3964 3511 4018 οἱ
3543 3960 3744 4018 δίκαιοι

2089 4058 2270 4129 ὥσπερ
2303 4049 2553 4128 Ἀϐραὰμ
2580 4054 2953 4130 προφήτευσεν
2986 4055 3129 4124 (91);

320 4147 464 4201 nati.
501 4147 640 4212 Quis
674 4147 832 4202 enim
865 4163 1023 4202 sanae
1053 4148 1271 4202 mentis
1302 4148 1534 4216 dixerit,
1571 4152 1922 4221 prophetam
1953 4169 2073 4208 non
2103 4167 2233 4208 esse
2261 4145 2540 4220 justum?
2569 4144 2718 4210 Quid
2751 4144 2930 4211 enim,
2965 4160 3085 4199 non
3110 4144 3259 4216 justi
3291 4161 3551 4215 quoque,
3588 4145 3749 4200 sicut

319 4236 630 4305 Abraham,
664 4237 1097 4308 praphetarunt
1115 4237 1143 4291 ‘I

393 4343 601 4398 Bellica
629 4361 869 4417 namque
899 4347 1038 4417 Deus
1068 4345 1221 4398 dedit
1246 4344 1376 4399 huic
1408 4352 1469 4399 ut
1518 4363 1746 4402 munera
1776 4349 1972 4417 obiret,

392 4417 496 4471 Illa
527 4422 586 4470 ut
617 4416 864 4476 saltaret.
896 4416 1116 4470 cithara
1146 4423 1418 4486 cantuque
1447 4425 1686 4473 sonaret.

319 4531 401 4585 ait
431 4533 742 4586 Homerus.
776 4554 803 4581 «
836 4529 945 4585 Sed
987 4532 1400 4602 unusquisque
1446 4532 1622 4588 habet
1666 4536 1975 4606 proprium

320 4619 543 4674 donum
571 4636 607 4675 a
637 4621 754 4676 Deo
783 4639 797 4686 ;
833 4620 929 4675 hic
960 4620 1202 4691 quidem
1235 4620 1342 4685 sic,
1375 4621 1475 4676 ille
1507 4639 1644 4677 vero
1679 4623 1763 4678 sic
1793 4625 1911 4695 ((1):
1948 4646 1975 4673 ››

385 4772 448 4836 ›ι‹
479 4773 540 4826 p.
573 4771 680 4848 62.5
702 4773 816 4848 an.
851 4773 1145 4848 PQTTER,
1181 4774 1300 4848 δέξε-
1316 4773 1427 4848 13p.
1458 4775 1686 4830 PARIS.
1765 4777 1840 4848 (a)
1873 4777 1922 4830 II
1953 4777 1986 4832 c

2119 4794 2213 4842 vn,
2251 4779 2299 4844 1,
2333 4777 2628 4842 9,10,11.

315 4845 451 4900 Cor.
490 4861 592 4907 xu,
627 4847 680 4910 7,
715 4845 766 4911 8,
796 4847 849 4911 9,
885 4847 968 4911 10,
1009 4847 1093 4899 11.
1173 4845 1246 4914 (d)
1279 4845 1302 4897 Ι
1333 4845 1463 4899 Cor.
1496 4862 1594 4913 vn,
1623 4849 1674 4901 7.

389 5001 498 5069 (84)
528 4998 867 5073 Ἐργάζεται.
897 5001 946 5053 ΙΙ
974 5000 1105 5073 cor.
1138 5015 1236 5064 vn,
1260 4997 1683 5073 ﬁat-remanserat.

387 5067 963 5144 (85ξ)Τῷ’πράγματι.
1018 5071 1113 5140 Τῷ
1166 5067 1468 5145 πράγματι’
1511 5067 1778 5145 agnoscit
1835 5089 1969 5128 cum

315 5141 616 5217 Clemente
641 5141 1117 5217 ve'tus’interpres
1143 5158 1156 5194 :
1191 5141 1292 5217 sed
1321 5160 1453 5197 cum
1483 5141 1732 5217 priupos.
1751 5145 1973 5200 habent

315 5215 449 5269 libri
481 5216 633 5288 vulg.
670 5213 719 5269 ἐν
762 5219 842 5285 τῷ
870 5213 1170 5288 πράγματι.
1201 5213 1488 5288 Summa.

385 5290 493 5356 (86)
551 5285 612 5341 Ὀ
664 5286 1070 5358 παντοκράτωρ,
1115 5285 1281 5358 Θεὸς.)
1326 5288 1543 5358 Nempe
1577 5287 1862 5353 Christus,
1897 5290 1969 5344 de

315 5375 429 5427 quo
460 5359 637 5414 verba
666 5359 807 5414 facit
839 5357 1155 5429 Apostolus
1186 5357 1398 5428 Eplies.
1434 5357 1506 5426 ιν,
1546 5360 1630 5413 tl.

348 5500 359 5514 ο
383 5432 489 5514 (8ἶΙ)
523 5430 948 5499 Καταντήσομεν
977 5429 1189 5492 πάντες.
1247 5430 1486 5501 Ephes.,
1543 5429 1970 5500 καταντήσωμεν

315 5502 366 5552 οἳ
392 5502 604 5562 πάντες.

385 5575 492 5642 (88)
549 5579 662 5640 Τῆς
719 5569 1058 5642 ἐπιγνώσεως
1119 5575 1216 5626 τοῦ
1271 5571 1400 5624 ι’ῑοῦ
1459 5574 1555 5642 τοῦ
1603 5573 1757 5626 Θεοῦ.
1811 5572 1964 5626 Flor.

315 5643 454 5716 edit.
478 5641 786 5714 duplicem
815 5641 1130 5716 lectionem
1156 5644 1462 5716 habet,rﬁc
1491 5641 1842 5716 ἐπιγνώσεως
1870 5647 1966 5696 τοῦ

315 5715 494 5786 Θεοῦον
531 5721 607 5779 et,
664 5716 762 5774 τῆς
819 5715 1163 5786 ἐπιγνώσεως
1221 5718 1318 5767 τοῦ
1359 5715 1486 5767 Υἰοῦ
1517 5715 1614 5768 τοῦ
1646 5717 1800 5769 Θεοῦ·
1837 5731 1966 5784 qum

317 5799 448 5836 cum
485 5785 544 5837 in
577 5801 756 5838 unam
788 5785 1048 5841 confusae
1093 5793 1314 5856 essent,
1365 5802 1470 5856 ego
1529 5803 1661 5843 eam
1728 5793 1966 5842 secutus

2007 4463 2054 4527 D

2156 4343 2349 4417 Ἀλλφ
2384 4343 2480 4417 μὲν
2505 4342 2608 4417 γὰρ
2639 4338 2809 4417 ἔδωκε
2837 4339 2968 4417 Θεὸς
2997 4336 3466 4417 τῖφλεμήΐαέργαρ

2156 4411 2350 4490 Ἀλλῴ
2383 4411 2428 4472 δ’
2460 4411 2760 4490 ἆρ’χηστὺν,
2789 4413 2956 4487 ἐτέρῳ
2986 4411 3195 4484 κίθαριν
3218 4413 3308 4467 καὶ
3341 4411 3560 4484 ἇοιδην,

2082 4535 2332 4606 Ὅμηρος
2395 4530 2558 4604 λέγει’
2614 4525 2837 4584 «Ἀλλ’
2885 4523 3108 4588 ἕκαστος
3159 4524 3296 4581 ἴδιον
3343 4523 3461 4603 ἔχει
3495 4529 3746 4604 χάρισμα

2088 4622 2193 4676 ἀπὸ
2238 4625 2391 4676 Θεοῦ⁶
2428 4621 2456 4674 6
2491 4619 2585 4691 μὲν
2619 4618 2817 4686 οὕτως,
2860 4617 2888 4671 6
2921 4614 2979 4672 δὲ
3028 4616 3222 4678 οὕτως·
3253 4639 3279 4667 ι)
3337 4618 3389 4671 o't
3439 4617 3742 4673 ἀπόστολοι

2709 4773 2780 4842 (b)
2812 4771 3025 4842 Ephes.
3059 4788 3130 4839 IV,
3193 4775 3280 4838 11,
3318 4775 3404 4844 12,
3443 4775 3526 4827 13.
3608 4774 3680 4846 (ε)
3715 4775 3737 4831 Ι

2083 5019 2238 5067 sum,
2271 5017 2401 5072 quin
2433 5000 2494 5054 in
2526 4999 2692 5072 Yulg.
2729 4999 3119 5072 Bibl._exstat.
3156 4999 3428 5072 SvLauaG.

2152 5065 2265 5144 (89)
2290 5065 2517 5144 ᾏίδοται
2547 5065 2759 5144 διᾶντοῦ
2791 5091 2853 5144 π.
2882 5065 2938 5124 λ.
3003 5071 3168 5144 vulg.
3220 5071 3342 5144 Bib.
3372 5073 3417 5144 _I
3446 5072 3576 5128 Cor.
3629 5091 3735 5141 xn,

2081 5139 2456 5216 concinnius,
2491 5140 2580 5197 διά
2605 5146 2702 5216 τοῦ
2730 5139 3282 5216 πνεύματος-δέδοται
3314 5140 3571 5216 λόγος,ᾳέ
3596 5139 3737 5216 mox

2079 5217 2248 5292 ζτέρῳ
2297 5213 2352 5270 δὲ
2395 5215 2610 5292 πίστις’.
2652 5215 2813 5292 dein,
2855 5211 3013 5292 5i).le
3031 5212 3097 5292 δὲ
3123 5211 3450 5292 προφητεία,
3486 5214 3652 5292 άλλῳῗ
3677 5213 3736 5270 δὲ

2080 5283 2349 5360 διάκρισις
2405 5285 2749 5358 πνευμάτων,
2802 5283 3257 5362 ἐτέρῳῦδέ-γένη
3299 5283 3586 5361 γλωσσῶν·
3618 5283 3736 5343 ’ἰη-

2079 5368 2237 5416 serta
2267 5361 2486 5431 ubique
2516 5360 2958 5431 conjunctione.
2993 5361 3058 5413 Α.
3091 5360 3364 5415 suam}.

2147 5435 2258 5505 (90)
2289 5431 2632 5505 Χαρίσματα.
2676 5432 2839 5504 Vulg.
2879 5431 3026 5497 Bib.,
3062 5431 3328 5504 χάρισμαο

2149 5504 2262 5573 (91)
2321 5504 2762 5577 Προεφήτευσεν.
2825 5507 3014 5577 Forte,
3047 5505 3266 5577 rectius
3322 5505 3734 5577 προεφήτευσαν

2079 5561 2430 5657 ριίιξίηυῂι.
2465 5561 2730 5657 Sequens
2781 5573 3216 5657 llomerinlocus
3248 5561 3438 5657 exstat
3468 5561 3628 5631 Iliad.

2077 5647 2310 5719 in_f_ine_.
2346 5649 2506 5705 SvLB.
2544 5679 2608 5719 »χ
2640 5649 2860 5719 Nempe
2888 5666 2941 5703 v.
2975 5649 3098 5719 730_,
3145 5649 3337 5719 Mox,I
3370 5649 3498 5702 Cor.
3535 5666 3624 5713 vn,
3661 5653 3690 5700 '7
3719 5666 3732 5704 :

2078 5714 2234 5794 ’éll'
2280 5713 2702 5794 ἔκαστος-,ἴδιον
2760 5711 3010 5794 χξάρισμα
3067 5711 3184 5791 ἔχει
3243 5715 3301 5773 ἐκ
3351 5723 3505 5773 Θεοῦ⁶
3540 5711 3734 5791 ὃςμὲν

2077 5787 2270 5859 οὕτως,
2302 5789 2363 5851 ὃς
2395 5789 2454 5844 δέ.
2485 5787 2680 5850 οὕτως.
