4138 6418
308 391 452 459 1345

1651 395 2104 453 STROMATUM
2139 395 2275 449 LIB.
2317 395 2413 448 IV.

3584 396 3737 452 ’1346

316 512 374 570 δὲ
405 513 458 569 ἐν
489 515 619 570 πάσι
650 512 1393 591 πεπληρωμένοιΈὸρήσεις
1421 520 1576 591 γοῦν,
1607 517 1674 587 ἢν
1707 515 1969 589 θελήσης,

2086 517 2342 591 apostoli
2372 521 2573 573 autem
2602 517 2770 573 fuere
2814 516 2978 589 pleni
3015 516 3079 573 in
3122 518 3421 575 omnibus.
3468 521 3739 577 Invenies

314 604 376 659 ὲκ
403 608 514 659 τῶν
544 605 790 681 πράξεων
842 605 933 661 καὶ
988 609 1096 661 τῶν
1148 606 1593 682 συγγραμμάτων
1617 607 1814 677 αὐτῶν,
1871 607 1970 676 τήν

312 698 540 769 γνῶσιν,
570 694 663 748 τὸν
698 694 837 769 βίον,
896 694 960 749 τὸ
1000 696 1284 770 κήρυγμα,
1316 697 1415 766 τὴν
1449 693 1823 766 δικαιοσύνην,
1871 697 1972 765 τὴν

312 782 549 858 ἁγνείαν,
583 784 683 853 τήν
716 783 1075 860 προφητείαν.
1109 786 1309 841 ’ἰστέον
1374 784 1583 859 μέντοι,
1642 785 1727 841 ὅτι
1779 785 1825 840 εἰ
1884 786 1973 840 καὶ

312 872 343 928 6
376 870 594 935 Παῦλος
618 877 735 935 τοῖς
771 873 996 948 χρόνοις
1055 872 1255 943 νεάζει,
1303 874 1505 939 εὐθέως
1565 876 1701 949 μετὰ
1727 875 1830 944 τήν
1876 878 1974 930 τοῦ

317 961 519 1038 Κυρίου
545 961 819 1036 ἀνάληψιν
852 960 1122 1036 ἀκμάσας
1183 962 1312 1019 ἀλλ’
1370 963 1460 1019 οὖν
1512 966 1548 1034 ὴ
1580 965 1767 1043 γραφή
1825 964 1974 1036 αὐτῷ

310 1050 374 1105 ἐκ
416 1058 518 1121 τῆς
566 1050 811 1114 Παλαιᾶς
854 1050 1089 1124 ἢρτηται
1150 1054 1447 1125 Διαθήκης,
1497 1053 1697 1118 ἐκεῖθεν
1747 1053 1976 1109 ἀναπνέ-

314 1160 450 1195 ουσα
477 1140 567 1195 καὶ
600 1137 865 1196 λαλοῦσα·
916 1143 951 1211 ἡ
1008 1142 1111 1217 γὰρ
1162 1141 1239 1205 εἷς
1299 1143 1532 1215 Χριστὸν
1585 1142 1763 1204 πίστις
1792 1143 1882 1197 καὶ
1936 1144 1971 1213 ἡ

311 1227 410 1285 τοῦ
441 1230 778 1306 Εὐαγγελίου
809 1235 1011 1306 γνῶσις
1070 1230 1322 1307 ἐξήγησίς
1381 1231 1493 1288 ἐστι
1546 1232 1636 1288 καὶ
1668 1236 1763 1288 τοῦ
1800 1234 1972 1306 νόμου

308 1318 599 1395 πλήρωσις
632 1322 763 1393 (92)’-
791 1320 881 1374 καὶ
912 1316 1002 1375 ’διᾶ
1028 1324 1190 1376 τοῦτο
1234 1321 1445 1396 εἴρηται
1498 1328 1617 1387 τοῖς
1674 1316 1972 1398 Ἑϐραίοιςο

308 1431 340 1493 τι
372 1409 495 1466 Ἐὰν
547 1409 624 1481 μή
684 1409 1033 1482 πιστεύσητε,
1082 1409 1145 1465 οὗ
1208 1412 1285 1483 μὴ
1336 1414 1453 1486 (93)
1511 1417 1729 1483 συνῆτεο
1786 1435 1815 1465 ››
1846 1431 1972 1466 του-

310 1498 514 1566 τέστιν,
548 1497 636 1553 ἐὰν
672 1500 747 1572 μὴ
781 1498 1107 1570 πιστεύσητε
1142 1503 1221 1573 τῷ
1281 1497 1371 1555 διὰ
1427 1502 1603 1574 νόμου
1661 1521 1971 1576 προφητευ-

311 1585 457 1651 θέντι
486 1588 577 1643 καὶ
638 1586 739 1643 ὑπὸ
799 1589 973 1662 νόμου
1036 1590 1399 1661 θεσπισθὲντι,
1455 1590 1521 1646 οὗ
1572 1593 1829 1662 συνήσετε
1870 1591 1969 1661 τὴν

309 1678 588 1749 Διαθήκην
635 1679 735 1748 τήν
765 1680 1029 1750 Παλαιὰν,
1061 1676 1130 1749 ἤν
1174 1679 1337 1745 αὐτὸς
1382 1681 1519 1737 κατὰ
1544 1682 1644 1752 τήν
1676 1679 1817 1737 ἰδίαν
1848 1679 1971 1753 ἐξη-

310 1767 381 1841 γή
393 1787 522 1822 σατο
552 1769 872 1843 παρουσίαν.

2086 607 2309 677 itaque,
2362 605 2411 661 si
2458 605 2740 675 volueris,
2791 623 2861 662 ex
2919 624 3126 663 eorum
3171 608 3334 664 Actis
3374 614 3435 665 et
3479 610 3737 682 scriptis,

2086 714 2294 753 eorum
2354 697 2778 769 cognitionem,
2827 698 3028 767 vitam,
3087 699 3595 771 praedicationem,
3635 701 3739 772 ju-

2086 787 2329 854 stitiam,
2359 786 2715 854 castitatem,
2747 789 3141 860 pr0phetiam.
3168 789 3488 845 Sciendum
3521 795 3611 846 est
3629 807 3739 846 au-

2084 882 2226 943 tem,
2259 876 2417 948 quod
2448 877 2560 931 etsi
2588 877 2807 932 Paulus
2864 878 2943 933 sit
2990 883 3255 951 tempore
3304 880 3620 947 recentior,
3672 884 3739 933 ut

2084 967 2185 1037 qui
2199 967 2400 1021 statim
2417 965 2688 1021 ﬂoruerit
2700 972 2835 1038 post
2849 967 3085 1024 Domini
3099 969 3589 1041 assumptionem;
3607 968 3736 1041 ejus

2084 1060 2285 1110 tamen
2316 1054 2611 1126 scriptura
2638 1054 2861 1126 pendet
2891 1072 2963 1111 ex
3004 1057 3197 1111 Veteri
3234 1058 3630 1125 Testamento,
3661 1057 3733 1112 il-

2085 1143 2206 1198 linc
2237 1149 2298 1198 et
2325 1144 2560 1215 spirans
2592 1149 2651 1198 et
2674 1143 2946 1215 loquens.
2980 1146 3127 1201 Nam
3159 1145 3307 1200 ﬁdes
3324 1146 3386 1200 in
3407 1146 3731 1216 Christum,

2087 1239 2145 1288 et
2173 1232 2471 1306 Evangelii
2503 1232 2784 1305 cognitio,
2810 1240 2899 1289 est
2920 1234 3233 1306 expositio,
3284 1241 3343 1290 et
3369 1235 3517 1307 legis
3539 1235 3733 1291 adim-

2082 1322 2287 1394 pletio,
2321 1328 2377 1377 et
2407 1320 2540 1376 ideo
2574 1321 2799 1377 dictum
2824 1327 2913 1377 est
2936 1322 3197 1380 Hebraeis
3223 1340 3237 1381 :
3262 1347 3291 1375 ‹‹
3318 1324 3441 1381 Nisi
3465 1324 3734 1380 credide-

2081 1411 2233 1478 ritis,
2268 1427 2391 1466 non
2416 1410 2762 1483 intelligetis
2783 1412 2861 1482 (α)
2886 1429 2900 1479 ;
2931 1434 2959 1462 ››
2987 1413 3100 1468 hoc
3123 1418 3231 1479 est,
3256 1413 3372 1469 nisi
3396 1414 3448 1469 ei
3472 1413 3733 1470 credide-

2080 1501 2234 1567 ritis,
2268 1500 2370 1571 qui
2400 1516 2508 1571 per
2536 1499 2728 1573 legem
2761 1506 2852 1556 est
2880 1501 3200 1574 praedictus
3249 1508 3309 1559 et
3337 1520 3372 1559 a
3419 1502 3564 1576 legis
3595 1520 3732 1559 ora-

2082 1590 2217 1646 culo
2249 1594 2338 1646 est
2368 1589 2756 1663 signiﬁcatus,
2788 1607 2910 1646 Lon
2950 1591 3293 1665 intelligetis
3328 1594 3503 1649 Vetus
3532 1594 3731 1648 Testa-

2082 1684 2375 1749 mentum,
2407 1678 2565 1750 quod
2597 1679 2725 1751 ipse
2770 1696 2877 1751 per
2904 1681 3208 1753 propriam
3261 1682 3535 1754 exposuit
3577 1700 3731 1755 prae-

2085 1771 2360 1826 sentiam.

1802 1914 2035 1971 CAPUT
2067 1912 2242 1968 XXII.

312 2001 640 2083 Perfectum,
673 2029 767 2069 seu
796 2030 920 2068 vere
964 2017 1271 2084 gnosticum
1313 2032 1488 2086 neque
1529 2021 1675 2071 metu
1724 2031 1955 2139 meum];
1978 2029 2155 2139 negzée
2178 2028 2302 2139 .tspe
2347 2015 2579 2084 praemii
2633 2016 2880 2083 ofﬁcium
2908 2017 3112 2085 facere,
3141 2016 3236 2071 sed
3284 2016 3450 2072 solius
3501 2018 3630 2074 boni
3664 2023 3731 2083 et

1785 2103 1863 2139 nu
1889 2103 1916 2139 Ο
1959 2102 2012 2139 η
2040 2101 2099 2139 ιη
2127 2101 2186 2139 ιιι
2212 2100 2270 2139 u.

1778 2100 2012 2158 pulcnn
2040 2100 2270 2139 mtuam.

379 2219 441 2275 Ὁ
468 2215 535 2287 δὴ
569 2218 767 2272 συνιὼν
808 2219 897 2274 καὶ
931 2217 1240 2295 διορατικὸς
1280 2219 1438 2283 οὗτός
1467 2218 1609 2275 ἐστιν
1651 2221 1680 2275 6
1732 2240 1971 2295 γνωστι-

2152 2219 2470 2284 Quorcirca
2501 2219 2603 2291 qui
2647 2219 2988 2293 intelligens
3019 2226 3078 2275 et
3124 2222 3435 2295 perspicax
3481 2229 3590 2293 est,
3636 2225 3734 2280 hic

307 2308 430 2370 κός.
457 2309 656 2381 Ἐργον
691 2304 750 2362 δὲ
777 2306 944 2363 αὐτοῦ
977 2307 1087 2383 οὐχ
1123 2310 1158 2378 ἡ
1194 2309 1384 2384 ἀποχή
1441 2314 1548 2365 τῶν
1593 2313 1775 2364 κακῶν
1830 2308 1971 2380 [ἐπι-

311 2392 488 2471 ϐάθρα
515 2396 617 2472 γὰρ
649 2395 784 2467 αὕτη
839 2404 1134 2473 προκοπῆς
1193 2399 1457 2473 μεγίστης
1518 2401 1673 2471 (94)],
1709 2395 1832 2453 οὐδὲ
1866 2398 1974 2471 μὴν

306 2489 485 2539 ποιεῖν
512 2506 565 2540 τι
624 2484 848 2561 ἀγαθὸν,
907 2485 1030 2555 ἢτοι
1092 2484 1181 2542 διὰ
1232 2482 1423 2565 φόϐον·
1486 2488 1785 2563 γέγραπται
1842 2489 1967 2564 γάρ·

310 2598 339 2625 ‹‹
374 2578 485 2629 Ποῦ
516 2573 668 2649 φύγω
699 2576 831 2647 (95),
881 2576 971 2629 καὶ
1019 2579 1125 2629 ποῦ
1184 2571 1536 2650 κρυϐήσομαι
1594 2576 1701 2631 ἀπὸ
1748 2577 1969 2652 προσώ-

307 2685 414 2745 που
445 2684 540 2719 σου
575 2684 589 2733 ;
619 2664 746 2720 Ἐὰν
775 2659 958 2719 ἀναϐῶ
990 2663 1067 2729 εἰς
1112 2665 1205 2720 τὸν
1239 2665 1491 2741 οὐρανὸν,
1543 2665 1606 2719 σὺ
1638 2663 1752 2720 ἐκεῖ
1781 2666 1845 2720 εἶ’·
1878 2662 1966 2720 ἐὰν

310 2749 534 2823 ἀπέλθω
564 2756 675 2825 (96)
707 2751 783 2815 εἷς
814 2753 880 2808 τὰ
919 2749 1121 2829 ἔσχατα
1168 2760 1269 2824 τῆς
1323 2751 1619 2826 θαλᾶσσης,
1669 2752 1783 2810 ἐκεῖ
1811 2757 1845 2824 ἡ
1880 2751 1968 2809 δε-

313 2841 402 2915 ξιά
431 2861 546 2898 σου’
582 2841 671 2898 ἐὰν
726 2839 948 2898 καταϐῶ
997 2843 1073 2906 εἷς
1131 2839 1424 2913 ἅϐύσσους,
1483 2844 1595 2900 ἐκεῖ
1640 2843 1702 2900 τὰ
1758 2845 1972 2919 πνεῦμά

311 2953 428 2987 σου’
464 2956 493 2984 ››
516 2929 642 2988 ἀλλ’
675 2930 800 2988 οὐδὲ
833 2930 904 2988 δι’
934 2931 1132 2989 ἐλπίδα
1159 2941 1331 3008 τιμῆς
1361 2933 1966 3011 ἐπηγγελμένηςεῗρη-

308 3043 397 3077 ται
429 3023 554 3097 γάρ·
590 3045 620 3073 ‹‹
653 3018 793 3077 Ἰδοὺ
822 3022 1025 3098 Κύριος
1057 3028 1193 3097 (97),
1224 3024 1316 3080 καὶ
1361 3024 1390 3079 6
1451 3025 1639 3098 μισθὸς
1668 3024 1833 3079 αὐτοῦ
1862 3024 1969 3080 ἀπὸ

313 3112 622 3183 προσώπου
651 3112 842 3185 αὐτοῦ,
870 3110 1163 3168 ἀποδοῦναι
1196 3113 1405 3187 ὲκάστῳ
1434 3115 1570 3169 κατᾶ
1597 3114 1664 3169 τὰ
1692 3109 1827 3190 ἔργα
1872 3114 1968 3170 αὐ-

303 3204 424 3279 τοῦ·
460 3197 494 3254 ἅ
518 3198 807 3278 ὀφθαλμὸς
839 3201 939 3257 οὐκ
994 3199 1152 3274 εἶδεν,
1207 3202 1299 3258 καὶ
1347 3202 1439 3267 οὖς
1469 3202 1568 3259 οὐκ
1596 3201 1848 3277 ἤκουσεν,
1880 3206 1970 3260 καὶ

305 3287 395 3343 ἐπὶ
425 3286 652 3364 καρδίαν
712 3291 1002 3366 ἀνθρώπου
1035 3291 1138 3346 οὐκ
1164 3286 1353 3362 ἀνέϐη,
1385 3288 1419 3345 ἅ
1446 3292 1747 3367 ἡτοίμασεν
1779 3294 1807 3348 6
1837 3295 1970 3358 Θεὸς

306 3381 429 3440 τοῖς
461 3376 738 3453 ἀγαπῶσιν
769 3380 952 3435 αὐτόν·
978 3405 1008 3433 ››
1035 3381 1175 3454 μόνη
1206 3378 1251 3436 δ’
1276 3382 1310 3450 ἡ
1337 3378 1408 3435 δι’
1437 3382 1654 3456 ἀγάπην
1688 3382 1966 3454 εὐποιία,ἡ

311 3465 385 3523 δι’
414 3468 545 3523 αὐτὸ
574 3470 637 3524 τὸ
665 3469 834 3526 καλὸν
855 3471 1042 3546 αἱρετή
1064 3476 1144 3543 τῷ
1175 3472 1702 3546 γνωστικῷ.Δύτίκα
1722 3472 1967 3549 ἐκπροσ-

2085 2325 2322 2380 quoque
2354 2314 2445 2364 est
2471 2310 2792 2382 gnosticus.
2827 2311 2929 2366 Est
2970 2315 3169 2366 autem
3211 2312 3339 2385 ejus
3372 2330 3520 2385 opus
3550 2331 3672 2370 non
3702 2332 3738 2370 a

2082 2398 2259 2454 malis
2287 2397 2622 2454 abtinentia
2651 2399 2740 2468 (ea
2772 2404 2863 2454 est
2893 2399 3051 2454 enim
3082 2400 3251 2470 quasi
3280 2401 3497 2475 gradus
3518 2403 3593 2457 ad
3613 2419 3738 2460 ma-

2072 2486 2271 2559 jorem
2304 2487 2679 2559 profectum),
2731 2487 2835 2543 sed
2883 2504 2995 2543 nec
3047 2488 3275 2559 aliquid
3322 2489 3463 2545 boni
3514 2490 3732 2561 facere,

2082 2576 2312 2631 scilicet
2340 2582 2584 2647 propter
2610 2580 2857 2631 metum.
2891 2576 3186 2648 Scriptum
3210 2582 3299 2633 est
3319 2580 3480 2634 enim
3506 2597 3519 2635 :
3551 2600 3578 2633 α
3607 2582 3731 2647 Quo

2077 2664 2324 2737 fugiam,
2358 2670 2418 2719 et
2445 2664 2545 2719 ubi
2577 2663 2909 2720 abscondar
2936 2681 2969 2719 a
2989 2665 3135 2721 tacie
3159 2671 3260 2722 tua
3279 2667 3307 2722 ‘2
3328 2668 3383 2722 Si
3406 2670 3732 2725 ascendero

2079 2753 2142 2808 in
2175 2753 2409 2820 coelum,
2444 2758 2506 2807 tu
2538 2753 2663 2808 illic
2695 2769 2791 2821 es;
2841 2754 2890 2809 si
2940 2754 3140 2810 abiero
3173 2756 3246 2811 ad
3292 2763 3559 2814 extrema
3604 2777 3735 2815 ma-

2078 2843 2181 2911 ris,
2217 2842 2341 2898 illic
2366 2848 2457 2898 est
2477 2842 2721 2898 dextera
2750 2848 2851 2898 tua
2874 2860 2887 2910 ;
2922 2842 2971 2899 si
2995 2842 3358 2902 descendero
3377 2846 3439 2902 in
3460 2848 3730 2921 abyssos,

2080 2931 2206 2987 illic
2221 2932 2470 3004 spiritus
2486 2936 2624 2987 tuus
2646 2931 2745 3004 (b).
2766 2953 2793 2981 »
2816 2931 2930 2987 Sed
2947 2948 3140 3005 neque
3158 2941 3402 3007 propter
3414 2954 3580 3009 spem
3594 2956 3732 3010 pro-

2079 3023 2248 3079 missi
2265 3023 2512 3078 honoris
2534 3040 2548 3089 ;
2570 3023 2795 3079 dictum
2810 3029 2899 3080 est
2915 3025 3075 3082 enim
3098 3041 3111 3080 :
3133 3047 3157 3077 c
3180 3027 3326 3081 Ecce
3346 3028 3655 3098 Dominus,
3673 3034 3731 3085 et

2079 3129 2309 3169 merces
2338 3111 2468 3184 ejus
2484 3128 2520 3167 a
2532 3110 2684 3167 facie
2703 3112 2850 3185 ejus,
2872 3118 2938 3168 ut
2952 3113 3163 3170 reddat
3177 3114 3501 3187 unicuique
3519 3132 3735 3172 secun-

2081 3202 2221 3258 dum
2235 3217 2418 3274 opera
2429 3218 2535 3257 sua
2546 3203 2612 3273 (ο)
2629 3219 2643 3270 ;
2662 3219 2793 3274 quae
2806 3202 3015 3258 oculus
3032 3220 3152 3259 non
3166 3203 3331 3272 vidit,
3351 3210 3410 3260 et
3424 3206 3586 3261 auris
3610 3223 3731 3261 non

2079 3292 2327 3360 audivit,
2359 3298 2417 3347 et
2446 3292 2509 3347 in
2539 3308 2642 3347 cor
2670 3292 2933 3348 hominis
2962 3310 3083 3348 non
3127 3293 3548 3364 ascenderunt,
3600 3313 3732 3368 quas

2077 3380 2683 3458 prmparavitDeusiis
2699 3381 2800 3453 qui
2813 3382 3010 3454 ipsum
3031 3382 3400 3456 diligunt(d).
3425 3405 3454 3434 »
3473 3384 3609 3441 Sola
3628 3402 3737 3441 au-

2078 3476 2200 3526 tem
2226 3470 2642 3537 beneﬁcentia,
2684 3487 2816 3542 quas
2848 3475 3092 3544 propter
3133 3472 3483 3529 charitatem
3510 3479 3570 3530 et
3595 3492 3736 3546 pro-

308 3557 464 3613 ώπου
488 3563 584 3613 τοῦ
614 3563 749 3615 Θεοῦ
767 3563 847 3633 τῷ
878 3559 1061 3636 Κυρίῳ
1094 3559 1645 3634 λέλεκται,‹‹Α⁹ίτησαι
1674 3562 1963 3639 παρ’ἐμοῦ,

381 3645 395 3661 ς
432 3643 457 3661 δ
485 3648 497 3661 ,
922 3650 935 3661 .
1031 3648 1050 3661 .
1300 3649 1310 3661 .
1606 3649 1631 3661 ..
1837 3652 1848 3661 .
1879 3653 1903 3661 -

2086 3565 2211 3633 pter
2238 3560 2434 3632 ipsum
2467 3561 2783 3615 honestum
2814 3560 2900 3629 ﬁt,
2934 3565 3025 3616 est
3052 3578 3087 3616 a
3116 3561 3242 3617 viro
3272 3563 3538 3635 gnostico
3560 3580 3736 3637 expe-

305 3645 397 3702 καὶ
429 3643 592 3703 δώσω
625 3668 709 3704 σοι
728 3645 854 3719 ἔθνη
878 3650 978 3719 τὴν
995 3648 1374 3726 κληρονομίαν
1409 3649 1860 3725 σου-»αἴτηματὸ
1877 3653 1968 3728 βα-

306 3735 672 3791 σιλικώτατον
708 3733 978 3792 διδάσκων
1008 3738 1293 3808 αἰτεῖσθαι,
1349 3740 1450 3809 τήν
1506 3745 1613 3796 τῶν
1665 3740 1967 3818 ἀνθρώπων

307 3824 608 3901 σωτηρίαν,
642 3826 858 3899 ἀμισθὶ,
887 3825 979 3882 ’ίνα
1009 3826 1075 3898 ὀὴ
1111 3831 1277 3901 ἡμεῖς
1334 3833 1853 3905 κληρονομήσωμεν
1887 3834 1977 3887 καὶ

312 3914 644 3988 κτησώμεθα
668 3914 760 3970 τὸν
797 3914 1304 3991 Κύριον.’¹Εμπαλιν
1337 3918 1464 3996 γὰρ,
1497 3919 1685 3997 χρείας
1702 3918 1982 3984 τινὸςὲνε-

314 4022 429 4072 κεν,
452 3999 541 4057 ’ίνα
575 4024 671 4076 μοι
697 4001 824 4059 τόδε
854 4006 1102 4080 γενηται,
1159 4009 1249 4062 καὶ
1305 4005 1432 4063 τόδε
1473 4011 1549 4082 μή
1582 4010 1828 4083 γένηται,
1876 4014 1979 4076 τῆς

300 4091 626 4165 ’ἐπιστήμης
659 4091 901 4171 ἒιρίεσθαι
930 4101 1032 4163 τῆς
1061 4095 1186 4169 περὶ
1216 4097 1309 4151 τὸν
1346 4097 1498 4170 Θεὸν,
1542 4099 1641 4154 οὐκ
1662 4096 1806 4154 ’ίδιον
1839 4121 1978 4175 γνω-

310 4184 521 4236 στικοῢο
554 4180 778 4257 ἀπόχρη
812 4178 860 4235 δ’
907 4182 1056 4255 αὖτῷ
1102 4183 1250 4239 αἰτία
1306 4191 1404 4254 τῆς
1448 4187 1679 4260 θεωρίας
1709 4187 1743 4258 ἠ
1775 4192 1978 4262 γνῶσις

310 4269 475 4339 αὐτή.
508 4268 807 4343 Τολμήσας
839 4271 944 4348 γὰρ
977 4269 1187 4346 ε’ίποιμ¹
1241 4271 1326 4343 ἂν,
1378 4274 1442 4329 οὐ
1495 4271 1584 4330 διὰ
1615 4277 1678 4331 τὸ
1710 4275 1977 4346 σώζεσθαὶ

319 4358 616 4435 βούλεσθαι
644 4361 745 4430 τήν
799 4366 1001 4436 γνῶσιν
1036 4362 1318 4437 αἱρήσεται
1349 4364 1378 4418 6
1401 4361 1472 4418 δι’
1503 4366 1674 4435 αὐτὴν
1704 4366 1805 4436 τήν
1832 4366 1975 4421 θείαν

312 4447 625 4525 ἐπιστήμην
664 4451 911 4524 μεθέπων
943 4453 1047 4522 τὴν
1078 4457 1301 4529 γνῶσιν·
1334 4454 1397 4509 τὸ
1452 4453 1548 4527 μὶν
1608 4454 1712 4531 γὰρ
1743 4461 1888 4511 νοεῖν
1921 4455 1978 4512 ἐκ

316 4541 697 4610 συνασκήσεως
725 4538 801 4604 εἲς
819 4542 881 4596 τὸ
904 4540 986 4596 ἆεὶ
1015 4548 1159 4597 νοεῖν
1192 4541 1479 4599 ἐκτείνεται
1533 4546 1596 4601 τὸ
1628 4541 1695 4614 δὴ
1724 4544 1806 4600 ἀεὶ
1837 4551 1978 4602 νοεῖν

314 4627 477 4696 ⁴οὐσία
514 4634 613 4684 τοῦ
672 4629 1060 4705 γίνώσκοντος,
1117 4634 1255 4687 κατὰ
1311 4633 1600 4709 ἀνάκρασιν
1661 4632 1980 4692 ἀδιάστατον

314 4719 605 4794 γενομένη,
638 4718 729 4773 καὶ
761 4717 937 4783 ἀΐδιος
986 4723 1208 4796 θεωρία,
1272 4727 1441 4792 ζῶσα
1477 4724 1772 4789 ὑπόστασις
1805 4726 1974 4798 μένει.

2081 3649 2282 3706 tenda.
2315 3651 2443 3705 Jam
2470 3666 2606 3705 vero
2634 3665 2711 3719 ex
2738 3666 3000 3722 persona
3029 3651 3158 3718 Dei,
3207 3652 3457 3708 Domino
3509 3653 3735 3709 dictum

2084 3737 2148 3803 ὤ
2179 3743 2307 3794 est:
2342 3759 2369 3788 «
2402 3739 2541 3793 Pete
2572 3754 2607 3793 a
2638 3754 2754 3804 me,
2789 3743 2848 3792 et
2877 3737 3028 3794 dabo
3061 3737 3167 3793 tibi
3188 3743 3393 3811 gentes
3421 3739 3739 3796 haeredita-

2088 3833 2207 3884 tem
2232 3833 2394 3883 tuam
2423 3827 2492 3899 (e)
2519 3843 2532 3882 :
2557 3849 2587 3877 »
2610 3826 2958 3898 petitionem
2974 3828 3231 3883 maxime
3253 3827 3497 3900 regiam,
3516 3828 3739 3886 docens

2088 3918 2402 3974 hominum
2435 3916 2688 3971 salutem
2716 3921 2919 3987 petere
2950 3916 3080 3971 sine
3106 3916 3402 3982 mercede,
3435 3922 3501 3972 ut
3525 3935 3636 3975 nos
3661 3918 3740 3974 si-

2088 4023 2225 4063 mus
2253 4004 2521 4060 haeredes
2568 4010 2627 4060 et
2671 4003 3083 4075 possideamus
3132 4005 3469 4061 Dominum.
3523 4007 3742 4063 Contra

2090 4097 2273 4163 enim,
2314 4094 2569 4165 alicujus
2617 4109 2762 4149 usus
2814 4093 3023 4165 gratia,
3074 4109 3290 4166 nempe
3340 4099 3406 4149 ut
3450 4095 3564 4151 hoc
3614 4096 3737 4165 ﬁat,

2087 4186 2178 4240 vel
2208 4183 2358 4239 illud
2388 4199 2507 4237 non
2543 4183 2666 4246 ﬁat,
2698 4199 2850 4253 eam,
2883 4198 3015 4254 qum
3045 4182 3203 4239 circa
3232 4184 3418 4239 Deum
3448 4189 3737 4253 versatur,

2088 4273 2431 4331 desiderare
2445 4272 2779 4338 scientiam,
2794 4288 2916 4326 non
2933 4272 3213 4327 convenit
3226 4272 3521 4345 gnostica;
3537 4290 3741 4329 verum

2089 4365 2141 4421 ei
2173 4380 2280 4436 pro
2307 4378 2487 4418 causa
2515 4360 3036 4433 contemplationis
3058 4362 3281 4418 sufﬁcit
3303 4363 3433 4435 ipsa
3462 4364 3742 4437 cognitio.

2087 4453 2294 4510 Ausim
2327 4452 2486 4508 enim
2518 4450 2736 4515 dicere.
2769 4466 2890 4505 non
2923 4467 2991 4505 eo
3023 4450 3181 4522 quod
3205 4451 3346 4507 velit
3371 4452 3565 4508 salvus
3588 4470 3741 4522 esse,

2090 4561 2226 4600 eum
2249 4542 2578 4598 electurum
2610 4540 3031 4614 cognitionem,
3075 4541 3176 4612 qui
3218 4541 3598 4614 persequitur
3639 4559 3741 4599 co-

2087 4633 2415 4708 gnitionem
2446 4635 2691 4703 propter
2718 4630 2910 4701 ipsam
2956 4628 3217 4686 divinam
3263 4631 3596 4689 scientiam.
3642 4634 3745 4688 In-

2086 4720 2418 4796 telligentia
2439 4721 2599 4775 enim
2617 4720 2902 4776 continua
2923 4720 3348 4776 exercitatione
3371 4721 3438 4777 ﬁt
3456 4727 3745 4795 perpetua

317 4808 380 4865 Ei
408 4812 537 4883 γοῦν
569 4830 653 4873 τις
682 4811 802 4874 καθ’
832 4810 1085 4866 ὑπόθεσιν
1114 4812 1342 4887 προθείη
1374 4818 1452 4887 τῷ
1484 4819 1796 4890 γνωστικῷ,
1822 4816 1972 4871 πότε·

2086 4810 2505 4885 intelligentia.
2533 4811 2986 4882 Semperautem
2999 4809 3354 4883 intelligere,
3376 4812 3638 4868 essentia
3654 4816 3744 4867 est

317 5048 338 5072 ,_
365 4992 447 5072 _.x<
469 4994 540 5072 ι).
565 4995 669 5072 εξεθ
699 4994 822 5072 ED._
841 4994 1133 5072 ponas,
1167 5000 1270 5053 529
1301 5000 1414 5054 ED.
1442 4999 1674 5054 PARIS.
1708 4998 1781 5072 (al
1816 5000 1972 5072 Isan

2086 5000 2129 5053 β.
2155 4996 2232 5068 (b)
2256 4993 2420 5072 P_sal._
2442 5009 2716 5072 c_xxx_v1u,
2744 4996 2887 5072 7,_8,
2921 4998 2975 5063 9,
3012 4997 3097 5051 10.
3123 4993 3200 5068 (ο)
3224 4997 3336 5051 Isa.
3360 5011 3451 5062 η,
3479 4994 3545 5048 10
3566 5013 3582 5065 ;
3605 5009 3739 5063 LXII,

319 5066 379 5117 11
417 5079 432 5129 ;
464 5064 621 5120 Psal.
658 5082 769 5133 ιιι,
804 5068 871 5120 12
900 5083 915 5132 ;
946 5070 1126 5139 Apoc.
1159 5086 1301 5135 xm,
1330 5073 1395 5124 12
1423 5085 1437 5137 ;
1470 5072 1640 5126 Rom.
1673 5063 1739 5141 η’,
1762 5074 1817 5127 6.
1850 5070 1930 5144 (εἰ)
1960 5073 1972 5127 l

2086 5086 2147 5124 η’.
2180 5063 2244 5137 li,
2277 5070 2329 5122 9.
2364 5066 2430 5136 (ο)
2455 5063 2673 5120 Psalm.
2710 5082 2773 5133 ιι,
2801 5068 2853 5121 8.

410 5244 504 5311 92)
534 5244 851 5328 ZEgvjynclc_
876 5247 987 5328 ἐστι
1044 5247 1135 5304 καὶ
1164 5251 1471 5328 τοῦ-νόμου
1501 5247 1974 5328 πλήρωσιςηνθί,

318 5309 580 5400 ἒξῆγησίς
604 5309 855 5400 suffecti
885 5318 1060 5400 νόμου
1091 5322 1181 5376 καὶ
1236 5309 1554 5400 πλήρωσις-⁸
1605 5309 1639 5377 ἒξ
1698 5309 1791 5381 est
1830 5309 1978 5398 legis

318 5389 607 5466 expositio
639 5389 1096 5466 etadimpletio.
1118 5417 1157 5466 ῃ

326 5482 331 5487 ’
527 5461 604 5518 Οὔ
634 5463 736 5539 μή.
770 5461 1016 5537 Isa.-vn,
1044 5463 1171 5521 οὐδὲ
1205 5466 1305 5539 μή.

392 5532 826 5612 (94)Μεγίστη-ς.
889 5538 953 5594 ll.
1004 5532 1240 5612 ’μεγίστη
1269 5532 1586 5597 ᾟοηιίηαῐ.
1646 5558 1787 5598 casu
1846 5558 1858 5596 :
1919 5545 1979 5597 et

313 5619 454 5659 mox
482 5612 652 5672 ποιεῖ,
684 5610 867 5666 indic.
904 5610 1105 5668 modo.
1136 5612 1409 5667 SYLBURG.
1810 5662 1813 5667 .

324 5698 333 5707 ·
384 5676 496 5800 $95)
528 5677 640 5734 Ποῦ
671 5700 729 5756 φ.
764 5685 876 5735 Ποῦ
927 5683 1180 5757 πορευθῶ
1211 5680 1316 5737 ἀπὸ
1364 5686 1461 5738 τοῦ
1511 5683 1823 5756 πνεύματός
1856 5703 1976 5756 σου,

324 5764 384 5799 κα
464 5747 572 5800 ἀπὸ
629 5755 726 5800 τοῖ’»
782 5753 1083 5800 προσώπου
1146 5774 1243 5800 σου
1300 5758 1407 5800 παῦ
1463 5753 1618 5800 cm'wm
1680 5775 1693 5787 ·
1756 5756 1950 5800 βαιιΙτη

315 5747 406 5800 καὶ
464 5747 572 5806 ἀπὸ
629 5747 726 5806 τοῦ
782 5747 1083 5829 προσώπου
1146 5774 1243 5810 σου
1300 5758 1407 5811 ποῦ
1463 5753 1618 5833 φύγω
1652 5747 1694 5825 ’ς
1755 5747 1975 5814 Ρεᾶίῐῐιί

320 5834 548 5880 CXXXIX.

2160 5249 2275 5335 (9θ)
2303 5244 2425 5335 Ἐ’ἆν
2458 5242 2654 5335 απὲλθ.
2687 5244 2807 5333 ’βὰν
2865 5239 3087 5335 καταϐῇ)
3144 5245 3222 5308 εἰς
3274 5244 3366 5299 τὸν
3415 5241 3576 5335 ᾅδην,
3636 5243 3737 5331 πά-

2085 5310 2189 5391 ρεξ·
2224 5310 2311 5374 {an
2344 5310 2607 5393 ἀναλάϐω
2662 5317 2759 5393 τᾲς
2816 5316 3085 5393 πτέρυγᾴς
3121 5335 3253 5393 κμου
3308 5310 3623 5393 κατ’ζμῇιξὲἱ
3646 5310 3742 5393 ὅρ-

2086 5385 2237 5469 θρον)
2269 5390 2360 5469 καὶ
2398 5389 2808 5469 κατασκηνώσω
2862 5385 2939 5452 εἷς
2994 5385 3085 5469 τρὶ,Δ
3119 5385 3320 5469 ἔσχατα
3384 5385 3491 5454 τῆς
3536 5385 3742 5469 θαλάσ-

2087 5455 2331 5535 σὴς,’καὶ
2363 5462 2466 5537 γᾶιρ
2484 5455 2668 5537 ἐκεἶῆ
2713 5461 2838 5537 χείρ
2888 5480 2984 5515 σου
3022 5455 3286 5535 ὁδηγήσει
3350 5480 3438 5532 με,
3485 5459 3576 5515 καὶ
3632 5480 3742 5515 κα-

2089 5531 2226 5610 θέξει
2260 5531 2387 5610 μεγῇ
2417 5531 2703 5610 ιά-σου.

2159 5602 2271 5683 (97)
2303 5603 2532 5683 Ἰδοὺ-Κ.
2566 5604 2867 5683 PraeterS.
2897 5602 3219 5683 Scriptura?
3279 5603 3409 5683 loca
3429 5605 3743 5683 _superius

2087 5675 2287 5750 allata,
2319 5679 2474 5737 conf.
2493 5694 2624 5750 quas
2636 5675 2940 5750 adnotavit
2967 5675 3295 5750 Qotelerius
3327 5676 3398 5731 ad
3420 5675 3742 5734 Clementis

2087 5747 2336 5812 Romani
2369 5747 2641 5823 Epistolas
2660 5747 2878 5821 prioris
2910 5747 2984 5802 ad
3014 5747 3331 5803 Corinthios
3351 5765 3481 5819 cap.
3516 5750 3603 5803 34.
