4138 6402
375 404 516 461 1355

1610 395 2019 455 ΟωΜΕΝΤΙΒ
2054 397 2559 455 Αωχλιωιιιιιι

3661 400 3806 457 1356

375 530 725 603 Pythagorei
752 546 763 594 ;
784 543 922 582 nam
946 525 1033 580 illi
1049 542 1286 598 quoque
1304 542 1492 598 spem,
1514 530 1801 596 tanquam
1820 524 2024 588 linem,

2157 541 2324 583 ιενος·
2357 543 2384 574 ο
2452 522 2803 595 ’Δνθρώπους
2876 520 3022 596 μένει
3075 521 3448 588 ἀποθανόντας
3508 525 3646 579 ἅσσα
3707 524 3810 581 οὐκ

374 617 789 692 proponebant.
819 615 891 669 iis
917 614 1017 685 qui
1042 612 1621 687 philosophabantur
1643 631 1657 681 ;
1681 628 1819 668 cum
1848 610 2029 666 etiam

379 712 645 765 Socrates
678 706 834 760 dicat
864 705 926 760 in
973 706 1266 772 Phwdone,
1301 728 1329 755 κ
1378 704 1566 759 bonas
1614 703 1846 758 animas
1890 701 2031 755 hinc

378 815 511 853 cum
562 795 625 859 ἄ(
682 794 839 849 bona
878 811 981 865 spe
1027 793 1355 860 excedere;
1410 816 1436 843 ››
1483 799 1542 848 et
1588 808 1796 847 rursus
1842 788 2033 845 malos

379 890 741 959 vituperans,
777 885 861 940 eis
893 885 1140 957 Opponit,
1168 901 1180 938 :
1207 906 1234 933 ‹‹
1266 883 1482 938 Vivunt
1510 883 1670 938 enim
1711 898 1845 937 cum
1876 878 2036 935 mala

381 996 507 1050 spe,
527 1000 545 1025 ι
567 975 863 1032 dicens.Ei
883 974 1113 1029 videtur
1130 975 1311 1030 etiam
1328 974 1665 1029 consentire
1680 970 2033 1040 Heraclitus,

382 1070 442 1123 in
470 1069 566 1136 iis,
599 1084 730 1138 quas
764 1065 908 1121 dicit
938 1065 1240 1121 disserens
1285 1064 1357 1119 de
1406 1062 1788 1119 hominibus:
1837 1084 1865 1110 ‹‹
1920 1062 2038 1116 Ho-

384 1158 577 1213 mines
633 1161 904 1211 mortuos
961 1159 1226 1220 manent,
1279 1170 1412 1225 qua:
1462 1170 1584 1208 non
1633 1156 1878 1223 sperant
1926 1166 2037 1205 nec

387 1252 750 1319 exspectant.
789 1267 815 1294 ››
847 1244 1051 1300 Divine
1075 1260 1212 1317 ergo
1244 1241 1463 1298 Paulus
1494 1247 1696 1314 aperte
1729 1240 1936 1296 scribit
1962 1237 2039 1294 ad

385 1338 683 1393 Romanos
706 1352 761 1388 :«
783 1333 1041 1388 Afflictio
1063 1332 1414 1405 patientiam
1428 1337 1727 1404 operatur,
1751 1328 2041 1402 patientia

386 1443 520 1481 vero
555 1424 990 1497 probationem,
1013 1422 1283 1494 probatio
1307 1426 1503 1477 autem
1529 1436 1719 1492 spem,
1745 1436 1879 1492 Spes
1901 1434 2036 1474 vero

382 1506 608 1590 pudore
640 1531 761 1569 non
786 1513 1079 1585 afﬁcit(a).
1099 1515 1388 1585 nPropter
1411 1528 1575 1584 spem
1592 1512 1752 1567 enim
1773 1510 2036 1566 futuram

386 1611 476 1662 est
506 1605 828 1678 patientia;
859 1626 885 1654 «
923 1620 1058 1675 spes
1091 1625 1118 1651 ››
1153 1608 1353 1658 autem
1398 1607 1487 1658 est
1517 1601 1697 1657 etiam
1739 1600 2037 1672 mquivoce

388 1696 513 1768 spei
540 1694 794 1749 redditio
837 1700 895 1748 et
940 1692 1276 1759 restitutio;
1328 1708 1460 1762 quas
1510 1690 1690 1747 etiam
1741 1709 1763 1738 ι
1814 1689 2040 1762 pudore

386 1802 507 1840 non
535 1783 738 1849 afﬁcit,
774 1804 803 1832 ››
833 1787 898 1836 ut
925 1798 1057 1853 quae
1108 1780 1340 1852 probris
1387 1786 1445 1834 et
1491 1779 1870 1835 contumeliis
1918 1794 2039 1833 non

2142 607 2422 683 ἔλπονται,
2455 607 2583 666 οὐδὶ
2634 607 2946 670 δοκέουσιν.
3006 611 3176 673 Θιίως
3234 609 3326 667 οὖν
3360 614 3388 668 ὁ
3424 613 3642 676 [Ιαῦλος
3670 615 3808 671 Ῥω-

2145 700 2331 771 μαίοις
2386 698 2637 776 ἄντικρυς
2692 699 2963 756 ἆπιστέλει
3000 719 3014 733 ·
3072 724 3102 752 ιι
3143 701 3213 757 Ἡ
3270 700 3457 776 θλίψις
3517 705 3806 777 ὑπομονὴν

2141 787 2549 863 κατεργάζεται,
2604 792 2639 858 ἡ
2674 786 2730 844 δὲ
2794 790 3048 863 ὑπομονὴ
3112 787 3371 864 δοκιμὴν,
3410 793 3446 861 ἡ
3496 788 3553 847 δε
3599 790 3805 867 δοκιμὴ

2143 873 2358 932 ἐλπίδα’
2393 880 2427 948 ἡ
2460 875 2517 933 δὲ
2562 875 2722 941 ἐλπὶς
2775 878 2838 933 οὐ
2882 879 3258 954 καταισχύνει,
3292 903 3320 931 ››
3353 878 3427 935 δι’
3457 878 3657 937 ἐλπίδα
3707 883 3807 957 μὲν

2144 965 2248 1042 γὰρ
2277 969 2377 1037 τήν
2439 966 2749 1042 μέλλουσαν
2781 970 2816 1037 ἡ
2851 968 3125 1042 ὑπομονή.
3160 968 3355 1032 Ἐλπὶς
3388 973 3502 1044 (25)
3534 968 3593 1026 δὲ
3646 972 3807 1045 ὁμω-

2143 1055 2332 1129 νύμως
2376 1059 2465 1112 καὶ
2496 1059 2531 1126 ἡ
2562 1064 2662 1127 τῆς
2722 1054 2949 1120 ἐλπίδος
2992 1055 3261 1121 ἀπόδοσίς
3312 1079 3372 1114 τε
3403 1059 3494 1114 καὶ
3527 1060 3804 1116 ἀποκατά-

2145 1167 2351 1210 στασις·
2385 1146 2420 1217 ἢ
2452 1147 2540 1201 καὶ
2573 1172 2601 1199 ‹‹
2636 1148 2701 1203 οὐ
2727 1147 3101 1223 καταισχύνει,
3125 1171 3154 1199 ››
3180 1148 3256 1219 μὴ
3290 1144 3666 1221 ὀνειδιζομένη
3702 1147 3803 1207 ἔτι.

2144 1236 2201 1288 '0
2229 1232 2285 1290 δὲ
2314 1233 2448 1310 κιλῇ
2478 1232 2695 1306 κλήσει,
2727 1236 2862 1300 καθὸ
2890 1233 3179 1307 κέκληται,
3215 1236 3505 1292 ὑπακούων
3559 1235 3688 1293 οὔτε
3719 1235 3809 1294 διὰ

2146 1317 2315 1400 φόϐον
2348 1320 2472 1379 οὔτε
2495 1321 2585 1379 διὰ
2613 1322 2814 1395 ἡδονὰς
2861 1324 2950 1380 ἐπὶ
2996 1327 3098 1395 τὴν
3147 1331 3349 1400 γνῶσιν
3399 1325 3561 1382 ἳεται·
3596 1328 3660 1383 οὐ
3704 1329 3807 1403 γὰρ

2147 1414 2587 1488 περισκέπτεται,
2614 1412 2669 1469 εἶ’
2702 1436 2755 1470 τι
2815 1412 3101 1479 λυσιτελὲς
3158 1413 3351 1486 ἔξωθεν
3402 1412 3587 1471 ἕπεται
3617 1414 3810 1493 κέρδος

2148 1501 2184 1572 ἢ
2217 1502 2519 1568 ἀπόλαυσις
2575 1508 2685 1577 (26)
2739 1505 2909 1575 αὐτῷ’
2968 1503 3147 1580 ἀγάπῃ
3179 1501 3237 1559 δὲ
3263 1508 3361 1559 τοῦ
3419 1500 3593 1568 ὅντως
3653 1501 3813 1570 ὄντος

2149 1591 2375 1666 ἐραστοῦ
2406 1590 2728 1666 ἰλκόμενος,
2758 1591 2846 1648 καί
2876 1593 3013 1670 πρὸς
3043 1594 3106 1649 τὸ
3155 1590 3275 1649 δέον
3309 1592 3601 1669 ἀγόμενος,
3631 1607 3812 1659 θεοσε-

2148 1677 2254 1738 ϐεῖ.
2285 1683 2448 1747 Ὅθεν
2477 1679 2603 1738 οὐδ’
2630 1680 2676 1738 εἰ
2711 1684 2830 1747 καθ’
2867 1683 3118 1738 ὑπόθεσιν
3153 1682 3395 1756 ἐξουσίαν
3450 1679 3619 1739 λάϐοι
3663 1685 3814 1761 παρά

2146 1775 2249 1827 τοῦ
2281 1776 2416 1829 Θεοῦ
2471 1773 2725 1848 πράττειν
2764 1772 2832 1827 τά
2860 1770 3306 1847 ἀπηγορευμένα,
3338 1772 3693 1849 ἀτιμώρητός
3749 1795 3811 1830 τι

387 1873 643 1945 amplius
661 1870 976 1927 afﬁciatur.
1004 1869 1113 1935 Qui
1135 1874 1335 1924 autem
1358 1868 1534 1924 nudae
1557 1868 1872 1935 vocationi,
1899 1884 2041 1938 qua-

2157 1859 2246 1931 ὣν,
2280 1858 2396 1917 οὐδ’
2426 1860 2471 1916 εί
2508 1861 2598 1916 καὶ
2653 1860 2844 1934 μισθὸν
2900 1861 2968 1916 τά
3027 1862 3285 1965 μαξάρων
3334 1861 3509 1937 ἀγαθὰ
3538 1859 3813 1937 λήψεσθαι

389 1969 566 2018 tenus
596 1966 836 2015 vocatus
869 1964 977 2025 est,
1008 1958 1231 2025 obedit,
1265 1958 1314 2013 is
1358 1974 1555 2029 neque
1596 1962 1837 2029 propter
1868 1956 2040 2011 timo-

2150 1949 2239 2007 ἐπὶ
2269 1946 2454 2005 τοῖσδε
2510 1948 2834 2027 ἐπαγγελίαν
2888 1945 3221 2025 προσλάϐοι,
3265 1948 3392 2006 ἀλλ⁹
3449 1951 3614 2006 εἶκαὶ
3644 1954 3811 2023 Λήσε-

390 2069 539 2119 rem,
574 2067 769 2121 neque
800 2054 1044 2120 propter
1061 2048 1417 2119 voluptates,
1444 2046 1635 2102 tendit
1654 2046 1728 2102 ad
1752 2046 2043 2119 cognitio-

2157 2042 2270 2095 σθαι
2298 2040 2391 2096 τὸν
2440 2040 2570 2096 Θεὸν
2613 2038 2694 2115 ἐφ’
2752 2040 2831 2103 οἶς
2886 2038 3109 2116 πράττει
3158 2040 3427 2111 πεισθείη·
3488 2040 3645 2119 (ὅπερ
3677 2039 3810 2098 ἀδό-

391 2158 552 2196 nem.
588 2141 713 2195 Non
734 2138 895 2193 enim
917 2137 1257 2193 considerat
1276 2152 1355 2191 an
1376 2134 1621 2206 aliquod
1642 2134 1789 2189 utile
1812 2133 2044 2189 lucrum

2157 2131 2363 2201 νατον·)
2396 2128 2592 2204 πράξαί
2619 2150 2672 2184 τι
2701 2128 2849 2206 παρά
2892 2131 2983 2185 τὸν
3040 2129 3203 2206 λόγον
3233 2130 3326 2186 τὸν
3360 2130 3519 2207 ὀρθὸν
3553 2129 3811 2202 ἐθελήσαι

394 2231 482 2286 vel
515 2228 828 2285 delectatio
859 2227 1061 2298 aliqua
1089 2227 1459 2282 extrinsecus
1488 2228 1909 2295 consequatur,
1943 2221 2044 2278 sed

2157 2220 2278 2274 ποτ’
2307 2216 2393 2286 ἂν,
2421 2219 2484 2273 τὸ
2514 2219 2686 2282 ὅντως
2733 2217 2901 2274 καλὸν
2950 2218 3041 2274 καὶ
3098 2221 3309 2295 αἱρετὸν
3366 2220 3418 2295 ἐξ
3475 2222 3689 2294 ἑαυτοῦ,
3721 2222 3814 2278 καὶ

396 2325 619 2375 tractus
658 2336 691 2373 a
722 2317 1042 2372 dilectione
1075 2316 1227 2387 ejus,
1259 2315 1361 2386 qui
1389 2331 1523 2370 vere
1546 2319 1636 2369 est
1660 2311 1960 2381 amabilis,
1992 2315 2051 2367 et

390 2408 465 2463 ad
506 2407 586 2474 id,
620 2406 781 2478 quod
813 2405 943 2460 ﬁeri
978 2409 1231 2476 oportet,
1262 2404 1576 2472 adductus,
1618 2402 1752 2475 pius
1804 2406 1895 2458 est
1942 2401 2045 2457 Dei

388 2496 600 2552 cultor.
636 2494 803 2551 Unde
835 2510 945 2548 nec
975 2494 1022 2547 si
1047 2510 1154 2564 per
1183 2493 1542 2565 bypothesin
1580 2508 1613 2547 a
1650 2492 1769 2547 Deo
1799 2507 2046 2562 accepe-

387 2586 467 2640 rit
494 2590 850 2657 potestatem
906 2582 1162 2638 faciendi
1211 2598 1302 2648 ea,
1353 2599 1484 2653 qum
1536 2586 1675 2636 sunt
1720 2580 2043 2653 prohibita,

393 2676 543 2730 citra
572 2674 757 2730 ullam
785 2690 1020 2744 pmnam
1047 2689 1059 2739 ;
1088 2688 1283 2743 neque
1314 2672 1363 2726 si
1388 2676 1703 2743 propterea
1733 2670 2045 2726 beatorum

387 2765 547 2819 bona
580 2768 964 2834 accepturum
997 2778 1133 2817 eum
1166 2776 1317 2830 esse,
1352 2759 1404 2814 ei
1435 2759 1797 2832 promissum
1826 2758 2045 2827 fuerit;

390 2855 495 2909 sed
526 2870 634 2909 nec
663 2853 710 2908 si
740 2868 1092 2924 persuasum
1123 2849 1400 2906 habuerit
1426 2849 1573 2917 fore,
1616 2854 1682 2904 ut
1728 2850 1914 2904 Deum
1958 2848 2047 2905 la-

386 2949 550 2999 teant
577 2960 646 2998 ea
678 2960 808 3014 quas
840 2941 991 3014 gerit
1023 2939 1203 3014 (quod
1236 2939 1479 3010 quidem
1505 2938 1633 2994 ﬁeri
1657 2955 1779 2993 non
1807 2938 2044 3009 potest),

387 3033 447 3087 in
480 3031 746 3087 animum
770 3046 1033 3101 unquam
1059 3034 1149 3084 est
1177 3028 1555 3095 inducturus,
1583 3033 1649 3083 ut
1664 3026 1891 3099 aliquid
1913 3033 2048 3100 agat

388 3128 604 3194 praeter
634 3126 857 3175 rectam
890 3119 1208 3184 rationem,
1239 3134 1374 3173 cum
1425 3116 1508 3185 id,
1559 3116 1720 3188 quod
1770 3132 1906 3172 vere
1956 3121 2047 3172 est

2153 2310 2323 2376 ταύτῃ
2379 2309 2655 2386 ἀγαπητὸν
2712 2308 2848 2365 εἶναι
2918 2310 3057 2382 ἅπαξ
3114 2309 3401 2384 ὶλόμενος.
3462 2311 3542 2370 Οὐ
3596 2312 3699 2389 γάρ
3757 2312 3811 2369 ἐν

2155 2399 2389 2475 γαστρὸς
2422 2400 2559 2475 βορᾷ
2610 2399 2674 2455 τὸ
2733 2399 2976 2475 χρηστὸν
3036 2401 3174 2455 εἶναι
3229 2398 3614 2479 διειλήφαμεν.
3645 2404 3814 2474 Ἀκή-

2154 2511 2250 2546 κοε
2280 2488 2326 2545 δ’
2356 2490 2584 2559 ἐκεῖνος,
2616 2491 2692 2552 ὡς
2734 2490 2932 2566 βρῶμα
2989 2493 3136 2564 ἡμᾶς
3193 2492 3257 2547 οὐ
3304 2495 3662 2566 παραστήσει,
3689 2491 3817 2549 οὐδὶ

2159 2581 2267 2652 μὴν
2294 2577 2492 2655 γάμος,
2523 2577 2650 2634 ἀλλ’
2682 2576 2812 2635 οὐδὲ
2868 2579 3056 2655 ἀποχή
3117 2579 3297 2656 γάμου
3325 2586 3442 2652 (27)
3470 2580 3522 2636 ἐν
3551 2582 3814 2657 ἀγνωσίη,

2155 2665 2302 2724 ἀλλὰ
2328 2668 2392 2724 τὸ
2421 2668 2537 2723 κατ’
2569 2667 2766 2742 ἀρετὴν
2827 2662 2986 2742 ἔργον
3038 2668 3103 2723 τὸ
3161 2670 3486 2744 γνωστικόνο
3516 2669 3633 2726 ἐπεὶ
3659 2671 3754 2725 καὶ
3785 2671 3816 2727 ὁ

2153 2757 2322 2831 κύων,
2380 2758 2444 2812 τὸ
2506 2760 2645 2827 ζῶον
2696 2758 2760 2813 τὸ
2818 2754 3043 2833 ἄλογον,
3103 2756 3363 2835 ἐγκρατὲς
3417 2759 3677 2833 λεγέσθω,
3718 2761 3813 2815 τὸν

2153 2845 2484 2922 ἐπαιρόμενο
2544 2848 2644 2917 τήν
2678 2846 2977 2922 βακτηρίαν
3012 2845 3213 2919 δεδιὸς,
3247 2850 3338 2905 καὶ
3380 2847 3473 2905 διὰ
3511 2854 3674 2906 τοῦτο
3713 2854 3816 2907 τοῦ

2155 2933 2295 3010 ὄψου
2326 2935 2697 3012 ἀπεχόμενον.
2730 2938 2853 2993 Τῶν
2900 2936 3190 3007 τοιούτων,
3225 2938 3282 2994 εὖ
3312 2935 3447 3006 ἴσθι,
3479 2940 3564 2995 ὅτι
3592 2960 3815 3015 περιαι-

2156 3030 2369 3100 ρεθεῖσα
2399 3027 2435 3095 ἡ
2469 3024 2762 3101 ὑπόσχεσις
2812 3028 2847 3095 ἡ
2878 3024 3408 3101 προεπηγγελμένη,
3457 3027 3549 3083 καὶ
3581 3029 3611 3083 ὁ
3641 3023 3819 3107 φόϐος

2155 3117 2516 3189 περιγραφείς
2549 3115 2577 3169 ὁ
2607 3112 3076 3187 ἐπηπειλημένος,
3111 3116 3202 3172 καὶ
3235 3119 3530 3191 χωρισθεὶς
3576 3119 3606 3173 ὃ
3631 3116 3819 3174 κίνδυ-

387 3188 732 3277 bonestum,
766 3212 824 3262 et
853 3225 923 3262 ex
953 3208 1148 3279 seipso
1182 3205 1543 3279 eligendum,
1587 3210 1647 3260 et
1693 3221 1762 3261 ea
1810 3206 2041 3261 ratione

2157 3224 2244 3267 νος
2338 3202 2740 3278 ἑπηρτημὲνος,
2773 3205 2873 3273 τήν
2920 3207 3174 3280 πρόθεσιν
3207 3188 3451 3281 ἐλέγχει.

388 3298 788 3371 expetendum
819 3296 1285 3367 amandumque,
1319 3294 1505 3351 semel
1531 3294 1793 3368 elegerit.
1830 3296 1954 3350 Non
1986 3296 2147 3351 enim
2176 3296 2241 3351 in
2273 3312 2410 3352 esca
2439 3295 2660 3351 ventris
2688 3294 2914 3352 bonum
2945 3312 3075 3352 esse
3097 3297 3280 3354 situm
3311 3298 3672 3370 accepimus.
3703 3303 3827 3357 Au-

387 3383 532 3444 divit
560 3394 760 3444 autem
792 3387 915 3454 ille,
949 3385 1109 3458 quod
1151 3409 1179 3436 «
1212 3384 1380 3440 cibus
1431 3401 1541 3440 nos
1597 3401 1719 3440 non
1778 3385 2223 3442 commendabit
2248 3386 2341 3458 (b),
2376 3402 2573 3457 neque
2630 3385 3103 3455 matrimonium,
3138 3386 3240 3442 sed
3288 3405 3485 3460 neque
3515 3388 3829 3447 abstinen-

388 3479 470 3535 tia
500 3496 533 3533 a
558 3477 940 3533 matrimonio
984 3476 1045 3530 in
1105 3473 1504 3548 ignoratipne,
1538 3474 1641 3529 sed
1671 3490 1819 3545 Opus
1849 3475 2183 3547 guosticum
2233 3493 2305 3532 ex
2333 3476 2571 3531 virtute.
2632 3478 2770 3533 Nam
2804 3477 2971 3533 canis
3030 3494 3288 3549 quoque,
3345 3480 3448 3550 qui
3478 3485 3570 3535 est
3597 3480 3829 3552 animal

391 3586 603 3640 expers
636 3566 908 3634 rationis,
942 3565 1026 3621 sic
1066 3564 1298 3620 dicatur
1327 3580 1457 3619 esse
1487 3564 1823 3631 continens,
1856 3563 2001 3621 dum
2033 3581 2169 3621 eum
2198 3566 2369 3622 timet
2397 3565 2502 3637 qui
2533 3565 2690 3621 tollit
2717 3566 3014 3635 baculum,
3047 3572 3107 3622 et
3135 3567 3271 3623 ideo
3301 3584 3336 3624 a
3360 3568 3492 3624 cibo
3541 3569 3824 3629 abstinet.

386 3658 550 3724 Quad
585 3657 632 3712 si
665 3656 864 3712 ablata
892 3654 1074 3710 fuerit
1102 3651 1420 3725 promissio
1452 3651 1573 3707 illis
1603 3653 1779 3719 facta,
1815 3653 1861 3708 si
1897 3653 2074 3709 timor
2111 3655 2438 3712 intentatbs
2468 3656 2754 3728 praecisus
2783 3656 2966 3713 fuerit
2993 3661 3052 3713 et
3081 3658 3413 3729 periculum
3464 3658 3827 3731 impendens

385 3745 715 3815 evanue‘rit,
752 3749 875 3799 tum
908 3748 1069 3798 certo
1100 3742 1253 3798 scias
1285 3741 1484 3796 statim
1516 3741 1927 3814 appariturum
1956 3743 2085 3800 fore
2116 3745 2359 3801 illorum
2389 3746 2780 3818 propositum.

1848 3904 2080 3961 CAPUT
2146 3907 2344 3962 XXIII.

389 4009 464 4066 0b
495 4023 660 4079 quam
691 4005 965 4063 rationem
1017 4006 1280 4076 perfectis
1309 4020 1344 4059 a
1371 4003 1531 4059 rebus
1583 4006 1768 4060 sensui
1805 4007 2094 4134 jucundii,
2123 4022 2316 4134 .gluam
2368 4008 2610 4062 maxime
2659 4012 2860 4078 potest,
2930 4008 3226 4079 abstineat,
3285 4009 3575 4066 meliorum
3621 4010 3832 4067 scilicet

1986 4094 2048 4133 ιη
2074 4094 2135 4133 ιιι
2202 4123 2217 4134 .

1986 4094 2217 4137 mnum.

465 4209 591 4262 Non
633 4204 793 4261 enim
845 4203 960 4275 ipsi
1009 4202 1095 4258 rei
1143 4206 1372 4257 natura;
1423 4218 1485 4256 se
1529 4201 1940 4270 accomodant,
1990 4209 2058 4259 ut

392 4313 599 4353 revera
627 4293 892 4368 gnostice
918 4289 1455 4363 comprehendant,
1479 4305 1608 4346 esse
1632 4290 1874 4362 quidem
1897 4291 2057 4350 bona

394 4387 619 4453 omnia,
652 4401 787 4455 quae
809 4388 1009 4438 creata
1033 4385 1175 4436 sunt
1197 4379 1272 4436 ad
1302 4395 1478 4436 usum
1500 4386 1775 4435 nostrum
1801 4401 1816 4447 ;
1839 4386 1907 4437 ut
1927 4399 2054 4438 ma-

392 4475 763 4540 trimonium,
794 4471 953 4527 verbi
986 4472 1194 4544 gratia,
1229 4476 1287 4525 et
1315 4469 1645 4525 liberorum
1684 4472 2044 4541 procreatio-

2163 4471 2286 4541 σθη·
2346 4471 2422 4533 ὡς
2485 4475 2662 4549 γάμον

2236 4201 2315 4262 Οὐ
2352 4203 2454 4278 γάρ
2513 4201 2651 4278 αὐτῇ
2714 4207 2784 4278 τῇ
2842 4201 2997 4270 φύσει
3056 4207 3154 4259 τοῦ
3200 4224 3523 4279 πράγματος
3584 4203 3828 4261 οἷκειοῦ-

2165 4311 2253 4347 ται
2308 4293 2474 4367 (28),
2534 4292 2609 4355 ὡς
2662 4296 2742 4365 τῷ
2795 4291 2913 4349 ὅντι
2981 4298 3295 4368 γνωπικῶς
3376 4289 3830 4368 καταλαϐέσθαι,

2161 4379 2305 4437 καλά
2341 4381 2437 4454 μὲν
2488 4382 2623 4437 εἶναι
2678 4381 2873 4452 πάντα,
2908 4383 3006 4438 ὅσα
3059 4382 3137 4445 εἷς
3196 4389 3399 4459 χρῆσιν
3461 4386 3625 4457 ἡμῶν
3684 4383 3834 4440 ἐκτί-

2709 4515 2723 4542 ,
2791 4470 2918 4550 φὲρε
2986 4470 3156 4527 εἰπεῖν
3189 4516 3202 4541 ,
3268 4472 3359 4527 καὶ
3421 4469 3778 4528 παιδοποιίαν
3812 4517 3829 4539 ,

393 4581 551 4632 nem,
586 4564 633 4618 si
662 4562 734 4617 iis
765 4568 1070 4616 uteremur
1095 4576 1231 4616 cum
1261 4559 1673 4631 temperantia,
1698 4557 1925 4616 bonum
1942 4576 2044 4616 au-

2158 4538 2294 4632 μετά
2350 4538 2717 4640 σωφροσύνης-
2781 4538 3254 4636 παρειλημμένα·
3314 4560 3493 4619 καλοῦ
3569 4560 3627 4617 δὶ
3687 4538 3827 4617 εἶναι

392 4658 512 4708 tem
543 4651 604 4715 >X<
635 4668 766 4707 esse
791 4651 1028 4716 melius,
1061 4654 1126 4704 ut
1155 4648 1289 4721 quis
1310 4665 1417 4720 per
1439 4664 1593 4716 eam,
1627 4663 1758 4720 quas
1780 4654 1871 4703 est
1901 4650 2043 4715 Deo,

391 4740 907 4807 assimilationem,
928 4738 1137 4795 evadat
1151 4736 1501 4809 impatibilis
1520 4740 1579 4791 et
1598 4737 1813 4792 virtute
1836 4738 2046 4810 praedi-

2155 4647 2374 4722 ἄμεινον
2428 4652 2534 4726 (29ε
2595 4653 2697 4722 τὴν
2756 4651 2892 4727 πρὸς
2951 4652 3013 4706 τὸ
3073 4657 3227 4707 Θεῖον
3294 4649 3623 4726 ἐξομοίωσιν
3681 4650 3827 4707 ἀπα-

2155 4739 2221 4810 θῆ
2276 4742 2390 4814 (30)
2438 4741 2527 4796 καὶ
2587 4739 2837 4817 ἐνάρετον
2896 4742 3165 4818 γενέσθαι.
3238 4747 3366 4805 Τοῖς
3399 4739 3458 4797 δὲ
3488 4739 3683 4813 ἔξωθεν
3737 4739 3831 4797 εὖ-

462 4896 525 4959 ›ι‹
554 4888 616 4941 P.
650 4887 753 4940 630
783 4886 895 4960 ιιι)ζ
930 4884 1221 4960 ξοΤΤΕΒ,
1246 4882 1494 4960 eaeeae
1527 4882 1639 4936 ΕΙ).
1674 4883 1919 4939 PARIS..
1977 4892 2042 4958 .1,

2163 4887 2264 4943 631
2326 4888 2439 4942 ED.
2496 4888 2792 4957 POTTEB,
2834 4889 3077 4944 533-534
3108 4890 3220 4945 eo.
3254 4889 3486 4946 PARIS.
3544 4888 3624 4960 (a)
3652 4890 3825 4944 Rom.

388 4969 447 5027 ‘v,
476 4953 529 5025 ἓξ,
557 4960 609 5028 4,
643 4960 694 5011 5.
761 4958 839 5027 (ὁ)
871 4958 895 5009 Ι
924 4956 1054 5011 Cor.
1082 4969 1205 5021 vm,
1242 4953 1296 5010 8.

466 5114 575 5183 (25)
608 5110 823 5171 Ἐλπίς.
860 5109 997 5183 Vult
1027 5112 1235 5183 auctor
1274 5108 1383 5163 hac
1414 5125 1553 5183 voce
1605 5108 1900 5183 denotari,
1931 5128 2056 5168 non

397 5179 591 5243 solum
622 5207 649 5234 ‹‹
685 5181 964 5256 sperandi
997 5200 1027 5232 »ι
1053 5180 1373 5248 actionem,
1403 5179 1505 5256 sed
1526 5180 1717 5256 _etiam
1748 5181 1833 5237 rei
1860 5179 1893 5256 ς(
1921 5201 2053 5256 spe-

394 5263 538 5314 rata)
569 5251 1029 5328 aequ'isitionem
1064 5269 1077 5308 :
1112 5268 1310 5328 quam
1334 5253 1433 5324 qui
1466 5251 1720 5328 feliciter
1768 5251 2053 5328 attigerit,

395 5323 778 5397 contumeliis
799 5325 1084 5397 deinceps
1096 5323 1387 5397 _superior
1404 5324 1550 5397 erit.

466 5401 580 5471 (26)
624 5393 830 5471 Κὲρδος
961 5393 1302 5471 ,ἀπόλαυσις
1330 5396 1511 5471 ΔῙεῚοῐθἶ
1567 5395 1729 5460 edit,
1764 5393 1959 5471 κέρδος
2014 5399 2050 5469 ἢ

394 5467 719 5541 ἀπόλαυσις,
769 5467 1017 5524 articulo
1070 5486 1177 5541 pro
1209 5467 1634 5541 conjunctione
1665 5467 1880 5538 posito.
1914 5467 2054 5526 SYLé

396 5561 585 5696 Βυῗῇ)
610 5608 751 5696 Οῇδὶ
791 5610 982 5696 ἀποχὴ
1011 5631 1063 5684 γ.
1096 5611 1263 5668 Conf.
1297 5609 1574 5683 superius
1631 5608 1834 5664 Strom.
1871 5628 1956 5684 III,
1989 5631 2049 5687 p.

396 5684 617 5757 p.534.
650 5684 756 5738 lin.
790 5686 880 5739 27.
934 5684 943 5685 ί
1989 5684 2010 5687 ‘

433 5760 577 5828 _(28)
618 5757 952 5828 υξκειοῦται.
1008 5752 1320 5828 Ι-ῃιθνριθθε,
1355 5752 1555 5828 vertit,
1606 5751 1777 5828 ac_si
1810 5751 2053 5828 legisset

397 5822 725 5880 οἰκειοῦνται
756 5826 818 5880 in
846 5824 1066 5896 plurali
1097 5822 1261 5882 uuln.
1294 5825 1463 5893 Quod
1510 5824 1558 5879 si
1599 5822 1930 5883 retineatur
1965 5827 2051 5883 ot-

2164 5115 2426 5190 κειοίξται,
2458 5114 2852 5190 refereturad
2884 5114 3133 5190 πρόθεσιν
3166 5118 3229 5173 in
3275 5116 3530 5190 prmced.
3585 5119 3829 5171 senten-

2168 5186 2269 5251 tia,
2301 5187 2413 5243 hoc
2446 5204 2627 5244 sensu
2657 5205 2669 5241 :
2707 5211 2733 5239 ‹‹
2757 5189 2883 5243 Non
2917 5186 3075 5244 enim
3110 5186 3311 5244 rerum
3363 5194 3590 5245 naturae
3626 5205 3689 5243 se
3720 5204 3824 5244 ac-

2170 5259 2525 5314 commodat.

2234 5332 2347 5401 (29)
2394 5328 2576 5404 Κοιλοῦ
2637 5325 2695 5383 δὲ
2754 5330 2887 5404 εἶναι
2942 5327 3188 5404 ἄμεινον.
3249 5332 3403 5388 Dicit
3459 5335 3829 5387 «creaturas

2162 5418 2292 5458 esse
2323 5420 2418 5458 res
2446 5403 2654 5469 bonas,
2692 5402 2797 5458 sed
2828 5424 2855 5452 ιι
2891 5402 2991 5459 his
3032 5403 3207 5459 bonis
3248 5404 3466 5460 melius
3516 5424 3542 5456 ι
3575 5419 3730 5469 esse,
3763 5409 3836 5458 ut

2164 5474 2281 5529 Deo
2315 5491 2421 5546 per
2450 5474 2732 5529 virtutem
2778 5474 3008 5531 similes
3062 5475 3402 5531 evadamus.
3438 5497 3467 5524 ››
3524 5475 3616 5530 Sic
3646 5473 3830 5586 paulo

2164 5550 2295 5586 nnc}
2326 5544 2514 5586 νηὶἰῖιυ
2558 5541 2824 5586 armillam!
2857 5546 3005 5586 Αἰτνίῦ
3061 5546 3169 5586 Ωιιιῖ
3232 5547 3345 5586 Ῐπιρ
3377 5547 3510 5586 Ιηρη
3540 5542 3640 5586 νηὶ
3683 5566 3709 5586 ν
3770 5540 3829 5586 θλ

2161 5540 2514 5629 ροεῑκαλῶν
2558 5541 2827 5629 καλλίονα
2857 5546 3026 5602 dixit.
3060 5546 3181 5630 Sed.
3232 5547 3347 5604 hoc
3376 5547 3510 5603 loco
3540 5540 3709 5629 καλῦν
3770 5540 3833 5600 δὶ

2161 5614 2297 5693 εἶναι
2342 5613 2441 5689 ἄμ.
2474 5635 2553 5693 1n_
2572 5617 2866 5693 editiones
2912 5617 3305 5693 Sylburgiana
3357 5623 3723 5692 posteriores
3756 5634 3833 5675 ex

2161 5688 2479 5774 nam:
2502 5688 2756 5774 νέίὲθιιιξν
2787 5688 3061 5774 versibus
3091 5688 3353 5774 ίιττρρβίι·

2158 5761 2628 5891 99(3£))t:A4'1ra0ﬁ.
2686 5762 2854 5818 Conf.
2906 5763 3138 5835 Padag.
3198 5761 3298 5821 lib.
3336 5780 3378 5835 ι,
3411 5780 3542 5837 cap.
3606 5764 3658 5832 l,
3690 5779 3827 5838 pag.

2236 5875 2253 5904 ,
2281 5849 2408 5892 non.
2437 5849 2491 5891 4.
