4138 6464
366 479 507 538 1357
1699 467 2018 539 amoma

2131 481 2145 532 ι
2185 479 2319 535 LIB.
2362 464 2457 534 I’v.
3658 470 3799 540 i358

360 610 633 684 χρήσταις
690 611 729 682 ἢ
816 606 1190 686 δυσχρήστως
1237 608 1702 685 προσαγομένοις,
1758 611 1871 661 τῶν
1931 604 2018 679 μὲν

2143 609 2258 660 tus.
2294 604 2405 660 Scd
2427 621 2500 660 ex
2524 604 2619 674 iis,
2643 621 2776 676 quae
2800 604 3170 661 extrinsecus
3192 606 3594 680 adducuntur,
3624 609 3800 666 bonis

362 697 683 773 ἀπέχονται,
715 701 824 753 τῶν
857 695 903 752 δ’
935 696 1024 756 cii.
1066 696 1245 754 Ἀλλά
1301 698 1389 753 καὶ
1450 698 1522 752 ὧν
1575 695 1894 774 ἀφίστανται
1932 715 2018 766 μυ-

2146 695 2236 749 vel
2253 694 2447 762 malis,
2458 695 2530 750 ab
2549 695 2683 751 aliis
2703 695 2945 767 quidem
2965 695 3368 767 abstinent,ab
3386 698 3519 754 aliis
3532 716 3668 755 vero
3682 702 3801 756 mi-

364 788 705 861 σαττόμενοι,
739 791 907 844 ταῦτα
937 786 1220 866 φαίνονται
1271 788 1370 856 τὴν
1430 787 1604 843 κτίσιν
1650 787 1741 841 καὶ
1771 786 1864 840 τὸν
1926 792 2018 854 Δη·

2147 785 2330 842 nime.
2358 786 2571 839 Verum
2590 786 2650 839 in
2676 785 2748 839 iis
2770 802 2803 840 a
2825 785 3041 857 quibus
3062 785 3366 843 abstinent
3385 787 3797 858 abhorrentes,

368 878 630 953 μιουργὸν
682 873 1098 940 διαϐάλλοντες’
1149 876 1246 932 κᾶν
1301 882 1381 951 τῷ
1434 874 1615 931 δοκεῖν
1646 879 1852 937 πιστῶς
1907 875 2018 928 ἀνα·

2146 878 2481 930 creaturam
2506 880 2565 930 et
2584 875 2858 947 opificem
2883 881 3210 930 cernuntur
3239 893 3552 944 accusare;
3580 883 3638 933 et
3657 878 3800 935 licet

367 963 727 1042 πρὲφωνται,
785 969 885 1038 τήν
948 968 1127 1042 κρίσιν
1200 962 1426 1043 ἔχουσιν
1511 967 1751 1023 ἀνόσιον.
1822 968 1893 1019 Τὸ
1945 961 2018 1050 δὲἸ

2142 962 2273 1035 ipsa
2290 964 2486 1046 specie
2498 969 2810 1019 versentur
2822 965 3540 1032 fideliter,habenttamen
3555 968 3795 1041 impium

368 1081 395 1109 «
431 1055 546 1114 Οὔκ
595 1055 973 1130 ἐπιθυμήσεις,
1039 1080 1066 1108 ι)
1119 1054 1242 1111 οὕτε
1298 1057 1531 1132 ἀνάγκης
1585 1062 1687 1125 τῆς
1740 1054 1800 1109 ἐκ
1856 1047 2018 1128 φόϐοι

2132 1053 2448 1126 judicium.
2472 1053 2625 1110 Illud
2648 1060 2847 1109 autem
2874 1071 2886 1109 :
2909 1077 2936 1104 ‹‹
2965 1057 3089 1109 Non
3113 1057 3518 1127 concupisces,
3544 1080 3572 1108 »
3596 1074 3791 1130 neque

370 1143 567 1217 δεῖται,
598 1153 699 1217 τῆς
752 1146 1089 1222 βιαζομένης
1149 1144 1444 1220 ἀπέχεσθαι
1501 1149 1610 1200 τῶν
1669 1141 1870 1213 ἡδέων,
1904 1140 2018 1197 οὔτε

2140 1144 2496 1199 necessitate
2526 1149 2677 1216 eget,
2710 1160 2841 1215 quas
2884 1160 2989 1216 per
3015 1144 3290 1199 timorem
3324 1145 3582 1215 incussa,
3637 1148 3795 1220 cogit

372 1237 590 1308 μισθοῦ,
620 1239 720 1290 τοῦ
752 1233 821 1289 δι’
865 1233 1195 1309 ἐπαγγελίας
1253 1238 1391 1307 (31),
1451 1233 1838 1298 ἀναπείθοντος
1890 1232 2018 1287 ἀνα-

2139 1233 2437 1288 abstinere
2456 1250 2490 1288 a
2508 1233 2785 1289 suavibus
2812 1251 2825 1299 ;
2849 1250 3045 1305 neque
3069 1235 3363 1304 mercede,
3387 1252 3518 1307 qua)
3536 1253 3643 1309 per
3661 1254 3795 1309 pro-

364 1324 583 1379 κόπτειν
614 1325 714 1386 τὰς
743 1324 938 1397 ὁρμάς.
972 1320 1113 1380 Οὔτε
1139 1324 1242 1392 τήν
1303 1324 1551 1391 ὑπακοὴν
1581 1321 1673 1378 διὰ
1726 1328 1828 1392 τήν
1872 1321 2018 1378 ἐντο-

2131 1323 2467 1378 missionem
2481 1323 2832 1393 persuadeat
2844 1324 3156 1394 reprimere
3172 1325 3793 1397 appetitiones.Neque

365 1411 495 1484 λὴν,
549 1411 639 1467 διὰ
679 1410 737 1468 δὲ
791 1415 891 1481 τὴν
949 1411 1285 1488 ἐπαγγελίαν
1335 1414 1611 1490 αἱροῦνται
1670 1413 1724 1467 οἳ
1782 1410 1871 1467 διὰ
1925 1414 2025 1482 τῆς

362 1499 693 1577 ἐπαγγελίας
754 1501 1131 1573 ὑπακηκοότες
1202 1505 1283 1575 τῷ
1341 1506 1480 1575 Θεῷ,
1555 1499 1769 1557 δελέατι
1823 1499 2027 1571 ἡδονῆς

361 1589 657 1666 ᾑρημένοι.
690 1587 834 1648 Οὐδὲ
852 1594 960 1664 μὴν
989 1593 1023 1662 ἡ
1055 1595 1164 1646 τῶν
1190 1589 1466 1662 αἰσθητῶν
1490 1592 1810 1666 ἀποστροφή
1834 1592 1933 1661 τήν
1959 1593 2027 1647 τὰ

362 1680 507 1755 πρὸς
535 1682 603 1735 τὰ
623 1681 797 1751 νοητά
818 1680 1095 1736 οἱκείωσιν
1118 1679 1437 1745 ἀκολούθως
1469 1682 1665 1750 ποιοίη
1686 1679 1769 1735 ἄν·
1784 1679 2025 1756 ἔμπαλιν

367 1765 448 1838 δὲ,
541 1770 677 1842 πρὸς
703 1771 771 1826 τὰ
800 1770 967 1836 νοητᾶ
998 1769 1273 1832 οῗκείωσις
1323 1771 1459 1825 κατὰ
1512 1769 1668 1849 φύσιν
1707 1771 2022 1846 περιαγωγὴ

361 1863 442 1931 τῷ
470 1864 761 1934 γνωστικῷ
815 1859 920 1914 ἀπὸ
978 1862 1085 1915 τῶν
1141 1858 1415 1929 αἶ’σθητῶν
1450 1858 1675 1933 γίνεται,
1715 1861 1833 1913 κατ’
1863 1857 2024 1915 ἐκλο-

2135 1411 2535 1468 obedientiam
2550 1418 2792 1484 propter
2804 1413 3147 1469 mandatum
3163 1414 3266 1469 sed
3279 1419 3521 1486 propter
3536 1416 3793 1487 promis-

2136 1500 2368 1557 sionem
2381 1502 2739 1575 eligunt,qui
2753 1503 2869 1557 Deo
2883 1507 3128 1574 propter
3139 1503 3435 1574 promissa
3446 1503 3797 1573 obediunt,a

2134 1589 2433 1661 voluptate
2447 1589 2836 1646 inescati.Sed
2853 1607 3050 1662 neque
3065 1592 3354 1648 aversatio
3367 1609 3402 1648 a
3416 1592 3591 1648 rebus
3607 1594 3796 1649 sensi-

2135 1678 2294 1735 libus
2324 1680 2666 1736 necessario
2696 1680 2877 1736 infert
2897 1681 3385 1752 conjunctionem
3408 1699 3543 1737 cum
3565 1682 3639 1739 iis
3662 1700 3795 1755 quas

2134 1769 3190 1843 percipiunturintelligentia;contra
3204 1775 3423 1839 autem,
3449 1771 3793 1844 conjunctio

2133 1874 2270 1913 cum
2300 1859 2395 1925 iis,
2427 1876 2559 1930 quae
2592 1859 2991 1931 intelligentia
3020 1860 3451 1931 percipiuntur,
3483 1862 3793 1918 hominem

364 1947 465 2022 γὴν
496 1951 605 2003 τῶν
637 1945 820 2003 καλῶν
849 1947 1080 2024 τάγαθόν
1126 1947 1378 2021 ἑλομένῳ
1434 1952 1775 2023 γνωστικῶς,
1808 1950 2018 2021 θαυμά-

2135 1949 2464 2020 gnosticum
2478 1948 2832 2004 naturaliter
2843 1948 3131 2004 convertit
3142 1964 3175 2003 a
3186 1948 3364 2004 rebus
3378 1948 3795 2017 sensilibus;ut

369 2042 513 2107 ζοντι
549 2039 643 2111 μὲν
692 2037 791 2105 τήν
844 2037 1075 2111 γένεσιν,
1134 2037 1223 2093 καὶ
1280 2038 1557 2114 ἁγιάζοντι
1613 2038 1705 2092 τὸν
1760 2039 2025 2110 ποιητήν,

367 2128 645 2203 ἁγιάζοντι
677 2124 736 2181 δὲ
776 2127 877 2196 τὴν
936 2127 1074 2201 πρὸς
1124 2128 1188 2182 τὸ
1242 2132 1397 2183 Θεῖον
1455 2125 1801 2199 ἐξομοίωσιν.
1861 2128 2023 2201 Ἀτὰρ

364 2215 476 2292 ἐγὼ
508 2215 607 2290 ἐμὲ
634 2214 876 2289 λύσομαι
903 2222 1006 2285 τῆς
1035 2215 1348 2290 ἐπιθυμίας,
1382 2218 1550 2287 φήσαι
1603 2219 1737 2290 (32),
1790 2214 1879 2272 διὰ
1928 2217 2028 2285 τήν

362 2307 500 2381 πρὸς
531 2306 589 2361 σὶ
617 2303 915 2375 οἰκείωσιν,
948 2306 1135 2382 Κύριε⁹
1179 2305 1324 2375 καλὴ
1355 2306 1457 2381 γὰρ
1508 2308 1544 2375 ἡ
1598 2311 1876 2370 κτισθεῖσα
1956 2302 2023 2375 δὴ

365 2394 676 2468 οἰκονομία,
715 2394 803 2449 καὶ
837 2395 1013 2449 πάντα
1071 2394 1128 2450 εὗ
1187 2391 1496 2465 διοικεῖται,
1556 2391 1707 2449 οὐδὲν
1770 2394 2027 2456 ἀναιτίως

359 2484 592 2559 γίνεται.
658 2485 747 2539 Ἐν
800 2488 920 2545 τοῖς
972 2488 1092 2546 σοῖς
1142 2484 1273 2540 εἶναί
1331 2504 1397 2557 με
1457 2480 1557 2539 δεῖ.
1620 2486 2022 2559 Παποκρᾶτορ’

360 2569 457 2628 κᾶν
490 2570 814 2639 ἐνταῦθα,ὦ,
840 2573 988 2647 παρὰ
1026 2571 1112 2626 σοὶ
1174 2571 1310 2645 εἰμί’
1343 2570 1508 2641 ἀδεὴς
1558 2569 1607 2626 δ’
1663 2571 1795 2626 εἶναι
1855 2571 2022 2643 θέλω,

355 2659 450 2717 ἵνα
499 2682 585 2717 σοι
638 2660 970 2737 συνεγγίζειν
1021 2658 1263 2734 δυνηθῶ,
1323 2660 1538 2739 ὀλίγοις
1596 2661 1688 2716 καὶ
1724 2662 2021 2736 ἀρκεῖσθαι,

370 2750 614 2825 μελετῶν
647 2752 746 2821 τὴν
781 2751 880 2819 σὴν
913 2749 1148 2827 ἐκλογὴν
1178 2750 1279 2819 τὴν
1311 2748 1521 2806 δικαίαν
1551 2756 1663 2806 τῶν
1699 2750 1882 2807 καλῶν
1915 2751 2022 2806 ἀπὸ

361 2845 473 2895 τῶν
504 2840 734 2914 ὁμοίων.
770 2841 1170 2896 Μυστικώτατα
1216 2841 1309 2895 καὶ
1367 2841 1639 2896 ὁσιώτατα
1681 2841 1708 2895 ὁ
1750 2840 2019 2896 Ἀπόστο-

366 2928 488 2998 λος,
522 2927 794 2986 διδάσκων
824 2931 973 3003 ἡμᾶς
1001 2930 1100 2998 τήν
1133 2928 1358 3000 ἀληθῶς
1405 2928 1729 3006 εὐχάριστον
1757 2928 2019 3006 ἐκλογὴν,

364 3019 427 3074 ού
456 3021 573 3075 κατ’
606 3017 920 3094 ἀπεκλογὴν
952 3023 1061 3074 τῶν
1113 3018 1308 3095 ἑτέρων
1338 3020 1413 3081 ὡς
1471 3017 1719 3098 φαύλων,
1761 3017 1888 3075 ἀλλ’
1946 3021 2022 3084 ὡς

362 3108 548 3164 καλῶν
585 3106 853 3163 καλλίονα
876 3109 1175 3177 ποιεῖσθαι,
1220 3110 1529 3182 μεμήνυκεν
1563 3107 1752 3164 εἰπών·
1787 3133 1817 3161 ‹‹
1863 3110 2021 3164 Ὠστε

359 3198 451 3253 καὶ
484 3198 513 3253 ὁ
543 3197 790 3272 γαμίζων
818 3199 921 3268 τήν
951 3198 1215 3274 παρθένον
1271 3197 1438 3254 αὐτοῦ
1485 3201 1597 3273 (33)
1627 3203 1813 3261 καλῶς
1848 3204 2016 3254 ποιεῖ’

357 3287 449 3343 καὶ
481 3287 510 3341 ὁ
544 3288 621 3360 μὴ
651 3287 900 3362 γαμίζων
929 3291 1180 3362 κρεῖσσον
1233 3292 1385 3342 ποιεῖ
1438 3287 1572 3364 πρὸς
1627 3288 1690 3343 τὸ
1729 3285 2015 3364 εὔσχημον

2140 2037 2360 2110 quiper
2372 2055 2600 2107 eorum,
2618 2055 2749 2109 qua:
2765 2037 3552 2109 suntpulchra,electionem
3565 2039 3791 2096 bonum

2136 2129 2401 2201 gnostice
2415 2128 2577 2201 elege
2586 2128 2680 2196 rit,
2695 2132 2753 2183 et
2765 2126 3096 2183 admiretur
3105 2128 3639 2200 generationem,et
3652 2146 3792 2185 san-

2137 2218 2357 2274 ctiﬁcet
2375 2219 2865 2287 Creatorem,una
2877 2222 3076 2273 tamen
3089 2218 3423 2273 sanctiﬁcet
3437 2233 3567 2273 eam
3581 2236 3712 2290 quas
3726 2220 3795 2275 ﬁt

2137 2308 2255 2362 Deo
2268 2306 2903 2362 assimilationem.Sed
2918 2321 3021 2378 ego
3040 2322 3129 2361 me
3144 2306 3410 2362 liberabo
3424 2306 3641 2363 dixerit
3652 2324 3792 2363 acu-

2137 2396 2407 2469 piditate,
2440 2412 2474 2451 o
2506 2396 2776 2464 Domine,
2809 2400 2876 2451 ut
2905 2396 3053 2451 mihi
3075 2400 3272 2451 tecum
3296 2396 3631 2452 intercedat
3648 2413 3791 2453 con-

2128 2486 2401 2558 junctio:
2436 2485 2689 2557 pulchra
2718 2485 2877 2540 enim
2911 2488 3021 2551 est,
3055 2501 3187 2555 quas
3213 2485 3419 2556 utique
3452 2491 3649 2541 creata
3680 2491 3791 2551 est,

2137 2573 2525 2646 dispensatio,
2546 2577 2606 2628 et
2620 2574 2823 2628 omnia
2838 2578 2998 2627 recte
3016 2571 3532 2642 administrantur,
3559 2579 3619 2629 et
3640 2574 3792 2630 nihil

2135 2663 2202 2717 fit
2232 2663 2361 2717 sine
2393 2679 2591 2718 causa.
2625 2664 2691 2717 In
2722 2662 2840 2717 tuis
2869 2677 2962 2717 me
2995 2678 3125 2717 esse
3157 2667 3408 2733 oportet,
3440 2680 3474 2717 ο
3507 2664 3791 2735 Omnipo-

2133 2757 2286 2821 tens,
2319 2757 2378 2807 et
2406 2751 2546 2807 licet
2565 2751 2663 2807 hic
2692 2751 2880 2819 fuero,
2915 2768 3045 2806 sum
3071 2752 3227 2823 apud
3261 2757 3314 2807 te
3339 2770 3353 2819 ;
3384 2753 3489 2808 sed
3518 2753 3649 2808 volo
3681 2770 3788 2809 ex-

2131 2859 2270 2914 pers
2300 2859 2429 2899 esse
2461 2846 2676 2909 metus,
2695 2845 2761 2896 ut
2776 2841 2851 2896 ad
2870 2846 2925 2896 te
2948 2846 3174 2913 possim
3200 2844 3705 2914 appropinquare,
3730 2848 3791 2898 et

2130 2933 2335 3005 paucis
2368 2932 2545 2987 etiam
2577 2936 2915 2999 contentus,
2949 2936 3112 2986 tuam
3144 2932 3387 2987 imitans
3406 2933 3633 3004 justam
3665 2933 3787 2989 ele-

2130 3023 2414 3090 ctionem,
2448 3039 2578 3094 quae
2608 3020 2799 3076 bonos
2828 3038 2863 3076 a
2893 3020 3189 3077 similibus
3206 3021 3511 3077 discernit.
3546 3022 3787 3094 Mystice

2130 3111 2453 3167 admodum
2469 3116 2744 3166 etsancte
2765 3127 2874 3166 nos
2892 3110 3115 3165 docens
3132 3110 3453 3182 Apostolus
3475 3128 3630 3178 eam,
3654 3129 3787 3183 qum

2128 3218 2262 3257 vere
2293 3207 2459 3271 grata
2488 3206 2596 3269 est,
2626 3201 3001 3267 electionem,
3026 3215 3147 3254 non
3168 3200 3286 3256 alia
3317 3206 3603 3272 tanquam
3628 3202 3788 3258 mala

2128 3289 2524 3362 reprobanda,
2559 3288 2662 3344 sed
2694 3288 2870 3344 bonis
2899 3289 3018 3345 alia
3037 3290 3339 3346 censenda
3364 3306 3493 3345 esse
3517 3290 3785 3357 meliora,

355 3377 445 3432 καὶ
495 3355 827 3451 εύπάρέδρον
875 3355 976 3449 τῷ·
1004 3375 1197 3452 Κυρίῳ
1254 3355 1689 3452 ἀπερισπάστως.
1743 3401 1771 3429 ››
1827 3355 2013 3450 δίο-μεν

2132 3379 2484 3452 signiﬁcavit
2504 3378 2711 3433 dicens
2738 3394 2799 3431 :«
2826 3380 3017 3443 Quare
3042 3384 3101 3433 et
3120 3380 3222 3449 qui
3244 3379 3628 3435 matrimonio
3642 3380 3786 3452 jun-

358 3463 417 3521 δὶ
444 3467 511 3520 τὰ
549 3466 644 3538 μὲν
676 3462 1007 3541 δυσπόριστα
1039 3465 1138 3520 ούκ
1190 3465 1479 3541 ἀναγκαῖα’
1523 3466 1591 3521 τὰ
1643 3463 1700 3521 δὲ
1750 3466 2014 3543 ἀναγκαῖα

359 3554 654 3627 εὐπόριστα
710 3561 1033 3630 γεγενῆσθαι
1086 3552 1405 3633 φιλαγάθως
1460 3556 1608 3632 παρᾶ
1683 3560 1781 3611 τοῦ
1857 3561 2011 3614 Θεοῦ.

363 3643 562 3717 Διόπερ
594 3644 623 3698 ό
651 3642 1002 3717 Δημόκριτος
1031 3644 1088 3699 εὗ
1118 3643 1286 3721 λέγει,
1318 3644 1395 3708 ὡς
1442 3667 1471 3696 ‹‹
1524 3647 1560 3715 ἡ
1611 3643 1767 3721 φύσις
1807 3666 1867 3701 τε
1922 3648 2013 3702 καὶ

364 3730 567 3808 διδαχὴ
600 3732 984 3808 παραπλήσιόν
1016 3731 1149 3788 ἐστι’
1212 3759 1233 3789 ι
1298 3734 1387 3789 καὶ
1442 3735 1543 3803 τήν
1596 3734 1769 3790 αἶτίαν
1828 3735 2017 3791 συντό-

370 3845 488 3897 μως
512 3819 1107 3898 προσαποδεδώκαμεν’
1166 3824 1253 3878 καὶ
1306 3823 1407 3899 γὰρ
1465 3826 1501 3894 ἡ
1552 3821 1756 3900 διδαχὴ
1816 3825 2016 3903 μετιιῤ⁴

370 3912 620 3988 ῥυθμίζει
649 3914 743 3969 τὸν
802 3910 1113 3988 ἄνθρωπον·
1179 3913 1633 3992 μεταρῥυθμοῦσα
1689 3913 1766 3987 δὲ,
1826 3937 2015 3981 φυσιο-

354 4007 524 4057 ποιεῖ’
610 4002 701 4056 καὶ
781 3999 1059 4078 διήνεγκεν
1145 4000 1325 4070 οὐδὲν,
1384 4002 1420 4072 ἢ
1490 4003 1645 4082 φύσει
1703 4002 2015 4070 πλασθῆναι

351 4087 583 4159 τοιόνδε,
610 4091 646 4161 ἢ
680 4090 868 4165 χρόνῳ
900 4090 986 4145 καὶ
1022 4093 1250 4164 μαθήσει
1287 4096 1762 4164 μετατυπωθῆναι.
1807 4098 2012 4171 ’Ἄμφω

355 4178 414 4235 δὶ
444 4181 473 4234 ὁ
506 4178 703 4253 Κύριος
734 4179 1103 4255 παρέσχηταιο
1144 4180 1208 4234 τὸ
1242 4181 1337 4252 μὲν
1395 4181 1533 4236 κατά
1587 4183 1686 4250 τὴν
1747 4179 2015 4255 δημιουρ-

353 4268 503 4345 γίαν,
532 4268 596 4324 τὸ
626 4265 685 4324 δὲ
712 4269 852 4324 κατὰ
890 4269 981 4324 τὸν
1042 4267 1102 4324 ἐκ
1146 4275 1248 4339 τῆς
1308 4272 1585 4341 Διαθήκης
1641 4272 1914 4326 ἂνάκτισίν
1959 4292 2016 4327 τε

351 4357 445 4414 καὶ
524 4356 837 4415 ἂνανέωσιν.
899 4360 979 4415 Τὸ
1064 4355 1122 4413 δὶ
1170 4358 1444 4437 συμφέρον
1510 4362 1592 4431 τῷ
1674 4358 2013 4436 κυριωτέρῳ,

351 4452 515 4504 τοῦτο
546 4448 928 4523 αἱρετώτερον·
965 4449 1302 4523 κυριώτατον
1334 4445 1391 4503 δὲ
1437 4450 1655 4504 πάντων
1686 4451 1722 4520 ἡ
1778 4446 2012 4506 διάνοια.

354 4536 510 4593 Οὕτω
546 4536 728 4592 τοίνυν
776 4542 857 4611 τῷ
914 4533 1027 4592 ὄντι
1086 4535 1231 4593 καλὰ
1287 4537 1530 4614 φαίνεται
1585 4536 1801 4610 ¹ἣδιστα,
1888 4541 2017 4613 παρ’

354 4627 520 4684 αὐτοῦ
552 4624 611 4683 δὲ
649 4627 930 4705 πορίζεται
984 4629 1097 4703 (34)
1144 4626 1203 4682 ὅν
1253 4628 1415 4682 ποθεῖ
1465 4627 1699 4704 καρπὸν,
1756 4630 1857 4698 τήν
1912 4636 2015 4698 τῆς

2123 3470 2208 3542 git
2236 3468 2524 3540 virginem
2556 3483 2748 3535 suam,
2781 3467 2934 3522 bene
2963 3467 3145 3535 facit;
3180 3473 3238 3522 et
3269 3468 3371 3539 qui
3401 3485 3521 3523 non
3561 3469 3784 3540 jungit,

2123 3558 2339 3614 melius
2353 3557 2512 3626 facit,
2532 3556 2607 3611 ad
2626 3556 2706 3621 id,
2728 3556 2887 3627 quod
2907 3556 3225 3612 honestum
3245 3558 3500 3614 est229
3523 3564 3583 3612 et
3597 3558 3787 3614 facul-

2124 3653 2307 3704 tatem
2330 3646 2556 3719 praebet
2577 3645 2871 3701 indivulse
2894 3646 3145 3701 Domino
3164 3646 3467 3702 assidendi
3484 3648 3580 3717 (a).
3608 3668 3630 3697 ι
3658 3648 3781 3703 Sci-

2126 3756 2258 3794 mus
2289 3744 2489 3793 autem
2521 3753 2610 3803 ea,
2638 3754 2769 3808 quaa
2802 3736 3124 3792 difficulter
3156 3737 3397 3808 quidem
3430 3738 3626 3808 parari
3647 3755 3782 3809 pos-

2127 3833 2283 3891 sunt,
2319 3843 2442 3882 non
2478 3844 2605 3882 esse
2637 3826 3014 3893 necessaria;
3040 3843 3171 3897 qum
3195 3832 3393 3882 autem
3416 3832 3556 3882 sunt
3575 3843 3781 3883 neces-

2127 3918 2518 3989 saria,paratu
2531 3915 3109 3987 faciliabenignitate
3124 3916 3224 3971 Dei
3240 3932 3369 3970 esse
3380 3915 3550 3971 facta.
3561 3918 3781 3981 Quam-

2127 4006 2332 4062 obrem
2361 4005 2512 4061 bene
2545 4004 2689 4060 dicit
2722 4005 3114 4072 Democritus,
3170 4026 3197 4053 ‹‹
3246 4010 3523 4060 naturam
3572 4010 3631 4060 et
3676 4006 3787 4061 do-

2126 4097 2383 4150 ctrinam
2398 4110 2523 4149 rem
2549 4109 2679 4148 esse
2698 4092 3087 4164 persimilem.
3112 4115 3139 4141 »
3155 4093 3407 4148 Causam
3431 4099 3629 4149 autem
3647 4092 3786 4150 bre-

2126 4185 2275 4238 viter
2287 4181 2966 4238 reddidimus.Doctrina
2979 4181 3136 4235 enim
3152 4181 3451 4236 hominem
3466 4183 3791 4238 concinnat

2127 4278 2187 4329 et
2202 4271 2508 4344 componit
2529 4289 2541 4338 ;
2562 4271 2935 4326 concinnans
2955 4276 3155 4326 autem
3183 4288 3250 4327 ac
3267 4288 3652 4344 componens,
3678 4290 3787 4329 na-

2128 4369 2321 4419 turam
2355 4361 2407 4416 ei
2439 4360 2691 4426 tribuit;
2724 4374 2920 4430 neque
2952 4360 3222 4427 interest,
3255 4377 3331 4416 an
3360 4360 3540 4416 fuerit
3569 4366 3786 4418 natura

2128 4453 2374 4508 eﬂ‘ectus
2396 4450 2553 4519 talis,
2577 4466 2654 4505 an
2680 4455 2948 4520 tempore
2972 4454 3030 4504 et
3050 4450 3369 4521 disciplina
3388 4450 3783 4507 transforma-

2128 4547 2243 4596 tus.
2276 4541 2605 4610 Utrumque
2636 4544 2834 4593 autem
2865 4539 3121 4610 praebuit
3143 4540 3452 4608 Dominus,
3476 4540 3628 4595 illud
3651 4540 3789 4611 qui-

2128 4630 2265 4686 dem
2294 4646 2401 4701 per
2434 4628 2827 4697 creationem,
2856 4628 2968 4684 hoc
2988 4646 3126 4684 vero
3148 4645 3256 4701 per
3276 4630 3708 4685 recreationem
3729 4628 3795 4694 ἰι

356 4719 545 4792 ψυχῆς
596 4719 710 4791 (35)
767 4715 1098 4781 εὐστάθειαν.
1149 4740 1177 4770 ‹‹
1210 4717 1272 4774 Ὁ
1329 4713 1388 4771 δὲ
1439 4716 1579 4791 ἐμοῦ
1626 4717 1863 4789 ἀκούων,
1918 4740 2018 4797 φη-

2133 4725 2192 4776 et
2220 4719 2687 4785 renovationem,
2714 4733 2846 4788 qua:
2878 4717 2945 4772 ﬁt
2967 4734 3034 4773 ex
3067 4718 3465 4775 Testamento.
3496 4718 3664 4785 Quod
3686 4734 3795 4774 au-

431 4847 512 4915 (a)
531 4845 557 4899 I
585 4845 714 4900 Cor.
736 4861 835 4915 vn,
867 4844 959 4915 38,
983 4846 1072 4901 33.
1118 4850 1182 4916 ›χ‹
1220 4846 1284 4900 Ρ.
1317 4846 1422 4900 632
1451 4846 1563 4900 ED.
1587 4846 1884 4917 POTTER,
1918 4845 2159 4902 334-334
2188 4846 2301 4902 ED.
2333 4843 2563 4899 PARIS.

429 4987 541 5059 (31)
573 4985 953 5064 ξΕπαγγελίας.
1014 4988 1323 5045 Editiones
1356 4989 1765 5064 _S‘ylburgiana
1809 5007 2021 5047 recen-

354 5057 538 5142 tiores
568 5057 902 5142 ἀπαγγελίας
934 5076 1251 5142 perperam
1283 5057 1585 5142 exhibent.

426 5133 536 5203 (32)
587 5132 791 5207 φήσαι.
826 5132 951 5207 Etsi
997 5132 1323 5207 optativum
1380 5132 1549 5207 φήσαι
1599 5133 1740 5189 ferri
1797 5140 2015 5207 potest,

357 5208 557 5279 tamen
584 5204 632 5259 si
664 5204 800 5276 quis
829 5203 1213 5279 indicativum
1232 5203 1832 5279 ozjaec'malit,per_me
1852 5203 2013 5279 licet.

293 5285 297 5289 '
355 5275 587 5353 Allusip
619 5275 819 5353 autem
853 5282 943 5331 est
970 5275 1044 5353 ad
1070 5275 1449 5332 Homericum
1473 5275 1627 5331 illud
1641 5275 1851 5353 ςΑὐτὰρ
1882 5277 2018 5353 ἐγὼν

359 5345 519 5409 αὐτὸς
548 5345 647 5417 ἐμὲ
679 5344 939 5419 λύσομαι.
974 5349 1245 5403 Summo.

431 5414 633 5495 t33)‘(_)
669 5414 917 5495 γαμίζων
975 5419 1075 5487 τὴν
1134 5414 1701 5495 παρθένον-ἀύτοῦἶῐ
1753 5422 2013 5495 Corﬁni,

356 5489 756 5571 6_éxy_dp.l§u3v,
785 5493 1006 5571 omisso
1037 5489 1354 5571 commatio
1388 5491 1536 5571 _illo,
1594 5493 1695 5560 τὴν
1751 5489 2015 5571 παρθένον

356 5560 542 5637 αύτοῧ·
562 5560 736 5637 quod
765 5564 1064 5637 glossema
1094 5580 1223 5621 esse
1244 5565 1480 5637 videtur
1522 5582 1537 5637 ς
1571 5571 1655 5637 ει,
1685 5560 1845 5637 mox;
1878 5566 1906 5620 ὁ
1961 5561 2019 5619 δὲ

356 5635 435 5710 pf?)
470 5632 1115 5710 ᾆκγαμίζωιξμδγιθυιιϐ.
1158 5667 1226 5677 -
1277 5636 1448 5705 Dein,
1488 5632 1855 5710 εὐπρόσεδρον
1911 5655 2018 5710 pro

355 5704 723 5782 εὐπάρεδρον
754 5708 903 5782 Ibid.

430 5774 541 5855 ςβ4)
573 5774 907 5855 Παρξάὗτοῧ
937 5775 997 5855 δὲ
1024 5774 1208 5855 πορίζ.
1238 5781 1305 5855 At,
1338 5778 1808 5855 insertaCOpula
1853 5780 2018 5855 legit,

355 5849 609 5927 καιπαρυ
644 5849 1028 5929 dominata};
1052 5849 1202 5929 Mox,
1255 5851 1423 5929 Vulg.
1464 5851 1612 5929 Bibl.
1647 5849 2015 5929 Proverbfnl,

356 5920 770 5995 κατασκὴνώσιι
820 5920 1135 6003 ἔπ”ἰλπίδι
1183 5920 1486 5987 πεποιθώς.
1521 5923 1794 5983 SYLBURG.
1841 5956 1911 5967 —
1937 5920 2021 5982 lbi

2129 5008 2265 5047 vero
2280 4987 2608 5059 Flaminius
2621 4986 2888 5059 Nobilius
2901 5002 2934 5059 _e
2951 4986 3179 5059 scholio
3197 4988 3454 5059 quodam
3475 4988 3601 5043 haec
3613 4988 3791 5044 verba

2131 5061 2471 5119 adnotavit:
2506 5056 2864 5131 ἀναπαύσεται
2897 5056 2949 5111 ἰν
2975 5056 3166 5131 εἰρήνῃ
3192 5056 3495 5121 πεποιθώς.

2202 5136 2314 5204 (35)
2346 5133 2459 5198 Τῆς
2488 5129 2696 5204 ψυχῆς.
2726 5133 2952 5204 Rursus
2984 5129 3412 5204 Democritum
3450 5131 3669 5204 imitari
3693 5131 3785 5204 vi-

2129 5200 2307 5262 detur
2328 5221 2341 5258 :
2378 5200 2517 5259 nam
2549 5202 2653 5258 ille
2682 5201 2781 5268 τὴν
2817 5200 3016 5256 εὐεστὼ
3040 5218 3341 5257 summum
3363 5202 3588 5257 bonum
3607 5201 3785 5257 dixit:

2127 5275 2295 5337 Τέλος
2328 5272 2385 5329 δὲ
2409 5274 2543 5346 εἶναι
2571 5277 2671 5342 τήν
2706 5272 2988 5346 εὐθυμίαν,
3024 5270 3085 5325 ού
3133 5271 3467 5346 τήν-,αύτήιι
3500 5272 3672 5346 οὖσαν
3718 5276 3788 5346 τῇ

2128 5346 2311 5421 ἡδονῇ
2339 5346 2413 5407 ὡς
2444 5341 2603 5421 ἔνιοι,
2631 5340 3096 5421 παρακούσαντες,
3128 5340 3457 5421 ἐξεδέξαντο,
3481 5342 3643 5421 alia
3670 5340 3792 5421 καθ’

2129 5412 2198 5503 ἦν
2226 5412 2483 5494 γαληνῶς
2508 5417 2600 5503 καὶ
2628 5412 2901 5503 εὐσταθῶς
2922 5418 2965 5503 ’ᾖ
3012 5412 3179 5503 ιέλυχῖἐέ
3236 5412 3447 5503 διάγει,
3480 5417 3584 5503 ὰπὸ
3613 5414 3794 5503 μηδε-

2127 5484 2855 5566 v'o¢_'1apartopévy‘?66qo,
3006 5484 3552 5566 δεισιδαιμονίας,μῆ
3613 5484 3790 5566 ᾇλλου

2128 5564 2273 5625 τινὸς
2304 5558 2528 5623 πάθους.
2565 5558 2738 5617 Καλεϊ
2786 5558 2844 5614 δὲ
2892 5558 3058 5626 αὐτὴν
3120 5558 3341 5627 εύεστὼ,
3401 5560 3493 5614 καὶ
3551 5558 3791 5623 πολλοῖς

2130 5632 2623 5705 ἄλλοιςὸνόμασιν.
2657 5657 2677 5683 ι
2704 5632 2908 5689 Finem
2926 5646 3060 5705 vero
3078 5648 3213 5705 esse
3235 5640 3465 5689 rectum
3488 5634 3789 5704 quietum-

2131 5727 2247 5781 que
2278 5703 2465 5781 animi
2499 5710 2878 5781 s_t_a_tum,pquae
2896 5703 3194 5781 nonidem
3228 5705 3473 5777 sitquod
3497 5703 3791 5781 voluptas,

2128 5777 2196 5837 ut
2217 5780 2461 5854 quidam
2474 5777 2714 5849 oblique
2736 5777 3439 5854 interpretanturﬁerum
3464 5778 3794 5854 secundum

2133 5848 2314 5925 quam
2337 5852 2575 5925 animus
2606 5848 2822 5925 magna
2854 5848 3287 5925 tranquillitate
3338 5851 3795 5925 constantiaque

2131 5919 2342 5983 beatus
2371 5922 2632 5995 est,dum
2663 5919 2830 5977 nullo
2861 5919 3222 5991 metu,nulla
3243 5922 3800 5995 superstitione,aut
