4138 6436
375 430 516 487 1359
1609 427 2014 484 omnm:

2126 425 2552 485 .IIANDRINI
3659 427 3802 485 1860

374 565 492 614 tem
527 557 805 614 conducit
833 556 908 620 ei,
937 554 1098 627 quod
1122 558 1214 611 est
1242 552 1430 627 magis
1459 551 1813 626 principale,
1841 552 1901 607 id
1933 556 2014 609 est

2137 549 2241 620 σὶν,
2275 549 2636 608 ἀναπαύσεται
2669 549 2751 609 ἐπ’
2801 550 2996 628 εἲρήνῃ
3028 549 3333 621 πεποιθὼς,
3391 551 3484 608 καὶ
3530 551 3803 628 ἡσυχάσει

374 650 562 720 magis
614 645 991 719 eligendum;
1052 650 1144 700 est
1197 649 1398 703 autem
1450 644 1718 699 omnium
1768 641 2014 698 maxime

2140 635 2359 717 ἀφόϐως
2411 640 2518 695 ἀπὸ
2570 641 2773 706 παντὸς
2826 645 3019 698 κακοῦ.
3071 645 3208 706 Ἱσθι
3257 640 3537 705 πεποιθὼς
3578 641 3633 697 έν
3688 640 3798 717 ὅλῃ

373 737 721 811 principale,
783 752 974 791 mens.
1035 734 1129 790 Sic
1202 751 1338 808 ergo
1407 734 1686 789 videntur
1743 749 1832 800 ea,
1892 748 2014 804 qua:

2132 725 2331 803 καρδίᾳ
2359 750 2455 784 σου
2487 730 2577 785 καὶ
2608 733 2678 805 τῇ
2734 728 2948 803 διανοίᾳ
3004 751 3101 787 σου
3148 735 3260 805 (36)
3320 730 3407 787 έπὶ
3459 735 3541 804 τῷ
3592 735 3730 803 Θεῷ.
3768 754 3799 784 κ

373 843 506 882 vere
566 826 722 881 bona
774 832 932 893 sunt,
993 842 1122 881 esse
1182 824 1667 895 jucundissima;
1727 828 1785 879 et
1834 838 1907 879 ex
1963 836 2014 877 se

2134 818 2329 890 Τούτῳ
2361 815 2582 875 δυνατὸν
2613 820 2695 891 τῷ
2724 815 2915 894 τρόπῳ
2942 820 3035 876 τὸν
3064 821 3359 895 γνωστικὸν
3401 817 3510 891 ἢδη
3547 821 3804 895 γενέσθαι

375 915 646 987 praebent
680 931 838 983 eum,
873 930 1051 985 quem
1084 913 1448 981 desiderant,
1496 912 1777 981 fructum,
1813 926 2014 983 nempe

2137 906 2430 982 0:6v(37).
2493 933 2522 962 ιι
2583 908 2722 984 Ἐγὼ
2772 909 2914 964 εἶπα·
2978 908 3102 965 Θεοί
3153 909 3273 966 έστε
3322 911 3415 966 καὶ
3472 909 3584 965 υἱοὶ
3635 908 3800 984 Ὑψί-

377 1006 591 1061 animae
625 1006 1144 1077 tranquillitatem.
1186 1024 1208 1054 ι
1238 1005 1345 1071 Qui
1385 1009 1585 1061 autem
1635 1021 1731 1061 me
1779 1001 1965 1069 audit,
1997 1022 2014 1051 κ

2139 1017 2289 1053 στου.
2326 1020 2356 1048 ι)

376 1098 593 1168 inquit,
649 1117 673 1147 ε
722 1095 1061 1167 requiescet
1107 1095 1169 1150 in
1218 1112 1362 1167 pace
1412 1093 1742 1162 conﬁdens,
1793 1098 1853 1148 et
1902 1091 2014 1146 sine

2212 1090 2359 1155 Φησί
2390 1083 2447 1141 δὶ
2474 1085 2564 1141 καὶ
2606 1087 2633 1142 6
2669 1085 3055 1160 Ἐμπεδοκλῆς
3111 1090 3251 1163 (38),
3306 1092 3419 1144 τῶν
3477 1093 3659 1167 σοφῶν
3706 1089 3806 1151 τὰς

375 1192 539 1242 metu
570 1186 956 1257 conquiescet
977 1184 1049 1240 ab
1074 1185 1238 1240 omni
1255 1184 1414 1240 malo
1437 1190 1533 1254 (α).
1559 1181 1801 1239 Conflde
1823 1181 1885 1237 in
1909 1184 2014 1235 tott

2140 1174 2323 1250 ψυχὰς
2355 1173 2511 1239 θεοὺς
2538 1176 2807 1251 γίνεσθαι,
2830 1174 2938 1232 ὢδέ
2976 1197 3096 1240 πως
3123 1179 3371 1254 γράφων

373 1275 551 1331 corde
584 1281 682 1331 tuo
710 1281 769 1329 et
799 1279 999 1331 mente
1032 1279 1133 1330 tua
1162 1275 1224 1329 in
1246 1275 1366 1330 Deo
1390 1274 1485 1344 (b).
1522 1296 1551 1324 υ
1584 1274 1704 1329 Ηοο
1734 1270 1913 1328 modo
1944 1268 2075 1325 fleri
2109 1270 2306 1339 potest
2333 1273 2401 1321 ut
2429 1266 2518 1320 vir
2570 1268 2875 1340 gnosticus
2911 1268 3041 1340 jam
3096 1270 3250 1325 Deus
3310 1268 3564 1326 evaserit
3622 1288 3648 1320 ε
3681 1270 3800 1342 Ego

372 1365 514 1435 dixi,
548 1365 630 1420 dii
662 1364 825 1435 estis,
851 1370 910 1420 et
940 1363 1048 1420 ﬁlii
1078 1363 1370 1420 Altissimi
1401 1362 1499 1435 (c).
1531 1385 1561 1415 »
1594 1362 1750 1419 Dicit
1777 1365 1975 1418 autem
2006 1354 2397 1428 Empedocles
2428 1371 2667 1428 quoque
2698 1356 3061 1429 sapientium
3082 1358 3312 1414 animas
3329 1357 3474 1413 deos
3507 1357 3660 1425 fieri,
3690 1356 3807 1413 hoc

370 1454 548 1510 modo
582 1454 851 1510 scribens
878 1470 890 1507 :

476 1562 753 1616 Postremo
782 1566 948 1629 vates,
997 1567 1050 1614 et
1080 1562 1179 1631 qui
1204 1560 1435 1630 hymnos
1482 1561 1727 1615 carmine
1776 1562 2025 1631 cantant,

478 1634 545 1687 Et
576 1632 904 1701 medicique,
936 1629 1207 1703 ducesque
1249 1629 1392 1687 ciris
1431 1629 2022 1703 mortalibus_adsunt.

478 1707 620 1759 Hinc
661 1707 936 1760 assistunt
965 1706 1065 1773 dii,
1098 1701 1226 1760 sunt
1245 1720 1480 1776 quorum
1504 1705 1747 1758 maxime
1770 1701 2024 1757 honores.

2316 1545 2376 1605 δὲ
2427 1548 2612 1619 τέλος,
2678 1550 2902 1623 μάντεις
2972 1571 3056 1622 τε,
3139 1549 3231 1606 καὶ
3318 1548 3650 1640 ὑμνοπέλοι,
3686 1547 3801 1640 “xui

2136 1691 2239 1751 Καὶ
2316 1690 2526 1819 πρόἱιοι
2604 1692 2972 1781 ἀνθρώποισιν
3059 1691 3429 1787 ἐπιχθονίοισι
3495 1621 3803 1749 [ξιέλίῖξαιο

2137 1766 2325 1819 ’Ένθεν
2446 1759 2808 1819 ναϐλαστουσι
2895 1767 3010 1819 (39)
3084 1767 3198 1819 θεοι
3274 1787 3471 1819 τιμησι
3531 1769 3802 1819 ωέοιστοι.

2137 1759 2368 1821 Ἔνθεν’
2413 1759 2808 1821 ἆναϐλαστόῦσι
2895 1767 3010 1840 (39)
3084 1759 3216 1821 θεοὶ)
3274 1769 3471 1841 τιμῇσι
3531 1769 3802 1843 φέριστοι.

2137 1547 2235 1611 Εἰς

447 1897 637 1965 Atque
668 1894 846 1949 homo
870 1892 1111 1965 quidem
1132 1892 1403 1949 absolute
1423 1910 1491 1949 ac
1515 1892 1844 1965 generatim
1863 1908 2026 1947 sum-

2134 1890 2197 1948 Ὀ
2232 1890 2327 1963 μὶν
2356 1889 2449 1946 οῦν
2482 1887 2771 1967 ἅνθρωπος
2830 1891 3021 1954 ἁπλῶς
3078 1893 3235 1955 οὗτος
3268 1892 3386 1948 κατ’
3445 1889 3591 1948 ἰδέαν
3621 1890 3809 1949 πλᾶσ-

376 1990 512 2056 ptus
543 1984 835 2039 formatur
861 1983 1189 2039 secundum
1220 1982 1419 2039 ideam
1460 1982 1705 2055 spiritus
1734 1982 1783 2037 si
1813 1997 2014 2054 conge-

2137 2001 2283 2036 σεται
2338 1985 2437 2036 τοῦ
2488 1985 2773 2057 συμφυοῦς
2820 1982 3151 2055 πνεύματος
3205 1980 3331 2037 οὐδὲ
3376 1983 3483 2058 γὰρ
3537 1979 3807 2052 ἀνείδεος,

375 2074 507 2129 niti.
534 2076 733 2145 Neque
764 2074 924 2129 enim
947 2073 1073 2129 sine
1096 2074 1288 2129 forma
1306 2078 1367 2129 et
1386 2073 1584 2146 specie
1602 2078 1837 2128 creatur
1857 2072 1918 2128 in
1936 2070 2023 2126 of-

374 2164 555 2219 ﬁcina
584 2169 832 2230 naturaa,
865 2162 966 2218 ubi
996 2163 1256 2218 hominis
1286 2163 1589 2235 generatio
1609 2162 1859 2235 mystice
1888 2176 2021 2233 per-

373 2254 590 2322 ﬁcitur,
624 2270 759 2308 cum
783 2252 861 2308 sit
890 2252 1229 2308 communis
1258 2257 1316 2308 et
1335 2269 1431 2308 ars
1454 2257 1512 2308 et
1530 2252 1809 2307 essentia.
1834 2251 2022 2306 Homo

370 2349 569 2398 autem
600 2342 697 2396 hic
729 2342 1048 2414 quispiam,
1083 2358 1187 2399 seu
1218 2342 1396 2397 homo
1428 2341 1767 2414 singularis,
1814 2340 2020 2395 chara-

368 2437 591 2487 cterem
625 2431 875 2502 suscipit
906 2449 975 2486 ex
1006 2430 1199 2486 forma
1229 2430 1444 2486 animae
1477 2430 1659 2486 insita
1684 2446 1754 2485 ex
1782 2429 1857 2485 iis
1888 2445 2020 2500 quas

368 2521 630 2593 elegerit.
666 2522 790 2586 Qua
811 2521 1040 2576 ratione
1070 2519 1260 2576 Adam
1293 2536 1531 2592 quoque
1561 2519 1816 2576 dicimus
1834 2518 2021 2574 fuisse

365 2612 716 2682 perfectum,
765 2610 922 2681 quod
982 2611 1196 2665 attinet
1242 2609 1315 2665 ad
1360 2610 1822 2676 formationem;
1869 2607 2021 2663 nihil

368 2701 527 2755 enim
563 2700 612 2754 ei
646 2699 834 2755 defuit
865 2716 933 2754 ex
964 2700 1039 2754 iis
1071 2716 1202 2771 quas
1234 2699 1466 2755 homini
1491 2699 1697 2755 formas
1721 2703 1779 2755 et
1800 2697 2018 2771 speciei

368 2790 771 2844 characterem
802 2788 1090 2843 tribuunt.
1116 2787 1281 2854 Quod
1303 2794 1502 2845 autem
1535 2787 1676 2843 dum
1710 2789 1900 2855 fieret,
1919 2803 2020 2842 ac-

368 2877 524 2950 cepit
552 2876 1001 2950 perfectionem,
1026 2877 1420 2949 justiﬁcatum
1454 2883 1545 2933 est
1574 2894 1680 2950 per
1723 2875 2016 2933 obedien—

367 2968 531 3027 tiam.
568 2968 679 3023 hoc
699 2973 848 3034 erat,
876 2967 1035 3038 quod
1057 2968 1118 3021 in
1140 2967 1329 3022 virum
1349 2967 1673 3036 crescebat,
1696 2983 1912 3038 nempe
1934 2964 2014 3032 id,

368 3058 527 3129 quod
559 3057 621 3112 in
653 3058 784 3129 ejus
805 3061 1097 3129 potestate
1127 3062 1255 3112 erat
1283 3059 1483 3123 situm,
1507 3074 1613 3113 seu
1642 3056 1900 3112 liberum
1923 3072 2016 3111 ar-

364 3146 634 3201 bitrium.
653 3147 818 3213 Quod
831 3150 1029 3202 autem
1045 3146 1309 3218 elegerit,
1327 3151 1507 3218 atque
1524 3144 1672 3201 adeo
1691 3145 1850 3217 quod
1868 3145 2016 3201 veti-

364 3240 487 3290 tum
506 3236 897 3307 elegerit,non
913 3240 1003 3290 est
1016 3235 1190 3307 culpa
1203 3235 1264 3291 in
1278 3237 1486 3302 Deum,
1504 3235 1684 3291 sedin
1696 3234 2015 3307 eligentem

362 3325 742 3380 conferenda.
768 3326 994 3397 Duplex
1027 3327 1188 3381 enim
1214 3332 1305 3381 est
1335 3327 1640 3397 generatio
1667 3342 1681 3380 :
1711 3342 1835 3381 una
1880 3323 2013 3396 qui-
2048 3366 2091 3434 Ο

366 3412 489 3434 Δ-..
534 3429 727 3434 --_.___--
772 3414 862 3434 .___:
903 3414 1220 3434 ._!__-___-L_-_
1270 3413 1445 3434 -IL-_.-
1480 3430 1612 3434 __-_-
1661 3430 1853 3434 --_____-
1890 3429 2012 3434 ---μ

360 3412 494 3465 dem
528 3429 732 3467 eorum
765 3414 864 3483 qui
897 3414 1241 3485 gignuntur,
1266 3413 1455 3469 altera
1480 3430 1618 3469 vero
1654 3430 1859 3469 eorum
1884 3429 2017 3484 qua;

358 3500 530 3556 ﬁunt.
554 3503 624 3555 Et
643 3502 906 3557 hominis
927 3501 1169 3571 quidem
1193 3501 1441 3557 virilitas
1466 3506 1525 3556 et
1549 3501 1855 3569 fortitudo,
1880 3518 2017 3557 cum

359 3590 528 3655 sit,ut
540 3591 728 3657 aiunt,
746 3608 851 3646 sua
865 3591 1126 3647 essentia
1137 3591 1687 3663 perturbationibus
1701 3590 2014 3657 obnoxius,

358 3680 759 3735 redditmetus
776 3685 1078 3751 expertem
1095 3680 1629 3753 etinsuperabilem
1646 3681 1911 3753 eum,qui
1929 3685 2019 3737 est

362 3769 413 3839 ej
425 3786 493 3823 us
506 3768 801 3839 particeps
815 3768 961 3823 adeo
976 3769 1140 3824 utira
1153 3769 1762 3841 sittanquammentis
1776 3769 2017 3826 satelles

362 3857 424 3911 in
438 3858 746 3929 patientia,
763 3863 821 3912 et
830 3857 1059 3913 toleran
1068 3858 1167 3925 tia,
1184 3863 1241 3913 et
1255 3858 1327 3913 iis
1341 3875 1472 3930 qua)
1492 3863 1632 3913 sunt
1644 3858 1891 3927 similia;
1912 3874 2017 3914 cu-

360 3945 592 4017 piditati
624 3951 821 4002 autem
853 3947 1179 4020 praaﬁcitur
1205 3947 1600 4020 temperantia
1630 3953 1689 4003 et
1736 3947 2015 4004 salutaris

360 4035 698 4106 prudentia.
732 4037 887 4091 Deus
917 4041 1115 4091 autem
1148 4042 1239 4092 est
1276 4036 1648 4109 impatibilis,
1681 4036 1887 4109 iraque
1920 4054 2015 4093 ex-

356 4142 495 4196 pers
546 4131 605 4181 et
652 4124 1018 4198 cupiditatis.
1076 4127 1132 4181 Is
1186 4132 1383 4182 autem
1436 4142 1562 4183 non
1611 4126 1744 4182 ideo
1794 4126 2015 4183 dicitur

355 4215 418 4279 ›ι‹
446 4221 641 4270 metus
664 4230 895 4286 expers,
916 4213 1077 4286 quod
1098 4214 1361 4272 declinat
1381 4233 1514 4288 quas
1536 4221 1679 4272 sunt
1698 4216 2011 4273 terribilia.

356 4305 469 4360 Sed
482 4321 676 4377 neque
692 4308 781 4359 est
794 4310 1281 4378 temperans,qua
1297 4305 1553 4378 imperat
1563 4306 2009 4378 cupiditatibus;

354 4411 549 4467 neque
582 4394 743 4450 enim
770 4394 832 4449 in
866 4394 1132 4451 terribile
1162 4395 1389 4469 aliquid
1410 4397 1513 4451 Dei
1546 4399 1762 4451 natura
1785 4395 2013 4451 incide-

351 4486 450 4550 rit,
484 4501 680 4556 neque
710 4485 861 4558 fugit
894 4486 1047 4540 Deus
1074 4485 1351 4541 timorem
1374 4505 1390 4553 ;
1410 4486 1565 4542 sicut
1592 4502 1704 4541 nec
1729 4486 2011 4557 concupi-

354 4580 498 4642 scet,
529 4580 597 4631 ut
628 4574 679 4629 ei
710 4590 955 4630 necesse
987 4575 1065 4631 sit
1094 4575 1390 4648 imperare
1411 4575 1744 4648 cupiditati.
1768 4576 2009 4648 Mystice

2134 2067 2249 2127 οὐδ’
2302 2071 2721 2148 ἀσχημάτιστος
2780 2070 2833 2128 έν
2886 2077 2965 2145 τῷ
3018 2079 3121 2142 τῆς
3180 2072 3392 2150 φύσεως
3450 2072 3797 2151 έργαστηρίῳ

2132 2156 2579 2236 δημιουργεῖται,
2636 2159 2763 2217 ἔνθα
2822 2166 3100 2236 μυστικῶς
3156 2161 3452 2238 ἀνθρώπου
3500 2159 3804 2219 έκτελεῖται

2129 2247 2357 2325 γένεσις,
2388 2257 2578 2320 κοινῆς
2627 2247 2800 2321 οὔσης
2858 2252 2951 2307 καὶ
2998 2258 3100 2322 τῆς
3152 2254 3358 2327 τέχνης
3402 2252 3495 2308 καὶ
3546 2259 3649 2322 τῆς
3700 2251 3802 2308 οὐ⁶

2129 2338 2247 2400 σίας
2292 2340 2321 2394 6
2353 2336 2413 2410 δί
2439 2339 2523 2401 τὶς
2578 2338 2865 2417 ἅνθρωπος
2920 2340 3058 2396 κατὰ
3111 2340 3354 2396 τύπωσιν
3412 2343 3515 2411 τήν
3575 2342 3795 2419 έγγινο-

2132 2429 2302 2501 μένην
2343 2432 2412 2503 τῇ
2466 2432 2647 2505 ψυχῇ,
2703 2429 2778 2484 ὧν
2834 2428 2895 2484 ἂν
2949 2431 3270 2505 αἱρήσηται,
3304 2432 3790 2507 χαρακτηρίεεται.

2126 2521 2197 2587 ᾜ
2225 2517 2317 2572 καὶ
2345 2518 2437 2573 τὸν
2462 2514 2642 2591 Ἀδὰμ
2669 2517 2880 2574 τέλειον
2944 2518 3040 2592 μὶν
3100 2520 3176 2582 ὡς
3230 2521 3370 2595 πρὸς
3425 2522 3527 2589 τὴν
3587 2520 3793 2577 πλάσιν

2127 2606 2402 2681 γεγονέναι
2452 2606 2649 2683 φαμέν·
2709 2604 2868 2663 οὐδὲν
2927 2609 3028 2683 γὰρ
3086 2612 3194 2664 τῶν
3263 2609 3790 2685 χαρακτηριζόντων

2125 2697 2225 2765 τὴν
2257 2695 2548 2771 ἀνθρώπου
2580 2693 2726 2752 ἰδέαν
2769 2717 2829 2751 τε
2884 2698 2973 2752 καὶ
3036 2699 3254 2775 μορφὴν
3309 2697 3586 2771 ἐνεδέησεν
3617 2700 3792 2773 αὐτῷ’

2128 2785 2159 2839 6'
2191 2782 2249 2840 δὶ
2273 2783 2325 2840 ἐν
2357 2783 2437 2858 τῷ
2464 2785 2705 2862 γίνεσθαι
2729 2787 2830 2856 τήν
2883 2785 3165 2842 τελείωσιν
3216 2783 3515 2861 δλάμϐανε,
3564 2791 3657 2845 καὶ
3716 2787 3794 2861 δι,

2129 2874 2373 2944 ὑπακοῆς
2404 2872 2736 2943 έδικαιοῦτο,
2768 2879 2932 2932 τοῦτο
2962 2876 3029 2945 ἦν
3091 2873 3559 2951 ἀπανδρούμενον,
3616 2879 3680 2934 τὸ
3708 2877 3795 2935 ἔπ’

2127 2963 2273 3036 αύτῷ
2300 2963 2571 3038 κείμενον·
2604 2964 2751 3020 αἰτία
2778 2967 2893 3039 (4-0)
2949 2963 3007 3021 δὶ
3065 2965 3357 3039 ἑλομένου,
3414 2969 3502 3024 καὶ
3535 2964 3613 3023 ἔτι
3648 2964 3792 3041 μᾶλ-

2128 3067 2225 3110 Λον
2258 3054 2321 3109 τὸ
2344 3056 2590 3119 κωΑυθὶν
2624 3054 2913 3128 ἑλομένουο
2943 3055 2972 3108 6
3002 3055 3132 3117 Θεὸς
3161 3056 3594 3129 ἀναίτιος.Διττή
3627 3058 3789 3133 γὰρὴ

2126 3145 2353 3219 γένεσις,
2384 3145 2419 3213 ἡ
2465 3144 2560 3217 μὲν
2586 3148 2692 3198 τῶν
2733 3145 3116 3219 γεννωμένων,
3163 3147 3199 3214 ἡ
3233 3142 3293 3200 δὲ
3318 3151 3428 3202 τῶν
3458 3148 3786 3223 γινομένων.

2125 3233 2226 3288 Καὶ
2255 3235 2291 3303 ἡ
2327 3233 2422 3307 μὲν
2466 3237 2565 3288 τοῦ
2618 3233 2913 3304 ἀνθρώπου
2972 3230 3212 3307 ἀνδρεία,
3270 3233 3551 3309 έμπαθοῦς
3606 3235 3788 3306 ὄντος,

2126 3343 2279 3400 φασι,
2301 3323 2439 3378 κατὰ
2463 3323 2565 3392 τὴν
2599 3320 2809 3390 οὐσίαν,
2842 3317 3046 3400 ἄφοϐον
3096 3323 3186 3379 καὶ
3233 3324 3505 3396 ἀήττητον
3531 3328 3624 3381 τὸν
3656 3346 3788 3399 μετ-

2128 3412 2329 3488 έχοντα
2357 3412 2529 3483 αὐτῆς
2556 3416 2726 3483 ποιεῖ,
2750 3411 2842 3467 καὶ
2889 3410 3001 3469 ἔστι
3061 3410 3366 3490 δορυφόρος
3421 3419 3527 3470 τοῦ
3578 3420 3676 3471 νοῦ
3758 3417 3787 3472 6

2129 3502 2301 3575 θυμὸς
2333 3499 2388 3557 έν
2432 3502 2713 3575 ὑπομονῇ,
2767 3501 2861 3557 καὶ
2910 3502 3188 3577 καρτερίᾳ,
3247 3502 3339 3559 καὶ
3378 3510 3495 3567 τοῖς
3547 3505 3788 3577 ὁμοίοις·

2125 3589 2216 3646 ἐπὶ
2248 3588 2307 3645 δὶ
2333 3593 2403 3665 τῇ
2463 3588 2728 3664 ἐπιθυμίᾳ
2777 3589 3023 3646 τάττεται
3070 3590 3165 3647 καὶ
3221 3594 3257 3662 ἡ
3310 3593 3658 3670 σωφροσύνη,
3695 3595 3787 3650 καὶ

2126 3681 2401 3754 σωτήριος
2487 3679 2775 3755 φρόνησις.
2833 3680 2965 3743 Θεὸς
3033 3677 3093 3736 δὶ
3147 3679 3385 3754 ἀπαθὴς,
3472 3681 3685 3756 ἄθυμός
3730 3702 3792 3739 τε

2124 3767 2216 3823 καὶ
2264 3767 2691 3841 ἀνεπιθύμητος.
2750 3769 2854 3826 Καὶ
2907 3769 2973 3825 ού
3048 3769 3221 3846 ταύτῃ
3307 3766 3514 3850 ἂφοϐος
3572 3776 3704 3847 (41),
3753 3771 3791 3848 ᾖ

2121 3858 2190 3913 τὰ
2212 3854 2362 3913 δεινὰ
2391 3856 2629 3913 έκκΛίνει
2662 3859 2798 3931 (42)’
2826 3855 2955 3915 ούδὶ
2988 3860 3095 3933 μὴν
3129 3861 3387 3937 σώφρων,
3523 3866 3632 3918 τῶν
3666 3861 3789 3918 έπι-

2126 3948 2337 4020 θυμιῶν
2362 3946 2543 4023 ἃρχευ
2604 3944 2729 4004 οὔτε
2781 3949 2882 4024 γὰρ
2933 3945 2992 4004 ἂν
3038 3949 3327 4025 περιπέσοι
3375 3952 3485 4006 τινὶ
3535 3948 3700 4025 δεινῷ
3749 3955 3787 4023 ἡ

2120 4040 2219 4093 τοῦ
2244 4041 2379 4093 Θεοῦ
2428 4036 2612 4112 φύσις,
2671 4035 2796 4094 οὔτε
2859 4037 3046 4117 φεύγει
3078 4040 3107 4095 6
3161 4040 3292 4103 Θεὸς
3341 4037 3569 4097 δειλίαν·
3604 4041 3789 4119 ὥσπερ

2125 4125 2253 4183 οὐδὲ
2280 4126 2632 4201 ἐπιθυμήσει,
2676 4125 2766 4183 τίνα
2812 4127 2906 4183 καὶ
2960 4125 3091 4204 ἄρξῃ
3123 4127 3435 4202 ἰπιθυμίας.
3493 4133 3787 4195 Μυστικῶς

2124 4217 2220 4272 οὗν
2253 4215 2335 4294 ἔφ’
2354 4218 2515 4290 ἡμῶν
2545 4215 2639 4271 καὶ
2667 4216 2729 4272 τὸ
2758 4216 3125 4294 Πυθαγόρειον
3175 4216 3421 4294 έλέγετο,
3453 4244 3483 4274 ι(
3515 4217 3609 4277 ἕνα
3636 4220 3786 4296 γενέ-

2123 4306 2246 4361 σθαι
2277 4305 2370 4361 καὶ
2399 4306 2492 4361 τὸν
2523 4302 2810 4380 ἄνθρωπον
2845 4303 2977 4361 δεῖν·
3006 4330 3037 4359 ››
3066 4306 3183 4363 έπεὶ
3210 4309 3302 4364 καὶ
3337 4308 3501 4373 αὐτὸς
3532 4311 3563 4365 6
3592 4310 3790 4386 ἀρχιε-

2124 4394 2245 4471 ρεὺς
2276 4396 2378 4463 εἷς,
2410 4394 2531 4459 ἒνὸς
2588 4390 2744 4459 ὄντος
2795 4399 2895 4451 τοῦ
2950 4400 3087 4452 Θεοῦ
3140 4398 3279 4453 κατὰ
3334 4399 3435 4468 τὴν
3484 4399 3792 4474 ἀμετάτρε-

2120 4505 2255 4540 πτον
2279 4488 2377 4540 τοῦ
2406 4484 2488 4540 ἀεὶ
2519 4507 2548 4537 (ι
2582 4490 2692 4549 θεῖν
2749 4508 2780 4539 ι»
2836 4488 2948 4559 (45)
3002 4486 3072 4542 τὰ
3127 4487 3306 4562 ἀγαθά
3344 4485 3470 4560 ἕξιν.
3505 4487 3713 4546 Αὐτίκα
3758 4491 3789 4546 6

2123 4573 2321 4650 Σωτὴρ
2375 4571 2465 4630 διὰ
2515 4577 2616 4641 τῆς
2659 4574 2953 4648 ἐπιθυμίας
3010 4578 3121 4650 (44)
3199 4577 3486 4654 συνανῄρει
3543 4579 3634 4636 καὶ
3689 4580 3786 4636 τὸν

423 4719 500 4790 (α)
532 4719 696 4773 Prov.
731 4734 772 4784 ι,
806 4720 893 4773 33.
918 4717 996 4790 (b)
1018 4718 1186 4773 Prov.
1219 4734 1304 4787 ιιι,
1336 4721 1389 4773 5.
1419 4719 1488 4791 (c)
1518 4718 1739 4775 Psalm.
1771 4735 1965 4788 um,
1992 4720 2014 4773 ὃ

2126 4696 2356 4773 (13.633
2377 4717 2492 4775 ΕΙ).
2525 4718 2821 4787 POTTER,
2853 4720 3096 4776 535-536
3126 4722 3236 4777 ED.
3272 4723 3506 4780 PARIS.

350 4867 466 4922 alia
488 4865 694 4937 quavis
720 4864 1170 4937 perturbatione
1230 4865 1505 4937 agitatur.
1557 4866 1840 4922 Eamdem
1871 4883 2007 4923 vero
2038 4868 2085 4936 1)

352 4937 407 4991 εὐ
449 4935 586 4990 εστὼ
616 4935 1298 5008 appel_1ant,_multisque
1329 4937 1463 4994 aliis
1497 4938 1861 4995 nominibus.

420 5013 530 5080 (36)
554 5003 751 5077 Kui'éﬁ
781 5003 991 5082 διανοίᾳ
1021 5027 1137 5082 σου.
1174 5003 1321 5082 Hmc
1367 5009 1563 5078 verba,
1623 5028 1756 5082 quae
1788 5011 2009 5068 absunt

348 5098 383 5137 a
411 5084 577 5136 Prov.
612 5097 695 5147 ιιι,
729 5082 783 5145 5,
814 5079 966 5135 forte
997 5080 1217 5151 adjecit
1245 5087 1452 5137 auctor
1493 5099 1563 5138 ex
1612 5079 1815 5138 Matth.
1864 5100 2005 5144 χχιι.

349 5153 558 5227 βῖκνθὶ
590 5153 725 5227 Luc.
760 5154 936 5227 x_,_27.
972 5150 1081 5205 ubi
1105 5151 1373 5227 Christus
1395 5155 1581 5227 Deum
1612 5154 2008 5227 amarejubet

348 5222 400 5277 ἐν
429 5222 538 5299 ,ὅλη
570 5225 639 5299 τῇ
672 5218 868 5299 καρδίᾳ
900 5242 1017 5299 σου,
1039 5221 1128 5276 καὶ
1164 5222 1215 5299 ἐν
1248 5221 1353 5299 ὅλῃ
1396 5227 1468 5297 τῇ
1498 5222 1713 5299 διανοίᾳ
1741 5218 1859 5281 σουῖ

417 5298 530 5420 (37;
612 5291 861 5355 Γενέσθαι
919 5292 1072 5353 Θεόν.
1159 5291 1338 5352 ΟοηῙἾ
1379 5291 1718 5368 Protreptici
1774 5316 1835 5371 p.
1912 5298 2002 5367 88,

417 5390 422 5416 ι
540 5409 552 5420 .

345 5374 467 5423 not.
500 5374 552 5421 7.

418 5441 535 5511 (38)
558 5432 959 5509 Ἐμπεδοκλῆς.
991 5439 1106 5494 Hos
1160 5437 1535 5511 Empedoclis
1566 5455 1768 5495 versus
1794 5441 2007 5496 recitat

344 5509 744 5584 'l‘h’eodoretus
772 5511 843 5563 De
872 5512 1102 5584 ctu-and.
1136 5509 1309 5567 Graec.
1342 5512 1551 5581 affect.,
1585 5527 1762 5568 serm.
1796 5513 1848 5582 8,
1900 5512 2011 5584 qui

345 5581 416 5635 de
450 5581 810 5654 martyribus
840 5582 1067 5654 agit,_p.
1098 5586 1221 5654 599.

414 5608 416 5629 τ
450 5601 810 5707 ῐηὲὶΓιὲῐΊυυδ
840 5601 979 5654 agit,
1008 5601 1067 5654 p.
1098 5601 1221 5660 093.
1525 5652 1539 5664 .

414 5653 536 5727 (39)_
576 5653 596 5670 '
623 5653 761 5705 Ἴνθεν
838 5649 1260 5709 ἀναϐλαστουσι.
1316 5652 1459 5716 'Evo’
1515 5646 1998 5727 ἀναϐλαστάνουσι,

342 5720 644 5777 Theodore
653 5730 691 5779 t.

413 5798 527 5867 rso,
552 5793 730 5867 atria.
761 5794 1162 5867 (ζοιιΐηεινοῃι.
1188 5814 1229 5867 ι,
1252 5813 1311 5867 p.
1345 5797 1470 5866 3l8,
1502 5801 1624 5854 not.
1658 5797 1710 5853 3.

414 5862 524 5933 (41)
580 5862 687 5919 Καὶ
744 5862 805 5915 οὐ
851 5864 1021 5938 ταύτῃ
1075 5862 1304 5943 ἂφοϐοέ.
1361 5862 1495 5942 Legi
1559 5873 1764 5943 posset
1793 5868 1997 5936 etiam,

2122 4866 2486 4950 transposita
2513 4867 2803 4950 negativa,
2831 4866 2922 4921 καὶ
2950 4867 3119 4942 ταύτῃ
3141 4868 3242 4950 ούκ
3271 4866 3440 4950 ἅφοὸ.
3503 4875 3762 4932 Summe

2118 4936 2529 5014 —Se_d£1ull‘a
2560 4940 2890 5014 mutatione
2922 4958 3073 5014 opus
3095 4936 3204 4999 est.

2189 5011 2300 5098 (4‘2)
2340 5004 2622 5099 massae.
2671 5006 2930 5069 ἐκκλίνει.
2961 5004 3689 5099 'Scribendumupotius,“
3717 5019 3791 5099 τὰ

2119 5077 2398 5136 δείνᾶὀύκ
2438 5078 2755 5151 έκκλίνει,‹‹
2816 5100 2937 5139 non
2994 5085 3144 5151 fugit
3202 5077 3514 5145 terribilia.
3580 5112 3608 5140 ››
3645 5077 3787 5149 Vult

2116 5154 2299 5221 enim,
2334 5154 2521 5238 Deum
2544 5170 2686 5238 nop,
2713 5156 2961 5238 perinde
2985 5164 3048 5238 ut
3064 5154 3374 5229 homines,
3406 5155 3613 5238 ἃφοόον
3637 5162 3784 5234 dici,

2117 5243 2186 5283 eo
2209 5225 2370 5297 quod
2402 5242 2583 5304 upon
2615 5225 2765 5304 fugit
2794 5228 3124 5304 terribilia;
3165 5254 3186 5281 ιι
3227 5238 3296 5287 ut
3326 5225 3523 5304 neque
3544 5256 3574 5285 «
3626 5225 3788 5292 tem;

2113 5316 2334 5379 pe‘rans
2362 5320 2391 5347 ››
2424 5297 2664 5379 dicitur,
2689 5297 2852 5355 sicut
2881 5302 3177 5379 homines.
3203 5297 3473 5379 Δ(ιο-(ιιιίίιὶ
3495 5328 3522 5356 ‹‹
3545 5307 3789 5379 cupidi-

2112 5369 2290 5445 nibus
2321 5369 2622 5445 imperet_:
2659 5393 2680 5422 ι
2719 5386 2855 5445 cum
2887 5372 2940 5445 ei
2965 5373 3053 5427 nil
3077 5369 3352 5433 terribile
3375 5377 3472 5445 sit,
3496 5393 3609 5432 nec
3626 5369 3789 5436 'ullis

2113 5443 2191 5498 sit
2210 5439 2519 5515 aﬂ‘ectibus
2547 5439 2862 5515 obnoxius.
2880 5444 3163 5515 Superius
3194 5447 3375 5503 etiam
3402 5439 3786 5508 observatum

2112 5513 2562 5592 est,ne_gatiyam
2573 5513 3249 5592 particulamexcidisse,
3258 5537 3295 5592 p
3315 5520 3556 5592 _532,ubi
3570 5517 3786 5577 ἀδικεῖν

2110 5580 2216 5667 ρςο
2248 5580 2619 5667 φῦἷιῇἆιδικεῑιῖ,
2672 5590 2731 5667 et
2784 5604 2844 5658 p.
2877 5590 3002 5667 529,
3036 5588 3138 5645 ubi
3169 5580 3277 5652 ὡς’
3302 5580 3509 5665 ἀγαθὴν
3568 5611 3679 5667 pro
3707 5595 3792 5661 ὡς

2114 5655 2215 5711 οὐκ
2246 5655 2480 5731 ᾄγαθήν,
2508 5655 2804 5731 scripturn
2827 5664 2936 5716 est.

2177 5728 2305 5871 (43)
2325 5732 2470 5783 Θεῖν.
2507 5728 2673 5786 Conf.
2697 5730 3038 5803 Protreptici
3063 5749 3122 5805 p.
3167 5736 3257 5803 22,
3290 5739 3417 5793 not.
3439 5738 3494 5794 4.

2200 5803 2269 5856 44
2323 5797 2422 5856 Διᾶ
2446 5803 2547 5865 τῆς
2578 5797 2892 5871 ἆπιθυμίας.
2924 5826 2955 5856 ιι
3003 5805 3118 5863 Per
3165 5807 3494 5871 cupiditati:

2151 5797 2292 5884 “(’44)
2323 5797 2422 5856 Διά
2446 5803 2547 5884 τῆς
2578 5797 2955 5874 ἆπιθυμίαςῗα
3003 5797 3118 5863 Per
3165 5797 3512 5880 cupiditatis
3556 5810 3782 5884 probi-

2107 5871 2418 5931 bitionem.
2456 5894 2486 5924 »
2506 5872 2731 5930 Low'rn.
