4138 6392
455 417 586 476 1361

1785 419 2234 478 ΒΤΒΟΜΔἸὊΜ
2274 418 2408 473 LIB.
2449 416 2546 470 IV.

3746 421 3884 476 1862

450 548 648 621 θυμὸν,
673 549 949 625 τιμωρίαις
975 543 1100 604 ὄντα
1129 547 1450 621 ἐπιθυμίαν·
1483 547 1724 605 καθόλου
1753 547 1855 625 γὰρ
1909 546 1975 602 τὸ
2004 565 2091 602 πα·

2223 562 2360 619 ergo
2392 545 2550 617 apud
2603 562 2712 602 nos
2743 560 2981 618 quoque
3013 546 3239 603 dictum
3275 554 3365 603 est
3394 549 3544 604 illud
3590 552 3884 624 Pythago-

453 637 677 708 θητικὸν
709 637 869 693 παντὶ
900 639 1044 713 γένει
1074 635 1390 711 ἐπιθυμίας.
1439 636 1534 700 Εἰς
1595 636 1654 693 δὶ
1705 638 1806 706 τὴν
1852 635 2110 692 ἀπάθειαν

451 725 742 799 θεούμενος
773 738 1056 801 ανθρωπος
1086 729 1201 801 (45)
1241 729 1549 802 ἁχράντως,
1615 725 1908 799 μοναδιιιὸς
1965 725 2114 800 γίνε-

449 838 536 872 ται
575 819 705 889 (46).
739 815 992 893 Καθάπερ
1025 821 1138 890 (47)
1171 815 1267 872 οὖν
1330 818 1381 872 οἱ
1441 815 1493 872 ἐν
1527 816 1767 891 θαλάττῃ
1797 815 1903 870 ἀπὸ
1933 815 2109 890 ἀγκύ-

451 928 548 984 ρας
574 906 898 979 τονούμενοι
929 908 1153 964 ’ἐλκουσι
1189 909 1285 982 μὶν
1313 909 1414 978 τὴν
1446 908 1708 982 ἄγκυραν,
1742 907 1842 962 οὐκ
1897 905 2106 974 ἐκείνην

449 995 508 1053 δὲ
538 997 895 1066 ἐπισπῶνται,
931 997 1059 1054 ἀλλ’
1086 998 1311 1054 ἑαυτοὺς
1345 997 1433 1053 ἐπὶ
1485 998 1584 1066 τήν
1645 997 1901 1071 ἂγκυραν·
1938 994 2109 1057 οὓτως

449 1087 501 1141 oi.
540 1086 676 1142 κατά
714 1087 804 1142 τὸν
867 1089 1167 1161 γνωστικὸν
1228 1089 1348 1164 βίον
1408 1087 1783 1160 ἐπισπώμενοι
1835 1086 1927 1141 τὸν
1978 1085 2107 1140 Θεὸν

447 1175 668 1238 δαυτοὺς
713 1173 908 1239 ἔλαθον
959 1176 1365 1252 προσαγόμενοι
1423 1177 1562 1249 πρὸς
1619 1177 1712 1230 τὸν
1773 1174 1920 1230 Θεὸν.
1977 1174 2104 1228 Θεὸν

441 1265 543 1341 γὰρ
573 1266 600 1319 ὁ
634 1263 945 1337 θεραπεύων
978 1265 1168 1320 ἑαυτὸν
1200 1266 1504 1341 θεραπεύει,
1539 1267 1626 1320 Ἐν
1676 1263 1767 1318 οὖν
1820 1285 1901 1336 τῳ
1958 1274 2107 1327 θεω-

442 1358 657 1428 ρητικῷ
691 1354 796 1430 βίῳ
828 1355 1021 1410 ἑαυτοῦ
1071 1377 1156 1418 τις
1215 1353 1583 1428 ἐπιμελεῖται,
1639 1351 1952 1429 θρησκεύων
2011 1352 2103 1408 τὸν

440 1444 591 1513 Θεὸν,
623 1443 713 1499 καὶ
747 1440 836 1498 διὰ
864 1450 968 1514 τῆς
1018 1442 1156 1508 ἰδίας
1217 1443 1552 1520 εἷ’λικριθοῦς
1609 1444 1923 1518 καθάρσεως
1975 1441 2104 1498 ἐπο-

437 1533 741 1590 πτεύειτὸν
773 1534 903 1589 Θεὸν
959 1534 1115 1610 ἃγιον
1181 1535 1365 1612 ἀγίως⁶
1426 1537 1462 1604 ἡ
1510 1535 1612 1608 γὰρ
1669 1532 1992 1610 σωφροσύνη
2050 1530 2105 1587 ἐν

437 1625 766 1698 παραστάσει
799 1627 1070 1700 γενομένη
1131 1629 1267 1699 (48),
1326 1628 1523 1695 ἑαυτήν
1583 1624 1954 1680 ἐπισκοποῦσα
2010 1624 2101 1680 καὶ

438 1714 719 1790 θεωροῦσα
777 1712 1172 1782 ἀδιαλείπτως,
1235 1714 1586 1790 ἐξομοιοῦται
1643 1713 1780 1769 κατά
1865 1710 2097 1787 δύναμιν

438 1807 571 1875 Θεῷ.

2224 652 2414 703 reum,
2448 658 2474 684 α
2511 641 2786 707 oportere
2818 637 3123 692 hominem
3169 655 3404 708 quoque
3439 640 3566 694 ﬁeri
3619 658 3880 698 unum.»

2223 727 2368 781 Nam
2401 727 2526 796 ipse
2551 742 2786 796 quoque
2820 727 3084 797 pontifex
3115 733 3206 781 est
3244 745 3418 796 unus,
3454 746 3586 783 cum
3622 732 3698 785 sit
3729 749 3881 787 unus

2222 816 2376 870 Deus
2407 833 2514 887 per
2542 816 2978 871 immutabilem
3011 817 3303 885 habitum,
3324 836 3439 889 quo
3471 819 3630 875 bona
3648 838 3885 892 semper

2221 926 2249 955 «
2284 912 2550 960 currunt.
2582 928 2610 956 »
2643 907 2771 961 Jam
2802 923 2938 960 vero
2993 907 3282 974 Servator,
3349 909 3581 963 sublata
3649 913 3879 982 cupidi-

2220 1000 2360 1062 tate,
2389 1011 2508 1050 una
2531 995 2710 1050 etiam
2761 995 3004 1050 sustulit
3061 996 3232 1056 iram.
3293 1013 3424 1068 quae
3484 1005 3569 1052 est
3602 1000 3877 1056 vindictas

2219 1085 2533 1156 cupiditas.
2568 1087 2711 1140 Nam
2746 1085 3070 1140 universim
3102 1087 3427 1156 patibilitas
3459 1094 3550 1142 est
3579 1089 3641 1142 in
3673 1092 3877 1160 quovis

2216 1191 2433 1247 genere
2464 1173 2826 1246 cupiditatis.
2861 1175 2968 1239 Qui
3001 1181 3197 1230 autem
3231 1193 3336 1246 per
3373 1177 3877 1247 impatibililatem

2216 1265 2394 1319 homo
2425 1263 2569 1319 deus
2589 1263 3005 1319 efﬁciturcitra
3035 1265 3226 1319 ullum
3258 1265 3880 1336 inquinamentumﬁt

2221 1376 2242 1403 ι
2278 1353 2512 1420 unicus.
2548 1374 2576 1402 ››
2609 1353 2912 1418 Quomodo
2937 1370 3072 1426 ergo
3106 1354 3207 1425 qui
3237 1355 3296 1408 in
3331 1356 3479 1409 mari
3513 1356 3585 1410 ab
3613 1358 3877 1413 anchora

2215 1442 2619 1509 stabiliuntur,
2644 1442 2889 1498 trahunt
2917 1443 3159 1514 quidem
3188 1445 3530 1512 auchoram,
3556 1463 3676 1501 non
3708 1447 3874 1503 illam

2212 1538 2413 1588 autem
2445 1531 2885 1589 attrahunt.sed
2916 1533 3144 1604 seipsos
3173 1534 3248 1588 ad
3280 1536 3600 1590 anchoram
3632 1553 3644 1603 ;
3672 1537 3751 1591 ita
3773 1538 3874 1608 qui

2212 1638 2320 1694 per
2349 1623 2530 1678 vitam
2560 1623 2894 1695 gnosticum
2927 1625 3111 1679 Deum
3148 1626 3478 1692 attrahunt,
3511 1643 3632 1681 non
3664 1627 3876 1682 adver-

2211 1716 2426 1776 tentes,
2461 1711 2688 1784 seipsos
2720 1712 2795 1766 ad
2821 1714 3008 1775 Deum
3036 1713 3476 1780 adducunt.Qui
3512 1716 3670 1770 enim
3687 1718 3872 1772 Deum

2210 1801 2376 1869 colit,
2407 1802 2671 1873 seipsum
2724 1801 2885 1858 colit.
2918 1803 2985 1856 In
3016 1804 3132 1858 vita
3181 1821 3480 1875 ergo,qua3
3509 1811 3778 1860 versatur
3807 1807 3870 1861 in

436 1893 966 1966 contemplatione,
999 1895 1090 1951 sui
1121 1895 1255 1966 quis
1285 1910 1490 1950 curam
1523 1895 1694 1967 gerit,
1727 1893 1868 1950 dum
1900 1895 2085 1950 Deum
2113 1896 2450 1959 veneratur,
2497 1897 2555 1946 et
2609 1907 2671 1947 se
2732 1891 2962 1947 sincere
3017 1898 3264 1965 purgato
3320 1895 3504 1949 Deum
3593 1901 3864 1950 sanctum

438 1988 641 2039 sancte
675 1984 1134 2056 contemplatur.
1168 1986 1308 2050 Quas
1340 1984 1502 2039 enim
1537 1983 1764 2039 assistit
1787 1981 2204 2055 temperantia,
2255 1981 2515 2053 seipsam
2573 1980 2812 2036 assidue
2869 1982 3257 2038 considerans
3309 1989 3367 2038 et
3423 1985 3859 2056 contemplans,

439 2073 578 2143 Deo,
611 2073 806 2145 quoad
834 2074 963 2130 fieri
993 2079 1206 2146 potest,
1240 2073 1627 2130 assimilatur.

1922 2169 2152 2225 CAPUT
2181 2169 2374 2224 XXIV.

1508 2271 1586 2326 De
1608 2285 1904 2341 poenarum
1931 2285 1967 2323 α
1995 2269 2103 2324 Deo
2131 2269 2476 2338 inﬂictan
2505 2270 2723 2324 ratione
2752 2274 2805 2323 et
2826 2271 2956 2338 fine.

503 2392 708 2450 Αὐτίκα
733 2394 796 2449 τὸ
820 2391 902 2471 ἐφ’
930 2396 1068 2467 ἡμῖν
1100 2392 1265 2462 ἐστιν,
1299 2393 1466 2465 οὗπερ
1526 2391 1721 2462 ἐπίσης
1773 2391 1938 2447 αὐτοῦ
2026 2412 2082 2447 τε

2259 2395 2387 2449 Jam
2417 2411 2554 2449 vero
2585 2393 2646 2449 id
2704 2399 2796 2449 est
2851 2394 2913 2449 in
2972 2400 3178 2450 nostra
3217 2400 3529 2467 potestate,
3574 2398 3744 2468 cujus
3807 2405 3865 2453 et

427 2481 608 2558 κύριοί
639 2482 797 2556 ἐσμεν
832 2482 920 2538 καὶ
951 2487 1048 2537 τοῦ
1081 2484 1461 2556 ἀντικειμένου
1505 2481 1676 2554 αὐτῷ,
1710 2481 1784 2543 ὡς
1814 2481 1876 2535 τὸ
1931 2480 2098 2559 φιλο-

431 2577 638 2650 σοφεῖν,
669 2571 704 2642 ἢ
741 2573 840 2646 μή·
876 2571 964 2626 καὶ
994 2571 1056 2626 τὸ
1088 2570 1381 2641 πιστεύειν,
1414 2569 1450 2639 ἢ
1501 2569 1769 2629 ἀπιστεῖν.
1813 2569 1910 2624 Διά
1965 2573 2091 2646 γοῦν

425 2661 488 2714 τὸ
519 2660 775 2735 ὶκατέρου
800 2664 908 2715 τῶν
941 2659 1329 2734 ἀντικειμένων
1363 2659 1556 2730 ἐπίσης
1616 2660 1744 2714 εἶναι
1804 2661 1953 2732 ἡμᾶς
2001 2680 2093 2713 κυ-

429 2750 610 2826 ρίους,
643 2747 866 2805 δυνατὸν
899 2749 1200 2826 εὑρίσκεται
1230 2750 1293 2805 τὸ
1327 2749 1410 2826 ἐφ’
1447 2753 1605 2824 ἡμῖν.
1639 2750 1742 2805 Καὶ
1806 2746 1873 2817 δὴ
1908 2749 1960 2803 αἱ
2010 2746 2092 2802 ἐν·

428 2836 586 2894 τολαὶ
622 2837 734 2894 οἷαί
761 2860 822 2894 τε
849 2839 1118 2914 γενέσθαι,
1151 2839 1242 2894 καὶ
1279 2840 1355 2913 μὴ
1388 2837 1633 2915 γενέσθαι
1671 2839 1757 2916 ὑφ’
1788 2840 1974 2911 ἡμῶν,
2009 2838 2093 2900 οἷς

431 2925 680 3002 εὐλόγως
708 2923 894 2983 ἕπεται
923 2926 1142 2990 ἔπαινός
1173 2948 1234 2982 τε
1278 2926 1369 2982 καὶ
1422 2927 1611 3004 ψόγος·
1644 2925 1698 2982 οἳ
1724 2927 1773 2981 τ’
1830 2924 1895 2980 αὗ
1925 2923 2092 2981 κολα-

437 3016 659 3090 ζόμενοι
688 3013 862 3072 ἕνεκεν
915 3023 1025 3073 τῶν
1078 3016 1384 3092 γενομὲνων
1442 3017 1629 3079 αὐτοῖς
1679 3015 2090 3092 ἁμαρτημάτων

432 3103 520 3160 ἐπ’
545 3103 730 3168 αὐτοῖς
761 3106 952 3180 μόνοις
983 3107 1316 3176 κολάζονται
1373 3110 1486 3181 (49)
1560 3104 1812 3181 παρῆλθε
1867 3105 1970 3182 γὰρ
2026 3105 2094 3161 τὰ

431 3195 719 3271 γενόμενα,
776 3194 903 3252 οὐδὲ
963 3197 1220 3271 ἀγένητον
1279 3196 1478 3271 γένοιτ’
1511 3194 1572 3251 ἂν
1605 3217 1736 3250 ποτε
1765 3196 1826 3251 τὸ
1864 3196 2091 3270 γενόμε-

427 3306 544 3340 νον.
580 3287 855 3360 Ἀφίενται
885 3290 1014 3360 γοῦν
1069 3287 1207 3361 πρὸς
1259 3290 1357 3340 τοῦ
1389 3287 1596 3362 Κυρίου
1645 3287 1699 3340 αἱ
1725 3286 1832 3360 πρὸ
1861 3293 1960 3355 τῆς
1989 3283 2089 3339 πί-

431 3395 619 3446 στεως,
655 3375 766 3452 οὐχ
783 3374 878 3431 ’ίνα
911 3376 987 3449 μή
1020 3377 1120 3430 ὦσι
1153 3377 1461 3452 γενόμεναι,
1496 3373 1622 3431 ἀλλ’
1655 3376 1730 3438 ὡς
1766 3377 1842 3448 μή
1863 3375 2090 3452 γενόμε-

427 3485 537 3523 ναι.
576 3465 728 3534 ΙΙλήν
764 3461 890 3520 οὐδὲ
919 3464 1092 3528 πάσας
1128 3465 1156 3520 ὁ
1207 3461 1536 3534 Βασιλείδης
1596 3465 1752 3542 φησὶ,
1808 3465 1977 3538 μόνας
2033 3460 2092 3520 δὲ

423 3555 521 3616 τὰς
560 3553 848 3614 ἀκουσίους
899 3553 990 3609 καὶ
1051 3557 1188 3610 κατά
1235 3552 1461 3630 ἄγνοιαν
1521 3553 1792 3632 ἀφίεσθαιο
1853 3553 2090 3631 καθάπερ

429 3642 721 3719 ἀνθρώπου
745 3642 917 3711 τινὸς,
951 3640 1080 3697 ἀλλ’
1128 3641 1188 3698 οὐ
1222 3646 1378 3713 Θεοῦ,
1437 3645 1539 3714 τήν
1591 3643 1861 3714 τοσαύτην
1921 3664 2092 3719 παρε-

2205 2500 2375 2554 aequo
2409 2500 2615 2538 sumus
2646 2483 2871 2538 domini
2903 2499 3036 2537 cum
3070 2500 3159 2550 eo,
3195 2484 3352 2554 quod
3385 2486 3437 2539 ei
3468 2485 3813 2542 adversatur
3847 2505 3860 2554 ;

2202 2577 2270 2626 ut
2296 2571 2727 2644 phiIOSOphari,
2760 2571 2850 2625 vel
2882 2587 3003 2626 non
3038 2589 3050 2638 ;
3087 2578 3146 2627 et
3176 2573 3550 2638 credere,aut
3579 2592 3699 2629 non
3741 2594 3865 2632 cre-

2204 2659 2364 2715 dere.
2398 2662 2510 2714 Per
2544 2659 2656 2714 hoc
2715 2676 2852 2732 ergo
2913 2660 3070 2731 quod
3132 2678 3338 2716 sumus
3399 2681 3567 2733 aeque
3627 2666 3864 2721 Domini

2205 2750 2516 2820 utriusque
2549 2765 2754 2804 eorum
2790 2767 2922 2820 qua)
2954 2751 3111 2806 inter
3132 2769 3192 2806 se
3216 2752 3868 2822 adversantur,inveni-

2205 2845 2300 2894 tur
2328 2840 2458 2896 ﬁeri
2490 2857 2664 2911 posse
2684 2839 2916 2910 idquod
2942 2841 3106 2896 estin
3139 2847 3343 2897 nostra
3366 2847 3863 2914 potestate.Quin-

2205 2929 2383 2984 etiam
2415 2934 2712 3001 praseepta
2742 2929 3035 3001 ejusmodi
3067 2947 3102 2986 a
3148 2931 3322 2986 nobis
3366 2940 3616 3004 possunt
3647 2935 3775 2989 ﬁeri
3805 2940 3864 2990 et

2203 3034 2326 3073 non
2360 3017 2508 3083 fieri,
2548 3034 2681 3088 quas
2713 3024 3185 3074 consentaneum
3219 3025 3328 3086 est,
3370 3027 3434 3075 ut
3459 3030 3861 3092 consequatur

2202 3106 2332 3161 laus
2360 3111 2418 3160 et
2444 3105 2796 3177 vituperatio
2830 3125 2844 3174 ;
2889 3112 2946 3160 et
2997 3107 3098 3177 qui
3138 3108 3472 3178 puniuntur
3500 3118 3743 3180 propter
3767 3129 3858 3180 ea,

2203 3213 2334 3268 quas
2365 3195 2438 3250 ab
2470 3195 2614 3266 ipsis
2653 3195 2916 3251 admissa
2971 3202 3130 3264 sunt,
3164 3203 3426 3268 peccata,
3459 3206 3703 3271 propter
3730 3202 3861 3272 ipsa

2201 3286 2330 3342 sola
2357 3285 2708 3357 puniuntur.
2741 3286 3166 3341 Praeterierunt
3220 3288 3380 3343 enim
3439 3305 3511 3344 ea
3544 3307 3674 3360 quas
3705 3291 3862 3348 facta

2201 3380 2342 3433 sunt
2374 3392 2386 3441 ;
2422 3390 2618 3444 neque
2650 3375 2779 3429 ﬁeri
2812 3381 3024 3446 potest,
3055 3381 3122 3431 ut
3151 3376 3227 3431 sit
3261 3394 3524 3448 unquam
3549 3379 3862 3459 infectum,

2201 3463 2362 3535 quod
2389 3464 2613 3519 factum
2644 3469 2753 3520 est.
2786 3465 3180 3520 Dimittuntur
3210 3482 3346 3537 ergo
3377 3483 3484 3538 per
3513 3469 3858 3535 Dominum,

2203 3571 2335 3626 quin
2370 3553 2527 3610 facta
2550 3558 2690 3609 sunt
2714 3559 2851 3609 ante
2904 3553 3105 3623 fidem,
3138 3572 3259 3610 non
3287 3561 3351 3610 ut
3380 3557 3535 3612 facta
3566 3574 3686 3613 non
3719 3559 3859 3630 sint,

2205 3643 2309 3699 sed
2335 3648 2403 3699 ut
2433 3644 2548 3698 sint
2607 3648 2891 3714 tanquam
2916 3650 2980 3714 ἰι
3009 3661 3130 3699 non
3159 3644 3334 3700 facta.
3397 3646 3507 3700 Sed
3554 3664 3628 3702 ne
3661 3649 3861 3704 omnia

426 3717 672 3806 Χομίνου
704 3730 932 3809 δωρεάν.
967 3730 1164 3806 Τούτῳ
1191 3732 1354 3804 φησὶν
1406 3735 1441 3804 ἡ
1472 3735 1660 3812 Γραφή
1697 3735 1831 3808 (50)·
1869 3757 1896 3785 ‹‹
1928 3717 2083 3788 Ὑπὲ-

2209 3732 2626 3806 quidem,dicit
2649 3733 3078 3802 Basilides,sed
3108 3733 3234 3790 sola
3266 3735 3482 3790 dimitti
3509 3736 3856 3793 involunta-

497 3870 562 3936 ιιι
590 3871 655 3925 Ρ.
688 3871 792 3924 634
823 3870 936 3924 ED.
967 3869 1260 3926 POTTER.

499 4005 615 4073 (45)
646 3999 951 4074 Θεούμενος
981 3998 1284 4075 ἀνθρωπος.
1345 4003 1442 4075 Sic
1491 4005 1696 4075 Strom.
1731 4021 1830 4075 _vr,
1867 4007 2089 4075 _p.A65O

429 4070 737 4148 edbParis
779 4070 1085 4148 ίΘεοειδ-ῥς
1114 4074 1227 4148 ᾐκαὶ
1281 4073 1675 4148 Θεοείκελος-ὁί
1719 4070 1918 4148 ἀγαθὸς
1949 4073 2087 4148 ἀνὴρ

431 4145 565 4216 μετά
595 4145 806 4218 ψυχήν,
897 4142 1051 4218 τε-ναῦ
1103 4144 1240 4218 Οεὸς
1297 4143 1732 4216 ἀνθρωποειδής.
1768 4142 1799 4195 ὶι
1858 4142 2084 4200 Πρὶΐοῐί-

429 4218 542 4274 mis
575 4216 632 4273 et
662 4216 781 4273 Deo
809 4216 1026 4272 similis
1057 4222 1147 4272 est
1166 4217 1358 4272 bonus
1379 4218 1575 4287 quoad
1597 4219 2085 4281 animam,etrur-

431 4307 530 4346 sus
560 4290 688 4362 ipse
712 4291 874 4362 Deus
904 4289 1184 4362 humanas
1214 4288 1419 4344 formae
1480 4289 1714 4362 similis.
1736 4312 1779 4362 _»
1828 4291 1923 4362 Et
1954 4307 2085 4362 pag.

429 4364 527 4416 671
570 4356 750 4431 ε-Καθ’
782 4357 1050 4431 ὁμοίωσιν
1113 4356 1203 4412 οὖν
1249 4362 1345 4412 τοῦ
1403 4363 1559 4428 Θεοῦ,
1620 4360 1648 4414 ὁ
1706 4359 1781 4421 εἰς
1815 4356 2084 4431 υἱοθέσίᾶν

425 4431 517 4487 καὶ
552 4429 737 4508 φιλίαν
781 4429 879 4486 τοῦ
927 4435 1062 4508 Θεοῦ
1118 4431 1466 4508 καταταγεὶς,
1519 4432 1658 4486 κατά
1694 4432 1792 4496 τὴν
1845 4429 2085 4508 συγκλη-

431 4502 692 4588 ρονομίαν
718 4506 826 4586 τῶν
858 4503 1080 4588 κυρίων.
1101 4502 1191 4556 καὶ
1243 4502 1381 4586 θεῶν
1404 4503 1627 4588 γίνεται.
1664 4502 2086 4588 «ἡξθοιιιὶἀᾳῐη

429 4577 531 4632 Dei
563 4575 742 4649 igitur
771 4575 1248 4643 similitudinem,
1284 4576 1383 4649 qui
1420 4575 1530 4631 'est
1582 4577 1644 4630 in
1684 4577 1889 4649 ﬁlium
1945 4578 2088 4633 ado-

426 4648 646 4720 ptatus,
681 4653 741 4702 et
768 4649 830 4703 in
862 4665 1181 4703 numerum
1212 4648 1542 4720 amicorum
1574 4648 2087 4713 ascitus,cohzeres

427 4719 810 4776 dominorum
842 4726 901 4774 et
930 4720 1175 4775 deorum
1209 4721 1292 4774 fit.
1315 4741 1343 4769 »
1367 4719 1619 4775 Eosdem
1638 4721 1794 4777 viros
1813 4724 2088 4783 θεοποιεῖ-

426 4792 716 4867 coardicit
745 4810 801 4864 p.
831 4793 959 4867 916.
992 4793 1141 4847 Item
1164 4791 1443 4867 aitDeum
1459 4809 1560 4848 eos
1579 4789 1730 4852 υἱοὺς
1742 4790 2084 4867 ἀναγορεύειν

426 4863 517 4917 καὶ
547 4863 724 4926 θεούς,
756 4863 785 4913 α
820 4863 977 4919 filios
1004 4880 1210 4919 vocare
1238 4870 1297 4918 et
1327 4864 1492 4928 deos,
1526 4886 1552 4914 η
1609 4882 1665 4935 p.
1728 4863 1865 4920 687C
1914 4863 2084 4922 Conf.

426 4937 763 5005 Protreptici
787 4952 844 5005 p_.
880 4937 968 5002 88,
1001 4941 1126 5005 not.
1161 4939 1190 4988 7
1237 4935 1360 4990 edit
1412 4942 1652 4991 nostras.

499 5001 960 5075 (46)-Μοναδικὸς
981 5003 1207 5079 γίνεται.
1261 5007 1355 5062 Sic
1407 5007 1680 5079 superius
1711 5007 1860 5062 dixit
1890 5009 2082 5064 virum

2201 4001 2294 4055 Διὸ
2320 3996 2386 4076 δῂ
2419 3999 2508 4076 καὶ
2538 3998 2602 4076 τὸ
2633 3997 2712 4062 είς
2733 3997 2917 4076 αὐτὸν,
2947 4000 3038 4054 καὶ
3081 4001 3154 4076 ⁸τὸ
3212 3997 3282 4054 δι’
3323 4000 3486 4076 αὐτοῦ
3545 4007 3850 4076 πιστεῦσαι,

2246 4069 2498 4145 οναὸικόν
2557 4069 2667 4125 ἐστι
2719 4071 2981 4145 γενέσθαι,
3070 4072 3488 4145 ἀπερισπάστως
3559 4069 3853 4144 ἑνούμενον

2246 4094 2498 4125 οναοικον
2557 4094 2667 4125 εστι
2719 4094 2981 4144 γενεσυαι,
3070 4094 3488 4145 απερισπαστως
3559 4094 3853 4144 ενούμενον

2197 4094 2248 4198 g1
2283 4143 2450 4219 αύτῷ.
2476 4167 2504 4195 ‹‹
2538 4144 2935 4219 Quamobrem
2967 4151 3025 4219 et
3072 4145 3132 4219 in
3163 4147 3384 4219 ipsum.
3416 4152 3474 4219 et
3504 4164 3609 4216 per
3658 4148 3853 4219 ipsum

2197 4217 2458 4286 credere,
2488 4223 2578 4272 est
2605 4218 2828 4271 unicum
2885 4217 3036 4282 ﬁeri,
3094 4217 3155 4271 in
3214 4217 3340 4287 ipso
3373 4217 3695 4273 indivulse
3716 4223 3852 4276 uni-

2199 4295 2320 4344 tum
2338 4305 2372 4360 με
2404 4311 2432 4338 »
2469 4287 3004 4360 quemadmodum,
3025 4293 3091 4341 ut
3115 4289 3198 4343 ibi
3231 4289 3501 4360 sequitur
3527 4290 3588 4342 τὸ
3619 4288 3852 4358 ἀπιστῆ-

2196 4379 2282 4414 σαι
2335 4355 2580 4414 διστάσαι
2641 4355 2773 4426 ἔστὶ,
2840 4359 2928 4432 καὶ
2985 4355 3441 4429 διαστῆναι,’καὶ
3504 4355 3849 4432 μερισθῆναι·

2195 4450 2380 4558 ἓηράη
2412 4432 2654 4488 credere
2686 4437 2777 4487 est
2816 4431 3099 4500 discerni,
3147 4433 3458 4504 spatioque
3505 4431 3762 4508 disjungi
3797 4443 3854 4493 et

2239 4521 2310 4558 m
2361 4523 2397 4558 1.
2435 4527 2456 4552 ι

2239 4521 2397 4558 ινιαι.
2435 4527 2456 4552 Ι

2268 4576 2382 4647 (47)
2415 4574 2684 4649 Καθάπερ.
2721 4577 2845 4631 Non
2905 4576 3159 4632 multum
3219 4576 3535 4632 dissimilia
3566 4585 3704 4633 sunt
3749 4581 3852 4635 illa

2196 4647 2461 4718 Dionysii
2490 4647 3116 4720 pseudo-Areopagitas
3147 4649 3252 4704 Iib.
3279 4651 3354 4720 De
3379 4649 3580 4720 dirutis
3612 4656 3849 4707 ηοιηὶπὶ-

2197 4665 2461 4718 monysu
2530 4665 3116 4720 senae-Areopagum
3147 4665 3252 4704 nn.
3279 4665 3354 4702 ue
3379 4665 3580 4704 amms
3612 4665 3848 4707 nonmn-

2197 4720 2292 4794 lgus
2321 4737 2450 4794 cap.
2485 4665 2524 4774 ἓ
2565 4735 2577 4774 :
2626 4718 2952 4794 rr'Hndicnep
3004 4719 3083 4794 εἷς
3126 4724 3251 4772 ναῦν
3301 4714 3696 4794 ἐμϐεϐηκότες,
3757 4723 3848 4777 καὶ

2195 4787 2548 4864 ἀντεχόμενοι
2578 4793 2687 4864 τῶν
2720 4787 2779 4844 ἔκ
2819 4787 2966 4864 τινος
3025 4791 3224 4863 πὲτρας
3281 4787 3356 4864 εἱς
3413 4793 3562 4864 ἡμᾶς
3617 4787 3846 4848 ἐκτεινο-

2239 4860 2373 4936 ινῴξο
2399 4860 2737 4936 πεισμάτων,
2769 4862 2857 4916 καὶ
2908 4865 3022 4936 οἷον
3059 4860 3206 4936 ἡμῖν,
3235 4863 3331 4936 ,εἰς
3380 4860 3668 4935 ἀντίληψιν
3703 4864 3846 4921 ἐκδι-

2239 4883 2373 4917 ενων
2400 4883 2737 4933 πεισμάτων,
2769 4883 2857 4916 και
2908 4883 3022 4918 οιον
3059 4883 3193 4936 ημιν
3256 4883 3331 4924 εις
3380 4883 3668 4935 αντιΛηψιν
3703 4883 3846 4921 εκοι-

2195 4883 2461 5011 ξομένων,
2490 4932 2753 5011 ἐφ’μὴμᾶς
2782 4934 3286 5011 τῂν-πέτρανηάλγ
3316 4937 3462 5004 ἡμᾶς
3492 4937 3713 5011 *αὐτοὺς
3766 4943 3848 5011 τῷ

2195 5003 2392 5082 ἀληθεῖ
2419 5005 2506 5060 καὶ
2535 5003 2793 5082 τὴνναῦν
2823 5006 2912 5082 ἐπὶ
2941 5010 3042 5078 την
3092 5007 3290 5082 πέτραν
3322 5003 3699 5082 προσήγομενο

463 5080 760 5135 nosticum
813 5083 873 5133 et
917 5077 1268 5150 perfectum,
1325 5080 1404 5147 τῷ
1463 5077 1594 5148 θείῳ
1650 5080 1898 5152 καθαρῶς
1955 5080 2081 5151 ὁμιο

425 5095 650 5206 gmina.
686 5147 986 5206 μετέγοντα
1013 5155 1113 5206 τῆς
1144 5147 1300 5206 ἁγίας
1355 5147 1676 5206 ποιότητος.
1718 5151 2083 5206 ποοσεγὲστε-

2263 5080 2376 5151 (48)
2431 5077 2726 5151 Γενομένη.
2786 5081 2964 5150 Flor.,
3014 5077 3596 5154 yevoupévm'errore
3654 5083 3844 5149 ambi-

2209 5167 2305 5206 mo
2340 5193 2352 5205 .
2387 5167 2524 5206 nam
2556 5158 2660 5206 aut
2684 5151 2947 5206 γενομένη
3005 5154 3313 5206 nobiscum
3373 5149 3710 5206 legendum.
3745 5160 3844 5206 aut

465 5149 650 5214 οὖντα,
685 5147 986 5274 μετῇ-οντα
1013 5155 1113 5217 τῆς
1144 5147 1300 5221 ἁγίας
1355 5147 1676 5217 ποιότητος,
1718 5147 2083 5225 πρόσεχὲστε-

465 5243 520 5274 ον
545 5221 596 5274 ἰν
627 5219 730 5274 εἰει
781 5243 816 5274 γ
840 5223 1015 5274 νεσθαι
1071 5219 1404 5274 ταυτότητος
1455 5220 1713 5274 ἀπαθοῦς.
1753 5247 1774 5272 ιι
1809 5225 1954 5274 Cum
1986 5225 2081 5274 di-

427 5241 520 5296 ρον
545 5221 596 5277 iv
627 5219 749 5296 iga
781 5219 1015 5295 γίνεσθαι
1071 5219 1407 5296 ταυτότητος
1425 5295 1431 5296 γ
1455 5220 1713 5296 ἀπαθοῦς.
1753 5219 1774 5272 εἰ
1809 5219 1954 5279 Cum
1986 5225 2081 5279 di-

423 5293 559 5350 rino
587 5293 834 5351 numine
855 5311 1065 5365 puram
1087 5293 1578 5351 consuetudinem
1593 5294 2082 5358 habentem,san-

423 5366 1249 5450 cta‘euqualitatis‘participem
1275 5365 1518 5448 factum,
1548 5367 1622 5422 ad
1667 5367 1936 5450 habitum
1968 5369 2081 5422 im-

425 5438 686 5510 patibilis
715 5439 1044 5494 identitatis
1067 5454 1242 5509 quam
1273 5439 1538 5509 proxime
1565 5438 2078 5496 accedere.Strom.

423 5529 500 5583 1v_,
531 5529 588 5583 p.
622 5514 727 5566 490
758 5510 898 5583 edit.
922 5511 1116 5583 ‘Paris.
1180 5512 1326 5583 Item
1376 5513 1579 5583 Strom.
1637 5529 1709 5570 v1.
1739 5513 2022 5583 _pag._9§l
2065 5528 2078 5565 :

422 5576 670 5643 Είκότως
702 5580 882 5636 τοίνυν
917 5579 970 5636 ἐν
999 5584 1068 5655 τῇ
1105 5583 1202 5652 μιᾷ
1231 5577 1333 5650 ἕξει
1397 5579 1541 5653 μὲνει
1600 5585 1666 5652 τῇ
1728 5576 2077 5654 ἀμεταϐόλῳ,

419 5655 1009 5739 γνωστικῷ-ςάγαπῷν,
1045 5678 1072 5704 ‹‹
1109 5655 1312 5737 merito
1371 5655 1808 5739 igiturmmanet
1854 5655 1916 5739 in
1945 5673 2080 5739 ,ιιηο

426 5726 760 5782 immutabili
809 5726 1034 5788 habitu,
1087 5727 1186 5797 qui
1234 5727 1497 5797 gnostice
1529 5726 1723 5797 diligit
1754 5744 1766 5780 :
1803 5749 1829 5776 n
1866 5727 2080 5782 deinde

429 5798 705 5870 eumdem
735 5798 939 5866 ἀπαθῆ,
959 5821 998 5870 μ
1030 5797 1445 5870 inipatibilem,
1476 5820 1504 5848 »
1529 5815 1659 5853 esse
1694 5799 2080 5864 tradit.Quin-

429 5869 608 5927 etiam
638 5886 778 5928 voce
811 5865 1330 5944 μοναδικός”ρο,ιιιο
1389 5875 1526 5942 post
1575 5871 1762 5926 utitur
1819 5889 1876 5943 p.
1936 5874 2078 5927 537:

2191 5167 2305 5223 δυο
2340 5149 2364 5205 ,⁷
2387 5167 2524 5224 nam
2556 5149 2660 5207 aut
2684 5149 2957 5224 Yevopévﬂ
3005 5149 3313 5209 nobiscum
3373 5149 3710 5223 legendum,
3745 5160 3846 5209 aut

2190 5223 2523 5297 γανουμένης
2561 5223 2719 5297 quod
2753 5223 2911 5282 haud
2944 5226 3085 5293 scio,
3109 5242 3183 5280 an
3215 5225 3291 5279 sit
3321 5225 3534 5280 verius.
3569 5226 3843 5282 SYLBUBG.

2261 5293 2520 5368 (49)Ἐπ’
2573 5293 2761 5358 αὐτοῖς
2822 5297 3010 5368 μόνοις
3063 5297 3416 5368 κολάζονται.
3481 5318 3504 5346 ιι
3570 5298 3633 5351 ln
3685 5299 3843 5368 ipso-

2190 5383 2321 5440 rum
2355 5367 2730 5424 solummodo
2753 5365 3044 5440 potestate
3076 5375 3186 5434 est,
3219 5365 3381 5438 quod
3428 5365 3779 5440 puniuntur.
3814 5393 3843 5420 ››

2191 5438 2463 5494 SYLBURG.
2499 5440 2560 5494 in
2590 5438 2777 5496 Indice
2815 5442 3018 5497 Graeco.

2259 5513 2376 5587 (:50)
2399 5510 2462 5587 ξΠ
2497 5513 2702 5587 Γραφή.
2739 5511 2971 5587 Psalmo
3004 5529 3132 5587 nu;
3179 5513 3254 5582 (L)
3289 5513 3387 5567 ubi
3445 5513 3678 5587 legitur,
3714 5514 3846 5566 ὑπίο

2193 5575 2638 5654 λαϐεςὰνομίαν’,
2670 5575 2738 5638 ut
2794 5583 2971 5638 etiam
3024 5575 3264 5655 infra'p'.
3313 5587 3437 5644 285.
3473 5575 3574 5638 lin.
3613 5575 3675 5640 7(
3700 5588 3844 5642 Cum

2191 5656 2582 5726 sequentibus
2636 5655 2708 5710 de
2748 5655 3139 5728 castigatione
3191 5661 3246 5710 et
3301 5657 3613 5728 punitione
3645 5660 3847 5712 confer

2193 5743 2322 5809 qua:
2347 5729 2575 5809 Seneca
2599 5744 2669 5809 e_x
2702 5727 2944 5809 Platone
2978 5727 3159 5782 tradit
3188 5727 3341 5784 lib.’1
3372 5731 3448 5785 De
3479 5732 3585 5798 ira,
3615 5731 3844 5801 cap.ul-

2192 5798 2357 5867 timo,
2385 5817 2444 5870 p.
2478 5802 2603 5867 206,
2629 5798 2670 5854 l.
2703 5801 2792 5855 52.
2821 5799 3094 5856 SYLBURG.
