4138 6400
338 416 480 473 1365

1677 413 2130 473 ΕΤΒΟΜΛἸἮΠ
2164 414 2302 468 LIB.
2343 412 2440 469 IV.

3638 411 3778 469 1366

335 545 454 607 τοῖς
484 538 704 598 εἷ’δεσιν⁸
737 565 767 595 ‹‹
799 540 920 606 οἶός
953 541 1096 597 ἐστιν
1125 541 1155 597 ὁ
1183 537 1237 597 ἐν
1267 544 1351 614 τῷ
1391 564 1420 594 ‹‹
1452 540 1736 612 Θεαιτήτῳ
1771 560 1799 589 »
1829 556 1998 612 κορο-

2122 535 2557 609 similes,qui‘in
2577 537 2757 594 urbes
2778 536 3089 594 ventitant.
3113 536 3361 602 Quando
3385 537 3546 593 enim
3571 538 3779 594 anima

339 635 503 708 φαῖος
563 634 697 705 (57)·
761 633 877 687 οἷον
936 628 1167 709 ἄγγελος
1228 632 1335 703 (58)
1392 625 1502 701 ἢδη
1562 628 1873 705 γενόμενος,
1911 623 2004 680 σὺν

345 721 567 795 Χριστῷ
595 741 653 775 τε
681 714 852 792 ἔσται,
886 719 1225 796 θεωρητικὸς
1268 715 1366 791 ὢν,
1411 717 1582 774 ἀεὶτὸ
1617 714 1879 794 βούλημα
1905 717 2004 769 τοῦ

347 814 481 867 Θεοῦ
511 813 751 879 σκοπῶν,
782 810 862 882 τῷ
889 804 1026 866 ὄντι.

2117 626 2490 682 transcendit
2513 626 2578 690 >X<
2606 628 3079 700 generationem,
3129 631 3188 681 et
3236 644 3343 699 per
3393 644 3454 682 se
3484 628 3685 697 fuerit,
3718 634 3778 683 et

2117 732 2253 771 cum
2283 715 2492 771 formis
2539 732 2644 771 seu
2692 717 2844 772 ideis
2891 720 3178 785 versatur,
3205 735 3232 768 ιι
3288 715 3483 787 qualis
3528 723 3636 784 est,
3669 718 3774 788 qui

2113 806 2465 878 coryphaaus
2495 805 2715 862 dicitur
2743 807 2806 861 in
2839 806 3131 873 Themteto,
3164 806 3215 861 is
3262 805 3454 860 factus
3485 812 3773 877 tanquam

338 903 605 977 angelus,
639 902 754 957 erit
781 917 917 957 cum
956 900 1210 969 Christo,
1256 899 1587 957 versabitur
1631 898 1694 955 in
1742 894 2274 967 contemplatione,
2323 911 2560 968 semper
2616 896 2720 951 Dei
2772 895 3142 951 voluntatem
3187 895 3618 963 considerans;
3674 912 3772 950 re-

347 1009 485 1049 vera
513 992 630 1048 hic.

417 1098 545 1160 Οἷος
580 1100 688 1171 (59)
720 1096 1084 1170 πεπνυμένος,
1144 1095 1233 1152 τοὶ
1293 1093 1340 1151 δ’
1400 1096 1476 1159 ὡς
1524 1093 1671 1149 σκιαὶ
1703 1091 2003 1149 ἀΐσσουσιν.

340 1206 539 1283 Νεκροὶ
600 1208 713 1281 (60)
767 1208 871 1282 γὰρ
958 1203 1085 1268 τοὺς
1171 1205 1377 1260 ἑαυτῶν
1435 1205 1698 1259 θάπτουσι
1758 1200 2002 1278 νεκρούς.

339 1299 504 1360 ’Ὅθεν
560 1294 826 1372 Ἱερεμίας
889 1293 1060 1368 λέγει·
1139 1318 1168 1347 ι(
1227 1294 1520 1370 Πληρώσω
1573 1291 1742 1361 αὐτὴν
1798 1294 2004 1365 νεκρῶν

338 1388 592 1463 γηγενῶν
625 1388 761 1460 (61),
815 1383 908 1447 οὕς
961 1381 1177 1440 ἔπαισεν
1227 1385 1262 1453 ἡ
1311 1382 1451 1460 ὀργή
1507 1403 1636 1457 μου.
1689 1381 1747 1435 Ὀ
1783 1380 1875 1454 μὲν
1909 1376 2002 1434 οὖν

341 1476 472 1541 Θεὸς
521 1477 653 1548 (62),
704 1470 1097 1538 ἀναπόδεικτος
1149 1470 1247 1545 ὢν,
1306 1472 1406 1528 οὐκ
1461 1468 1607 1527 ἔστιν
1641 1468 2001 1543 ἐπιστημονι-

337 1565 457 1628 κός·
491 1565 519 1619 ὁ
551 1561 610 1619 δὲ
638 1562 763 1626 Υἱὸς
793 1562 955 1641 σοφία
1003 1563 1063 1617 τέ
1105 1561 1240 1633 ἐστι,
1271 1562 1362 1616 καὶ
1402 1559 1705 1633 ἐπιστήμη,
1738 1558 1828 1613 καὶ
1859 1556 2003 1628 ἀλή-

341 1664 481 1723 θεια,
512 1653 601 1708 καὶ
636 1649 735 1707 ὅσα
784 1650 930 1707 ἄλλα
982 1651 1166 1725 τούτῳ
1216 1656 1472 1728 συγγενῆ,
1505 1648 1609 1707 Καὶ
1642 1647 1708 1719 δὴ
1740 1646 1830 1704 καὶ
1861 1645 2002 1703 ἀπό-

345 1741 509 1816 δειξιν
540 1736 681 1818 ἔχει,
710 1740 803 1797 καὶ
836 1738 1099 1812 διέξοδον
1133 1746 1301 1796 πᾶσαι
1350 1737 1408 1796 δὲ
1455 1741 1512 1795 αἱ
1544 1736 1801 1812 δυνάμεις
1830 1735 2001 1793 Ilvati-

353 1852 549 1906 ματος,
581 1825 906 1902 συλλήϐδην
933 1831 1027 1903 μὲν
1076 1825 1130 1886 ἕν
1170 1852 1222 1886 τι
1270 1835 1495 1907 πρᾶγμα
1536 1829 1843 1906 γενόμεναι,
1876 1847 2002 1881 συν-

343 1920 599 1979 τελοῦσιν
633 1919 712 1983 εἰς
739 1920 802 1976 τὸ
829 1920 987 1989 αὐτὸ,
1035 1920 1130 1976 τὸν
1182 1920 1328 1975 Υἱόν·
1379 1918 1768 1997 ἀπαρεμφατος
1801 1915 1860 1972 δὲ
1889 1914 2000 1971 ἐστι

341 2016 443 2079 τῆς
472 2011 598 2087 περὶ
631 2012 859 2082 ἑκάστης
916 2010 1080 2066 αὐτοῦ
1135 2015 1242 2066 τῶν
1304 2008 1585 2083 δυνᾶμεων
1631 2007 1860 2070 ἐννοίας.
1895 2006 2000 2062 Καὶ

344 2100 413 2172 δὴ
447 2101 509 2158 οὐ
535 2100 740 2178 γίνεται
771 2100 1016 2176 ἀτεχνῶς
1043 2097 1098 2155 ἓν
1142 2101 1216 2163 ὡς
1271 2096 1351 2171 ἓν,
1405 2103 1516 2173 (63)
1547 2096 1674 2154 οὐδὲ
1703 2096 1894 2153 πολΑὰ
1923 2098 1998 2159 ὡς

345 2161 484 2267 μέρη
518 2161 722 2261 ὁΙΥἱὸς,
777 2161 909 2246 ιῖιλλζἶ
962 2161 1037 2253 ὧς
1095 2161 1271 2245 πάντα
1463 2161 1612 2253 ἔνθεν
1669 2188 1761 2242 καὶ
1802 2190 1996 2242 πάντα·
2030 2161 2079 2227 Β

339 2280 548 2344 κύκλος
582 2281 685 2357 γὰρ
716 2281 745 2335 ὁ
784 2279 946 2342 αὐτὸς
1000 2284 1189 2335 πασῶν
1247 2282 1356 2334 τῶν
1413 2275 1697 2350 δυνάμεων
1730 2275 1805 2338 εἷς
1834 2273 1892 2331 ἓν
1924 2275 1999 2331 εἶ-

342 2369 632 2445 λουμένων
677 2370 765 2425 καὶ
817 2369 1148 2442 ἒνουμένωνο
1209 2366 1301 2424 διὰ
1352 2372 1515 2425 τοῦτο
1566 2390 1595 2420 ιι
1628 2376 1670 2422 Δ
1714 2365 1806 2421 καὶ
1837 2374 1880 2420 Ω
1911 2388 1939 2417 »ι
1972 2365 2001 2420 ὁ

340 2462 518 2537 Λόγος
568 2456 801 2530 εἷ’ρηται·
838 2458 901 2513 οὗ
936 2459 1109 2531 μόνου
1154 2460 1219 2514 τὸ
1253 2458 1417 2521 τέλος
1461 2457 1611 2531 ἀρχὴ
1651 2454 1879 2531 γίνεται,
1911 2454 2002 2509 καὶ

334 2548 565 2620 τελευτᾷ
592 2546 761 2603 πάλιν
811 2546 906 2603 ἐπὶ
949 2549 1048 2616 τὴν
1098 2546 1302 2611 ἄνωθεν
1351 2548 1555 2623 ἀρχὴν,
1607 2542 1853 2618 οὐδαμοῦ
1884 2541 2003 2598 διά-

338 2657 529 2693 στασιν
562 2630 772 2692 λαϐών.
806 2636 901 2691 Διὸ
935 2632 1003 2703 δὴ
1034 2636 1123 2691 καὶ
1152 2635 1216 2690 τὸ
1246 2634 1324 2698 εἷς
1344 2634 1514 2690 ἀὐτὸν
1539 2633 1628 2689 καὶ
1649 2635 1712 2688 τὸ
1740 2629 1809 2688 δι’
1835 2631 2002 2688 αὐτοῦ

338 2729 626 2782 πιστεῦσαι
661 2723 955 2798 μοναδικόν
979 2728 1091 2797 (64)
1120 2722 1233 2779 ἐστι
1283 2722 1550 2800 γενέσθαι,
1583 2720 2003 2798 ἀπερισπάστως

344 2813 641 2888 ἑνούμενον
691 2813 744 2870 ιν
796 2813 964 2886 αὐτῷ·
1021 2814 1085 2869 τὸ
1135 2810 1194 2868 δὶ
1236 2813 1532 2883 ἀπιστῆσαι
1592 2810 1836 2867 διστάσαι
1866 2810 2004 2879 ἐστὶ,

345 2905 439 2961 καὶ
473 2901 780 2974 διαστῆναι,
833 2903 923 2958 καὶ
982 2903 1324 2979 μερισθῆναι.
1358 2926 1386 2955 ‹‹
1421 2903 1520 2957 Διὰ
1546 2905 1708 2957 τοῦτο
1736 2898 1865 2956 τάδε
1913 2898 2003 2955 λά-

340 3015 424 3068 γει
462 2994 665 3068 Κύριος
721 2996 852 3067 (65)·
911 2997 1022 3056 Πᾶς
1081 2992 1196 3056 υἱὸς
1254 2992 1590 3069 ἀλλογενὴς,
1634 2992 2006 3066 ἀπερίτμητος

343 3080 566 3160 καρδίᾳ,
598 3082 689 3139 καὶ
750 3082 1123 3157 ἀπερίτμητός
1176 3082 1285 3138 ἐστι
1332 3083 1509 3156 σαρκί’
1539 3083 1841 3151 τουτέστιν,
1872 3081 2005 3137 ἀκά-

349 3184 552 3250 θαρτος
612 3171 827 3246 σώματί
883 3192 942 3226 τε
995 3173 1087 3227 καὶ
1142 3170 1432 3245 πνεύματιο
1493 3170 1592 3227 οὐκ
1645 3170 2005 3228 εἰσελεύσεται

342 3261 424 3327 εἷς
452 3262 521 3316 τὰ
576 3260 710 3336 ἅγια
764 3259 874 3315 ἀπὸ
929 3265 1038 3315 τῶν
1097 3258 1417 3335 ἀλλογενῶν
1449 3259 1502 3316 ἓν
1533 3260 1684 3335 μέσῳ
1714 3281 1870 3316 οικου
1898 3263 2005 3317 Ἰσ-

342 3349 516 3424 ραήλ,
550 3348 680 3405 ἀλλ’
708 3348 745 3419 ἢ
776 3350 835 3404 οἱ
865 3354 1105 3407 Λευῖται.
1132 3348 1481 3424 Ἀλλογενεῖς
1506 3373 1535 3401 »
1559 3347 1618 3405 δε
1641 3346 1856 3425 εἷ’ρηκεν
1875 3352 2004 3414 τοὺς

344 3440 424 3514 μὴ
458 3443 742 3495 πιστεῦσαι
795 3436 1189 3514 βουληθέντας,
1245 3437 1372 3494 ἀλλ’
1414 3440 1658 3495 ἀπιστεῖν
1693 3438 2003 3508 ἐθέλοντας,

2291 1094 2449 1150 Solus
2470 1094 2738 1164 prudens,
2783 1094 2886 1149 isti
2918 1092 3155 1148 volitant
3181 1092 3331 1148 velut
3359 1091 3586 1149 umbrae.

2113 1202 2325 1256 Mortui
2358 1202 2519 1257 enim
2565 1200 2867 1273 sepeliunt
2912 1205 3179 1255 mortuos
3226 1217 3383 1255 suos.
3430 1200 3595 1255 Unde
3628 1201 3774 1256 dicit

2110 1290 2435 1347 Jeremias:
2470 1313 2499 1341 ‹‹
2531 1290 2798 1363 Implebo
2837 1290 3029 1363 ipsam
3060 1290 3313 1345 mortuis
3344 1294 3503 1345 terra
3531 1290 3768 1362 genitis,

2113 1397 2264 1452 quos
2292 1380 2590 1453 percussit
2617 1380 2707 1435 ira
2735 1395 2869 1436 mea
2897 1379 2998 1452 (a).
3035 1401 3065 1430 »
3093 1381 3283 1450 Atque
3313 1380 3466 1435 Deus
3499 1379 3766 1451 quidem,

2114 1487 2249 1527 cum
2271 1470 2670 1527 demonstrari
2690 1474 3099 1541 nequeat,non
3119 1475 3317 1541 potest
3342 1486 3472 1524 esse
3501 1469 3766 1524 scientiae

2113 1560 2413 1632 objectum
2437 1577 2450 1627 ;
2476 1560 2659 1615 Filius
2681 1566 2880 1615 autem
2904 1564 2994 1615 est
3012 1565 3072 1614 et
3094 1559 3474 1631 sapientia,et
3495 1559 3764 1629 scientia,

2115 1654 2175 1706 et
2202 1650 2436 1717 veritas,
2482 1652 2541 1704 et
2586 1665 2958 1721 quaecunque
3005 1665 3141 1704 cum
3186 1648 3299 1704 hoc
3328 1649 3513 1704 ullam
3545 1648 3769 1703 habent

2111 1739 2549 1813 cognationem.
2579 1738 2919 1804 Quinetiam
2949 1737 3130 1794 habet
3167 1738 3763 1807 demonstrationem,

2112 1834 2173 1886 et
2201 1830 2318 1884 vim
2348 1827 2767 1884 ratiocinandi.
2800 1829 3018 1883 Omnes
3066 1832 3265 1883 autem
3309 1827 3561 1899 Spiritus
3594 1832 3763 1899 pote-

2112 1923 2313 1987 states,
2347 1934 2483 1974 cum
2516 1917 2695 1973 simul
2725 1933 2845 1973 una
2882 1934 2977 1973 res
3025 1916 3193 1972 factae
3224 1917 3466 1983 fuerint,
3501 1916 3575 1971 ad
3605 1916 3764 1970 idem

2111 2008 2447 2077 conferunt,
2479 2023 2696 2080 nempe
2736 2007 2811 2063 ad
2859 2006 3096 2062 Filium.
3130 2007 3231 2061 Est
3259 2010 3458 2062 autem
3491 2006 3763 2061 inﬁnitus

2109 2114 2470 2171 unaquaque
2491 2113 2735 2153 suarum
2750 2101 3111 2169 potestatum
3133 2096 3397 2151 notione.
3413 2098 3762 2167 Quanquam

2110 2206 2231 2245 non
2264 2189 2342 2244 sit
2368 2204 2502 2243 vere
2532 2204 2743 2255 unum,
2774 2192 2842 2243 ut
2869 2202 3079 2255 unum,
3103 2202 3298 2257 neque
3321 2186 3511 2241 multa
3540 2191 3607 2240 ut
3635 2202 3763 2257 par-

2109 2283 2200 2334 tes
2230 2278 2436 2346 Filius,
2461 2276 2566 2333 sed
2586 2281 2654 2331 ut
2677 2276 2881 2332 omnia
2898 2292 3109 2344 unum,
3135 2275 3294 2330 unde
3328 2276 3505 2331 etiam
3538 2277 3761 2332 omnia.

2109 2369 2212 2424 Est
2242 2368 2401 2423 enim
2432 2366 2592 2422 idem
2623 2366 2884 2422 circulus
2914 2367 3183 2421 omnium
3217 2370 3599 2436 potestatum,
3633 2382 3764 2436 quae

2111 2457 2175 2512 in
2198 2473 2390 2512 unum
2410 2455 2955 2512 circumvolvuntur
2984 2463 3039 2509 et
3068 2455 3376 2509 uniuntur.
3406 2453 3622 2507 Etideo
3647 2455 3765 2507 Lo—

2111 2562 2217 2619 gos
2247 2545 2440 2601 dictus
2471 2550 2562 2599 est
2591 2565 2619 2594 «
2652 2544 2831 2614 alpha
2861 2548 2919 2597 et
2949 2558 3160 2613 omega
3188 2544 3285 2614 (b),
3322 2564 3348 2591 ι»
3376 2543 3548 2615 cujus
3579 2543 3768 2598 solius

2113 2634 2252 2690 ﬁnis
2284 2634 2362 2688 sit
2388 2633 2774 2705 principium,
2827 2637 2886 2686 et
2932 2648 3142 2686 rursus
3180 2631 3401 2687 desinit
3428 2632 3490 2686 in
3521 2632 3581 2686 id
3609 2632 3769 2703 quod

2115 2729 2205 2780 est
2233 2728 2410 2779 antea
2436 2722 2819 2794 principium,
2852 2737 3153 2792 nusquam
3200 2721 3550 2777 distantiam
3603 2721 3767 2776 acci-

2112 2814 2284 2886 piens
2312 2818 2370 2868 et
2398 2812 2856 2868 dimensionem.
2890 2810 3289 2876 Quamobrem
3322 2816 3381 2866 et
3404 2811 3465 2865 in
3488 2810 3686 2882 ipsum
3710 2816 3771 2865 et

2114 2920 2222 2977 per
2240 2903 2438 2974 ipsum
2459 2900 2721 2970 credere,
2750 2906 2841 2957 est
2858 2900 3103 2956 unicum
3128 2900 3279 2966 fieri,
3305 2899 3534 2955 scilicet
3555 2898 3616 2954 in
3638 2900 3768 2970 ipso

2114 2991 2410 3048 indivulse
2430 2991 2666 3047 unitum
2688 3008 2701 3058 ;
2724 3006 2847 3046 non
2871 2990 3114 3046 credere
3140 2994 3462 3058 autem,est
3482 2989 3767 3054 discerni,

2117 3082 2428 3156 spatioque
2460 3080 2719 3155 disjungi
2751 3085 2810 3137 et
2839 3079 3040 3135 dividi.
3076 3102 3103 3130 «
3129 3080 3451 3150 PrOpterea
3476 3079 3601 3133 haac
3624 3077 3771 3133 dicit

2116 3173 2433 3229 Dominus:
2453 3171 2658 3228 Omnis
2676 3170 2836 3226 ﬁlius
2852 3170 3190 3242 alienigena
3205 3175 3296 3225 est
3315 3168 3769 3224 incircumcisus

2116 3262 2316 3328 corde,
2342 3267 2403 3317 et
2426 3260 2882 3316 incircumcisus
2902 3275 3104 3326 carne,
3124 3278 3154 3309 »
3176 3258 3289 3313 hoc
3311 3263 3402 3313 est
3421 3257 3771 3312 immundus

2116 3355 2176 3407 et
2203 3366 2451 3422 corpore
2494 3356 2554 3405 et
2597 3348 2832 3420 spiritu,
2863 3370 2891 3398 (ι
2924 3364 3047 3403 non
3077 3346 3446 3420 ingredietur
3474 3346 3535 3401 in
3568 3351 3773 3400 sancta

2114 3457 2188 3497 ex
2216 3439 2568 3513 alienigenis
2592 3439 2654 3493 in
2678 3438 2875 3493 medio
2895 3436 3108 3493 domus
3132 3436 3336 3503 Israel,
3372 3442 3771 3508 prasterquam

337 3531 517 3589 Μόνοι
546 3526 728 3584 τοίνυν
781 3529 834 3583 οἱ
881 3532 1136 3602 καθαρῶς
1187 3528 1434 3604 βιοῦντες
1479 3529 1644 3605 ἱερεῖς
1694 3524 1863 3592 ὅντως
1903 3534 2002 3586 τοῦ

2122 3529 2326 3586 Levites
2347 3530 2439 3600 (c).
2459 3527 2841 3600 Alienigenas
2863 3548 2891 3576 »
2915 3531 3113 3582 autem
3137 3524 3285 3580 dixit
3304 3526 3537 3596 eos,qui
3564 3524 3773 3580 nolue-

414 3681 481 3747 ,ιι
510 3674 573 3728 Ρ.
606 3674 710 3727 635
740 3673 854 3729 ED.
886 3673 1180 3741 POTTER,
1211 3673 1317 3727 537
1347 3673 1457 3729 eo.
1490 3674 1720 3730 PARIS.
1781 3674 1858 3747 (a)
1917 3675 2006 3732 Jer

2122 3716 2134 3732 .
2192 3688 2394 3741 χχχιιι,
2428 3674 2480 3726 5.
2539 3670 2613 3742 (b)
2672 3670 2852 3742 Apoc.
2886 3685 2925 3738 ι,
2957 3669 3011 3725 8.
3072 3668 3141 3740 (ο)
3168 3668 3373 3724 Ezech.
3406 3685 3553 3737 xmv,
3594 3672 3647 3737 9,
3685 3669 3771 3723 10.

414 3822 676 3896 ῌανμτοζοι
707 3819 1046 3896 τελέθοντες,
1075 3816 1459 3896 ἐπιστρωφῶσι
1482 3817 1723 3896 πόληας,

416 3888 755 3967 Ἀνθρώπων
784 3884 941 3967 ὕϐριν
972 3884 1151 3946 τεκαὶ
1184 3884 1445 3965 εὖνομίην
1480 3884 1805 3968 ἐφορῶντες.

414 3993 486 4048 Et
506 3991 588 4046 dii
619 3989 931 4062 hospitibus
958 3991 1164 4047 similes
1184 3994 1519 4062 peregrinis,

417 4061 724 4130 Omnifarii
754 4064 1093 4128 exsistentes,
1114 4061 1404 4118 versantur
1426 4080 1532 4132 per
1561 4066 1828 4129 civitates,

419 4134 721 4189 Hominum
749 4135 944 4203 fasque
971 4137 1236 4204 nefasque
1265 4136 1636 4204 inspicientes.

417 4229 541 4306 (δῖ)
570 4232 900 4306 Κορυφαῖος.
936 4229 1102 4306 Plato
1134 4232 1197 4286 in
1232 4232 1508 4306 Tlteceteto
1547 4249 1605 4303 p.
1649 4232 1788 4306 £27:
1822 4232 2008 4306 Λέγω-

347 4297 448 4373 μεν
484 4297 842 4378 δῆηέπεϊσοί
870 4320 933 4376 γε
963 4297 1304 4378 δοκεῖηπερξ
1332 4306 1442 4378 τῶν
1477 4297 1817 4378 κορυφαίωνἶ
1853 4324 1881 4356 ι
1910 4297 2008 4378 Di-

345 4389 560 4456 camus
586 4373 788 4500 igitur,
816 4373 1098 4446 quoniam
1126 4375 1233 4430 tibi
1252 4373 1587 4444 videtur,d'e
1607 4373 1701 4432 his
1720 4376 1821 4448 qui
1842 4376 2009 4449 prin-

347 4462 518 4500 cmes
551 4461 664 4500 sun
697 4487 711 4500 .
748 4467 775 4495 »

347 4462 518 4502 cmes
551 4461 711 4501 sunt.
748 4467 775 4495 ))

408 4463 711 4592 ἓξὲξ)εὸξῶ
748 4467 1008 4592 Ely-fele;
1072 4519 1336 4592 Respicit
1398 4517 1551 4592 forte
1603 4520 1805 4575 Matth.
1867 4536 2006 4587 χχιι,

344 4583 457 4664 30
614 4583 860 4664 diuellat:
875 4592 971 4643 τοῦ
994 4592 1128 4664 Θεοῦ
1159 4583 1213 4643 ἐν
1244 4589 1458 4664 οὐρανῷ
1490 4587 1613 4647 alat.

422 4660 544 4731 (59)
603 4659 757 4722 Οἷός.
816 4662 1055 4718 Homeri
1126 4659 1330 4719 versus
1402 4659 1509 4733 est,
1568 4680 1637 4718 ex
1694 4663 1881 4733 Odyss.
1940 4664 2007 4735 K,

347 4730 628 4784 SYLBURG.

390 4747 628 4787 YLBURG.

422 4749 1143 4881 (:tSRGlilegcpol._Besp_ici_t
1228 4807 1429 4863 Matth.
1498 4823 1619 4881 vin,
1676 4807 1785 4861 22:
1842 4805 2008 4881 Ἀφες

343 4871 479 4936 τοῦς
508 4871 737 4948 νεκροὺς
768 4873 932 4948 θάψαι
962 4871 1090 4940 τοὺς
1115 4877 1320 4932 ἑαυτῶν
1348 4875 1594 4946 νεκρούς.

425 4945 870 5024 (⁵61)]1ληρώσω
916 4948 1091 5024 αὐτήν
1144 4969 1257 5005 νεκ.
1318 4970 1374 5024 γ.
1431 4952 1647 5024 Jerem.
1696 4966 1905 5024 χχχιιι,

348 5012 458 5095 Kal
520 5012 846 5095 alqulaau
872 5012 1081 5095 «tum;
1117 5012 1343 5095 νεκρῶν”
1367 5024 1475 5075 τῶν
1536 5020 1861 5095 ἀνθρώπων,
1893 5012 2014 5095 ὀὕς

352 5082 594 5170 ἒπάταξα
625 5082 677 5145 ἓν
714 5090 848 5170 ὀργῇ
884 5082 1037 5170 μουί-
1060 5082 1268 5170 Latina
1290 5110 1335 5170 :_
1359 5116 1388 5143 ‹‹
1420 5082 1798 5170 Venientium
1830 5082 2012 5170 utdi?

352 5112 594 5162 ana-rage:
626 5112 677 5145 εν
714 5112 776 5165 ορ
815 5112 848 5155 η
884 5112 1008 5163 μου.
1062 5112 1303 5149 Latina:
1359 5116 1388 5143 ‹‹
1429 5112 1798 5149 venientium
1830 5112 1894 5148 ut
1924 5112 2012 5148 αι-

351 5160 587 5238 _micent
615 5180 750 5219 cum
779 5112 1094 5234 Ebaldaais,
1116 5170 1174 5220 et
1192 5165 1483 5238 impleant
1504 5181 1603 5221 eas
1629 5165 2013 5238 cadaveribus

349 5227 696 5317 hominum,
731 5227 1178 5317 quosApercussi
1213 5227 1670 5317 in:furore_meo
1699 5242 1757 5291 et
1781 5238 1839 5291 in
1862 5237 2015 5291 indi-

350 5308 639 5379 gnatione
659 5325 810 5364 mea.
831 5332 857 5359 υ
881 5308 1128 5375 Quidam
1155 5326 1224 5363 ex
1249 5309 1493 5364 Hebraao
1516 5308 2009 5379 interpretantur:

353 5390 383 5419 α
419 5374 709 5435 Dominus
738 5374 911 5435 dixit
944 5381 1016 5437 ad
1076 5381 1284 5437 domos
1335 5380 1504 5448 Iuda,
1532 5374 2011 5452 qum-destructa}

354 5453 539 5527 sunt;
573 5467 641 5506 eo
669 5452 827 5523 quod
842 5452 1219 5527 habitatores
1239 5469 1453 5527 earum
1485 5456 1795 5527 venerunt,
1827 5458 1894 5507 ut
1923 5452 2014 5507 di-

349 5523 653 5596 I‘nicarent
673 5541 807 5580 cum
826 5525 1213 5585 Chaldaeismt
1234 5525 1552 5596 implerent
1577 5540 1675 5580 eas
1697 5523 1903 5579 domos
1923 5539 2015 5580 ca-

351 5583 693 5661 daveribus,
715 5601 774 5651 et
796 5597 999 5653 multis
1028 5583 1247 5653 Judzeis
1278 5583 1447 5653 caesis
1480 5596 1879 5661 efficerent,ut
1901 5595 2016 5651 im-

349 5655 736 5742 Plgrenturé»
761 5669 899 5734 Quae
922 5685 1056 5725 vero
1077 5669 1255 5742 paulo
1277 5673 1412 5725 ante
1446 5669 1612 5742 dixit,
1638 5692 1665 5716 ‹‹
1694 5655 1897 5742 revera
1919 5667 2015 5742 hic

348 5729 521 5811 gglus
550 5729 815 5809 prudens
863 5762 890 5790 »
925 5743 1019 5798 Gr.
1046 5729 1225 5802 ε’οἴος
1270 5729 1629 5811 πεπνυμένος,
1664 5739 1747 5792 τοὶ
1782 5736 1839 5793 δὲ
1869 5738 2010 5793 σκιαὶ

343 5793 655 5886 itemitem,
688 5793 1383 5886 advversum'pert‘inent
1429 5793 1629 5886 Qdyss'.’
1651 5814 1717 5886 Κ,
1752 5813 1824 5886 de
1854 5812 2016 5868 Tire-

343 5882 437 5926 sxa
464 5886 620 5955 vate,
653 5903 682 5934 «
715 5884 810 5939 cui
873 5884 979 5940 uni
1039 5882 1399 5958 Proserpina
1438 5882 1656 5943 dicitur
1686 5882 1921 5942 dedisse
1952 5889 2019 5940 ut

2119 3821 2300 3878 etiam
2331 3817 2648 3875 defunctus
2671 3815 3171 3889 sapiat,ireliquas
3192 3814 3654 3889 autemiumbras
3674 3831 3773 3868 vo-

2115 3893 2311 3949 litare.
2339 3913 2367 3941 »
2403 3887 2759 3961 Usurpatum
2780 3893 2872 3944 est
2891 3888 3002 3944 hoc
3042 3887 3262 3961 deinde
3284 3888 3347 3961 in
3372 3887 3770 3961 Chrysippum

2118 3963 2435 4043 magniﬁce
2464 3961 2537 4043 de
2556 3959 2623 4042 se
2640 3960 3107 4042 _sentientem,ut
3122 3959 3305 4043 refert
3320 3959 3464 4043 Diog
3477 4000 3487 4013 .
3502 3959 3768 4043 Laertius

2115 4037 2161 4090 Ι.
2191 4029 2288 4101 vix,
2322 4039 2380 4104 et
2407 4032 2468 4087 in
2500 4031 2836 4102 Scipionem
2860 4030 3188 4104 juniorem,
3221 4035 3286 4085 ut
3321 4029 3675 4085 Plutarchus
3707 4030 3769 4085 in

2120 4103 2366 4162 Politicis
2400 4105 2696 4174 praeceptis
2716 4119 2734 4157 :

2189 4220 2320 4282 Οἶος
2348 4219 2634 4291 πέπνυται,
2666 4217 2752 4273 τοὶ
2786 4217 2844 4273 δὲ
2874 4218 3017 4273 σκιαὶ
3052 4217 3349 4276 ἀῗσσουσιν.

2188 4329 2289 4385 Ille
2315 4329 2463 4399 sapit
2491 4328 2657 4396 solus,
2688 4326 2927 4383 volitant
2957 4327 3059 4382 alii
3086 4328 3232 4383 velut
3256 4326 3483 4381 umbrae.

2117 4444 2568 4537 VidnemPrp‘verb.
2601 4446 2690 4537 531,
2723 4450 2878 4537 cent.
2913 4447 2964 4511 3,
2986 4444 3526 4537 Ehll.“2.£0LLLEGT‘.

2192 4519 2302 4591 (62)
2355 4516 2417 4574 Ὀ
2473 4515 2568 4589 μὲν
2623 4514 2714 4571 οὖν
2775 4516 2925 4576 Θεὸς.
2986 4517 3183 4591 Sancti
3239 4514 3769 4591 Patreswtradunt,

2119 4587 2306 4647 Deum
2327 4587 2563 4646 Patrem
2583 4606 2893 4660 nunquam
2915 4590 3283 4660 apparuisse,
3308 4588 3411 4643 sed
3436 4587 3649 4642 Filium
3675 4604 3768 4641 so-

2120 4663 2265 4718 lum.
2306 4661 2472 4717 Conf.
2526 4662 2591 4718 D.
2646 4660 2796 4717 Bulli
2846 4660 3101 4730 Defensio
3149 4661 3279 4731 ﬁdei
3327 4662 3580 4726 Νἰοιεηω,
3616 4662 3771 4729 p.90

2042 4754 2087 4819 ο
2120 4733 2397 4819 edit-12L-
2429 4732 2695 4819 ιρηεξοο-

2193 4807 2302 4878 (63)
2332 4805 2428 4860 Ἕν
2458 4803 2533 4865 ὡς
2569 4799 2646 4863 ἓν.
2705 4804 2859 4878 Dicit
2912 4802 3126 4859 Filium
3183 4820 3304 4878 non
3359 4819 3489 4858 esse
3520 4824 3548 4851 ‹‹
3581 4816 3768 4878 unum

2122 4872 2408 4949 tanquam
2438 4893 2665 4949 unum;
2695 4897 2723 4949 »ξ
2757 4876 2869 4949 hoc
2901 4881 3009 4944 est,
3042 4892 3109 4930 eo
3142 4877 3472 4947 modo,quo
3503 4891 3598 4928 res
3628 4872 3768 4935 illae,

2122 4948 2255 5021 quas
2275 4948 2587 5021 certo_loco
2615 4948 3001 5021 definiuntur,
3027 4964 3213 5003 unum
3240 4954 3379 5003 sunt
3402 4966 3415 5013 ;
3440 4962 3548 5001 nec
3570 4951 3771 4998 tamen

2122 5019 2253 5077 esse
2280 5045 2300 5071 ι
2336 5019 2614 5087 multum,
2644 5041 2670 5069 »
2696 5036 2801 5074 seu
2832 5020 3039 5075 multis
3064 5021 3332 5091 partibus
3363 5021 3766 5081 constantem;

2122 5092 2226 5149 sed
2257 5093 2318 5147 in
2341 5108 2482 5148 vera
2511 5108 2578 5148 ac
2608 5091 2850 5164 propria
2889 5113 2917 5142 «
2948 5090 3179 5148 unitate
3210 5090 3411 5146 omnia
3442 5112 3469 5138 »
3500 5102 3770 5157 compre-

2122 5164 2404 5221 hendere.
2439 5163 2694 5220 Proinde
2719 5186 2747 5215 ‹‹
2769 5163 2992 5219 circulo
3017 5186 3044 5214 »
3068 5164 3238 5218 illum
3271 5166 3610 5232 comparat;
3638 5174 3771 5227 quae

2124 5238 2313 5309 ﬁgura
2336 5252 2446 5309 nec
2474 5235 2716 5291 initium
2747 5252 2866 5309 nec
2884 5236 3080 5309 tinem
3096 5235 3296 5298 habet,
3328 5248 3535 5309 verum
3562 5247 3597 5285 a
3624 5246 3773 5309 quo-

2124 5301 2360 5379 cunque
2381 5307 2511 5379 ejus
2536 5313 2757 5379 puncto
2788 5307 3025 5363 initium
3048 5306 3318 5379 ducatur,
3347 5304 3412 5379 in,
3430 5303 3639 5359 eodem
3666 5301 3776 5379 _de-

2124 5374 2443 5451 sinendum
2476 5374 2583 5435 est.
2617 5382 2810 5451 Atque
2839 5380 2951 5434 hoc
2982 5377 3165 5451 modo,
3180 5376 3379 5451 divina
3400 5374 3776 5451 immensitas

2125 5450 2563 5523 quodammodo
2586 5444 2926 5508 adumbrari
2946 5449 3115 5505 solet.
3139 5449 3304 5504 Conf.
3325 5450 3390 5504 D.
3408 5444 3777 5512 Bullus,libri

2125 5522 2400 5595 superius
2431 5522 2573 5595 dicti
2605 5541 2662 5595 p.
2699 5524 2820 5587 189,
2854 5524 2973 5595 190.

2194 5588 2307 5667 (64)
2340 5588 2669 5650 Μοναδικόν.
2729 5593 2896 5649 Conf.
2957 5608 3093 5720 pag,
3148 5593 3274 5658 535,
3297 5596 3367 5675 .et
3397 5607 3527 5662 qum
3560 5589 3639 5644 ibi
3672 5588 3775 5645 ad-

2194 5672 2328 5720 »tata
2359 5672 2518 5720 sunt.
2549 5683 2680 5720 nae.
2713 5667 2835 5720 582.
2866 5666 2969 5719 726
3002 5680 3032 5720 e
3080 5668 3143 5718 ιι.
3178 5666 3364 5719 Paris.

2123 5663 2328 5723 notata
2359 5672 2518 5740 sunt,
2549 5683 2680 5740 pag.
2713 5667 2835 5740 582,
2866 5663 2975 5740 726
3002 5663 3143 5720 edit.
3177 5663 3364 5740 Paris.

2196 5741 2304 5828 (65)
2336 5738 2433 5793 Διά
2484 5732 2656 5828 iniice
2713 5733 2861 5828 τόξδεθ
2911 5733 3375 5828 λέγεξΗΚύριοςΛ
3398 5733 3585 5828 Yulg.L
3623 5732 3772 5789 Bibl.

2122 5804 2328 5884 Ezech.
2360 5828 2521 5867 mv:
2557 5808 2715 5884 Λέγει
2766 5804 2999 5884 ’.Αδωναῖ
3046 5804 3256 5884 Κόριος
3278 5807 3306 5860 ὁ
3338 5804 3495 5884 βεέξςχ
3516 5804 3588 5861 et
3616 5820 3773 5884 mox,

2123 5881 2495 5958 ἀπερίτμητος
2523 5875 2701 5956 cupii,
2737 5881 2961 5953 absque
3011 5875 3189 5937 verbo
3239 5876 3371 5935 ἔστί·
3406 5879 3564 5946 dein,
3601 5875 3676 5937 εἰς
3708 5877 3774 5931 τὰ
