4138 6406
462 400 602 458 1375

1699 403 2111 466 CLEMENTIB
2145 403 2649 461 ALEXANDBINI

3755 407 3896 462 1376

465 552 488 583 σ
523 533 844 605 ρι-ωροεὶιθ.
874 537 932 588 et
961 533 1202 605 rejecta.
1238 554 1266 582 κ
1297 533 1571 605 Oportuit
1601 548 1736 604 ergo
1786 530 2114 595 homineml

2235 526 2324 583 οῦν
2356 530 2456 598 τὴν
2485 529 2726 586 σύνθεσιν
2753 534 2850 586 τοῦ
2881 531 3200 606 ἀνθρώπου,
3235 532 3288 589 ἐν
3327 531 3614 606 αῗσθητοῖς
3661 536 3896 611 γενομέ-

467 622 566 693 qui
603 622 759 678 inter
785 623 1092 679 sensibilia
1125 627 1495 690 numeratur,
1527 623 1855 678 consistere
1881 619 2124 692 quidem

467 731 536 768 ex
558 713 936 782 diversis,sed
961 732 1082 770 non
1104 732 1170 769 ex
1201 713 1792 784 contrariis,corpore
1819 717 1878 767 et
1897 712 2121 767 anima.

467 802 710 872 Semper
767 819 904 876 ergo
952 803 1122 859 bonaa
1173 804 1460 867 actiones,
1496 808 1561 858 ut
1591 802 1892 865 meliores,
1953 801 2121 856 attri-

462 891 728 946 buuntur
759 893 810 945 ei
845 893 1002 963 quod
1035 899 1125 948 est
1164 892 1569 964 praastantius,
1621 909 1834 962 nempe
1889 891 2124 961 spiritui

463 980 817 1053 principali;
853 982 1198 1053 voluptariae
1230 988 1429 1037 autem
1460 987 1518 1035 et
1539 986 1854 1053 peccantes
1886 981 1938 1034 ei
1965 978 2124 1049 quod

465 1078 554 1126 est
611 1071 896 1138 deterius,
956 1088 1171 1143 nempe
1228 1072 1498 1142 peccanti
1531 1071 1790 1142 spiritui.
1829 1070 1956 1124 Jam
1987 1086 2122 1123 vero

464 1161 752 1232 sapientis
769 1167 828 1215 et
849 1162 1098 1232 gnostici
1122 1162 1417 1224 anima,ut
1443 1178 1574 1231 quaa
1604 1161 1664 1214 in
1685 1176 1930 1231 corpore
1953 1175 2120 1229 pere-

461 1251 750 1323 grinetur,
787 1268 855 1306 eo
888 1267 1091 1306 severe
1124 1257 1181 1304 et
1208 1257 1443 1306 austere
1466 1250 1672 1317 utitur,
1700 1265 1820 1303 non
1843 1249 1904 1302 in
1926 1249 2121 1319 ipsum

461 1339 712 1394 nimiam
745 1341 1122 1396 affectionem
1156 1340 1478 1396 ostendens
1509 1346 1611 1394 aut
1649 1338 2080 1410 indulgentiam
2107 1354 2120 1402 ;

462 1434 528 1485 ut
553 1446 684 1500 quas
718 1429 795 1484 sit
839 1447 869 1485 e
926 1430 1169 1502 vestigio
1224 1429 1506 1484 relictura
1537 1427 2013 1492 tabernaculum,
2072 1425 2120 1481 si

465 1517 790 1574 excedendi
837 1525 896 1574 et
942 1519 1234 1591 migrandi
1294 1524 1530 1590 tempus
1590 1534 1719 1572 eam
1781 1516 2117 1572 vocaverit:

462 1630 491 1659 α
528 1607 786 1674 Advena,
819 1609 1035 1680 inquit,
1071 1626 1202 1664 sum
1233 1609 1294 1664 in
1327 1614 1504 1673 terra,
1536 1613 1596 1662 et
1623 1607 1940 1680 peregrina
1988 1622 2120 1661 sum

463 1713 568 1770 ego
600 1697 903 1754 vobiscum
931 1698 1030 1768 (a.)
1062 1699 1132 1752 Et
1160 1697 1299 1753 hinc
1330 1697 1626 1768 hospitem
1648 1695 1854 1750 mundi
1879 1695 2118 1750 electio-

462 1804 601 1843 nem
633 1787 923 1842 Basilides
951 1804 1081 1843 eam
1117 1787 1260 1842 dicit
1289 1787 1608 1858 accepisse,
1643 1791 1710 1840 ut
1739 1802 1871 1856 quae
1903 1785 1981 1839 sit
2009 1800 2120 1838 na-

461 1883 594 1933 tura
624 1877 1133 1948 supramundana.
1169 1878 1288 1932 Hoc
1318 1882 1517 1934 autem
1549 1891 1670 1931 non
1693 1875 1774 1930 ita
1814 1892 1874 1930 se
1903 1873 2114 1940 habet;

457 1967 638 2021 unius
671 1966 830 2021 enim
853 1967 957 2022 Dei
976 1972 1113 2022 sunt
1135 1968 1361 2022 ommia
1383 1984 1398 2032 ;
1418 1982 1612 2036 neque
1633 1965 1744 2020 erit
1765 1964 1982 2034 aliquis
2005 1980 2111 2019 na-

457 2061 594 2112 tura
617 2055 824 2112 mundi
858 2056 1080 2123 hostes,
1131 2072 1264 2111 cum
1297 2056 1374 2110 sit
1403 2071 1527 2110 una
1563 2055 1806 2126 quidem
1833 2053 2114 2120 essentia,

461 2161 620 2201 unus
651 2151 846 2201 autem
882 2147 1056 2201 Deus.
1084 2145 1195 2202 Sed
1226 2145 1447 2200 electus
1477 2145 1656 2199 vitam
1683 2143 1803 2216 agit
1833 2149 2117 2212 tanquam

461 2235 704 2307 hospes,
734 2235 930 2291 sciens
961 2235 1165 2290 omnia
1193 2251 1323 2290 esse
1354 2232 1736 2306 possidenda,
1768 2237 1825 2287 et
1855 2231 1995 2287 dein
2024 2248 2116 2286 re-

451 2324 723 2398 jicienda
747 2345 761 2391 ;
791 2340 1162 2395 quaecunque
1186 2329 1383 2379 autem
1415 2323 1572 2378 bona
1601 2321 1860 2393 triplicia
1883 2337 2010 2376 esse
2027 2337 2120 2375 vo-

457 2413 591 2470 lunt
622 2414 1021 2486 Peripatetici,
1056 2413 1140 2469 eis
1181 2414 1403 2481 utitur;
1459 2411 1792 2483 quinetiam
1843 2426 2115 2482 corpore,

456 2505 611 2559 sicut
625 2503 844 2575 aliquis
866 2504 968 2574 qui
990 2502 1199 2575 procul
1225 2519 1470 2575 peregre
1491 2499 2113 2573 proﬁciscitur,diver-

453 2593 628 2649 soriis
658 2599 718 2648 et
748 2593 1125 2659 habitaculis,
1161 2610 1292 2663 quaa
1327 2593 1377 2646 ei
1410 2592 1470 2646 in
1504 2591 1594 2646 via
1625 2595 1975 2658 occurrunt;
2011 2606 2115 2644 cu-

453 2700 583 2740 ram
615 2683 858 2754 quidem
888 2699 1101 2755 gerens
1134 2683 1314 2738 etiam
1344 2698 1544 2736 rerum
1588 2679 2025 2735 mundanarum
2059 2683 2118 2734 et

455 2773 593 2842 loci,
622 2774 683 2829 in
714 2790 830 2844 quo
861 2773 1195 2828 diversatur
1221 2771 1317 2837 ›ι‹;
1364 2770 1796 2826 habitationem
1827 2775 2028 2825 autem
2058 2773 2118 2824 et

455 2863 918 2936 possessionem.
943 2863 1098 2918 sicut
1126 2861 1307 2917 etiam
1337 2877 1533 2926 usum,
1552 2859 1924 2931 relinquens,
1950 2857 2119 2914 nulla

454 2958 654 3009 motus
673 2952 1149 3025 perturbatione;
1174 2956 1447 3023 prompto
1473 2956 1532 3005 et
1559 2950 1740 3006 alacri
1760 2950 1960 3006 animo
1979 2965 2115 3004 eum

456 3060 736 3115 sequens,
771 3043 918 3114 quie
947 3042 1066 3098 vita
1091 3041 1349 3104 abducit,
1380 3040 1547 3097 nulla
1569 3041 1881 3096 occasione
1909 3057 1971 3095 se
2004 3056 2112 3094 un-

450 3150 631 3205 quam
648 3137 806 3188 retro
830 3137 1210 3199 convertens;
1236 3131 1309 3186 ob
1325 3130 1649 3186 incolatum
1673 3130 1915 3201 quidem
1933 3145 2112 3201 agens

2233 640 2355 691 νην,
2412 619 2471 674 ἐκ
2516 617 2794 695 διαφόρων
2835 623 3175 692 συνεστάναι,
3226 622 3354 680 ἀλλ’
3395 625 3498 680 οὐκ
3526 623 3578 696 ἐξ
3609 624 3894 697 ἐναντίων,

2235 707 2488 780 σώματός
2537 729 2595 764 τε
2642 709 2732 764 καὶ
2781 713 2987 786 ψυχῆς.
3037 712 3146 768 Ἀεὶ
3201 713 3378 767 τοίνυν
3427 715 3483 769 αἱ
3531 713 3731 790 ἀγαθαὶ
3762 716 3898 790 πρά·

2234 797 2360 866 ξεις,
2411 799 2485 860 ὡς
2538 798 2816 870 ἀμείνους,
2876 805 2955 871 τῷ
3003 800 3274 874 κρείττονι
3315 807 3394 874 τῷ
3425 803 3688 876 πνεύματι
3720 804 3896 879 κυρίῳ

2232 889 2660 960 προσάπτονται·
2697 888 2751 943 αἱ
2792 886 2850 943 δέ
2880 887 3170 966 φιλήδονοι
3220 892 3310 947 καὶ
3361 893 3754 966 ἁμαρτητικαὶ,
3816 898 3897 966 τῷ

2231 978 2416 1046 ἥττονι
2460 983 2541 1049 τῷ
2593 980 2955 1052 ἁμαρτητικῷ
3004 980 3392 1055 περιτίθενται.
3443 981 3648 1038 Λύτίκα
3698 986 3732 1047 ἡ
3792 988 3893 1038 τοῦ

2233 1071 2402 1144 σοφοῦ
2432 1088 2491 1122 τε
2528 1068 2618 1122 καὶ
2643 1073 2948 1143 γνωπικοῦ
2981 1071 3158 1144 ψυχὴ,
3210 1074 3326 1126 οἷον
3370 1072 3753 1145 ἐπιξενουμένη
3815 1078 3895 1144 τῷ

2233 1158 2471 1229 σώματι,
2526 1163 2738 1230 σεμνῶς
2795 1159 2945 1229 αὐτῷ
3001 1161 3090 1215 καὶ
3139 1166 3452 1232 τιμητικῶς
3500 1164 3894 1238 προσφέρεται,

2232 1247 2293 1301 οὐ
2338 1249 2690 1321 προσπαθῶς,
2743 1248 2867 1304 ὅσον
2910 1247 3148 1305 οὐδέπωο
3185 1251 3272 1306 ἐὰν
3303 1251 3331 1305 6
3379 1253 3568 1327 καιρὸς
3597 1259 3698 1321 τῆς
3751 1254 3893 1309 ἀπο-

2232 1333 2437 1408 δημίας
2468 1335 2632 1411 καλῇ,
2665 1336 3044 1392 ἀπολείπουσα
3067 1343 3177 1411 (98)
3200 1340 3263 1394 τὸ
3292 1346 3512 1410 σκῆνος³
3551 1366 3577 1392 ι(
3607 1339 3892 1415 Πάροικος

2231 1426 2417 1503 φησὶν,
2474 1424 2524 1479 ἐν
2583 1428 2653 1496 τῇ
2707 1425 2798 1501 γῇ,
2849 1425 2938 1481 καὶ
2995 1427 3385 1502 παρεπίδημος
3437 1426 3548 1504 ἐγώ
3595 1428 3713 1503 εἷ’μι
3771 1431 3894 1502 μεθ’

2235 1515 2411 1587 ὑμῶν.
2450 1539 2476 1566 ››
2528 1516 2629 1572 Καὶ
2674 1515 2912 1580 ἐντεῦθεν
2965 1517 3116 1587 ξένην
3151 1517 3250 1586 τήν
3285 1515 3518 1592 ἐκλογὴν
3547 1522 3644 1574 τοῦ
3673 1518 3890 1591 κόσμου

2231 1605 2258 1658 ὁ
2289 1601 2618 1674 Βασιλείδης
2648 1603 2929 1683 εἴληφέναι
2965 1605 3135 1681 λέγει,
3167 1609 3239 1668 ὡς
3265 1604 3327 1661 ἂν
3372 1608 3742 1681 ὑπρκόσμιον
3796 1606 3894 1685 φῦ·

2229 1714 2307 1747 σει
2359 1694 2546 1750 οὖσαν.
2599 1694 2668 1748 Τὸ
2719 1691 2764 1749 δ’
2798 1695 2910 1770 οὐχ
2951 1694 3126 1757 οὕτως
3165 1691 3303 1770 ἔχει·
3338 1697 3456 1758 ἐνὸς
3486 1696 3588 1771 γὰρ
3617 1696 3686 1750 τὰ
3716 1697 3896 1752 πάντα

2229 1787 2384 1838 Θεοῦ·
2442 1784 2528 1838 καὶ
2592 1785 2691 1838 οὐκ
2747 1785 2804 1838 ἄν
2850 1805 2932 1846 τις
2965 1783 3048 1855 εἶή
3087 1783 3241 1859 φύσει
3299 1789 3396 1840 τοῦ
3452 1785 3665 1858 κόσμου
3717 1785 3892 1859 ξένος,

2230 1879 2358 1946 μιᾶς
2396 1875 2490 1948 μὲν
2543 1881 2645 1944 τῆς
2692 1873 2877 1937 οὐσίας
2926 1874 3110 1944 οῦσης,
3145 1876 3264 1938 ἑνὸς
3297 1873 3355 1931 δὲ
3381 1881 3480 1931 τοῦ
3510 1881 3664 1932 Θεοῦο
3698 1874 3828 1932 ἀλλ’
3860 1878 3890 1933 6

2228 1963 2483 2024 ἐκλεκτὸς
2541 1965 2616 2027 ὡς
2659 1965 2805 2038 ξένος
2855 1964 3223 2039 πολιτεύεται,
3270 1967 3445 2036 κτητά
3498 1987 3559 2022 τε
3604 1966 3694 2022 καὶ
3742 1966 3888 2022 ἀπό-

2225 2074 2400 2124 κτητα
2452 2051 2610 2115 εἷ’δὼς
2657 2053 2851 2109 πάντα·
2902 2053 3002 2108 ὅσα
3051 2052 3106 2108 δὶ
3149 2057 3339 2130 τριττᾶ
3383 2060 3496 2126 (99)
3527 2055 3663 2110 εἶναι
3713 2055 3891 2130 ἀγαθὰ

2227 2143 2279 2198 οἱ
2328 2143 2752 2217 περιπατητικοὶ
2801 2143 3042 2213 θέλουσι,
3097 2151 3301 2219 χρῆται
3344 2145 3555 2207 αὐτοῖς·
3591 2142 3740 2200 ἀλλὰ
3790 2146 3882 2202 καὶ

2225 2237 2304 2304 τῷ
2343 2235 2580 2305 σώματι,
2642 2235 2717 2298 ὣς
2771 2255 2853 2296 τις
2910 2235 3119 2308 μακρὰν
3153 2233 3520 2308 στελλόμενος
3568 2233 3890 2308 ἀποδημίαν

2225 2321 2582 2397 πανδοχείοις
2632 2324 2721 2377 καὶ
2754 2329 2873 2386 ταῖς
2923 2325 3050 2398 παρ’
3077 2321 3202 2378 ὁδὸν
3230 2324 3532 2396 οἰκήσεσιν·
3587 2322 3893 2398 ἐπιμελού-

2230 2433 2390 2486 μενος
2427 2413 2523 2486 μέν
2573 2413 2664 2468 καί
2707 2416 3010 2486 κοσμικῶν,
3059 2414 3150 2467 τὸν
3203 2413 3370 2469 τόπον
3426 2419 3497 2486 (1)
3548 2408 3674 2478 ἔνθα
3722 2435 3891 2470 κατα-

2226 2500 2365 2558 λύει·
2401 2502 2693 2558 ἀπολιπὼν
2727 2499 2784 2558 δὲ
2820 2504 2920 2571 τὴν
2953 2500 3164 2574 οἷ’κησιν
3214 2503 3305 2558 καὶ
3364 2504 3464 2573 τὴν
3521 2510 3739 2573 κτῆσιν,
3795 2525 3892 2558 κα-

2228 2591 2395 2666 θάπερ
2450 2591 2538 2646 καὶ
2593 2592 2692 2660 τὴν
2748 2599 2971 2667 χρῆσιν,
3014 2591 3406 2667 ἀπροσπαθῶς,
3457 2593 3759 2668 προθύμως
3809 2596 3895 2662 τῷ

2226 2682 2490 2757 ἀπάγοντι
2519 2685 2616 2735 τοῦ
2650 2680 2778 2757 βίου
2828 2677 3214 2754 συνεπόμενος,
3248 2677 3506 2755 οὐδαμῶς
3546 2681 3722 2736 ὀπίσω
3769 2683 3894 2737 κατ’

2226 2768 2482 2844 οὐδεμίαν
2517 2776 2589 2843 (2)
2639 2770 2895 2848 ἀφορμὴν
2947 2769 3426 2846 ἐπιστρεφόμενος·
3481 2771 3894 2846 εὐχαριστήσας

2229 2861 2324 2934 μὲν
2358 2860 2445 2915 ἐπὶ
2478 2865 2544 2934 τῇ
2577 2860 2861 2934 παροικίᾳ,
2893 2857 3143 2934 εὐλογῶν
3191 2857 3250 2915 δὲ
3298 2859 3386 2915 ἐπὶ
3433 2864 3502 2933 τῇ
3535 2857 3726 2933 ἐξόδῳ,
3785 2861 3888 2929 τήν

2227 2952 2400 3024 μονὴν
2453 2950 2825 3023 ἀσπαζόμενος
2875 2950 2974 3019 τήν
3025 2948 3077 3005 ἐν
3107 2949 3345 3023 οὐρανῷ.
3408 2946 3706 3022 «Οἴδαμεν
3759 2949 3890 3026 γὰρ,

2223 3039 2329 3108 ὅτι,
2390 3038 2476 3095 ἐὰν
2530 3043 2564 3108 ἡ
2623 3039 2864 3114 ἐπίγειες
2912 3040 3072 3112 ἡμῶν
3121 3038 3265 3094 οἰκία
3303 3043 3400 3094 τοῦ
3432 3041 3668 3109 σκήνους
3716 3059 3890 3093 κατα-

2224 3129 2388 3204 λυθῇ,
2421 3127 2726 3206 οἰκοδομὴν
2759 3129 2817 3184 ἐκ
2845 3133 2980 3184 Θεοῦ
3029 3124 3257 3204 ἔχομεν,
3309 3128 3480 3184 οἰκίαν
3523 3127 3892 3204 ἀχειροποίη-

449 3221 1059 3297 gratias,benedicens
1077 3226 1275 3278 autem
1294 3225 1537 3292 propter
1557 3219 2112 3287 exitum,caalestem

2235 3241 2314 3274 εον
2365 3221 2582 3275 αἶ’ώνιον
2616 3219 2666 3274 ἐν
2698 3225 2817 3282 τοῖς
2846 3220 3125 3294 οὐρανοῖς.
3159 3219 3256 3273 Καὶ
3287 3218 3387 3295 γὰρ
3429 3218 3480 3272 ἐν
3531 3217 3712 3290 τούτῳ
3761 3238 3890 3272 στε-

452 3313 822 3383 amplectens
876 3311 1272 3368 mansionem.
1327 3333 1352 3358 «
1389 3310 1619 3365 Scimus
1650 3309 1833 3377 enim,
1869 3308 2028 3380 quod
2063 3307 2111 3362 si

453 3406 694 3457 terrena
715 3406 921 3456 nostra
932 3399 1218 3456 habitatio
1239 3399 1608 3455 tabernaculi
1631 3396 2117 3454 dissolutal‘uerit

455 3491 774 3547 mdiﬁcium
805 3506 840 3546 a
871 3491 988 3545 Deo
1020 3490 1330 3553 habemus,
1367 3488 1608 3544 domum
1657 3504 1779 3543 non
1836 3489 2111 3545 manufa~

452 3586 608 3637 ctam
633 3586 918 3636 aiternam
949 3580 1012 3634 in
1043 3579 1229 3635 caelis.
1272 3578 1503 3632 Etenim
1536 3579 1596 3632 in
1627 3577 1739 3632 hoc
1771 3577 2113 3649 ingemisci-

453 3687 606 3735 mus,
641 3668 1049 3725 habitaculum
1081 3672 1375 3732 nostrum,
1411 3666 1570 3737 quod
1594 3671 1684 3721 est
1713 3682 1784 3720 ex
1810 3666 1978 3733 caelo,
2013 3685 2110 3723 su-

452 3757 729 3832 perindui
780 3757 1124 3828 cupientes;
1184 3755 1484 3825 siquidem
1533 3753 1713 3808 etiam
1745 3754 1958 3820 induti,
1992 3773 2111 3812 non

453 3847 592 3903 au'di
613 3847 1005 3902 inveniemur.
1032 3847 1144 3901 Per
1161 3843 1340 3899 fidem
1374 3842 1533 3899 enim
1564 3842 1963 3910 ambulamus,
1993 3860 2113 3899 non

454 3954 562 4010 per
581 3937 894 4010 speciem,»
923 3936 1083 3991 utait
1105 3933 1422 4006 Apostolus
1449 3933 1575 4004 (b).¢
1605 3932 1782 4004 Magis
1803 3939 2001 3988 autem
2015 3952 2116 3990 vo-

451 4028 654 4084 lumus
683 4026 1052 4100 peregrinari
1101 4041 1136 4080 a
1165 4039 1434 4096 corpore,
1491 4027 1550 4078 et
1576 4022 1735 4095 apud
1766 4023 1952 4078 Deum
1985 4041 2115 4080 ver-

455 4117 573 4175 sari
605 4117 697 4188 (ο).
737 4140 764 4167 ››
794 4117 946 4172 282
979 4115 1158 4188 Magis
1190 4120 1389 4169 autem
1422 4117 1511 4168 est
1539 4113 1602 4166 in
1635 4113 2110 4184 comparatione;

453 4207 818 4281 comparatio
851 4212 1050 4263 autem
1097 4209 1187 4262 est
1217 4205 1278 4259 in
1310 4204 1404 4270 iis,
1440 4221 1572 4274 quae
1604 4203 1825 4258 cadunt
1854 4204 1915 4258 in
1947 4205 2113 4261 simi-

450 4299 810 4364 litudinem;
863 4303 929 4352 ut
974 4295 1186 4351 fortior
1216 4292 1470 4348 fortibus
1501 4291 1732 4354 fortior,
1771 4293 2115 4349 timidorum

453 4395 651 4446 autem
674 4389 1064 4445 rortissimus.
1102 4385 1266 4440 Unde
1292 4383 1633 4455 subjunxit:
1667 4405 1691 4431 ‹‹
1720 4384 2115 4448 Quamobrem

457 4479 896 4547 contendimus,
943 4477 1060 4533 sive
1111 4474 1587 4547 peregrinantes,
1639 4472 1759 4527 sive
1791 4474 1949 4545 apud
1980 4490 2115 4530 eum

2223 3312 2479 3382 νάζομεν,
2527 3309 2590 3364 τὸ
2639 3309 2966 3385 οἰκητήριον
3010 3310 3172 3382 ἡμῶν
3222 3309 3285 3363 τὸ
3325 3307 3376 3378 ἐξ
3399 3306 3627 3382 οὐρανοῦ
3657 3305 3890 3362 ἐπενδύ-

2225 3411 2414 3463 σασθαι
2447 3398 2860 3459 ἐπιποθοῦντες
2913 3395 2966 3451 εἷ’
2988 3419 3070 3472 γε,
3121 3399 3212 3452 καὶ
3261 3395 3630 3471 ἐνδυσάμενοι,
3679 3396 3743 3452 οὐ
3791 3419 3892 3473 γυο

2229 3488 2355 3562 μνοὶ
2388 3487 2816 3562 εὑρεθησόμεθα·
2851 3484 2940 3542 διὰ
2996 3488 3233 3549 πίστεως
3290 3487 3394 3562 γὰρ
3453 3489 3889 3562 περιπατοῦμεν,

2226 3579 2287 3632 οὐ
2321 3577 2411 3632 διὰ
2436 3575 2633 3646 εἴδους,
2669 3601 2697 3629 »ι
2733 3577 2808 3640 ὡς
2853 3577 2881 3631 6
2916 3575 3260 3636 ’Λπόστολος
3311 3577 3495 3650 φησίν.
3551 3597 3576 3629 α
3613 3572 3892 3632 Εὐδοκοῦ-

2230 3687 2324 3740 μεν
2377 3665 2435 3721 δὲ
2495 3664 2708 3739 μᾶλλον
2767 3669 2846 3738 (3)
2899 3663 3208 3739 ἐκδημῆσαι
3241 3665 3302 3720 ἐκ
3327 3669 3424 3720 τοῦ
3456 3666 3736 3737 σώματος,
3797 3664 3891 3722 καὶ

2225 3753 2528 3828 ἐνδημῆσαι
2559 3755 2696 3827 πρὸς
2725 3756 2816 3810 τὸν
2849 3756 3000 3810 Θεὸν.
3038 3778 3065 3806 »
3109 3756 3196 3810 'Ev
3228 3753 3500 3830 συγκρίσει
3535 3752 3592 3808 δὲ
3622 3755 3684 3809 τὸ
3741 3753 3892 3827 μᾶλ-

2228 3843 2345 3900 λον·
2380 3847 2414 3914 ἡ
2449 3842 2507 3899 δὲ
2556 3843 2832 3919 σύγκρισις
2885 3842 2971 3898 ἐπὶ
3027 3847 3136 3898 τῶν
3179 3844 3303 3907 καθ’
3359 3843 3623 3916 ὁμοίωσιν
3681 3845 3890 3900 ὑποπι-

2225 3934 2493 3989 πτόντων
2554 3933 2630 3996 ὡς
2687 3934 2715 3987 6
2773 3930 3153 4007 ἀνδρειότερος
3190 3929 3452 4006 ἀνδρείων
3485 3931 3888 4009 ἀνδρειότερος,

2227 4021 2423 4079 δειλῶν
2458 4020 2514 4078 δὲ
2546 4019 2944 4096 ἀνδρειότατος.
2986 4023 3145 4085 Ὅθεν
3193 4020 3488 4095 ἐπήγαγεν.
3539 4047 3567 4075 ι(
3603 4022 3696 4078 Διὸ
3723 4020 3889 4099 φιλο-

2222 4115 2536 4188 τιμούμεθα
2565 4118 2662 4187 (4),
2695 4113 2802 4168 εἶ’τε
2834 4111 3224 4186 ἐκδημοῦντες,
3274 4111 3380 4168 εἴτε
3432 4111 3823 4186 ἐνδημοῦντες,
3856 4139 3887 4168 »

2225 4203 2502 4279 εὐάρεστοι
2557 4204 2692 4258 εῖναι
2752 4203 2926 4274 αὐτῷ,
2973 4206 3051 4272 τῷ
3091 4201 3170 4257 ἐνὶ
3202 4200 3463 4272 δηλονότι
3509 4208 3646 4275 Θεῷ,
3707 4203 3772 4258 οὗ
3819 4204 3893 4258 τὰ

2225 4294 2401 4348 πάντα
2447 4287 2604 4367 ἔργον
2653 4312 2710 4346 τε
2755 4292 2846 4346 καὶ
2877 4291 3076 4356 κτίσις,
3102 4291 3130 4345 ὃ
3157 4312 3216 4346 τε
3243 4291 3456 4357 κόσμος
3487 4291 3575 4347 καὶ
3620 4294 3687 4347 τὰ
3722 4293 3891 4368 ὑπερ-

2225 4382 2449 4454 κόσμια.
2509 4383 2746 4457 Ἀγαμαι
2802 4381 2895 4435 τὸν
2955 4380 3342 4456 Ἐπίχαρμον,
3402 4386 3585 4460 σαφῶς
3634 4381 3890 4459 λέγοντα·

2230 4497 2258 4524 ‹‹
2308 4468 2552 4542 Εὐσεϐής
2580 4478 2661 4545 τῷ
2683 4474 2756 4546 (5)
2801 4472 3077 4550 πεφυκὼς,
3113 4473 3176 4527 οὐ
3206 4473 3404 4536 πάθοις
3452 4475 3502 4549 γ’
3533 4471 3687 4528 οὐδὶν
3720 4475 3893 4530 κακὸν

523 4653 587 4717 ›ι‹
617 4647 678 4700 P.
712 4645 816 4717 διιο
847 4645 956 4717 Ep.
991 4641 1284 4709 POTTER,
1319 4639 1559 4693 544-542
1588 4639 1702 4694 ΕΙ).
1735 4639 1964 4696 PARIS.
2045 4642 2114 4712 (α,

2235 4658 2290 4696 n.
2325 4658 2490 4708 xxiii,
2523 4643 2592 4710 4,
2624 4640 2778 4696 Psal.
2806 4620 3041 4707 xxivm,
3077 4641 3162 4694 13.
3241 4641 3317 4711 (b)
3365 4641 3416 4696 II
3457 4641 3587 4695 Cor.
3634 4660 3688 4708 ν,
3743 4645 3795 4707 1,
3832 4646 3892 4712 2,

457 4719 511 4785 3,
541 4716 598 4771 νγ.
677 4717 748 4788 (c)
775 4716 923 4771 ibid.
958 4717 1010 4770 8.

451 4861 612 4933 jecta
636 4875 649 4926 ;
669 4881 712 4933 gi
746 4856 1151 4933 ut_Ci_ceronis_
1166 4853 1362 4933 verbis
1392 4855 1546 4933 utar.
1587 4850 1701 4933 lib.
1733 4853 1798 4908 ui
1823 4858 1934 4933 LDe
1961 4855 2113 4933 ﬁn_ib.
2149 4858 2196 4924 Ι)

528 4924 642 5003 (98)
668 4927 1094 5003 Ἀπολείπουσα.
1127 4929 1195 4981 In
1227 4925 1510 5003 Flor._est
1547 4924 1724 5003 etiam
1783 4925 1977 5003 altera
2030 4927 2114 5003 le-

457 4997 573 5059 ctio
604 4997 976 5062 ἆπολιποῦσα,
1011 5000 1117 5054 fut.
1152 5004 1335 5068 temp.
1387 4997 1709 5066 Sequentia
1737 4997 1915 5052 verba
1944 4999 2116 5053 Davi-

456 5076 549 5131 dis
581 5080 720 5130 sunt
749 5092 819 5130 ex
843 5072 1062 5129 Psalm.
1096 5086 1330 5135 xxxvm,
1386 5068 1658 5138 pauculis
1718 5070 1983 5127 mutatis.
2044 5073 2113 5126 Α.

455 5148 728 5204 SYLBURG.
763 5178 830 5186 —
852 5147 918 5200 In
944 5160 1132 5200 unum
1153 5141 1284 5210 conj
1297 5139 1462 5212 ungit
1488 5139 1809 5212 Abrahami
1835 5140 2114 5212 verba_ad

458 5219 612 5274 filios
644 5218 850 5284 Cheth,
887 5218 1029 5272 Gen.
1062 5231 1225 5280 xxm,
1259 5208 1291 5266 ιί
1319 5228 1330 5264 :
1366 5208 1774 5284 llaigoiaoqﬂmt
1805 5209 2113 5284 παρεπίδη-

463 5309 564 5361 μος
613 5287 756 5363 ἐγώ-
781 5282 894 5359 εἶμι
960 5286 1076 5359 μεθ’
1134 5285 1406 5363 {indiget
1435 5282 1898 5363 verba‘Davidis,
1938 5286 2110 5363 _Psal_.

457 5351 782 5433 ixiix'(al.
833 5351 1085 5429 suum),
1138 5351 1243 5414 l2:
1299 5354 1568 5428 Πάροικος
1616 5351 1722 5475 ἐγώ
1772 5351 1891 5426 εἶμι
1935 5353 1987 5409 ἐν
2044 5359 2113 5430 τῇ

457 5437 521 5475 ψῖ
574 5433 662 5475 νηιῖ
717 5429 1104 5475 «armaria-nunc
1175 5426 1358 5475 καθὼς
1397 5425 1592 5475 πάντες
1627 5444 1653 5475 0
1709 5445 1932 5475 ﬁa‘EEOEC
1989 5450 2113 5475 μοι)-

453 5437 526 5507 γῇ
574 5425 1126 5508 καὶςῗπαρεπίδημος,
1175 5426 1358 5508 καβὼς
1387 5425 1592 5484 πάντες
1627 5425 1677 5506 οἳ
1709 5425 1945 5508 πατέρες,
1986 5425 2114 5500 μου.

527 5508 637 5576 (99)
663 5501 884 5578 Τριττά.
923 5501 1380 5578 Νθιῐιροᾷζιῐιίωἰ,
1415 5501 1681 5578 corporis
1722 5515 1789 5552 ac
1838 5501 2112 5578 fortuna.

458 5568 806 5634 Aristoteles
833 5578 1006 5632 Ethic.
1041 5568 1114 5630 ad
1146 5569 1486 5628 Nicomach.
1520 5568 1621 5622 lib.
1658 5585 1694 5635 ι,
1727 5587 1854 5641 cap.
1891 5576 1958 5628 8:
1999 5578 2114 5628 Νε-

465 5647 819 5716 μεμημένων,
870 5652 978 5699 τῶν
1024 5642 1164 5716 περὶΔ
1200 5642 1434 5716 ἀγαθῶν
1463 5641 1658 5716 τριχῇ,
1702 5641 1792 5716 καὶ
1849 5642 1957 5697 τῶν
2019 5644 2112 5714 μὶν

462 5711 975 5790 ἐκτδςλεγομὲνων,
1007 5711 1111 5769 τῶν
1147 5711 1203 5767 δὲ
1241 5711 1601 5790 περὶ-ψυχήν
1634 5712 1936 5790 καὶ-σῶμα.
1977 5737 1997 5763 ι
2021 5711 2118 5772 ’Βί-

464 5784 732 5844 stributis
783 5784 919 5841 'vero
978 5789 1152 5842 bonis
1211 5784 1521 5843 trifariam,
1581 5789 1647 5838 ut
1702 5785 1819 5839 alia
1845 5786 2119 5841 dicantur

466 5872 597 5913 esse
624 5864 808 5926 extra,
843 5857 959 5913 alia
980 5859 1043 5913 in
1073 5857 1295 5922 animo,
1327 5854 1445 5910 alia
1475 5855 1536 5909 in
1569 5871 1838 5927 corpore,
1871 5878 1900 5907 »
1933 5863 2044 5914 etc.

2297 4856 2376 4926 (1)
2431 4854 2530 4908 Τὸν
2589 4851 2778 4907 τόπον.
2824 4854 3318 4929 _Constru_ctionis_
3372 4856 3577 4929 regula
3624 4858 3898 4928 postulat

2227 4924 2365 4998 gen.
2425 4943 2586 4994 casu,
2635 4930 2742 4980 τῶν
2773 4924 2979 4991 τόπων,
3015 4926 3108 4981 vel
3134 4924 3466 4998 moeri-nou:
3485 4924 3760 4983 Sus—uae.
3823 4963 3896 4974 —

2227 4997 2560 5071 Gentianus
2591 4999 2872 5055 Hervetus
2896 4999 3038 5071 legit
3064 4999 3162 5050 τοῦ
3191 4997 3385 5068 τόπου,
3415 5001 3475 5054 F.
3510 5000 3794 5056 Morellus
3825 5005 3894 5058 P.

2229 5073 2293 5126 Β.
2324 5073 2432 5124 τῶν
2459 5068 2665 5125 τόπων.
2698 5073 2963 5126 COLLECT.

2303 5143 2379 5215 (2)
2409 5139 2620 5199 Ὀπίσω
2677 5143 2792 5197 κατ’
2853 5139 2969 5196 οὐδ.
3018 5141 3255 5196 Scilicet
3287 5141 3348 5196 in
3382 5143 3583 5215 animo
3645 5160 3898 5202 servans

2230 5214 2446 5271 Christi
2478 5222 2864 5288 praeceptum,
2896 5215 3033 5269 Luc.
3075 5230 3208 5282 xvn,
3243 5216 3347 5268 32:
3384 5214 3772 5287 Μνημονεύετε
3793 5223 3898 5287 τῆς

2228 5287 2500 5360 γυναικὸςῖ
2511 5287 2655 5360 ᾼώτ.

2300 5359 2400 5434 (3)__
2434 5354 2784 5434 E68_oxoii‘ptv
2841 5352 2899 5434 δέ
2959 5353 3196 5434 μᾶλλονε
3259 5359 3327 5413 Α.
3379 5357 3896 5434 Γηφτξίῂθαῤῥοῦ-

2232 5413 2326 5513 μεν
2360 5413 2560 5495 δέίίκαὶ
2608 5413 3009 5516 εὐδρκιμοῦμέν
3055 5425 3297 5516 μᾶλλον,
3320 5445 3409 5516 ἐκ
3438 5429 3483 5483 lI
3514 5413 3642 5516 901;.
3677 5413 3900 5497 v,H171bi

2228 5498 2407 5559 etiam
2441 5520 2598 5569 mox,
2632 5498 2940 5572 ἐνδημῆσαι
2972 5498 3107 5574 πρὸς
3137 5521 3228 5554 τον
3261 5498 3682 5574 Κύριονηδῖιτη.

2299 5579 2376 5650 (β)
2410 5574 2501 5628 Διὸ
2533 5594 2604 5650 φε.
2626 5575 2789 5650 Vulg.
2813 5574 2986 5650 _Bibl_._
3018 5572 3087 5628 VII
3118 5575 3247 5650 Cor.
3301 5589 3370 5650 v_:
3405 5572 3515 5650 _A'.<‘>
3545 5572 3634 5650 καὶ
3668 5573 3900 5650 φιλοίη-

2231 5640 2501 5718 μούμεθα,
2546 5640 2604 5698 εἶ’
2642 5666 2702 5700 τε
2741 5640 3135 5717 ἐνδημοῦντες,
3179 5641 3232 5697 εἷ’
3251 5664 3311 5698 τε
3340 5640 3733 5717 ἐκδημοῦντες,
3766 5647 3899 5703 εὐά-

2228 5738 2405 5790 ρεστοι
2437 5720 2585 5790 αὐτῷ
2609 5718 2764 5776 εἶναι.
2798 5722 2866 5774 Α.
2899 5719 3174 5774 SYLBURG.

2300 5794 2376 5858 (5)
2408 5789 2650 5857 Εὐσεϐὴς
2681 5813 2730 5848 ν.
2763 5795 2880 5846 Hos
2909 5789 3249 5862 Epicharmi
3277 5805 3481 5846 versus
3525 5790 3594 5848 H.
3647 5793 3895 5854 Grotius

2231 5861 2294 5916 in
2345 5866 2630 5938 Excerptis
2685 5881 2712 5920 ε
2769 5870 2915 5933 trag.
2958 5861 3026 5916 et
3085 5878 3247 5932 com.,
3304 5879 3363 5934 p.
3405 5864 3531 5932 481,
3562 5862 3678 5921 hoc
3706 5867 3890 5924 modo
