3876 6218
1567 769 2496 900 ELENCHUS

746 1234 1241 1319 OPERUM
1288 1237 1560 1346 QU/‘E
1614 1237 1729 1317 IN
1786 1236 2028 1319 HOC
2083 1237 2422 1321 ΤΟΜΟ
2479 1238 3348 1327 CONTINENTUR.

2090 1628 3041 1670 W—

569 2032 821 2093 Eusebii
855 2032 1157 2111 Pamphili
1198 2032 1338 2091 libri
1376 2036 1653 2109 quatuor
1681 2031 1757 2092 de
1790 2033 1910 2090 vita
1944 2031 2363 2092 Constantini.
3135 2033 3251 2093 col.
3455 2036 3494 2094 9

574 2129 967 2191 Constantini
1004 2130 1253 2192 decreta
1286 2138 1346 2193 et
1376 2132 1876 2193 constitutiones.
3414 2136 3492 2193 93

571 2229 964 2290 Constantini
1002 2231 1213 2307 magni
1251 2231 1610 2293 conciones.
3378 2235 3494 2295 399

569 2326 959 2386 Constantini
990 2327 1200 2405 Magni
1230 2328 1534 2405 epistolas.
3376 2331 3491 2389 577

572 2425 1000 2502 Panegyricus
1026 2427 1421 2489 Constantini
1452 2435 1711 2489 auctore
1736 2431 2029 2492 Nazario.
3378 2429 3485 2489 581

571 2524 935 2602 Panegyrici
990 2528 1233 2584 veteres
1284 2526 1366 2585 ab
1416 2526 1555 2585 aliis
1608 2525 2020 2587 Constantino
2056 2528 2222 2588 dicti.
3370 2527 3487 2586 609

571 2623 978 2684 Monumenla
1027 2629 1236 2685 vetera
1278 2625 1352 2683 ad
1407 2625 1733 2685 historiam
1782 2626 2240 2687 donatistarum
2298 2630 2696 2706 pertinentia.
3376 2625 3494 2684 0'73

572 2725 1312 2800 Anonymi'ltinerarium
1343 2726 1828 2803 Burdcgalcnsc.
3378 2723 3494 2783 783

571 2821 629 2879 S.
664 2822 959 2882 Silvester
991 2839 1171 2900 papa.
3376 2822 3494 2883 795

572 2917 631 2976 S.
666 2918 915 2979 Marcus
948 2937 1128 2998 papa.
3376 2921 3494 2981 8&9

572 3018 631 3075 S.
662 3019 867 3079 Julius
901 3036 1059 3096 papa
1090 3022 1140 3079 1.
3375 3019 3493 3080 857

578 3116 884 3177 Victorini
914 3118 1073 3178 liber
1100 3118 1176 3180 ad
1203 3120 1520 3182 Iustinum
1563 3124 2001 3185 manichmum.
3377 3120 3495 3179 999

573 3221 868 3299 Ejusdem
899 3230 1201 3285 tractatus
1231 3226 1304 3285 de
1334 3228 1575 3287 verbis:
1602 3228 1849 3287 Factum
1878 3237 1961 3286 est
1988 3244 2227 3305 vespere
2261 3235 2314 3286 et
2342 3244 2512 3286 mane
2544 3224 2669 3285 dics
2699 3241 2878 3282 unus.
3339 3220 3491 3279 1009

568 3318 824 3378 Candidi
854 3320 1071 3379 Ariani
1102 3322 1260 3381 liber
1286 3322 1359 3382 de
1391 3326 1796 3400 generatione
1825 3324 2058 3385 divina.
3349 3320 3496 3380 1013

575 3419 875 3478 Victorini
909 3420 1063 3481 liber
1090 3421 1162 3480 de
1190 3424 1595 3498 generatione
1622 3424 1815 3483 divini
1846 3424 2056 3484 Verbi.
3344 3418 3498 3476 1019

567 3521 820 3581 Candidi
853 3522 1067 3582 Ariani
1102 3525 1370 3599 epistola
1396 3526 1471 3585 ad
1504 3524 1919 3584 Victorinum.
3347 3516 3499 3575 1035

574 3622 879 3681 Victorini
908 3623 1212 3683 adversus
1244 3624 1461 3683 Arium
1496 3625 1634 3683 libri
1666 3630 1963 3701 quatuor.
3346 3616 3497 3676 1039

532 3796 535 3797 ν
568 3721 853 3797 Ejusdem
886 3727 1183 3781 tractatus
1213 3723 1286 3782 dc
1313 3735 1631 3778 ouoomo.

3347 3717 3493 3775 1137

574 3819 861 3897 Ejusdem
890 3820 962 3879 de
991 3821 1294 3881 Trinitate
1325 3821 1537 3899 hymni
1571 3829 1717 3883 tres.
3350 3814 3502 3874 1139

577 3918 869 3997 Ejusdem
906 3921 1045 3980 libri
1079 3921 1201 3981 duo
1234 3923 1296 3980 in
1324 3923 1651 3998 epistolam
1688 3922 1764 3981 ad
1798 3925 2075 3984 Galatas.
3348 3917 3502 3977 111ιὸ

574 4019 862 4094 Ejusdem
900 4018 1057 4077 liher
1088 4020 1146 4077 in
1181 4021 1509 4095 epistolam
1539 4021 1614 4081 ad
1647 4022 2095 4098 Phitippenses.
3349 4018 3499 4076 1197

568 4115 856 4191 Ejusdem
898 4116 1035 4174 libri
1074 4117 1198 4176 duo
1234 4121 1293 4175 in
1325 4118 1668 4193 Epistulam
1711 4121 1786 4179 ad
1828 4120 2149 4197 Ephesios.
2948 4195 2955 4197 _
3352 4115 3503 4175 1235

580 4214 870 4291 Ejusdem
900 4214 1061 4275 liber
1086 4216 1159 4274 de
1184 4216 1484 4294 Physicis.
1879 4195 1892 4197 ⁷
2944 4195 2955 4207 ’
3350 4216 3501 4274 1295

578 4314 765 4373 Osius
797 4314 1228 4375 cordubensis.
3354 4314 3504 4374 1309

578 4413 864 4473 Liberius
896 4430 1080 4491 papa.
1124 4449 1195 4457 —
1227 4416 1542 4494 Epistolm,
1577 4416 1738 4475 dicta
1775 4422 1833 4475 et
1864 4422 2060 4493 gesta.
3354 4411 3497 4471 1351

574 4512 833 4573 Potamii
867 4517 1166 4573 tractatus
1200 4514 1272 4573 de
1308 4515 1567 4575 Lazaro.
3353 4510 3501 4569 11111

573 4612 863 4691 Ejusdem
896 4618 1198 4673 tractatus
1228 4615 1304 4674 de
1337 4617 1638 4693 martyrio
1667 4617 1863 4676 lsaizc.
3353 4610 3505 4670 1015

573 4710 863 4785 Ejusdem
899 4712 1159 4787 epistola
1193 4713 1268 4772 ad
1302 4713 1741 4774 Athanasium.
3350 4710 3502 4771 11.16

1833 5064 2233 5126 EltRATUM.

979 5255 1091 5309 Col.
1126 5255 1212 5316 83,
1244 5255 1333 5307 lin.
1372 5253 1404 5307 5
1438 5272 1447 5304 :
1484 5270 1650 5319 coma;
1700 5255 1798 5324 leg.
1842 5269 1940 5307 C(ID
1971 5294 1984 5320 ,
2032 5270 2126 5323 pro
2151 5270 2247 5309 con
2270 5271 2353 5308 (ιι.
