3876 6218
416 320 476 376 Μ
1730 315 1997 374 EUSEBII
2032 313 2353 375 PAMPﬂlLl
3611 322 3679 380 12

420 431 862 503 splendidissimus
913 430 1046 487 lucis
1090 430 1224 487 stola
1259 448 1270 485 :
1304 445 1525 502 eamque
1558 445 1661 486 non
1696 432 1806 505 jam
1838 431 1987 486 brevi
2014 430 2384 501 Astnntinus,
2424 430 2655 488 evidenti
2702 432 2953 507 suffragio
2999 436 3385 509 comprobavit,
3415 434 3544 492 dum
3598 438 3675 495 illi

426 526 679 596 temporis
717 526 983 579 curriculo
1029 524 1081 578 in
1124 524 1205 580 his
1233 525 1444 580 caducis
1488 525 1704 581 sedibus
1731 526 1994 593 volutari,

423 617 515 671 sed
540 632 738 672 corona
785 627 1039 688 perpetuo
1090 621 1295 673 virente
1319 661 1333 684 ,
1382 629 1434 672 et
1466 618 1751 671 immortali
1794 618 1898 671 vita
1934 634 1995 671 ac

422 708 581 764 beato
612 724 724 762 aevo
753 709 998 764 donatam
1027 725 1145 765 esse
1173 709 1413 778 intelligo
1445 728 1457 761 :
1489 718 1664 763 mutus
1706 711 1914 773 hmreo,
1947 718 1999 763 et

425 799 617 869 lingure
645 800 969 869 rationisque
1001 816 1097 855 usu
1130 802 1337 871 penitus
1364 800 1671 855 destitutus.
1705 802 1780 855 Ac
1806 816 1995 855 vocem

423 891 635 961 quidem
666 892 904 961 proferre
933 893 1127 947 nullam
1159 906 1371 961 possum
1409 910 1421 945 :
1456 891 1547 946 sed
1575 908 1749 947 meam
1776 893 1888 962 ipse
1922 903 1997 947 te-

423 985 677 1038 nuitatem
705 983 844 1037 ultro
886 985 1272 1049 condemnans,
1307 982 1543 1052 mihique
1572 984 1686 1055 ipse
1713 984 1988 1040 silentium

426 1074 686 1141 indicens,
718 1074 851 1130 cedo
878 1076 1069 1145 potiori
1094 1076 1187 1129 bas
1210 1084 1405 1142 partes,
1434 1084 1492 1128 ut
1522 1090 1617 1145 pro
1640 1078 1841 1132 meritis
1866 1090 1995 1132 con-

424 1184 582 1240 gruas
611 1167 796 1223 laudes
822 1175 1101 1235 expromat
1132 1186 1143 1219 :
1176 1166 1249 1220 illi
1278 1166 1481 1221 scilicet
1510 1167 1599 1236 qui
1628 1181 1747 1222 cum
1776 1169 1996 1223 immor-

425 1260 545 1314 talis
573 1260 711 1315 Deus
740 1259 808 1313 sit
836 1275 897 1314 ac
929 1260 1021 1314 Dei
1062 1274 1273 1325 sermo,
1314 1258 1458 1314 solus
1502 1272 1596 1314 sua
1641 1258 1808 1330 ipsius
1853 1259 1994 1316 dicta

426 1352 637 1411 firmare
667 1360 720 1407 et
745 1360 860 1407 rata
892 1350 1066 1408 facere
1094 1360 1292 1423 potest.

1037 1464 1260 1520 CAPUT
1298 1465 1383 1519 Ill.

423 1558 501 1613 De
530 1558 636 1612 Deo
664 1559 771 1629 pios
805 1558 1054 1627 principes
1086 1557 1362 1609 honorant:
1389 1563 1435 1610 et
1478 1564 1717 1625 tyrannos
1740 1557 1991 1625 puniente.

492 1672 625 1727 Cum
649 1671 791 1731 enim
836 1668 1160 1739 praedixerit,
1189 1683 1286 1723 eos
1328 1681 1358 1719 a
1386 1666 1579 1735 quibus
1606 1668 1780 1724 cultus
1811 1678 1864 1723 et
1895 1668 1993 1723 ho-

420 1775 638 1823 noratus
662 1764 885 1828 fuisset,
919 1763 1162 1817 maximis
1193 1762 1424 1831 prtemiis
1470 1776 1500 1815 a
1546 1776 1604 1816 se
1644 1762 1877 1816 vicissim
1904 1776 1991 1816 re-

420 1858 777 1914 munerandos
807 1872 953 1923 esse;
987 1857 1107 1911 illos
1136 1871 1263 1910 vero
1290 1855 1375 1923 qui
1406 1869 1461 1909 se
1489 1854 1672 1909 hostes
1702 1865 1858 1923 atque
1886 1853 1987 1907 ini-

422 1953 586 2005 micos
612 1951 779 2018 ipsius
826 1948 1048 2018 professi
1074 1956 1291 2012 essent,
1323 1946 1669 2016 sibimetipsis
1698 1944 1987 2014 perniciem

418 2053 711 2109 creaturos,
743 2043 1123 2109 promissorum
1150 2053 1211 2092 ac
1230 2038 1513 2093 verborum
1542 2053 1760 2095 suorum
1790 2037 1990 2091 verita-

421 2144 524 2189 tem
549 2134 657 2203 jam
689 2132 813 2187 inde
840 2133 906 2187 ab
936 2132 1035 2185 hac
1084 2132 1191 2185 vita
1216 2130 1603 2199 comprobavit.
1638 2128 1847 2198 Quippe
1879 2130 1982 2181 im-

416 2225 622 2295 piorum
662 2223 872 2293 quidem
915 2222 1115 2293 Deique
1162 2221 1586 2277 adversariorum
1638 2229 1985 2291 tyrannorum

417 2314 801 2370 abominandos
829 2316 1005 2368 exitus
1046 2313 1197 2368 nobis
1236 2313 1305 2367 ob
1333 2313 1517 2368 oculos
1545 2313 1823 2382 proposuit
1860 2330 1873 2366 :
1902 2312 1983 2364 fa-

418 2408 563 2462 mulo
579 2417 755 2463 autem
775 2422 871 2461 suo
884 2421 987 2461 non
1002 2407 1163 2464 vitam
1182 2406 1377 2472 solum,
1395 2407 1739 2462 verumetiam
1758 2414 1983 2462 mortem

413 2497 771 2552 felicissimam
796 2506 855 2552 et
880 2498 1125 2553 maximis
1166 2496 1405 2552 laudibus
1436 2497 1647 2565 dignam
1692 2494 1932 2564 praestitit
1966 2512 1978 2547 :

410 2592 544 2645 adeo
576 2600 631 2644 ut
670 2591 785 2645 hmc
824 2593 981 2644 etiam
1010 2591 1246 2644 omnium
1279 2599 1616 2659 posterorum
1641 2587 1981 2643 sermonibus

408 2682 691 2749 celebrari,
710 2696 808 2737 nec
829 2689 1033 2735 tantum
1055 2680 1290 2745 caducis,
1312 2683 1404 2735 sed
1421 2682 1579 2735 etiam
1596 2679 1981 2734 immortalibus

409 2774 699 2830 honoribus
717 2773 855 2828 affici
877 2773 1145 2828 meruerit.
1162 2772 1460 2827 Mortalium
1479 2773 1689 2841 quidem
1704 2786 1869 2841 genus
1888 2785 1980 2825 so-

405 2867 534 2921 latio
566 2868 743 2936 aliqup
771 2866 960 2921 letiferi
992 2867 1237 2921 interitus
1277 2866 1607 2934 excogitato,
1655 2862 1980 2918 consecratis

405 2959 744 3027 imaginibus,
764 2966 1011 3027 tanquam
1030 2958 1417 3011 immortalibus
1436 2956 1726 3011 honoribus
1740 2956 1981 3025 superio-

404 3066 522 3105 rum
548 3052 817 3105 hominum
846 3051 1129 3105 memorias
1157 3050 1336 3104 colere
1364 3049 1579 3103 solitum
1624 3058 1725 3103 est.
1781 3049 1842 3101 Et
1889 3047 1978 3101 alii

402 3141 615 3209 quidem
640 3141 965 3195 adumbratis
987 3138 1302 3194 encausticae
1321 3141 1539 3207 pictura:
1556 3138 1854 3203 coloribus;
1887 3138 1975 3193 alii

344 3294 347 3297 η
402 3234 649 3288 inanimis
678 3235 915 3289 materia:
943 3233 1217 3301 sculptura
1261 3231 1661 3286 similitudinem
1699 3230 1975 3285 hominum

399 3326 787 3393 exprimentes;
827 3325 1038 3393 quidam
1069 3327 1121 3378 in
1150 3323 1337 3394 ligneis
1381 3334 1472 3378 aut
1516 3323 1737 3394 lapideis
1788 3322 1975 3377 tabulis

401 3414 605 3469 litteras
630 3415 787 3469 altius
812 3415 1125 3479 incidentes,
1158 3428 1343 3469 eorum
1380 3428 1514 3483 quos
1538 3414 1783 3469 colebant
1810 3414 1975 3467 virtu-

400 3519 504 3562 tem
546 3506 610 3560 ad
651 3517 902 3561 aeternam
932 3505 1259 3574 posteritatis
1301 3507 1614 3560 memoriam
1658 3521 1973 3562 consecrare

400 3598 760 3652 instituerunt.
797 3596 994 3650 Verum
1030 3595 1143 3648 haec
1172 3596 1349 3649 omnia
1381 3595 1609 3660 caduca,
1642 3605 1694 3649 et
1721 3598 1973 3662 temporis

397 3686 780 3757 longinquitate
812 3682 1123 3754 pereuntia;
1157 3694 1339 3755 utp0te
1371 3701 1488 3755 quae
1519 3685 1818 3739 mortalium
1848 3701 1969 3740 cor-

395 3792 581 3845 porum
614 3776 853 3843 figuram,
886 3792 987 3827 non
1018 3774 1332 3828 immortalis
1355 3775 1515 3826 animi
1547 3773 1770 3827 formam
1794 3775 1968 3842 expri-

394 3878 621 3922 merent.
657 3866 779 3921 ila-c
812 3876 985 3920 tamen
1017 3865 1265 3920 sufficere
1290 3866 1349 3918 iis
1374 3864 1703 3930 videbantur,
1740 3867 1825 3933 qui
1850 3875 1967 3935 post

395 3960 552 4030 hujus
582 3959 820 4014 mortalis
846 3959 967 4012 vita:
1001 3959 1198 4013 exitum
1252 3958 1446 4011 nullius
1487 3971 1633 4025 spem
1678 3957 1803 4011 boni
1848 3958 1965 4011 ani~

394 4066 481 4104 mo
507 4058 877 4118 conceperant.
906 4049 1042 4102 Deus
1066 4062 1212 4112 vero,
1235 4048 1377 4102 Deus
1405 4050 1637 4117 inquam,
1666 4049 1965 4103 communis

392 4140 629 4196 omnium
676 4156 850 4194 rerum
897 4140 1186 4206 Servator,
1237 4142 1324 4209 qui
1375 4142 1590 4210 pietatis
1639 4141 1963 4195 amatoribus

391 4234 589 4301 majora
621 4250 775 4301 quam
806 4248 923 4302 qum
953 4233 1275 4301 cogitatione
1305 4214 1577 4286 hominum
1610 4232 1963 4299 comprehen-

388 4325 437 4379 di
470 4328 691 4395 possint,
725 4324 862 4394 apud
894 4340 951 4378 se
997 4324 1296 4379 recondidit
1325 4326 1487 4389 bona,
1520 4324 1781 4393 primitias
1812 4324 1957 4377 futu-

387 4432 563 4470 rorum
595 4418 933 4486 prtemiorum
964 4417 1016 4470 in
1042 4428 1373 4471 antecessum
1400 4417 1553 4486 quasi
1582 4418 1770 4487 pignus
1792 4418 1881 4472 dat
1906 4418 1958 4472 in

386 4509 487 4561 huc
529 4510 757 4571 SLL‘CUIO;
804 4508 1188 4561 immortalium
1234 4524 1410 4562 rerum
1443 4524 1592 4579 spem
1641 4510 1954 4563 mortalibus

383 4601 551 4654 oculis
585 4599 974 4667 quodammodo
1000 4599 1260 4653 exhibens
1290 4594 1351 4653 ac
1379 4610 1788 4669 reprmseutans.
1836 4601 1949 4655 Hoc

385 4700 587 4744 vetusta
617 4690 999 4758 Prophetarum
1031 4692 1241 4744 oracula
1285 4706 1403 4760 qum
1448 4692 1663 4760 scriptis
1705 4691 1952 4745 mandata

383 4792 526 4845 sunt,
560 4793 741 4851 aperte
772 4781 1083 4850 praedicunt.
1117 4780 1226 4834 line
1252 4782 1375 4835 vita:
1402 4782 1511 4835 Deo
1537 4797 1780 4837 carorum
1811 4783 1951 4837 viro-

383 4889 497 4926 rum
544 4872 629 4941 qui
673 4875 830 4926 variis
872 4874 1160 4927 virtutibus
1210 4875 1563 4942 relulserunt,
1615 4886 1950 4945 posterorum

380 4968 633 5020 memoria
657 4966 943 5021 etiamnum
967 4967 1250 5021 celebratae
1277 4968 1612 5024 confirmant.
1647 4968 1755 5022 lloe
1778 4970 1949 5036 ipsum

378 5062 549 5113 (eLatis
581 5072 773 5113 nuzstrn:
818 5061 1119 5114 testimonio
1160 5060 1495 5114 verissimum
1527 5076 1645 5115 esse
1672 5062 1945 5116 convinci-

380 5164 483 5219 tur,
531 5169 647 5207 cutn
694 5155 1078 5207 Constantinus
1109 5154 1256 5208 solus
1304 5157 1538 5208 omnium
1571 5156 1657 5223 qui
1709 5156 1950 5212 Romano

378 5262 605 5315 unquam
647 5247 868 5313 imperio
910 5244 1270 5315 praefuerunt,
1301 5263 1511 5300 summo
1539 5251 1775 5303 omnium
1818 5252 1947 5320 Regi

378 5339 481 5389 lien
508 5348 773 5403 acceptus,
806 5337 954 5405 quasi
985 5338 1189 5391 illustre
1219 5338 1483 5406 quoddam
1519 5339 1784 5408 religiOscc
1820 5342 1944 5395 vita:

372 5428 669 5495 exetnplum
698 5428 902 5479 cunctis
932 5425 1235 5482 hominibus
1264 5436 1346 5482 est
1374 5431 1691 5498 propositus.

636 5546 648 5599 ξ
974 5536 1197 5591 CAPUT
1247 5538 1333 5591 IV.

605 5628 753 5698 Quod
782 5628 914 5684 Deus
940 5628 1325 5683 Constantinum
1354 5631 1688 5687 honoraverit.

436 5730 543 5783 ttoc
589 5728 817 5797 (leniqth
854 5729 991 5783 Deus
1041 5731 1155 5797 ipse
1197 5743 1352 5798 quem
1385 5742 1664 5787 veneratus
1690 5743 1769 5788 est
1799 5736 1939 5790 Con-

985 5822 1011 5854 ἢ

2101 538 2208 576 non
2240 523 2401 581 modo
2431 524 2483 580 ia
2524 525 2777 593 exordio,
2809 529 2902 582 sed
2936 530 3093 588 etiam
3125 528 3176 590 in
3210 544 3492 599 progressu
3527 537 3582 585 et
3622 530 3675 584 in

2100 613 2203 669 ﬁne
2248 616 2457 684 imperii
2506 632 2720 687 semper
2761 620 3022 689 propitius
3064 620 3431 690 benignusque
3474 620 3671 687 adfuit,

2098 707 2297 774 quippe
2325 722 2488 775 quem
2523 708 2754 761 humano
2784 712 2964 778 generi
2997 712 3061 765 ad
3090 710 3253 765 divini
3297 712 3471 765 cultus
3513 710 3676 766 infor-

2099 800 2385 855 mationem
2419 811 2791 870 proposuerat.
2827 802 2976 857 Hunc
3000 814 3146 859 certe
3192 820 3351 858 unum
3401 819 3464 858 ex
3496 804 3670 859 omni-

2100 889 2198 943 luts
2223 906 2356 960 quos
2392 906 2624 961 unquam
2674 894 2947 947 auditione
2991 898 3293 964 accepimus
3341 896 3676 965 imperatori-

2099 980 2215 1046 bus,
2236 983 2381 1035 velut
2398 983 2752 1039 clarissimum
2776 984 3040 1053 quoddam
3056 985 3232 1054 iubar,
3249 997 3305 1041 et
3322 988 3465 1043 velut
3484 1001 3674 1056 quem-

2099 1073 2220 1131 dam
2254 1089 2396 1129 verae
2441 1075 2711 1145 religionis
2747 1091 3044 1145 praeconem
3077 1078 3304 1135 maxima
3335 1093 3464 1136 voce
3502 1079 3672 1133 incla-

2098 1172 2367 1229 mantem,
2418 1163 2717 1220 innumeris
2759 1166 2813 1220 in
2842 1181 2961 1221 eum
2992 1169 3258 1237 congestis
3295 1168 3480 1237 bonis,
3524 1168 3671 1224 desi-

2096 1258 2298 1325 gnavit.

2718 1328 2942 1384 CAPUT
2981 1329 3047 1383 V.

2141 1418 2289 1485 Quod
2314 1433 2416 1473 xxx
2451 1419 2652 1486 quidem
2679 1424 2825 1475 annis
2851 1422 3073 1491 regnavit
3099 1434 3120 1476 :
3145 1421 3267 1476 vixit
3296 1430 3460 1476 autem
3488 1423 3628 1494 plus-

2748 1527 2899 1580 quam
2937 1528 3021 1567 ιι.

2169 1617 2245 1671 Ac
2274 1626 2482 1689 tempus
2520 1620 2734 1690 quidem
2774 1621 2983 1692 imperii
3017 1621 3182 1693 ipsius
3204 1665 3223 1689 ,
3268 1624 3438 1681 tribus
3471 1626 3669 1685 denum

2097 1724 2361 1765 annorum
2387 1712 2603 1767 circulis
2625 1712 2886 1769 absolutis
2924 1724 2979 1769 et
3018 1716 3289 1785 aliquanto
3316 1719 3542 1788 amplius
3572 1718 3670 1773 ho-

2024 1805 2071 1866 B
2101 1803 2335 1869 noravit;
2369 1804 2530 1859 totius
2555 1814 2731 1861 autem
2757 1806 2882 1860 vita:
2913 1815 3122 1876 tempus
3150 1823 3309 1877 quam
3334 1808 3475 1866 inter
3498 1810 3671 1863 homi-

2097 1908 2190 1948 nes
2214 1893 2384 1962 duxit,
2420 1894 2582 1965 duplo
2602 1896 2803 1966 majore
2828 1897 3000 1967 epatio
3025 1899 3460 1969 circumscripsit.
3502 1901 3670 1956 Porro

2092 2000 2211 2039 eum
2241 1984 2487 2041 eumdem
2514 1987 2655 2041 velut
2688 1986 2973 2057 imaginem
2992 1988 3314 2046 monarehiae
3339 2005 3449 2045 sua:
3476 2005 3675 2059 propo-

2094 2093 2223 2133 nere
2253 2080 2429 2147 vellet,
2481 2082 2737 2136 vietorem
2776 2098 2899 2136 eum
2931 2083 3105 2137 omnis
3153 2083 3413 2153 tyrannici
3449 2085 3664 2157 generis

2090 2171 2337 2239 praestitit
2356 2214 2371 2239 ,
2401 2181 2456 2228 et
2482 2172 2765 2242 impiorum
2792 2174 3076 2245 Gigantum
3106 2174 3520 2244 exstinctorem,
3570 2176 3665 2245 qui

2090 2261 2387 2331 desperatae
2435 2264 2631 2319 mentis
2681 2264 2901 2318 audacia
2949 2266 3199 2335 impulsi,
3251 2277 3434 2320 contra
3488 2267 3667 2336 ipsum

2092 2353 2257 2409 Deum
2288 2369 2551 2410 summum
2583 2358 2819 2416 omnium
2852 2356 3047 2427 Regem
3092 2357 3381 2429 impietatis
3410 2358 3667 2415 vexillum

2088 2446 2431 2501 sustulerant.
2467 2447 2663 2504 Verum
2704 2450 2755 2503 hi
2801 2449 3015 2520 quidem
3047 2465 3167 2505 cum
3212 2459 3488 2507 momento
3531 2462 3669 2508 tem-

2089 2537 2231 2605 poris
2273 2537 2572 2595 extitissent
2596 2581 2610 2604 ,
2644 2552 2914 2598 momento
2951 2557 3163 2614 quoque
3206 2558 3269 2599 ac
3309 2544 3453 2599 dicto
3502 2547 3664 2601 citius

2087 2628 2331 2683 exstincti
2364 2640 2504 2686 sunt.
2542 2632 2821 2688 Famulum
2852 2646 3026 2689 autent
3068 2652 3221 2691 suum
3251 2637 3391 2693 Deus
3417 2640 3503 2710 qui
3528 2655 3667 2696 unus

2085 2735 2168 2779 est
2195 2740 2258 2781 ac
2284 2725 2449 2791 solus,
2486 2740 2606 2780 cum
2638 2726 2809 2782 solum
2841 2727 3097 2784 adversus
3130 2731 3327 2786 multos
3352 2731 3529 2787 divina
3569 2747 3664 2787 ar-

2086 2826 2290 2873 matura
2324 2819 2630 2886 muniisset,
2685 2821 2904 2891 ejusque
2946 2837 3107 2891 opera
3157 2824 3343 2879 orbem
3398 2834 3664 2880 terrarum

2086 2908 2372 2977 impiorum
2401 2908 2674 2966 hominum
2707 2912 3043 2967 multitudine
3072 2913 3352 2969 liberatum
3375 2929 3662 2985 repurgas-

2084 3012 2186 3065 set,
2221 2999 2396 3053 cultus
2422 3001 2501 3054 sui
2531 3000 2840 3071 magistrum
2883 3004 3147 3058 universis
3174 3004 3418 3075 gentibus
3456 3006 3662 3061 consti-

2086 3091 2209 3152 tuit;
2242 3092 2382 3145 clara
2413 3106 2542 3147 voce
2564 3094 2768 3148 cunctis
2793 3093 3132 3151 audientibus
3160 3105 3465 3163 testantem,
3491 3111 3550 3151 se
3568 3112 3664 3155 ve-

2006 3185 2051 3247 C
2084 3196 2201 3234 rum
2224 3182 2436 3250 quidem
2462 3182 2625 3238 Deum
2655 3199 2963 3253 agnoscere,
2990 3187 3242 3244 falsorum
3269 3200 3445 3246 autem
3471 3188 3661 3247 Numi-

2082 3284 2209 3325 num
2242 3286 2477 3327 errorem
2509 3277 2765 3330 aversari.

2693 3387 2773 3443 CA
2787 3390 2917 3447 PUT
2954 3392 3040 3448 Vl.

2082 3498 2231 3563 Quod
2256 3498 2350 3554 Dei
2379 3502 2578 3570 quidem
2606 3504 2848 3573 famulus,
2871 3506 3093 3573 gentium
3111 3514 3277 3559 autem
3296 3505 3453 3559 victor
3470 3504 3650 3575 fuerit.

2150 3612 2215 3665 Et
2249 3612 2334 3666 hic
2364 3613 2577 3681 quidem
2606 3622 2853 3683 tanquam
2883 3617 3051 3670 bonus
3082 3632 3144 3671 ac
3171 3617 3339 3672 fidelis
3366 3633 3572 3685 servus,
3597 3618 3653 3675 id

2073 3702 2181 3769 egit
2208 3717 2270 3757 ac
2298 3704 2639 3773 praedicavit;
2674 3720 2883 3759 servum
2914 3722 2970 3760 se
2996 3708 3163 3775 palam
3188 3709 3491 3777 nominans,
3514 3725 3653 3765 sum-

2074 3792 2250 3859 mique
2274 3792 2431 3862 Regis
2460 3795 2713 3848 funulum
2740 3812 2798 3850 se
2828 3796 2974 3851 fateri
3007 3814 3110 3851 non
3134 3800 3475 3854 erubescens.
3510 3800 3651 3855 Deus

2072 3899 2197 3937 vero
2228 3888 2464 3953 protinus
2497 3888 2666 3955 ipsum
2712 3899 3109 3953 remuneratus,
3144 3889 3427 3943 Dominum
3452 3905 3515 3945 ac
3537 3891 3648 3947 vic-

2074 3986 2273 4045 torem,
2330 3981 2610 4049 solumque
2650 3997 2714 4035 ex
2762 3982 3003 4035 omnibus
3037 3982 3123 4049 qui
3153 3996 3382 4050 unquam
3433 3983 3649 4037 fuerunt

2073 4070 2501 4139 imperatoribus,
2534 4087 2743 4141 semper
2770 4072 3018 4126 invictum
3045 4083 3203 4141 atque
3233 4072 3642 4141 insuperabilem

2070 4163 2312 4228 praestitit
2342 4180 2352 4214 :
2384 4174 2438 4217 et
2474 4164 2542 4216 oh
2572 4164 2819 4219 victorias
2849 4179 2911 4218 ac
2943 4174 3138 4233 tropica
3180 4172 3382 4218 tantum
3410 4163 3643 4234 impera-

2070 4268 2237 4311 torem
2269 4273 2387 4313 eum
2419 4258 2615 4324 cﬂ'ecit,
2647 4268 2898 4329 quantum
2926 4274 3082 4314 nemo
3113 4274 3345 4329 unquam
3377 4259 3644 4327 superiori

2067 4350 2320 4403 memoria
2351 4350 2521 4404 ullum
2550 4351 2788 4407 extitisse
2811 4354 3150 4416 recordatur;
3181 4352 3315 4405 adeo
3338 4349 3545 4406 felicem
3585 4363 3644 4411 et

2068 4441 2176 4495 Deo
2199 4457 2401 4505 carum,
2426 4446 2559 4497 adeo
2591 4444 2730 4512 pium
2759 4458 2821 4497 ac
2854 4443 3209 4509 fortunatum,
3234 4455 3291 4497 ut
3314 4444 3491 4513 plures
3522 4445 3644 4514 qui-

2064 4532 2185 4586 dem
2218 4545 2400 4601 gentes
2426 4550 2486 4588 ac
2517 4537 2755 4589 nationes
2780 4536 3142 4605 quampriores
3168 4534 3514 4604 imperatores
3539 4537 3644 4593 sub

2062 4621 2314 4677 ditionem
2342 4636 2487 4676 suum
2515 4626 2771 4693 redegerit
2805 4644 2816 4678 :
2844 4626 3121 4693 imperium
3140 4625 3643 4683 veroomuimoles—

2062 4713 2131 4766 tia
2162 4728 2383 4775 vacuum
2414 4713 2479 4767 ad
2510 4723 2803 4769 extremum
2837 4730 2999 4784 usque
3028 4715 3168 4770 diem
3193 4714 3502 4770 obtinuerit.

2653 4831 2879 4887 CAPUT
2924 4831 3036 4885 Vll.

2061 4924 2381 4992 Comparatio
2405 4926 2514 4994 ejus
2534 4940 2645 4979 cum
2673 4921 2805 4994 Cyro
2836 4923 3110 4978 Persarum
3133 4931 3181 4977 et
3206 4922 3496 4978 Alexandro
3518 4922 3642 4981 Ha-

2646 5016 2893 5069 cedonum
2927 5031 3061 5084 rege.

2131 5105 2326 5177 Cyrum
2370 5107 2648 5161 Persarum
2686 5120 2864 5175 regem
2897 5122 3003 5169 prae
3039 5104 3244 5160 cunctis
3276 5106 3362 5173 qui
3399 5120 3637 5175 unquam

2060 5199 2357 5251 exstiterint
2414 5198 2669 5252 enituisse
2729 5206 2879 5251 vetus
2923 5207 3101 5255 narrat
3148 5197 3386 5253 historia.
3431 5197 3639 5257 Verum

2058 5289 2144 5342 ille
2187 5304 2516 5358 nequaquam
2549 5288 2760 5342 felicem
2790 5290 2988 5342 exitum
3035 5290 3185 5353 vitae,
3214 5288 3375 5345 immo
3422 5298 3635 5357 turpem

2060 5378 2232 5442 ponus
2260 5388 2415 5446 atque
2456 5379 2875 5446 ignominiosum
2892 5379 3108 5433 sortitus
3134 5392 3251 5433 esse
3274 5380 3491 5444 dicitur,
3537 5389 3635 5435 ut-

2056 5478 2180 5532 pote
2206 5484 2233 5520 a
2271 5470 2491 5522 muliere
2522 5469 2851 5524 interfectus.
2888 5469 3246 5523 Alexandrum
3280 5470 3633 5530 Macedonum

2057 5576 2235 5629 regem
2310 5562 2725 5617 immmerabiles
2770 5572 2958 5631 gentes
3020 5561 3289 5616 domuisse
3335 5563 3633 5630 praedicant

2054 5651 2224 5704 ϐινέιξιοὶ
2261 5670 2275 5705 :
2308 5652 2399 5705 sed
2438 5655 2743 5722 priusquam
2800 5654 2863 5707 ad
2914 5653 3120 5707 virilem
3170 5662 3383 5707 mtatem
3430 5667 3631 5720 pene-

2056 5742 2253 5809 nisset,
2286 5745 2815 5801 commessau'anibus
2847 5754 2898 5798 et
2943 5744 3245 5801 temulentis
3287 5744 3624 5819 confectum,
