3876 6218
224 276 291 332 15
1340 282 1423 341 DE
1466 284 1621 342 VITA
1653 286 2107 347 CONSTAN’I‘l-N!
2144 291 2342 349 LIBER
2383 296 2421 351 Ι.

3445 308 3512 365 η

222 393 504 451 immatura
534 408 721 457 morte
754 403 1007 471 periisse.
1045 402 1113 457 Et
1137 403 1223 457 hic
1253 404 1462 473 quidem
1497 404 1723 459 duorum
1757 419 1820 459 ac
1847 408 1897 466 Α
1926 409 2095 475 guitas
2119 424 2146 462 a
2170 421 2319 480 patre
2341 412 2556 481 quidem
2581 418 2890 472 transmisa
2914 420 2978 475 ad
3012 422 3185 491 ipsum
3227 424 3501 493 pervenit;

221 487 429 554 triginta
463 505 746 548 annorum
780 496 957 564 spatio
989 495 1148 551 totius
1173 497 1294 549 vita:
1326 512 1536 551 cursum
1563 496 1810 561 absolvit;

219 593 441 643 quorum
486 598 599 638 non
637 586 761 654 plus
800 602 960 656 quam
989 588 1197 642 tertiam
1232 596 1434 655 partem
1472 596 1684 657 tempus
1723 603 1814 642 re-

218 669 303 737 gni
334 671 477 725 illius
504 674 613 729 sibi
645 676 909 732 vindicat.
938 678 1220 734 Grassatus
1249 691 1424 735 autem
1453 688 1535 735 est
1572 696 1666 750 per
1693 695 1810 736 caa—

217 758 308 815 dcs
336 761 511 818 instar
536 764 812 831 fluminis,
846 779 1030 838 gentes
1060 780 1215 839 atque
1241 771 1401 825 urbes
1433 772 1665 842 integras
1696 772 1814 826 abs-

218 867 316 920 que
344 854 456 909 ullo
498 858 686 912 aetatis
712 858 1027 915 discrimine
1054 861 1345 916 crudeliter
1373 863 1618 917 servituti
1642 862 1811 931 subji-

217 948 378 1001 cicus.
407 948 517 1004 Sed
540 966 671 1005 cum
698 951 783 1006 vix
808 954 931 1008 dum
960 952 1011 1007 in
1042 954 1156 1022 ipso
1178 954 1349 1008 artatis
1369 953 1503 1009 ﬂore
1530 962 1731 1025 ageret,
1758 965 1810 1010 et

217 1040 472 1094 amasium
508 1056 678 1098 suum
710 1045 939 1115 lugeret,
971 1058 1114 1099 mors
1140 1054 1361 1115 repente
1388 1046 1774 1115 superveniens
1796 1088 1809 1110 ,

218 1130 362 1185 il'um
397 1133 736 1203 improlem;
768 1136 911 1190 nulla
935 1136 1122 1206 stirpe,
1152 1136 1291 1190 nulla
1317 1136 1595 1191 fundatum
1627 1137 1810 1202 domo;

217 1226 269 1279 in
295 1236 532 1282 externo
565 1242 626 1285 et
660 1230 870 1285 hostico
898 1245 1047 1301 agro,
1080 1245 1146 1285 ne
1168 1230 1457 1285 humanum
1482 1246 1656 1301 genus
1684 1230 1807 1286 diu-

220 1320 318 1375 tius
348 1331 634 1389 vastaret,
667 1323 915 1378 extinxit.
964 1322 1085 1377 Mox
1133 1338 1353 1392 regnum
1397 1322 1511 1393 ejus
1558 1322 1702 1377 varia
1756 1324 1808 1378 in

215 1414 450 1467 membra
481 1414 764 1470 divulsum
796 1424 896 1481 est,
930 1414 1150 1485 singulis
1174 1414 1288 1485 ejus
1318 1414 1573 1469 ministris
1602 1423 1805 1484 partem

215 1503 309 1558 sibi
339 1520 536 1574 rapere
564 1516 733 1575 atque
760 1506 968 1561 auferre
1005 1505 1469 1560 contendentibus.
1506 1505 1700 1560 Verum
1726 1505 1811 1559 hic

216 1595 426 1664 quidem
440 1596 520 1651 ob
545 1597 860 1667 Mjusmdi
886 1598 1022 1651 mala
1046 1596 1290 1651 laudibus
1308 1595 1550 1653 eﬂ‘ertur.

840 1710 1067 1767 CAPUT
1104 1710 1237 1766 VIII.

345 1801 507 1869 Quod
534 1804 713 1857 orbem
737 1802 1102 1875 propemodum
1122 1804 1411 1857 universum
1436 1803 1702 1874 subegerit.

286 1913 481 1969 Noster
509 1928 649 1967 vero
695 1914 984 1981 imperator
1011 1930 1074 1969 ex
1101 1931 1166 1970 eo
1216 1917 1389 1969 aetatis
1420 1932 1559 1969 anno
1591 1931 1814 1985 regnare

222 2018 370 2059 orsus
401 2012 507 2068 est,
546 2020 659 2075 quo
690 2004 910 2059 Macedo
940 2006 1024 2060 ille
1052 2006 1304 2061 decessit.
1340 2008 1416 2060 Ac
1448 2008 1565 2061 vitae
1602 2007 1813 2076 quidem

224 2096 447 2167 Spatium
494 2098 669 2166 dupio
698 2099 866 2168 majus
898 2099 1079 2153 habuit
1120 2115 1275 2169 quam
1334 2099 1456 2163 ille;
1491 2102 1636 2169 regni
1689 2116 1815 2154 vero

226 2189 378 2255 triplo
429 2189 670 2259 longius.
712 2190 960 2245 Ceterum
991 2206 1109 2244 cum
1153 2191 1443 2246 exercitum
1476 2208 1626 2246 suum
1668 2209 1817 2247 nian-

225 2280 386 2333 suetis
408 2295 471 2334 ac
502 2282 769 2335 modestis
795 2282 1066 2351 religionis
1087 2284 1368 2351 prmceptis
1388 2284 1691 2339 munivisset
1719 2327 1731 2350 ,
1762 2286 1814 2339 in

224 2370 558 2426 Britanniam
591 2372 806 2441 quidem
854 2381 908 2427 et
940 2371 992 2427 in
1034 2388 1127 2428 eos
1166 2374 1255 2442 qui
1282 2374 1335 2428 in
1365 2375 1478 2443 ipso
1509 2374 1819 2431 habitabant

224 2461 435 2518 Oceano
458 2463 527 2517 ad
550 2463 697 2519 Solis
720 2479 964 2519 occasum
994 2465 1145 2536 longe
1184 2465 1393 2535 lateque
1415 2467 1604 2523 dill'uso
1622 2509 1635 2534 ,
1668 2470 1817 2538 signa

224 2554 422 2608 intulit.
454 2553 738 2625 Scythiam
776 2571 902 2610 vero
930 2556 1233 2611 universam
1266 2573 1383 2625 quae
1410 2557 1508 2612 sub
1535 2559 1652 2628 ipso
1689 2560 1817 2629 Sep-

221 2645 497 2701 tcntrione
548 2646 758 2714 posita,
808 2647 860 2699 in
907 2646 1157 2715 plurimas
1202 2655 1391 2717 gentes
1438 2658 1491 2702 et
1521 2649 1735 2703 nomine
1765 2657 1821 2704 et

225 2740 466 2794 moribus
504 2738 879 2809 discrepantes
932 2742 1206 2808 dividitur,
1236 2759 1333 2797 suo
1374 2744 1622 2812 adjunxit
1652 2748 1819 2815 impe-

227 2832 321 2885 rio.
354 2831 475 2887 Jam
508 2849 649 2888 vero
679 2849 799 2888 cum
830 2834 896 2889 ad
928 2846 1193 2891 extremos
1220 2836 1457 2892 meridiei
1490 2838 1623 2892 fines
1651 2838 1819 2908 impe-

229 2925 359 2977 rium
407 2936 807 2996 propagassct,
856 2927 920 2981 ad
952 2929 1093 2997 ipsos
1132 2928 1381 2982 nimirum
1412 2928 1717 3000 Blemmyas
1766 2938 1819 2985 et

229 3016 544 3087 Ethiopas:
585 3033 678 3072 eos
706 3034 914 3088 quoque
943 3021 1030 3090 qui
1063 3020 1127 3073 ad
1158 3020 1296 3074 Solis
1320 3017 1505 3074 Ortum
1538 3020 1815 3087 incolunt,

229 3108 277 3162 in
301 3124 454 3164 suam
508 3109 776 3164 ditionem
815 3109 1133 3180 redigendos
1175 3112 1393 3180 putavit.
1430 3110 1666 3180 Denique
1694 3152 1706 3174 ,
1750 3111 1814 3166 ad

229 3202 441 3257 ultimos
466 3218 651 3271 usque
683 3203 1001 3257 continentis
1030 3203 1286 3258 terminos
1308 3245 1322 3267 ,
1354 3203 1456 3257 hoc
1490 3213 1601 3269 est,
1631 3203 1696 3257 ad
1726 3219 1817 3257 ex-

232 3303 423 3351 tremos
460 3295 634 3349 ludos
660 3304 714 3349 et
755 3295 1089 3350 circumsitos
1118 3296 1349 3364 undique
1378 3296 1599 3366 populos
1618 3336 1631 3359 ,
1660 3309 1819 3349 cunc-

234 3394 308 3439 tos
330 3387 601 3441 mortales
624 3385 713 3453 qui
732 3386 1033 3441 universum
1062 3398 1317 3441 terrarum
1340 3388 1522 3441 orbem
1556 3387 1815 3451 incolunt,

233 3479 691 3547 splendidissimis
739 3480 948 3549 pietatis
998 3478 1160 3535 radiis
1209 3481 1512 3545 illustrans,
1550 3480 1814 3550 Regulos.

235 3568 521 3626 l‘rmfectos
549 3582 608 3625 et
633 3570 883 3641 Satrapas
917 3573 1150 3641 gentium
1174 3573 1524 3627 Barbararum
1550 3613 1565 3635 ,
1598 3572 1699 3626 sibi
1725 3571 1817 3625 ob-

237 3664 418 3716 noxios
446 3677 516 3717 ac
547 3662 794 3717 subditos
850 3663 1030 3717 habuit
1074 3681 1086 3715 :
1139 3665 1225 3733 qui
1256 3680 1348 3717 sua
1375 3674 1563 3733 sponte
1602 3674 1655 3719 et
1698 3678 1817 3717 cum

234 3753 422 3822 gaudio
449 3757 634 3823 ipsum
663 3754 995 3819 salutabant,
1025 3763 1078 3808 et
1108 3754 1334 3822 Legatos
1364 3770 1481 3809 cum
1511 3753 1817 3808 muneribus

236 3843 297 3897 ad
324 3860 447 3900 eum
481 3844 772 3899 mittebant
798 3886 814 3910 ,
840 3845 1058 3915 ejusque
1082 3845 1323 3899 notitiam
1350 3855 1507 3916 atque
1532 3845 1816 3901 amicitiam

236 3936 447 4005 plurimi
501 3938 863 3995 mstimabant.
910 3936 1058 3992 Adeo
1085 3946 1143 3992 ut
1196 3952 1316 3992 eum
1357 3938 1407 3991 in
1456 3952 1549 3991 sua
1599 3939 1820 4007 quisque

239 4031 513 4099 provincia
540 4031 733 4098 partim
762 4030 1078 4100 imaginibus
1100 4071 1114 4094 ,
1172 4032 1360 4099 partim
1394 4032 1581 4086 statuis
1607 4031 1821 4101 publice

239 4122 499 4179 dedicatis
526 4123 848 4177 bonoraret:
876 4122 1125 4193 solusque
1152 4140 1215 4177 ex
1249 4124 1654 4192 imperatoribus
1687 4123 1821 4179 Con-

238 4215 525 4275 stantinus,
557 4212 751 4281 ubique
788 4224 1047 4266 terrarum
1082 4213 1389 4266 nutiSsimus
1414 4223 1557 4268 esset
1594 4230 1655 4268 ac
1683 4215 1822 4268 cele—

239 4301 529 4357 berrimus.
562 4300 722 4370 Igitur
769 4301 833 4355 ad
877 4301 970 4355 bas
1018 4317 1183 4372 usque
1208 4316 1393 4372 gentes
1436 4304 1595 4374 regiis
1624 4305 1821 4359 allocu'

242 4392 474 4447 tionibus
519 4394 682 4446 Deum
710 4407 864 4447 suum
889 4408 1010 4449 cum
1039 4393 1186 4450 omni
1214 4394 1461 4449 libertate
1492 4395 1816 4464 prmdicavit.

842 4500 1067 4559 CAPUT
1106 4502 1198 4559 IX.

296 4597 447 4664 Quod
478 4597 555 4669 pii
583 4598 901 4669 imperatoris
935 4601 1074 4669 ﬁlius
1102 4602 1372 4669 imperium
1401 4603 1523 4671 ﬁliis
1560 4604 1779 4674 reliquit.

306 4710 580 4765 Caeterum
608 4725 710 4765 non
734 4711 785 4766 id
808 4712 984 4767 verbis
1006 4713 1217 4783 quidem
1241 4716 1489 4784 przcstitit
1507 4758 1520 4781 ,
1565 4732 1621 4771 rc
1643 4724 1817 4771 autem

239 4800 347 4869 ipsa
369 4800 661 4855 frustratus
682 4812 783 4856 est.
822 4802 926 4858 Sed
952 4804 1001 4857 in
1026 4804 1167 4858 omni
1192 4820 1388 4873 genere
1418 4806 1626 4860 virtutis
1649 4815 1821 4861 semet

239 4906 502 4948 exercens
521 4934 534 4955 ,
561 4893 724 4947 variis
747 4894 956 4963 pietatis
993 4894 1254 4950 fructibus
1277 4896 1588 4962 abundarit;
1614 4900 1815 4952 amicos

240 4984 456 5052 quidem
481 4984 785 5054 ingentibus
809 4985 1078 5041 beneficiis
1100 4987 1197 5041 sibi
1220 4986 1555 5052 devinciens;
1581 4988 1818 5042 subditos

237 5091 369 5132 vero
390 5078 691 5133 clunentite
715 5078 917 5149 legibus
938 5079 1222 5134 moderans
1241 5121 1254 5146 ,
1288 5086 1342 5134 et
1362 5080 1639 5150 imperium
1666 5095 1815 5133 suum

242 5170 511 5241 placidum
536 5172 742 5226 eunetis
764 5180 921 5240 atque
943 5173 1176 5243 optabile
1196 5173 1474 5227 exhibens.
1502 5173 1680 5227 Donec
1703 5182 1819 5242 post

240 5261 398 5332 longa
431 5277 692 5317 annorum
732 5264 986 5317 curricula
1012 5303 1027 5330 ,
1053 5264 1194 5318 Deus
1233 5278 1387 5333 quem
1418 5264 1687 5327 coluerat.
1731 5278 1820 5317 va-

241 5353 335 5408 riis
359 5356 508 5408 illum
530 5354 910 5409 certaminibus
944 5354 1210 5410 defessum
1236 5354 1646 5409 immortalitatis
1686 5368 1819 5422 prte-

241 5444 368 5499 miis
384 5454 758 5499 remuneratus
781 5488 794 5509 ,
835 5461 897 5499 ex
923 5445 1129 5500 mortali
1173 5459 1339 5515 regno
1358 5445 1423 5499 ad
1464 5444 1815 5499 immortalem

241 5537 404 5591 vitam
428 5539 630 5592 sanctis
666 5538 855 5591 animis
877 5537 1010 5607 apud
1052 5552 1109 5591 se
1134 5545 1478 5606 [imparatam
1522 5536 1816 5599 transtulit;

245 5628 404 5683 trium
441 5630 739 5684 liberorum
776 5629 986 5692 sobole,
1019 5629 1107 5697 qui
1152 5629 1200 5680 in
1236 5627 1459 5695 imperio
1482 5626 1529 5680 ei
1573 5626 1822 5679 διωρώρ-

245 5726 399 5789 rem,
421 5720 678 5776 excitata.
704 5717 758 5773 In
801 5718 939 5773 hunc
969 5719 1124 5787 igitur
1165 5718 1379 5774 modum
1419 5718 1714 5789 imperialis
1746 5717 1823 5772 di-

1915 497 2034 567 jure
2056 508 2229 554 autem
2256 510 2457 557 natura:
2478 503 2658 559 liberis
2699 523 2761 561 ac
2784 511 3065 577 nepotibus
3086 522 3293 568 servata
3313 556 3326 576 .
3370 523 3427 569 et
3447 514 3497 569 in

1921 602 2234 660 perpetuum
2258 593 2509 665 deinceps
2553 606 2799 669 tanquam
2826 614 3039 669 paterna
3064 605 3304 675 qumdam
3330 606 3501 661 hmre-

1919 680 2057 736 ditas
2081 694 2360 754 propagata
2384 696 2482 742 est.
2514 692 2585 743 Ac
2630 690 2766 746 Deus
2787 694 2999 762 quidem
3043 697 3262 766 ipsequi
3306 699 3498 754 beatis-

1919 774 2109 828 simum
2153 776 2296 831 illum
2339 778 2639 847 Principem
2696 783 2869 839 adhuc
2928 787 3197 842 uobiscum
3239 791 3293 843 in
3336 793 3497 849 terris

1919 878 2160 938 agentem
2202 871 2396 927 divinis
2438 874 2729 931 honoribus
2765 878 3101 945 sublimavit,
3144 882 3497 955 eamdemque

1918 960 2230 1016 morientem
2256 963 2447 1018 eximia
2470 965 2697 1033 quadam
2725 974 3069 1041 prmrogativa
3109 972 3381 1044 dignitatis
3401 990 3492 1030 ore

1918 1053 2091 1117 navit,
2117 1055 2263 1109 Solus
2284 1057 2404 1111 vita:
2427 1056 2566 1111 illius
2605 1059 2831 1129 scriptor
2853 1060 3008 1116 fuerit
3029 1063 3278 1130 idoneus;
3303 1066 3497 1136 quippe

1916 1146 2002 1215 qui
2025 1148 2315 1202 certamina
2356 1148 2497 1203 illius
2521 1165 2710 1221 resque
2743 1153 2996 1222 praeclare
3033 1165 3211 1226 gestas
3232 1158 3283 1211 in
3308 1160 3495 1215 coales-

1913 1237 2055 1292 tibus
2077 1237 2269 1295 tabulis
2290 1244 2701 1299 consecraverit.

2538 1354 2762 1415 CAPUT
2802 1356 2868 1414 X.

1916 1440 2067 1508 Quod
2110 1444 2319 1500 historia
2347 1446 2453 1501 lucc
2482 1450 2762 1503 necessaria
2787 1492 2801 1517 ,
2830 1460 2877 1506 et
2899 1452 2973 1507 ad
3002 1453 3299 1523 formandos
3334 1474 3495 1514 mores

2573 1544 2712 1598 utilis
2738 1544 2817 1600 sit.

1982 1649 2095 1721 Ego
2117 1667 2242 1707 vero
2266 1655 2474 1708 tametsi
2501 1658 2629 1711 tanti
2651 1658 2861 1729 quidem
2886 1660 2981 1716 \‘iri
3008 1662 3257 1719 felicitate
3278 1666 3494 1737 dignum

1916 1742 2186 1813 quidpiam
2228 1744 2406 1801 dicere
2426 1746 2643 1804 difficile
2683 1749 2966 1809 admodum
3004 1770 3124 1812 esse
3165 1757 3453 1829 intelligam
3478 1804 3492 1828 ,

1917 1833 2075 1888 silere
2123 1842 2300 1890 autem
2341 1846 2509 1892 tutum
2548 1854 2609 1893 ac
2664 1843 2900 1909 periculo
2937 1860 3201 1900 vacuum:
3245 1864 3496 1906 necessa-

1918 1924 2054 1978 rium
2078 1924 2427 1983 nihilominus
2466 1940 2594 2001 puto
2623 1931 2847 2002 piissimi
2878 1934 3137 2007 Principis
3168 1939 3447 2012 imaginem
3474 1984 3492 2011 ,

1918 2018 2161 2086 exemplo
2188 2019 2425 2075 mortalis
2465 2023 2723 2090 picturab,
2768 2027 3047 2083 verborum
3080 2031 3348 2087 coloribus
3388 2050 3492 2089 ex-

1918 2113 2155 2180 pressam
2178 2112 2241 2165 ad
2269 2114 2643 2183 sempiternam
2668 2130 3005 2188 posterorum
3026 2128 3336 2181 memoriam
3364 2144 3498 2184 con-

1918 2215 2172 2269 secrare,
2224 2214 2280 2258 ut
2328 2205 2543 2261 desidiae
2582 2217 2740 2277 atque
2771 2210 2976 2267 inertia:
3023 2216 3223 2272 crimen
3265 2234 3293 2271 a
3339 2222 3492 2276 nobis

1915 2292 2268 2361 depellamus.
2316 2296 2399 2351 Me
2424 2299 2563 2352 enim
2606 2299 2845 2368 profecto
2884 2302 3111 2374 puderet
3144 2310 3244 2362 mei
3292 2310 3495 2378 ipsius.

1920 2383 2019 2436 nisi
2045 2398 2255 2439 omnem
2295 2402 2466 2441 meam
2516 2389 2831 2445 industriam
2876 2409 2937 2448 ac
2984 2394 3324 2466 facultatem,
3371 2401 3496 2456 licet

1919 2472 2203 2529 admodum
2249 2476 2379 2532 levis
2409 2480 2479 2533 sit
2508 2490 2666 2550 atque
2696 2484 2885 2553 exigua
2909 2525 2924 2547 ,
2970 2486 3021 2539 in
3064 2488 3201 2542 hunc
3233 2492 3321 2559 qui
3362 2492 3497 2549 divi-

1919 2582 2043 2619 num
2075 2566 2279 2623 Numen
2310 2584 2514 2625 summa
2538 2573 2875 2629 observantia
2908 2588 3189 2633 veneratus
3211 2590 3293 2634 est
3318 2623 3332 2645 ,
3370 2599 3497 2639 con-

1920 2661 2136 2715 ferrem.
2164 2660 2270 2717 Sed
2300 2671 2354 2717 et
2383 2663 2447 2717 ad
2471 2678 2807 2720 communem
2840 2667 3113 2724 hominum
3146 2673 3306 2727 vitam
3337 2676 3494 2744 utile,

1919 2751 2158 2821 mihique
2188 2754 2445 2822 imprimis
2468 2759 2826 2812 necessarium
2851 2759 2951 2815 boc
2972 2776 3105 2831 opus
3128 2764 3241 2820 fore
3262 2766 3494 2836 conﬁdo,

1920 2856 2025 2910 quo
2070 2846 2469 2912 generosissimi
2524 2847 2859 2915 imperatoris
2904 2865 2990 2906 res
3037 2865 3241 2922 gestio,
3285 2870 3496 2915 summo

1920 2937 2155 2990 omnium
2206 2939 2509 3006 imperatori
2558 2939 2664 2995 Deo
2710 2954 2980 3011 acceptae,
3033 2947 3495 3015 comprehendun-

1921 3035 2023 3081 tur.
2058 3026 2337 3094 Quomodo
2384 3032 2523 3085 enim
2567 3042 2717 3101 turpe
2745 3049 2849 3087 non
2883 3035 3075 3102 fuerit,
3123 3039 3348 3098 Neronis
3374 3044 3496 3113 qui-

1920 3119 2041 3176 dem
2083 3131 2137 3177 et
2165 3123 2389 3177 aliorum
2421 3123 2702 3195 impiorum
2736 3136 3077 3198 tyrannorum
3108 3133 3195 3202 qui
3219 3134 3374 3204 longe
3404 3136 3497 3193 illo

1920 3213 2211 3270 deteriores
2257 3214 2509 3282 fuerunt,
2546 3219 2818 3274 memoria:
2855 3236 2962 3276 non
3004 3223 3236 3281 defuisse
3271 3227 3497 3299 diligen-

1922 3304 2157 3360 tissimos
2180 3307 2493 3375 scriptores,
2518 3309 2603 3375 qui
2636 3310 2771 3363 mala
2799 3325 3104 3381 argumenta
3129 3318 3354 3387 eleganti
3381 3336 3495 3377 ser-

1920 3408 2081 3449 mone
2128 3407 2476 3461 exornantes,
2532 3403 2830 3455 numerosis
2886 3404 3225 3461 historiarum
3273 3410 3496 3467 volumi-

1924 3485 2076 3540 nibus
2124 3489 2506 3543 condiderunt:
2553 3506 2649 3545 nos
2698 3507 2825 3547 vero
2864 3494 3059 3562 silere,
3110 3499 3302 3566 quibus
3355 3502 3493 3559 Deus

1920 3574 2179 3643 ejusmodi
2236 3577 2606 3645 imperatorem
2651 3581 2859 3649 qualem
2906 3584 3053 3639 nulla
3103 3603 3330 3657 unquam
3361 3604 3493 3650 aetas

1925 3664 2051 3718 vidit
2095 3668 2365 3731 nancisci,
2412 3680 2463 3722 ct
2496 3670 2546 3724 in
2584 3672 2701 3740 ejus
2731 3684 3074 3743 consuectum
3098 3719 3113 3743 ,
3161 3683 3400 3739 notitiam
3429 3700 3494 3743 ac

1921 3756 2241 3825 colloquium
2274 3763 2550 3829 pervenire
2577 3768 2854 3821 concessit.

2522 3872 2749 3930 CAPUT
2788 3876 2877 3932 XI.

1925 3960 2073 4025 Quod
2097 3963 2206 4016 sola
2242 3962 2555 4018 Constantini
2581 3978 2719 4037 gesta
2746 3984 2857 4037 quia
2897 3972 2964 4024 ad
2988 3973 3219 4043 pietatem
3246 3982 3496 4049 pertinent

2505 4066 2799 4112 narraturus
2826 4060 2909 4115 sit.

1996 4166 2353 4234 Quamobrem
2396 4169 2439 4222 si
2462 4169 2705 4239 cuiquam
2738 4172 2932 4242 alteri,
2964 4177 3115 4232 nobis
3137 4190 3280 4236 certe
3305 4186 3493 4252 pracci-

1924 4273 2029 4329 pue
2050 4261 2337 4326 convenit,
2368 4271 2425 4315 ut
2450 4270 2524 4316 tot
2564 4278 2625 4317 ac
2654 4272 2796 4318 tanta
2837 4282 2955 4336 quae
2981 4270 3277 4329 audivimus
3308 4276 3443 4334 bona
3468 4322 3484 4349 ,

1924 4350 1989 4404 iis
2034 4350 2375 4415 nuntiemns,
2423 4368 2645 4421 quorum
2695 4365 2901 4411 mentes
2961 4358 3216 4415 bonorum
3268 4381 3489 4435 operum

1926 4440 2177 4509 exemplo
2207 4441 2269 4494 ad
2294 4456 2528 4496 amorem
2564 4442 2654 4496 Dei
2682 4446 2996 4502 excitantur.
3024 4451 3229 4523 Quippe
3256 4457 3343 4510 alii
3372 4461 3488 4528 qui—

1847 4541 1901 4600 D
1926 4528 2045 4583 dem
2075 4530 2235 4583 vitam
2269 4529 2537 4585 hominum
2570 4533 2786 4588 minime
2824 4538 3103 4607 gravium,
3137 4552 3190 4597 et
3211 4560 3295 4598 res
3315 4558 3491 4615 gestas

1922 4620 1987 4673 ad
2012 4634 2218 4675 morum
2260 4622 2683 4677 emendationem
2715 4639 2932 4693 prorsus
2959 4631 3171 4687 inutiles
3194 4676 3208 4699 ,
3246 4646 3335 4691 aut
3372 4655 3493 4709 gra-

1923 4712 2033 4777 tia,
2085 4725 2174 4767 aut
2219 4713 2341 4768 odio
2387 4716 2774 4784 quorumdam,
2833 4730 2924 4773 aut
2963 4722 3026 4775 ad
3067 4724 3321 4782 doctrina:
3379 4747 3490 4788 sum

1924 4804 2333 4858 ostentationem
2355 4805 2593 4859 scribere
2624 4810 2856 4874 aggressi
2882 4850 2896 4876 ,
2936 4815 3359 4882 turpissimorum
3389 4821 3492 4877 ﬂa-

1921 4896 2167 4966 gitiorum
2201 4898 2557 4953 narrationem
2601 4901 2881 4969 magnifico
2912 4906 3193 4963 verborum
3234 4928 3491 4983 apparatu

1924 4989 2080 5042 aliter
2109 5004 2264 5058 quam
2315 4988 2491 5045 decuit
2538 4993 2964 5060 amplificarmtt:
3009 5000 3071 5051 iis
3111 5004 3199 5071 qui
3239 5006 3491 5076 singulari

1922 5079 2016 5136 Dei
2058 5080 2318 5136 beneficio
2362 5084 2621 5141 malorum
2667 5096 2913 5155 expertes
2944 5087 3184 5160 fuerant,
3234 5100 3492 5165 pessimo-

1921 5190 2037 5230 rum
2077 5190 2296 5244 operum
2344 5185 2397 5230 et
2440 5192 2557 5245 qurc
2602 5178 2867 5234 oblivione
2906 5196 2968 5235 ac
3017 5188 3247 5243 tenebris
3291 5192 3489 5250 involvi

1925 5265 2251 5331 debuerant,
2286 5266 2564 5336 magistros
2596 5284 2653 5321 sc
2694 5270 3005 5337 prtebentes.
3052 5276 3120 5329 At
3143 5280 3291 5334 nobis
3322 5287 3492 5342 oratio

1927 5357 2137 5427 quidem
2190 5358 2297 5426 ipsa
2355 5359 2594 5427 quamvis
2643 5363 2870 5430 suscepti
2920 5367 3097 5432 operis
3146 5374 3492 5439 magnitudini

1928 5463 2145 5516 prorsus
2173 5449 2341 5515 impar
2371 5452 2438 5501 sit
2464 5489 2477 5513 ,
2502 5450 2615 5502 sola
2658 5460 2831 5503 tamen
2864 5453 3336 5521 pulcherrimorum
3364 5465 3495 5521 faci-

1928 5553 2116 5593 norum
2147 5540 2450 5593 narratione
2478 5541 2727 5595 illustrari
2763 5558 2919 5611 posse
2952 5546 3175 5603 videtur.
3212 5552 3325 5621 ipsa
3368 5573 3494 5616 vero

1927 5643 2146 5697 Operum
2182 5630 2289 5683 Deo
2333 5639 2669 5698 acceptorum
2701 5640 3171 5705 commemoratio,
3216 5643 3276 5695 iis
3318 5647 3498 5717 utique

1929 5720 2019 5790 qui
2046 5720 2275 5775 animum
2313 5730 2454 5775 recte
2475 5734 2838 5792 comparatum
2884 5725 3164 5785 habuerint
3189 5773 3204 5798 ,
3240 5750 3342 5791 non
3383 5738 3503 5798 inu-
