  <div class='ocr_page' id='page_1' title='image "/cluster/home/n/w/nwhite01/storage/ocr_20150623/8/uva.x000826528/015.png"; bbox 0 0 3876 6218; ppageno 0'>
   <div class='ocr_carea' id='block_1_1' title="bbox 402 277 1975 360">
    <p class='ocr_par' dir='ltr' id='par_1_1' title="bbox 402 277 1969 360">
     <span class='ocr_line' id='line_1_1' title="bbox 402 277 1969 360; baseline -0.015 0"><span class='ocrx_word' id='word_1_1' title='bbox 402 302 472 360; x_wconf 67' lang='grc'><strong>15</strong></span> <span class='ocrx_word' id='word_1_2' title='bbox 1701 277 1969 339; x_wconf 79' lang='lat' dir='ltr'><strong>EUSEBII</strong></span> 
     </span>
    </p>
   </div>
   <div class='ocr_carea' id='block_1_2' title="bbox 2082 277 3660 360">
    <p class='ocr_par' dir='ltr' id='par_1_2' title="bbox 2082 278 3660 344">
     <span class='ocr_line' id='line_1_2' title="bbox 2082 278 3660 344; baseline 0.005 -10"><span class='ocrx_word' id='word_1_3' title='bbox 2082 278 2327 338; x_wconf 65' lang='lat' dir='ltr'><strong>.MPHILI</strong></span> <span class='ocrx_word' id='word_1_4' title='bbox 3588 279 3660 344; x_wconf 74' lang='grc' dir='ltr'><strong><em>η</em></strong></span> 
     </span>
    </p>
   </div>
   <div class='ocr_carea' id='block_1_3' title="bbox 407 390 3652 476">
    <p class='ocr_par' dir='ltr' id='par_1_3' title="bbox 407 390 3652 476">
     <span class='ocr_line' id='line_1_3' title="bbox 407 390 3652 476; baseline -0.006 -8"><span class='ocrx_word' id='word_1_5' title='bbox 407 414 555 469; x_wconf 82' lang='lat' dir='ltr'><strong>tilem</strong></span> <span class='ocrx_word' id='word_1_6' title='bbox 583 408 675 464; x_wconf 85' lang='lat' dir='ltr'><strong>sed</strong></span> <span class='ocrx_word' id='word_1_7' title='bbox 706 407 758 462; x_wconf 92' lang='lat' dir='ltr'><strong>in</strong></span> <span class='ocrx_word' id='word_1_8' title='bbox 800 402 983 476; x_wconf 85' lang='lat' dir='ltr'><strong>primis</strong></span> <span class='ocrx_word' id='word_1_9' title='bbox 1010 402 1333 458; x_wconf 77' lang='lat' dir='ltr'><strong>fructuosam</strong></span> <span class='ocrx_word' id='word_1_10' title='bbox 1360 397 1645 455; x_wconf 78' lang='lat' dir='ltr'><strong>lectionem</strong></span> <span class='ocrx_word' id='word_1_11' title='bbox 1687 395 1969 466; x_wconf 85' lang='lat' dir='ltr'><strong>praebitura</strong></span> <span class='ocrx_word' id='word_1_12' title='bbox 1997 393 2049 452; x_wconf 81' lang='grc' dir='ltr'><strong>Α</strong></span> <span class='ocrx_word' id='word_1_13' title='bbox 2076 400 2418 463; x_wconf 90' lang='lat' dir='ltr'><strong>tyrannorum</strong></span> <span class='ocrx_word' id='word_1_14' title='bbox 2450 390 2652 449; x_wconf 68' lang='lat' dir='ltr'><strong>aedibus</strong></span> <span class='ocrx_word' id='word_1_15' title='bbox 2694 391 2955 450; x_wconf 82' lang='lat' dir='ltr'><strong>subsedit.</strong></span> <span class='ocrx_word' id='word_1_16' title='bbox 3002 390 3188 463; x_wconf 84' lang='lat' dir='ltr'><strong>Neque</strong></span> <span class='ocrx_word' id='word_1_17' title='bbox 3214 401 3392 449; x_wconf 86' lang='lat' dir='ltr'><strong>tamen</strong></span> <span class='ocrx_word' id='word_1_18' title='bbox 3434 390 3652 449; x_wconf 87' lang='lat' dir='ltr'><strong>eosdem</strong></span> 
     </span>
    </p>
   </div>
   <div class='ocr_carea' id='block_1_4' title="bbox 411 483 1975 569">
    <p class='ocr_par' dir='ltr' id='par_1_4' title="bbox 411 483 1975 569">
     <span class='ocr_line' id='line_1_4' title="bbox 411 483 1975 569; baseline -0.015 -11"><span class='ocrx_word' id='word_1_19' title='bbox 411 512 513 558; x_wconf 90' lang='lat' dir='ltr'><strong>est.</strong></span> <span class='ocrx_word' id='word_1_20' title='bbox 555 500 735 569; x_wconf 88' lang='lat' dir='ltr'><strong>Itaque</strong></span> <span class='ocrx_word' id='word_1_21' title='bbox 765 492 1148 563; x_wconf 80' lang='lat' dir='ltr'><strong>quamplurima</strong></span> <span class='ocrx_word' id='word_1_22' title='bbox 1188 491 1290 543; x_wconf 87' lang='lat' dir='ltr'><strong>alia</strong></span> <span class='ocrx_word' id='word_1_23' title='bbox 1335 504 1454 559; x_wconf 71' lang='lat' dir='ltr'><strong>qua:</strong></span> <span class='ocrx_word' id='word_1_24' title='bbox 1483 487 1549 541; x_wconf 91' lang='lat' dir='ltr'><strong>de</strong></span> <span class='ocrx_word' id='word_1_25' title='bbox 1592 486 1691 540; x_wconf 90' lang='lat' dir='ltr'><strong>hoc</strong></span> <span class='ocrx_word' id='word_1_26' title='bbox 1736 483 1975 553; x_wconf 75' lang='lat' dir='ltr'><strong>principe</strong></span> 
     </span>
    </p>
   </div>
   <div class='ocr_carea' id='block_1_5' title="bbox 411 572 1974 658">
    <p class='ocr_par' dir='ltr' id='par_1_5' title="bbox 411 572 1974 658">
     <span class='ocr_line' id='line_1_5' title="bbox 411 572 1974 658; baseline -0.013 -11"><span class='ocrx_word' id='word_1_27' title='bbox 411 589 616 649; x_wconf 84' lang='lat' dir='ltr'><strong>narrari</strong></span> <span class='ocrx_word' id='word_1_28' title='bbox 644 596 863 658; x_wconf 90' lang='lat' dir='ltr'><strong>possunt</strong></span> <span class='ocrx_word' id='word_1_29' title='bbox 886 602 901 638; x_wconf 89' lang='lat'><strong>:</strong></span> <span class='ocrx_word' id='word_1_30' title='bbox 930 581 1208 638; x_wconf 80' lang='lat' dir='ltr'><strong>conﬂictus</strong></span> <span class='ocrx_word' id='word_1_31' title='bbox 1233 588 1286 634; x_wconf 90' lang='lat' dir='ltr'><strong>et</strong></span> <span class='ocrx_word' id='word_1_32' title='bbox 1318 579 1497 649; x_wconf 70' lang='lat' dir='ltr'><strong>praelia</strong></span> <span class='ocrx_word' id='word_1_33' title='bbox 1521 620 1535 643; x_wconf 91' lang='lat'><strong>,</strong></span> <span class='ocrx_word' id='word_1_34' title='bbox 1563 575 1715 632; x_wconf 81' lang='lat' dir='ltr'><strong>fortia</strong></span> <span class='ocrx_word' id='word_1_35' title='bbox 1740 572 1974 628; x_wconf 79' lang='lat' dir='ltr'><strong>facinora</strong></span> 
     </span>
    </p>
   </div>
   <div class='ocr_carea' id='block_1_6' title="bbox 410 663 1977 753">
    <p class='ocr_par' dir='ltr' id='par_1_6' title="bbox 410 663 1977 753">
     <span class='ocr_line' id='line_1_6' title="bbox 410 663 1977 753; baseline -0.015 -14"><span class='ocrx_word' id='word_1_36' title='bbox 410 692 569 753; x_wconf 89' lang='lat' dir='ltr'><strong>atque</strong></span> <span class='ocrx_word' id='word_1_37' title='bbox 614 677 896 739; x_wconf 78' lang='lat' dir='ltr'><strong>victorias,</strong></span> <span class='ocrx_word' id='word_1_38' title='bbox 941 682 1138 741; x_wconf 66' lang='lat' dir='ltr'><strong>tropaea</strong></span> <span class='ocrx_word' id='word_1_39' title='bbox 1178 685 1240 726; x_wconf 90' lang='lat' dir='ltr'><strong>ac</strong></span> <span class='ocrx_word' id='word_1_40' title='bbox 1282 666 1578 737; x_wconf 87' lang='lat' dir='ltr'><strong>triumphos</strong></span> <span class='ocrx_word' id='word_1_41' title='bbox 1623 664 1691 721; x_wconf 90' lang='lat' dir='ltr'><strong>de</strong></span> <span class='ocrx_word' id='word_1_42' title='bbox 1736 663 1977 753; x_wconf 79' lang='lat' dir='ltr'><strong>hostibus</strong></span> 
     </span>
    </p>
   </div>
   <div class='ocr_carea' id='block_1_7' title="bbox 412 752 1978 848">
    <p class='ocr_par' dir='ltr' id='par_1_7' title="bbox 412 752 1978 848">
     <span class='ocr_line' id='line_1_7' title="bbox 412 752 1978 848; baseline -0.016 -16"><span class='ocrx_word' id='word_1_43' title='bbox 412 786 595 848; x_wconf 89' lang='lat' dir='ltr'><strong>partes</strong></span> <span class='ocrx_word' id='word_1_44' title='bbox 617 814 631 838; x_wconf 91' lang='lat'><strong>,</strong></span> <span class='ocrx_word' id='word_1_45' title='bbox 663 779 716 827; x_wconf 93' lang='lat' dir='ltr'><strong>et</strong></span> <span class='ocrx_word' id='word_1_46' title='bbox 736 785 852 840; x_wconf 81' lang='lat' dir='ltr'><strong>quae</strong></span> <span class='ocrx_word' id='word_1_47' title='bbox 875 776 1135 837; x_wconf 63' lang='lat' dir='ltr'><strong>prseterea</strong></span> <span class='ocrx_word' id='word_1_48' title='bbox 1161 764 1227 818; x_wconf 92' lang='lat' dir='ltr'><strong>ad</strong></span> <span class='ocrx_word' id='word_1_49' title='bbox 1248 761 1578 833; x_wconf 88' lang='lat' dir='ltr'><strong>singulorum</strong></span> <span class='ocrx_word' id='word_1_50' title='bbox 1604 757 1883 812; x_wconf 90' lang='lat' dir='ltr'><strong>utilitatem</strong></span> <span class='ocrx_word' id='word_1_51' title='bbox 1908 752 1978 808; x_wconf 91' lang='lat' dir='ltr'><strong>ab</strong></span> 
     </span>
    </p>
   </div>
   <div class='ocr_carea' id='block_1_8' title="bbox 412 849 1976 928">
    <p class='ocr_par' dir='ltr' id='par_1_8' title="bbox 412 849 1976 928">
     <span class='ocr_line' id='line_1_8' title="bbox 412 849 1976 928; baseline -0.013 -5"><span class='ocrx_word' id='word_1_52' title='bbox 412 884 478 923; x_wconf 92' lang='lat' dir='ltr'><strong>eo</strong></span> <span class='ocrx_word' id='word_1_53' title='bbox 508 865 791 921; x_wconf 90' lang='lat' dir='ltr'><strong>constituta</strong></span> <span class='ocrx_word' id='word_1_54' title='bbox 832 869 986 915; x_wconf 89' lang='lat' dir='ltr'><strong>sunt:</strong></span> <span class='ocrx_word' id='word_1_55' title='bbox 1040 858 1185 928; x_wconf 80' lang='lat' dir='ltr'><strong>leges</strong></span> <span class='ocrx_word' id='word_1_56' title='bbox 1229 855 1292 910; x_wconf 90' lang='lat' dir='ltr'><strong>ad</strong></span> <span class='ocrx_word' id='word_1_57' title='bbox 1324 854 1653 910; x_wconf 83' lang='lat' dir='ltr'><strong>subditorum</strong></span> <span class='ocrx_word' id='word_1_58' title='bbox 1694 859 1747 906; x_wconf 90' lang='lat' dir='ltr'><strong>et</strong></span> <span class='ocrx_word' id='word_1_59' title='bbox 1775 849 1976 918; x_wconf 81' lang='lat' dir='ltr'><strong>Reipu-</strong></span> 
     </span>
    </p>
   </div>
   <div class='ocr_carea' id='block_1_9' title="bbox 414 942 1979 1015">
    <p class='ocr_par' dir='ltr' id='par_1_9' title="bbox 414 942 1979 1015">
     <span class='ocr_line' id='line_1_9' title="bbox 414 942 1979 1015; baseline -0.013 0"><span class='ocrx_word' id='word_1_60' title='bbox 414 959 567 1015; x_wconf 75' lang='lat' dir='ltr'><strong>blieze</strong></span> <span class='ocrx_word' id='word_1_61' title='bbox 618 952 953 1011; x_wconf 90' lang='lat' dir='ltr'><strong>commodum</strong></span> <span class='ocrx_word' id='word_1_62' title='bbox 1010 951 1179 1015; x_wconf 92' lang='lat' dir='ltr'><strong>latas;</strong></span> <span class='ocrx_word' id='word_1_63' title='bbox 1243 948 1375 1004; x_wconf 89' lang='lat' dir='ltr'><strong>alios</strong></span> <span class='ocrx_word' id='word_1_64' title='bbox 1424 945 1654 1015; x_wconf 87' lang='lat' dir='ltr'><strong>denique</strong></span> <span class='ocrx_word' id='word_1_65' title='bbox 1722 942 1979 1013; x_wconf 91' lang='lat' dir='ltr'><strong>plurimos</strong></span> 
     </span>
    </p>
   </div>
   <div class='ocr_carea' id='block_1_10' title="bbox 412 1034 1979 1119">
    <p class='ocr_par' dir='ltr' id='par_1_10' title="bbox 412 1034 1979 1119">
     <span class='ocr_line' id='line_1_10' title="bbox 412 1034 1979 1119; baseline -0.01 -14"><span class='ocrx_word' id='word_1_66' title='bbox 412 1049 745 1119; x_wconf 89' lang='lat' dir='ltr'><strong>Principatus</strong></span> <span class='ocrx_word' id='word_1_67' title='bbox 777 1047 983 1101; x_wconf 86' lang='lat' dir='ltr'><strong>labores</strong></span> <span class='ocrx_word' id='word_1_68' title='bbox 1010 1043 1074 1097; x_wconf 90' lang='lat' dir='ltr'><strong>ab</strong></span> <span class='ocrx_word' id='word_1_69' title='bbox 1096 1055 1161 1097; x_wconf 93' lang='lat' dir='ltr'><strong>eo</strong></span> <span class='ocrx_word' id='word_1_70' title='bbox 1186 1038 1484 1096; x_wconf 88' lang='lat' dir='ltr'><strong>exantlatos</strong></span> <span class='ocrx_word' id='word_1_71' title='bbox 1503 1079 1516 1102; x_wconf 92' lang='lat'><strong>,</strong></span> <span class='ocrx_word' id='word_1_72' title='bbox 1542 1037 1627 1106; x_wconf 92' lang='lat' dir='ltr'><strong>qui</strong></span> <span class='ocrx_word' id='word_1_73' title='bbox 1661 1036 1711 1090; x_wconf 92' lang='lat' dir='ltr'><strong>in</strong></span> <span class='ocrx_word' id='word_1_74' title='bbox 1743 1034 1979 1089; x_wconf 91' lang='lat' dir='ltr'><strong>omnium</strong></span> 
     </span>
    </p>
   </div>
   <div class='ocr_carea' id='block_1_11' title="bbox 414 1126 1982 1201">
    <p class='ocr_par' dir='ltr' id='par_1_11' title="bbox 414 1126 1982 1201">
     <span class='ocr_line' id='line_1_11' title="bbox 414 1126 1982 1201; baseline -0.01 -4"><span class='ocrx_word' id='word_1_75' title='bbox 414 1157 507 1197; x_wconf 90' lang='lat' dir='ltr'><strong>ore</strong></span> <span class='ocrx_word' id='word_1_76' title='bbox 530 1156 593 1195; x_wconf 92' lang='lat' dir='ltr'><strong>ac</strong></span> <span class='ocrx_word' id='word_1_77' title='bbox 631 1137 883 1193; x_wconf 88' lang='lat' dir='ltr'><strong>memoria</strong></span> <span class='ocrx_word' id='word_1_78' title='bbox 910 1142 1205 1195; x_wconf 85' lang='lat' dir='ltr'><strong>versantur,</strong></span> <span class='ocrx_word' id='word_1_79' title='bbox 1236 1127 1630 1201; x_wconf 73' lang='lat' dir='ltr'><strong>praetereundos</strong></span> <span class='ocrx_word' id='word_1_80' title='bbox 1668 1126 1799 1181; x_wconf 89' lang='lat' dir='ltr'><strong>mihi</strong></span> <span class='ocrx_word' id='word_1_81' title='bbox 1838 1140 1982 1181; x_wconf 91' lang='lat' dir='ltr'><strong>nunc</strong></span> 
     </span>
    </p>
   </div>
   <div class='ocr_carea' id='block_1_12' title="bbox 414 1221 1979 1302">
    <p class='ocr_par' dir='ltr' id='par_1_12' title="bbox 414 1221 1979 1302">
     <span class='ocr_line' id='line_1_12' title="bbox 414 1221 1979 1302; baseline -0.013 -9"><span class='ocrx_word' id='word_1_82' title='bbox 414 1252 533 1294; x_wconf 88' lang='lat' dir='ltr'><strong>esse</strong></span> <span class='ocrx_word' id='word_1_83' title='bbox 555 1236 820 1291; x_wconf 84' lang='lat' dir='ltr'><strong>arbitror:</strong></span> <span class='ocrx_word' id='word_1_84' title='bbox 848 1231 1042 1302; x_wconf 90' lang='lat' dir='ltr'><strong>quippe</strong></span> <span class='ocrx_word' id='word_1_85' title='bbox 1079 1243 1197 1284; x_wconf 91' lang='lat' dir='ltr'><strong>cum</strong></span> <span class='ocrx_word' id='word_1_86' title='bbox 1226 1224 1444 1281; x_wconf 88' lang='lat' dir='ltr'><strong>instituti</strong></span> <span class='ocrx_word' id='word_1_87' title='bbox 1487 1221 1665 1291; x_wconf 88' lang='lat' dir='ltr'><strong>operis</strong></span> <span class='ocrx_word' id='word_1_88' title='bbox 1693 1235 1979 1291; x_wconf 90' lang='lat' dir='ltr'><strong>argumen—</strong></span> 
     </span>
    </p>
   </div>
   <div class='ocr_carea' id='block_1_13' title="bbox 414 1312 1981 1387">
    <p class='ocr_par' dir='ltr' id='par_1_13' title="bbox 414 1312 1981 1387">
     <span class='ocr_line' id='line_1_13' title="bbox 414 1312 1981 1387; baseline -0.011 -5"><span class='ocrx_word' id='word_1_89' title='bbox 414 1336 524 1382; x_wconf 90' lang='lat' dir='ltr'><strong>tum</strong></span> <span class='ocrx_word' id='word_1_90' title='bbox 554 1326 837 1380; x_wconf 87' lang='lat' dir='ltr'><strong>admoneat</strong></span> <span class='ocrx_word' id='word_1_91' title='bbox 861 1337 944 1376; x_wconf 91' lang='lat' dir='ltr'><strong>me</strong></span> <span class='ocrx_word' id='word_1_92' title='bbox 960 1362 975 1387; x_wconf 89' lang='lat'><strong>,</strong></span> <span class='ocrx_word' id='word_1_93' title='bbox 998 1328 1135 1374; x_wconf 88' lang='lat' dir='ltr'><strong>utea</strong></span> <span class='ocrx_word' id='word_1_94' title='bbox 1158 1317 1268 1374; x_wconf 87' lang='lat' dir='ltr'><strong>sola</strong></span> <span class='ocrx_word' id='word_1_95' title='bbox 1293 1331 1409 1387; x_wconf 69' lang='lat' dir='ltr'><strong>qua:</strong></span> <span class='ocrx_word' id='word_1_96' title='bbox 1432 1314 1497 1369; x_wconf 86' lang='lat' dir='ltr'><strong>ad</strong></span> <span class='ocrx_word' id='word_1_97' title='bbox 1525 1314 1615 1369; x_wconf 90' lang='lat' dir='ltr'><strong>Dei</strong></span> <span class='ocrx_word' id='word_1_98' title='bbox 1638 1312 1839 1368; x_wconf 91' lang='lat' dir='ltr'><strong>cultum</strong></span> <span class='ocrx_word' id='word_1_99' title='bbox 1862 1326 1981 1382; x_wconf 82' lang='lat' dir='ltr'><strong>per-</strong></span> 
     </span>
    </p>
   </div>
   <div class='ocr_carea' id='block_1_14' title="bbox 414 1405 1980 1481">
    <p class='ocr_par' dir='ltr' id='par_1_14' title="bbox 414 1405 1980 1481">
     <span class='ocr_line' id='line_1_14' title="bbox 414 1405 1980 1481; baseline -0.011 -8"><span class='ocrx_word' id='word_1_100' title='bbox 414 1419 616 1481; x_wconf 92' lang='lat' dir='ltr'><strong>tinent,</strong></span> <span class='ocrx_word' id='word_1_101' title='bbox 674 1414 899 1471; x_wconf 90' lang='lat' dir='ltr'><strong>dicendo</strong></span> <span class='ocrx_word' id='word_1_102' title='bbox 944 1426 1005 1467; x_wconf 90' lang='lat' dir='ltr'><strong>ac</strong></span> <span class='ocrx_word' id='word_1_103' title='bbox 1057 1407 1339 1465; x_wconf 89' lang='lat' dir='ltr'><strong>scribendo</strong></span> <span class='ocrx_word' id='word_1_104' title='bbox 1378 1420 1686 1476; x_wconf 88' lang='lat' dir='ltr'><strong>persequar.</strong></span> <span class='ocrx_word' id='word_1_105' title='bbox 1718 1405 1980 1459; x_wconf 71' lang='lat' dir='ltr'><strong>Caeterum</strong></span> 
     </span>
    </p>
   </div>
   <div class='ocr_carea' id='block_1_15' title="bbox 414 1494 1984 1575">
    <p class='ocr_par' dir='ltr' id='par_1_15' title="bbox 414 1494 1984 1575">
     <span class='ocr_line' id='line_1_15' title="bbox 414 1494 1984 1575; baseline -0.01 -11"><span class='ocrx_word' id='word_1_106' title='bbox 414 1524 535 1565; x_wconf 90' lang='lat' dir='ltr'><strong>cum</strong></span> <span class='ocrx_word' id='word_1_107' title='bbox 574 1508 687 1561; x_wconf 77' lang='lat' dir='ltr'><strong>hzec</strong></span> <span class='ocrx_word' id='word_1_108' title='bbox 716 1507 827 1575; x_wconf 90' lang='lat' dir='ltr'><strong>ipsa</strong></span> <span class='ocrx_word' id='word_1_109' title='bbox 858 1517 1079 1559; x_wconf 79' lang='lat' dir='ltr'><strong>numero</strong></span> <span class='ocrx_word' id='word_1_110' title='bbox 1102 1515 1237 1571; x_wconf 92' lang='lat' dir='ltr'><strong>pene</strong></span> <span class='ocrx_word' id='word_1_111' title='bbox 1261 1497 1462 1555; x_wconf 85' lang='lat' dir='ltr'><strong>infinita</strong></span> <span class='ocrx_word' id='word_1_112' title='bbox 1501 1497 1645 1560; x_wconf 88' lang='lat' dir='ltr'><strong>sint;</strong></span> <span class='ocrx_word' id='word_1_113' title='bbox 1685 1509 1748 1549; x_wconf 90' lang='lat' dir='ltr'><strong>ex</strong></span> <span class='ocrx_word' id='word_1_114' title='bbox 1780 1494 1843 1548; x_wconf 87' lang='lat' dir='ltr'><strong>iis</strong></span> <span class='ocrx_word' id='word_1_115' title='bbox 1864 1508 1984 1562; x_wconf 64' lang='lat' dir='ltr'><strong>qua:</strong></span> 
     </span>
    </p>
   </div>
   <div class='ocr_carea' id='block_1_16' title="bbox 414 1586 1985 1663">
    <p class='ocr_par' dir='ltr' id='par_1_16' title="bbox 414 1586 1985 1663">
     <span class='ocr_line' id='line_1_16' title="bbox 414 1586 1985 1663; baseline -0.008 -9"><span class='ocrx_word' id='word_1_116' title='bbox 414 1603 479 1657; x_wconf 88' lang='lat' dir='ltr'><strong>ad</strong></span> <span class='ocrx_word' id='word_1_117' title='bbox 524 1600 759 1656; x_wconf 85' lang='lat' dir='ltr'><strong>notitiam</strong></span> <span class='ocrx_word' id='word_1_118' title='bbox 815 1607 1047 1652; x_wconf 91' lang='lat' dir='ltr'><strong>nostram</strong></span> <span class='ocrx_word' id='word_1_119' title='bbox 1115 1599 1472 1663; x_wconf 89' lang='lat' dir='ltr'><strong>pervenerunt</strong></span> <span class='ocrx_word' id='word_1_120' title='bbox 1534 1586 1985 1659; x_wconf 91' lang='lat' dir='ltr'><strong>opportunissima</strong></span> 
     </span>
    </p>
   </div>
   <div class='ocr_carea' id='block_1_17' title="bbox 414 1680 1982 1764">
    <p class='ocr_par' dir='ltr' id='par_1_17' title="bbox 414 1680 1982 1764">
     <span class='ocr_line' id='line_1_17' title="bbox 414 1680 1982 1764; baseline -0.01 -15"><span class='ocrx_word' id='word_1_121' title='bbox 414 1709 637 1764; x_wconf 72' lang='lat' dir='ltr'><strong>qumque</strong></span> <span class='ocrx_word' id='word_1_122' title='bbox 655 1692 946 1755; x_wconf 75' lang='lat' dir='ltr'><strong>dumtaxat;</strong></span> <span class='ocrx_word' id='word_1_123' title='bbox 974 1696 1025 1744; x_wconf 91' lang='lat' dir='ltr'><strong>et</strong></span> <span class='ocrx_word' id='word_1_124' title='bbox 1046 1695 1376 1758; x_wconf 84' lang='lat' dir='ltr'><strong>posterorum</strong></span> <span class='ocrx_word' id='word_1_125' title='bbox 1398 1682 1650 1739; x_wconf 82' lang='lat' dir='ltr'><strong>memoria</strong></span> <span class='ocrx_word' id='word_1_126' title='bbox 1677 1680 1982 1751; x_wconf 89' lang='lat' dir='ltr'><strong>dignissima</strong></span> 
     </span>
    </p>
   </div>
   <div class='ocr_carea' id='block_1_18' title="bbox 2075 481 3650 553">
    <p class='ocr_par' dir='ltr' id='par_1_18' title="bbox 2075 481 3650 553">
     <span class='ocr_line' id='line_1_18' title="bbox 2075 481 3650 553; baseline 0 -17"><span class='ocrx_word' id='word_1_127' title='bbox 2075 497 2194 536; x_wconf 87' lang='lat' dir='ltr'><strong>cum</strong></span> <span class='ocrx_word' id='word_1_128' title='bbox 2239 483 2415 553; x_wconf 87' lang='lat' dir='ltr'><strong>impiis</strong></span> <span class='ocrx_word' id='word_1_129' title='bbox 2448 498 2654 551; x_wconf 91' lang='lat' dir='ltr'><strong>mores,</strong></span> <span class='ocrx_word' id='word_1_130' title='bbox 2705 485 2912 538; x_wconf 85' lang='lat' dir='ltr'><strong>tametsi</strong></span> <span class='ocrx_word' id='word_1_131' title='bbox 2954 482 3238 538; x_wconf 89' lang='lat' dir='ltr'><strong>admodum</strong></span> <span class='ocrx_word' id='word_1_132' title='bbox 3296 481 3650 548; x_wconf 87' lang='lat' dir='ltr'><strong>adolescens,</strong></span> 
     </span>
    </p>
   </div>
   <div class='ocr_carea' id='block_1_19' title="bbox 2076 571 3651 644">
    <p class='ocr_par' dir='ltr' id='par_1_19' title="bbox 2076 571 3651 644">
     <span class='ocr_line' id='line_1_19' title="bbox 2076 571 3651 644; baseline 0 -17"><span class='ocrx_word' id='word_1_133' title='bbox 2076 581 2307 627; x_wconf 82' lang='lat' dir='ltr'><strong>sectatus</strong></span> <span class='ocrx_word' id='word_1_134' title='bbox 2334 581 2436 627; x_wconf 88' lang='lat' dir='ltr'><strong>est.</strong></span> <span class='ocrx_word' id='word_1_135' title='bbox 2468 571 2672 643; x_wconf 85' lang='lat' dir='ltr'><strong>Quippe</strong></span> <span class='ocrx_word' id='word_1_136' title='bbox 2694 572 2804 643; x_wconf 88' lang='lat' dir='ltr'><strong>jam</strong></span> <span class='ocrx_word' id='word_1_137' title='bbox 2835 572 2958 628; x_wconf 92' lang='lat' dir='ltr'><strong>inde</strong></span> <span class='ocrx_word' id='word_1_138' title='bbox 2986 574 3053 629; x_wconf 91' lang='lat' dir='ltr'><strong>ab</strong></span> <span class='ocrx_word' id='word_1_139' title='bbox 3093 573 3180 629; x_wconf 90' lang='lat' dir='ltr'><strong>illa</strong></span> <span class='ocrx_word' id='word_1_140' title='bbox 3210 581 3369 628; x_wconf 65' lang='lat' dir='ltr'><strong>aetate</strong></span> <span class='ocrx_word' id='word_1_141' title='bbox 3392 614 3408 639; x_wconf 95' lang='lat'><strong>,</strong></span> <span class='ocrx_word' id='word_1_142' title='bbox 3438 571 3651 644; x_wconf 75' lang='lat' dir='ltr'><strong>egregia</strong></span> 
     </span>
    </p>
   </div>
   <div class='ocr_carea' id='block_1_20' title="bbox 2077 663 3652 734">
    <p class='ocr_par' dir='ltr' id='par_1_20' title="bbox 2077 663 3652 734">
     <span class='ocr_line' id='line_1_20' title="bbox 2077 663 3652 734; baseline 0.001 -16"><span class='ocrx_word' id='word_1_143' title='bbox 2077 663 2283 719; x_wconf 84' lang='lat' dir='ltr'><strong>indoles</strong></span> <span class='ocrx_word' id='word_1_144' title='bbox 2312 663 2495 719; x_wconf 89' lang='lat' dir='ltr'><strong>divino</strong></span> <span class='ocrx_word' id='word_1_145' title='bbox 2526 663 2726 733; x_wconf 88' lang='lat' dir='ltr'><strong>Spiritu</strong></span> <span class='ocrx_word' id='word_1_146' title='bbox 2752 665 2973 733; x_wconf 87' lang='lat' dir='ltr'><strong>impulsa</strong></span> <span class='ocrx_word' id='word_1_147' title='bbox 2998 704 3015 731; x_wconf 93' lang='lat'><strong>,</strong></span> <span class='ocrx_word' id='word_1_148' title='bbox 3049 665 3219 734; x_wconf 92' lang='lat' dir='ltr'><strong>ipsum</strong></span> <span class='ocrx_word' id='word_1_149' title='bbox 3245 664 3310 720; x_wconf 88' lang='lat' dir='ltr'><strong>ad</strong></span> <span class='ocrx_word' id='word_1_150' title='bbox 3342 665 3483 734; x_wconf 91' lang='lat' dir='ltr'><strong>piam</strong></span> <span class='ocrx_word' id='word_1_151' title='bbox 3514 663 3652 720; x_wconf 87' lang='lat' dir='ltr'><strong>Deo-</strong></span> 
     </span>
    </p>
   </div>
   <div class='ocr_carea' id='block_1_21' title="bbox 2075 755 3651 827">
    <p class='ocr_par' dir='ltr' id='par_1_21' title="bbox 2075 755 3651 827">
     <span class='ocr_line' id='line_1_21' title="bbox 2075 755 3651 827; baseline 0.003 -19"><span class='ocrx_word' id='word_1_152' title='bbox 2075 769 2177 824; x_wconf 89' lang='lat' dir='ltr'><strong>que</strong></span> <span class='ocrx_word' id='word_1_153' title='bbox 2196 765 2468 826; x_wconf 90' lang='lat' dir='ltr'><strong>acceptam</strong></span> <span class='ocrx_word' id='word_1_154' title='bbox 2496 756 2957 823; x_wconf 87' lang='lat' dir='ltr'><strong>vitam,ineitabat.</strong></span> <span class='ocrx_word' id='word_1_155' title='bbox 2992 755 3099 813; x_wconf 91' lang='lat' dir='ltr'><strong>Sed</strong></span> <span class='ocrx_word' id='word_1_156' title='bbox 3118 764 3175 812; x_wconf 89' lang='lat' dir='ltr'><strong>et</strong></span> <span class='ocrx_word' id='word_1_157' title='bbox 3194 757 3359 827; x_wconf 82' lang='lat' dir='ltr'><strong>patris</strong></span> <span class='ocrx_word' id='word_1_158' title='bbox 3378 755 3651 813; x_wconf 59' lang='lat' dir='ltr'><strong>aemulatio</strong></span> 
     </span>
    </p>
   </div>
   <div class='ocr_carea' id='block_1_22' title="bbox 2077 845 3653 916">
    <p class='ocr_par' dir='ltr' id='par_1_22' title="bbox 2077 845 3653 916">
     <span class='ocr_line' id='line_1_22' title="bbox 2077 845 3653 916; baseline 0.001 -17"><span class='ocrx_word' id='word_1_159' title='bbox 2077 846 2320 902; x_wconf 91' lang='lat' dir='ltr'><strong>stimulos</strong></span> <span class='ocrx_word' id='word_1_160' title='bbox 2341 845 2687 912; x_wconf 86' lang='lat' dir='ltr'><strong>admovebat,</strong></span> <span class='ocrx_word' id='word_1_161' title='bbox 2724 862 2825 916; x_wconf 91' lang='lat' dir='ltr'><strong>qua</strong></span> <span class='ocrx_word' id='word_1_162' title='bbox 2855 847 2923 902; x_wconf 90' lang='lat' dir='ltr'><strong>ad</strong></span> <span class='ocrx_word' id='word_1_163' title='bbox 2951 847 3160 901; x_wconf 89' lang='lat' dir='ltr'><strong>virtutis</strong></span> <span class='ocrx_word' id='word_1_164' title='bbox 3193 855 3249 903; x_wconf 91' lang='lat' dir='ltr'><strong>et</strong></span> <span class='ocrx_word' id='word_1_165' title='bbox 3278 846 3535 902; x_wconf 90' lang='lat' dir='ltr'><strong>bonorum</strong></span> <span class='ocrx_word' id='word_1_166' title='bbox 3562 859 3653 901; x_wconf 84' lang='lat' dir='ltr'><strong>ac-</strong></span> 
     </span>
    </p>
   </div>
   <div class='ocr_carea' id='block_1_23' title="bbox 2079 935 3655 1007">
    <p class='ocr_par' dir='ltr' id='par_1_23' title="bbox 2079 935 3655 1007">
     <span class='ocr_line' id='line_1_23' title="bbox 2079 935 3655 1007; baseline 0.001 -17"><span class='ocrx_word' id='word_1_167' title='bbox 2079 946 2225 991; x_wconf 92' lang='lat' dir='ltr'><strong>tuum</strong></span> <span class='ocrx_word' id='word_1_168' title='bbox 2262 936 2611 993; x_wconf 86' lang='lat' dir='ltr'><strong>imitationem</strong></span> <span class='ocrx_word' id='word_1_169' title='bbox 2632 936 2844 1007; x_wconf 83' lang='lat' dir='ltr'><strong>juvenis</strong></span> <span class='ocrx_word' id='word_1_170' title='bbox 2872 935 3280 1007; x_wconf 87' lang='lat' dir='ltr'><strong>provocabatur.</strong></span> <span class='ocrx_word' id='word_1_171' title='bbox 3313 936 3471 992; x_wconf 90' lang='lat' dir='ltr'><strong>Pater</strong></span> <span class='ocrx_word' id='word_1_172' title='bbox 3489 935 3655 1007; x_wconf 81' lang='lat' dir='ltr'><strong>siqui-</strong></span> 
     </span>
    </p>
   </div>
   <div class='ocr_carea' id='block_1_24' title="bbox 2078 1026 3654 1100">
    <p class='ocr_par' dir='ltr' id='par_1_24' title="bbox 2078 1026 3654 1100">
     <span class='ocr_line' id='line_1_24' title="bbox 2078 1026 3654 1100; baseline 0.002 -18"><span class='ocrx_word' id='word_1_173' title='bbox 2078 1026 2200 1083; x_wconf 85' lang='lat' dir='ltr'><strong>dem</strong></span> <span class='ocrx_word' id='word_1_174' title='bbox 2225 1027 2274 1082; x_wconf 91' lang='lat' dir='ltr'><strong>ei</strong></span> <span class='ocrx_word' id='word_1_175' title='bbox 2306 1026 2401 1082; x_wconf 87' lang='lat' dir='ltr'><strong>fuit</strong></span> <span class='ocrx_word' id='word_1_176' title='bbox 2439 1027 2583 1100; x_wconf 87' lang='lat' dir='ltr'><strong>(nam</strong></span> <span class='ocrx_word' id='word_1_177' title='bbox 2613 1036 2667 1084; x_wconf 90' lang='lat' dir='ltr'><strong>et</strong></span> <span class='ocrx_word' id='word_1_178' title='bbox 2699 1027 2856 1099; x_wconf 90' lang='lat' dir='ltr'><strong>hujus</strong></span> <span class='ocrx_word' id='word_1_179' title='bbox 2896 1029 3209 1084; x_wconf 88' lang='lat' dir='ltr'><strong>memoriam</strong></span> <span class='ocrx_word' id='word_1_180' title='bbox 3239 1038 3540 1099; x_wconf 86' lang='lat' dir='ltr'><strong>opportune</strong></span> <span class='ocrx_word' id='word_1_181' title='bbox 3567 1043 3654 1085; x_wconf 71' lang='grc' dir='ltr'><strong>το-</strong></span> 
     </span>
    </p>
   </div>
   <div class='ocr_carea' id='block_1_25' title="bbox 2081 1121 3654 1191">
    <p class='ocr_par' dir='ltr' id='par_1_25' title="bbox 2081 1121 3654 1191">
     <span class='ocr_line' id='line_1_25' title="bbox 2081 1121 3654 1191; baseline 0.003 -18"><span class='ocrx_word' id='word_1_182' title='bbox 2081 1133 2277 1174; x_wconf 90' lang='lat' dir='ltr'><strong>novare</strong></span> <span class='ocrx_word' id='word_1_183' title='bbox 2328 1134 2619 1191; x_wconf 91' lang='lat' dir='ltr'><strong>congruum</strong></span> <span class='ocrx_word' id='word_1_184' title='bbox 2678 1121 2783 1190; x_wconf 88' lang='lat' dir='ltr'><strong>est)</strong></span> <span class='ocrx_word' id='word_1_185' title='bbox 2841 1121 3218 1178; x_wconf 86' lang='lat' dir='ltr'><strong>Constantius:</strong></span> <span class='ocrx_word' id='word_1_186' title='bbox 3272 1122 3654 1190; x_wconf 88' lang='lat' dir='ltr'><strong>imperatontm</strong></span> 
     </span>
    </p>
   </div>
   <div class='ocr_carea' id='block_1_26' title="bbox 2081 1210 3655 1283">
    <p class='ocr_par' dir='ltr' id='par_1_26' title="bbox 2081 1210 3655 1283">
     <span class='ocr_line' id='line_1_26' title="bbox 2081 1210 3655 1283; baseline 0.003 -20"><span class='ocrx_word' id='word_1_187' title='bbox 2081 1210 2251 1265; x_wconf 88' lang='lat' dir='ltr'><strong>nostri</strong></span> <span class='ocrx_word' id='word_1_188' title='bbox 2295 1212 2550 1281; x_wconf 89' lang='lat' dir='ltr'><strong>temporis</strong></span> <span class='ocrx_word' id='word_1_189' title='bbox 2579 1211 2960 1268; x_wconf 89' lang='lat' dir='ltr'><strong>nobilissimus.</strong></span> <span class='ocrx_word' id='word_1_190' title='bbox 2995 1212 3071 1267; x_wconf 90' lang='lat' dir='ltr'><strong>De</strong></span> <span class='ocrx_word' id='word_1_191' title='bbox 3109 1224 3216 1283; x_wconf 91' lang='lat' dir='ltr'><strong>quo</strong></span> <span class='ocrx_word' id='word_1_192' title='bbox 3253 1212 3503 1267; x_wconf 88' lang='lat' dir='ltr'><strong>nonnulla</strong></span> <span class='ocrx_word' id='word_1_193' title='bbox 3532 1226 3655 1282; x_wconf 65' lang='lat' dir='ltr'><strong>qua</strong></span> 
     </span>
    </p>
   </div>
   <div class='ocr_carea' id='block_1_27' title="bbox 2082 1300 3655 1375">
    <p class='ocr_par' dir='ltr' id='par_1_27' title="bbox 2082 1300 3655 1375">
     <span class='ocr_line' id='line_1_27' title="bbox 2082 1300 3655 1375; baseline 0.004 -21"><span class='ocrx_word' id='word_1_194' title='bbox 2082 1301 2148 1357; x_wconf 90' lang='lat' dir='ltr'><strong>ad</strong></span> <span class='ocrx_word' id='word_1_195' title='bbox 2178 1300 2267 1355; x_wconf 87' lang='lat' dir='ltr'><strong>lilii</strong></span> <span class='ocrx_word' id='word_1_196' title='bbox 2297 1302 2811 1359; x_wconf 86' lang='lat' dir='ltr'><strong>commendationem</strong></span> <span class='ocrx_word' id='word_1_197' title='bbox 2851 1304 3152 1375; x_wconf 88' lang='lat' dir='ltr'><strong>pertinent,</strong></span> <span class='ocrx_word' id='word_1_198' title='bbox 3183 1303 3417 1361; x_wconf 84' lang='lat' dir='ltr'><strong>breviter</strong></span> <span class='ocrx_word' id='word_1_199' title='bbox 3440 1319 3472 1360; x_wconf 88' lang='lat' dir='ltr'><strong>a</strong></span> <span class='ocrx_word' id='word_1_200' title='bbox 3498 1304 3655 1362; x_wconf 82' lang='lat' dir='ltr'><strong>nobis</strong></span> 
     </span>
    </p>
   </div>
   <div class='ocr_carea' id='block_1_28' title="bbox 2083 1392 2558 1461">
    <p class='ocr_par' dir='ltr' id='par_1_28' title="bbox 2083 1392 2558 1461">
     <span class='ocr_line' id='line_1_28' title="bbox 2083 1392 2558 1461; baseline 0.002 -14"><span class='ocrx_word' id='word_1_201' title='bbox 2083 1392 2394 1461; x_wconf 89' lang='lat' dir='ltr'><strong>exponenda</strong></span> <span class='ocrx_word' id='word_1_202' title='bbox 2416 1404 2558 1448; x_wconf 91' lang='lat' dir='ltr'><strong>sunt.</strong></span> 
     </span>
    </p>
   </div>
   <div class='ocr_carea' id='block_1_29' title="bbox 2673 1484 3076 1544">
    <p class='ocr_par' dir='ltr' id='par_1_29' title="bbox 2673 1484 3076 1544">
     <span class='ocr_line' id='line_1_29' title="bbox 2673 1484 3076 1544; baseline 0 -3"><span class='ocrx_word' id='word_1_203' title='bbox 2673 1484 2899 1544; x_wconf 78' lang='lat' dir='ltr'><strong>CAPUT</strong></span> <span class='ocrx_word' id='word_1_204' title='bbox 2937 1485 3076 1542; x_wconf 84' lang='lat' dir='ltr'><strong>XIII.</strong></span> 
     </span>
    </p>
   </div>
   <div class='ocr_carea' id='block_1_30' title="bbox 2086 1595 3655 1670">
    <p class='ocr_par' dir='ltr' id='par_1_30' title="bbox 2086 1595 3655 1670">
     <span class='ocr_line' id='line_1_30' title="bbox 2086 1595 3655 1670; baseline 0.003 -19"><span class='ocrx_word' id='word_1_205' title='bbox 2086 1597 2163 1653; x_wconf 90' lang='lat' dir='ltr'><strong>De</strong></span> <span class='ocrx_word' id='word_1_206' title='bbox 2187 1608 2326 1670; x_wconf 79' lang='lat' dir='ltr'><strong>patre</strong></span> <span class='ocrx_word' id='word_1_207' title='bbox 2354 1601 2463 1669; x_wconf 85' lang='lat' dir='ltr'><strong>ejus</strong></span> <span class='ocrx_word' id='word_1_208' title='bbox 2492 1595 2806 1663; x_wconf 84' lang='lat' dir='ltr'><strong>Constantio,</strong></span> <span class='ocrx_word' id='word_1_209' title='bbox 2837 1596 2924 1665; x_wconf 89' lang='lat' dir='ltr'><strong>qui</strong></span> <span class='ocrx_word' id='word_1_210' title='bbox 2949 1596 3265 1654; x_wconf 84' lang='lat' dir='ltr'><strong>Christianos</strong></span> <span class='ocrx_word' id='word_1_211' title='bbox 3289 1605 3345 1653; x_wconf 77' lang='lat' dir='ltr'><strong>ut</strong></span> <span class='ocrx_word' id='word_1_212' title='bbox 3372 1597 3655 1655; x_wconf 80' lang='lat' dir='ltr'><strong>Diocletia-</strong></span> 
     </span>
    </p>
   </div>
   <div class='ocr_carea' id='block_1_31' title="bbox 2370 1687 3372 1759">
    <p class='ocr_par' dir='ltr' id='par_1_31' title="bbox 2370 1687 3372 1759">
     <span class='ocr_line' id='line_1_31' title="bbox 2370 1687 3372 1759; baseline 0 -15"><span class='ocrx_word' id='word_1_213' title='bbox 2370 1705 2467 1743; x_wconf 86' lang='lat' dir='ltr'><strong>nus</strong></span> <span class='ocrx_word' id='word_1_214' title='bbox 2491 1700 2537 1744; x_wconf 90' lang='lat' dir='ltr'><strong>et</strong></span> <span class='ocrx_word' id='word_1_215' title='bbox 2562 1687 2909 1744; x_wconf 72' lang='lat' dir='ltr'><strong>Maximianus</strong></span> <span class='ocrx_word' id='word_1_216' title='bbox 2933 1689 3160 1759; x_wconf 79' lang='lat' dir='ltr'><strong>persequi</strong></span> <span class='ocrx_word' id='word_1_217' title='bbox 3190 1690 3372 1744; x_wconf 82' lang='lat' dir='ltr'><strong>notuit.</strong></span> 
     </span>
    </p>
   </div>
   <div class='ocr_carea' id='block_1_32' title="bbox 415 1762 3658 1873">
    <p class='ocr_par' dir='ltr' id='par_1_32' title="bbox 415 1762 3658 1873">
     <span class='ocr_line' id='line_1_32' title="bbox 415 1762 3658 1873; baseline 0.001 -18"><span class='ocrx_word' id='word_1_218' title='bbox 415 1762 646 1856; x_wconf 60' lang='grc' dir='ltr'><strong>έθηὸέηε</strong></span> <span class='ocrx_word' id='word_1_219' title='bbox 668 1826 683 1851; x_wconf 69' lang='grc' dir='ltr'><strong>ν</strong></span> <span class='ocrx_word' id='word_1_220' title='bbox 715 1797 872 1853; x_wconf 67' lang='lat' dir='ltr'><strong>quam</strong></span> <span class='ocrx_word' id='word_1_221' title='bbox 897 1790 1083 1873; x_wconf 59' lang='lat' dir='ltr'><strong>9M9&quot;?</strong></span> <span class='ocrx_word' id='word_1_222' title='bbox 1113 1778 1427 1873; x_wconf 55' lang='grc' dir='ltr'><strong>Ῐπθνξδῗίπδθ</strong></span> <span class='ocrx_word' id='word_1_223' title='bbox 1454 1788 1736 1873; x_wconf 52' lang='grc' dir='ltr'><strong>θπξξ⁰¹¹³¹ἶλ</strong></span> <span class='ocrx_word' id='word_1_224' title='bbox 1762 1772 1817 1827; x_wconf 64' lang='lat' dir='ltr'><strong>Si</strong></span> <span class='ocrx_word' id='word_1_225' title='bbox 1857 1771 1978 1873; x_wconf 57' lang='grc' dir='ltr'><strong>ηίξίς</strong></span> <span class='ocrx_word' id='word_1_226' title='bbox 2014 1762 2062 1822; x_wconf 79' lang='grc' dir='ltr'><strong>Β</strong></span> <span class='ocrx_word' id='word_1_227' title='bbox 2159 1800 2288 1857; x_wconf 90' lang='lat' dir='ltr'><strong>Cum</strong></span> <span class='ocrx_word' id='word_1_228' title='bbox 2321 1800 2602 1872; x_wconf 90' lang='lat' dir='ltr'><strong>imperium</strong></span> <span class='ocrx_word' id='word_1_229' title='bbox 2630 1799 2931 1857; x_wconf 83' lang='lat' dir='ltr'><strong>Romanum</strong></span> <span class='ocrx_word' id='word_1_230' title='bbox 2960 1815 2990 1856; x_wconf 88' lang='lat' dir='ltr'><strong>a</strong></span> <span class='ocrx_word' id='word_1_231' title='bbox 3029 1810 3257 1873; x_wconf 84' lang='lat' dir='ltr'><strong>quatuor</strong></span> <span class='ocrx_word' id='word_1_232' title='bbox 3287 1802 3534 1873; x_wconf 78' lang='lat' dir='ltr'><strong>Augustis</strong></span> <span class='ocrx_word' id='word_1_233' title='bbox 3564 1816 3658 1857; x_wconf 87' lang='lat' dir='ltr'><strong>re-</strong></span> 
     </span>
    </p>
   </div>
   <div class='ocr_carea' id='block_1_33' title="bbox 411 1860 1989 1944">
    <p class='ocr_par' dir='ltr' id='par_1_33' title="bbox 411 1860 1989 1944">
     <span class='ocr_line' id='line_1_33' title="bbox 411 1860 1989 1944; baseline -0.011 -11"><span class='ocrx_word' id='word_1_234' title='bbox 411 1877 532 1933; x_wconf 92' lang='lat' dir='ltr'><strong>dem</strong></span> <span class='ocrx_word' id='word_1_235' title='bbox 582 1885 788 1944; x_wconf 88' lang='lat' dir='ltr'><strong>tempus</strong></span> <span class='ocrx_word' id='word_1_236' title='bbox 826 1874 998 1942; x_wconf 85' lang='lat' dir='ltr'><strong>ipsum</strong></span> <span class='ocrx_word' id='word_1_237' title='bbox 1054 1872 1187 1924; x_wconf 89' lang='lat' dir='ltr'><strong>hanc</strong></span> <span class='ocrx_word' id='word_1_238' title='bbox 1224 1867 1477 1934; x_wconf 90' lang='lat' dir='ltr'><strong>deinceps</strong></span> <span class='ocrx_word' id='word_1_239' title='bbox 1526 1861 1789 1918; x_wconf 90' lang='lat' dir='ltr'><strong>licentiam</strong></span> <span class='ocrx_word' id='word_1_240' title='bbox 1835 1860 1989 1916; x_wconf 87' lang='lat' dir='ltr'><strong>nobis</strong></span> 
     </span>
    </p>
   </div>
   <div class='ocr_carea' id='block_1_34' title="bbox 412 1951 1986 2032">
    <p class='ocr_par' dir='ltr' id='par_1_34' title="bbox 412 1951 1986 2032">
     <span class='ocr_line' id='line_1_34' title="bbox 412 1951 1986 2032; baseline -0.011 -9"><span class='ocrx_word' id='word_1_241' title='bbox 412 1967 689 2032; x_wconf 88' lang='lat' dir='ltr'><strong>concedit,</strong></span> <span class='ocrx_word' id='word_1_242' title='bbox 718 1974 776 2018; x_wconf 92' lang='lat' dir='ltr'><strong>ut</strong></span> <span class='ocrx_word' id='word_1_243' title='bbox 804 1961 1095 2019; x_wconf 84' lang='lat' dir='ltr'><strong>beatissimi</strong></span> <span class='ocrx_word' id='word_1_244' title='bbox 1136 1957 1399 2026; x_wconf 89' lang='lat' dir='ltr'><strong>Principis</strong></span> <span class='ocrx_word' id='word_1_245' title='bbox 1419 1953 1603 2009; x_wconf 88' lang='lat' dir='ltr'><strong>laudes</strong></span> <span class='ocrx_word' id='word_1_246' title='bbox 1642 1951 1827 2022; x_wconf 86' lang='lat' dir='ltr'><strong>quovis</strong></span> <span class='ocrx_word' id='word_1_247' title='bbox 1865 1965 1986 2005; x_wconf 87' lang='lat' dir='ltr'><strong>ora--</strong></span> 
     </span>
    </p>
   </div>
   <div class='ocr_carea' id='block_1_35' title="bbox 413 2044 1985 2128">
    <p class='ocr_par' dir='ltr' id='par_1_35' title="bbox 413 2044 1985 2128">
     <span class='ocr_line' id='line_1_35' title="bbox 413 2044 1985 2128; baseline -0.011 -14"><span class='ocrx_word' id='word_1_248' title='bbox 413 2060 573 2115; x_wconf 91' lang='lat' dir='ltr'><strong>tionis</strong></span> <span class='ocrx_word' id='word_1_249' title='bbox 600 2072 796 2128; x_wconf 78' lang='lat' dir='ltr'><strong>genere</strong></span> <span class='ocrx_word' id='word_1_250' title='bbox 821 2056 985 2111; x_wconf 89' lang='lat' dir='ltr'><strong>libere</strong></span> <span class='ocrx_word' id='word_1_251' title='bbox 1009 2051 1354 2123; x_wconf 73' lang='lat' dir='ltr'><strong>praedicemus</strong></span> <span class='ocrx_word' id='word_1_252' title='bbox 1376 2047 1546 2119; x_wconf 83' lang='lat' dir='ltr'><strong>(Eccl.</strong></span> <span class='ocrx_word' id='word_1_253' title='bbox 1570 2045 1652 2116; x_wconf 87' lang='grc' dir='ltr'><strong>ιι).</strong></span> <span class='ocrx_word' id='word_1_254' title='bbox 1676 2044 1804 2099; x_wconf 87' lang='lat' dir='ltr'><strong>Nam</strong></span> <span class='ocrx_word' id='word_1_255' title='bbox 1830 2050 1985 2097; x_wconf 87' lang='lat' dir='ltr'><strong>antea</strong></span> 
     </span>
    </p>
   </div>
   <div class='ocr_carea' id='block_1_36' title="bbox 409 2131 1984 2223">
    <p class='ocr_par' dir='ltr' id='par_1_36' title="bbox 409 2131 1984 2223">
     <span class='ocr_line' id='line_1_36' title="bbox 409 2131 1984 2223; baseline -0.013 -16"><span class='ocrx_word' id='word_1_256' title='bbox 409 2151 621 2223; x_wconf 85' lang='lat' dir='ltr'><strong>quidem</strong></span> <span class='ocrx_word' id='word_1_257' title='bbox 643 2149 693 2204; x_wconf 91' lang='lat' dir='ltr'><strong>id</strong></span> <span class='ocrx_word' id='word_1_258' title='bbox 716 2149 892 2203; x_wconf 89' lang='lat' dir='ltr'><strong>facere</strong></span> <span class='ocrx_word' id='word_1_259' title='bbox 915 2158 1242 2215; x_wconf 88' lang='lat' dir='ltr'><strong>nequaquam</strong></span> <span class='ocrx_word' id='word_1_260' title='bbox 1278 2139 1507 2201; x_wconf 89' lang='lat' dir='ltr'><strong>licebat,</strong></span> <span class='ocrx_word' id='word_1_261' title='bbox 1538 2144 1820 2206; x_wconf 87' lang='lat' dir='ltr'><strong>propterea</strong></span> <span class='ocrx_word' id='word_1_262' title='bbox 1843 2131 1984 2202; x_wconf 90' lang='lat' dir='ltr'><strong>quod</strong></span> 
     </span>
    </p>
   </div>
   <div class='ocr_carea' id='block_1_37' title="bbox 413 2224 1987 2308">
    <p class='ocr_par' dir='ltr' id='par_1_37' title="bbox 413 2224 1987 2308">
     <span class='ocr_line' id='line_1_37' title="bbox 413 2224 1987 2308; baseline -0.013 -11"><span class='ocrx_word' id='word_1_263' title='bbox 413 2242 636 2299; x_wconf 90' lang='lat' dir='ltr'><strong>vetitum</strong></span> <span class='ocrx_word' id='word_1_264' title='bbox 659 2248 741 2297; x_wconf 89' lang='lat' dir='ltr'><strong>est</strong></span> <span class='ocrx_word' id='word_1_265' title='bbox 764 2255 829 2293; x_wconf 91' lang='lat' dir='ltr'><strong>ne</strong></span> <span class='ocrx_word' id='word_1_266' title='bbox 851 2249 1165 2308; x_wconf 89' lang='lat' dir='ltr'><strong>quemquam</strong></span> <span class='ocrx_word' id='word_1_267' title='bbox 1189 2241 1311 2287; x_wconf 90' lang='lat' dir='ltr'><strong>ante</strong></span> <span class='ocrx_word' id='word_1_268' title='bbox 1345 2230 1545 2285; x_wconf 91' lang='lat' dir='ltr'><strong>obitum</strong></span> <span class='ocrx_word' id='word_1_269' title='bbox 1568 2227 1638 2281; x_wconf 90' lang='lat' dir='ltr'><strong>ob</strong></span> <span class='ocrx_word' id='word_1_270' title='bbox 1659 2226 1888 2280; x_wconf 87' lang='lat' dir='ltr'><strong>incertas</strong></span> <span class='ocrx_word' id='word_1_271' title='bbox 1910 2224 1987 2277; x_wconf 87' lang='lat' dir='ltr'><strong>vi-</strong></span> 
     </span>
    </p>
   </div>
   <div class='ocr_carea' id='block_1_38' title="bbox 407 2317 1982 2398">
    <p class='ocr_par' dir='ltr' id='par_1_38' title="bbox 407 2317 1982 2398">
     <span class='ocr_line' id='line_1_38' title="bbox 407 2317 1982 2398; baseline -0.013 -6"><span class='ocrx_word' id='word_1_272' title='bbox 407 2347 475 2392; x_wconf 78' lang='lat' dir='ltr'><strong>ta:</strong></span> <span class='ocrx_word' id='word_1_273' title='bbox 497 2334 816 2391; x_wconf 86' lang='lat' dir='ltr'><strong>mutationes</strong></span> <span class='ocrx_word' id='word_1_274' title='bbox 841 2331 1051 2385; x_wconf 88' lang='lat' dir='ltr'><strong>beatum</strong></span> <span class='ocrx_word' id='word_1_275' title='bbox 1096 2325 1522 2398; x_wconf 88' lang='lat' dir='ltr'><strong>pronuntiemus.</strong></span> <span class='ocrx_word' id='word_1_276' title='bbox 1562 2317 1792 2374; x_wconf 89' lang='lat' dir='ltr'><strong>Proinde</strong></span> <span class='ocrx_word' id='word_1_277' title='bbox 1818 2318 1982 2372; x_wconf 87' lang='lat' dir='ltr'><strong>Deum</strong></span> 
     </span>
    </p>
   </div>
   <div class='ocr_carea' id='block_1_39' title="bbox 407 2413 1981 2500">
    <p class='ocr_par' dir='ltr' id='par_1_39' title="bbox 407 2413 1981 2500">
     <span class='ocr_line' id='line_1_39' title="bbox 407 2413 1981 2500; baseline -0.013 -15"><span class='ocrx_word' id='word_1_278' title='bbox 407 2429 704 2500; x_wconf 84' lang='lat' dir='ltr'><strong>adjutorem</strong></span> <span class='ocrx_word' id='word_1_279' title='bbox 735 2426 923 2480; x_wconf 92' lang='lat' dir='ltr'><strong>invoco</strong></span> <span class='ocrx_word' id='word_1_280' title='bbox 947 2466 960 2487; x_wconf 91' lang='lat'><strong>,</strong></span> <span class='ocrx_word' id='word_1_281' title='bbox 990 2437 1053 2477; x_wconf 90' lang='lat' dir='ltr'><strong>ac</strong></span> <span class='ocrx_word' id='word_1_282' title='bbox 1098 2420 1312 2477; x_wconf 67' lang='lat' dir='ltr'><strong>caeleste</strong></span> <span class='ocrx_word' id='word_1_283' title='bbox 1357 2416 1473 2486; x_wconf 88' lang='lat' dir='ltr'><strong>ejus</strong></span> <span class='ocrx_word' id='word_1_284' title='bbox 1510 2413 1729 2469; x_wconf 79' lang='lat' dir='ltr'><strong>verbum</strong></span> <span class='ocrx_word' id='word_1_285' title='bbox 1773 2425 1981 2482; x_wconf 88' lang='lat' dir='ltr'><strong>precor,</strong></span> 
     </span>
    </p>
   </div>
   <div class='ocr_carea' id='block_1_40' title="bbox 407 2504 1982 2585">
    <p class='ocr_par' dir='ltr' id='par_1_40' title="bbox 407 2504 1982 2585">
     <span class='ocr_line' id='line_1_40' title="bbox 407 2504 1982 2585; baseline -0.014 -9"><span class='ocrx_word' id='word_1_286' title='bbox 407 2530 469 2575; x_wconf 89' lang='lat' dir='ltr'><strong>ut</strong></span> <span class='ocrx_word' id='word_1_287' title='bbox 494 2523 547 2574; x_wconf 90' lang='lat' dir='ltr'><strong>in</strong></span> <span class='ocrx_word' id='word_1_288' title='bbox 580 2519 680 2573; x_wconf 93' lang='lat' dir='ltr'><strong>hoc</strong></span> <span class='ocrx_word' id='word_1_289' title='bbox 716 2530 879 2585; x_wconf 90' lang='lat' dir='ltr'><strong>opere</strong></span> <span class='ocrx_word' id='word_1_290' title='bbox 922 2512 1158 2582; x_wconf 85' lang='lat' dir='ltr'><strong>aspirare</strong></span> <span class='ocrx_word' id='word_1_291' title='bbox 1187 2508 1315 2564; x_wconf 91' lang='lat' dir='ltr'><strong>mihi</strong></span> <span class='ocrx_word' id='word_1_292' title='bbox 1360 2506 1505 2561; x_wconf 82' lang='lat' dir='ltr'><strong>velit.</strong></span> <span class='ocrx_word' id='word_1_293' title='bbox 1532 2504 1725 2561; x_wconf 89' lang='lat' dir='ltr'><strong>Ordiar</strong></span> <span class='ocrx_word' id='word_1_294' title='bbox 1745 2512 1920 2558; x_wconf 88' lang='lat' dir='ltr'><strong>autem</strong></span> <span class='ocrx_word' id='word_1_295' title='bbox 1953 2515 1982 2554; x_wconf 92' lang='lat' dir='ltr'><strong>a</strong></span> 
     </span>
    </p>
   </div>
   <div class='ocr_carea' id='block_1_41' title="bbox 407 2601 1433 2681">
    <p class='ocr_par' dir='ltr' id='par_1_41' title="bbox 407 2601 1433 2681">
     <span class='ocr_line' id='line_1_41' title="bbox 407 2601 1433 2681; baseline -0.016 -14"><span class='ocrx_word' id='word_1_296' title='bbox 407 2610 581 2681; x_wconf 90' lang='lat' dir='ltr'><strong>prima</strong></span> <span class='ocrx_word' id='word_1_297' title='bbox 609 2610 750 2664; x_wconf 89' lang='lat' dir='ltr'><strong>illius</strong></span> <span class='ocrx_word' id='word_1_298' title='bbox 775 2617 931 2663; x_wconf 66' lang='lat' dir='ltr'><strong>actate</strong></span> <span class='ocrx_word' id='word_1_299' title='bbox 954 2607 1004 2660; x_wconf 91' lang='lat' dir='ltr'><strong>in</strong></span> <span class='ocrx_word' id='word_1_300' title='bbox 1027 2606 1167 2659; x_wconf 88' lang='lat' dir='ltr'><strong>hunc</strong></span> <span class='ocrx_word' id='word_1_301' title='bbox 1195 2601 1433 2659; x_wconf 87' lang='lat' dir='ltr'><strong>modum.</strong></span> 
     </span>
    </p>
   </div>
   <div class='ocr_carea' id='block_1_42' title="bbox 1018 2734 1393 2791">
    <p class='ocr_par' dir='ltr' id='par_1_42' title="bbox 1018 2734 1393 2791">
     <span class='ocr_line' id='line_1_42' title="bbox 1018 2734 1393 2791; baseline -0.011 0"><span class='ocrx_word' id='word_1_302' title='bbox 1018 2734 1239 2791; x_wconf 77' lang='lat' dir='ltr'><strong>CAPUT</strong></span> <span class='ocrx_word' id='word_1_303' title='bbox 1275 2734 1393 2789; x_wconf 78' lang='lat' dir='ltr'><strong>Xll.</strong></span> 
     </span>
    </p>
   </div>
   <div class='ocr_carea' id='block_1_43' title="bbox 508 2847 1885 2922">
    <p class='ocr_par' dir='ltr' id='par_1_43' title="bbox 508 2847 1885 2922">
     <span class='ocr_line' id='line_1_43' title="bbox 508 2847 1885 2922; baseline -0.004 -15"><span class='ocrx_word' id='word_1_304' title='bbox 508 2854 657 2922; x_wconf 84' lang='lat' dir='ltr'><strong>Quod</strong></span> <span class='ocrx_word' id='word_1_305' title='bbox 684 2849 1041 2905; x_wconf 82' lang='lat' dir='ltr'><strong>Constantinus</strong></span> <span class='ocrx_word' id='word_1_306' title='bbox 1072 2849 1123 2902; x_wconf 90' lang='lat' dir='ltr'><strong>in</strong></span> <span class='ocrx_word' id='word_1_307' title='bbox 1151 2858 1480 2918; x_wconf 82' lang='lat' dir='ltr'><strong>tyrannorum</strong></span> <span class='ocrx_word' id='word_1_308' title='bbox 1500 2847 1729 2915; x_wconf 74' lang='lat' dir='ltr'><strong>(edibus,</strong></span> <span class='ocrx_word' id='word_1_309' title='bbox 1753 2848 1885 2903; x_wconf 83' lang='lat' dir='ltr'><strong>sicut</strong></span> 
     </span>
    </p>
   </div>
   <div class='ocr_carea' id='block_1_44' title="bbox 903 2941 1484 3007">
    <p class='ocr_par' dir='ltr' id='par_1_44' title="bbox 903 2941 1484 3007">
     <span class='ocr_line' id='line_1_44' title="bbox 903 2941 1484 3007; baseline -0.005 -11"><span class='ocrx_word' id='word_1_310' title='bbox 903 2941 1070 2996; x_wconf 77' lang='lat' dir='ltr'><strong>Moses</strong></span> <span class='ocrx_word' id='word_1_311' title='bbox 1093 2981 1108 3007; x_wconf 96' lang='lat'><strong>,</strong></span> <span class='ocrx_word' id='word_1_312' title='bbox 1137 2941 1376 2994; x_wconf 85' lang='lat' dir='ltr'><strong>educatus</strong></span> <span class='ocrx_word' id='word_1_313' title='bbox 1402 2941 1484 2993; x_wconf 87' lang='lat' dir='ltr'><strong>sit.</strong></span> 
     </span>
    </p>
   </div>
   <div class='ocr_carea' id='block_1_45' title="bbox 482 3053 1981 3124">
    <p class='ocr_par' dir='ltr' id='par_1_45' title="bbox 482 3053 1981 3124">
     <span class='ocr_line' id='line_1_45' title="bbox 482 3053 1981 3124; baseline -0.005 -7"><span class='ocrx_word' id='word_1_314' title='bbox 482 3062 645 3117; x_wconf 77' lang='lat' dir='ltr'><strong>Vetus</strong></span> <span class='ocrx_word' id='word_1_315' title='bbox 674 3066 854 3114; x_wconf 87' lang='lat' dir='ltr'><strong>narrat</strong></span> <span class='ocrx_word' id='word_1_316' title='bbox 881 3055 1099 3111; x_wconf 87' lang='lat' dir='ltr'><strong>historia</strong></span> <span class='ocrx_word' id='word_1_317' title='bbox 1124 3096 1139 3121; x_wconf 91' lang='lat'><strong>,</strong></span> <span class='ocrx_word' id='word_1_318' title='bbox 1188 3064 1396 3124; x_wconf 90' lang='lat' dir='ltr'><strong>gentem</strong></span> <span class='ocrx_word' id='word_1_319' title='bbox 1429 3053 1770 3109; x_wconf 85' lang='lat' dir='ltr'><strong>Hebraeorum</strong></span> <span class='ocrx_word' id='word_1_320' title='bbox 1800 3069 1830 3107; x_wconf 90' lang='lat' dir='ltr'><strong>a</strong></span> <span class='ocrx_word' id='word_1_321' title='bbox 1878 3068 1981 3110; x_wconf 63' lang='lat' dir='ltr'><strong>sa!-</strong></span> 
     </span>
    </p>
   </div>
   <div class='ocr_carea' id='block_1_46' title="bbox 409 3121 2053 3219">
    <p class='ocr_par' dir='ltr' id='par_1_46' title="bbox 409 3121 2053 3219">
     <span class='ocr_line' id='line_1_46' title="bbox 409 3121 2053 3219; baseline -0.007 -11"><span class='ocrx_word' id='word_1_322' title='bbox 409 3153 640 3208; x_wconf 90' lang='lat' dir='ltr'><strong>vissimis</strong></span> <span class='ocrx_word' id='word_1_323' title='bbox 667 3150 791 3205; x_wconf 93' lang='lat' dir='ltr'><strong>olim</strong></span> <span class='ocrx_word' id='word_1_324' title='bbox 838 3147 1072 3219; x_wconf 83' lang='lat' dir='ltr'><strong>tyrannis</strong></span> <span class='ocrx_word' id='word_1_325' title='bbox 1099 3121 1406 3216; x_wconf 67' lang='lat' dir='ltr'><strong>oppressam</strong></span> <span class='ocrx_word' id='word_1_326' title='bbox 1451 3143 1612 3201; x_wconf 87' lang='lat' dir='ltr'><strong>fuisse</strong></span> <span class='ocrx_word' id='word_1_327' title='bbox 1646 3163 1659 3199; x_wconf 80' lang='lat'><strong>-.</strong></span> <span class='ocrx_word' id='word_1_328' title='bbox 1707 3145 1980 3216; x_wconf 87' lang='lat' dir='ltr'><strong>Deumque</strong></span> <span class='ocrx_word' id='word_1_329' title='bbox 2009 3121 2053 3185; x_wconf 65' lang='grc' dir='ltr'><strong>(ἶ</strong></span> 
     </span>
    </p>
   </div>
   <div class='ocr_carea' id='block_1_47' title="bbox 410 3236 1975 3311">
    <p class='ocr_par' dir='ltr' id='par_1_47' title="bbox 410 3236 1975 3311">
     <span class='ocr_line' id='line_1_47' title="bbox 410 3236 1975 3311; baseline -0.006 -11"><span class='ocrx_word' id='word_1_330' title='bbox 410 3260 534 3301; x_wconf 89' lang='lat' dir='ltr'><strong>cum</strong></span> <span class='ocrx_word' id='word_1_331' title='bbox 566 3253 854 3311; x_wconf 90' lang='lat' dir='ltr'><strong>oppressos</strong></span> <span class='ocrx_word' id='word_1_332' title='bbox 876 3239 1102 3309; x_wconf 89' lang='lat' dir='ltr'><strong>benigno</strong></span> <span class='ocrx_word' id='word_1_333' title='bbox 1133 3252 1193 3291; x_wconf 91' lang='lat' dir='ltr'><strong>ac</strong></span> <span class='ocrx_word' id='word_1_334' title='bbox 1216 3236 1444 3305; x_wconf 89' lang='lat' dir='ltr'><strong>propitio</strong></span> <span class='ocrx_word' id='word_1_335' title='bbox 1466 3236 1612 3290; x_wconf 87' lang='lat' dir='ltr'><strong>vultu</strong></span> <span class='ocrx_word' id='word_1_336' title='bbox 1632 3237 1975 3305; x_wconf 78' lang='lat' dir='ltr'><strong>respexisset,</strong></span> 
     </span>
    </p>
   </div>
   <div class='ocr_carea' id='block_1_48' title="bbox 411 3330 1978 3408">
    <p class='ocr_par' dir='ltr' id='par_1_48' title="bbox 411 3330 1978 3408">
     <span class='ocr_line' id='line_1_48' title="bbox 411 3330 1978 3408; baseline -0.004 -15"><span class='ocrx_word' id='word_1_337' title='bbox 411 3337 709 3408; x_wconf 82' lang='lat' dir='ltr'><strong>providisse</strong></span> <span class='ocrx_word' id='word_1_338' title='bbox 735 3343 795 3389; x_wconf 89' lang='lat' dir='ltr'><strong>ut</strong></span> <span class='ocrx_word' id='word_1_339' title='bbox 821 3332 1073 3403; x_wconf 87' lang='lat' dir='ltr'><strong>propheta</strong></span> <span class='ocrx_word' id='word_1_340' title='bbox 1107 3332 1303 3395; x_wconf 84' lang='lat' dir='ltr'><strong>Moses,</strong></span> <span class='ocrx_word' id='word_1_341' title='bbox 1324 3332 1410 3400; x_wconf 92' lang='lat' dir='ltr'><strong>qui</strong></span> <span class='ocrx_word' id='word_1_342' title='bbox 1462 3340 1570 3384; x_wconf 87' lang='lat' dir='ltr'><strong>tum</strong></span> <span class='ocrx_word' id='word_1_343' title='bbox 1602 3330 1773 3387; x_wconf 90' lang='lat' dir='ltr'><strong>adhuc</strong></span> <span class='ocrx_word' id='word_1_344' title='bbox 1803 3332 1978 3387; x_wconf 86' lang='lat' dir='ltr'><strong>infans</strong></span> 
     </span>
    </p>
   </div>
   <div class='ocr_carea' id='block_1_49' title="bbox 412 3419 1977 3492">
    <p class='ocr_par' dir='ltr' id='par_1_49' title="bbox 412 3419 1977 3492">
     <span class='ocr_line' id='line_1_49' title="bbox 412 3419 1977 3492; baseline -0.003 -10"><span class='ocrx_word' id='word_1_345' title='bbox 412 3435 555 3492; x_wconf 88' lang='lat' dir='ltr'><strong>erat,</strong></span> <span class='ocrx_word' id='word_1_346' title='bbox 587 3426 636 3478; x_wconf 91' lang='lat' dir='ltr'><strong>in</strong></span> <span class='ocrx_word' id='word_1_347' title='bbox 668 3422 858 3478; x_wconf 89' lang='lat' dir='ltr'><strong>mediis</strong></span> <span class='ocrx_word' id='word_1_348' title='bbox 884 3432 1224 3492; x_wconf 90' lang='lat' dir='ltr'><strong>tyrannorum</strong></span> <span class='ocrx_word' id='word_1_349' title='bbox 1258 3419 1460 3475; x_wconf 66' lang='lat' dir='ltr'><strong>aedibus</strong></span> <span class='ocrx_word' id='word_1_350' title='bbox 1482 3430 1534 3475; x_wconf 90' lang='lat' dir='ltr'><strong>ct</strong></span> <span class='ocrx_word' id='word_1_351' title='bbox 1557 3422 1606 3473; x_wconf 93' lang='lat' dir='ltr'><strong>in</strong></span> <span class='ocrx_word' id='word_1_352' title='bbox 1652 3422 1767 3490; x_wconf 93' lang='lat' dir='ltr'><strong>ipso</strong></span> <span class='ocrx_word' id='word_1_353' title='bbox 1792 3438 1977 3478; x_wconf 89' lang='lat' dir='ltr'><strong>eorum</strong></span> 
     </span>
    </p>
   </div>
   <div class='ocr_carea' id='block_1_50' title="bbox 409 3509 1977 3587">
    <p class='ocr_par' dir='ltr' id='par_1_50' title="bbox 409 3509 1977 3587">
     <span class='ocr_line' id='line_1_50' title="bbox 409 3509 1977 3587; baseline -0.003 -16"><span class='ocrx_word' id='word_1_354' title='bbox 409 3516 617 3587; x_wconf 89' lang='lat' dir='ltr'><strong>gremio</strong></span> <span class='ocrx_word' id='word_1_355' title='bbox 646 3514 965 3569; x_wconf 85' lang='lat' dir='ltr'><strong>educaretur</strong></span> <span class='ocrx_word' id='word_1_356' title='bbox 997 3550 1010 3575; x_wconf 96' lang='lat'><strong>,</strong></span> <span class='ocrx_word' id='word_1_357' title='bbox 1044 3524 1357 3578; x_wconf 79' lang='lat' dir='ltr'><strong>omnemque</strong></span> <span class='ocrx_word' id='word_1_358' title='bbox 1386 3526 1503 3579; x_wconf 79' lang='lat' dir='ltr'><strong>qua:</strong></span> <span class='ocrx_word' id='word_1_359' title='bbox 1532 3509 1669 3580; x_wconf 89' lang='lat' dir='ltr'><strong>apud</strong></span> <span class='ocrx_word' id='word_1_360' title='bbox 1709 3511 1830 3566; x_wconf 91' lang='lat' dir='ltr'><strong>illos</strong></span> <span class='ocrx_word' id='word_1_361' title='bbox 1864 3523 1977 3568; x_wconf 90' lang='lat' dir='ltr'><strong>erat</strong></span> 
     </span>
    </p>
   </div>
   <div class='ocr_carea' id='block_1_51' title="bbox 409 3603 1977 3677">
    <p class='ocr_par' dir='ltr' id='par_1_51' title="bbox 409 3603 1977 3677">
     <span class='ocr_line' id='line_1_51' title="bbox 409 3603 1977 3677; baseline -0.003 -14"><span class='ocrx_word' id='word_1_362' title='bbox 409 3606 721 3677; x_wconf 86' lang='lat' dir='ltr'><strong>sapientiam</strong></span> <span class='ocrx_word' id='word_1_363' title='bbox 769 3603 1110 3675; x_wconf 88' lang='lat' dir='ltr'><strong>perdisceret.</strong></span> <span class='ocrx_word' id='word_1_364' title='bbox 1166 3603 1351 3656; x_wconf 82' lang='lat' dir='ltr'><strong>Postea</strong></span> <span class='ocrx_word' id='word_1_365' title='bbox 1395 3617 1521 3656; x_wconf 87' lang='lat' dir='ltr'><strong>vero</strong></span> <span class='ocrx_word' id='word_1_366' title='bbox 1569 3619 1686 3657; x_wconf 84' lang='lat' dir='ltr'><strong>cum</strong></span> <span class='ocrx_word' id='word_1_367' title='bbox 1720 3606 1807 3659; x_wconf 90' lang='lat' dir='ltr'><strong>ille</strong></span> <span class='ocrx_word' id='word_1_368' title='bbox 1851 3622 1977 3676; x_wconf 87' lang='lat' dir='ltr'><strong>pro-</strong></span> 
     </span>
    </p>
   </div>
   <div class='ocr_carea' id='block_1_52' title="bbox 411 3692 1977 3768">
    <p class='ocr_par' dir='ltr' id='par_1_52' title="bbox 411 3692 1977 3768">
     <span class='ocr_line' id='line_1_52' title="bbox 411 3692 1977 3768; baseline -0.001 -16"><span class='ocrx_word' id='word_1_369' title='bbox 411 3713 597 3768; x_wconf 81' lang='lat' dir='ltr'><strong>gressu</strong></span> <span class='ocrx_word' id='word_1_370' title='bbox 626 3695 881 3766; x_wconf 87' lang='lat' dir='ltr'><strong>temporis</strong></span> <span class='ocrx_word' id='word_1_371' title='bbox 923 3695 990 3747; x_wconf 84' lang='lat' dir='ltr'><strong>ad</strong></span> <span class='ocrx_word' id='word_1_372' title='bbox 1019 3692 1224 3748; x_wconf 81' lang='lat' dir='ltr'><strong>virilem</strong></span> <span class='ocrx_word' id='word_1_373' title='bbox 1276 3693 1606 3763; x_wconf 86' lang='lat' dir='ltr'><strong>pervenisset</strong></span> <span class='ocrx_word' id='word_1_374' title='bbox 1651 3702 1858 3749; x_wconf 82' lang='lat' dir='ltr'><strong>aetatem</strong></span> <span class='ocrx_word' id='word_1_375' title='bbox 1879 3735 1893 3758; x_wconf 88' lang='lat'><strong>,</strong></span> <span class='ocrx_word' id='word_1_376' title='bbox 1924 3704 1977 3750; x_wconf 91' lang='lat' dir='ltr'><strong>et</strong></span> 
     </span>
    </p>
   </div>
   <div class='ocr_carea' id='block_1_53' title="bbox 412 3785 1978 3859">
    <p class='ocr_par' dir='ltr' id='par_1_53' title="bbox 412 3785 1978 3859">
     <span class='ocr_line' id='line_1_53' title="bbox 412 3785 1978 3859; baseline -0.003 -12"><span class='ocrx_word' id='word_1_377' title='bbox 412 3791 591 3848; x_wconf 88' lang='lat' dir='ltr'><strong>divina</strong></span> <span class='ocrx_word' id='word_1_378' title='bbox 614 3789 815 3859; x_wconf 90' lang='lat' dir='ltr'><strong>justitia</strong></span> <span class='ocrx_word' id='word_1_379' title='bbox 860 3802 979 3857; x_wconf 78' lang='lat' dir='ltr'><strong>quae</strong></span> <span class='ocrx_word' id='word_1_380' title='bbox 1004 3785 1273 3856; x_wconf 87' lang='lat' dir='ltr'><strong>oppressis</strong></span> <span class='ocrx_word' id='word_1_381' title='bbox 1298 3785 1545 3855; x_wconf 87' lang='lat' dir='ltr'><strong>opitulari</strong></span> <span class='ocrx_word' id='word_1_382' title='bbox 1588 3785 1758 3851; x_wconf 89' lang='lat' dir='ltr'><strong>solet,</strong></span> <span class='ocrx_word' id='word_1_383' title='bbox 1792 3800 1978 3857; x_wconf 71' lang='lat' dir='ltr'><strong>pmnas</strong></span> 
     </span>
    </p>
   </div>
   <div class='ocr_carea' id='block_1_54' title="bbox 409 3874 1975 3951">
    <p class='ocr_par' dir='ltr' id='par_1_54' title="bbox 409 3874 1975 3951">
     <span class='ocr_line' id='line_1_54' title="bbox 409 3874 1975 3951; baseline -0.003 -15"><span class='ocrx_word' id='word_1_384' title='bbox 409 3883 476 3937; x_wconf 92' lang='lat' dir='ltr'><strong>ab</strong></span> <span class='ocrx_word' id='word_1_385' title='bbox 499 3881 691 3951; x_wconf 88' lang='lat' dir='ltr'><strong>iniquis</strong></span> <span class='ocrx_word' id='word_1_386' title='bbox 713 3878 948 3950; x_wconf 90' lang='lat' dir='ltr'><strong>tyrannis</strong></span> <span class='ocrx_word' id='word_1_387' title='bbox 974 3884 1316 3945; x_wconf 83' lang='lat' dir='ltr'><strong>exposceret;</strong></span> <span class='ocrx_word' id='word_1_388' title='bbox 1350 3884 1472 3929; x_wconf 91' lang='lat' dir='ltr'><strong>tunc</strong></span> <span class='ocrx_word' id='word_1_389' title='bbox 1500 3874 1590 3930; x_wconf 89' lang='lat' dir='ltr'><strong>Dei</strong></span> <span class='ocrx_word' id='word_1_390' title='bbox 1622 3874 1885 3944; x_wconf 85' lang='lat' dir='ltr'><strong>PrOpheta</strong></span> <span class='ocrx_word' id='word_1_391' title='bbox 1911 3891 1975 3931; x_wconf 83' lang='lat' dir='ltr'><strong>ex</strong></span> 
     </span>
    </p>
   </div>
   <div class='ocr_carea' id='block_1_55' title="bbox 410 3965 1975 4044">
    <p class='ocr_par' dir='ltr' id='par_1_55' title="bbox 410 3965 1975 4044">
     <span class='ocr_line' id='line_1_55' title="bbox 410 3965 1975 4044; baseline -0.006 -15"><span class='ocrx_word' id='word_1_392' title='bbox 410 3973 541 4044; x_wconf 88' lang='lat' dir='ltr'><strong>ipsis</strong></span> <span class='ocrx_word' id='word_1_393' title='bbox 570 3971 857 4043; x_wconf 89' lang='lat' dir='ltr'><strong>tyrannicis</strong></span> <span class='ocrx_word' id='word_1_394' title='bbox 896 3966 1163 4038; x_wconf 88' lang='lat' dir='ltr'><strong>profectus</strong></span> <span class='ocrx_word' id='word_1_395' title='bbox 1201 3966 1403 4020; x_wconf 68' lang='lat' dir='ltr'><strong>aedibus</strong></span> <span class='ocrx_word' id='word_1_396' title='bbox 1428 4006 1442 4031; x_wconf 96' lang='lat'><strong>,</strong></span> <span class='ocrx_word' id='word_1_397' title='bbox 1489 3965 1680 4020; x_wconf 77' lang='lat' dir='ltr'><strong>divina:</strong></span> <span class='ocrx_word' id='word_1_398' title='bbox 1722 3965 1975 4021; x_wconf 88' lang='lat' dir='ltr'><strong>voluntati</strong></span> 
     </span>
    </p>
   </div>
   <div class='ocr_carea' id='block_1_56' title="bbox 412 4054 1975 4126">
    <p class='ocr_par' dir='ltr' id='par_1_56' title="bbox 412 4054 1975 4126">
     <span class='ocr_line' id='line_1_56' title="bbox 412 4054 1975 4126; baseline -0.003 -9"><span class='ocrx_word' id='word_1_399' title='bbox 412 4062 761 4117; x_wconf 81' lang='lat' dir='ltr'><strong>ministerium</strong></span> <span class='ocrx_word' id='word_1_400' title='bbox 786 4075 937 4114; x_wconf 91' lang='lat' dir='ltr'><strong>suum</strong></span> <span class='ocrx_word' id='word_1_401' title='bbox 955 4056 1211 4112; x_wconf 78' lang='lat' dir='ltr'><strong>exhibuit.</strong></span> <span class='ocrx_word' id='word_1_402' title='bbox 1230 4055 1299 4109; x_wconf 88' lang='lat' dir='ltr'><strong>Et</strong></span> <span class='ocrx_word' id='word_1_403' title='bbox 1316 4056 1460 4126; x_wconf 88' lang='lat' dir='ltr'><strong>ipsos</strong></span> <span class='ocrx_word' id='word_1_404' title='bbox 1480 4054 1690 4125; x_wconf 89' lang='lat' dir='ltr'><strong>quidem</strong></span> <span class='ocrx_word' id='word_1_405' title='bbox 1722 4065 1975 4126; x_wconf 88' lang='lat' dir='ltr'><strong>tyrannos</strong></span> 
     </span>
    </p>
   </div>
   <div class='ocr_carea' id='block_1_57' title="bbox 408 4145 1971 4224">
    <p class='ocr_par' dir='ltr' id='par_1_57' title="bbox 408 4145 1971 4224">
     <span class='ocr_line' id='line_1_57' title="bbox 408 4145 1971 4224; baseline -0.006 -15"><span class='ocrx_word' id='word_1_406' title='bbox 408 4170 437 4209; x_wconf 91' lang='lat' dir='ltr'><strong>a</strong></span> <span class='ocrx_word' id='word_1_407' title='bbox 461 4153 651 4224; x_wconf 87' lang='lat' dir='ltr'><strong>quibus</strong></span> <span class='ocrx_word' id='word_1_408' title='bbox 672 4151 846 4206; x_wconf 88' lang='lat' dir='ltr'><strong>fuerat</strong></span> <span class='ocrx_word' id='word_1_409' title='bbox 871 4149 1122 4204; x_wconf 85' lang='lat' dir='ltr'><strong>educatus</strong></span> <span class='ocrx_word' id='word_1_410' title='bbox 1139 4190 1153 4215; x_wconf 93' lang='lat'><strong>,</strong></span> <span class='ocrx_word' id='word_1_411' title='bbox 1184 4162 1241 4201; x_wconf 89' lang='lat' dir='ltr'><strong>re</strong></span> <span class='ocrx_word' id='word_1_412' title='bbox 1260 4160 1321 4201; x_wconf 91' lang='lat' dir='ltr'><strong>ac</strong></span> <span class='ocrx_word' id='word_1_413' title='bbox 1348 4145 1525 4200; x_wconf 88' lang='lat' dir='ltr'><strong>verbis</strong></span> <span class='ocrx_word' id='word_1_414' title='bbox 1550 4153 1829 4201; x_wconf 89' lang='lat' dir='ltr'><strong>aversatus</strong></span> <span class='ocrx_word' id='word_1_415' title='bbox 1857 4159 1971 4203; x_wconf 89' lang='lat' dir='ltr'><strong>est:</strong></span> 
     </span>
    </p>
   </div>
   <div class='ocr_carea' id='block_1_58' title="bbox 410 4237 1975 4314">
    <p class='ocr_par' dir='ltr' id='par_1_58' title="bbox 410 4237 1975 4314">
     <span class='ocr_line' id='line_1_58' title="bbox 410 4237 1975 4314; baseline -0.008 -10"><span class='ocrx_word' id='word_1_416' title='bbox 410 4264 506 4306; x_wconf 87' lang='lat' dir='ltr'><strong>eos</strong></span> <span class='ocrx_word' id='word_1_417' title='bbox 526 4264 650 4303; x_wconf 85' lang='lat' dir='ltr'><strong>vero</strong></span> <span class='ocrx_word' id='word_1_418' title='bbox 678 4245 767 4314; x_wconf 89' lang='lat' dir='ltr'><strong>qui</strong></span> <span class='ocrx_word' id='word_1_419' title='bbox 793 4256 974 4297; x_wconf 89' lang='lat' dir='ltr'><strong>revera</strong></span> <span class='ocrx_word' id='word_1_420' title='bbox 1003 4239 1193 4294; x_wconf 81' lang='lat' dir='ltr'><strong>fratres</strong></span> <span class='ocrx_word' id='word_1_421' title='bbox 1220 4247 1273 4293; x_wconf 93' lang='lat' dir='ltr'><strong>et</strong></span> <span class='ocrx_word' id='word_1_422' title='bbox 1306 4237 1514 4308; x_wconf 90' lang='lat' dir='ltr'><strong>cognati</strong></span> <span class='ocrx_word' id='word_1_423' title='bbox 1542 4247 1726 4301; x_wconf 90' lang='lat' dir='ltr'><strong>erant,</strong></span> <span class='ocrx_word' id='word_1_424' title='bbox 1775 4237 1975 4291; x_wconf 89' lang='lat' dir='ltr'><strong>amicos</strong></span> 
     </span>
    </p>
   </div>
   <div class='ocr_carea' id='block_1_59' title="bbox 410 4328 1975 4402">
    <p class='ocr_par' dir='ltr' id='par_1_59' title="bbox 410 4328 1975 4402">
     <span class='ocr_line' id='line_1_59' title="bbox 410 4328 1975 4402; baseline -0.008 -7"><span class='ocrx_word' id='word_1_425' title='bbox 410 4356 474 4395; x_wconf 91' lang='lat' dir='ltr'><strong>ac</strong></span> <span class='ocrx_word' id='word_1_426' title='bbox 503 4337 789 4393; x_wconf 89' lang='lat' dir='ltr'><strong>familiares</strong></span> <span class='ocrx_word' id='word_1_427' title='bbox 816 4332 992 4402; x_wconf 88' lang='lat' dir='ltr'><strong>elegit.</strong></span> <span class='ocrx_word' id='word_1_428' title='bbox 1024 4329 1270 4385; x_wconf 64' lang='lat' dir='ltr'><strong>Posthac</strong></span> <span class='ocrx_word' id='word_1_429' title='bbox 1310 4329 1448 4383; x_wconf 87' lang='lat' dir='ltr'><strong>Deus</strong></span> <span class='ocrx_word' id='word_1_430' title='bbox 1484 4343 1604 4383; x_wconf 90' lang='lat' dir='ltr'><strong>cum</strong></span> <span class='ocrx_word' id='word_1_431' title='bbox 1636 4328 1783 4383; x_wconf 91' lang='lat' dir='ltr'><strong>illum</strong></span> <span class='ocrx_word' id='word_1_432' title='bbox 1813 4329 1975 4382; x_wconf 88' lang='lat' dir='ltr'><strong>totius</strong></span> 
     </span>
    </p>
   </div>
   <div class='ocr_carea' id='block_1_60' title="bbox 407 4420 1974 4501">
    <p class='ocr_par' dir='ltr' id='par_1_60' title="bbox 407 4420 1974 4501">
     <span class='ocr_line' id='line_1_60' title="bbox 407 4420 1974 4501; baseline -0.007 -17"><span class='ocrx_word' id='word_1_433' title='bbox 407 4431 580 4501; x_wconf 87' lang='lat' dir='ltr'><strong>gentis</strong></span> <span class='ocrx_word' id='word_1_434' title='bbox 605 4429 793 4482; x_wconf 89' lang='lat' dir='ltr'><strong>ducem</strong></span> <span class='ocrx_word' id='word_1_435' title='bbox 834 4422 1233 4488; x_wconf 88' lang='lat' dir='ltr'><strong>constituisset,</strong></span> <span class='ocrx_word' id='word_1_436' title='bbox 1283 4420 1529 4474; x_wconf 64' lang='lat' dir='ltr'><strong>Hebraeos</strong></span> <span class='ocrx_word' id='word_1_437' title='bbox 1571 4420 1783 4489; x_wconf 88' lang='lat' dir='ltr'><strong>quidem</strong></span> <span class='ocrx_word' id='word_1_438' title='bbox 1827 4434 1974 4473; x_wconf 83' lang='lat' dir='ltr'><strong>acer-</strong></span> 
     </span>
    </p>
   </div>
   <div class='ocr_carea' id='block_1_61' title="bbox 2086 1894 3657 1965">
    <p class='ocr_par' dir='ltr' id='par_1_61' title="bbox 2086 1894 3657 1965">
     <span class='ocr_line' id='line_1_61' title="bbox 2086 1894 3657 1965; baseline 0.001 -15"><span class='ocrx_word' id='word_1_439' title='bbox 2086 1904 2316 1963; x_wconf 88' lang='lat' dir='ltr'><strong>geretur,</strong></span> <span class='ocrx_word' id='word_1_440' title='bbox 2348 1894 2433 1950; x_wconf 92' lang='lat' dir='ltr'><strong>hic</strong></span> <span class='ocrx_word' id='word_1_441' title='bbox 2460 1894 2730 1949; x_wconf 92' lang='lat' dir='ltr'><strong>diversum</strong></span> <span class='ocrx_word' id='word_1_442' title='bbox 2755 1908 2786 1949; x_wconf 85' lang='lat' dir='ltr'><strong>a</strong></span> <span class='ocrx_word' id='word_1_443' title='bbox 2816 1894 3033 1965; x_wconf 88' lang='lat' dir='ltr'><strong>collegis</strong></span> <span class='ocrx_word' id='word_1_444' title='bbox 3069 1896 3179 1950; x_wconf 87' lang='lat' dir='ltr'><strong>suis</strong></span> <span class='ocrx_word' id='word_1_445' title='bbox 3207 1896 3330 1951; x_wconf 61' lang='lat' dir='ltr'><strong>vita;</strong></span> <span class='ocrx_word' id='word_1_446' title='bbox 3356 1896 3657 1952; x_wconf 89' lang='lat' dir='ltr'><strong>institutum</strong></span> 
     </span>
    </p>
   </div>
   <div class='ocr_carea' id='block_1_62' title="bbox 2086 1983 3659 2050">
    <p class='ocr_par' dir='ltr' id='par_1_62' title="bbox 2086 1983 3659 2050">
     <span class='ocr_line' id='line_1_62' title="bbox 2086 1983 3659 2050; baseline 0.001 -10"><span class='ocrx_word' id='word_1_447' title='bbox 2086 1984 2385 2050; x_wconf 83' lang='lat' dir='ltr'><strong>aemulatus,</strong></span> <span class='ocrx_word' id='word_1_448' title='bbox 2408 1983 2557 2039; x_wconf 87' lang='lat' dir='ltr'><strong>solus</strong></span> <span class='ocrx_word' id='word_1_449' title='bbox 2581 1998 2698 2038; x_wconf 92' lang='lat' dir='ltr'><strong>cum</strong></span> <span class='ocrx_word' id='word_1_450' title='bbox 2724 1984 2834 2040; x_wconf 92' lang='lat' dir='ltr'><strong>Deo</strong></span> <span class='ocrx_word' id='word_1_451' title='bbox 2857 1999 3034 2040; x_wconf 92' lang='lat' dir='ltr'><strong>rerum</strong></span> <span class='ocrx_word' id='word_1_452' title='bbox 3063 1985 3298 2040; x_wconf 91' lang='lat' dir='ltr'><strong>omnium</strong></span> <span class='ocrx_word' id='word_1_453' title='bbox 3323 1986 3659 2042; x_wconf 85' lang='lat' dir='ltr'><strong>moderatore</strong></span> 
     </span>
    </p>
   </div>
   <div class='ocr_carea' id='block_1_63' title="bbox 2084 2075 3659 2148">
    <p class='ocr_par' dir='ltr' id='par_1_63' title="bbox 2084 2075 3659 2148">
     <span class='ocr_line' id='line_1_63' title="bbox 2084 2075 3659 2148; baseline 0.001 -17"><span class='ocrx_word' id='word_1_454' title='bbox 2084 2092 2269 2148; x_wconf 90' lang='lat' dir='ltr'><strong>pacem</strong></span> <span class='ocrx_word' id='word_1_455' title='bbox 2317 2076 2562 2131; x_wconf 84' lang='lat' dir='ltr'><strong>firmavit.</strong></span> <span class='ocrx_word' id='word_1_456' title='bbox 2609 2075 2687 2131; x_wconf 92' lang='lat' dir='ltr'><strong>llli</strong></span> <span class='ocrx_word' id='word_1_457' title='bbox 2729 2076 2871 2130; x_wconf 90' lang='lat' dir='ltr'><strong>enim</strong></span> <span class='ocrx_word' id='word_1_458' title='bbox 2911 2076 3163 2131; x_wconf 88' lang='lat' dir='ltr'><strong>ecclesias</strong></span> <span class='ocrx_word' id='word_1_459' title='bbox 3212 2077 3302 2133; x_wconf 89' lang='lat' dir='ltr'><strong>Dei</strong></span> <span class='ocrx_word' id='word_1_460' title='bbox 3351 2092 3659 2148; x_wconf 90' lang='lat' dir='ltr'><strong>expugnare</strong></span> 
     </span>
    </p>
   </div>
   <div class='ocr_carea' id='block_1_64' title="bbox 2084 2169 3659 2243">
    <p class='ocr_par' dir='ltr' id='par_1_64' title="bbox 2084 2169 3659 2243">
     <span class='ocr_line' id='line_1_64' title="bbox 2084 2169 3659 2243; baseline 0 -16"><span class='ocrx_word' id='word_1_461' title='bbox 2084 2173 2293 2239; x_wconf 86' lang='lat' dir='ltr'><strong>adorti,</strong></span> <span class='ocrx_word' id='word_1_462' title='bbox 2351 2172 2468 2226; x_wconf 91' lang='lat' dir='ltr'><strong>solo</strong></span> <span class='ocrx_word' id='word_1_463' title='bbox 2494 2181 2803 2242; x_wconf 67' lang='lat' dir='ltr'><strong>aequarunt,</strong></span> <span class='ocrx_word' id='word_1_464' title='bbox 2835 2179 2889 2226; x_wconf 90' lang='lat' dir='ltr'><strong>et</strong></span> <span class='ocrx_word' id='word_1_465' title='bbox 2934 2171 3162 2225; x_wconf 91' lang='lat' dir='ltr'><strong>oratoria</strong></span> <span class='ocrx_word' id='word_1_466' title='bbox 3211 2186 3312 2225; x_wconf 88' lang='lat' dir='ltr'><strong>una</strong></span> <span class='ocrx_word' id='word_1_467' title='bbox 3360 2186 3478 2227; x_wconf 91' lang='lat' dir='ltr'><strong>cum</strong></span> <span class='ocrx_word' id='word_1_468' title='bbox 3525 2169 3659 2243; x_wconf 89' lang='lat' dir='ltr'><strong>ipsis</strong></span> 
     </span>
    </p>
   </div>
   <div class='ocr_carea' id='block_1_65' title="bbox 2084 2261 3659 2319">
    <p class='ocr_par' dir='ltr' id='par_1_65' title="bbox 2084 2261 3659 2319">
     <span class='ocr_line' id='line_1_65' title="bbox 2084 2261 3659 2319; baseline 0 -1"><span class='ocrx_word' id='word_1_469' title='bbox 2084 2262 2444 2318; x_wconf 85' lang='lat' dir='ltr'><strong>fundamentis</strong></span> <span class='ocrx_word' id='word_1_470' title='bbox 2517 2262 2890 2318; x_wconf 83' lang='lat' dir='ltr'><strong>aboleverunt.</strong></span> <span class='ocrx_word' id='word_1_471' title='bbox 2937 2261 3033 2317; x_wconf 88' lang='lat' dir='ltr'><strong>llic</strong></span> <span class='ocrx_word' id='word_1_472' title='bbox 3081 2277 3208 2317; x_wconf 89' lang='lat' dir='ltr'><strong>vero</strong></span> <span class='ocrx_word' id='word_1_473' title='bbox 3245 2277 3273 2316; x_wconf 93' lang='lat' dir='ltr'><strong>a</strong></span> <span class='ocrx_word' id='word_1_474' title='bbox 3331 2262 3530 2319; x_wconf 88' lang='lat' dir='ltr'><strong>nefaria</strong></span> <span class='ocrx_word' id='word_1_475' title='bbox 3593 2263 3659 2318; x_wconf 88' lang='lat' dir='ltr'><strong>il-</strong></span> 
     </span>
    </p>
   </div>
   <div class='ocr_carea' id='block_1_66' title="bbox 2086 2355 3655 2425">
    <p class='ocr_par' dir='ltr' id='par_1_66' title="bbox 2086 2355 3655 2425">
     <span class='ocr_line' id='line_1_66' title="bbox 2086 2355 3655 2425; baseline 0.001 -15"><span class='ocrx_word' id='word_1_476' title='bbox 2086 2356 2254 2411; x_wconf 90' lang='lat' dir='ltr'><strong>lorum</strong></span> <span class='ocrx_word' id='word_1_477' title='bbox 2303 2355 2573 2425; x_wconf 88' lang='lat' dir='ltr'><strong>impietate</strong></span> <span class='ocrx_word' id='word_1_478' title='bbox 2603 2369 2761 2424; x_wconf 90' lang='lat' dir='ltr'><strong>puras</strong></span> <span class='ocrx_word' id='word_1_479' title='bbox 2800 2368 2984 2409; x_wconf 91' lang='lat' dir='ltr'><strong>manus</strong></span> <span class='ocrx_word' id='word_1_480' title='bbox 3026 2362 3185 2424; x_wconf 90' lang='lat' dir='ltr'><strong>atque</strong></span> <span class='ocrx_word' id='word_1_481' title='bbox 3242 2355 3475 2425; x_wconf 85' lang='lat' dir='ltr'><strong>integras</strong></span> <span class='ocrx_word' id='word_1_482' title='bbox 3530 2369 3655 2411; x_wconf 88' lang='lat' dir='ltr'><strong>ser-</strong></span> 
     </span>
    </p>
   </div>
   <div class='ocr_carea' id='block_1_67' title="bbox 2086 2444 3653 2517">
    <p class='ocr_par' dir='ltr' id='par_1_67' title="bbox 2086 2444 3653 2517">
     <span class='ocr_line' id='line_1_67' title="bbox 2086 2444 3653 2517; baseline 0.003 -19"><span class='ocrx_word' id='word_1_483' title='bbox 2086 2445 2246 2508; x_wconf 87' lang='lat' dir='ltr'><strong>vavit,</strong></span> <span class='ocrx_word' id='word_1_484' title='bbox 2298 2461 2393 2500; x_wconf 91' lang='lat' dir='ltr'><strong>nec</strong></span> <span class='ocrx_word' id='word_1_485' title='bbox 2448 2460 2507 2500; x_wconf 91' lang='lat' dir='ltr'><strong>se</strong></span> <span class='ocrx_word' id='word_1_486' title='bbox 2570 2444 2837 2499; x_wconf 90' lang='lat' dir='ltr'><strong>ullatenus</strong></span> <span class='ocrx_word' id='word_1_487' title='bbox 2891 2459 3075 2499; x_wconf 89' lang='lat' dir='ltr'><strong>eorum</strong></span> <span class='ocrx_word' id='word_1_488' title='bbox 3116 2446 3341 2501; x_wconf 89' lang='lat' dir='ltr'><strong>similem</strong></span> <span class='ocrx_word' id='word_1_489' title='bbox 3389 2446 3653 2517; x_wconf 68' lang='lat' dir='ltr'><strong>praestitit.</strong></span> 
     </span>
    </p>
   </div>
   <div class='ocr_carea' id='block_1_68' title="bbox 2084 2534 3659 2608">
    <p class='ocr_par' dir='ltr' id='par_1_68' title="bbox 2084 2534 3659 2608">
     <span class='ocr_line' id='line_1_68' title="bbox 2084 2534 3659 2608; baseline 0.001 -17"><span class='ocrx_word' id='word_1_490' title='bbox 2084 2535 2151 2591; x_wconf 86' lang='lat' dir='ltr'><strong>Et</strong></span> <span class='ocrx_word' id='word_1_491' title='bbox 2184 2535 2257 2590; x_wconf 92' lang='lat' dir='ltr'><strong>illi</strong></span> <span class='ocrx_word' id='word_1_492' title='bbox 2288 2535 2500 2606; x_wconf 88' lang='lat' dir='ltr'><strong>quidem</strong></span> <span class='ocrx_word' id='word_1_493' title='bbox 2530 2534 2621 2591; x_wconf 91' lang='lat' dir='ltr'><strong>Dei</strong></span> <span class='ocrx_word' id='word_1_494' title='bbox 2651 2535 2913 2590; x_wconf 89' lang='lat' dir='ltr'><strong>cultorum</strong></span> <span class='ocrx_word' id='word_1_495' title='bbox 2946 2546 3050 2590; x_wconf 87' lang='lat' dir='ltr'><strong>tam</strong></span> <span class='ocrx_word' id='word_1_496' title='bbox 3080 2535 3317 2592; x_wconf 83' lang='lat' dir='ltr'><strong>virorum</strong></span> <span class='ocrx_word' id='word_1_497' title='bbox 3346 2553 3505 2608; x_wconf 87' lang='lat' dir='ltr'><strong>quam</strong></span> <span class='ocrx_word' id='word_1_498' title='bbox 3539 2553 3659 2593; x_wconf 79' lang='lat' dir='ltr'><strong>mu-</strong></span> 
     </span>
    </p>
   </div>
   <div class='ocr_carea' id='block_1_69' title="bbox 2084 2625 3659 2697">
    <p class='ocr_par' dir='ltr' id='par_1_69' title="bbox 2084 2625 3659 2697">
     <span class='ocr_line' id='line_1_69' title="bbox 2084 2625 3659 2697; baseline 0.004 -18"><span class='ocrx_word' id='word_1_499' title='bbox 2084 2625 2272 2682; x_wconf 85' lang='lat' dir='ltr'><strong>iierum</strong></span> <span class='ocrx_word' id='word_1_500' title='bbox 2312 2625 2566 2692; x_wconf 84' lang='lat' dir='ltr'><strong>caedibus,</strong></span> <span class='ocrx_word' id='word_1_501' title='bbox 2610 2636 2858 2697; x_wconf 89' lang='lat' dir='ltr'><strong>tanquam</strong></span> <span class='ocrx_word' id='word_1_502' title='bbox 2898 2626 3038 2681; x_wconf 85' lang='lat' dir='ltr'><strong>civili</strong></span> <span class='ocrx_word' id='word_1_503' title='bbox 3085 2627 3313 2697; x_wconf 89' lang='lat' dir='ltr'><strong>quodam</strong></span> <span class='ocrx_word' id='word_1_504' title='bbox 3358 2628 3499 2684; x_wconf 88' lang='lat' dir='ltr'><strong>bello</strong></span> <span class='ocrx_word' id='word_1_505' title='bbox 3536 2643 3659 2697; x_wconf 83' lang='lat' dir='ltr'><strong>pro-</strong></span> 
     </span>
    </p>
   </div>
   <div class='ocr_carea' id='block_1_70' title="bbox 2087 2718 3659 2789">
    <p class='ocr_par' dir='ltr' id='par_1_70' title="bbox 2087 2718 3659 2789">
     <span class='ocr_line' id='line_1_70' title="bbox 2087 2718 3659 2789; baseline 0.003 -18"><span class='ocrx_word' id='word_1_506' title='bbox 2087 2718 2284 2773; x_wconf 86' lang='lat' dir='ltr'><strong>vincias</strong></span> <span class='ocrx_word' id='word_1_507' title='bbox 2321 2718 2419 2773; x_wconf 90' lang='lat' dir='ltr'><strong>sibi</strong></span> <span class='ocrx_word' id='word_1_508' title='bbox 2459 2718 2722 2787; x_wconf 86' lang='lat' dir='ltr'><strong>subjectas</strong></span> <span class='ocrx_word' id='word_1_509' title='bbox 2764 2718 3088 2789; x_wconf 91' lang='lat' dir='ltr'><strong>polluerunt.</strong></span> <span class='ocrx_word' id='word_1_510' title='bbox 3133 2719 3228 2774; x_wconf 87' lang='lat' dir='ltr'><strong>llic</strong></span> <span class='ocrx_word' id='word_1_511' title='bbox 3268 2734 3396 2775; x_wconf 85' lang='lat' dir='ltr'><strong>vero</strong></span> <span class='ocrx_word' id='word_1_512' title='bbox 3425 2720 3659 2775; x_wconf 88' lang='lat' dir='ltr'><strong>animum</strong></span> 
     </span>
    </p>
   </div>
   <div class='ocr_carea' id='block_1_71' title="bbox 2084 2808 3661 2881">
    <p class='ocr_par' dir='ltr' id='par_1_71' title="bbox 2084 2808 3661 2881">
     <span class='ocr_line' id='line_1_71' title="bbox 2084 2808 3661 2881; baseline 0.002 -19"><span class='ocrx_word' id='word_1_513' title='bbox 2084 2810 2150 2863; x_wconf 88' lang='lat' dir='ltr'><strong>ab</strong></span> <span class='ocrx_word' id='word_1_514' title='bbox 2169 2808 2466 2877; x_wconf 89' lang='lat' dir='ltr'><strong>hujusmodi</strong></span> <span class='ocrx_word' id='word_1_515' title='bbox 2489 2809 2690 2865; x_wconf 90' lang='lat' dir='ltr'><strong>scelere</strong></span> <span class='ocrx_word' id='word_1_516' title='bbox 2711 2825 2900 2879; x_wconf 91' lang='lat' dir='ltr'><strong>purum</strong></span> <span class='ocrx_word' id='word_1_517' title='bbox 2920 2818 3080 2880; x_wconf 90' lang='lat' dir='ltr'><strong>atque</strong></span> <span class='ocrx_word' id='word_1_518' title='bbox 3110 2810 3417 2865; x_wconf 89' lang='lat' dir='ltr'><strong>inviolatum</strong></span> <span class='ocrx_word' id='word_1_519' title='bbox 3447 2825 3661 2881; x_wconf 84' lang='lat' dir='ltr'><strong>semper</strong></span> 
     </span>
    </p>
   </div>
   <div class='ocr_carea' id='block_1_72' title="bbox 2085 2899 3655 2971">
    <p class='ocr_par' dir='ltr' id='par_1_72' title="bbox 2085 2899 3655 2971">
     <span class='ocr_line' id='line_1_72' title="bbox 2085 2899 3655 2971; baseline 0.001 -17"><span class='ocrx_word' id='word_1_520' title='bbox 2085 2902 2333 2956; x_wconf 89' lang='lat' dir='ltr'><strong>servavit.</strong></span> <span class='ocrx_word' id='word_1_521' title='bbox 2384 2899 2461 2954; x_wconf 93' lang='lat' dir='ltr'><strong>llli</strong></span> <span class='ocrx_word' id='word_1_522' title='bbox 2511 2899 2835 2955; x_wconf 82' lang='lat' dir='ltr'><strong>coacervatis</strong></span> <span class='ocrx_word' id='word_1_523' title='bbox 2894 2900 3221 2970; x_wconf 69' lang='lat' dir='ltr'><strong>impiissimte</strong></span> <span class='ocrx_word' id='word_1_524' title='bbox 3263 2900 3655 2971; x_wconf 88' lang='lat' dir='ltr'><strong>superstitionis</strong></span> 
     </span>
    </p>
   </div>
   <div class='ocr_carea' id='block_1_73' title="bbox 2086 2991 3661 3061">
    <p class='ocr_par' dir='ltr' id='par_1_73' title="bbox 2086 2991 3661 3061">
     <span class='ocr_line' id='line_1_73' title="bbox 2086 2991 3661 3061; baseline 0.001 -15"><span class='ocrx_word' id='word_1_525' title='bbox 2086 2992 2274 3057; x_wconf 91' lang='lat' dir='ltr'><strong>malis,</strong></span> <span class='ocrx_word' id='word_1_526' title='bbox 2304 2992 2507 3061; x_wconf 89' lang='lat' dir='ltr'><strong>seipsos</strong></span> <span class='ocrx_word' id='word_1_527' title='bbox 2538 2992 2765 3061; x_wconf 83' lang='lat' dir='ltr'><strong>primum</strong></span> <span class='ocrx_word' id='word_1_528' title='bbox 2791 3033 2805 3059; x_wconf 92' lang='lat'><strong>,</strong></span> <span class='ocrx_word' id='word_1_529' title='bbox 2855 3006 2918 3047; x_wconf 92' lang='lat' dir='ltr'><strong>ac</strong></span> <span class='ocrx_word' id='word_1_530' title='bbox 2957 2991 3151 3047; x_wconf 91' lang='lat' dir='ltr'><strong>deinde</strong></span> <span class='ocrx_word' id='word_1_531' title='bbox 3195 2991 3435 3048; x_wconf 89' lang='lat' dir='ltr'><strong>subditos</strong></span> <span class='ocrx_word' id='word_1_532' title='bbox 3472 3004 3661 3048; x_wconf 79' lang='lat' dir='ltr'><strong>omnes</strong></span> 
     </span>
    </p>
   </div>
   <div class='ocr_carea' id='block_1_74' title="bbox 2088 3082 3657 3154">
    <p class='ocr_par' dir='ltr' id='par_1_74' title="bbox 2088 3082 3657 3154">
     <span class='ocr_line' id='line_1_74' title="bbox 2088 3082 3657 3154; baseline 0.001 -16"><span class='ocrx_word' id='word_1_533' title='bbox 2088 3083 2530 3154; x_wconf 89' lang='lat' dir='ltr'><strong>nequissimorum</strong></span> <span class='ocrx_word' id='word_1_534' title='bbox 2586 3082 2889 3138; x_wconf 71' lang='lat' dir='ltr'><strong>dmmonum</strong></span> <span class='ocrx_word' id='word_1_535' title='bbox 2945 3082 3218 3138; x_wconf 88' lang='lat' dir='ltr'><strong>fraudibus</strong></span> <span class='ocrx_word' id='word_1_536' title='bbox 3267 3085 3657 3153; x_wconf 86' lang='lat' dir='ltr'><strong>maneiparunt.</strong></span> 
     </span>
    </p>
   </div>
   <div class='ocr_carea' id='block_1_75' title="bbox 2087 3171 3655 3244">
    <p class='ocr_par' dir='ltr' id='par_1_75' title="bbox 2087 3171 3655 3244">
     <span class='ocr_line' id='line_1_75' title="bbox 2087 3171 3655 3244; baseline 0.001 -16"><span class='ocrx_word' id='word_1_537' title='bbox 2087 3174 2180 3229; x_wconf 88' lang='lat' dir='ltr'><strong>Hic</strong></span> <span class='ocrx_word' id='word_1_538' title='bbox 2216 3172 2638 3244; x_wconf 73' lang='lat' dir='ltr'><strong>profundissimae</strong></span> <span class='ocrx_word' id='word_1_539' title='bbox 2665 3172 2808 3239; x_wconf 88' lang='lat' dir='ltr'><strong>pacis</strong></span> <span class='ocrx_word' id='word_1_540' title='bbox 2844 3172 2981 3227; x_wconf 89' lang='lat' dir='ltr'><strong>intra</strong></span> <span class='ocrx_word' id='word_1_541' title='bbox 3020 3171 3229 3241; x_wconf 89' lang='lat' dir='ltr'><strong>imperii</strong></span> <span class='ocrx_word' id='word_1_542' title='bbox 3261 3172 3342 3227; x_wconf 86' lang='lat' dir='ltr'><strong>sui</strong></span> <span class='ocrx_word' id='word_1_543' title='bbox 3370 3172 3503 3229; x_wconf 88' lang='lat' dir='ltr'><strong>lines</strong></span> <span class='ocrx_word' id='word_1_544' title='bbox 3528 3188 3655 3229; x_wconf 86' lang='lat' dir='ltr'><strong>auc-</strong></span> 
     </span>
    </p>
   </div>
   <div class='ocr_carea' id='block_1_76' title="bbox 2084 3262 3658 3334">
    <p class='ocr_par' dir='ltr' id='par_1_76' title="bbox 2084 3262 3658 3334">
     <span class='ocr_line' id='line_1_76' title="bbox 2084 3262 3658 3334; baseline 0 -15"><span class='ocrx_word' id='word_1_545' title='bbox 2084 3274 2168 3319; x_wconf 88' lang='lat' dir='ltr'><strong>tor</strong></span> <span class='ocrx_word' id='word_1_546' title='bbox 2192 3279 2255 3319; x_wconf 89' lang='lat' dir='ltr'><strong>ac</strong></span> <span class='ocrx_word' id='word_1_547' title='bbox 2284 3262 2521 3334; x_wconf 86' lang='lat' dir='ltr'><strong>signifer,</strong></span> <span class='ocrx_word' id='word_1_548' title='bbox 2556 3262 2785 3317; x_wconf 88' lang='lat' dir='ltr'><strong>subditis</strong></span> <span class='ocrx_word' id='word_1_549' title='bbox 2816 3265 2926 3317; x_wconf 90' lang='lat' dir='ltr'><strong>suis</strong></span> <span class='ocrx_word' id='word_1_550' title='bbox 2955 3263 3197 3333; x_wconf 88' lang='lat' dir='ltr'><strong>permisit</strong></span> <span class='ocrx_word' id='word_1_551' title='bbox 3225 3272 3283 3317; x_wconf 93' lang='lat' dir='ltr'><strong>ut</strong></span> <span class='ocrx_word' id='word_1_552' title='bbox 3327 3263 3527 3333; x_wconf 89' lang='lat' dir='ltr'><strong>absque</strong></span> <span class='ocrx_word' id='word_1_553' title='bbox 3548 3263 3658 3320; x_wconf 84' lang='lat' dir='ltr'><strong>ulla</strong></span> 
     </span>
    </p>
   </div>
   <div class='ocr_carea' id='block_1_77' title="bbox 2081 3353 3657 3425">
    <p class='ocr_par' dir='ltr' id='par_1_77' title="bbox 2081 3353 3657 3425">
     <span class='ocr_line' id='line_1_77' title="bbox 2081 3353 3657 3425; baseline -0.001 -14"><span class='ocrx_word' id='word_1_554' title='bbox 2081 3355 2321 3411; x_wconf 86' lang='lat' dir='ltr'><strong>molestia</strong></span> <span class='ocrx_word' id='word_1_555' title='bbox 2355 3356 2533 3409; x_wconf 89' lang='lat' dir='ltr'><strong>divino</strong></span> <span class='ocrx_word' id='word_1_556' title='bbox 2561 3354 2723 3409; x_wconf 90' lang='lat' dir='ltr'><strong>cultui</strong></span> <span class='ocrx_word' id='word_1_557' title='bbox 2754 3353 3091 3410; x_wconf 85' lang='lat' dir='ltr'><strong>inservirent.</strong></span> <span class='ocrx_word' id='word_1_558' title='bbox 3126 3354 3363 3425; x_wconf 91' lang='lat' dir='ltr'><strong>Denique</strong></span> <span class='ocrx_word' id='word_1_559' title='bbox 3388 3354 3460 3409; x_wconf 91' lang='lat' dir='ltr'><strong>illi</strong></span> <span class='ocrx_word' id='word_1_560' title='bbox 3489 3368 3657 3410; x_wconf 87' lang='lat' dir='ltr'><strong>cunc-</strong></span> 
     </span>
    </p>
   </div>
   <div class='ocr_carea' id='block_1_78' title="bbox 2082 3444 3649 3515">
    <p class='ocr_par' dir='ltr' id='par_1_78' title="bbox 2082 3444 3649 3515">
     <span class='ocr_line' id='line_1_78' title="bbox 2082 3444 3649 3515; baseline 0 -14"><span class='ocrx_word' id='word_1_561' title='bbox 2082 3456 2164 3504; x_wconf 91' lang='lat' dir='ltr'><strong>tos</strong></span> <span class='ocrx_word' id='word_1_562' title='bbox 2206 3446 2454 3502; x_wconf 89' lang='lat' dir='ltr'><strong>mortales</strong></span> <span class='ocrx_word' id='word_1_563' title='bbox 2499 3445 2825 3515; x_wconf 90' lang='lat' dir='ltr'><strong>gravissimis</strong></span> <span class='ocrx_word' id='word_1_564' title='bbox 2859 3445 3225 3501; x_wconf 75' lang='lat' dir='ltr'><strong>exactionibus</strong></span> <span class='ocrx_word' id='word_1_565' title='bbox 3263 3444 3649 3515; x_wconf 87' lang='lat' dir='ltr'><strong>opprimendo,</strong></span> 
     </span>
    </p>
   </div>
   <div class='ocr_carea' id='block_1_79' title="bbox 2079 3536 3654 3607">
    <p class='ocr_par' dir='ltr' id='par_1_79' title="bbox 2079 3536 3654 3607">
     <span class='ocr_line' id='line_1_79' title="bbox 2079 3536 3654 3607; baseline 0 -15"><span class='ocrx_word' id='word_1_566' title='bbox 2079 3539 2241 3593; x_wconf 87' lang='lat' dir='ltr'><strong>vitam</strong></span> <span class='ocrx_word' id='word_1_567' title='bbox 2282 3538 2386 3593; x_wconf 91' lang='lat' dir='ltr'><strong>illis</strong></span> <span class='ocrx_word' id='word_1_568' title='bbox 2425 3537 2647 3591; x_wconf 89' lang='lat' dir='ltr'><strong>minime</strong></span> <span class='ocrx_word' id='word_1_569' title='bbox 2709 3537 2919 3591; x_wconf 90' lang='lat' dir='ltr'><strong>vitalem</strong></span> <span class='ocrx_word' id='word_1_570' title='bbox 2964 3546 3019 3593; x_wconf 90' lang='lat' dir='ltr'><strong>et</strong></span> <span class='ocrx_word' id='word_1_571' title='bbox 3070 3536 3256 3607; x_wconf 88' lang='lat' dir='ltr'><strong>quavis</strong></span> <span class='ocrx_word' id='word_1_572' title='bbox 3291 3545 3463 3591; x_wconf 91' lang='lat' dir='ltr'><strong>morte</strong></span> <span class='ocrx_word' id='word_1_573' title='bbox 3497 3552 3654 3593; x_wconf 84' lang='lat' dir='ltr'><strong>accr-</strong></span> 
     </span>
    </p>
   </div>
   <div class='ocr_carea' id='block_1_80' title="bbox 2080 3626 3656 3701">
    <p class='ocr_par' dir='ltr' id='par_1_80' title="bbox 2080 3626 3656 3701">
     <span class='ocr_line' id='line_1_80' title="bbox 2080 3626 3656 3701; baseline -0.001 -14"><span class='ocrx_word' id='word_1_574' title='bbox 2080 3631 2283 3687; x_wconf 87' lang='lat' dir='ltr'><strong>biorem</strong></span> <span class='ocrx_word' id='word_1_575' title='bbox 2325 3633 2703 3701; x_wconf 72' lang='lat' dir='ltr'><strong>prmstiterunt.</strong></span> <span class='ocrx_word' id='word_1_576' title='bbox 2735 3628 2893 3685; x_wconf 88' lang='lat' dir='ltr'><strong>Solus</strong></span> <span class='ocrx_word' id='word_1_577' title='bbox 2925 3626 3265 3685; x_wconf 86' lang='lat' dir='ltr'><strong>Constantius</strong></span> <span class='ocrx_word' id='word_1_578' title='bbox 3303 3628 3562 3700; x_wconf 88' lang='lat' dir='ltr'><strong>placidum</strong></span> <span class='ocrx_word' id='word_1_579' title='bbox 3590 3641 3656 3686; x_wconf 91' lang='lat' dir='ltr'><strong>ac</strong></span> 
     </span>
    </p>
   </div>
   <div class='ocr_carea' id='block_1_81' title="bbox 2080 3719 3652 3792">
    <p class='ocr_par' dir='ltr' id='par_1_81' title="bbox 2080 3719 3652 3792">
     <span class='ocr_line' id='line_1_81' title="bbox 2080 3719 3652 3792; baseline -0.003 -14"><span class='ocrx_word' id='word_1_580' title='bbox 2080 3723 2418 3792; x_wconf 86' lang='lat' dir='ltr'><strong>tranquillum</strong></span> <span class='ocrx_word' id='word_1_581' title='bbox 2450 3721 2801 3791; x_wconf 89' lang='lat' dir='ltr'><strong>principatum</strong></span> <span class='ocrx_word' id='word_1_582' title='bbox 2828 3736 2982 3773; x_wconf 88' lang='lat' dir='ltr'><strong>suum</strong></span> <span class='ocrx_word' id='word_1_583' title='bbox 3008 3720 3231 3774; x_wconf 88' lang='lat' dir='ltr'><strong>subditis</strong></span> <span class='ocrx_word' id='word_1_584' title='bbox 3252 3719 3530 3785; x_wconf 83' lang='lat' dir='ltr'><strong>exhibens,</strong></span> <span class='ocrx_word' id='word_1_585' title='bbox 3559 3733 3652 3789; x_wconf 82' lang='lat' dir='ltr'><strong>pa-</strong></span> 
     </span>
    </p>
   </div>
   <div class='ocr_carea' id='block_1_82' title="bbox 2080 3808 3655 3881">
    <p class='ocr_par' dir='ltr' id='par_1_82' title="bbox 2080 3808 3655 3881">
     <span class='ocr_line' id='line_1_82' title="bbox 2080 3808 3655 3881; baseline 0 -14"><span class='ocrx_word' id='word_1_586' title='bbox 2080 3822 2228 3869; x_wconf 91' lang='lat' dir='ltr'><strong>terna</strong></span> <span class='ocrx_word' id='word_1_587' title='bbox 2256 3810 2481 3881; x_wconf 88' lang='lat' dir='ltr'><strong>quadam</strong></span> <span class='ocrx_word' id='word_1_588' title='bbox 2520 3825 2649 3865; x_wconf 91' lang='lat' dir='ltr'><strong>cura</strong></span> <span class='ocrx_word' id='word_1_589' title='bbox 2691 3823 2754 3865; x_wconf 93' lang='lat' dir='ltr'><strong>ac</strong></span> <span class='ocrx_word' id='word_1_590' title='bbox 2792 3808 3148 3865; x_wconf 86' lang='lat' dir='ltr'><strong>sollicitudine</strong></span> <span class='ocrx_word' id='word_1_591' title='bbox 3175 3824 3269 3865; x_wconf 91' lang='lat' dir='ltr'><strong>eos</strong></span> <span class='ocrx_word' id='word_1_592' title='bbox 3304 3809 3452 3864; x_wconf 91' lang='lat' dir='ltr'><strong>fovit.</strong></span> <span class='ocrx_word' id='word_1_593' title='bbox 3486 3809 3655 3867; x_wconf 87' lang='lat' dir='ltr'><strong>Porro</strong></span> 
     </span>
    </p>
   </div>
   <div class='ocr_carea' id='block_1_83' title="bbox 2078 3899 3652 3972">
    <p class='ocr_par' dir='ltr' id='par_1_83' title="bbox 2078 3899 3652 3972">
     <span class='ocr_line' id='line_1_83' title="bbox 2078 3899 3652 3972; baseline -0.001 -13"><span class='ocrx_word' id='word_1_594' title='bbox 2078 3919 2198 3959; x_wconf 91' lang='lat' dir='ltr'><strong>cum</strong></span> <span class='ocrx_word' id='word_1_595' title='bbox 2233 3902 2349 3957; x_wconf 75' lang='lat' dir='ltr'><strong>alia:</strong></span> <span class='ocrx_word' id='word_1_596' title='bbox 2392 3917 2603 3972; x_wconf 90' lang='lat' dir='ltr'><strong>quoque</strong></span> <span class='ocrx_word' id='word_1_597' title='bbox 2640 3900 3051 3956; x_wconf 89' lang='lat' dir='ltr'><strong>innumerabiles</strong></span> <span class='ocrx_word' id='word_1_598' title='bbox 3098 3899 3255 3970; x_wconf 84' lang='lat' dir='ltr'><strong>hujus</strong></span> <span class='ocrx_word' id='word_1_599' title='bbox 3282 3899 3377 3955; x_wconf 89' lang='lat' dir='ltr'><strong>viri</strong></span> <span class='ocrx_word' id='word_1_600' title='bbox 3426 3899 3652 3957; x_wconf 83' lang='lat' dir='ltr'><strong>virtutes</strong></span> 
     </span>
    </p>
   </div>
   <div class='ocr_carea' id='block_1_84' title="bbox 2079 3992 3651 4067">
    <p class='ocr_par' dir='ltr' id='par_1_84' title="bbox 2079 3992 3651 4067">
     <span class='ocr_line' id='line_1_84' title="bbox 2079 3992 3651 4067; baseline -0.001 -14"><span class='ocrx_word' id='word_1_601' title='bbox 2079 4000 2144 4055; x_wconf 88' lang='lat' dir='ltr'><strong>ab</strong></span> <span class='ocrx_word' id='word_1_602' title='bbox 2170 3998 2415 4053; x_wconf 91' lang='lat' dir='ltr'><strong>omnibus</strong></span> <span class='ocrx_word' id='word_1_603' title='bbox 2442 3996 2813 4067; x_wconf 71' lang='lat' dir='ltr'><strong>prmdicentur,</strong></span> <span class='ocrx_word' id='word_1_604' title='bbox 2847 4010 2951 4050; x_wconf 92' lang='lat' dir='ltr'><strong>uno</strong></span> <span class='ocrx_word' id='word_1_605' title='bbox 2978 4005 3032 4050; x_wconf 91' lang='lat' dir='ltr'><strong>et</strong></span> <span class='ocrx_word' id='word_1_606' title='bbox 3060 3993 3230 4051; x_wconf 87' lang='lat' dir='ltr'><strong>altero</strong></span> <span class='ocrx_word' id='word_1_607' title='bbox 3260 3993 3375 4063; x_wconf 90' lang='lat' dir='ltr'><strong>ejus</strong></span> <span class='ocrx_word' id='word_1_608' title='bbox 3414 3992 3651 4052; x_wconf 83' lang='lat' dir='ltr'><strong>facinore</strong></span> 
     </span>
    </p>
   </div>
   <div class='ocr_carea' id='block_1_85' title="bbox 2077 4084 3653 4157">
    <p class='ocr_par' dir='ltr' id='par_1_85' title="bbox 2077 4084 3653 4157">
     <span class='ocr_line' id='line_1_85' title="bbox 2077 4084 3653 4157; baseline -0.003 -10"><span class='ocrx_word' id='word_1_609' title='bbox 2077 4096 2526 4155; x_wconf 88' lang='lat' dir='ltr'><strong>commemorato,</strong></span> <span class='ocrx_word' id='word_1_610' title='bbox 2566 4103 2633 4143; x_wconf 87' lang='lat' dir='ltr'><strong>ex</strong></span> <span class='ocrx_word' id='word_1_611' title='bbox 2674 4088 2865 4157; x_wconf 88' lang='lat' dir='ltr'><strong>quibus</strong></span> <span class='ocrx_word' id='word_1_612' title='bbox 2903 4086 3208 4157; x_wconf 87' lang='lat' dir='ltr'><strong>conjectura</strong></span> <span class='ocrx_word' id='word_1_613' title='bbox 3246 4085 3360 4142; x_wconf 76' lang='lat' dir='ltr'><strong>fieri</strong></span> <span class='ocrx_word' id='word_1_614' title='bbox 3388 4084 3554 4155; x_wconf 87' lang='lat' dir='ltr'><strong>possit</strong></span> <span class='ocrx_word' id='word_1_615' title='bbox 3579 4084 3653 4143; x_wconf 81' lang='lat' dir='ltr'><strong>de</strong></span> 
     </span>
    </p>
   </div>
   <div class='ocr_carea' id='block_1_86' title="bbox 2076 4176 3650 4251">
    <p class='ocr_par' dir='ltr' id='par_1_86' title="bbox 2076 4176 3650 4251">
     <span class='ocr_line' id='line_1_86' title="bbox 2076 4176 3650 4251; baseline -0.003 -14"><span class='ocrx_word' id='word_1_616' title='bbox 2076 4182 2141 4237; x_wconf 91' lang='lat' dir='ltr'><strong>iis</strong></span> <span class='ocrx_word' id='word_1_617' title='bbox 2171 4197 2289 4251; x_wconf 73' lang='lat' dir='ltr'><strong>quae</strong></span> <span class='ocrx_word' id='word_1_618' title='bbox 2321 4179 2532 4236; x_wconf 89' lang='lat' dir='ltr'><strong>silentio</strong></span> <span class='ocrx_word' id='word_1_619' title='bbox 2572 4186 2976 4249; x_wconf 74' lang='lat' dir='ltr'><strong>przetereuntur,</strong></span> <span class='ocrx_word' id='word_1_620' title='bbox 3015 4177 3080 4232; x_wconf 88' lang='lat' dir='ltr'><strong>ad</strong></span> <span class='ocrx_word' id='word_1_621' title='bbox 3122 4177 3451 4248; x_wconf 87' lang='lat' dir='ltr'><strong>propositum</strong></span> <span class='ocrx_word' id='word_1_622' title='bbox 3492 4176 3650 4234; x_wconf 89' lang='lat' dir='ltr'><strong>nobis</strong></span> 
     </span>
    </p>
   </div>
   <div class='ocr_carea' id='block_1_87' title="bbox 2077 4269 3245 4343">
    <p class='ocr_par' dir='ltr' id='par_1_87' title="bbox 2077 4269 3245 4343">
     <span class='ocr_line' id='line_1_87' title="bbox 2077 4269 3245 4343; baseline -0.006 -12"><span class='ocrx_word' id='word_1_623' title='bbox 2077 4273 2342 4331; x_wconf 87' lang='lat' dir='ltr'><strong>scribendi</strong></span> <span class='ocrx_word' id='word_1_624' title='bbox 2373 4280 2741 4343; x_wconf 90' lang='lat' dir='ltr'><strong>argumentum</strong></span> <span class='ocrx_word' id='word_1_625' title='bbox 2775 4269 3245 4343; x_wconf 89' lang='lat' dir='ltr'><strong>transgrediemur.</strong></span> 
     </span>
    </p>
   </div>
   <div class='ocr_carea' id='block_1_88' title="bbox 2658 4387 3058 4445">
    <p class='ocr_par' dir='ltr' id='par_1_88' title="bbox 2658 4387 3058 4445">
     <span class='ocr_line' id='line_1_88' title="bbox 2658 4387 3058 4445; baseline -0.003 -1"><span class='ocrx_word' id='word_1_626' title='bbox 2658 4387 2885 4444; x_wconf 78' lang='lat' dir='ltr'><strong>CAPUT</strong></span> <span class='ocrx_word' id='word_1_627' title='bbox 2921 4388 3058 4445; x_wconf 79' lang='lat' dir='ltr'><strong>XIV.</strong></span> 
     </span>
    </p>
   </div>
   <div class='ocr_carea' id='block_1_89' title="bbox 405 4485 1975 4589">
    <p class='ocr_par' dir='ltr' id='par_1_89' title="bbox 405 4485 1968 4589">
     <span class='ocr_line' id='line_1_89' title="bbox 405 4485 1968 4589; baseline -0.009 -11"><span class='ocrx_word' id='word_1_628' title='bbox 405 4485 623 4579; x_wconf 65' lang='lat' dir='ltr'><strong>bissima</strong></span> <span class='ocrx_word' id='word_1_629' title='bbox 650 4518 786 4589; x_wconf 88' lang='lat' dir='ltr'><strong>apud</strong></span> <span class='ocrx_word' id='word_1_630' title='bbox 818 4516 996 4571; x_wconf 90' lang='lat' dir='ltr'><strong>hostes</strong></span> <span class='ocrx_word' id='word_1_631' title='bbox 1026 4514 1279 4569; x_wconf 88' lang='lat' dir='ltr'><strong>servitute</strong></span> <span class='ocrx_word' id='word_1_632' title='bbox 1306 4511 1586 4566; x_wconf 89' lang='lat' dir='ltr'><strong>liberavit:</strong></span> <span class='ocrx_word' id='word_1_633' title='bbox 1627 4521 1968 4582; x_wconf 90' lang='lat' dir='ltr'><strong>tyrannorum</strong></span> 
     </span>
    </p>
   </div>
   <div class='ocr_carea' id='block_1_90' title="bbox 2082 4485 3646 4589">
    <p class='ocr_par' dir='ltr' id='par_1_90' title="bbox 2082 4485 3646 4557">
     <span class='ocr_line' id='line_1_90' title="bbox 2082 4485 3646 4557; baseline -0.001 -13"><span class='ocrx_word' id='word_1_634' title='bbox 2082 4488 2336 4557; x_wconf 81' lang='lat' dir='ltr'><strong>Quomodo</strong></span> <span class='ocrx_word' id='word_1_635' title='bbox 2396 4487 2719 4542; x_wconf 83' lang='lat' dir='ltr'><strong>Constantius</strong></span> <span class='ocrx_word' id='word_1_636' title='bbox 2764 4486 3061 4555; x_wconf 72' lang='lat' dir='ltr'><strong>exprobrata</strong></span> <span class='ocrx_word' id='word_1_637' title='bbox 3102 4487 3202 4555; x_wconf 81' lang='lat' dir='ltr'><strong>ipsi</strong></span> <span class='ocrx_word' id='word_1_638' title='bbox 3248 4502 3278 4539; x_wconf 91' lang='lat' dir='ltr'><strong>a</strong></span> <span class='ocrx_word' id='word_1_639' title='bbox 3326 4485 3646 4543; x_wconf 76' lang='lat' dir='ltr'><strong>Diocletiano</strong></span> 
     </span>
    </p>
   </div>
   <div class='ocr_carea' id='block_1_91' title="bbox 405 4602 1971 4681">
    <p class='ocr_par' dir='ltr' id='par_1_91' title="bbox 405 4602 1971 4681">
     <span class='ocr_line' id='line_1_91' title="bbox 405 4602 1971 4681; baseline -0.006 -12"><span class='ocrx_word' id='word_1_640' title='bbox 405 4623 582 4668; x_wconf 91' lang='lat' dir='ltr'><strong>autem</strong></span> <span class='ocrx_word' id='word_1_641' title='bbox 632 4624 802 4681; x_wconf 89' lang='lat' dir='ltr'><strong>genus</strong></span> <span class='ocrx_word' id='word_1_642' title='bbox 844 4608 1054 4662; x_wconf 75' lang='lat' dir='ltr'><strong>ccelitus</strong></span> <span class='ocrx_word' id='word_1_643' title='bbox 1100 4603 1313 4660; x_wconf 78' lang='lat' dir='ltr'><strong>inflictis</strong></span> <span class='ocrx_word' id='word_1_644' title='bbox 1357 4602 1626 4672; x_wconf 89' lang='lat' dir='ltr'><strong>suppliciis</strong></span> <span class='ocrx_word' id='word_1_645' title='bbox 1657 4604 1772 4672; x_wconf 86' lang='lat' dir='ltr'><strong>ejus</strong></span> <span class='ocrx_word' id='word_1_646' title='bbox 1810 4620 1971 4675; x_wconf 88' lang='lat' dir='ltr'><strong>opera</strong></span> 
     </span>
    </p>
   </div>
   <div class='ocr_carea' id='block_1_92' title="bbox 405 4694 1973 4767">
    <p class='ocr_par' dir='ltr' id='par_1_92' title="bbox 405 4694 1973 4767">
     <span class='ocr_line' id='line_1_92' title="bbox 405 4694 1973 4767; baseline -0.004 -8"><span class='ocrx_word' id='word_1_647' title='bbox 405 4707 545 4760; x_wconf 90' lang='lat' dir='ltr'><strong>ultus</strong></span> <span class='ocrx_word' id='word_1_648' title='bbox 574 4702 866 4765; x_wconf 82' lang='lat' dir='ltr'><strong>est.Vetus,</strong></span> <span class='ocrx_word' id='word_1_649' title='bbox 884 4700 1121 4767; x_wconf 82' lang='lat' dir='ltr'><strong>inquam,</strong></span> <span class='ocrx_word' id='word_1_650' title='bbox 1151 4696 1261 4750; x_wconf 66' lang='lat' dir='ltr'><strong>haec</strong></span> <span class='ocrx_word' id='word_1_651' title='bbox 1279 4694 1702 4763; x_wconf 89' lang='lat' dir='ltr'><strong>historia,instar</strong></span> <span class='ocrx_word' id='word_1_652' title='bbox 1725 4696 1914 4752; x_wconf 69' lang='lat' dir='ltr'><strong>fabula:</strong></span> <span class='ocrx_word' id='word_1_653' title='bbox 1940 4714 1973 4753; x_wconf 87' lang='lat' dir='ltr'><strong>a</strong></span> 
     </span>
    </p>
   </div>
   <div class='ocr_carea' id='block_1_93' title="bbox 406 4790 1967 4865">
    <p class='ocr_par' dir='ltr' id='par_1_93' title="bbox 406 4790 1967 4865">
     <span class='ocr_line' id='line_1_93' title="bbox 406 4790 1967 4865; baseline -0.006 -8"><span class='ocrx_word' id='word_1_654' title='bbox 406 4803 587 4857; x_wconf 87' lang='lat' dir='ltr'><strong>multis</strong></span> <span class='ocrx_word' id='word_1_655' title='bbox 618 4804 830 4865; x_wconf 88' lang='lat' dir='ltr'><strong>accepta</strong></span> <span class='ocrx_word' id='word_1_656' title='bbox 857 4836 871 4859; x_wconf 92' lang='lat'><strong>,</strong></span> <span class='ocrx_word' id='word_1_657' title='bbox 913 4794 1147 4849; x_wconf 91' lang='lat' dir='ltr'><strong>omnium</strong></span> <span class='ocrx_word' id='word_1_658' title='bbox 1182 4805 1338 4846; x_wconf 90' lang='lat' dir='ltr'><strong>aures</strong></span> <span class='ocrx_word' id='word_1_659' title='bbox 1371 4790 1673 4845; x_wconf 88' lang='lat' dir='ltr'><strong>mortalium</strong></span> <span class='ocrx_word' id='word_1_660' title='bbox 1709 4790 1967 4861; x_wconf 86' lang='lat' dir='ltr'><strong>implevit.</strong></span> 
     </span>
    </p>
   </div>
   <div class='ocr_carea' id='block_1_94' title="bbox 405 4880 1969 4949">
    <p class='ocr_par' dir='ltr' id='par_1_94' title="bbox 405 4880 1969 4949">
     <span class='ocr_line' id='line_1_94' title="bbox 405 4880 1969 4949; baseline -0.006 -3"><span class='ocrx_word' id='word_1_661' title='bbox 405 4892 557 4946; x_wconf 83' lang='lat' dir='ltr'><strong>Nunc</strong></span> <span class='ocrx_word' id='word_1_662' title='bbox 598 4904 722 4943; x_wconf 88' lang='lat' dir='ltr'><strong>vero</strong></span> <span class='ocrx_word' id='word_1_663' title='bbox 752 4886 889 4941; x_wconf 88' lang='lat' dir='ltr'><strong>idem</strong></span> <span class='ocrx_word' id='word_1_664' title='bbox 921 4883 1074 4938; x_wconf 87' lang='lat' dir='ltr'><strong>nobis</strong></span> <span class='ocrx_word' id='word_1_665' title='bbox 1112 4882 1250 4937; x_wconf 86' lang='lat' dir='ltr'><strong>Deus</strong></span> <span class='ocrx_word' id='word_1_666' title='bbox 1292 4880 1493 4949; x_wconf 86' lang='lat' dir='ltr'><strong>majora</strong></span> <span class='ocrx_word' id='word_1_667' title='bbox 1539 4880 1785 4935; x_wconf 89' lang='lat' dir='ltr'><strong>omnibus</strong></span> <span class='ocrx_word' id='word_1_668' title='bbox 1816 4880 1969 4937; x_wconf 84' lang='lat' dir='ltr'><strong>fabu-</strong></span> 
     </span>
    </p>
   </div>
   <div class='ocr_carea' id='block_1_95' title="bbox 401 4972 1969 5047">
    <p class='ocr_par' dir='ltr' id='par_1_95' title="bbox 401 4972 1969 5047">
     <span class='ocr_line' id='line_1_95' title="bbox 401 4972 1969 5047; baseline -0.009 -8"><span class='ocrx_word' id='word_1_669' title='bbox 401 4985 465 5039; x_wconf 90' lang='lat' dir='ltr'><strong>lis</strong></span> <span class='ocrx_word' id='word_1_670' title='bbox 494 4980 744 5036; x_wconf 87' lang='lat' dir='ltr'><strong>miracula</strong></span> <span class='ocrx_word' id='word_1_671' title='bbox 773 4979 902 5047; x_wconf 89' lang='lat' dir='ltr'><strong>ipsis</strong></span> <span class='ocrx_word' id='word_1_672' title='bbox 926 4975 1095 5030; x_wconf 90' lang='lat' dir='ltr'><strong>oculis</strong></span> <span class='ocrx_word' id='word_1_673' title='bbox 1120 4982 1361 5043; x_wconf 88' lang='lat' dir='ltr'><strong>spectare</strong></span> <span class='ocrx_word' id='word_1_674' title='bbox 1378 4973 1644 5027; x_wconf 85' lang='lat' dir='ltr'><strong>concessit</strong></span> <span class='ocrx_word' id='word_1_675' title='bbox 1666 5012 1680 5033; x_wconf 91' lang='lat'><strong>,</strong></span> <span class='ocrx_word' id='word_1_676' title='bbox 1710 4972 1849 5043; x_wconf 91' lang='lat' dir='ltr'><strong>quod</strong></span> <span class='ocrx_word' id='word_1_677' title='bbox 1874 4988 1969 5042; x_wconf 78' lang='lat' dir='ltr'><strong>ge-</strong></span> 
     </span>
    </p>
   </div>
   <div class='ocr_carea' id='block_1_96' title="bbox 400 5060 1972 5142">
    <p class='ocr_par' dir='ltr' id='par_1_96' title="bbox 400 5060 1972 5142">
     <span class='ocr_line' id='line_1_96' title="bbox 400 5060 1972 5142; baseline -0.007 -13"><span class='ocrx_word' id='word_1_678' title='bbox 400 5089 502 5130; x_wconf 90' lang='lat' dir='ltr'><strong>nus</strong></span> <span class='ocrx_word' id='word_1_679' title='bbox 540 5068 825 5142; x_wconf 88' lang='lat' dir='ltr'><strong>spectaculi</strong></span> <span class='ocrx_word' id='word_1_680' title='bbox 865 5065 1001 5135; x_wconf 89' lang='lat' dir='ltr'><strong>apud</strong></span> <span class='ocrx_word' id='word_1_681' title='bbox 1031 5078 1124 5119; x_wconf 90' lang='lat' dir='ltr'><strong>eos</strong></span> <span class='ocrx_word' id='word_1_682' title='bbox 1153 5064 1241 5132; x_wconf 92' lang='lat' dir='ltr'><strong>qui</strong></span> <span class='ocrx_word' id='word_1_683' title='bbox 1273 5076 1461 5116; x_wconf 89' lang='lat' dir='ltr'><strong>recens</strong></span> <span class='ocrx_word' id='word_1_684' title='bbox 1490 5060 1775 5127; x_wconf 87' lang='lat' dir='ltr'><strong>viderunt,</strong></span> <span class='ocrx_word' id='word_1_685' title='bbox 1826 5062 1972 5118; x_wconf 91' lang='lat' dir='ltr'><strong>omni</strong></span> 
     </span>
    </p>
   </div>
   <div class='ocr_carea' id='block_1_97' title="bbox 399 5154 1972 5229">
    <p class='ocr_par' dir='ltr' id='par_1_97' title="bbox 399 5154 1972 5229">
     <span class='ocr_line' id='line_1_97' title="bbox 399 5154 1972 5229; baseline -0.008 -7"><span class='ocrx_word' id='word_1_686' title='bbox 399 5165 669 5222; x_wconf 90' lang='lat' dir='ltr'><strong>auditione</strong></span> <span class='ocrx_word' id='word_1_687' title='bbox 714 5161 816 5216; x_wconf 86' lang='lat' dir='ltr'><strong>fide</strong></span> <span class='ocrx_word' id='word_1_688' title='bbox 859 5159 1069 5229; x_wconf 90' lang='lat' dir='ltr'><strong>dignius</strong></span> <span class='ocrx_word' id='word_1_689' title='bbox 1110 5156 1351 5211; x_wconf 90' lang='lat' dir='ltr'><strong>habetur.</strong></span> <span class='ocrx_word' id='word_1_690' title='bbox 1399 5154 1586 5210; x_wconf 83' lang='lat' dir='ltr'><strong>Nostra</strong></span> <span class='ocrx_word' id='word_1_691' title='bbox 1632 5156 1771 5209; x_wconf 92' lang='lat' dir='ltr'><strong>enim</strong></span> <span class='ocrx_word' id='word_1_692' title='bbox 1814 5165 1972 5210; x_wconf 63' lang='lat' dir='ltr'><strong>aetate</strong></span> 
     </span>
    </p>
   </div>
   <div class='ocr_carea' id='block_1_98' title="bbox 397 5247 1968 5329">
    <p class='ocr_par' dir='ltr' id='par_1_98' title="bbox 397 5247 1968 5329">
     <span class='ocr_line' id='line_1_98' title="bbox 397 5247 1968 5329; baseline -0.008 -17"><span class='ocrx_word' id='word_1_693' title='bbox 397 5255 610 5329; x_wconf 88' lang='lat' dir='ltr'><strong>tyranni</strong></span> <span class='ocrx_word' id='word_1_694' title='bbox 657 5252 869 5325; x_wconf 89' lang='lat' dir='ltr'><strong>quidem</strong></span> <span class='ocrx_word' id='word_1_695' title='bbox 914 5250 1001 5320; x_wconf 85' lang='lat' dir='ltr'><strong>qui</strong></span> <span class='ocrx_word' id='word_1_696' title='bbox 1045 5248 1298 5302; x_wconf 85' lang='lat' dir='ltr'><strong>adversus</strong></span> <span class='ocrx_word' id='word_1_697' title='bbox 1332 5247 1494 5301; x_wconf 89' lang='lat' dir='ltr'><strong>Deum</strong></span> <span class='ocrx_word' id='word_1_698' title='bbox 1545 5260 1809 5301; x_wconf 92' lang='lat' dir='ltr'><strong>summum</strong></span> <span class='ocrx_word' id='word_1_699' title='bbox 1850 5261 1968 5301; x_wconf 93' lang='lat' dir='ltr'><strong>om-</strong></span> 
     </span>
    </p>
   </div>
   <div class='ocr_carea' id='block_1_99' title="bbox 396 5337 1970 5416">
    <p class='ocr_par' dir='ltr' id='par_1_99' title="bbox 396 5337 1970 5416">
     <span class='ocr_line' id='line_1_99' title="bbox 396 5337 1970 5416; baseline -0.01 -13"><span class='ocrx_word' id='word_1_700' title='bbox 396 5349 543 5403; x_wconf 88' lang='lat' dir='ltr'><strong>nium</strong></span> <span class='ocrx_word' id='word_1_701' title='bbox 573 5346 771 5416; x_wconf 86' lang='lat' dir='ltr'><strong>Regem</strong></span> <span class='ocrx_word' id='word_1_702' title='bbox 812 5340 1006 5396; x_wconf 90' lang='lat' dir='ltr'><strong>bellum</strong></span> <span class='ocrx_word' id='word_1_703' title='bbox 1037 5353 1251 5393; x_wconf 88' lang='lat' dir='ltr'><strong>movere</strong></span> <span class='ocrx_word' id='word_1_704' title='bbox 1295 5337 1665 5403; x_wconf 89' lang='lat' dir='ltr'><strong>instituerant,</strong></span> <span class='ocrx_word' id='word_1_705' title='bbox 1707 5338 1823 5407; x_wconf 87' lang='lat' dir='ltr'><strong>ejus</strong></span> <span class='ocrx_word' id='word_1_706' title='bbox 1868 5338 1970 5393; x_wconf 85' lang='lat' dir='ltr'><strong>Ec-</strong></span> 
     </span>
    </p>
   </div>
   <div class='ocr_carea' id='block_1_100' title="bbox 396 5426 1963 5505">
    <p class='ocr_par' dir='ltr' id='par_1_100' title="bbox 396 5426 1963 5505">
     <span class='ocr_line' id='line_1_100' title="bbox 396 5426 1963 5505; baseline -0.008 -11"><span class='ocrx_word' id='word_1_707' title='bbox 396 5437 609 5494; x_wconf 89' lang='lat' dir='ltr'><strong>clesiam</strong></span> <span class='ocrx_word' id='word_1_708' title='bbox 636 5436 866 5505; x_wconf 89' lang='lat' dir='ltr'><strong>graviter</strong></span> <span class='ocrx_word' id='word_1_709' title='bbox 895 5439 1293 5500; x_wconf 91' lang='lat' dir='ltr'><strong>oppresserunt.</strong></span> <span class='ocrx_word' id='word_1_710' title='bbox 1323 5426 1699 5483; x_wconf 87' lang='lat' dir='ltr'><strong>Constantinus</strong></span> <span class='ocrx_word' id='word_1_711' title='bbox 1726 5443 1853 5482; x_wconf 91' lang='lat' dir='ltr'><strong>vero</strong></span> <span class='ocrx_word' id='word_1_712' title='bbox 1874 5429 1963 5499; x_wconf 94' lang='lat' dir='ltr'><strong>qui</strong></span> 
     </span>
    </p>
   </div>
   <div class='ocr_carea' id='block_1_101' title="bbox 393 5520 1963 5602">
    <p class='ocr_par' dir='ltr' id='par_1_101' title="bbox 393 5520 1963 5602">
     <span class='ocr_line' id='line_1_101' title="bbox 393 5520 1963 5602; baseline -0.006 -17"><span class='ocrx_word' id='word_1_713' title='bbox 393 5539 578 5602; x_wconf 85' lang='lat' dir='ltr'><strong>postea</strong></span> <span class='ocrx_word' id='word_1_714' title='bbox 608 5537 957 5600; x_wconf 86' lang='lat' dir='ltr'><strong>tyrannorum</strong></span> <span class='ocrx_word' id='word_1_715' title='bbox 996 5521 1303 5579; x_wconf 87' lang='lat' dir='ltr'><strong>interfector</strong></span> <span class='ocrx_word' id='word_1_716' title='bbox 1328 5521 1461 5586; x_wconf 90' lang='lat' dir='ltr'><strong>fuit;</strong></span> <span class='ocrx_word' id='word_1_717' title='bbox 1489 5520 1613 5575; x_wconf 91' lang='lat' dir='ltr'><strong>dum</strong></span> <span class='ocrx_word' id='word_1_718' title='bbox 1634 5520 1807 5576; x_wconf 90' lang='lat' dir='ltr'><strong>adhuc</strong></span> <span class='ocrx_word' id='word_1_719' title='bbox 1835 5520 1963 5575; x_wconf 89' lang='lat' dir='ltr'><strong>ado-</strong></span> 
     </span>
    </p>
   </div>
   <div class='ocr_carea' id='block_1_102' title="bbox 392 5612 1958 5685">
    <p class='ocr_par' dir='ltr' id='par_1_102' title="bbox 392 5612 1958 5685">
     <span class='ocr_line' id='line_1_102' title="bbox 392 5612 1958 5685; baseline -0.006 -9"><span class='ocrx_word' id='word_1_720' title='bbox 392 5622 599 5676; x_wconf 89' lang='lat' dir='ltr'><strong>lcscens</strong></span> <span class='ocrx_word' id='word_1_721' title='bbox 625 5624 767 5674; x_wconf 86' lang='lat' dir='ltr'><strong>esset</strong></span> <span class='ocrx_word' id='word_1_722' title='bbox 794 5625 849 5673; x_wconf 92' lang='lat' dir='ltr'><strong>et</strong></span> <span class='ocrx_word' id='word_1_723' title='bbox 870 5613 1090 5685; x_wconf 89' lang='lat' dir='ltr'><strong>juvenili</strong></span> <span class='ocrx_word' id='word_1_724' title='bbox 1118 5612 1367 5684; x_wconf 90' lang='lat' dir='ltr'><strong>lanugine</strong></span> <span class='ocrx_word' id='word_1_725' title='bbox 1406 5612 1633 5668; x_wconf 89' lang='lat' dir='ltr'><strong>decorus</strong></span> <span class='ocrx_word' id='word_1_726' title='bbox 1658 5652 1673 5677; x_wconf 94' lang='lat'><strong>,</strong></span> <span class='ocrx_word' id='word_1_727' title='bbox 1701 5612 1754 5666; x_wconf 90' lang='lat' dir='ltr'><strong>in</strong></span> <span class='ocrx_word' id='word_1_728' title='bbox 1782 5612 1958 5668; x_wconf 89' lang='lat' dir='ltr'><strong>medio</strong></span> 
     </span>
    </p>
   </div>
   <div class='ocr_carea' id='block_1_103' title="bbox 379 5700 1954 5779">
    <p class='ocr_par' dir='ltr' id='par_1_103' title="bbox 379 5700 1954 5779">
     <span class='ocr_line' id='line_1_103' title="bbox 379 5700 1954 5779; baseline -0.004 -13"><span class='ocrx_word' id='word_1_729' title='bbox 379 5709 593 5767; x_wconf 88' lang='lat' dir='ltr'><strong>illorum</strong></span> <span class='ocrx_word' id='word_1_730' title='bbox 615 5750 629 5779; x_wconf 92' lang='lat'><strong>,</strong></span> <span class='ocrx_word' id='word_1_731' title='bbox 661 5718 718 5762; x_wconf 87' lang='lat' dir='ltr'><strong>ut</strong></span> <span class='ocrx_word' id='word_1_732' title='bbox 745 5703 1011 5778; x_wconf 85' lang='lat' dir='ltr'><strong>quondam</strong></span> <span class='ocrx_word' id='word_1_733' title='bbox 1033 5703 1124 5762; x_wconf 88' lang='lat' dir='ltr'><strong>ille</strong></span> <span class='ocrx_word' id='word_1_734' title='bbox 1143 5703 1240 5761; x_wconf 91' lang='lat' dir='ltr'><strong>Dei</strong></span> <span class='ocrx_word' id='word_1_735' title='bbox 1264 5702 1493 5759; x_wconf 89' lang='lat' dir='ltr'><strong>famulus</strong></span> <span class='ocrx_word' id='word_1_736' title='bbox 1513 5703 1686 5759; x_wconf 83' lang='lat' dir='ltr'><strong>Moses</strong></span> <span class='ocrx_word' id='word_1_737' title='bbox 1708 5742 1721 5767; x_wconf 94' lang='lat'><strong>,</strong></span> <span class='ocrx_word' id='word_1_738' title='bbox 1748 5700 1801 5757; x_wconf 92' lang='lat' dir='ltr'><strong>iu</strong></span> <span class='ocrx_word' id='word_1_739' title='bbox 1827 5702 1954 5773; x_wconf 89' lang='lat' dir='ltr'><strong>ipsis</strong></span> 
     </span>
    </p>
   </div>
   <div class='ocr_carea' id='block_1_104' title="bbox 2152 4577 3647 4651">
    <p class='ocr_par' dir='ltr' id='par_1_104' title="bbox 2152 4577 3647 4651">
     <span class='ocr_line' id='line_1_104' title="bbox 2152 4577 3647 4651; baseline 0 -17"><span class='ocrx_word' id='word_1_740' title='bbox 2152 4588 2444 4651; x_wconf 83' lang='lat' dir='ltr'><strong>paupertate</strong></span> <span class='ocrx_word' id='word_1_741' title='bbox 2462 4620 2476 4645; x_wconf 95' lang='lat'><strong>,</strong></span> <span class='ocrx_word' id='word_1_742' title='bbox 2505 4577 2740 4633; x_wconf 77' lang='lat' dir='ltr'><strong>wrarium</strong></span> <span class='ocrx_word' id='word_1_743' title='bbox 2766 4578 3073 4647; x_wconf 83' lang='lat' dir='ltr'><strong>impleverit,</strong></span> <span class='ocrx_word' id='word_1_744' title='bbox 3103 4586 3149 4630; x_wconf 89' lang='lat' dir='ltr'><strong>et</strong></span> <span class='ocrx_word' id='word_1_745' title='bbox 3187 4586 3358 4647; x_wconf 85' lang='lat' dir='ltr'><strong>postea</strong></span> <span class='ocrx_word' id='word_1_746' title='bbox 3383 4577 3647 4634; x_wconf 68' lang='lat' dir='ltr'><strong>saltatori-</strong></span> 
     </span>
    </p>
   </div>
   <div class='ocr_carea' id='block_1_105' title="bbox 2148 4668 2845 4739">
    <p class='ocr_par' dir='ltr' id='par_1_105' title="bbox 2148 4668 2845 4739">
     <span class='ocr_line' id='line_1_105' title="bbox 2148 4668 2845 4739; baseline -0.004 -14"><span class='ocrx_word' id='word_1_747' title='bbox 2148 4672 2237 4725; x_wconf 82' lang='lat' dir='ltr'><strong>bus</strong></span> <span class='ocrx_word' id='word_1_748' title='bbox 2268 4670 2528 4739; x_wconf 86' lang='lat' dir='ltr'><strong>pecuniam</strong></span> <span class='ocrx_word' id='word_1_749' title='bbox 2552 4668 2845 4722; x_wconf 84' lang='lat' dir='ltr'><strong>reddiderit.</strong></span> 
     </span>
    </p>
   </div>
   <div class='ocr_carea' id='block_1_106' title="bbox 2146 4782 3645 4855">
    <p class='ocr_par' dir='ltr' id='par_1_106' title="bbox 2146 4782 3645 4855">
     <span class='ocr_line' id='line_1_106' title="bbox 2146 4782 3645 4855; baseline -0.001 -14"><span class='ocrx_word' id='word_1_750' title='bbox 2146 4787 2279 4841; x_wconf 89' lang='lat' dir='ltr'><strong>Cum</strong></span> <span class='ocrx_word' id='word_1_751' title='bbox 2330 4786 2413 4840; x_wconf 90' lang='lat' dir='ltr'><strong>hic</strong></span> <span class='ocrx_word' id='word_1_752' title='bbox 2459 4785 2702 4855; x_wconf 89' lang='lat' dir='ltr'><strong>princeps</strong></span> <span class='ocrx_word' id='word_1_753' title='bbox 2739 4783 2941 4839; x_wconf 86' lang='lat' dir='ltr'><strong>crebris</strong></span> <span class='ocrx_word' id='word_1_754' title='bbox 2986 4782 3256 4838; x_wconf 88' lang='lat' dir='ltr'><strong>hominum</strong></span> <span class='ocrx_word' id='word_1_755' title='bbox 3306 4782 3645 4840; x_wconf 85' lang='lat' dir='ltr'><strong>sermonibus</strong></span> 
     </span>
    </p>
   </div>
   <div class='ocr_carea' id='block_1_107' title="bbox 2076 4874 3644 4947">
    <p class='ocr_par' dir='ltr' id='par_1_107' title="bbox 2076 4874 3644 4947">
     <span class='ocr_line' id='line_1_107' title="bbox 2076 4874 3644 4947; baseline -0.003 -15"><span class='ocrx_word' id='word_1_756' title='bbox 2076 4876 2455 4943; x_wconf 87' lang='lat' dir='ltr'><strong>celebraretur,</strong></span> <span class='ocrx_word' id='word_1_757' title='bbox 2486 4874 2626 4947; x_wconf 90' lang='lat' dir='ltr'><strong>quod</strong></span> <span class='ocrx_word' id='word_1_758' title='bbox 2659 4874 2800 4929; x_wconf 83' lang='lat' dir='ltr'><strong>mitis</strong></span> <span class='ocrx_word' id='word_1_759' title='bbox 2830 4882 2973 4930; x_wconf 89' lang='lat' dir='ltr'><strong>esset</strong></span> <span class='ocrx_word' id='word_1_760' title='bbox 2995 4889 3057 4929; x_wconf 88' lang='lat' dir='ltr'><strong>ac</strong></span> <span class='ocrx_word' id='word_1_761' title='bbox 3086 4874 3351 4945; x_wconf 89' lang='lat' dir='ltr'><strong>placidus;</strong></span> <span class='ocrx_word' id='word_1_762' title='bbox 3381 4874 3518 4943; x_wconf 89' lang='lat' dir='ltr'><strong>quod</strong></span> <span class='ocrx_word' id='word_1_763' title='bbox 3546 4887 3644 4943; x_wconf 93' lang='lat' dir='ltr'><strong>op-</strong></span> 
     </span>
    </p>
   </div>
   <div class='ocr_carea' id='block_1_108' title="bbox 2076 4963 3643 5037">
    <p class='ocr_par' dir='ltr' id='par_1_108' title="bbox 2076 4963 3643 5037">
     <span class='ocr_line' id='line_1_108' title="bbox 2076 4963 3643 5037; baseline 0 -16"><span class='ocrx_word' id='word_1_764' title='bbox 2076 4966 2233 5021; x_wconf 92' lang='lat' dir='ltr'><strong>timus</strong></span> <span class='ocrx_word' id='word_1_765' title='bbox 2273 4966 2469 5037; x_wconf 90' lang='lat' dir='ltr'><strong>Deique</strong></span> <span class='ocrx_word' id='word_1_766' title='bbox 2506 4963 2940 5031; x_wconf 86' lang='lat' dir='ltr'><strong>amantissimus;</strong></span> <span class='ocrx_word' id='word_1_767' title='bbox 2971 4965 3218 5035; x_wconf 90' lang='lat' dir='ltr'><strong>quodque</strong></span> <span class='ocrx_word' id='word_1_768' title='bbox 3246 4967 3315 5022; x_wconf 90' lang='lat' dir='ltr'><strong>ob</strong></span> <span class='ocrx_word' id='word_1_769' title='bbox 3352 4965 3643 5021; x_wconf 85' lang='lat' dir='ltr'><strong>incredibi-</strong></span> 
     </span>
    </p>
   </div>
   <div class='ocr_carea' id='block_1_109' title="bbox 2075 5056 3643 5129">
    <p class='ocr_par' dir='ltr' id='par_1_109' title="bbox 2075 5056 3643 5129">
     <span class='ocr_line' id='line_1_109' title="bbox 2075 5056 3643 5129; baseline 0.003 -17"><span class='ocrx_word' id='word_1_770' title='bbox 2075 5057 2177 5113; x_wconf 91' lang='lat' dir='ltr'><strong>lem</strong></span> <span class='ocrx_word' id='word_1_771' title='bbox 2208 5073 2331 5127; x_wconf 88' lang='lat' dir='ltr'><strong>erga</strong></span> <span class='ocrx_word' id='word_1_772' title='bbox 2358 5059 2597 5113; x_wconf 86' lang='lat' dir='ltr'><strong>subditos</strong></span> <span class='ocrx_word' id='word_1_773' title='bbox 2623 5056 3027 5128; x_wconf 87' lang='lat' dir='ltr'><strong>indulgentiam,</strong></span> <span class='ocrx_word' id='word_1_774' title='bbox 3058 5058 3253 5113; x_wconf 88' lang='lat' dir='ltr'><strong>nullam</strong></span> <span class='ocrx_word' id='word_1_775' title='bbox 3282 5059 3558 5129; x_wconf 88' lang='lat' dir='ltr'><strong>pecuniam</strong></span> <span class='ocrx_word' id='word_1_776' title='bbox 3583 5059 3643 5117; x_wconf 82' lang='lat' dir='ltr'><strong>in</strong></span> 
     </span>
    </p>
   </div>
   <div class='ocr_carea' id='block_1_110' title="bbox 2076 5147 3641 5220">
    <p class='ocr_par' dir='ltr' id='par_1_110' title="bbox 2076 5147 3641 5220">
     <span class='ocr_line' id='line_1_110' title="bbox 2076 5147 3641 5220; baseline 0.003 -18"><span class='ocrx_word' id='word_1_777' title='bbox 2076 5149 2337 5203; x_wconf 89' lang='lat' dir='ltr'><strong>thesauris</strong></span> <span class='ocrx_word' id='word_1_778' title='bbox 2376 5147 2702 5202; x_wconf 84' lang='lat' dir='ltr'><strong>reconditam</strong></span> <span class='ocrx_word' id='word_1_779' title='bbox 2730 5148 2949 5203; x_wconf 88' lang='lat' dir='ltr'><strong>haberet</strong></span> <span class='ocrx_word' id='word_1_780' title='bbox 2976 5166 2989 5202; x_wconf 89' lang='lat'><strong>:</strong></span> <span class='ocrx_word' id='word_1_781' title='bbox 3019 5148 3307 5218; x_wconf 88' lang='lat' dir='ltr'><strong>imperator</strong></span> <span class='ocrx_word' id='word_1_782' title='bbox 3333 5150 3377 5205; x_wconf 88' lang='lat' dir='ltr'><strong>is</strong></span> <span class='ocrx_word' id='word_1_783' title='bbox 3401 5149 3490 5220; x_wconf 90' lang='lat' dir='ltr'><strong>qui</strong></span> <span class='ocrx_word' id='word_1_784' title='bbox 3515 5160 3641 5208; x_wconf 89' lang='lat' dir='ltr'><strong>tunc</strong></span> 
     </span>
    </p>
   </div>
   <div class='ocr_carea' id='block_1_111' title="bbox 2074 5237 3641 5311">
    <p class='ocr_par' dir='ltr' id='par_1_111' title="bbox 2074 5237 3641 5311">
     <span class='ocr_line' id='line_1_111' title="bbox 2074 5237 3641 5311; baseline 0 -15"><span class='ocrx_word' id='word_1_785' title='bbox 2074 5243 2327 5311; x_wconf 83' lang='lat' dir='ltr'><strong>temporis</strong></span> <span class='ocrx_word' id='word_1_786' title='bbox 2366 5253 2672 5309; x_wconf 90' lang='lat' dir='ltr'><strong>supremum</strong></span> <span class='ocrx_word' id='word_1_787' title='bbox 2701 5237 2909 5308; x_wconf 90' lang='lat' dir='ltr'><strong>imperii</strong></span> <span class='ocrx_word' id='word_1_788' title='bbox 2938 5239 3158 5310; x_wconf 88' lang='lat' dir='ltr'><strong>gradum</strong></span> <span class='ocrx_word' id='word_1_789' title='bbox 3187 5240 3479 5309; x_wconf 88' lang='lat' dir='ltr'><strong>obtinebat,</strong></span> <span class='ocrx_word' id='word_1_790' title='bbox 3510 5241 3641 5296; x_wconf 82' lang='lat' dir='ltr'><strong>mis-</strong></span> 
     </span>
    </p>
   </div>
   <div class='ocr_carea' id='block_1_112' title="bbox 2070 5330 3640 5403">
    <p class='ocr_par' dir='ltr' id='par_1_112' title="bbox 2070 5330 3640 5403">
     <span class='ocr_line' id='line_1_112' title="bbox 2070 5330 3640 5403; baseline 0.002 -16"><span class='ocrx_word' id='word_1_791' title='bbox 2070 5335 2144 5388; x_wconf 90' lang='lat' dir='ltr'><strong>sis</strong></span> <span class='ocrx_word' id='word_1_792' title='bbox 2171 5334 2234 5387; x_wconf 92' lang='lat' dir='ltr'><strong>ad</strong></span> <span class='ocrx_word' id='word_1_793' title='bbox 2266 5348 2385 5388; x_wconf 91' lang='lat' dir='ltr'><strong>eum</strong></span> <span class='ocrx_word' id='word_1_794' title='bbox 2414 5330 2726 5402; x_wconf 89' lang='lat' dir='ltr'><strong>quibusdam</strong></span> <span class='ocrx_word' id='word_1_795' title='bbox 2756 5331 3082 5399; x_wconf 89' lang='lat' dir='ltr'><strong>hominibus,</strong></span> <span class='ocrx_word' id='word_1_796' title='bbox 3112 5333 3409 5403; x_wconf 90' lang='lat' dir='ltr'><strong>objurgavit</strong></span> <span class='ocrx_word' id='word_1_797' title='bbox 3434 5333 3551 5403; x_wconf 86' lang='lat' dir='ltr'><strong>ejus</strong></span> <span class='ocrx_word' id='word_1_798' title='bbox 3581 5334 3640 5390; x_wconf 89' lang='lat' dir='ltr'><strong>in</strong></span> 
     </span>
    </p>
   </div>
   <div class='ocr_carea' id='block_1_113' title="bbox 2069 5423 3639 5496">
    <p class='ocr_par' dir='ltr' id='par_1_113' title="bbox 2069 5423 3639 5496">
     <span class='ocr_line' id='line_1_113' title="bbox 2069 5423 3639 5496; baseline 0.001 -16"><span class='ocrx_word' id='word_1_799' title='bbox 2069 5425 2336 5495; x_wconf 89' lang='lat' dir='ltr'><strong>republica</strong></span> <span class='ocrx_word' id='word_1_800' title='bbox 2362 5423 2595 5494; x_wconf 84' lang='lat' dir='ltr'><strong>gerenda</strong></span> <span class='ocrx_word' id='word_1_801' title='bbox 2619 5424 2991 5493; x_wconf 87' lang='lat' dir='ltr'><strong>negligentiam</strong></span> <span class='ocrx_word' id='word_1_802' title='bbox 3022 5442 3037 5479; x_wconf 90' lang='lat'><strong>:</strong></span> <span class='ocrx_word' id='word_1_803' title='bbox 3063 5432 3118 5480; x_wconf 89' lang='lat' dir='ltr'><strong>et</strong></span> <span class='ocrx_word' id='word_1_804' title='bbox 3144 5434 3506 5495; x_wconf 86' lang='lat' dir='ltr'><strong>paupertatem</strong></span> <span class='ocrx_word' id='word_1_805' title='bbox 3537 5426 3639 5496; x_wconf 87' lang='lat' dir='ltr'><strong>ipsi</strong></span> 
     </span>
    </p>
   </div>
   <div class='ocr_carea' id='block_1_114' title="bbox 2067 5514 3642 5588">
    <p class='ocr_par' dir='ltr' id='par_1_114' title="bbox 2067 5514 3642 5588">
     <span class='ocr_line' id='line_1_114' title="bbox 2067 5514 3642 5588; baseline 0.001 -15"><span class='ocrx_word' id='word_1_806' title='bbox 2067 5517 2259 5588; x_wconf 88' lang='lat' dir='ltr'><strong>probro</strong></span> <span class='ocrx_word' id='word_1_807' title='bbox 2302 5514 2499 5582; x_wconf 88' lang='lat' dir='ltr'><strong>vertit;</strong></span> <span class='ocrx_word' id='word_1_808' title='bbox 2533 5516 2632 5570; x_wconf 91' lang='lat' dir='ltr'><strong>hoc</strong></span> <span class='ocrx_word' id='word_1_809' title='bbox 2679 5515 2908 5570; x_wconf 88' lang='lat' dir='ltr'><strong>maxime</strong></span> <span class='ocrx_word' id='word_1_810' title='bbox 2945 5526 3256 5585; x_wconf 88' lang='lat' dir='ltr'><strong>argumento</strong></span> <span class='ocrx_word' id='word_1_811' title='bbox 3293 5516 3452 5573; x_wconf 78' lang='lat' dir='ltr'><strong>ﬁdem</strong></span> <span class='ocrx_word' id='word_1_812' title='bbox 3482 5516 3642 5576; x_wconf 84' lang='lat' dir='ltr'><strong>dictis</strong></span> 
     </span>
    </p>
   </div>
   <div class='ocr_carea' id='block_1_115' title="bbox 2062 5604 3637 5677">
    <p class='ocr_par' dir='ltr' id='par_1_115' title="bbox 2062 5604 3637 5677">
     <span class='ocr_line' id='line_1_115' title="bbox 2062 5604 3637 5677; baseline 0.001 -14"><span class='ocrx_word' id='word_1_813' title='bbox 2062 5610 2283 5675; x_wconf 83' lang='lat' dir='ltr'><strong>faciens,</strong></span> <span class='ocrx_word' id='word_1_814' title='bbox 2316 5606 2454 5677; x_wconf 91' lang='lat' dir='ltr'><strong>quod</strong></span> <span class='ocrx_word' id='word_1_815' title='bbox 2482 5606 2613 5661; x_wconf 90' lang='lat' dir='ltr'><strong>nihil</strong></span> <span class='ocrx_word' id='word_1_816' title='bbox 2642 5605 2694 5660; x_wconf 93' lang='lat' dir='ltr'><strong>in</strong></span> <span class='ocrx_word' id='word_1_817' title='bbox 2727 5604 2993 5661; x_wconf 87' lang='lat' dir='ltr'><strong>thesauris</strong></span> <span class='ocrx_word' id='word_1_818' title='bbox 3024 5605 3357 5662; x_wconf 90' lang='lat' dir='ltr'><strong>reconditum</strong></span> <span class='ocrx_word' id='word_1_819' title='bbox 3386 5605 3637 5664; x_wconf 89' lang='lat' dir='ltr'><strong>haberet.</strong></span> 
     </span>
    </p>
   </div>
   <div class='ocr_carea' id='block_1_116' title="bbox 2061 5696 3641 5770">
    <p class='ocr_par' dir='ltr' id='par_1_116' title="bbox 2061 5696 3641 5770">
     <span class='ocr_line' id='line_1_116' title="bbox 2061 5696 3641 5770; baseline -0.001 -14"><span class='ocrx_word' id='word_1_820' title='bbox 2061 5703 2127 5756; x_wconf 83' lang='lat' dir='ltr'><strong>At</strong></span> <span class='ocrx_word' id='word_1_821' title='bbox 2162 5699 2251 5756; x_wconf 89' lang='lat' dir='ltr'><strong>ille</strong></span> <span class='ocrx_word' id='word_1_822' title='bbox 2287 5715 2378 5757; x_wconf 89' lang='lat' dir='ltr'><strong>eos</strong></span> <span class='ocrx_word' id='word_1_823' title='bbox 2417 5699 2506 5770; x_wconf 89' lang='lat' dir='ltr'><strong>qui</strong></span> <span class='ocrx_word' id='word_1_824' title='bbox 2549 5700 2615 5755; x_wconf 84' lang='lat' dir='ltr'><strong>ab</strong></span> <span class='ocrx_word' id='word_1_825' title='bbox 2656 5696 2975 5769; x_wconf 85' lang='lat' dir='ltr'><strong>imperatore</strong></span> <span class='ocrx_word' id='word_1_826' title='bbox 3016 5705 3273 5753; x_wconf 89' lang='lat' dir='ltr'><strong>venerant</strong></span> <span class='ocrx_word' id='word_1_827' title='bbox 3309 5698 3537 5770; x_wconf 83' lang='lat' dir='ltr'><strong>rogavit,</strong></span> <span class='ocrx_word' id='word_1_828' title='bbox 3580 5708 3641 5762; x_wconf 85' lang='lat' dir='ltr'><strong>ut</strong></span> 
     </span>
    </p>
   </div>
  </div>
