3876 6218
214 328 271 385 17
1272 323 1359 380 DE
1399 322 1559 381 VITA
1589 322 2039 381 CONSTANTINI
2078 323 2280 380 LIBER
2319 325 2359 380 i.
3383 318 3450 375 l8

212 440 333 513 apud
359 456 415 497 se
439 440 828 512 aliquantisper
851 440 1041 496 morari
1074 439 1288 496 vellent.
1320 437 1519 494 Deinde
1543 451 1610 494 es
1636 452 1756 493 om-
1783 441 1836 499 Α
1859 438 2053 508 rempti
2091 447 2304 503 essent;
2334 438 2574 507 aliusque
2602 438 2655 493 in
2690 437 2854 505 lianc,
2893 438 3027 494 alios
3056 438 3107 492 in
3141 437 3285 492 illam
3318 452 3443 507 par-

213 533 351 589 nibus
376 530 660 600 provinciis
681 545 802 601 qua:
830 530 994 598 ipsius
1020 530 1245 600 imperio
1274 528 1532 599 parebant
1560 541 1761 584 convo-

212 632 316 677 cato
337 620 744 691 opulentissimo
781 634 990 691 quoque
1015 661 1030 684 ,
1062 634 1122 675 se
1148 619 1371 689 pecunia
1399 632 1535 688 opus
1565 618 1764 673 habere

212 710 270 767 iis
304 709 631 779 significavit;
678 709 919 777 hancque
959 710 1293 765 occasionem
1338 707 1572 764 oblatam
1610 723 1758 775 esse,

212 816 300 872 qua
345 817 488 857 suam
542 802 768 872 quisque
812 816 937 873 erga
993 802 1284 871 principem
1334 800 1759 856 benevolentiam

212 903 381 964 sponte
416 894 687 950 declarare
727 892 966 948 deberet.
1000 892 1080 947 illi
1112 907 1262 957 vero,
1296 902 1478 960 utpote
1505 893 1593 962 qui
1618 892 1758 962 jam-

213 985 393 1057 pridem
434 987 485 1041 in
523 988 660 1043 v0tis
691 986 1017 1051 habuissent,
1050 994 1108 1041 ut
1133 1002 1285 1041 suum
1315 1002 1440 1057 erga
1473 986 1622 1041 illum
1650 996 1763 1044 stu-

212 1076 337 1131 dium
380 1076 693 1132 testiiicandi
734 1076 1018 1148 aliquando
1061 1075 1347 1132 offerretur
1375 1077 1626 1132 occasio:
1659 1078 1760 1131 hoc

212 1169 372 1225 audito
394 1212 409 1235 ,
440 1170 717 1225 confestim
765 1184 895 1225 auro
915 1209 931 1233 ,
962 1178 1183 1239 argento
1220 1184 1285 1224 ac
1328 1168 1545 1236 reliquis
1570 1168 1760 1237 Opibus

212 1259 467 1316 thesauros
506 1262 624 1331 ejus
669 1262 1071 1331 compleverunt
1112 1280 1125 1315 :
1172 1260 1455 1315 ambitiose
1494 1268 1760 1315 certantes

210 1352 333 1408 inter
357 1368 433 1418 se,
464 1362 521 1408 ut
549 1368 608 1409 se
647 1354 873 1409 invicem
904 1352 955 1408 in
991 1352 1264 1423 largiendo
1288 1359 1645 1423 superarent:
1677 1352 1760 1408 id-

210 1458 302 1514 que
336 1443 453 1499 ia:to
482 1453 642 1514 atque
666 1443 818 1498 hilari
846 1444 993 1498 vultu
1028 1458 1217 1499 omnes
1249 1443 1564 1513 praestitere.
1599 1443 1754 1499 Post—

209 1531 309 1587 btec
350 1534 685 1590 Constantius
725 1535 967 1591 homines
1009 1550 1038 1589 a
1078 1536 1288 1591 seniore
1332 1538 1569 1605 Augusto
1596 1533 1661 1588 ad
1700 1549 1762 1590 se

209 1624 398 1691 missos,
427 1626 795 1681 thesaurorum
823 1640 1039 1681 suorum
1067 1635 1399 1694 spectatores
1426 1638 1547 1680 esse
1569 1625 1755 1694 jussit,

206 1723 252 1772 et
276 1730 333 1771 ea
366 1732 481 1787 quae
520 1718 780 1773 vidissent
809 1719 1136 1775 renuntiare.
1177 1718 1249 1774 Se
1285 1717 1497 1789 quidem
1540 1718 1755 1787 imprae.

1866 536 1973 584 tem
2018 529 2395 595 discessisset;
2439 539 2493 585 et
2545 530 2963 600 uniuscujusque
3008 533 3334 600 propositum
3380 544 3443 585 ac

1864 621 2129 675 sententia
2163 620 2439 690 explorata
2482 620 2709 675 luisset:
2757 628 2883 675 tunc
2925 620 3150 675 eximius
3195 620 3443 691 princeps

1863 710 2144 765 consilium
2175 725 2329 766 suum
2374 709 2515 780 quod
2558 710 2816 766 hactenus
2861 712 3117 777 latuerat,
3148 711 3439 781 detegens,

1865 800 2078 855 illorum
2108 801 2322 871 quidem
2354 800 2690 856 timiditatem
2732 817 2795 855 ac
2831 802 3049 856 nimium
3094 803 3176 855 sui
3204 802 3437 871 ipsorum

1864 906 2100 946 amorem
2131 891 2545 947 condemnavit:
2582 890 2683 947 lius
2706 907 2836 946 vero
2864 892 2933 946 ob
2962 892 3208 946 dev0tam
3258 892 3439 946 divino

1866 980 2069 1035 numini
2096 980 2480 1035 conscientiam
2510 996 2831 1051 magnopere
2860 982 3122 1050 probavit.
3145 982 3222 1037 Ac
3246 981 3439 1039 deinde

1862 1070 1983 1126 illos
2013 1072 2224 1142 quidem
2271 1081 2519 1143 tanquam
2570 1072 2662 1127 Dei
2710 1073 3041 1143 proditores,
3070 1090 3139 1128 ne
3185 1075 3439 1145 principis

1861 1160 2074 1229 quidem
2120 1161 2377 1231 obsequio
2414 1161 2603 1231 dignos
2640 1162 2917 1231 judicavit.
2966 1162 3095 1217 Nam
3128 1164 3432 1234 quomodo.

1863 1251 2069 1322 inquit,
2104 1250 2261 1307 iidem
2293 1268 2417 1324 erga
2460 1254 2749 1322 principem
2787 1268 2942 1307 suum
2988 1258 3247 1309 servaturi
3285 1266 3433 1323 sunt,

1861 1344 1949 1414 qui
1978 1359 2101 1413 erga
2134 1346 2297 1399 Deum
2329 1344 2515 1414 perlidi
2560 1359 2680 1399 esse
2720 1345 3227 1415 deprehenduntur?
3255 1346 3437 1417 itaque

1861 1433 2121 1503 ejusmodi
2162 1436 2305 1489 viros
2360 1451 2391 1490 a
2437 1436 2597 1504 regiis
2638 1436 2844 1490 aedibus
2889 1439 3074 1506 procul
3112 1440 3435 1509 ablegandos

1860 1538 1981 1580 esse
2006 1527 2233 1580 censuit.
2268 1524 2392 1580 illos
2427 1541 2553 1580 vero
2585 1540 2719 1595 quos
2767 1526 2875 1580 Deo
2919 1528 3106 1597 dignos
3141 1544 3259 1583 esse
3298 1531 3439 1585 veri-

1863 1616 1983 1669 tatis
2014 1616 2179 1685 ipsius
2210 1617 2513 1672 testimonio
2555 1627 2850 1683 constaret,
2901 1621 3088 1674 eodem
3115 1636 3239 1690 erga
3284 1623 3429 1691 priu-

1862 1705 2032 1774 cipeni
2065 1706 2241 1759 animo
2270 1705 2474 1760 futuros
2506 1722 2623 1762 esse
2652 1706 2957 1773 afﬁrmans,
2992 1718 3322 1777 protectores
3352 1722 3436 1766 at-

210 1808 478 1863 ;cnuamm
524 1807 637 1863 [me
677 1808 816 1878 apud
846 1824 905 1865 se
945 1802 1350 1880 congregasse;
1396 1817 1650 1863 επιεηιη,
1699 1824 1762 1864 θα
1792 1808 1971 1868 Bque
2029 1796 2236 1864 imperii
2298 1796 2465 1866 ipsius
2518 1798 2767 1852 custodes
2814 1801 3124 1865 constituit;
3175 1802 3436 1870 ejusmodi

202 1900 498 1969 jampridem
538 1901 675 1969 apud
717 1901 861 1970 ipsos
895 1900 1142 1956 dominos
1179 1910 1427 1970 tanquam
1454 1900 1593 1969 apud
1625 1898 1757 1954 lidos

204 1989 541 2057 depositarum
580 2006 740 2061 opum
784 1989 1033 2046 custodes
1058 1990 1155 2045 sibi
1196 1989 1417 2045 servari.
1447 1989 1514 2043 Et
1551 1989 1603 2042 hi
1634 1987 1757 2058 qui-

205 2079 311 2134 dem
334 2079 683 2136 admiratione
715 2081 876 2150 hujus
904 2081 983 2136 rei
1016 2082 1245 2151 perculsi
1282 2089 1406 2135 sunt
1437 2098 1450 2134 :
1481 2080 1755 2134 humanis-

204 2170 351 2224 simus
383 2179 559 2226 autem
601 2172 849 2241 princeps
890 2180 1008 2239 post
1047 2186 1234 2226 eorum
1272 2169 1564 2225 discessum
1594 2183 1756 2239 opum

205 2259 427 2316 dominos
473 2264 729 2318 accivisse
769 2264 963 2319 dicitur
996 2282 1009 2319 :
1048 2274 1103 2319 et
1136 2263 1393 2334 obsequio
1443 2261 1652 2317 illorum
1694 2276 1758 2317 ac

204 2353 363 2408 studio
388 2368 514 2424 erga
546 2369 605 2410 se
645 2370 964 2425 magnopere
990 2356 1223 2422 laudato,
1260 2355 1484 2423 iussisse
1513 2363 1571 2409 ut
1596 2368 1759 2410 cunc-

206 2442 266 2496 tis
304 2443 489 2513 opibus
527 2445 637 2498 suis
679 2446 907 2515 receptis
946 2447 1159 2500 domum
1205 2454 1617 2500 reverterentur.
1648 2444 1759 2500 Hoc

205 2534 348 2605 igitur
373 2552 535 2591 unum
573 2537 713 2591 illius
751 2537 1005 2606 principis
1042 2536 1245 2591 facinus
1283 2544 1396 2599 est,
1436 2549 1542 2605 quo
1578 2535 1761 2604 singu-

206 2623 319 2679 laris
360 2627 472 2695 ejus
510 2627 808 2682 humanitas
848 2627 1127 2697 perspicue
1162 2626 1479 2680 deciaratur.
1514 2624 1758 2681 Alterum

206 2714 409 2785 facinus,
459 2719 667 2775 illustre
711 2719 828 2788 ejus
872 2734 997 2789 erga
1045 2718 1209 2773 Deum
1254 2716 1466 2785 pietatis
1510 2714 1758 2771 indicium

207 2808 408 2877 praebet.

820 2896 1045 2954 CAPUT
1071 2895 1188 2952 XV.

486 3006 567 3062 De
592 3008 932 3078 persecutione
952 3006 1015 3060 ab
1044 3007 1159 3060 aliis
1186 3006 1453 3066 concitato.

267 3115 518 3174 Pmsides
541 3117 932 3188 provinciarum
961 3131 1056 3185 per
1077 3116 1379 3171 universum
1406 3115 1588 3170 orbem
1614 3112 1758 3169 viros

209 3205 365 3261 divino
391 3208 563 3263 cultui
604 3208 810 3263 deditos
853 3208 1228 3277 imperatorum
1268 3206 1420 3276 jussu
1468 3220 1755 3274 perseque-

211 3295 396 3354 bantur.
435 3299 709 3368 Primique
738 3298 975 3353 omnium
1006 3312 1073 3352 ex
1109 3297 1238 3364 ipsis
1272 3294 1635 3365 imperialibus
1665 3309 1759 3363 pa-

213 3388 330 3444 latiis
367 3389 640 3461 progressi
669 3389 760 3444 Dei
800 3388 1149 3443 amantissimi
1196 3399 1475 3456 martyres.
1509 3401 1605 3455 pro
1627 3386 1757 3440 reii-

210 3480 343 3550 gione
370 3482 666 3535 certamina
692 3480 968 3543 obierunt;
995 3480 1167 3548 ignem
1195 3486 1247 3531 et
1269 3476 1472 3546 gladios
1494 3476 1759 3545 marisque

210 3569 467 3625 altissimos
512 3572 779 3640 gurgites,
827 3577 881 3623 et
921 3577 1110 3622 cuncta
1149 3566 1335 3621 mortis
1359 3578 1556 3634 genera
1597 3564 1757 3618 alacri

212 3660 366 3713 animo
384 3659 650 3729 perpessi.
676 3659 823 3713 Adeo
845 3670 898 3710 ut
930 3658 1073 3711 brevi
1103 3656 1355 3724 temporis
1376 3656 1545 3722 spatio
1571 3664 1758 3707 cuncta

211 3753 573 3819 imperatorum
630 3751 821 3820 palatia
880 3749 1171 3804 cultoribus
1238 3748 1326 3801 Dei
1376 3747 1584 3800 viduata
1630 3748 1755 3801 sint.

211 3840 310 3909 Quo
337 3843 567 3896 maxime
596 3840 786 3895 factum
817 3851 897 3895 est
918 3880 932 3904 ,
964 3849 1019 3892 ut
1058 3838 1211 3908 hujus
1249 3838 1469 3892 sceleris
1492 3848 1756 3901 auctores,

212 3930 288 3985 Dei
312 3931 598 4003 praesentia
627 3940 785 4001 atque
808 3929 1008 3983 auxilio
1047 3928 1216 3982 orbati
1244 3936 1598 3981 remanerent.
1628 3926 1758 3979 Dum

211 4022 331 4076 enim
358 4024 595 4077 cultores
635 4021 798 4075 divini
849 4018 1077 4074 numinis
1128 4027 1544 4087 persequuntur,
1573 4015 1760 4071 eadem

208 4133 349 4188 opera
398 4119 737 4192 precationes
791 4134 886 4188 pro
932 4115 1231 4185 semetipsis
1269 4113 1381 4168 lieri
1410 4111 1591 4166 solitas
1635 4113 1758 4166 abe-

208 4220 390 4279 gerunt.

770 4298 996 4354 CAPUT
1034 4295 1171 4351 XVI.

214 4410 457 4477 Quomodo
488 4413 852 4468 Constantinus
891 4407 1143 4463 simulans
1171 4422 1224 4461 se
1258 4405 1529 4460 simulacra
1573 4406 1757 4469 colere,

265 4523 341 4560 eos
365 4508 577 4577 quidem
610 4506 693 4575 qui
730 4503 1019 4571 sacriﬁcare
1063 4501 1229 4570 parati
1278 4508 1441 4553 essent
1471 4498 1759 4569 expulerit:
1783 4529 1841 4590 Β

265 4599 370 4652 illos
410 4615 530 4653 vero
560 4599 648 4665 qui
676 4613 728 4651 se
755 4595 1068 4650 Christianos
1096 4592 1325 4662 profiteri
1356 4590 1672 4657 maluissent,
1702 4591 1757 4644 in

264 4694 442 4761 palatio
470 4692 755 4747 retinuerit.

264 4800 369 4856 Soli
393 4800 710 4857 Constantio
734 4799 944 4869 sapiens
986 4796 1251 4869 quoddam
1288 4793 1570 4851 consilium
1614 4794 1761 4849 venit

204 4893 250 4947 in
274 4905 527 4949 mentem.
551 4894 719 4949 Acres
740 4892 952 4961 quidem
983 4893 1093 4960 ipsa
1124 4904 1281 4960 quam
1310 4887 1475 4957 gessit
1498 4884 1757 4940 mirabilis

204 4992 278 5037 est
301 4985 520 5047 auditu;
550 4986 687 5038 iactu
717 4992 891 5038 tamen
918 4983 1076 5051 longe
1100 4976 1477 5035 admirabilior.
1504 4975 1759 5031 Palatinis

203 5078 434 5132 omnibus
469 5077 561 5147 qui
598 5077 650 5131 in
678 5076 846 5145 ipsius
871 5074 992 5130 aula
1030 5072 1358 5135 militabant,
1388 5068 1457 5125 ad
1496 5069 1642 5139 ipsos
1666 5082 1759 5123 us-

203 5180 299 5235 que
318 5167 530 5236 iudices
553 5167 604 5221 in
635 5166 858 5220 summis
888 5163 1238 5232 potestatibus
1263 5160 1609 5224 constitutos,
1636 5158 1759 5212 data

202 5254 417 5324 eligendi
448 5264 628 5310 utrum
661 5254 881 5308 mallent
922 5252 1167 5306 facultate
1188 5292 1202 5313 .
1234 5250 1370 5304 hanc
1397 5247 1760 5304 conditionem

204 5341 383 5398 detulit
410 5388 425 5411 ,
452 5355 515 5399 ut
540 5344 800 5415 siquidem
829 5343 1163 5397 daemonibus
1199 5339 1618 5405 sacriﬁcassent,
1651 5351 1764 5392 ma-

204 5452 321 5494 sere
346 5438 481 5507 ipsis
510 5438 561 5491 in
589 5435 788 5506 palatio
812 5443 867 5489 et
892 5433 1157 5489 consuetis
1189 5430 1481 5487 honoribus
1505 5429 1609 5485 frui
1635 5428 1765 5484 lice-

203 5536 313 5583 ret:
352 5527 398 5582 si
441 5541 571 5582 vero
617 5526 669 5580 id
710 5524 887 5579 facere
924 5523 1259 5586 renuisscnt,
1307 5520 1375 5575 ab
1413 5519 1576 5588 ipsius
1617 5518 1765 5573 aditu

201 5618 632 5685 excluderentur,
650 5626 706 5673 et
729 5619 797 5673 ab
823 5617 989 5687 ipsius
1014 5614 1196 5670 notitia
1223 5614 1655 5670 acfamiliaritate
1680 5628 1767 5670 ree

207 5708 327 5763 moti
371 5708 734 5767 discederent.
767 5705 899 5762 Cum
947 5720 1075 5775 ergo
1117 5705 1352 5762 universi
1392 5703 1637 5759 bifariam
1683 5704 1766 5757 dia

1782 3161 1830 3225 C

1859 1886 2102 1941 homines
2142 1887 2281 1942 inter
2311 1889 2608 1959 praecipuos
2652 1890 2941 1943 amicorum
2975 1899 3028 1944 et
3070 1892 3298 1947 maxime
3338 1909 3435 1949 nec

1858 1979 2118 2033 cessarios
2173 1979 2448 2035 habendus
2512 1996 2632 2037 esse
2690 1982 2897 2047 dicens,
2954 1984 3225 2053 multoque
3270 1985 3436 2054 pluris

1859 2071 2201 2127 :cstitnandos
2227 2088 2384 2143 quam
2418 2074 2767 2129 maximarum
2799 2091 2958 2147 opum
2990 2077 3289 2133 thesauros.

2428 2186 2653 2243 CAPUT
2692 2186 2851 2242 XVII.

1866 2273 1938 2330 De
1964 2275 2149 2342 allectu
2187 2287 2232 2331 et
2260 2294 2431 2333 amore
2460 2279 2686 2349 ejusdem
2713 2278 2992 2335 Constantii
3016 2298 3135 2352 ergo
3158 2282 3433 2338 Christum.

1934 2385 2247 2456 Hujusmodi
2304 2390 2401 2443 fuit
2444 2387 2776 2444 Constantini
2824 2401 2971 2459 pater
3018 2392 3154 2445 sicut
3206 2407 3234 2445 a
3282 2392 3438 2447 nobis

1862 2476 2093 2533 breviter
2133 2480 2422 2535 indicatum
2451 2490 2551 2534 est.
2582 2481 2762 2547 Qualis
2800 2492 2978 2536 autem
3006 2484 3180 2537 exitus
3212 2482 3331 2537 vitae
3360 2482 3434 2538 illi

1862 2568 2165 2637 contigerit,
2213 2584 2337 2624 cum
2378 2584 2437 2625 sc
2478 2570 2639 2625 talem
2679 2586 2802 2641 erga
2850 2571 3014 2626 Deum
3065 2573 3434 2640 praestitisset,

1861 2669 2223 2728 quantumque
2260 2660 2546 2715 discrimen
2589 2660 2727 2715 inter
2771 2660 2921 2714 illum
2963 2671 3018 2717 et
3064 2663 3295 2732 reliquos
3336 2662 3436 2717 im-

1864 2752 1996 2821 perii
2036 2762 2314 2805 consortes
2344 2752 2389 2806 is
2418 2767 2576 2820 quem
2604 2751 2842 2806 coluerat
2870 2752 3010 2805 Deus
3040 2766 3157 2807 esse
3184 2752 3435 2821 voluerit,

1862 2844 2102 2914 quisquis
2130 2859 2242 2897 rem
2286 2846 2454 2913 ipsam
2482 2845 2733 2899 attentius
2774 2845 3120 2913 expendet-it,
3168 2844 3320 2900 facile
3346 2862 3438 2901 co—

1863 2942 2099 3003 gnoscet.
2129 2933 2416 3003 Postquam
2439 2934 2580 2988 enim
2612 2933 2774 2987 multa
2807 2938 2967 3004 regite
3001 2934 3209 2989 virtutis
3244 2935 3435 2990 indicia

1861 3024 2159 3079 diutissime
2188 3023 2532 3093 praebuisset,
2569 3038 2729 3077 unum
2758 3024 2970 3093 quidem
3012 3040 3279 3079 summum
3320 3041 3435 3081 om-

1863 3118 2007 3171 nium
2037 3116 2199 3170 Deum
2227 3129 2542 3184 agnoscens,
2571 3130 2755 3169 eorum
2778 3130 2905 3170 vero
2942 3116 3029 3185 qtti
3062 3117 3242 3185 plures
3272 3117 3431 3183 Deos,

1862 3207 2098 3262 colerent
2128 3204 2449 3273 impietatem
2478 3203 2843 3259 condemnatis
2862 3246 2876 3269 ,
2904 3213 2957 3259 et
2984 3216 3287 3259 sanctorum
3333 3206 3431 3257 ho-

1864 3304 2065 3356 minum
2107 3301 2505 3371 precationibus
2541 3299 2757 3354 domum
2799 3314 2948 3353 suam
2996 3300 3223 3368 nudique
3262 3299 3434 3353 muni-

1861 3392 2056 3456 visset,
2100 3391 2361 3460 reliquum
2390 3389 2644 3457 deinceps
2676 3390 2796 3443 vita:
2839 3399 3047 3458 tempus
3085 3390 3331 3459 expedite
3369 3407 3433 3446 ac

1866 3484 2146 3553 tranquille
2184 3497 2389 3535 summa
2416 3496 2536 3535 cum
2565 3481 2729 3549 gloria
2754 3482 2994 3549 exegisse
3018 3480 3212 3534 dicitur
3237 3496 3249 3532 :
3285 3495 3432 3534 coui-

1865 3590 1959 3645 pos
1985 3576 2099 3643 ejus
2126 3573 2390 3627 felicitatis
2415 3587 2571 3641 quam
2602 3571 2756 3640 vulgo
2786 3572 3066 3639 perhibent
3096 3572 3146 3625 in
3177 3587 3241 3625 eo
3283 3577 3433 3642 post:

1867 3673 1971 3717 tam
2012 3676 2149 3726 esse,
2188 3672 2243 3714 ut
2271 3676 2442 3729 neque
2485 3662 2551 3713 ab
2590 3661 2705 3713 aliis
2750 3660 3041 3713 aiiiciamur
3081 3676 3255 3730 neque
3300 3663 3433 3717 alios

1864 3752 1963 3822 ipsi
1989 3750 2282 3806 afficiamus
2313 3750 2573 3804 moleStia.
2601 3749 2681 3804 Ad
2710 3749 2848 3802 hunc
2890 3749 3046 3817 igitur
3075 3750 3288 3804 modum
3320 3759 3431 3807 toto

1864 3844 2069 3911 imperii
2119 3842 2197 3896 sui
2247 3851 2519 3910 tempore.
2564 3839 2705 3909 quod
2758 3841 3019 3906 aequabile
3065 3852 3317 3909 perpetuo
3367 3857 3431 3897 ac

1864 3934 2127 4003 placidum
2173 3932 2303 3996 fuit,
2334 3934 2637 3986 universam
2682 3930 2968 3994 familiam,
3014 3932 3292 4001 conjugem
3322 3933 3430 3989 sci-

1864 4024 1988 4079 licet
2013 4039 2075 4078 ac
2100 4023 2294 4077 liberos
2319 4038 2438 4077 cum
2469 4023 2713 4075 omnibus
2741 4020 3028 4083 ministris,
3074 4023 3160 4074 uni
3193 4022 3432 4077 omnium

1865 4116 1993 4185 Regi
2027 4116 2135 4170 Deo
2166 4114 2515 4170 consecravit.
2545 4113 2692 4167 Adeo
2723 4123 2778 4165 ut
2808 4112 3089 4166 multitudo
3118 4128 3299 4166 eorum
3342 4114 3432 4182 qui

1864 4210 1917 4265 in
1946 4210 2111 4278 ipsius
2138 4207 2332 4275 palatio
2358 4205 2514 4259 simul
2554 4206 2919 4266 versabantur,
2963 4203 3103 4257 nulla
3135 4218 3191 4257 re
3215 4203 3283 4257 ab
3324 4204 3429 4258 Ec-

1863 4300 2026 4355 clesia
2071 4298 2161 4351 Dei
2187 4296 2444 4351 diiferret.
2480 4295 2623 4348 inter
2651 4308 2784 4362 quos
2823 4302 2975 4359 erant
3004 4292 3162 4345 etiam
3204 4291 3434 4347 ministri

1866 4390 1981 4452 Dei,
2008 4388 2098 4458 qui
2126 4386 2393 4442 continuis
2423 4382 2816 4452 precationibus
2858 4396 2954 4450 pro
2983 4381 3151 4435 salute
3181 4380 3434 4450 principis

1868 4480 2031 4533 Deum
2082 4476 2506 4531 venerabantur:
2553 4488 2675 4527 eum
2708 4482 2881 4525 tamen
2930 4471 3084 4540 vulgo
3130 4470 3269 4539 apud
3296 4470 3433 4525 alios

1866 4584 1932 4624 ne
1962 4570 2132 4637 ipsum
2173 4566 2387 4637 quidem
2421 4564 2512 4619 Dei
2555 4564 2811 4618 cultorem
2858 4577 3049 4617 nomen
3083 4562 3319 4632 proferre
3354 4560 3434 4617 fas

1862 4670 2022 4719 8889!.

2418 4745 2644 4802 CAPUT
2676 4745 2859 4801 XVIII.

1874 4862 2024 4930 Quod
2072 4868 2183 4931 post
2237 4856 2607 4913 abdicationem
2654 4854 2959 4909 Diocletiani
3001 4863 3047 4908 et
3089 4853 3432 4922 Maximiani,

1935 4952 2257 5010 Constantius
2287 4951 2479 5020 primus
2516 4948 2774 5016 Augustus
2815 4948 2953 5019 fuit,
2988 4963 3255 5001 numerosa
3294 4946 3436 5016 prole

1934 5043 2168 5114 insignis.

1935 5160 2102 5215 Porro
2129 5174 2218 5214 eas
2260 5156 2329 5213 ob
2374 5171 2460 5212 res
2507 5168 2615 5209 non
2664 5152 2754 5208 diu
2800 5156 3024 5222 posthac
3060 5149 3360 5206 mercedem
3403 5165 3438 5205 a

1867 5250 1977 5305 Deo
2007 5256 2088 5304 est
2112 5254 2469 5303 consecutus:
2517 5246 2571 5299 in
2620 5252 2826 5298 tantum
2858 5250 2915 5296 ut
2952 5241 3180 5311 primum
3226 5238 3442 5311 imperii

1866 5342 2044 5397 locum
2085 5340 2370 5395 obtineret.
2414 5335 2546 5392 Nam
2576 5350 2698 5391 cum
2737 5334 2976 5388 seniores
3004 5331 3225 5403 Augusti
3255 5329 3441 5385 nescio

1868 5446 1977 5502 quo
2016 5437 2170 5500 pacto
2213 5428 2439 5497 imperio
2484 5442 2543 5482 se
2586 5424 2957 5488 abdicassent,
3003 5438 3121 5493 quae
3164 5422 3443 5491 repentina

1868 5522 2093 5578 mutatio
2119 5520 2363 5589 proximo
2406 5526 2523 5586 post
2558 5515 2906 5571 ecclesiarum
2936 5514 3268 5569 eversionem
3300 5524 3442 5566 anno

1868 5612 1974 5668 iiiis
2017 5610 2265 5682 contigit;
2298 5608 2444 5663 solus
2486 5607 2680 5663 exinde
2716 5604 3062 5660 Constantius
3093 5604 3291 5674 primus
3330 5603 3442 5658 Au-

1871 5710 2054 5771 gustus
2081 5699 2415 5757 renuntiatus
2446 5707 2549 5754 est.
2588 5694 2690 5764 Qui
2730 5694 2883 5749 initio
2913 5694 3127 5766 quidem
3171 5693 3449 5754 Causarum
