3876 6218
408 334 467 389 19
1710 327 1976 385 EUSEBII
2017 328 2335 383 PAMPHILI
3597 323 3670 378 ΞΩ

410 448 709 504 diademate
752 463 871 502 eum
904 446 1116 501 Galerio
1170 447 1450 510 decoratus
1492 445 1727 513 priorem
1765 441 1986 513 gradum
2017 443 2065 501 Α
2092 440 2407 495 Constantio
2437 440 2536 493 sub
2570 440 2708 494 idem
2758 448 2966 508 tempus
3012 438 3225 492 ultimus
3258 437 3377 490 vitae
3418 438 3530 493 dics
3574 442 3671 491 ῑηιο

412 547 751 601 obtinuerat:
787 554 966 614 postea
1010 559 1137 598 vero
1177 558 1298 598 enm
1342 543 1392 596 in
1434 542 1515 595 illa
1546 539 1771 593 Caesaris
1812 537 1987 607 digni-

414 648 521 692 tate
568 637 836 707 egregium
897 637 975 688 sui
1027 636 1294 703 Specimen
1356 631 1656 695 edidisset,
1720 645 1987 684 summum

417 730 555 800 apud
591 729 861 785 Romanus
892 728 1111 782 honoris
1147 726 1411 796 fastigium
1458 723 1680 792 adeptus
1708 730 1820 786 est;
1852 720 1993 775 inter

411 832 637 890 quatuor
677 820 764 888 qui
797 818 1132 887 postmodum
1174 817 1435 884 designati
1464 822 1621 879 sunt,
1656 812 1856 882 primus
1884 813 1993 865 Au-

415 920 599 981 gustus
651 911 965 980 appellatus.
1015 909 1123 964 Sed
1164 918 1212 963 et
1262 920 1561 961 numerosa:
1606 904 1809 957 sobolis
1857 916 1994 972 pra:-

410 1005 604 1059 stantia
635 1003 869 1071 reliquos
916 1003 1265 1070 imperatores
1299 996 1601 1066 superavit,
1642 994 1883 1048 maximo
1931 992 1994 1045 Ii-

410 1095 658 1149 berOrum
686 1095 958 1163 utriusque
980 1106 1140 1147 sexus
1162 1090 1327 1144 choro
1349 1088 1725 1144 circumdatus.
1755 1086 1992 1153 Denique

417 1202 536 1241 cum
563 1186 612 1239 itt
645 1195 884 1239 extrema
916 1192 1190 1237 senectute
1213 1184 1435 1252 positus,
1465 1180 1702 1236 debitum
1726 1178 1993 1233 communi

414 1290 617 1333 natura:
662 1279 1027 1348 persolutio-ns
1071 1287 1229 1345 atque
1276 1290 1337 1330 ex
1388 1274 1485 1328 hac
1527 1274 1644 1327 luce
1676 1271 1993 1341 migraturus

412 1379 584 1435 esset,
624 1370 691 1422 ibi
729 1370 864 1423 UClti
898 1367 1266 1421 admirabilem
1313 1366 1601 1435 potentiam
1649 1375 1800 1417 suam
1824 1364 1873 1416 ei
1901 1360 1993 1416 de-

410 1475 517 1513 nuo
543 1460 823 1524 exbibcns,
856 1458 1086 1528 providit
1112 1466 1169 1510 ut
1192 1456 1418 1510 ﬁliorum
1463 1455 1629 1524 ipsius
1655 1462 1782 1506 natu
1822 1452 1995 1506 maxi-

412 1566 530 1605 mus
560 1550 940 1605 Constantinus
967 1550 1185 1619 jamjam
1217 1548 1473 1603 morituro
1514 1543 1581 1599 ad
1607 1542 1992 1615 capessendum

410 1640 687 1710 imperium
734 1649 926 1708 prtesto
969 1647 1126 1693 esset.

995 1751 1221 1807 CAPUT
1262 1748 1401 1804 XIX.

414 1850 490 1904 De
533 1849 642 1917 [ilia
680 1852 789 1920 ejus
830 1845 1181 1909 Constantino,
1224 1845 1309 1914 qui
1351 1842 1519 1896 adhuc
1558 1840 1849 1895 adolescens
1892 1855 1995 1893 una
2022 1815 2070 1874 Β

646 1956 759 1993 cum
799 1936 1118 1991 Diocletiano
1159 1936 1211 1988 in
1255 1934 1586 1989 Palaestinam
1627 1933 1776 1986 venit.

483 2052 687 2121 Quippe
718 2051 805 2105 hic
834 2065 935 2104 una
964 2064 1081 2104 cum
1116 2047 1523 2115 imperatoribus
1566 2046 1729 2113 patris
1762 2046 1840 2099 sui
1882 2045 1995 2099 col-

417 2146 546 2214 legis
597 2142 926 2207 versabatur,
970 2151 1022 2194 et
1062 2138 1507 2209 quemadmodum
1566 2146 1717 2191 vetus
1767 2137 1855 2191 ille
1899 2136 1991 2190 Dei

412 2234 671 2303 prepheta
716 2233 888 2287 Moses
930 2232 979 2285 in
1029 2229 1203 2284 medio
1238 2230 1484 2293 illorum,
1528 2227 1666 2281 sicut
1704 2227 1812 2295 jam
1853 2227 1993 2279 dixi-

410 2341 552 2389 mus,
600 2325 847 2393 degebat.
873 2322 1112 2390 Cumque
1160 2328 1421 2374 transacta
1468 2320 1688 2388 pueritia
1727 2321 1833 2385 jam
1865 2317 1995 2370 ado-

415 2419 680 2473 lescentia:
722 2432 889 2470 annos
920 2417 1193 2485 ingressus
1224 2422 1394 2476 esset,
1439 2428 1647 2468 summo
1694 2414 1746 2467 in
1789 2412 1995 2466 honore

411 2511 550 2580 apud
583 2526 740 2578 supra
786 2510 956 2561 dictos
999 2508 1351 2576 imperatores
1378 2513 1511 2559 erat.
1557 2504 1866 2572 Cujusmodi
1898 2518 1995 2557 nos

412 2620 622 2675 quoque
648 2618 770 2657 eum
800 2602 1047 2667 vidimus,
1091 2614 1211 2652 cum
1258 2614 1352 2668 per
1393 2597 1726 2651 Palaestinam
1775 2596 1991 2667 provin-

412 2696 546 2751 ciam
588 2694 838 2750 transiret
881 2708 982 2745 una
1016 2706 1135 2746 cum
1177 2691 1391 2744 seniore
1432 2690 1689 2756 Angusto.
1720 2688 1799 2741 Ad
1843 2686 1993 2756 cujus

413 2787 654 2840 dextram
689 2786 977 2849 assistens,
1009 2784 1214 2837 cunctis
1242 2782 1331 2850 qui
1362 2780 1572 2834 videndi
1614 2780 1881 2834 desiderio
1913 2790 1992 2833 te-

416 2878 680 2931 nebantur
728 2873 1195 2943 praestantissimus
1241 2872 1563 2942 apparebat,
1607 2880 1660 2926 et
1705 2872 1792 2940 qui
1834 2873 1994 2941 regia;

412 2968 685 3036 cujusdam
703 2966 1029 3021 celsitudinis
1059 2966 1217 3017 animi
1236 2967 1471 3033 jamtttm,
1488 2963 1678 3017 indicia
1708 2964 1990 3031 pr.eberet.

413 3060 541 3112 Natu
587 3063 725 3129 quod
768 3061 831 3113 ad
876 3056 1327 3127 pulchritudinem
1359 3068 1411 3108 et
1456 3056 1831 3124 proceritatem
1873 3070 1993 3110 cor-

2093 533 2345 587 miuebat.
2379 532 2478 596 Qui
2510 546 2629 585 cum
2677 530 2841 584 ﬁlium
2888 530 3156 599 insperato
3204 529 3301 582 sibi
3334 529 3521 584 adesse
3551 544 3671 582 cer-

2093 632 2265 688 neret,
2311 623 2449 677 lecto
2482 621 2729 685 exiliens,
2770 620 3029 674 ambabus
3060 620 3197 673 ulnis
3237 634 3357 673 eum
3396 619 3677 689 amplexus

2092 723 2175 768 est
2200 731 2211 765 :
2240 714 2483 782 hancque
2524 728 2685 766 unum
2713 726 2818 781 quo
2847 712 3137 781 angebatur
3166 709 3437 775 dolorem,
3483 725 3546 764 ex
3578 710 3674 763 ab-

2094 810 2263 860 sentia
2288 805 2492 860 scilicet
2522 804 2613 859 ﬁlii
2646 812 2959 874 conceptum
2983 846 2996 869 ,
3023 804 3130 873 jam
3163 818 3227 857 ex
3258 803 3435 856 animo
3466 802 3676 871 penitus

2094 910 2374 951 excussum
2403 910 2523 949 esse
2551 894 2845 961 afﬁrmans,
2873 894 3069 964 gratias
3104 893 3213 947 Deo
3244 894 3502 947 maximas
3533 893 3670 961 egit,

2096 990 2320 1060 posthac
2362 996 2586 1042 mortem
2637 989 2779 1042 onmi
2832 986 3230 1040 immortalitate
3272 986 3531 1053 potiorem
3573 985 3676 1041 sibi

2095 1094 2213 1134 esse
2264 1086 2505 1134 testatus.
2558 1078 2839 1147 DiSpositis
2890 1077 3080 1131 deinde
3136 1092 3200 1131 ex
3249 1075 3468 1130 arbitrio
3514 1075 3677 1130 rebus

2097 1173 2240 1237 suis,
2285 1180 2340 1227 et
2376 1171 2496 1225 vale
2537 1170 2677 1224 dicto
2719 1170 2899 1225 liberis
2931 1169 3043 1224 suis
3084 1170 3359 1239 utriusque
3389 1183 3545 1222 sexus
3582 1168 3673 1237 qni

2095 1264 2264 1317 instar
2296 1261 2569 1331 cujusdam
2592 1260 2743 1316 chori
2787 1265 2957 1330 ipsum
2989 1261 3224 1328 undique
3263 1260 3575 1331 cingebant;
3619 1260 3674 1314 in

2098 1353 2295 1422 palatio
2324 1364 2375 1407 et
2406 1350 2459 1406 in
2492 1352 2636 1422 regio
2665 1351 2822 1406 cubili
2849 1351 3065 1422 jacens,
3096 1350 3307 1418 imperii
3333 1348 3673 1404 administra-

2099 1446 2261 1512 tione,
2310 1454 2365 1499 ut
2406 1444 2661 1499 naturalis
2700 1444 2836 1500 ratio
2878 1443 3141 1515 postulat,
3184 1441 3292 1496 ﬁlio
3332 1452 3460 1496 natu
3498 1443 3671 1496 maxi-

2096 1551 2185 1590 mo
2223 1536 2275 1590 in
2318 1550 2513 1591 manus
2546 1535 2758 1602 tradita,
2802 1550 2865 1591 ex
2906 1535 3005 1590 hac
3048 1535 3162 1590 leuce
3202 1532 3464 1606 migravit.

2674 1646 2900 1703 CAPUT
2937 1646 3099 1702 XXII.

2100 1756 2366 1823 Quomodo
2397 1757 2530 1811 elato
2571 1756 2900 1823 Constantio,
2953 1757 3307 1811 Constantinus
3353 1774 3384 1810 α
3429 1755 3677 1811 militibus

2539 1848 2797 1918 Augustus
2817 1847 3101 1917 appellatus
3130 1848 3213 1901 sit.

2166 1956 2348 2027 Neque
2401 1970 2574 2014 tamen
2605 1957 2804 2013 idcirco
2829 1958 3030 2029 absque
3068 1959 3391 2027 imperatore
3416 1960 3679 2013 remansit

2096 2056 2432 2125 respublica,
2498 2058 2693 2127 quippe
2756 2054 3134 2112 Constantinus
3185 2068 3406 2128 paterna
3454 2066 3677 2115 ornatus

2098 2164 2365 2219 purpura,
2397 2161 2450 2205 et
2495 2166 2563 2205 ex
2616 2151 2849 2219 paternis
2897 2152 3100 2206 aedibus
3143 2166 3487 2222 progressus,
3533 2150 3678 2205 Con-

2098 2240 2349 2293 stantium
2378 2250 2583 2309 patrem
2615 2250 2861 2309 tanquam
2894 2242 3190 2296 redivivum
3237 2250 3290 2295 et
3333 2242 3385 2295 in
3414 2240 3524 2295 ﬁlio
3570 2238 3673 2294 ad-

2098 2329 2203 2384 huc
2260 2339 2571 2399 regnantem
2615 2332 2819 2385 cunctis
2878 2330 3134 2386 exhibuit.
3209 2329 3456 2385 Posthac
3514 2327 3677 2383 funus

2099 2433 2373 2491 paternum
2399 2424 2718 2478 antecedens
2744 2439 2864 2480 cum
2885 2423 3083 2493 ingenti
3116 2432 3452 2493 paternorum
3476 2423 3676 2477 amico—

2095 2529 2212 2567 rum
2242 2514 2579 2569 multitudine
2601 2556 2613 2579 ,
2644 2530 2870 2584 quorum
2896 2515 2982 2568 alii
3014 2514 3313 2579 anteibant,
3354 2512 3441 2566 alii
3485 2512 3660 2567 subse.

2098 2608 2430 2678 quebantur.
2509 2607 2867 2677 pulcherrimo
2931 2618 3186 2676 apparatu
3239 2606 3489 2675 exequias
3562 2604 3683 2659 Deo.

2095 2698 2271 2753 devoti
2321 2694 2913 2768 principis'celebravit.
2946 2696 3131 2752 Cuncti
3184 2696 3541 2752 beatissimum
3573 2697 3676 2749 im-

2099 2807 2397 2865 peratorem
2426 2793 2900 2848 acclamationibus
2930 2801 2983 2846 et
3012 2791 3247 2845 laudibus
3279 2790 3674 2859 prosequeban-

2098 2898 2213 2955 tur;
2266 2902 2477 2955 unoque
2516 2886 2812 2940 animorum
2842 2899 3107 2940 consensu
3155 2895 3417 2937 mortuum
3470 2885 3672 2953 princi-

2098 2991 2221 3050 patu
2251 2979 2343 3034 ﬁlii
2383 2980 2587 3033 restitui
2617 2988 2776 3048 atque
2807 2977 2857 3031 in
2886 2977 3056 3032 lucem
3084 2976 3317 3031 revocari
3344 2976 3629 3030 censebant
3655 2994 3671 3041 ;

2098 3082 2151 3125 et
2180 3072 2366 3124 faustis
2395 3070 2871 3123 acclamationibus
2917 3085 3105 3121 novum
3138 3069 3462 3137 principem,
3506 3068 3674 3135 impe-

412 3154 555 3220 Ροτῖε
594 3155 783 3206 Winei
805 3194 818 3215 ν
860 3161 1021 3204 “om”
1061 3159 1175 3203 "at
1216 3150 1300 3219 (μιῑ
1343 3163 1463 3201 CIII“
1492 3149 1582 3201 in"
1606 3147 1839 3201 εοίιῖεττί
1872 3162 1994 3215 Ροε-
2020 3179 2071 3240 η
2097 3172 2330 3216 ratorcto
2352 3202 2367 3227 ,
2399 3165 2693 3232 Augustum
2715 3204 2729 3227 ,
2778 3165 2953 3231 primo
2981 3164 3158 3215 statim
3210 3163 3409 3231 impetu
3438 3163 3677 3230 appella-

411 3257 512 3299 set.
543 3247 647 3301 Sed
679 3259 730 3300 et
770 3248 957 3299 virium
1006 3244 1197 3296 robore
1243 3242 1375 3295 adeo
1420 3244 1556 3294 inter
1597 3242 1829 3309 aequales
1858 3242 1993 3294 emi-

410 3335 603 3399 nebat,
648 3346 704 3389 ttt
746 3338 812 3388 ab
858 3335 959 3387 illis
1000 3337 1158 3386 etiam
1200 3333 1593 3386 formidaretur.
1647 3330 1823 3384 Animi
1864 3344 1992 3384 vero

412 3429 693 3481 virtutibus
755 3429 909 3494 longe
962 3426 1215 3477 illustrior
1272 3437 1428 3491 quam
1478 3422 1692 3477 dotibus
1747 3421 1994 3490 corporis

409 3520 528 3573 fuit.
555 3522 631 3574 Ac
659 3522 885 3588 primum
911 3517 1123 3587 quidem
1152 3514 1403 3568 modestia
1428 3514 1659 3567 animum
1680 3513 1987 3567 exornavit:

410 3608 603 3662 deinde
630 3607 1032 3661 humanioribus
1059 3602 1353 3671 disciplinis
1380 3618 1392 3664 ;
1428 3610 1479 3655 et
1520 3612 1626 3654 tum
1656 3601 1832 3655 innata
1865 3616 1990 3672 pru-

411 3698 627 3762 dentia,
677 3707 784 3751 tum
817 3695 1075 3765 sapientia
1123 3694 1375 3748 divinitus
1426 3692 1596 3747 infusa
1638 3707 1742 3746 non
1786 3692 1990 3747 medio-

406 3790 570 3843 criter
597 3803 720 3843 eum
746 3787 994 3841 excoluit.

1002 3894 1225 3952 CAPUT
1267 3894 1384 3949 XX.

447 3995 809 4051 Constantinus
841 4002 1044 4062 prapter
1079 3990 1384 4043 Diocletiani
1426 3997 1471 4043 et
1512 3987 1704 4043 Galerii
1740 3986 1954 4041 insidias

886 4085 954 4137 ad
995 4092 1189 4153 patrem
1228 4080 1511 4136 revertitur.

480 4201 550 4255 At
586 4200 940 4267 imperatores
994 4196 1134 4250 illius
1176 4194 1465 4264 temporis,
1508 4207 1629 4246 cum
1672 4190 1988 4245 adolescen-

410 4303 515 4347 tem
553 4291 795 4344 viderent
829 4300 1145 4357 generosum
1187 4299 1249 4338 ac
1279 4284 1503 4349 fortem,
1545 4296 1899 4351 magnumque
1935 4290 1989 4335 et

407 4382 622 4437 excelso
663 4381 838 4433 animo
881 4378 1194 4448 prieditum,
1227 4374 1420 4428 invidia
1453 4371 1609 4428 simul
1648 4387 1709 4426 ac
1747 4382 1891 4427 metu
1919 4372 1988 4427 ob

410 4478 461 4530 id
488 4474 721 4545 torqueri
753 4484 987 4541 cmpere.
1020 4468 1200 4538 Itaque
1231 4476 1439 4535 tempus
1472 4475 1830 4536 opportunum
1863 4478 1986 4534 cap-

2095 3256 2241 3310 bant.
2282 3254 2351 3309 Et
2391 3254 2472 3309 hre
2502 3256 2713 3323 quidem
2747 3256 2909 3309 liliutn
2961 3255 3283 3308 laudantium
3330 3268 3487 3309 voces
3533 3259 3678 3324 patri

2097 3357 2309 3402 mortuo
2333 3357 2700 3402 ornamentum
2729 3346 3019 3401 alferebant
3050 3364 3061 3399 :
3110 3346 3271 3399 ﬁlium
3301 3360 3426 3402 vero
3454 3352 3671 3402 beatum

2098 3440 2485 3507 prmdicabant,
2516 3441 2605 3508 qui
2634 3442 2764 3493 tanti
2797 3441 2959 3507 patris
2990 3453 3266 3493 successor
3294 3451 3441 3493 esset
3468 3455 3672 3493 renurt-

2096 3530 2274 3583 tiatus.
2318 3528 2424 3583 Sed
2466 3540 2519 3582 et
2561 3544 2747 3583 omnes
2792 3529 3076 3597 provincia:
3118 3530 3234 3597 ejus
3280 3530 3499 3599 imperio
3545 3531 3677 3585 sub-

2090 3620 2281 3689 jectae,
2326 3620 2558 3673 maxime
2585 3619 2780 3689 gaudio
2809 3629 2863 3673 et
2909 3621 3261 3689 inexplicabili
3309 3621 3490 3676 laetitia
3543 3639 3668 3692 per-

2092 3714 2225 3765 fusse
2252 3720 2413 3776 sunt;
2450 3719 2630 3780 utpote
2656 3726 2776 3779 qua:
2824 3726 2890 3764 ne
2921 3711 3140 3764 minimo
3169 3713 3381 3779 quidem
3414 3713 3673 3783 temporis

2093 3811 2367 3857 momento
2410 3802 2672 3870 imperiali
2700 3802 3026 3870 providentia
3071 3800 3351 3856 destitutas
3398 3817 3457 3858 se
3504 3802 3675 3860 fuisse

2095 3894 2409 3948 sensissent.
2446 3892 2756 3961 Hujusmodi
2786 3892 2992 3961 piorum
3042 3905 3104 3946 ac
3137 3891 3228 3946 Dei
3254 3894 3543 3947 amantium
3574 3895 3674 3948 lto-

2097 3985 2299 4038 minum
2331 3984 2528 4039 exitum
2559 3998 2678 4038 esse
2708 3984 2844 4038 Dens
2890 3984 2940 4037 in
2992 3984 3313 4053 imperatore
3355 3984 3674 4041 Constantio

2097 4075 2361 4130 universis
2392 4083 2588 4129 nostrae
2616 4076 2786 4129 tetatis
2811 4074 3113 4130 hominibus
3144 4075 3452 4130 declaravit.

2651 4185 2877 4243 CAPUT
2916 4186 3102 4241 XXIII.

2257 4279 2506 4333 Interitus
2535 4288 2869 4349 tyrannorum
2891 4277 3049 4332 brevis
3074 4281 3493 4333 commemoratio.

2163 4393 2346 4461 Qualis
2394 4409 2520 4448 vero
2567 4394 2739 4448 exitus
2789 4392 2945 4448 fuerit
2988 4393 3212 4448 aliorum
3259 4397 3350 4465 qui
3402 4395 3671 4455 Ecclesias

2095 4487 2188 4541 Dei
2218 4496 2470 4558 tanquam
2499 4487 2700 4543 indicto
2726 4487 2866 4542 bello
2894 4496 3298 4557 oppugnarunt,
3327 4504 3663 4559 nequaquam

414 4567 589 4620 tahaut
616 4607 629 4628 ,
660 4576 716 4617 ut
748 4562 886 4617 malo
912 4570 1071 4631 atque
1101 4559 1384 4629 ignominia
1410 4558 1659 4628 juvenem
1689 4556 1980 4612 ofﬁcerent.
2011 4557 2065 4616 D
2096 4580 2181 4634 hic
2209 4556 2733 4636 commemorandum
2760 4594 2880 4635 esse
2906 4556 3068 4644 διαί,
3111 4595 3207 4635 nec
3247 4556 3529 4635 bonor'nm'
3554 4599 3668 4637 me-

408 4658 464 4711 Id
510 4656 720 4726 juvenis
757 4670 874 4707 eunt
918 4653 1264 4707 intellexisset
1306 4650 1525 4721 (quippe
1567 4649 1769 4703 insidias
1817 4650 1983 4703 semel

412 4756 573 4816 atque
614 4748 803 4799 iterum
843 4746 892 4798 ei
936 4752 1255 4811 comparatae
1277 4782 1294 4807 ,
1326 4740 1415 4794 Dei
1445 4749 1573 4794 nutu
1601 4741 1824 4795 detecta:
1868 4739 1985 4795 fue-

410 4837 552 4908 rant)
583 4836 703 4905 iuga
732 4836 955 4889 salutem
984 4834 1083 4888 sibi
1113 4832 1377 4904 quzesivit,
1403 4847 1653 4903 magnum
1680 4833 1826 4887 illum
1858 4849 1982 4903 pro-

403 4929 621 5002 phetam
664 4929 863 4984 Mosetn
908 4928 959 4981 itt
1001 4928 1102 4982 hoc
1146 4925 1303 4981 etiam
1353 4926 1609 4983 imitatus.
1631 4926 1798 4982 Porro
1844 4927 1985 4982 Deus

400 5023 455 5076 in
483 5020 730 5074 omnibus
768 5020 914 5073 illum
939 5017 1171 5087 adjuvit,
1203 5017 1537 5087 providentia
1566 5032 1662 5072 sua
1691 5017 1768 5073 sic
1789 5028 1981 5074 cuncta

402 5112 714 5181 disponens.
756 5118 813 5165 ut
840 5111 974 5179 patri
1003 5110 1068 5163 ad
1097 5110 1490 5166 successionem
1536 5108 1742 5179 imperii
1784 5120 1979 5180 praesto

401 5211 566 5257 esset.

986 5270 1210 5327 CAPUT
1248 5269 1389 5326 XXI.

398 5362 541 5417 Mors
574 5361 855 5418 Constantii
890 5361 1275 5417 Constantinum
1304 5363 1468 5431 fili/tm
1504 5362 1860 5434 imperatorem
1896 5380 1978 5420 re-

1033 5451 1324 5521 linquentis.

459 5564 593 5621 Cum
625 5579 753 5637 ergo
791 5565 1001 5621 evitatis
1048 5565 1363 5621 insidiarum
1391 5566 1529 5622 dolis
1553 5611 1566 5635 ,
1616 5568 1779 5623 celeri
1818 5583 1978 5624 cursu

390 5655 457 5709 ad
487 5664 686 5724 patrem
720 5654 996 5725 profectus
1025 5666 1205 5723 esset,
1237 5656 1352 5726 ipse
1378 5656 1593 5726 quidem
1620 5665 1740 5725 post
1764 5659 1983 5728 longum

420 5750 676 5816 temporis
725 5750 954 5819 Spatium
1008 5748 1059 5802 in
1111 5749 1276 5819 patris
1322 5758 1666 5818 conspectum
1706 5752 1867 5804 venit.
1921 5754 1988 5806 At

2096 4674 2355 4737 moriam,
2419 4674 2678 4727 malorum
2735 4682 2937 4728 attexta
2997 4675 3503 4728 commemoratione
3543 4692 3667 4732 esse

2094 4767 2418 4821 violandam.
2450 4765 2730 4821 Sufﬁciunt
2753 4778 2897 4821 certe
2923 4781 3007 4820 res
3033 4766 3181 4834 ipsa},
3205 4767 3269 4821 ad
3298 4769 3670 4837 reprimendas

2092 4867 2147 4913 et
2172 4858 2223 4912 in
2256 4856 2433 4912 ofﬁcio
2458 4856 2805 4911 continendos
2832 4871 2927 4912 cos
2954 4857 3041 4926 qui
3070 4872 3281 4911 scenam
3323 4872 3533 4913 omnem
3578 4878 3671 4914 ca-

2092 4949 2388 5005 lamitatum
2438 4964 2556 5015 quae
2616 4948 2836 5019 singulis
2886 4948 3094 5003 illorttm
3146 4948 3485 5015 acciderunt,
3536 4952 3669 5019 ipsis

2089 5041 2256 5098 oculis
2281 5050 2440 5111 atque
2463 5038 2679 5095 auribus
2708 5054 2982 5110 accepere.

2641 5170 2874 5227 CAPUT
2911 5170 3104 5227 XXIV.

2088 5272 2239 5338 Quod
2277 5271 2635 5327 Constantinus
2680 5272 2949 5341 imperium
2980 5269 3077 5326 Dei
3114 5271 3326 5327 arbitrio
3371 5273 3435 5326 sit
3487 5288 3668 5328 conse-

2794 5373 2959 5419 cutus.

2158 5478 2214 5532 In
2273 5477 2413 5533 hunc
2464 5476 2680 5532 modum
2728 5478 3097 5532 universorum
3160 5487 3343 5534 auctor
3392 5488 3447 5535 et
3498 5479 3666 5538 totius

2084 5573 2269 5630 mundi
2316 5574 2623 5628 moderator
2673 5577 2811 5629 Deus
2852 5571 3257 5628 Constantinum
3304 5574 3393 5628 tali
3441 5586 3669 5644 parente

2086 5665 2326 5735 genitum
2348 5707 2363 5731 ,
2394 5663 2691 5733 principem
2720 5672 2876 5732 atque
2905 5666 3275 5733 imperatorem
3320 5678 3413 5734 per
3453 5676 3511 5717 se
3551 5665 3669 5732 ipse

2087 5756 2333 5825 provexit
2363 5772 2375 5806 :
2416 5754 2549 5809 adeo
2575 5763 2665 5815 ut.
2697 5770 2815 5809 cum
2847 5755 3025 5810 carteri
3067 5768 3251 5810 omnes
3283 5754 3504 5809 aliorum
3548 5756 3666 5810 suf-
