3876 6218
210 306 272 358 2|
1297 306 1381 361 DE
1421 304 1580 361 VITA
1622 301 2071 361 CONSTANTINI
2114 303 2314 360 LIBER
2356 305 2394 360 I.
3424 309 3494 362 22?.

216 416 380 485 lragio
409 416 559 472 hunc
594 418 859 474 honorem
889 422 1157 476 consecuti
1182 421 1289 474 sint
1313 461 1327 487 ,
1360 419 1506 474 solus
1535 419 1620 475 hic
1648 418 1809 475 fuerit
1834 418 1887 480 Α
1912 419 2001 489 qui
2038 420 2362 474 contrariam
2412 421 2677 490 prioribus
2710 422 2813 476 illis
2840 423 2977 477 viam
3026 424 3263 490 iniisset;
3307 432 3360 478 et
3402 427 3492 495 qui

216 506 280 561 de
307 508 462 577 cujus
491 512 842 579 promotione
863 528 1017 567 nemo
1045 513 1342 566 mortalium
1369 512 1705 582 gloriaretur.

802 622 1025 679 CAPUT
1076 620 1242 677 XXV.

348 719 679 776 Constantini
708 724 771 776 de
801 723 1062 776 Britannis
1086 731 1131 776 et
1157 720 1400 774 Barbaris
1427 720 1670 776 victoriae.

288 834 587 905 Postquam
621 836 783 905 igitur
812 836 863 890 in
901 836 1122 905 imperio
1153 834 1390 891 ﬁrmatus
1430 844 1512 890 est
1534 876 1548 901 ,
1579 834 1807 903 primum

224 924 440 995 quidem
491 926 706 996 imperii
767 927 1003 997 partibus
1063 926 1161 980 sibi
1206 941 1235 979 a
1283 935 1433 995 patre
1478 926 1832 995 trauscriptis.

226 1017 536 1085 prospicere
585 1019 790 1085 cmpit;
825 1017 1099 1071 universas
1144 1018 1444 1086 provincias
1492 1032 1607 1086 quae
1656 1026 1808 1070 antea

228 1106 323 1159 sub
350 1108 523 1175 patris
552 1106 1017 1161 administratione
1040 1106 1281 1171 fuerant,
1316 1122 1435 1161 cum
1469 1122 1677 1161 summa
1710 1107 1809 1161 Int-

223 1199 475 1252 manitate
501 1199 857 1266 perlustrans.
882 1198 987 1254 Sed
1004 1210 1057 1254 et
1084 1199 1344 1254 Barbaros
1370 1200 1456 1268 qui
1482 1199 1545 1253 ad
1567 1199 1807 1253 Rhenum

225 1298 275 1345 et
302 1291 703 1347 occidentalem
731 1308 985 1348 oceanum
1015 1293 1171 1362 pesiti
1212 1306 1379 1347 novos
1408 1304 1584 1346 motus
1630 1294 1808 1348 conci-

226 1390 334 1435 tare
366 1384 485 1436 ausi
517 1393 723 1450 essent,
747 1394 967 1439 cunctos
987 1399 1096 1438 sua:
1118 1384 1467 1439 dominationi
1493 1384 1803 1453 subjiciens,

228 1486 291 1526 ex
323 1470 453 1526 feris
487 1484 803 1529 mansuetos
853 1473 1103 1529 reddidit.
1148 1474 1298 1528 Alios
1344 1490 1471 1529 vero
1515 1476 1807 1544 reprimere

223 1574 510 1619 contentus
534 1607 547 1629 ,
581 1574 829 1635 tanquam
862 1566 1001 1620 feras
1028 1566 1226 1621 bestias
1256 1566 1550 1636 abimperii
1577 1568 1657 1622 sui
1689 1567 1805 1621 lini-

222 1658 318 1712 bus
366 1659 671 1715 absterruit
714 1676 727 1714 :
777 1675 870 1715 eos
920 1660 1164 1715 videlicet
1209 1676 1433 1731 quorum
1488 1661 1806 1717 insanabiles

221 1749 425 1804 animos
455 1750 526 1803 ad
579 1752 908 1822 tranquillam
936 1763 988 1806 et
1015 1754 1249 1821 quietam
1288 1753 1494 1807 vivendi
1545 1754 1802 1807 rationem

226 1839 423 1894 traduci
454 1841 612 1895 nullo
640 1843 798 1897 modo
829 1858 985 1911 posse
1012 1844 1478 1897 animadverterat.
1512 1843 1712 1909 Quibus
1740 1858 1805 1899 ex

222 1932 380 1986 animi
411 1936 687 1988 sententia
727 1935 1016 2001 confectis,
1065 1936 1298 2002 reliquas
1331 1936 1472 1992 orbis
1503 1947 1677 2006 partes
1706 1938 1807 1993 sibi

223 2022 289 2075 ob
314 2024 507 2077 oculos
537 2038 871 2093 proponens,
905 2026 1115 2081 interim
1162 2027 1374 2095 quidem
1402 2026 1657 2081 adversus
1687 2027 1804 2081 Bri-

226 2112 470 2168 tannicas
499 2124 690 2184 gentes
724 2117 774 2170 in
804 2117 989 2170 intimo
1012 2119 1195 2171 oceani
1232 2132 1446 2172 recessu
1490 2118 1617 2177 sitas
1646 2118 1805 2187 traje-

224 2205 308 2258 cit.
340 2205 447 2259 Eas
477 2222 611 2261 vero
637 2222 757 2262 cum
787 2198 1108 2279 subegisset,
1141 2211 1204 2263 ad
1247 2210 1377 2263 alios
1422 2210 1602 2264 mundi
1632 2222 1807 2279 partes

226 2298 407 2351 oculos
435 2300 746 2364 convertit,
790 2309 847 2353 ut
891 2314 953 2355 ea
984 2316 1101 2370 qua:
1147 2301 1347 2355 auxilio
1393 2302 1557 2370 ipsius
1606 2301 1808 2371 indige-

224 2389 347 2443 bant
374 2431 388 2454 ,
418 2401 759 2460 persanaret.

785 2506 1010 2565 CAPUT
1051 2508 1235 2563 XXVI.

227 2618 499 2686 Quomodo
546 2621 765 2677 Romam
796 2623 1041 2678 Maxentii
1088 2627 1353 2695 tyrannide
1396 2627 1609 2681 liberare
1638 2626 1807 2682 decre-

954 2717 1095 2770 serit.

294 2828 545 2883 Postme
592 2830 896 2886 universum
942 2842 1199 2885 terrarum
1229 2832 1412 2886 urbem
1462 2831 1628 2885 instar
1667 2832 1799 2887 vasti

227 2919 503 2987 ettjusdam
552 2922 792 2989 corporis
820 2922 1000 2975 animo
1032 2922 1375 2990 complexus,
1409 2923 1683 2991 ipsamque
1721 2931 1803 2976 to-

232 3012 325 3067 tius
362 3015 551 3067 mttndi
585 3024 745 3083 caput
790 3026 842 3070 et
883 3016 1088 3085 imperii
1133 3015 1357 3070 Romani
1399 3016 1802 3070 dominatricem

1913 525 2097 565 eorum
2144 511 2357 581 quidem
2408 527 2648 568 errorem
2695 514 3134 582 condemnasset,
3168 532 3327 571 unum
3366 531 3493 572 vero

1914 617 2220 671 supremum
2260 605 2496 658 omnium
2525 606 2689 661 Deum
2721 616 2829 660 toto
2856 609 2977 661 vine
3003 608 3174 677 spatio
3203 608 3487 674 coluisset;

1915 696 2159 751 eumdem
2183 706 2509 753 servatorem
2534 714 2598 753 ac
2620 700 2823 767 imperii
2851 700 3147 768 custodem,
3178 711 3231 756 et
3253 702 3488 756 omnium

1913 785 2173 841 bonorum
2202 800 2471 843 auctorem
2498 787 2764 845 habuisse.
2808 790 2931 845 Ilaec
2974 791 3062 846 ille
3105 806 3224 845 cum
3263 791 3402 862 apud
3433 808 3491 848 se

1913 876 2289 947 expendisset;
2320 888 2568 949 recteque
2610 880 3102 947 animadvertisset,
3132 882 3249 937 illos
3274 882 3487 953 quidem

1913 969 2001 1039 qui
2045 969 2097 1023 in
2136 972 2357 1023 deorum
2389 971 2729 1027 multitudine
2773 972 3019 1027 ﬁduciam
3052 974 3387 1043 posuissent,
3437 974 3488 1029 in

1915 1062 2305 1117 multitudinem
2335 1079 2545 1133 quoque
2585 1064 2866 1119 exitiorum
2898 1080 3018 1119 esse
3047 1064 3328 1135 delapsos;
3358 1065 3491 1119 adeo

1916 1163 1971 1210 ut
1998 1170 2095 1210 nec
2135 1156 2346 1225 generis
2393 1157 2605 1211 illorum
2632 1172 2695 1211 ac
2724 1157 2942 1222 sobolis,
2976 1171 3077 1212 nec
3104 1157 3282 1226 stirpis
3309 1171 3371 1211 ac
3398 1172 3495 1211 no-

1915 1248 2096 1315 minis,
2126 1262 2224 1302 nec
2253 1250 2527 1303 memoria:
2557 1249 2720 1303 ullum
2768 1250 2909 1304 inter
2936 1250 3180 1304 homines
3211 1250 3489 1319 vestigiqu

1914 1339 2229 1393 remanserit
2269 1356 2279 1390 :
2325 1352 2507 1393 contra
2555 1354 2683 1393 vero
2740 1341 2902 1392 Deum
2960 1340 3124 1408 pultis
3168 1338 3273 1401 sui,
3325 1340 3488 1393 multa

1913 1446 2079 1500 eaque
2098 1430 2317 1485 illustria
2336 1431 2587 1500 pctcntire
2602 1446 2710 1486 sua!
2723 1431 3040 1486 documenta
3058 1431 3155 1501 ipsi
3177 1432 3489 1502 pratbuissc.

1912 1520 2150 1592 Cumque
2177 1534 2429 1590 praeterea
2479 1523 2897 1589 considerasset,
2943 1538 3036 1577 eos
3072 1524 3160 1593 qui
3203 1526 3308 1592 jam
3337 1525 3489 1577 antea

1911 1616 2090 1683 cepias
2132 1613 2387 1668 adversus
2438 1626 2715 1685 tyrannum
2759 1615 3052 1682 duxerant,
3104 1630 3222 1669 cum
3269 1614 3489 1669 deorum

1912 1704 2246 1759 multitudine
2291 1705 2353 1758 ad
2412 1720 2638 1774 pugnam
2696 1705 2998 1774 protectos,
3045 1714 3254 1775 turpem
3285 1705 3485 1759 exitum

1837 1800 1884 1859 B
1914 1803 2184 1857 habuisse.
2239 1801 2388 1856 Alter
2427 1801 2567 1856 enim
2596 1817 2653 1855 re
2682 1801 2870 1855 inlecta
2900 1816 3019 1854 cum
3046 1801 3291 1854 omnibus
3320 1799 3488 1869 copiis

1914 1893 2267 1963 ignominioso
2310 1902 2604 1947 recesserat
2634 1908 2647 1945 z
2678 1891 2813 1945 alter
2852 1892 2902 1945 in
2933 1891 3106 1945 medio
3146 1891 3379 1944 exercitu
3405 1891 3477 1959 ju-

1910 1986 2120 2055 gulatus
2146 2026 2159 2049 ,
2200 1997 2446 2054 tanquam
2480 1984 2691 2037 fortuita
2743 1982 2929 2037 mortis
2974 1982 3148 2052 prteda
3192 1982 3484 2036 exstiterat.

1914 2076 2059 2144 Ilmc,
2118 2076 2370 2145 inquam,
2428 2076 2606 2128 omnia
2654 2074 2969 2144 cogitatione
3018 2087 3109 2126 sua
3154 2073 3481 2141 complexus,

1912 2168 2040 2224 deos
2059 2168 2269 2253 quidem
2299 2170 2385 2247 qui
2416 2181 2673 2236 nusquam
2702 2176 2883 2221 essent
2921 2164 3145 2219 colendo
3173 2165 3393 2234 nugari,
3435 2174 3485 2218 ct

1911 2270 2031 2330 post
2059 2268 2135 2314 tot
2161 2274 2223 2313 ac
2253 2257 2393 2313 tanta
2423 2258 2736 2313 documenta
2766 2272 2907 2311 cznco
2936 2254 3109 2310 adhuc
3128 2270 3309 2309 errore
3335 2253 3482 2315 ferri,

1910 2366 2132 2405 summa:
2157 2350 2438 2405 dementia:
2463 2363 2580 2404 esse
2598 2346 2918 2401 existimavit
2942 2363 2953 2398 :
2974 2346 3145 2399 solum
3170 2360 3297 2401 vero
3319 2344 3484 2399 Deum

1909 2443 2161 2513 genitoris
2188 2443 2266 2496 sui
2296 2443 2392 2497 sibi
2418 2456 2536 2497 esse
2558 2439 2839 2496 colendum
2866 2440 3087 2493 censuit.

2463 2539 2688 2609 CAPUT
2726 2549 2959 2606 XXVIII.

1915 2646 2173 2712 Quomodo
2205 2646 2341 2701 Deus
2387 2646 2551 2699 oranti
2595 2644 2836 2697 uisionem
2864 2641 3132 2695 ostenderit
3158 2641 3210 2694 in
3241 2640 3363 2693 coria
3390 2638 3480 2691 sub

1981 2738 2259 2801 meridiem,
2292 2753 2487 2791 crucem
2513 2735 2735 2789 videlicet
2753 2734 2969 2788 lucidam
2999 2750 3110 2785 cum
3137 2732 3481 2801 inscriptione,

1982 2840 2210 2882 monente
2229 2837 2283 2881 ut
2304 2829 2355 2881 in
2376 2828 2470 2881 hac
2495 2827 2728 2880 uinceret.

1980 2940 2147 3007 Hujus
2184 2954 2312 3009 ergo
2355 2953 2509 3007 opem
2554 2935 2839 3007 implorare
2892 2936 3072 3005 erepit,
3122 2949 3282 2989 orans
3326 2943 3486 3003 atque

1908 3034 2195 3088 obsecrans
2211 3041 2267 3087 ut
2288 3048 2345 3087 se
2372 3032 2467 3102 ipsi
2501 3032 2825 3086 noscendum
2857 3030 3139 3097 pra-heret,
3166 3043 3228 3083 ac
3251 3042 3485 3098 prmsen-

230 3103 445 3169 urbem,
504 3107 782 3175 tyrannica
829 3107 1190 3161 dominatione
1236 3122 1543 3177 oppressam
1587 3108 1801 3176 conspi-

1918 3124 2047 3179 tibus
2106 3124 2327 3193 negotiis
2373 3122 2684 3191 adjutricem
2733 3135 2945 3174 manum
2992 3120 3303 3188 porrigeret.
3354 3118 3481 3174 Haec

232 3194 402 3260 ciens;
436 3197 674 3266 primum
706 3197 916 3266 quidem
946 3213 1062 3253 eam
1090 3198 1384 3253 vindicandi
1431 3214 1493 3252 ac
1543 3198 1802 3253 liberandi

1918 3216 2143 3285 precanti
2175 3229 2237 3268 ac
2272 3214 2577 3282 suppliciter
2626 3213 2908 3281 postulanti
2942 3211 3277 3279 imperatori,
3311 3210 3487 3263 admi-

234 3294 401 3352 partes
452 3286 520 3340 iis
551 3288 715 3339 cessit
760 3288 848 3355 qui
895 3288 1124 3357 reliquas
1170 3288 1375 3356 imperii
1421 3290 1623 3341 romani
1680 3302 1801 3356 por-

233 3376 396 3429 tiones
425 3376 745 3431 obtinebant
766 3417 779 3442 ,
806 3386 989 3446 utpote
1028 3385 1183 3432 actate
1212 3377 1522 3446 potioribus.
1557 3377 1660 3433 Sed
1684 3394 1803 3432 cum

234 3470 397 3524 nuilus
442 3486 637 3525 eorum
668 3471 912 3541 opitulari
949 3481 1165 3541 posset,
1214 3471 1453 3541 adeoque
1495 3472 1591 3540 ipsi
1634 3473 1721 3542 qui
1755 3471 1804 3526 id

236 3570 429 3617 tentare
457 3565 740 3617 voluerant
768 3564 1174 3634 ignominiosum
1201 3564 1398 3617 exitum
1430 3565 1566 3617 nacti
1592 3573 1802 3628 essent;

235 3655 386 3708 vitam
417 3657 521 3710 sibi
555 3656 774 3711 minime
802 3657 1013 3711 vitalem
1061 3672 1178 3711 esse
1212 3658 1478 3726 prolessus
1499 3696 1515 3722 ,
1544 3662 1587 3710 si
1622 3657 1803 3710 urbem

235 3747 464 3800 omnium
500 3746 769 3801 dominam
800 3758 942 3800 tanta
974 3746 1285 3818 aegritudine
1333 3746 1575 3800 aII‘eetam
1623 3747 1802 3815 despi-

234 3847 407 3902 ceret,
436 3837 505 3891 ad
553 3838 961 3909 extinguendam
1010 3837 1340 3907 tyrannidem
1389 3851 1508 3892 sese
1550 3836 1800 3891 adcinxit.

766 3950 990 4006 CAPUT
1029 3948 1237 4004 XXVII.

238 4071 377 4138 Quod
400 4062 770 4127 Constantinus
797 4084 965 4121 eorum
988 4068 1074 4133 qui
1092 4066 1364 4120 simulacra
1388 4066 1657 4119 coluissent
1680 4064 1807 4118 inte-

298 4167 451 4219 ritum
484 4162 813 4217 considerans
848 4156 1285 4213 Christianismum
1308 4159 1472 4229 potius
1502 4157 1646 4227 elegit

298 4278 410 4333 lam
443 4290 579 4330 vero
608 4289 728 4329 cum
756 4273 1075 4342 intelligeret
1119 4280 1313 4341 praeter
1344 4270 1600 4325 militares
1627 4272 1806 4340 copias

239 4369 788 4439 prastantiorealiquo
811 4366 1048 4421 subsidio
1070 4365 1166 4419 sibi
1189 4378 1321 4434 opus
1348 4378 1486 4429 esse,
1511 4364 1581 4418 ob
1606 4364 1808 4417 maleti-

237 4476 319 4518 ras
334 4473 478 4517 artes
500 4460 835 4531 magicasque
864 4458 1155 4528 pra‘stigias
1169 4470 1298 4526 quas
1313 4468 1563 4527 tyrannus
1576 4456 1808 4510 studiose

237 4556 643 4611 consectabatur
674 4573 687 4607 :
731 4554 891 4606 Deum
943 4551 1040 4605 sibi
1090 4550 1387 4618 adjutorem
1420 4549 1655 4617 qmusivit
1678 4567 1691 4614 ;
1718 4564 1801 4602 ar-
1833 4554 1884 4613 1)

238 4660 440 4699 morum
464 4644 681 4715 quidem
710 4652 1020 4712 apparatum
1048 4627 1099 4694 ei
1126 4641 1350 4694 militum
1369 4640 1549 4709 capias
1571 4640 1805 4695 secundo

237 4732 346 4788 loco
374 4734 615 4798 ducens;
663 4734 915 4787 auxilium
953 4740 1129 4786 autem
1161 4730 1329 4785 divini
1360 4732 1594 4785 numinis
1640 4731 1804 4785 invic—

240 4834 341 4879 tum
372 4837 425 4881 et
474 4824 884 4896 inexpugnabile
928 4838 1049 4878 esse
1098 4822 1198 4878 sibi
1248 4824 1590 4891 persuadens.
1643 4824 1807 4894 Igitur

238 4918 469 4985 cogitare
492 4915 631 4986 apud
662 4930 720 4970 se
746 4914 907 4983 carpit
932 4929 1249 4985 ,quemnam
1281 4914 1378 4969 sibi
1420 4915 1582 4969 Deum
1632 4914 1807 4968 adsci-

240 5018 432 5062 sceret.
482 5006 632 5072 Quod
684 5005 809 5060 dum
856 5006 1083 5061 sollicite
1113 5006 1362 5075 inquirit,
1393 5005 1506 5060 hmc
1537 5004 1609 5059 illi
1650 5006 1807 5061 subiit

242 5099 489 5169 cogitatio
520 5116 532 5153 :
565 5114 628 5153 ex
656 5099 898 5168 plurimis
936 5098 1024 5168 qui
1054 5108 1177 5152 ante
1218 5114 1277 5154 se
1314 5098 1592 5168 imperium
1619 5082 1809 5154 tenue-

242 5198 379 5253 rant,
423 5202 517 5242 eos
559 5188 770 5259 quidem
801 5188 887 5257 qui
923 5189 977 5241 in
1013 5187 1231 5242 deorum
1284 5188 1617 5243 multitudine
1661 5204 1806 5257 spem

242 5292 388 5332 suam
433 5280 818 5344 collocassent,
848 5291 900 5334 et
929 5280 1017 5348 qui
1051 5279 1278 5333 victimis
1310 5279 1424 5333 illos
1470 5293 1531 5333 ac
1575 5278 1807 5333 donariis

244 5368 549 5437 coluissent,
584 5370 810 5439 primum
841 5369 1099 5423 vaticiniis
1127 5371 1189 5424 ad
1217 5372 1628 5424 assentationem
1655 5386 1802 5424 com-

243 5462 447 5530 positis,
476 5473 529 5518 et
574 5464 803 5517 oraculis
829 5462 998 5517 fausta
1030 5462 1204 5516 omnia
1256 5463 1633 5531 pollicentibus
1662 5462 1810 5515 delu—

247 5565 356 5618 sus,
398 5554 613 5607 tandem
664 5554 891 5607 infausto
926 5553 1111 5606 mortis
1153 5568 1350 5623 genere
1392 5554 1683 5617 interiisse;
1716 5568 1810 5607 nec

252 5643 469 5699 deorum
505 5660 821 5716 quemquam
849 5656 1044 5717 praesto
1074 5645 1174 5699 illis
1201 5646 1451 5709 adfuisse,
1494 5646 1583 5716 qui
1612 5662 1704 5700 eos
1732 5646 1811 5699 in-

257 5745 409 5792 vecto
433 5736 689 5793 divinitus
713 5737 872 5793 exitio
894 5736 1161 5793 liberaret.
1193 5736 1372 5794 Solum
1400 5737 1565 5808 ipsius
1587 5748 1812 5808 patrem,

1909 3305 2077 3359 rabile
2098 3305 2361 3373 quoddam
2386 3306 2589 3373 signum
2613 3318 2641 3356 a
2670 3303 2777 3357 Deo
2800 3303 3015 3355 missum
3045 3300 3304 3371 apparuit.
3328 3300 3481 3367 Quod

1908 3396 1955 3449 si
1983 3394 2194 3465 quidem
2243 3394 2310 3449 ab
2360 3394 2463 3449 alio
2511 3394 2757 3463 quopiam
2804 3393 3103 3457 diceretur,
3148 3391 3286 3445 haud
3331 3391 3484 3448 facile

1908 3488 2176 3542 auditores
2221 3486 2378 3542 ﬁdem
2429 3495 2609 3541 essent
2661 3486 2905 3539 habituri.
2953 3485 3143 3539 Verum
3201 3499 3323 3538 cum
3370 3490 3482 3553 ipse

1908 3580 2091 3633 Victor
2120 3578 2387 3646 Augusms
2413 3578 2567 3631 nobis
2594 3576 2681 3645 qui
2714 3576 2847 3630 hanc
2878 3577 3149 3629 historiam
3176 3575 3482 3642 scribimus,

1908 3674 2065 3742 longo
2096 3684 2212 3739 post
2242 3681 2512 3740 tempore,
2561 3686 2678 3725 cum
2714 3670 2956 3725 videlicet
3000 3671 3050 3723 in
3097 3670 3211 3738 ejus
3239 3670 3478 3723 uetitiam

1911 3776 1965 3821 et
1981 3767 2388 3821 familiaritatem
2411 3766 2764 3835 pervenimus,
2788 3765 2834 3817 id
2851 3764 3156 3819 retuleritet
3179 3777 3478 3816 sermonem

1911 3860 2227 3914 sacramenti
2276 3860 2530 3927 religione
2562 3858 2885 3921 limaverit;
2928 3858 3043 3925 quis
3076 3856 3292 3923 posthac
3323 3856 3477 3910 [idem

1913 3953 2034 4005 huic
2067 3953 2353 4005 narrationi
2403 3951 2658 4004 adhibere
2706 3949 3001 4003 dubitabit?
3034 3949 3329 4002 Praesertim
3356 3964 3477 4002 cum

1912 4042 1961 4096 id
1989 4042 2129 4110 quod
2156 4042 2494 4095 subsecutum
2525 4050 2606 4095 est
2632 4050 2837 4109 tempus
2858 4082 2872 4105 ,
2905 4039 3165 4093 sermonis
3196 4039 3350 4107 hujus
3389 4054 3482 4094 ve-

1911 4135 2119 4188 ritatem
2184 4134 2486 4188 testimonio
2536 4148 2631 4187 suo
2692 4134 3103 4188 conﬁrmaverit.
3176 4132 3329 4186 Horis
3375 4132 3481 4185 diei

1910 4226 2238 4292 meridianis,
2284 4226 2397 4279 sole
2443 4227 2492 4278 in
2540 4240 2786 4278 occasum
2838 4234 3107 4294 vergente,
3154 4224 3325 4277 crucis
3373 4233 3480 4276 tro-

1912 4335 2081 4389 pmum
2111 4320 2161 4371 in
2190 4320 2325 4372 caelo
2353 4334 2415 4372 ex
2450 4318 2566 4373 lucc
2592 4317 2898 4381 conﬂatum,
2932 4317 3029 4371 soli
3060 4313 3479 4384 superpositum,

1912 4411 2040 4479 ipsis
2088 4410 2254 4462 oculis
2303 4423 2359 4461 se
2402 4408 2596 4462 vidisse
2638 4409 2959 4474 altirmavit,
3007 4422 3125 4461 eum
3178 4404 3479 4475 hujusmodi

1912 4502 2253 4571 inscriptione
2286 4519 2297 4554 :
2326 4501 2433 4554 Hac
2461 4502 2630 4554 vince.
2666 4501 2740 4554 Eo
2770 4500 2884 4553 viso
2910 4510 2964 4552 et
2994 4501 3222 4569 seipsum
3259 4508 3314 4553 et
3343 4496 3483 4551 mili-

1912 4605 1990 4651 tes
2007 4610 2212 4661 omnes,
2242 4596 2327 4664 qui
2357 4597 2525 4665 ipsum
2552 4595 2731 4649 nescio
2755 4610 2859 4663 quo
2881 4594 2980 4648 iter
2998 4594 3275 4647 facientem
3295 4605 3486 4661 sequo-

1908 4687 2119 4749 bantnr,
2152 4696 2203 4739 et
2228 4686 2656 4755 quispectatorcs
2677 4684 2915 4738 miraculi
2945 4685 3168 4746 fuerant,
3190 4681 3482 4735 vehemcu~

1909 4787 1991 4833 ter
2012 4776 2424 4845 obstupefactos.

2464 4887 2689 4944 CAPUT
2727 4886 2916 4942 XXIX.

1916 4988 2178 5055 Quomodo
2197 4985 2425 5041 Christus
2457 4984 2782 5037 Constantino
2817 4984 2867 5033 in
2897 4980 3083 5034 somnis
3109 4980 3263 5045 visus,
3295 4995 3483 5047 pra'ce-

1982 5081 2110 5152 perit
2145 5089 2199 5133 ut
2243 5079 2385 5147 signo
2415 5076 2482 5128 ad
2520 5074 2680 5127 crucis
2727 5078 2942 5143 formam
2993 5076 3127 5142 facto
3172 5081 3389 5125 uteretur
3430 5072 3486 5125 in

1984 5172 2143 5225 bellis.

1986 5280 2197 5335 Interim
2245 5280 2375 5350 ipse,
2420 5288 2478 5331 ut
2521 5277 2713 5341 aiebat,
2758 5276 3067 5330 addubitare
3105 5274 3281 5328 animo
3324 5276 3488 5344 erepit

1915 5374 2162 5445 quidnam
2206 5373 2303 5425 hoc
2353 5379 2619 5439 spcctrum
2651 5368 2747 5421 sibi
2780 5368 2957 5422 vellet.
2992 5367 3255 5437 Cogitanti
3302 5368 3402 5436 ipsi
3433 5376 3487 5423 et

1915 5466 2002 5519 (litt
2037 5464 2362 5531 multumque
2392 5461 2527 5530 apud
2556 5476 2613 5515 sc
2638 5460 2916 5529 reputanti,
2940 5475 3037 5511 nos
3059 5454 3267 5512 tandem
3298 5472 3487 5526 super-

1919 5560 2083 5611 venit.
2108 5555 2240 5608 Tum
2270 5570 2393 5609 vero
2420 5552 2663 5608 Clnistus
2687 5553 2774 5605 [lci
2804 5551 3344 5620 dormientiapparuit
3365 5567 3486 5605 cum

1918 5655 2068 5720 signo
2092 5649 2104 5701 i
2132 5649 2181 5701 lo
2205 5647 2338 5716 quod
2369 5648 2419 5700 in
2442 5647 2576 5702 coelo
2603 5656 2874 5698 ostensum
2897 5643 3084 5707 fuerat,
3113 5643 3491 5712 prmccpitque,

1923 5752 1977 5796 ut
2010 5740 2222 5797 militari
2265 5739 2415 5811 signo
2450 5738 2512 5793 ad
2540 5736 2942 5793 similitudinem
2974 5736 3086 5805 ejus
3113 5734 3250 5808 quod
3282 5735 3333 5790 in
3362 5735 3501 5791 ςωιο
