3876 6218
423 308 493 361 9.5
1730 305 1995 363 EUSEBII
2036 305 2351 362 PAMI’IIILI
3598 302 3670 361 9.4

424 419 642 474 vidisset
673 419 927 474 fabricato
951 461 966 488 ,
999 435 1065 475 eo
1098 429 1344 489 tanquam
1392 418 1607 474 salutari
1652 417 1899 488 praesidio
1944 417 1996 470 in
2025 417 2076 477 Α
2102 424 2251 470 certo
2292 415 2514 471 habens.
2549 415 2758 471 Exinde
2803 416 3026 485 ipsemet
3068 414 3364 470 divinorum
3415 414 3669 471 librorum

422 510 627 584 prmliis
641 520 898 566 uteretur.

994 598 1219 654 CAPUT
1258 598 1429 653 XXX.

565 689 856 745 Faitricotio
888 691 995 760 ejus
1022 690 1155 760 signi
1175 691 1241 742 ad
1265 690 1427 743 crucis
1453 688 1850 742 similitudinem.

494 803 587 860 Ille
616 805 784 873 primo
810 805 987 858 statim
1016 802 1247 857 diluculo
1284 817 1527 871 surgens,
1558 816 1806 855 arcanum
1836 815 1992 855 omne

422 895 606 949 amicis
654 896 918 965 exposuit.
972 892 1287 947 Convocatis
1316 891 1506 945 deinde
1530 890 1642 944 auri
1670 905 1729 943 ac
1761 905 1993 959 gemma-

423 1003 540 1041 rttm
586 986 769 1051 fabris,
816 985 1021 1040 medius
1048 986 1187 1039 inter
1211 1000 1304 1038 eos
1341 984 1553 1047 sedens,
1581 984 1811 1052 speciem
1858 982 1992 1050 signi

422 1081 501 1135 eis
531 1094 779 1134 sermone
824 1080 1094 1148 depinxit,
1140 1077 1401 1147 jussitque
1430 1087 1485 1129 ut
1514 1092 1644 1129 auro
1687 1090 1747 1129 ac
1798 1074 1992 1143 lapillis

422 1170 818 1225 similitudinem
845 1170 960 1239 ejus
994 1170 1372 1238 exprimerent.
1408 1166 1557 1233 Quod
1588 1174 1641 1219 et
1670 1179 1764 1219 nos
1794 1165 1993 1233 aliquo-

414 1261 515 1316 ties
537 1262 714 1316 videre
742 1260 1096 1315 meminimus.

978 1374 1201 1430 CAPUT
1240 1374 1431 1430 XXXI.

422 1466 710 1538 Descriptio
734 1469 865 1539 signi
890 1468 1050 1520 instar
1073 1467 1237 1520 crucis
1273 1465 1478 1535 formati
1509 1467 1642 1535 quod
1673 1465 1889 1519 Romani
1917 1466 1993 1519 la-

1024 1561 1199 1613 barum
1226 1569 1419 1614 vocant.

492 1651 618 1705 Erat
642 1659 814 1705 autem
847 1650 1125 1718 ejusmodi.
1153 1651 1309 1703 Hasta
1339 1650 1544 1719 longior
1575 1665 1704 1703 auro
1728 1658 1990 1713 contecta,

421 1754 779 1797 transversam
819 1742 977 1797 habet
1017 1750 1300 1797 antcnuam
1333 1743 1497 1795 inStar
1520 1742 1709 1796 erucis.
1742 1740 1910 1808 Supra
1940 1743 1989 1795 in

422 1838 535 1905 ipsa
559 1836 722 1888 hasta:
761 1836 1062 1888 summitate
1087 1849 1283 1887 corona
1312 1844 1426 1889 erat
1468 1834 1646 1897 affixa,
1678 1835 1901 1904 gemmis
1940 1846 1995 1889 et

422 1940 554 1979 auro
581 1933 849 1979 contexta.
886 1925 939 1978 in
971 1924 1068 1977 hac
1097 1924 1342 1977 salutaris
1366 1924 1732 1992 appellatimtis
1760 1926 1993 1992 signum;

420 2014 539 2069 dum
576 2014 822 2068 videlicet
850 2014 1065 2079 litterae,
1096 2028 1287 2067 nomen
1314 2013 1510 2067 Christi
1545 2014 1727 2082 primis
1757 2015 1992 2081 apicibus

420 2107 801 2175 designabant,
835 2106 1005 2167 litera.
1036 2128 1099 2181 ρ,
1132 2106 1183 2159 in
1216 2105 1390 2159 medio
1418 2106 1497 2159 sui
1531 2105 1827 2158 decussata.
1852 2104 1993 2172 Quas

420 2199 632 2269 quidem
682 2200 861 2253 literas
892 2199 1182 2267 imperator
1230 2198 1280 2251 in
1325 2198 1473 2267 galea
1517 2206 1728 2268 gestare
1760 2199 1993 2264 pnstltmc

417 2290 578 2345 etiam
616 2290 907 2343 eonsuevit.
943 2289 1108 2342 Porro
1145 2303 1207 2343 ex
1256 2298 1485 2342 antenna
1517 2304 1634 2357 qua:
1663 2288 1873 2356 oblique
1899 2304 1991 2356 per

420 2382 624 2436 hastam
683 2380 899 2449 trajecta
953 2390 1054 2446 est,
1103 2381 1275 2434 velum
1319 2380 1583 2447 quoddam
1625 2379 1989 2446 dependebat;

420 2483 625 2528 textum
658 2473 905 2526 videlicet
938 2487 1258 2539 purpureum
1294 2469 1540 2538 pretiosis
1576 2469 1836 2539 lapidibus
1858 2469 1992 2524 inter

420 2578 479 2619 se
502 2563 720 2632 junctis,
750 2573 802 2615 et
830 2562 1043 2614 luminis
1058 2562 1136 2614 sui
1171 2560 1373 2629 fulgore
1403 2560 1583 2613 oculos
1612 2559 1993 2628 przcstiuguen-

425 2654 560 2709 tibus
590 2663 918 2721 coopertum,
953 2653 1223 2722 multoque
1242 2653 1525 2706 intertexto
1550 2667 1679 2704 auro
1709 2652 1995 2719 inexplica-

420 2745 580 2800 bilem
623 2745 903 2813 quamdam
936 2744 1341 2812 pulchritudinis
1385 2746 1616 2811 speciem
1668 2742 1993 2797 intuentibus

421 2836 681 2905 prtebens.
708 2836 880 2905 Atque
919 2836 1020 2889 hoc
1048 2837 1217 2889 velum
1259 2843 1505 2888 anteunm
1534 2834 1749 2887 affixum
1768 2876 1781 2899 ,
1816 2835 1995 2888 latitu-

418 2924 597 2981 dinem
646 2925 957 2993 longitudini
999 2925 1256 2993 aequalent
1300 2923 1502 2977 habuit.
1535 2924 1648 2992 Ipsa
1695 2939 1821 2977 vero
1848 2936 1991 2978 recta

419 3014 570 3067 hasta
616 3016 683 3067 ab
736 3015 914 3067 infima
956 3016 1035 3067 sui
1067 3025 1213 3084 parte
1248 3015 1300 3068 in
1334 3030 1577 3083 magnam
1611 3015 1989 3084 longitudinem

421 3104 697 3173 producta.
732 3105 783 3156 itt
814 3103 1071 3171 superiori
1097 3115 1244 3166 parte
1275 3104 1374 3156 sub
1405 3104 1517 3172 ipso
1545 3105 1716 3157 crucis
1743 3107 1893 3174 signo
1928 3105 1991 3158 ad

418 3192 587 3261 ipsam
617 3193 717 3245 veli
754 3194 909 3245 variis
955 3193 1224 3246 coloribus
1254 3192 1450 3260 depicti
1479 3193 1869 3257 summitatem,
1899 3208 1993 3246 au-

420 3298 564 3337 ream
588 3284 693 3337 Deo
706 3286 811 3337 cari
847 3285 1179 3352 imperatoris
1196 3292 1247 3337 et
1270 3284 1552 3337 liberorum
1574 3283 1689 3352 ejus
1708 3284 1990 3351 imaginem

417 3376 680 3443 depictam
714 3385 923 3444 pectore
956 3386 1109 3429 tenus
1144 3376 1423 3430 sublimem
1455 3376 1715 3444 gestabat.
1748 3374 1857 3429 Hoc
1899 3376 1991 3443 igi-

421 3475 506 3521 tur
553 3468 773 3520 salutari
822 3467 1009 3537 signo,
1053 3476 1301 3536 tanquam
1361 3468 1688 3521 munimento
1740 3467 1992 3522 adversus

418 3559 688 3626 oppositas
717 3558 1023 3626 quornmvis
1055 3558 1280 3611 hostium
1311 3558 1489 3625 copias
1530 3557 1818 3625 imperator
1848 3573 1988 3612 sem-

419 3661 518 3717 per
544 3654 624 3700 est
655 3663 815 3710 usus;
849 3648 1054 3717 altaque
1075 3648 1139 3700 ad
1167 3649 1281 3716 ejus
1308 3646 1710 3701 similitudinem
1742 3661 1992 3715 expressa

419 3738 567 3807 signa
593 3741 797 3792 cunctis
827 3739 1145 3793 exercitibus
1176 3738 1409 3807 pra-ferri
1434 3737 1609 3807 jussit.

966 3851 1191 3907 CAPUT
1231 3848 1446 3905 XXXII.

423 3939 683 4005 Quomodo
733 3938 1093 3995 Constantinus
1146 3941 1540 3997 Cateclmmentts
1590 3947 1752 4013 factus
1816 3959 1991 3997 sacras

882 4031 1177 4102 Scripturas
1198 4032 1478 4100 perlegerit.

492 4141 595 4197 Sed
634 4145 747 4195 inec
774 4153 973 4211 postea.
1008 4141 1155 4196 Tunc
1186 4157 1311 4196 vero
1340 4142 1638 4198 admirabili
1671 4145 1873 4199 visione
1899 4146 1995 4200 ob-

416 4235 775 4301 stupefactus,
817 4249 940 4287 cum
984 4232 1185 4286 nullum
1213 4233 1373 4287 alium
1422 4243 1612 4303 praeter
1642 4234 1785 4289 illum
1834 4251 1992 4305 quem

418 4328 625 4381 viderat
645 4326 810 4379 Deum
827 4325 925 4380 sibi
942 4326 1222 4379 colendum
1235 4340 1353 4379 esse
1370 4326 1663 4390 statuisset,
1678 4326 1992 4381 Sacerdotes

415 4434 625 4474 arcana:
651 4419 790 4471 illius
812 4417 1064 4471 doctrinae
1095 4417 1366 4488 mysteriis
1409 4416 1699 4471 instructos
1725 4419 1790 4473 ad
1822 4433 1881 4474 se
1905 4434 1994 4473 ac-

2097 505 2310 559 lectioui
2353 520 2543 560 vacare
2581 506 2836 568 instituit,
2867 514 3067 560 etcum
3098 505 3400 561 sacerdotes
3430 506 3522 562 Dei
3565 508 3670 564 Sibi

2096 609 2396 650 assessores
2412 594 2742 660 adscivisset,
2764 595 2926 649 Deum
2946 595 3091 649 illum
3110 611 3264 665 quem
3280 597 3503 662 viderat,
3521 597 3668 651 omni

2096 686 2430 740 observantia
2461 686 2740 741 colendum
2789 701 2908 741 esse
2958 688 3124 741 duxit.
3158 687 3402 743 Postbzec
3437 692 3671 745 munitus

2097 791 2191 844 spe
2216 776 2352 830 bona
2378 793 2537 848 quam
2568 778 2619 831 in
2650 777 2739 832 illo
2774 777 3145 845 collocaverat,
3191 780 3446 849 tyrannici
3478 779 3670 836 furoris

2096 867 2397 922 incendium
2423 869 2750 938 restinguere
2781 883 3061 938 aggreSsus
3091 881 3192 925 eat.

2628 1001 2853 1058 CAPUT
2888 1002 3123 1057 XXXIII.

2256 1091 2332 1146 De
2361 1092 2621 1147 adulteriis
2651 1108 2681 1143 a
2706 1092 2960 1146 Maxentio
2988 1092 3163 1147 Romte
3190 1096 3502 1165 perpetratis.

2167 1206 2374 1275 Quippe
2416 1205 2504 1261 ille
2529 1206 2618 1274 qui
2642 1205 2825 1259 urbem
2857 1205 3052 1275 regiam
3083 1220 3178 1273 per
3205 1207 3532 1277 tyrannidem
3573 1222 3668 1263 oc-

2097 1304 2420 1363 cupaverat,
2454 1311 2518 1347 eo
2559 1295 2843 1363 impietatis
2881 1309 2943 1348 ac
2992 1294 3169 1364 flagitii
3211 1306 3557 1363 processerat,
3612 1306 3671 1352 ut

2096 1386 2322 1455 quodvis
2368 1384 2623 1439 nefarium
2672 1395 2830 1455 atque
2870 1384 3131 1453 impurum
3176 1384 3378 1441 facinus
3416 1386 3668 1442 audacter

2096 1476 2408 1543 susciperet.
2457 1474 2668 1528 Etenim
2714 1489 2903 1528 uxores
2952 1490 3044 1543 per
3092 1475 3371 1530 divortium
3398 1492 3426 1530 a
3465 1478 3670 1533 maritis

2098 1568 2362 1635 sejunctas
2404 1567 2657 1631 violavit,
2704 1566 3025 1636 easdemque
3078 1565 3298 1621 violatas
3345 1568 3411 1621 ad
3450 1569 3670 1623 maritos

2101 1659 2327 1712 remisit.
2360 1658 2541 1726 Neque
2567 1673 2693 1712 vero
2730 1658 2970 1712 homines
2999 1658 3253 1712 obscuros
3279 1667 3435 1728 atque
3462 1660 3672 1729 ignobi-

2100 1750 2197 1813 les,
2219 1749 2309 1803 sed
2331 1749 2473 1817 ipsos
2490 1750 2746 1816 primores
2760 1760 2976 1801 senatus
2992 1747 3234 1813 Romani,
3255 1763 3318 1802 eo
3332 1749 3670 1805 contumeliae

2096 1855 2292 1910 genere
2320 1838 2513 1893 ail‘ecit.
2539 1838 2802 1893 Caeterum
2824 1853 2941 1893 cum
2965 1839 3268 1896 innumeras
3292 1841 3400 1895 fere
3420 1841 3671 1896 mulieres

2101 1932 2355 2001 ingenuas
2384 1931 2523 1987 foede
2565 1931 2809 1997 violaret,
2855 1932 3253 1985 innnoderatam
3284 1941 3456 1986 tamen
3510 1933 3677 1987 animi

2096 2026 2174 2077 sui
2194 2023 2462 2077 libidinem
2484 2024 2782 2077 nullatenus
2800 2032 3007 2092 poterat
3024 2025 3258 2093 explere.
3275 2024 3376 2078 Sed
3398 2034 3677 2093 postquam

2098 2114 2352 2167 mulieres
2396 2113 2715 2168 Christianas
2746 2113 3034 2168 sollicitare
3061 2114 3242 2182 cmpit,
3275 2115 3430 2168 nullis
3473 2117 3679 2171 artibus

2097 2204 2355 2273 perlicere
2396 2203 2566 2273 potuit
2610 2214 2667 2258 ut
2705 2219 2887 2259 earum
2934 2218 3221 2275 congressu
3260 2204 3539 2259 frueretur.
3584 2207 3679 2262 llzu

2096 2310 2321 2364 namque
2367 2296 2594 2348 animam
2640 2296 2743 2349 leto
2780 2296 3047 2364 objicere,
3094 2312 3249 2366 quam
3301 2311 3491 2366 corpus
3530 2296 3578 2351 ci
3606 2297 3677 2351 ad

2098 2396 2341 2454 stuprum
2373 2386 2680 2454 permittere
2714 2385 3002 2439 malebant.

2642 2493 2862 2550 CAPUT
2888 2494 3123 2549 XXXIV.

2099 2606 2361 2672 Quomodo
2384 2621 2511 2659 uxor
2530 2605 2773 2676 prtefecti,
2817 2606 3075 2674 pudicitiae
3097 2608 3353 2662 servanda:
3369 2624 3525 2663 causa
3549 2625 3681 2664 mor-

2631 2709 2725 2752 tem
2754 2700 2849 2753 sibi
2873 2701 3125 2754 conscivit.

2166 2809 2415 2877 Qutedam
2450 2826 2516 2865 ex
2545 2810 2625 2865 his
2650 2852 2665 2876 ,
2699 2821 2856 2882 nupta
2906 2814 3154 2867 senatorii
3184 2814 3384 2870 ordinis
3435 2816 3547 2870 viro
3585 2820 3681 2886 qui

2095 2900 2465 2971 praefecturam
2522 2902 2956 2969 administrabat,
3004 2917 3122 2957 cum
3170 2904 3427 2960 satellites
3483 2905 3679 2975 quibus

2098 3000 2354 3061 tyrannus
2396 2991 2698 3060 huiusmodi
2739 2991 3057 3062 ﬂagitiorum
3100 2994 3362 3048 ministris
3402 2996 3678 3065 utebatur,

2099 3098 2195 3151 pro
2226 3081 2426 3136 foribus
2451 3082 2637 3136 adesse
2663 3084 3030 3150 comperisset,
3063 3092 3116 3137 et
3153 3084 3323 3138 virum
3350 3098 3501 3139 suum
3530 3093 3681 3141 metu

2020 3149 2066 3211 (ἶ
2099 3173 2346 3228 adactum
2380 3174 2685 3242 permisisse
2716 3174 2820 3227 illis
2840 3182 2898 3227 ut
2927 3188 2983 3227 se
3007 3174 3324 3243 prehenSam
3350 3175 3682 3232 abducerent

2099 3266 2117 3337 (
2142 3274 2257 3319 erat
2300 3276 2476 3319 autem
2504 3266 2696 3319 mulier
2729 3264 3058 3335 christiana)
3083 3266 3246 3319 breve
3274 3268 3525 3336 temporis
3555 3282 3681 3336 epa-

2098 3356 2225 3410 tium
2273 3356 2492 3411 concedi
2546 3356 2642 3411 sibi
2678 3355 2932 3425 flagitavit
2960 3356 3026 3409 ad
3057 3371 3248 3425 corpus
3276 3358 3500 3412 solemni
3529 3359 3681 3415 cultu

2096 3446 2478 3500 exornandam.
2514 3446 2578 3499 Et
2607 3447 2904 3501 cubiculum
2934 3449 3166 3517 ingressa
3189 3490 3203 3512 ,
3233 3450 3399 3504 solam
3432 3466 3490 3506 se
3518 3452 3680 3508 relic-

2101 3548 2205 3590 tam
2264 3537 2466 3603 vidcns,
2511 3536 2743 3607 gladium
2799 3540 2998 3607 pectori
3046 3540 3332 3605 immersit;
3383 3542 3676 3612 statimque

2095 3630 2392 3681 exanimata
2417 3670 2431 3693 ,
2471 3628 2697 3684 cadaver
2740 3630 2949 3699 quidem
2994 3630 3393 3699 perdueloribus
3436 3635 3671 3703 reliquit.

2096 3718 2229 3787 Ipsis
2268 3734 2394 3774 vero
2440 3718 2589 3773 factis
2624 3735 2740 3790 qua:
2787 3722 2927 3774 omni
2980 3736 3106 3775 voce
3150 3723 3347 3777 clarius
3394 3736 3668 3792 resonant,

2094 3811 2299 3865 cunctis
2326 3811 2412 3880 qui
2442 3826 2579 3865 nunc
2596 3820 2721 3865 sunt
2745 3821 2798 3865 et
2826 3813 2914 3881 qui
2939 3813 3158 3881 poathac
3182 3825 3337 3868 erunt
3358 3817 3671 3872 mortalibus

2095 3900 2425 3969 declaravit,
2471 3902 2778 3970 pudicitiam
2826 3919 2988 3972 penes
3018 3905 3159 3957 solos
3188 3906 3505 3961 christianos
3534 3907 3672 3963 invi-

2095 3998 2233 4044 ctam
2282 4003 2439 4061 atque
2500 3991 2991 4059 inexpugnabilem,
3046 4008 3142 4047 nec
3189 3995 3342 4049 morti
3382 3995 3668 4053 obnoxiam

2094 4093 2231 4133 esse.
2262 4079 2435 4148 Atque
2464 4078 2578 4132 haec
2607 4079 2820 4148 quidem
2844 4080 2913 4132 ita
2942 4094 2999 4134 se
3018 4082 3197 4149 gessit.

2640 4188 2863 4245 CAPUT
2902 4188 3120 4244 XXXV.

2338 4304 2508 4357 Caedes
2538 4304 2716 4374 populi
2743 4303 2958 4359 Romani
2972 4307 3125 4374 jussu
3154 4307 3415 4363 Maxentii.

2167 4412 2298 4468 Eum
2325 4410 2484 4484 igitur
2508 4414 2572 4469 ad
2595 4414 2853 4482 ejusmodi
2876 4413 3108 4470 facinora
3139 4433 3257 4472 cum
3279 4419 3421 4474 omni
3444 4419 3667 4477 audacia

416 4511 717 4575 cersivit;et
734 4512 974 4580 quisnam
995 4510 1084 4564 ille
1100 4511 1236 4564 Deus
1252 4521 1395 4564 esset
1413 4509 1782 4579 interrogavit,
1800 4511 1992 4579 quidve
2018 4520 2071 4581 ι)
2098 4516 2526 4576 prorumpentem
2545 4508 2719 4562 cuncti
2740 4508 3163 4576 reformidantes,
3194 4520 3299 4565 tam
3324 4512 3668 4582 plebeiquam

416 4603 550 4673 signi
596 4602 737 4656 illius
776 4601 909 4655 visio
945 4600 1045 4655 sibi
1092 4601 1272 4655 vellet.
1306 4599 1383 4654 llli
1414 4600 1555 4654 hunc
1582 4601 1793 4670 quidem
1827 4603 1987 4657 Deum

418 4710 538 4750 esse
570 4692 840 4756 dixerunt,
871 4691 1025 4745 unius
1065 4706 1128 4746 ac
1169 4690 1335 4744 solius
1368 4692 1457 4745 Dei
1492 4692 1703 4744 unicum
1736 4690 1928 4746 Filium
1974 4710 1985 4744 :

416 4788 623 4855 signum
652 4800 778 4839 vero
817 4784 941 4839 illud
965 4782 1103 4853 quod
1130 4792 1399 4838 ostensum
1433 4782 1641 4848 fuisset,
1676 4784 1989 4839 immortali-

415 4880 537 4933 tatis
568 4878 864 4949 symbolum
895 4892 1033 4938 esse,
1064 4887 1113 4931 et
1146 4885 1399 4945 tropmum
1432 4876 1669 4930 victoriae
1698 4892 1855 4944 quam
1898 4877 1988 4931 ille

416 4972 470 5025 in
502 4972 657 5024 terris
709 4971 833 5023 olint
883 4978 1142 5033 vers-atus,
1174 4968 1239 5023 de
1270 4978 1441 5022 morte
1490 4968 1777 5024 retulisset.
1822 4969 1990 5025 Simul

413 5077 605 5116 causas
631 5062 770 5115 illius
804 5062 1059 5116 adventus
1087 5077 1207 5115 eum
1235 5062 1549 5123 docuerunt,
1579 5072 1873 5117 accuratam
1906 5062 1990 5116 in-

417 5153 745 5209 carnationis
760 5155 1018 5206 rationem
1038 5155 1083 5206 ei
1102 5162 1448 5221 exponentes.
1476 5152 1542 5204 At
1559 5151 1647 5205 ille
1671 5152 1765 5205 hos
1778 5152 1989 5221 quidem

416 5260 693 5302 sermones
722 5244 959 5298 discendi
981 5244 1203 5313 capidus
1225 5244 1573 5297 auscultabat.
1608 5242 1867 5297 Caeterum
1898 5244 1989 5298 Dei

414 5336 714 5408 praisentitc
733 5336 844 5391 suis
866 5334 1237 5403 conspectihus
1264 5334 1511 5388 exhibita:
1538 5334 1889 5389 admiratione
1915 5344 1991 5390 te-

411 5428 657 5484 nebatur.
703 5424 943 5494 Cumque
997 5424 1270 5480 cmlestem
1321 5424 1464 5479 illam
1510 5425 1764 5479 visionem
1807 5435 1861 5480 et
1906 5442 1991 5480 sa-

411 5519 759 5577 cerdotalium
806 5532 1109 5573 sermonum
1182 5515 1673 5587 interpretationem
1733 5517 1871 5572 inter
1931 5534 1989 5574 se

410 5612 753 5677 contulisset,
804 5610 1146 5664 confirmatus
1201 5618 1284 5664 est
1332 5608 1531 5672 animo,
1566 5605 1751 5661 harum
1808 5623 1987 5664 rerum

411 5705 767 5776 cognitionem
832 5703 925 5762 Dei
973 5703 1150 5775 ipsius.
1179 5700 1484 5772 magisterio
1548 5700 1648 5757 sibi
1698 5701 1828 5757 tradi
1891 5716 1988 5773 pro

2092 4600 2462 4668 magistratus,
2498 4609 2603 4653 tam
2650 4599 2855 4654 nobiles
2881 4614 3038 4668 quam
3067 4600 3309 4665 obscuri,
3349 4602 3665 4672 gravissima

2093 4690 2370 4760 tyrannide
2393 4690 2845 4760 opprimebantur.
2880 4693 2957 4744 Ac
2988 4693 3193 4745 tametsi
3222 4692 3398 4761 quiete
3436 4704 3661 4763 agerent

2091 4791 2145 4837 et
2170 4781 2572 4837 acerbissimam
2610 4785 2917 4838 servitutem
2962 4785 3219 4853 patienter
3256 4786 3561 4853 tolerarent,
3596 4804 3667 4845 ne

2092 4873 2169 4929 sic
2203 4884 2379 4929 tamen
2408 4874 2573 4930 vitare
2606 4884 3137 4945 poterantcruentam
3168 4878 3375 4948 tyranni
3404 4879 3664 4935 atrocita-

2094 4974 2221 5022 tem.
2272 4966 2540 5038 Denique,
2589 4966 2817 5037 quodam
2863 4966 2951 5022 die
2987 4967 3307 5023 levissimam
3340 4969 3411 5025 ob
3447 4984 3663 5026 causam

2092 5058 2343 5127 potiulum
2377 5058 2668 5113 Romanum
2696 5059 3027 5127 praetorianis
3063 5060 3313 5115 militibus
3341 5062 3665 5116 obtruncan-

2091 5147 2215 5203 dum
2244 5149 2461 5203 dedidit.
2491 5148 2661 5218 Atque
2689 5146 2757 5201 ita
2801 5148 3200 5205 innumerabilis
3240 5149 3517 5205 multitudo
3561 5166 3663 5221 po-

2102 5239 2208 5306 puli
2246 5239 2499 5307 Romani,
2537 5254 2641 5293 non
2684 5238 3000 5310 Scytharum
3040 5256 3103 5296 ac
3146 5241 3528 5309 Barbarorum,
3565 5243 3664 5299 sed

2097 5330 2289 5386 civium
2332 5347 2547 5386 suorum
2579 5331 2746 5386 hastis
2783 5332 3052 5398 armisque
3090 5335 3140 5389 in
3176 5336 3348 5390 media
3391 5338 3521 5390 urbe
3550 5344 3663 5391 tru-

2095 5423 2263 5478 cidata
2288 5434 2388 5479 est.
2414 5424 2633 5491 Quanta:
2654 5440 2816 5494 porro
2834 5425 3145 5482 Senatorum
3168 5427 3341 5483 caedes
3364 5429 3513 5483 factas
3532 5429 3659 5496 sint,

2096 5526 2154 5571 ut
2183 5518 2232 5570 in
2262 5518 2397 5571 bona
2427 5516 2840 5585 uniuscujusque
2866 5532 3051 5572 eorum
3080 5519 3440 5585 invaderetur,
3469 5538 3661 5581 nume-

2094 5610 2201 5665 rari
2231 5610 2373 5663 nullo
2400 5608 2558 5664 modo
2586 5619 2793 5679 potest;
2821 5625 2940 5664 cum
2969 5611 3201 5679 quotidie
3232 5612 3441 5685 plurimi
3462 5616 3668 5675 conﬁce-

2096 5702 2163 5757 tis
2190 5701 2349 5756 variis
2370 5699 2683 5757 criminibus
2712 5700 3157 5761 interﬁcerentur.
