3876 6218
3223 223 3254 236 Ἰ

167 299 246 356 ΞΒ
1252 309 1339 365 DE
1380 309 1539 366 VITA
1576 307 1750 365 CONS

1858 310 2023 367 NTINI
2063 312 2257 367 LIBER
2295 314 2336 369 1.
3360 315 3433 372 96

721 419 945 478 CAPUT
986 421 1226 479 XXXVI.

178 533 407 607 Magia:
427 544 562 590 artes
585 534 853 602 Maxentii,
873 545 918 590 et
937 538 1289 591 alimentorum
1317 539 1530 610 penuria
1557 536 1755 594 Roma.

252 645 498 701 Tandem
526 662 654 701 vero
683 659 938 719 tyrannus
978 650 1270 705 sceleribus
1289 651 1397 706 suis
1420 653 1568 722 quasi
1593 653 1756 722 quotl-

176 737 304 792 dam
355 737 656 809 fastigium,
702 741 917 810 magica:
965 744 1094 795 artis
1134 744 1426 813 prmstigias
1473 746 1754 813 imposuit,

181 845 332 884 nunc
381 830 637 886 mulieres
683 833 924 901 gravidas
969 833 1268 900 dissecatis,
1319 850 1458 888 nunc
1500 834 1756 889 infantum

176 936 378 976 recens
418 922 470 974 in
524 921 697 976 lucem
747 922 1008 976 editorum
1062 923 1261 979 rimans
1307 925 1535 990 viscera,
1577 926 1756 980 leones

180 1029 404 1083 quoque
434 1013 697 1067 interdum
727 1021 982 1080 mactans,
1012 1025 1066 1069 et
1091 1015 1329 1084 quaedam
1353 1015 1576 1070 nefanda
1608 1029 1758 1084 pera-

178 1118 316 1173 gens
365 1118 516 1157 sacra
569 1103 634 1156 ad
679 1102 952 1158 daemones
992 1105 1326 1171 evocandos,
1365 1115 1420 1160 et
1459 1105 1526 1159 ad
1561 1104 1755 1160 bellum

180 1196 326 1265 quod
375 1195 484 1264 jam
525 1194 778 1259 instabat,
811 1195 1207 1265 depellendum.
1254 1196 1344 1251 llis
1369 1197 1509 1252 enim
1554 1197 1755 1251 artibus

178 1286 466 1341 victoriam
513 1301 570 1340 sc
621 1285 931 1356 adepturum
970 1287 1235 1356 sperabat.
1296 1287 1389 1342 Hic
1433 1289 1590 1357 igitur
1630 1288 1752 1342 dum

178 1375 373 1430 Roma:
395 1375 728 1446 tyrannidem
750 1388 992 1442 exercet,
1017 1379 1101 1431 vix
1123 1377 1224 1432 dici
1253 1388 1422 1448 potest
1443 1389 1566 1446 quot
1590 1394 1752 1448 quan-

180 1468 362 1536 tisoue
397 1467 552 1522 malis
600 1468 839 1522 subditos
872 1473 1196 1540 Oppresserit
1236 1480 1393 1540 atque
1437 1472 1486 1524 in
1528 1473 1751 1526 servitu-

179 1567 287 1612 tem
321 1556 591 1626 redegerit
621 1579 633 1612 :
663 1558 795 1612 adeo
823 1569 877 1611 ut
905 1559 970 1613 ad
1009 1571 1298 1614 extremam
1347 1562 1474 1614 trusi
1512 1563 1616 1615 sint
1651 1563 1750 1614 ali-

176 1659 490 1705 mentorum
527 1651 816 1718 penuriam,
849 1652 1054 1720 qualem
1102 1663 1254 1708 antea
1295 1653 1478 1709 Romae
1519 1671 1748 1724 unquam

177 1742 372 1806 fuisse,
403 1742 548 1796 nulla
578 1741 848 1797 hominum
881 1745 1048 1798 anatis
1075 1754 1270 1800 nostrte
1293 1747 1545 1800 memoria
1571 1761 1748 1801 recor-

175 1832 360 1888 datur.

714 1905 937 1962 CAPUT
974 1905 1239 1964 XXXVII.

452 2020 700 2075 Maxentii
727 2022 970 2076 exercitus
996 2022 1046 2074 in
1071 2022 1227 2076 Italia
1252 2024 1493 2093 superati.

250 2130 332 2186 Ob
371 2131 486 2186 haec
523 2141 713 2186 cuncta
751 2131 933 2187 dolore
981 2147 1042 2187 ac
1084 2132 1418 2189 miseratione
1459 2145 1755 2194 commotus

178 2222 602 2289 Constantinus,
635 2225 777 2278 omni
807 2223 993 2279 bellico
1023 2236 1275 2294 apparatu
1303 2226 1554 2284 adversus
1579 2239 1755 2302 tyran-

181 2315 362 2369 nidem
383 2329 504 2369 sese
525 2316 789 2368 instruxit.
814 2315 1048 2386 Cumque
1062 2332 1323 2371 summum
1342 2320 1574 2373 omnium
1594 2322 1752 2374 Deum

179 2415 468 2477 patronum
507 2407 607 2460 sibi
633 2407 978 2471 adscivisset,
1017 2408 1388 2480 Christumque
1419 2413 1533 2482 ejus
1563 2414 1750 2468 Filium

178 2507 517 2552 servatorem
547 2506 704 2567 atque
743 2499 1108 2555 auxiliatorem
1140 2502 1471 2568 invocasset;
1504 2514 1557 2559 et
1586 2504 1754 2559 victo-

180 2593 275 2644 ria:
307 2598 612 2658 tropaeum,
645 2590 878 2645 salutare
906 2592 1106 2647 scilicet
1146 2595 1354 2662 signum
1397 2603 1520 2650 ante
1560 2595 1762 2662 milites,

178 2695 242 2735 ac
266 2681 560 2750 stipatores
581 2695 706 2734 suos
726 2683 1017 2744 statuisset,
1041 2697 1158 2736 cum
1187 2684 1330 2737 omni
1365 2687 1602 2739 exercitu
1633 2699 1753 2754 pro-

179 2787 399 2842 gressus
428 2780 532 2837 est,
565 2787 630 2825 eo
657 2772 882 2825 consilio
913 2781 969 2826 ut
992 2772 1246 2828 Romanis
1277 2774 1573 2828 libertatem
1597 2791 1752 2844 quam

181 2881 210 2921 a
241 2865 538 2934 majoribus
574 2865 684 2917 suis
721 2873 1071 2932 acceperant,
1110 2867 1406 2920 interventu
1453 2881 1550 2919 suo
1603 2867 1748 2920 resti-

182 2965 376 3010 tueret.
400 2953 571 3008 Porro
595 2967 712 3006 cum
741 2953 1034 3007 Maxentius
1060 2957 1379 3024 magicarum
1407 2955 1597 3009 artium
1630 2969 1754 3024 prte-

181 3048 357 3116 stigiis
387 3046 557 3114 magis
577 3059 734 3114 quam
761 3044 1089 3099 subditorum
1113 3045 1475 3102 benevolentia
1501 3046 1750 3110 conﬁsus,

1785 424 2107 486 Avidelicet
2160 441 2279 482 cum
2319 427 2494 482 divina
2546 427 2742 482 virtute
2799 425 3140 482 Constantini
3192 427 3430 497 partibus

1860 518 2146 572 auxiliante
2173 518 2224 572 in
2255 517 2429 588 fugam
2451 526 2622 584 actus,
2644 517 2857 572 fluvium
2884 518 2987 572 sibi
3013 518 3281 587 objeclum
3305 534 3423 589 per-

1861 609 2146 662 transiret:
2175 608 2225 661 in
2248 623 2387 676 quo,
2422 619 2582 677 ponte
2619 623 2681 662 ex
2723 608 2934 676 scaphis
2976 609 3278 665 firmissime
3301 625 3430 666 con-

1862 699 2114 762 tabulato,
2154 700 2266 766 ipsc
2309 699 2602 753 machinam
2645 699 2925 766 quamdam
2958 699 3008 754 in
3059 715 3207 754 suam
3255 701 3422 770 ipsius

1859 789 2144 859 perniciem
2172 799 2561 852 construxerat,
2589 790 2693 843 Deo
2723 789 2973 843 dilectum
3001 789 3292 860 principem
3321 790 3419 846 hu-

1853 880 2084 950 jusmodi
2124 881 2245 934 dolo
2284 881 2635 949 interceptum
2679 880 2740 934 iri
2783 895 3024 949 sperans.
3057 880 3254 936 Verum
3302 882 3424 954 huic

1857 970 2071 1041 quidem
2102 972 2240 1025 Deus
2282 986 2436 1040 quem
2467 971 2706 1038 colebat,
2751 971 2950 1026 auxilio
2995 970 3177 1026 adfuit.
3217 975 3284 1026 At
3327 973 3425 1028 im-

1857 1063 1974 1131 pius
1998 1061 2110 1125 ille,
2140 1061 2374 1115 occultas
2405 1061 2676 1114 machinas
2701 1061 2752 1114 in
2780 1076 2934 1115 suum
2957 1063 3122 1129 ipsius
3141 1069 3298 1130 caput
3321 1063 3424 1116 mi-

1857 1165 1946 1205 ser
1974 1152 2316 1220 comparavit.
2351 1151 2579 1206 Proinde
2614 1161 2666 1207 et
2709 1151 2808 1206 hoc
2836 1153 3027 1206 merito
3069 1152 3172 1208 dici
3210 1155 3418 1223 potuit:

1859 1241 2108 1298 Scrobem
2149 1243 2356 1310 aperuit
2395 1251 2551 1311 atque
2595 1241 2793 1308 effodit,
2825 1251 2878 1297 et
2918 1242 2968 1295 in
3012 1243 3215 1296 foveam
3260 1259 3415 1311 quam

1856 1331 1979 1386 fecit
2009 1334 2118 1401 ipse
2145 1332 2358 1386 incidet.
2383 1333 2735 1386 Convertetur
2761 1332 2908 1386 labor
2934 1332 3048 1400 ejus
3071 1332 3121 1386 in
3151 1333 3418 1402 proprium

1858 1425 2024 1494 ipsius
2052 1438 2231 1493 caput,
2259 1435 2311 1479 et
2342 1425 2390 1478 in
2423 1428 2676 1481 verticem
2708 1426 2870 1494 ipsius
2893 1424 3146 1490 injustitia
3182 1425 3294 1493 ejus
3332 1439 3420 1479 rc-

1854 1517 2012 1571 cidet.
2044 1516 2133 1570 Sic
2176 1515 2331 1586 igitur
2369 1517 2626 1570 machinis
2658 1532 2776 1586 quae
2821 1517 2872 1569 in
2907 1525 3071 1585 ponte
3105 1524 3420 1570 constructa:

1853 1608 2055 1663 fuerant
2084 1624 2202 1663 cum
2234 1609 2435 1662 occulta
2476 1609 2714 1677 decipula
2764 1619 2999 1676 tempore
3042 1607 3256 1660 minime
3297 1620 3420 1674 spc-

1852 1709 1968 1754 rato
1998 1700 2303 1764 dissolutis,
2353 1699 2604 1752 transitus
2644 1696 2856 1767 quidem
2899 1695 3178 1750 subsidere
3218 1696 3416 1765 ccepit:

1781 1786 1827 1846 B
1857 1791 2063 1859 navigia
2091 1806 2218 1844 vero
2246 1789 2400 1844 simul
2427 1803 2546 1842 cum
2576 1789 2703 1857 ipsis
2735 1787 3034 1842 hominibus
3059 1795 3276 1855 repente
3297 1799 3417 1854 pes-

1865 1884 2114 1939 sumiere.
2163 1884 2230 1937 Et
2278 1881 2455 1936 infelix
2521 1881 2609 1936 ille
2654 1880 2890 1934 omnium
2943 1881 3181 1949 primus,
3229 1877 3422 1934 deinde

1857 1975 2030 2029 cuncti
2058 1989 2190 2043 quos
2211 1975 2349 2028 circa
2391 1987 2449 2026 se
2485 1971 2716 2026 habebat
2746 1979 3078 2039 protectores
3107 1985 3170 2025 ac
3197 1971 3419 2039 stipato.

1856 2082 1942 2121 res
1962 2107 1978 2133 ,
2006 2068 2140 2120 sicut
2168 2065 2342 2119 divina
2375 2065 2743 2133 praedixerunt
2768 2061 3012 2126 oracula,
3041 2061 3209 2115 instar
3249 2061 3420 2130 plum-

1857 2156 1971 2210 beas
2009 2169 2197 2209 massa:
2238 2153 2292 2206 in
2331 2155 2646 2207 altissimum
2676 2151 2935 2221 gurgitem
2976 2149 3238 2205 cecidere.
3271 2149 3421 2204 Adeo

1855 2255 1911 2298 ut
1943 2245 2135 2299 milites
2156 2245 2243 2313 qui
2267 2254 2388 2298 tunc
2414 2258 2515 2312 ope
2543 2243 2706 2296 divini
2735 2240 2974 2296 Numinis
3017 2241 3292 2294 victoriam
3329 2239 3421 2293 ad-

1855 2335 1960 2403 epti
1991 2341 2132 2396 sunt,
2172 2333 2386 2400 perinde
2413 2347 2473 2386 ac
2495 2332 2619 2385 olim
2651 2330 2901 2386 Israelita:
2928 2343 3062 2399 quos
3086 2341 3304 2399 magnus
3329 2328 3420 2384 ille

1856 2423 1946 2477 Dei
1975 2421 2204 2475 famulus
2243 2424 2414 2476 Moses
2448 2421 2706 2485 ducebat,
2750 2421 2940 2473 merito
2974 2419 3017 2472 si
3056 2434 3160 2474 non
3205 2417 3416 2483 verbis,

1854 2515 2041 2568 saltem
2069 2515 2228 2568 rebus
2257 2515 2383 2577 ipsis
2409 2511 2592 2566 eadem
2620 2525 2739 2579 qute
2766 2510 2838 2562 illi
2869 2507 3133 2577 quondam
3157 2507 3413 2561 adversus

1855 2604 2072 2672 impium
2106 2604 2249 2657 illum
2282 2602 2610 2655 Pharaonem
2647 2599 2905 2653 cautaturi
2952 2597 3146 2650 fuerint
3188 2597 3238 2649 in
3281 2596 3421 2650 hunc

1855 2693 2105 2748 modum:
2140 2693 2426 2746 Cantemus
2465 2690 2690 2744 Domino
2725 2705 2737 2740 :
2769 2686 3046 2756 magnifice
3082 2685 3220 2739 enim
3255 2684 3419 2754 glori-

1855 2787 2043 2840 ficatus
2069 2793 2170 2839 est.
2203 2783 2409 2852 Equum
2453 2793 2506 2836 et
2537 2794 2870 2834 ascensorem
2912 2776 3133 2846 proiecit
3170 2778 3219 2828 in
3251 2788 3416 2830 mare.

1854 2874 2079 2944 Adjutor
2108 2883 2161 2928 et
2193 2883 2458 2942 protector
2500 2871 2669 2925 factus
2708 2879 2789 2923 est
2819 2869 2949 2922 mihi
2979 2868 3044 2921 ad
3067 2868 3312 2920 salutem.
3354 2867 3417 2921 Et

1855 2968 2043 3023 iterum
2071 2984 2083 3020 :
2107 2966 2235 3034 Quis
2270 2966 2456 3020 similis
2495 2963 2585 3017 tibi
2630 2963 2768 3016 inter
2812 2961 2972 3026 deos,
3005 2959 3258 3022 Domine,
3300 2958 3418 3026 quis

1855 3059 2042 3114 similis
2089 3058 2222 3112 tibi?
2252 3056 2590 3114 Gloriflcatus
2637 3057 2687 3109 in
2737 3053 2964 3123 sanctis,
2999 3050 3324 3106 admirabilis
3366 3050 3418 3102 iu

184 3153 251 3193 ne
299 3135 518 3207 quidem
572 3147 721 3189 extra
768 3134 913 3189 urbis
962 3146 1141 3205 portas
1195 3137 1438 3205 progredi
1492 3136 1748 3199 auderet;

1858 3151 2044 3219 gloria,
2069 3148 2271 3204 faciens
2297 3146 2550 3218 prodigia.

182 3243 373 3285 cuncta
405 3243 540 3284 vero
569 3231 621 3284 in
653 3232 874 3284 circuitu
906 3231 1048 3284 urbis
1075 3230 1260 3284 Romae
1286 3247 1347 3284 ac.
1390 3231 1548 3285 totius
1593 3230 1751 3283 Italia:

185 3323 317 3388 loca,
349 3323 568 3391 oppida,
599 3323 841 3392 regiones
872 3337 1000 3392 quas
1027 3323 1295 3376 servitutis
1321 3324 1448 3392 jugo
1472 3335 1751 3391 oppressas

187 3416 420 3474 tenebat,
459 3412 833 3468 innumerabili
855 3424 1177 3466 armatorum
1202 3413 1535 3467 multitudine
1565 3422 1615 3467 et
1637 3411 1748 3466 dis-

186 3507 371 3576 positis
390 3505 455 3558 ad
484 3504 838 3558 insidiandum
860 3505 1178 3559 exercitibus
1195 3504 1426 3573 undique
1443 3504 1748 3558 muniisset:

184 3597 365 3650 divino
395 3595 563 3648 fretus
586 3595 780 3648 auxilio
813 3598 1126 3664 imperator,
1171 3595 1430 3662 primam,
1462 3592 1748 3646 secundam

185 3701 244 3741 ac
279 3687 491 3740 tertiam
539 3689 746 3756 tyranni
789 3700 1069 3753 aggressus
1109 3685 1298 3748 aciem,
1341 3685 1544 3738 cunctis
1580 3684 1751 3751 primo

186 3780 363 3833 statim
391 3780 588 3848 impetu
617 3777 747 3832 fusis
771 3794 834 3833 ac
858 3777 1048 3848 fugatis
1070 3818 1084 3843 ,
1110 3778 1162 3831 in
1191 3777 1443 3831 interiora
1475 3775 1635 3830 Italia:
1662 3790 1752 3845 pe-

181 3871 430 3924 aetravit.

697 3959 922 4016 CAPUT
959 3959 1241 4015 XXXVIII.

473 4053 720 4109 Maxentii
745 4053 974 4107 interitus
998 4053 1051 4106 in
1078 4064 1229 4122 ponte
1253 4050 1468 4106 Tiberis.

253 4167 601 4233 Tandemque
661 4165 725 4220 ad
775 4167 942 4235 ipsam
998 4166 1182 4219 urbem
1248 4166 1465 4218 Romam
1536 4164 1751 4232 propius

186 4258 437 4314 accessit.
485 4255 678 4318 Verum
727 4272 793 4310 ne
830 4257 987 4310 unius
1028 4257 1234 4326 tyranni
1274 4270 1428 4309 causa
1483 4254 1751 4308 Romanos

184 4366 377 4405 omnes
410 4365 719 4420 oppugnare
740 4363 958 4404 necesse
985 4347 1223 4410 haberet,
1257 4347 1394 4400 Deus
1423 4347 1566 4400 illum
1597 4345 1746 4415 quasi

189 4441 416 4497 vinculis
468 4439 782 4509 quibusdam
840 4439 1181 4493 constrictum
1231 4454 1382 4508 quam
1443 4437 1748 4506 longissime

183 4542 337 4587 extra
360 4532 510 4587 urbis
542 4539 718 4599 portas
750 4531 1034 4599 protraxit:
1059 4531 1318 4600 simulque
1345 4531 1511 4600 prisca
1544 4530 1629 4582 illa
1657 4528 1749 4582 ad-

183 4639 370 4678 versus
403 4622 593 4692 impios
612 4622 749 4676 edita
778 4622 1049 4687 miracula,
1073 4638 1187 4691 qua:
1209 4623 1372 4675 sacris
1400 4621 1750 4675 voluminibus

183 4719 552 4778 continentur,
571 4725 624 4767 et
653 4713 842 4782 quibus
866 4713 1013 4767 multi
1039 4713 1248 4782 quidem
1276 4712 1496 4781 perinde
1517 4727 1579 4766 ac
1603 4711 1751 4764 fabu-

182 4808 247 4862 lis
275 4807 434 4861 ﬁdem
479 4806 770 4873 derogant,
804 4818 922 4856 cum
955 4813 1131 4856 tamen
1169 4800 1414 4856 ﬁdelibus
1457 4801 1558 4854 fide
1592 4800 1749 4870 digna

181 4898 486 4961 videantur,
517 4893 724 4947 cunctis
755 4901 860 4946 tam
885 4891 1127 4947 fidelibus
1152 4907 1308 4960 quam
1339 4890 1636 4944 inﬁdelibus
1663 4891 1751 4960 qui

181 4988 285 5044 hoc
312 4985 629 5043 miraculum
659 4983 800 5053 quod
829 4983 1018 5037 dicturi
1049 4997 1229 5036 sumus
1259 4981 1426 5036 oculis
1465 4983 1574 5036 suis
1597 4997 1747 5050 spec-

181 5086 448 5140 taverunt,
495 5076 772 5130 verissima
821 5087 942 5128 esse
992 5087 1153 5142 opere
1198 5073 1314 5140 ipso
1361 5073 1742 5141 comprobavit.

176 5171 313 5230 Nam
360 5167 807 5239 quemadmodum
852 5165 1011 5219 Mosis
1059 5179 1122 5219 ac
1168 5165 1428 5234 religiosa:
1481 5167 1744 5234 quondam

174 5261 352 5334 gentis
382 5259 726 5313 Hebraeorum
753 5254 1098 5324 temporibus,
1148 5255 1286 5309 Deus
1313 5269 1499 5309 currus
1519 5266 1570 5310 et
1597 5271 1748 5310 exer-

175 5355 343 5409 citum
371 5349 668 5405 Pharaonis
699 5346 922 5417 projccit
952 5347 1000 5398 in
1033 5361 1208 5409 mare,
1256 5345 1574 5400 lectissimos
1611 5348 1748 5402 mili-

174 5452 256 5500 tes
285 5457 354 5497 ex
400 5454 559 5494 curru
596 5447 894 5508 pugnantes
927 5437 1158 5490 tristatas
1197 5435 1481 5490 submersit
1520 5437 1571 5490 in
1612 5439 1741 5492 mari

173 5534 339 5591 rubro
361 5572 376 5593 .
406 5539 459 5584 et
487 5529 731 5583 ﬂuctibus
758 5525 998 5595 operuit;
1031 5526 1106 5580 sic
1131 5525 1280 5592 plane
1322 5525 1618 5582 Maxentius
1639 5569 1654 5593 ,
1692 5539 1746 5582 et

171 5627 498 5696 quicumque
539 5619 680 5674 circa
725 5617 876 5672 illum
921 5624 1071 5669 erant
1117 5616 1310 5669 milites
1337 5630 1397 5669 ac
1434 5616 1743 5684 stipatores,

171 5716 341 5771 instar
355 5708 548 5781 lapidis
569 5711 621 5764 in
639 5706 955 5763 altissimum
972 5705 1228 5776 gurgitem
1251 5705 1574 5762 ceciderunt.
1600 5706 1748 5762 Tunc

2377 3279 2600 3336 CAPUT
2640 3276 2882 3333 XXXIX.

2069 3393 2331 3465 Ingressus
2353 3391 2668 3448 Constantini
2693 3392 2742 3442 in
2770 3392 2935 3442 urbem
2965 3387 3195 3440 Romam.

1931 3507 2055 3561 Haec
2079 3518 2130 3561 et
2159 3507 2259 3560 alia
2298 3507 2482 3559 horum
2513 3517 2762 3573 germana
2802 3516 2920 3554 cum
2949 3499 3326 3554 Constantinus
3351 3513 3418 3554 eo

1855 3606 2090 3666 tempore
2137 3611 2379 3665 magnum
2412 3596 2500 3648 Dei
2548 3594 2797 3647 famulum
2837 3592 3032 3653 Moscm
3067 3591 3334 3655 imitatus,
3363 3591 3416 3643 in

1853 3689 2060 3744 laudem
2090 3689 2181 3743 Dei
2203 3687 2578 3741 universorum
2622 3684 2874 3751 principis
2897 3692 2950 3736 et
2975 3682 3210 3736 victoria:
3242 3690 3419 3734 aucto-

1853 3779 1927 3833 ris
1957 3779 2110 3833 factis
2139 3779 2264 3847 ipsis
2285 3777 2586 3837 cecinisset,
2611 3773 2832 3827 Romam
2858 3773 3187 3840 triumphans
3216 3773 3421 3840 ingrcs-

1854 3885 1944 3926 sus
1987 3877 2087 3924 est.
2116 3869 2420 3937 Omnesque
2462 3866 2657 3937 pariter
2697 3875 2798 3917 tam
2836 3879 2902 3916 ex
2937 3872 3120 3917 senatu
3160 3876 3314 3930 quam
3351 3874 3420 3916 ex

1853 3959 2082 4030 equestri
2116 3959 2332 4022 ordine,
2364 3967 2610 4025 tanquam
2649 3955 2878 4009 carceris
2904 3953 3141 4007 custodia
3182 3951 3416 4018 liberati,

1854 4067 1972 4108 cum
1996 4052 2240 4106 universo
2269 4050 2462 4120 popqu
2490 4049 2729 4102 Romano
2748 4089 2762 4111 ,
2792 4049 2917 4102 laeto
2942 4047 3090 4100 vultu
3130 4047 3419 4113 faustisque

1853 4141 2316 4196 acclamationibus
2358 4154 2477 4194 cum
2519 4137 2823 4206 inexplebili
2881 4137 3075 4205 gaudio
3120 4150 3187 4190 ex
3232 4135 3419 4188 intimo

1853 4232 2148 4284 animorum
2170 4229 2358 4283 alleclu
2400 4243 2519 4282 eum
2546 4242 2828 4296 excepere.
2878 4227 2946 4280 Et
2971 4227 3146 4281 cuncti
3188 4236 3290 4280 tam
3319 4225 3418 4280 viri

1853 4337 2008 4391 quam
2058 4319 2306 4374 mulieres
2355 4334 2474 4374 cum
2521 4319 2699 4373 liberis
2746 4328 2800 4372 et
2842 4318 3044 4371 inlinita
3093 4317 3413 4372 famulorum

1854 4411 2211 4475 multitudine,
2239 4411 2382 4464 illum
2411 4411 2771 4472 liberatorem,
2797 4418 3118 4463 servatorem
3150 4422 3213 4462 ac
3247 4409 3416 4462 hono-

1775 4508 1826 4566 D
1853 4519 1968 4558 rum
1995 4513 2283 4567 auctorem,
2321 4501 2614 4556 incredibili
2643 4501 2875 4555 clamore
2905 4515 3059 4569 quem
3090 4514 3246 4554 nemo
3271 4499 3420 4555 cohi-

1855 4602 1982 4654 bere
2034 4608 2240 4668 poterat
2287 4597 2640 4665 appellabant.
2690 4595 2884 4650 Verum
2937 4595 3025 4650 ille
3067 4595 3318 4662 pietatem
3365 4595 3420 4649 in

1858 4691 2018 4745 Deum
2049 4687 2196 4757 quasi
2230 4686 2438 4740 insitam
2466 4688 2565 4741 sibi
2606 4695 2762 4756 atque
2807 4687 3039 4739 innatam
3064 4698 3275 4754 gerens,
3317 4697 3418 4739 nec

1855 4779 2158 4849 hujusmodi
2191 4779 2674 4842 acclamationibus,
2712 4793 2811 4831 nec
2842 4775 3085 4830 laudibus
3122 4775 3292 4830 elatus
3316 4784 3416 4830 est.

1855 4871 1959 4926 Sed
1983 4885 2101 4925 cum
2137 4870 2224 4923 Dei
2247 4869 2505 4922 auxilium
2544 4869 2643 4922 sibi
2671 4866 2904 4922 adfuisse
2947 4867 3109 4936 probe
3151 4865 3412 4935 intellige-

1855 4973 1968 5028 ret,
1998 4963 2138 5016 illico
2175 4961 2407 5015 victorize
2446 4960 2646 5014 auctori
2687 4959 2972 5029 gratiarum
2997 4958 3258 5014 actionem
3295 4971 3394 5028 sup

1852 5055 1971 5124 plex
2001 5053 2256 5122 rependit.

2447 5141 2670 5196 CAPUT
2708 5141 2818 5195 XL.

1851 5233 1930 5288 De
1956 5233 2267 5289 Constantini
2301 5243 2469 5287 statua
2498 5248 2690 5287 crucem
2732 5241 2956 5297 tenente,
2991 5239 3037 5284 et
3092 5229 3154 5283 de
3193 5232 3300 5302 ejus
3337 5230 3421 5284 in-

2489 5323 2775 5388 scriptione.

1924 5438 1991 5492 Et
2014 5438 2154 5492 clara
2197 5451 2326 5491 voce
2365 5451 2427 5490 ac
2465 5434 3233 5504 tituloruminscriptionibus,
3275 5435 3418 5490 salu-

1851 5539 1962 5584 tare
1989 5530 2194 5597 signum
2217 5528 2420 5582 cunctis
2444 5527 2746 5581 hominibus
2775 5527 3104 5579 annuntiavit
3130 5544 3141 5579 :
3179 5526 3280 5579 hoc
3303 5536 3417 5581 tro-

1853 5635 1967 5690 paeo
2011 5620 2061 5672 in
2102 5618 2277 5672 medio
2302 5617 2446 5672 urbis
2477 5619 2634 5686 regite
2674 5616 2931 5670 adversus
2971 5619 3151 5669 hostes
3189 5630 3368 5671 erecto
3396 5658 3410 5686 ,

1851 5717 2009 5779 atque
2035 5708 2137 5765 hoc
2161 5707 2376 5764 salutari
2403 5707 2554 5777 signo
2579 5705 2716 5775 quod
2747 5702 2953 5773 imperii
2977 5704 3198 5760 Romani
3225 5719 3286 5760 ac
3315 5715 3407 5761 to-
