3876 6218
434 302 505 362 27
1742 312 2367 387 EUSEBII‘PAMI’HILI
3621 322 3689 377 28

438 423 542 478 tius
581 422 726 478 orbis
749 424 1050 494 prmsidium
1097 437 1212 493 est,
1243 427 1514 483 literarum
1554 428 1694 481 notis
1736 440 2003 497 nunquam
2032 428 2085 489 Α
2110 429 2344 498 epulenti
2370 432 2514 500 prius
2540 432 2890 499 exstitissent,
2917 442 3101 503 postea
3124 443 3322 488 mutata
3351 446 3494 489 sorte
3516 435 3569 490 in
3596 451 3690 489 ex-

437 513 732 572 interituris
771 518 958 573 inciso.
989 518 1177 575 Statim
1215 534 1343 590 ergo
1380 520 1663 575 sublimem
1706 520 1909 573 hastam
1955 520 2011 574 in

435 608 651 665 modum
670 611 861 679 erucis,
892 612 990 666 sub
1010 627 1223 667 manum
1242 624 1427 668 statuae
1447 628 1559 668 sua:
1578 613 1631 667 in
1660 612 2014 668 celeberrimo

441 702 589 755 urbis
631 702 749 756 loco
803 703 925 771 poni
962 703 1141 771 jussit,
1174 712 1229 759 et
1267 703 1571 772 hujusmodi
1616 703 2015 772 inscriptionem

438 792 604 847 latino
632 808 880 849 sermone
906 794 1094 863 subjici
1126 811 1140 848 :
1175 794 1286 848 Hoc
1312 795 1522 849 salutari
1542 795 1686 865 signa
1710 794 1846 863 quod
1886 809 2015 848 verw

436 886 632 940 virtutis
655 896 1005 957 argumentum
1034 895 1125 952 est,
1158 896 1371 940 vestram
1407 886 1579 939 urbem
1611 886 1889 956 tyrannica:
1918 886 2013 938 do-

436 978 726 1032 minationis
754 978 883 1048 jugo
924 976 1182 1032 liberatam
1219 979 1430 1032 servavi.
1482 978 1695 1031 Senatui
1731 974 2017 1047 populoque

438 1068 671 1123 Romano
699 1070 751 1123 in
778 1070 1054 1123 libertate»:
1083 1080 1273 1125 asserto
1302 1071 1572 1142 pristinum
1605 1069 1755 1124 decus
1777 1068 2013 1123 nobilita—

443 1161 507 1214 tis
524 1160 940 1231 splendoremque
964 1161 1182 1215 restitui.

1021 1274 1245 1330 CAPUT
1283 1273 1420 1329 XLI.

505 1365 766 1421 Exultatio
793 1366 1195 1436 provinciarum,
1226 1376 1271 1421 et
1295 1367 1584 1437 largitiones
1613 1364 1952 1422 Constantini.

511 1480 569 1535 In
602 1478 746 1535 hunc
784 1479 997 1534 modum
1031 1479 1125 1533 Dei
1157 1480 1553 1535 amantissimus
1594 1480 1881 1547 imperator
1911 1481 2018 1535 vic-

443 1573 587 1627 tricis
618 1573 789 1627 crucis
810 1573 1195 1627 confessionem
1228 1589 1335 1642 prm
1362 1587 1420 1627 se
1452 1573 1648 1635 ferens.
1694 1572 1883 1626 Filium
1924 1572 2019 1628 Dei

451 1663 705 1718 Romanis
753 1664 917 1717 libere
947 1673 1105 1733 atque
1136 1664 1363 1734 ingenue
1396 1663 1721 1732 praedicavit.
1758 1664 1818 1717 Et
1839 1664 2017 1719 cuncti

441 1758 529 1827 qui
561 1758 744 1811 urbem
794 1757 1129 1825 incolebant,
1163 1767 1269 1811 tam
1299 1766 1515 1812 senatus
1554 1772 1711 1827 quam
1755 1758 2013 1826 populus,

442 1858 625 1920 utpote
652 1838 843 1904 acerba
867 1859 921 1905 et
963 1851 1235 1921 tyrannica
1266 1849 1627 1904 dominatione
1662 1848 1901 1912 liberati,
1932 1864 2018 1903 re-

441 1942 646 2012 Spirare
684 1941 1077 2011 quodammodo
1118 1953 1169 1996 et
1197 1943 1425 2011 purioris
1456 1942 1586 1996 lucis
1608 1941 1769 1997 radiis
1820 1940 2018 2011 perfrui

445 2032 543 2086 sibi
568 2031 901 2096 videbantur,
929 2043 1086 2102 atque
1114 2032 1162 2084 in
1195 2048 1382 2086 novam
1414 2032 1694 2103 quamdam
1734 2034 1890 2085 vitam
1930 2048 2017 2086 re-

443 2124 607 2177 nasci.
643 2123 841 2179 Gentes
863 2140 1071 2195 quoque
1111 2126 1375 2179 universze
1407 2133 1664 2195 quotquot
1699 2124 2017 2180 occidentali

444 2230 645 2271 oceano
686 2218 1056 2283 terminantur,
1102 2218 1340 2285 pristinis
1372 2217 1525 2271 malis
1558 2218 1824 2281 liberatze,
1851 2214 2020 2271 festos

444 2308 558 2362 dies
584 2323 703 2362 cum
726 2309 870 2362 omni
899 2307 1167 2363 hilaritate
1195 2308 1571 2372 celebrabant;
1610 2306 2016 2360 Constantinum

443 2399 701 2453 victorem
725 2441 737 2464 ,
770 2399 859 2453 Dei
906 2399 1163 2461 amicum,
1207 2400 1273 2453 de
1312 2398 1558 2453 omnibus
1598 2400 1733 2452 bene
1772 2397 2019 2452 meritum

443 2490 711 2544 continuis
732 2488 975 2544 laudibus
996 2488 1365 2559 praedicantes.
1388 2489 1519 2543 Eum
1542 2489 1715 2543 cuncti
1740 2501 2021 2543 commune

444 2579 708 2649 quoddam
730 2580 950 2643 bonum,
979 2578 1072 2634 Dei
1099 2579 1424 2647 benignitate
1448 2582 1679 2633 humano
1708 2580 1890 2649 generi
1923 2578 2020 2631 do-

446 2682 624 2725 natum
652 2672 907 2739 illuxisse,
939 2688 1044 2726 uno
1072 2687 1166 2727 ore
1189 2683 1365 2741 atque,
1390 2687 1493 2725 una
1518 2686 1646 2725 voce
1670 2670 2017 2725 testabantur.

447 2767 553 2823 Sed
580 2777 633 2825 et
656 2770 999 2837 imperatoris
1041 2768 1207 2822 literae
1237 2767 1431 2837 ubique
1458 2765 1744 2836 propositae
1768 2764 2021 2833 legeban-

447 2870 532 2914 tur
558 2877 569 2912 :
602 2860 793 2930 quibus
817 2860 850 2913 ii
880 2860 968 2929 qui
1005 2859 1155 2912 bonis
1182 2859 1291 2911 suis
1314 2857 1523 2926 spoliati
1563 2854 1806 2915 fuissent,
1832 2868 2021 2907 eorum

448 2951 839 3020 possessionem
893 2947 1155 3003 beneficio
1209 2947 1461 3015 principis
1505 2946 1927 3013 recuperabant,
1970 2953 2023 2996 et

447 3045 537 3115 qui
565 3044 759 3113 injuste
779 3043 997 3112 relegati
1021 3050 1218 3103 essent,
1244 3040 1520 3110 penatibus
1541 3040 1649 3093 suis
1672 3037 2025 3093 restitueban-

450 3145 554 3190 tur.
587 3135 819 3190 Vinculis
842 3148 1052 3203 quoque
1075 3141 1126 3185 et
1150 3132 1291 3187 omni
1320 3129 1551 3198 periculo
1577 3144 1637 3182 ac
1660 3141 1804 3182 metu
1832 3127 2024 3182 libera-

450 3228 643 3284 bantur
673 3228 742 3293 ii,
768 3227 855 3295 qui
878 3241 971 3295 per
998 3224 1324 3295 tyrannicam
1357 3220 1724 3275 crudelitatem
1764 3218 1829 3272 iis
1853 3217 2022 3272 vexati

452 3319 694 3375 fuissent.

1015 3385 1243 3441 CAPUT
1302 3384 1459 3440 XLII.

490 3483 724 3538 Honores
750 3482 996 3553 episcOpis
1014 3482 1189 3545 delati,
1212 3488 1259 3533 et
1286 3479 1607 3533 ecclesiarum
1633 3477 1988 3532 extructiones.

524 3596 691 3651 Porro
712 3598 823 3665 ipse
848 3594 1133 3663 imperator
1152 3592 1425 3647 ministros
1450 3592 1538 3645 Dei
1565 3607 1592 3643 a
1610 3606 1669 3645 se
1686 3598 2027 3655 convocatos,

454 3690 595 3744 omni
624 3689 879 3757 obsequio
910 3698 1067 3756 atque
1097 3688 1299 3739 honore
1347 3684 1797 3754 prosequebatur;
1831 3696 1923 3737 eos
1949 3694 2031 3735 ut-

457 3792 577 3853 pote
604 3782 709 3835 Deo
732 3796 887 3851 quem
904 3780 1109 3835 colebat
1132 3788 1491 3843 consecratus,
1521 3791 1623 3829 non
1648 3776 1824 3829 verbis
1845 3774 2027 3839 modo,

455 3890 638 3929 verum
690 3873 846 3927 etiam
899 3872 1049 3926 factis
1108 3870 1414 3924 humaniter
1465 3870 1752 3937 excipiens.
1805 3866 2030 3920 Proinde

458 3982 655 4021 mensa:
680 3966 846 4035 ipsius
874 3964 1259 4017 adhibebantur
1285 3960 1548 4026 homines,
1572 3971 1792 4013 externo
1819 3959 2030 4026 quidem

459 4060 639 4113 habitu
667 4072 729 4111 ac
758 4057 946 4111 vestitu
972 4054 1345 4124 despicabiles,
1400 4052 1491 4106 sed
1519 4066 1654 4121 quos
1686 4052 1771 4104 ille
1816 4050 2032 4103 minime

459 4149 813 4218 despicabiles
838 4147 1141 4217 judicabat:
1168 4149 1363 4217 quippe
1385 4145 1473 4215 qui
1504 4159 1608 4197 non
1638 4151 1910 4198 externam
1939 4143 2035 4196 bo-

458 4239 617 4294 minis
641 4240 870 4308 speciem
898 4252 1016 4307 quas
1043 4238 1211 4293 oculis
1234 4239 1471 4308 subjecta
1501 4246 1613 4303 est,
1640 4235 1731 4290 sed
1763 4236 1926 4289 Deum
1954 4235 2031 4305 ip-

459 4346 577 4385 sum
624 4330 1014 4399 introspiceret.
1059 4329 1139 4384 Ad
1170 4330 1281 4383 hrec
1302 4342 1634 4399 quocumque
1679 4328 1781 4382 iter
1808 4326 2030 4393 faceret,

458 4436 552 4476 eos
589 4435 768 4475 secum
800 4418 1126 4482 deducebat;
1158 4418 1321 4472 Deum
1352 4434 1509 4488 quem
1558 4419 1632 4473 illi
1660 4419 1895 4471 colerent
1915 4459 1931 4484 ,
1963 4418 2032 4471 ob

460 4515 512 4568 id
544 4514 702 4568 etiam
758 4512 1040 4582 propitium
1092 4512 1191 4566 sibi
1238 4512 1418 4565 adfore
1470 4526 1563 4580 pro
1606 4520 1755 4567 certo
1808 4510 2031 4563 habens.

460 4607 595 4674 Quin
620 4608 777 4661 etiam
811 4606 1050 4661 ecclesiis
1079 4606 1170 4659 Dei
1201 4605 1425 4674 plurima
1450 4618 1513 4657 ex
1537 4603 1799 4657 thesauris
1817 4603 1928 4657 suis
1956 4601 2040 4655 be-

464 4698 646 4753 neﬁcia
682 4697 1143 4761 subministravit;
1179 4698 1367 4765 partim
1397 4707 1579 4751 sacras
1622 4694 1764 4748 rudes
1807 4690 2040 4763 amplifi-

462 4802 587 4842 cans
616 4796 670 4841 et
700 4789 751 4841 in
792 4787 1017 4843 sublime
1045 4788 1253 4857 erigens
1273 4829 1287 4852 ,
1319 4787 1507 4856 partim
1538 4794 1756 4855 augusta
1789 4784 2038 4839 ecclesia-

464 4894 581 4933 rum
610 4878 840 4935 sacraria
869 4878 1109 4949 plurimis
1137 4879 1375 4934 donariis
1394 4892 1683 4932 exornans.

1031 4992 1255 5049 CAPUT
1289 4990 1470 5046 XLIII.

679 5087 760 5143 De
785 5088 1098 5143 Constantini
1117 5090 1166 5143 in
1194 5104 1437 5159 pauperes
1468 5088 1815 5157 beneﬁcentia.

538 5201 712 5257 Variis
742 5202 972 5270 denique
1002 5201 1339 5270 pecuniarum
1371 5201 1720 5256 divisionibus
1763 5201 2033 5271 egentium

467 5295 696 5365 inopiam
745 5294 1046 5350 sublevans.
1097 5296 1375 5351 Extraneis
1422 5304 1680 5365 praeterea
1725 5294 1814 5364 qui
1864 5293 2036 5362 ipsum

464 5387 691 5453 adirent,
726 5387 1013 5442 humanum
1035 5404 1093 5443 se
1122 5404 1182 5443 ac
1215 5388 1486 5445 liberalem
1514 5386 1805 5458 praebebat.
1830 5386 1906 5441 Ac
1935 5387 2037 5439 mi-

469 5479 603 5533 seris
634 5478 844 5547 quidem
868 5478 977 5551 illis
1008 5488 1060 5535 et
1100 5480 1319 5549 abjectis
1349 5480 1435 5548 qui
1484 5479 1536 5532 in
1569 5478 1684 5533 foro
1714 5478 2039 5544 mendicant,

469 5583 573 5624 non
599 5574 847 5640 pecunias
868 5572 1036 5625 solum
1059 5582 1111 5627 et
1135 5574 1381 5627 alimenta
1406 5573 1468 5627 ad
1493 5573 1687 5626 victum
1714 5568 2039 5637 necessaria,

480 5660 573 5716 sed
622 5663 779 5716 etiam
811 5672 1011 5718 vestem
1055 5664 1120 5717 ad
1154 5664 1430 5736 tegendam
1471 5664 1709 5733 corporis
1757 5661 2045 5716 nuditatem

484 5756 809 5828 suppeditari
857 5758 1033 5829 jussit.
1075 5758 1184 5815 Illis
1214 5773 1339 5816 vero
1363 5757 1452 5830 qui
1488 5771 1605 5814 cum
1642 5756 1852 5827 ingenui
1892 5764 2051 5826 atque

2117 527 2316 574 tremas
2344 522 2673 578 calamitates
2697 523 3011 589 inciderant,
3040 524 3263 593 largiora
3292 524 3410 579 vita:
3456 526 3689 581 subsidia

2116 611 2492 666 commodavit.
2528 613 2857 683 Prorsusque
2877 615 3023 684 regio
3044 616 3222 669 animo
3244 616 3521 683 magnilica
3546 631 3693 685 qua:-

2114 698 2236 753 dam
2288 716 2507 757 munera
2559 705 2609 757 in
2637 704 2897 773 ejusmodi
2944 705 3185 760 homines
3222 706 3523 771 conferens,
3568 707 3691 760 aliis

2116 806 2271 859 agros
2295 792 2533 860 donavit,
2555 794 2685 850 alios
2708 796 2866 849 variis
2887 796 3231 866 dignitatibus
3256 797 3482 850 ornavit.
3508 796 3574 850 Et
3598 810 3693 851 eo-

2118 899 2231 938 rum
2251 884 2461 953 quidem
2477 888 2562 955 qui
2588 888 2639 941 in
2661 887 2902 942 orbitatis
2926 888 3168 943 miserias
3187 888 3517 955 incidissent,
3540 890 3695 959 quasi

2117 985 2267 1046 pater
2292 992 2472 1032 curam
2504 979 2721 1048 gerebat
2750 998 2763 1033 :
2788 980 3062 1035 viduarum
3093 990 3266 1036 autem
3298 980 3576 1036 mulierum
3599 997 3694 1035 so-

2118 1068 2393 1124 litudinem
2425 1071 2729 1139 sublevans,
2754 1087 2845 1127 eas
2869 1073 3160 1142 patrocinio
3184 1087 3283 1127 suo
3306 1072 3532 1128 fovebat.
3554 1073 3697 1140 Quin

2118 1160 2274 1215 etiam
2296 1161 2526 1231 virgines
2548 1164 2853 1232 parentibus
2876 1164 2985 1217 suis
3010 1164 3223 1219 orbatas
3250 1163 3363 1233 ipse
3391 1162 3701 1219 hominibus

2118 1253 2384 1321 opulentis
2410 1268 2473 1307 ac
2503 1253 2851 1309 familiaribus
2875 1254 2983 1309 suis
3014 1256 3063 1308 in
3109 1254 3501 1308 matrimonium
3527 1254 3695 1308 dedit.

2128 1341 2292 1413 quue
2318 1344 2527 1415 agebat,
2557 1360 2676 1399 cum
2719 1348 2863 1415 prius
2908 1346 3141 1401 dedisset
3184 1347 3521 1411 nubentibus,
3552 1362 3703 1414 qure-

2118 1450 2347 1506 cumque
2376 1436 2516 1505 ipsas
2544 1438 2670 1493 viris
2700 1438 2810 1493 suis
2860 1437 3105 1495 conferre
3132 1442 3429 1509 Oportebat.
3462 1440 3703 1510 Denique

2119 1528 2562 1597 quemadmodum
2610 1530 2688 1584 sol
2727 1545 2884 1600 supra
2937 1542 3104 1584 terras
3131 1537 3376 1586 exoriens
3427 1532 3557 1587 lucis
3586 1546 3705 1587 sum

2118 1617 2296 1673 radios
2322 1620 2525 1674 cunctis
2552 1620 2844 1676 liberaliter
2874 1622 3136 1691 impertit;
3163 1624 3240 1676 sic
3263 1622 3416 1691 plane
3438 1622 3704 1677 Constan-

2123 1714 2264 1766 tinus
2310 1714 2481 1781 primo
2508 1712 2739 1769 diluculo
2786 1713 3081 1782 procedens
3110 1730 3175 1770 ex
3206 1715 3421 1781 palatio,
3466 1731 3527 1769 ac
3573 1731 3701 1769 cuin

2046 1812 2092 1873 Β
2119 1802 2322 1856 caelesti
2364 1804 2490 1856 solis
2512 1803 2701 1873 jubare
2743 1803 3136 1874 quodammodo
3170 1806 3438 1872 exoriens,
3490 1807 3705 1861 cunctis

2120 1894 2436 1949 adeuntibus
2464 1896 2827 1951 beneficentiin
2859 1906 2967 1950 sna:
3000 1897 3177 1951 radios
3204 1898 3553 1966 impertiebat.
3586 1897 3703 1953 Nec

2120 1985 2257 2039 ullus
2284 2002 2513 2055 unquam
2542 1987 2607 2042 ad
2637 1988 2781 2041 illum
2813 1986 3027 2057 propius
3054 1988 3297 2055 accessit,
3332 1989 3419 2058 qui
3463 1988 3693 2042 fructum

2118 2077 2340 2146 alicujus
2368 2077 2608 2133 beneficii
2640 2095 2745 2133 non
2777 2079 3015 2135 retulerit
3051 2098 3065 2133 :
3092 2094 3188 2133 nec
3216 2095 3308 2148 spe
3337 2095 3695 2147 suainnquam

2118 2170 2354 2225 frustrati
2395 2178 2537 2238 sunt,
2570 2174 2656 2242 qui
2688 2172 2755 2226 ab
2799 2172 2913 2242 ipso
2943 2171 3136 2241 aliquid
3170 2170 3349 2225 auxilii
3391 2180 3702 2241 exspectas-

2119 2272 2255 2320 sent.

2687 2356 2912 2413 CAPUT
2951 2356 3131 2412 XLIV.

2301 2472 2566 2539 Quomodo
2614 2473 2821 2543 synodis
2866 2473 3217 2541 episcoporum
3270 2471 3515 2542 interfuit.

2194 2586 2270 2641 Ac
2299 2587 2622 2655 generaliter
2658 2586 2871 2656 quidem
2903 2602 3024 2656 erga
3048 2600 3233 2642 omnes
3259 2587 3414 2639 talem
3459 2601 3517 2641 se
3561 2600 3704 2654 pra:-

2122 2679 2275 2733 stitit.
2304 2677 2500 2733 Verum
2534 2678 2785 2733 Ecclesiae
2816 2676 2905 2733 Dei
2954 2677 3215 2747 praecipue
3257 2692 3436 2733 curam
3478 2692 3698 2747 gerens,

2122 2785 2243 2824 eum
2274 2785 2367 2839 per
2396 2770 2639 2824 diversas
2668 2772 2968 2840 provincias
2992 2771 3205 2842 quidam
3247 2772 3384 2825 inter
3412 2786 3468 2825 se
3492 2770 3703 2825 dissew

2125 2863 2302 2929 tirent,
2335 2864 2447 2931 ipse
2465 2864 2606 2917 velut
2634 2865 2927 2917 communis
2950 2863 3188 2916 omnium
3215 2864 3497 2931 episcopus
3521 2876 3549 2913 a
3584 2862 3702 2915 Deo

2124 2956 2472 3019 constitutus,
2524 2956 2887 3009 ministrorum
2934 2955 3025 3009 Dei
3070 2954 3291 3007 concilia
3336 2955 3701 3023 congregavit.

2124 3045 2231 3100 Nec
2257 3044 2571 3115 dedignatus
2597 3046 2784 3101 adesse
2810 3055 2864 3101 et
2891 3045 3168 3099 considere
3193 3045 3242 3097 in
3277 3045 3450 3098 medio
3490 3046 3707 3100 illorum

2124 3148 2409 3201 conventu,
2432 3139 2747 3208 cognitionis
2770 3139 3030 3207 particeps
3058 3136 3182 3202 fuit;
3209 3152 3267 3190 ea
3291 3154 3407 3207 qua}
3428 3138 3490 3190 ad
3519 3154 3708 3205 pacem

2133 3229 2224 3283 Dei
2272 3230 2560 3298 pertinent,
2595 3233 2799 3283 eunetis
2830 3244 3143 3298 procurans.
3180 3230 3345 3283 Porro
3384 3230 3605 3284 sedebat
3653 3232 3709 3286 in

2130 3319 2305 3373 medio
2354 3328 2600 3389 tanquam
2634 3335 2767 3373 unus
2794 3338 2823 3371 e
2860 3320 3066 3384 multis;
3112 3328 3434 3387 protectores
3488 3321 3709 3389 quidem

2127 3418 2455 3481 cunctosque
2500 3413 2739 3481 corporis
2779 3412 3024 3466 custodes
3066 3412 3250 3481 procul
3298 3426 3570 3477 amovens,
3605 3412 3709 3467 Dei

2129 3515 2304 3557 autem
2338 3505 2527 3559 timore
2550 3514 2843 3567 contectus,
2875 3516 2927 3559 et
2958 3505 3245 3558 amicorum
3281 3504 3508 3558 fidelium
3538 3505 3680 3558 bene

2129 3595 2357 3648 volentia
2387 3596 2627 3649 vallatus.
2657 3594 2919 3649 Cmterum
2953 3610 3315 3665 quoscumque
3340 3597 3533 3649 saniori
3579 3610 3715 3650 seno

2134 3690 2311 3743 tentias
2359 3689 2721 3755 acquiescere,
2769 3698 2821 3742 ct
2867 3688 2931 3741 ad
2980 3689 3210 3756 quietem
3266 3697 3318 3741 et
3365 3688 3715 3744 coneordiam

2132 3796 2425 3851 propensos
2453 3796 2571 3835 esse
2613 3781 3085 3846 animadverterat,
3126 3796 3218 3835 eos
3242 3782 3468 3834 maxime
3510 3783 3715 3850 proba—

2132 3872 2248 3937 bat;
2278 3872 2445 3941 palam
2471 3872 2710 3927 indieans
2732 3874 2962 3925 unanimi
2987 3873 3221 3925 omnium
3251 3885 3511 3926 consensu
3544 3887 3602 3925 se
3658 3873 3713 3927 in

2133 3965 2317 4033 primis
2368 3965 2641 4020 delectari.
2693 3965 3001 4020 Pertinaces
3052 3980 3181 4019 vero
3234 3972 3288 4020 et
3335 3963 3719 4033 immorigeros

2133 4057 2495 4111 aversabatur.

2692 4144 2916 4203 CAPUT
2948 4146 3105 4202 XLV.

2457 4260 2720 4326 Quomodo
2756 4262 3052 4331 insipientes
3091 4262 3392 4315 toleraverit.

2213 4374 2349 4441 Quin
2380 4376 2537 4428 etiam
2569 4375 2854 4429 nonnullos
2880 4375 2968 4444 qui
2991 4375 3246 4428 adversus
3274 4374 3443 4443 ipsum
3469 4376 3721 4445 asperius

2135 4467 2328 4520 invecti
2381 4465 2615 4532 fuerant,
2645 4466 2905 4535 patienter
2953 4466 3103 4531 tulit;
3134 4466 3236 4519 leni
3270 4480 3330 4520 ac
3359 4466 3539 4520 sedata
3584 4481 3723 4522 voce

2064 4561 2219 4620 Deis
2244 4557 2580 4626 prmcipiens,
2624 4566 2680 4609 ut
2720 4556 3014 4609 modestius
3057 4570 3233 4625 agere,
3281 4570 3377 4611 nec
3425 4558 3724 4614 Seditiones

2142 4648 2375 4702 excitare
2409 4647 2627 4699 vellent.
2664 4644 2740 4699 Ex
2767 4645 2848 4699 his
2871 4646 2956 4699 alii
3002 4645 3389 4701 admonitiones
3415 4646 3529 4714 ejus
3558 4663 3720 4703 reve-

2148 4740 2259 4807 riti,
2293 4755 2321 4793 a
2353 4739 2646 4808 pervicacia
2676 4738 2835 4792 animi
2861 4737 3206 4793 desistebant.
3250 4740 3396 4793 Alios
3422 4740 3509 4809 qui
3536 4740 3601 4795 ad
3634 4758 3725 4795 sa-

2142 4849 2263 4888 nam
2296 4843 2527 4887 mentem
2569 4831 2712 4885 nullo
2743 4831 2980 4885 remedio
3012 4834 3248 4886 revocari
3294 4842 3559 4900 poterant,
3607 4833 3724 4889 Deo

2140 4926 2483 4979 committens
2520 4923 2883 4991 relinquebat;
2929 4923 3058 4976 nihil
3101 4923 3356 4977 adverSus
3397 4939 3722 4993 quemquam

2140 5018 2382 5086 asperius
2407 5030 2634 5086 unquam
2663 5015 2967 5085 designans.
2997 5015 3142 5069 Hanc
3158 5016 3225 5069 ob
3254 5030 3489 5081 causam,
3520 5032 3575 5070 ut
3596 5032 3725 5074 cre-

2140 5112 2305 5167 dibile
2334 5119 2433 5175 est,
2466 5112 2554 5181 qui
2583 5112 2634 5163 itt
2654 5110 2831 5164 Africa
2864 5109 3176 5163 seditionem
3200 5116 3624 5174 commoverant,
3658 5126 3727 5166 eo

2150 5202 2507 5271 improbitatis
2537 5210 2916 5270 proruperunt,
2964 5210 3021 5253 ut
3050 5200 3272 5268 abrupta
3312 5199 3550 5269 qumdam
3593 5199 3728 5255 faci-

2145 5306 2276 5347 nora
2310 5300 2609 5356 tentarent;
2665 5289 2909 5344 daemone
2939 5297 2995 5341 ut
3033 5288 3241 5343 videtur
3270 5289 3339 5343 ob
3382 5290 3726 5357 prtesentium

2148 5384 2408 5437 bonorum
2451 5382 2659 5451 e0piam
2701 5380 2894 5433 invidia
2924 5380 3144 5449 percito,
3173 5389 3227 5434 et
3270 5380 3334 5433 ad
3361 5381 3536 5449 gravia
3571 5396 3727 5449 qure-

2147 5475 2267 5530 dam
2305 5484 2357 5529 et
2402 5476 2599 5528 atrocia
2635 5474 2870 5528 facinora
2896 5473 3139 5529 homines
3191 5474 3460 5538 incitante,
3495 5490 3598 5544 quo
3629 5476 3731 5529 iu.-

2155 5568 2418 5637 peratoris
2460 5569 2694 5620 animum
2744 5577 2925 5619 contra
2972 5568 3114 5634 ipsos
3154 5567 3486 5621 accenderet.
3529 5565 3732 5622 Verum

2158 5658 2287 5713 nihil
2318 5657 2541 5728 profecit
2565 5656 2783 5724 invidia,
2812 5671 2927 5711 cum
2960 5656 3245 5725 imperator
3283 5672 3343 5711 ea
3364 5672 3477 5726 quae
3510 5657 3731 5728 fiebant,

2172 5750 2391 5808 ridenda
2419 5763 2536 5807 esse
2558 5747 2812 5817 duceret;
2843 5756 2897 5805 et
2927 5747 3141 5819 maligni
3171 5747 3430 5809 daemonis
3455 5749 3735 5822 impulsio-
