3876 6218
168 310 241 367 29
1249 316 1333 371 DE
1373 315 1532 371 VITA
1571 311 2023 370 CONSTANTINI
2062 312 2264 368 LIBER
2305 312 2345 365 l.
3365 308 3434 368 50

171 443 295 483 nem
345 441 642 498 agnoscere
679 445 738 484 se
766 430 1072 485 afﬁrmaret.
1105 432 1287 502 Neque
1313 431 1454 486 enim
1508 445 1758 486 sanorum
1788 434 1838 493 Α

173 521 452 575 hominum
486 522 578 576 illa
611 537 730 577 esse
781 522 1036 586 facinora,
1079 523 1170 577 sed
1209 523 1287 576 vel
1337 523 1545 590 penitus
1573 536 1757 576 amen-

173 614 334 684 tium,
367 613 451 666 vel
501 628 690 668 eorum
731 616 820 685 qui
869 615 1175 684 nequissimi
1221 614 1480 668 dasm‘onis
1528 613 1760 667 stimulis

169 704 510 774 agitarentur
541 724 554 761 :
582 706 878 776 cujusmodi
920 707 1162 762 homines
1211 707 1556 761 miseratione
1588 707 1761 774 potius

170 813 335 868 quam
367 799 634 868 supplicio
659 799 846 869 dignos
874 815 1012 854 esse.
1045 799 1158 854 Non
1186 801 1326 854 enim
1357 808 1516 854 tanta:
1538 799 1761 869 justitia:

170 896 276 949 est,
297 889 582 959 insurgere
603 890 666 942 ad
688 889 1009 959 puniendum
1030 889 1262 944 furorem
1293 889 1566 943 hominum
1589 903 1762 942 amen«

171 979 335 1044 tium,
383 989 643 1050 quantum
688 980 995 1037 eorumdem
1038 982 1208 1036 vicem
1251 980 1455 1045 dolere,
1509 990 1764 1035 extremae

173 1072 527 1127 humanitatis
563 1081 665 1128 est.

747 1186 972 1243 CAPUT
1010 1185 1192 1241 XLVI.

575 1300 811 1356 Victoriae
838 1303 900 1356 de
928 1300 1166 1354 Barbaris
1199 1300 1390 1355 relatta.

249 1439 318 1495 Et
353 1438 650 1508 imperator
679 1436 890 1506 quidem
923 1436 986 1490 ad
1019 1435 1162 1490 hunc
1194 1434 1409 1489 modum
1441 1434 1492 1487 in
1523 1432 1768 1488 omnibus

178 1533 290 1587 suis
313 1530 526 1585 actibus
549 1530 656 1584 Deo
681 1530 914 1584 omnium
943 1528 1227 1598 inspectori
1257 1527 1453 1581 cultum
1481 1525 1764 1592 exhibens,

176 1623 442 1678 Ecclesiis
494 1621 609 1690 ejus
662 1620 967 1675 inconcussa
1021 1617 1381 1674 sollicitudine
1437 1615 1765 1686 providebat.

181 1713 325 1768 Deus
354 1727 487 1766 vero
511 1712 560 1766 ei
590 1712 756 1765 vicem
783 1710 1100 1780 rependens,
1133 1719 1354 1764 cunctas
1385 1707 1492 1763 fere
1518 1706 1769 1762 barbaras

2420 428 2646 487 CAPUT
2686 430 2867 485 XLIX.

2103 521 2369 588 Quomodo
2402 520 2624 575 Licinius
2659 521 2909 575 Orientem
2937 520 3197 590 afﬂixerit.

1932 630 2148 690 Etenim
2171 633 2414 687 immanis
2440 632 2680 700 quaedam
2708 632 2878 686 bellua
2903 639 3010 685 tum
3035 621 3288 686 Ecclesia:
3317 627 3432 695 Dei,

1864 733 1971 779 tum
1999 723 2218 794 reliquis
2243 722 2654 792 provincialibus
2677 722 2783 776 illic
2811 720 3051 775 insidiari
3074 717 3429 774 nuntiabatur:

1862 828 1981 870 cum
2027 814 2380 884 nequissimus
2408 810 2616 867 daemon
2647 811 2796 882 quasi
2830 812 3172 866 :emulatione
3203 822 3428 865 succerr-

1863 920 1986 970 sus,
2027 907 2090 961 iis
2127 922 2246 976 qua:
2289 906 2354 960 ab
2399 906 2718 976 imperatore
2757 905 2850 959 Dei
2890 904 3252 959 amantissimo
3281 918 3433 974 gere-

1864 999 2078 1064 bantur,
2106 997 2369 1053 contraria
2396 996 2574 1053 facere
2605 997 2861 1052 studeret.
2893 995 3039 1051 Adeo
3070 1006 3127 1051 ut
3155 996 3434 1065 imperium

1867 1090 2162 1144 Romanum
2193 1089 2326 1143 duas
2355 1086 2405 1141 in
2442 1096 2617 1156 partes
2649 1087 2907 1154 divisum,
2937 1087 3076 1142 nocti
3118 1101 3181 1140 ac
3219 1084 3322 1140 diei
3365 1085 3437 1139 si-

1868 1181 1993 1235 mile
2017 1195 2136 1236 esse
2162 1179 2410 1234 omnibus
2435 1179 2724 1234 videretur.
2749 1179 2952 1249 Quippe
2973 1179 3205 1233 Orientis
3225 1178 3436 1249 quidem

1873 1273 2073 1329 incolas
2101 1273 2273 1343 caligo
2305 1275 2476 1328 noctis
2505 1273 2779 1342 premebat
2817 1290 2831 1325 :
2875 1287 2970 1327 eos
2999 1287 3125 1327 vero
3153 1273 3242 1342 qui
3281 1272 3435 1327 Occi-

1869 1365 2044 1421 dentis
2088 1375 2267 1436 partes
2318 1364 2669 1430 habitabant,
2720 1365 3094 1419 serenissimos
3141 1363 3440 1420 illustrabat

1870 1457 2002 1512 dies.
2037 1456 2286 1523 Quicum
2318 1456 2534 1510 inﬁnitis
2564 1457 2718 1511 bonis
2761 1472 2788 1508 a
2837 1456 2949 1511 Deo
2999 1456 3096 1510 sibi
3145 1455 3441 1511 conciliatis

1871 1549 2201 1617 fruerentur,
2235 1563 2338 1604 non
2370 1549 2488 1604 tulit
2519 1549 2568 1603 id
2598 1548 2810 1619 maligni
2836 1547 3091 1602 dmmonis
3121 1548 3320 1602 invidia
3353 1545 3442 1600 bo-

1871 1645 1957 1699 nis
1982 1645 2228 1700 omnibus
2256 1643 2465 1698 infesta.
2496 1641 2604 1699 Sed
2628 1657 2799 1713 neque
2828 1651 3080 1713 tyrannus
3106 1640 3195 1711 qui
3222 1631 3441 1695 alteram

1874 1745 2078 1805 partem
2104 1737 2247 1792 orbis
2277 1734 2502 1790 Romani
2540 1732 2901 1789 dominatione
2940 1745 3032 1786 sua
3075 1732 3439 1802 opprimebat,

179 1810 367 1898 Qui”
398 1801 624 1898 Redibué
654 1800 793 1853 illius
821 1801 1070 1898 ῗξῗδίθθίξδ
1099 1801 1233 1854 adeo
1260 1809 1317 1853 m
1346 1809 1542 1898 "9pm"
1569 1798 1764 1868 "biq'w
1799 1813 1845 1872 Β
1875 1798 1928 1882 id
1977 1827 2250 1883 terendum
2307 1828 2529 1898 putavit.
2582 1825 2682 1894 Qui
2727 1840 2846 1881 cum
2895 1839 2980 1879 res
3025 1798 3160 1878 sua-s—
3188 1834 3443 1892 prOSpero

179 1893 246 1947 de
273 1893 522 1948 hostibus
543 1893 789 1962 erigeret.
821 1891 970 1946 Illum
995 1892 1248 1945 victorem
1273 1889 1410 1960 apud
1431 1904 1616 1945 omnes
1641 1904 1776 1944 mor-

183 1985 317 2039 tales
335 1983 531 2038 illustri
556 1986 819 2050 prteconio
842 1983 1192 2048 renuntiavit;
1217 1983 1363 2036 illum
1387 1980 1774 2036 formidabilem

182 2075 416 2130 inimicis
458 2087 511 2130 et
548 2075 786 2130 hostibus
823 2074 1084 2140 reddidit,
1113 2076 1351 2143 quamvis
1377 2082 1562 2143 suapte
1589 2082 1775 2128 natura

181 2168 405 2223 minime
433 2167 554 2221 talis
574 2209 589 2232 ,
619 2167 711 2222 sed
743 2169 914 2236 petius
944 2167 1399 2221 mansuetissimus
1419 2207 1434 2230 ,
1475 2165 1777 2220 lenissimus

182 2269 347 2332 atque
376 2259 793 2315 humanissimus
819 2267 961 2314 esset
989 2259 1224 2314 omnium
1254 2257 1575 2312 mortalium.

743 2395 967 2452 CAPUT
1005 2392 1215 2453 XLVII.

256 2529 407 2586 Mora
439 2529 742 2584 Maximiani
776 2541 822 2584 et
858 2529 1074 2583 aliorum
1103 2545 1316 2598 quorum
1350 2528 1562 2582 insidias
1590 2526 1696 2582 Deo

443 2623 692 2676 revelante
725 2620 1082 2676 Constantinus
1113 2620 1528 2691 deprehenderat.

255 2747 388 2802 Haec
422 2745 552 2800 dum
581 2745 650 2798 ab
677 2760 744 2800 eo
772 2754 1050 2814 geruntur,
1082 2744 1216 2798 alter
1244 2759 1431 2799 eorum
1459 2745 1549 2814 qui
1577 2759 1635 2800 se
1672 2744 1777 2798 im-

188 2838 340 2908 perio
370 2835 776 2902 abdicaverant,
809 2850 928 2891 cum
961 2834 1177 2890 insidias
1202 2836 1251 2889 in
1277 2835 1394 2904 ejus
1420 2849 1548 2890 nece
1571 2849 1779 2903 compa-

187 2938 333 2984 raret
351 2971 366 2994 ,
395 2927 766 2998 deprehensus
795 2927 1100 2996 turpissimo
1130 2929 1316 2980 mortis
1339 2940 1533 2996 genere
1554 2923 1772 2980 interiit.

189 3019 517 3090 Primusque
544 3018 633 3072 hic
661 3030 742 3073 est
772 3018 922 3087 cujus
948 3026 1131 3087 utpote
1159 3018 1303 3085 impii
1330 3031 1392 3072 ac
1415 3017 1657 3073 scelerati
1684 3018 1778 3071 lto-

191 3113 350 3168 minis
381 3112 646 3181 imagines
675 3125 863 3165 omnes
889 3120 941 3164 et
971 3119 1181 3173 statuae,
1213 3119 1510 3179 canteraque
1537 3108 1586 3164 id
1613 3124 1776 3179 genus

189 3212 542 3258 monumenta
577 3216 699 3271 qua:
743 3200 964 3255 honoris
1005 3215 1160 3255 causa
1191 3199 1323 3270 erigi
1349 3199 1550 3263 solent,
1583 3199 1777 3268 ubique
1802 3188 1846 3249 C

196 3304 468 3351 terrarum
493 3293 699 3362 dejecta
729 3299 872 3347 sunt.
896 3291 1023 3347 Post
1049 3293 1191 3347 hunc
1215 3291 1302 3346 alii
1327 3306 1535 3362 quoque
1564 3292 1773 3360 propin-

189 3386 392 3454 quitate
420 3383 638 3458 generis
667 3384 936 3452 cOnjunct'i
955 3424 969 3449 ,
1003 3399 1122 3436 eum
1153 3383 1359 3437 occulte
1384 3384 1432 3438 ei
1465 3379 1774 3436 insidiarea-

191 3485 297 3543 tur,
345 3474 670 3544 deprehensi
719 3482 872 3538 sunt;
927 3473 1036 3528 Deo
1081 3471 1284 3528 scilicet
1330 3483 1516 3527 cuncta
1561 3471 1772 3525 illorum

188 3567 411 3622 consilia
442 3565 674 3620 mirabili
702 3566 930 3634 quodam
974 3564 1132 3619 modo
1174 3580 1266 3634 per
1305 3565 1538 3619 visiones
1578 3563 1773 3619 fatnulo

191 3670 286 3710 suo
328 3656 637 3725 detegente.
677 3654 808 3708 Nam
851 3667 902 3708 et
945 3657 1281 3724 prmsentiam
1319 3671 1467 3711 suam
1497 3655 1546 3712 ei
1580 3656 1774 3725 sapius

189 3746 445 3802 exhibere
472 3746 722 3816 dignatus
743 3757 853 3808 est.
882 3745 1058 3800 divina
1085 3747 1285 3802 scilicet
1311 3745 1486 3814 specie
1509 3763 1602 3818 per
1626 3761 1770 3802 sum-

188 3851 335 3890 mum
381 3836 700 3890 miraculum
731 3837 778 3890 ei
808 3846 1132 3904 app‘arente,
1163 3851 1225 3890 ac
1258 3834 1557 3891 futurarum
1587 3853 1770 3894 rerum

187 3925 579 3995 pmscientiam
618 3925 722 3994 ipsi
755 3934 1090 3998 suggerente.
1131 3924 1198 3979 Et
1238 3925 1625 3995 inexplicabilia
1652 3928 1771 3996 qui-

193 4021 318 4075 dem
352 4021 441 4075 illa
471 4021 666 4076 divina:
695 4022 877 4090 gratite
907 4021 1196 4087 miracula,
1231 4036 1350 4091 quae
1380 4021 1519 4077 Deus
1547 4023 1662 4091 ipse
1693 4021 1767 4077 fa-

196 4112 345 4166 mulo
395 4118 494 4166 suo
543 4121 795 4182 prmStare
842 4112 1090 4183 dignatus
1132 4122 1244 4178 est,
1285 4127 1351 4167 ne
1393 4113 1771 4184 comprehendi

189 4204 408 4275 quidem
435 4202 666 4258 dicendo
695 4202 850 4259 facile
877 4214 1116 4273 possunt.
1149 4202 1352 4270 Quibus
1382 4203 1471 4259 ille
1500 4205 1734 4260 munitus
1754 4248 1768 4273 ,

188 4297 459 4367 reliquum
494 4305 703 4365 tempus
734 4296 908 4352 :ct'atis
950 4297 1212 4351 tutissime
1251 4295 1514 4363 traduxit;
1558 4307 1666 4352 tum
1705 4314 1768 4353 ex

189 4388 524 4445 subditorum
558 4387 931 4443 benevolentia
978 4387 1262 4442 maximam
1291 4389 1512 4458 capiens
1542 4390 1771 4459 volupta-

191 4489 334 4545 tem;
371 4487 482 4533 tum
515 4492 577 4531 ex
606 4493 670 4533 eo
697 4480 841 4548 quod
869 4486 1089 4533 cunctos
1122 4478 1347 4547 imperio
1377 4493 1472 4532 suo
1501 4480 1770 4548 subjectos

1878 1931 2034 1975 cursu
2064 1919 2189 1974 ferr'i
2220 1920 2421 1974 videret
2463 1921 2698 1989 tantique
2738 1917 2993 1988 principis
3019 1915 3275 1971 aftinitate
3301 1924 3444 1971 esset

1880 2008 2200 2075 honoratus;
2232 2010 2468 2080 religiosi
2509 2009 2721 2078 quidem
2769 2007 3106 2078 imperatoris
3144 2005 3442 2076 exemplum

1876 2102 2030 2171 sequi
2074 2101 2336 2172 neglexit:
2381 2101 2666 2170 impiorum
2709 2114 2834 2154 vero
2872 2099 3109 2153 instituta
3148 2107 3304 2168 atque
3344 2099 3444 2151 im-

1876 2195 2072 2265 probos
2118 2208 2296 2248 mores
2340 2192 2537 2247 studuit
2582 2191 2800 2246 imitari.
2851 2189 2917 2244 Et
2955 2198 3176 2258 quorum
3226 2188 3446 2242 mistra-

1876 2284 2035 2340 bilem
2067 2285 2186 2339 vita:
2225 2283 2420 2339 exitum
2451 2284 2564 2339 suis
2589 2283 2702 2352 ipse
2728 2281 2895 2336 oculis
2925 2280 3324 2350 conSpexisset,
3355 2295 3445 2333 eo-

1878 2392 1991 2430 rum
2047 2376 2266 2431 consilia
2322 2376 2470 2444 sequi
2525 2375 2744 2439 maluit,
2798 2387 2954 2440 quam
3008 2372 3060 2426 in
3108 2371 3338 2426 amicitia
3391 2379 3444 2426 et

1877 2466 2158 2522 concordia
2208 2481 2326 2521 cum
2379 2480 2444 2521 eo
2491 2465 2581 2535 qui
2621 2461 2956 2534 praestantior
2994 2469 3109 2516 erat
3147 2473 3208 2515 ac
3245 2461 3438 2530 potior,

1879 2571 2206 2632 permanere.

2502 2651 2726 2709 CAPUT
2765 2653 2826 2707 L.

2021 2749 2284 2816 Quomodo
2312 2745 2539 2802 Licinius
2571 2744 2896 2801 Constantino
2924 2744 3192 2798 insidiatus
3221 2742 3303 2795 sit.

1947 2864 2152 2919 Bellum
2179 2863 2337 2932 igitur
2376 2860 2691 2928 inexpiabile
2721 2859 2920 2912 homini
2959 2859 3094 2912 bene
3131 2855 3197 2910 de
3235 2869 3293 2908 se
3331 2868 3444 2908 me-

1879 2956 1983 3011 rito
2022 2953 2227 3017 intulit;
2257 2967 2355 3007 nec
2380 2951 2626 3005 amicitize
2660 2949 2812 3018 jura,
2856 2963 2954 3004 nec
2992 2954 3441 3001 sacramentorum

1879 3046 2188 3117 religionem
2209 3084 2223 3108 ,
2255 3057 2352 3098 nec
2375 3041 2586 3112 generis
2616 3038 3090 3102 necessitudinem,
3123 3051 3220 3091 nec
3248 3034 3447 3091 foedera

1881 3137 1932 3190 in
1974 3133 2284 3190 memoriam
2327 3145 2600 3187 revocans.
2645 3128 2774 3182 Nam
2815 3127 3192 3182 Constantinus
3232 3123 3444 3194 quidem

1881 3231 2060 3296 utpote
2103 3223 2517 3293 benignissimus
2560 3221 2843 3289 princeps,
2887 3233 2992 3289 quo
3030 3217 3250 3270 sincera:
3288 3215 3448 3269 bene-

1874 3318 2118 3373 volenli:e
2147 3316 2501 3372 certissimum
2531 3314 2580 3368 ei
2611 3319 2977 3380 argumentum
3009 3309 3184 3372 daret,
3217 3316 3448 3376 paterna:

1875 3409 2056 3478 stirpis
2096 3407 2454 3468 nobilitatem,
2487 3415 2540 3457 et
2569 3400 2898 3468 imperatorii
2926 3399 3033 3469 jam
3067 3398 3190 3452 inde
3221 3411 3247 3449 a
3281 3397 3446 3465 majo-

1875 3501 2020 3555 ribus
2048 3485 2254 3569 generis
2285 3493 2621 3563 splendorem
2647 3491 2696 3546 ei
2723 3490 3230 3551 communicaverat,
3261 3501 3444 3540 sorore

1874 3606 1966 3647 sua
2000 3590 2052 3643 in
2080 3586 2470 3642 matrimonium
2503 3585 2622 3638 data
2651 3603 2662 3635 :
2698 3582 2961 3650 totiusque
2993 3579 3198 3648 imperii
3224 3575 3445 3631 Romani

1875 3683 2142 3739 c0nsortio
2190 3680 2433 3734 eumdem
2504 3675 2604 3730 frui
2652 3675 2982 3743 permiserat.
3039 3671 3271 3725 Licinius
3319 3683 3446 3722 vero

1877 3775 2031 3844 plane
2073 3773 2156 3827 bis
2201 3770 2468 3826 contraria
2495 3769 2676 3822 animo
2719 3767 2965 3828 volvens,
3010 3764 3260 3818 adversus
3307 3777 3444 3830 prae-

1875 3867 2184 3924 stantiorem
2209 3863 2430 3919 occultis
2458 3854 2657 3916 artibus
2672 3859 3040 3930 grassabatur;
3066 3856 3208 3909 varia
3225 3853 3447 3908 subinde

1875 3959 2187 4014 insidiarum
2216 3971 2408 4025 genera
2440 3952 2882 4015 eomminiscens,
2929 3957 2984 4002 ut
3025 3948 3159 4002 bene
3200 3946 3443 3999 meritum

1874 4049 2028 4104 malis
2057 4054 2504 4103 remuneraretur.
2532 4043 2607 4098 Ac
2630 4041 2894 4111 principio
2914 4039 3127 4109 quidem
3151 4037 3436 4090 amicitiam

1873 4139 2160 4203 simulans,
2207 4138 2331 4192 dolo
2377 4151 2438 4190 ac
2482 4134 2668 4188 fraude
2714 4141 2900 4186 cuncta
2949 4128 3171 4198 agebat;
3222 4141 3443 4194 sperans

1873 4232 1985 4286 fore
2012 4239 2068 4284 ut
2106 4228 2328 4283 consilia
2369 4240 2463 4280 sua
2504 4226 2747 4279 laterent.
2797 4220 2991 4274 Verum
3034 4219 3173 4272 Deus
3216 4216 3440 4271 insidias

1874 4336 1994 4392 quae
2038 4319 2278 4373 clanculo
2331 4315 2690 4376 struebantur,
2737 4311 2936 4366 famulo
2981 4324 3075 4364 suo
3113 4309 3332 4363 detexit.
3377 4310 3446 4360 At

1873 4411 2109 4466 Licinius
2139 4410 2191 4463 iu
2220 4407 2411 4478 primis
2433 4405 2712 4459 conatibus
2739 4400 3133 4472 deprehensus,
3165 4397 3230 4451 ad
3261 4412 3446 4452 secun-

1875 4503 1971 4557 das
2015 4499 2225 4555 fraudes
2252 4513 2308 4553 se
2337 4496 2591 4558 contulit;
2637 4507 2778 4548 nunc
2820 4491 3066 4545 amicitias
3108 4490 3262 4543 tidem
3310 4503 3445 4557 prae-

189 4568 242 4624 ί¹¹
273 4583 488 4624 summa
537 4568 918 4638 "nmmum"
957 4583 1018 4622 3°
1065 4568 1242 4623 “mnia
1286 4569 1478 4638 degere
1519 4570 1767 4626 ﬁdem“
1796 4560 1849 4621 Β
1876 4592 2099 4648 tendens
2127 4608 2142 4654 ;
2173 4604 2313 4643 nunc
2340 4588 2594 4642 fmderum
2622 4599 2686 4639 ac
2711 4589 3158 4638 sacramentorum
3191 4579 3447 4648 religione

187 4669 300 4715 tum
333 4659 601 4728 prmeipue
630 4660 700 4713 ob
728 4659 1065 4728 splendorem
1099 4659 1454 4714 Ecelesiar‘um
1481 4659 1569 4715 Dei
1599 4662 1771 4716 incre-

188 4752 343 4810 dibili
373 4750 572 4823 gaudio
600 4753 856 4822 gestiens.

736 4881 960 4937 CAPUT
999 4881 1227 4940 XLVIII.

637 4990 955 5046 Constantini
995 4991 1306 5046 decennalia.

257 5109 399 5164 Dum
429 5106 484 5161 in
517 5105 616 5162 hoc
647 5114 787 5160 statu
817 5112 990 5171 esset,
1022 5104 1260 5159 decimus
1290 5107 1499 5176 imperii
1524 5107 1642 5177 ejus
1670 5123 1767 5162 an-

182 5214 288 5256 nus
317 5197 573 5254 evolutus
603 5205 702 5250 est.
738 5193 900 5263 Cujus
929 5193 1007 5249 rei
1043 5209 1199 5250 causa
1246 5194 1396 5250 festis
1439 5196 1624 5251 diebus
1665 5213 1760 5268 per

183 5290 504 5347 universum
545 5287 728 5340 orbem
758 5284 1052 5339 Romanum
1083 5285 1398 5351 celebratis,
1433 5301 1619 5356 preces
1645 5303 1765 5342 cum

181 5381 487 5455 gratiarum
517 5375 730 5432 actione
756 5383 1004 5445 tanquam
1037 5390 1194 5444 puras
1224 5376 1495 5446 victimas,
1536 5375 1674 5448 ignis
1714 5385 1769 5432 et

185 5470 402 5528 nidoris
431 5476 713 5537 expertes,
759 5466 868 5521 Deo
905 5467 1141 5520 omnium
1183 5467 1313 5539 Regi
1352 5467 1558 5522 obtulit.
1601 5469 1666 5524 Et
1704 5484 1769 5525 ex

183 5565 274 5622 his
322 5560 544 5633 quidem
588 5559 873 5613 maximam
915 5559 1091 5614 animo
1129 5559 1366 5630 capiebat
1406 5559 1764 5630 voluptatem:

187 5656 288 5716 sed
321 5669 435 5710 non
467 5650 696 5722 perinde
723 5665 842 5705 cum
873 5651 1204 5707 oblectabant
1235 5653 1401 5707 mmtii
1429 5653 1537 5720 illi,
1579 5652 1666 5723 qui
1705 5653 1771 5708 de

199 5745 616 5822 provinciarum
646 5741 878 5799 Orientis
901 5745 1192 5802 vastatione
1217 5743 1586 5802 atterebantur.

1871 4682 2034 4737 fidem
2065 4681 2167 4734 sibi
2196 4679 2516 4733 concilians:
2542 4674 2735 4730 deinde
2760 4685 2909 4744 pacta
2941 4681 3199 4727 conventa
3227 4680 3444 4739 repente

1870 4774 2102 4837 violans,
2149 4784 2436 4837 rursusque
2482 4782 2573 4836 per
2606 4768 2805 4835 legatos
2845 4763 3050 4818 veniam
3092 4775 3354 4831 poscens:
3382 4775 3444 4814 ac

1871 4863 2045 4918 denuo
2076 4859 2362 4916 mendaciis
2391 4857 2530 4913 finde
2557 4855 2804 4910 illudens.
2834 4851 3070 4909 Tandem
3097 4865 3221 4905 vero
3249 4851 3441 4905 bellum

1873 4952 2048 5024 palam
2096 4948 2328 5013 indixit,
2378 4955 2433 5001 et
2479 4946 2758 5014 desperata
2805 4943 2998 4998 mentis
3047 4941 3264 4996 audacia
3316 4939 3446 4993 inci-

1874 5056 2046 5108 tatus,
2093 5042 2347 5096 adversus
2386 5039 2551 5093 Deum
2578 5037 2748 5106 ipsum
2774 5034 2923 5104 cujus
2960 5033 3122 5088 cultui
3160 5033 3445 5101 imperato-

1872 5152 1986 5193 rem
2020 5132 2424 5189 Constantinum
2465 5127 2702 5184 deditum
2743 5141 2861 5182 esse
2904 5132 3253 5196 cognoverat,
3299 5137 3445 5176 arma

1871 5231 2122 5299 deinceps
2149 5225 2291 5282 ferre
2320 5223 2567 5279 inStituit.

2487 5337 2710 5395 CAPUT
2750 5339 2833 5394 ιι.

1965 5444 2147 5500 Licinii
2173 5445 2376 5499 insidia:
2405 5444 2642 5497 adversus
2673 5439 2982 5510 Episcopos,
3013 5445 3058 5490 et
3085 5432 3354 5508 prohibitio

2493 5532 2836 5604 Synodorum.

1948 5652 2025 5708 Ac
2063 5653 2297 5722 primum
2328 5649 2540 5722 quidem
2574 5648 2669 5704 Dei
2700 5645 2970 5700 ministros
2998 5643 3097 5699 sub
3126 5641 3328 5697 ditione
3356 5655 3450 5695 sua

1876 5747 2136 5816 degentes
2155 5785 2170 5812 ,
2202 5742 2291 5814 qui
2320 5741 2447 5798 nihil
2477 5754 2707 5812 unquam
2734 5735 2973 5793 criminis
2997 5735 3253 5791 adversus
3282 5733 3445 5804 impe-
