3876 6218
420 313 487 371 at
930 266 935 271 ’
1763 299 2029 360 uusrzstt
2070 301 2387 358 pannum

417 428 557 487 rium
585 428 749 501 ipsius
778 428 1190 495 commiserant,
1221 427 1447 483 obscure
1474 433 1529 481 et
1552 421 1743 482 callide
1768 422 1999 478 circum-
2024 432 2078 488 Λ

424 525 609 589 venit,
648 522 823 577 varias
869 520 1122 575 adversus
1158 532 1252 574 eos
1306 515 1599 572 calumnias
1650 513 1993 583 investigatis.

418 615 663 686 Cumque
688 614 892 669 nullum
921 610 1019 682 ipsi
1048 612 1249 667 crimen
1280 618 1618 682 suppeteret,
1648 622 1749 663 nec
1778 607 1998 662 haberet

418 708 558 779 quod
590 706 720 762 viris
742 705 845 759 illis
874 712 1055 775 posset
1084 702 1341 773 objicere,
1372 702 1489 774 lege
1519 702 1622 755 lata
1651 701 1899 771 praecepit
1931 714 1997 755 ne

420 798 655 870 episcopi
687 797 893 865 uspiam
923 796 1064 851 inter
1088 810 1146 851 se
1176 796 1242 851 de
1273 795 1379 850 ulla
1411 809 1469 849 re
1498 794 1834 860 conferrent,
1864 806 1997 847 neve

418 890 513 947 ulli
551 905 736 945 eorum
777 890 829 943 in
860 889 1079 943 alterius
1117 888 1217 943 sibi
1260 886 1416 943 vicini
1466 886 1747 941 ecclesiam
1778 893 1995 940 ventare

424 981 642 1046 liceret,
672 990 726 1035 et
752 979 983 1051 synodos
1007 994 1069 1034 ac
1092 978 1316 1034 concilia
1341 978 1409 1033 de
1430 977 1801 1032 communibus
1830 990 1993 1047 nego.

426 1071 513 1127 liis
553 1072 770 1127 habere.
804 1070 1001 1126 Verum
1030 1070 1141 1125 lure
1169 1070 1241 1125 illi
1273 1070 1337 1124 ad
1371 1083 1469 1124 nos
1493 1069 1760 1125 vexandos
1786 1070 1994 1124 occasio

424 1163 782 1234 quaerebatur.
810 1162 941 1217 Nam
970 1163 1014 1217 si
1045 1162 1256 1233 quidem
1286 1161 1449 1217 nostri
1477 1160 1647 1231 legem
1678 1161 1992 1229 violassent,

429 1270 639 1326 poenam
679 1255 860 1311 subire
896 1269 989 1310 eos
1018 1255 1331 1325 Oportebat:
1370 1255 1450 1309 sin
1492 1263 1755 1323 praecepto
1794 1253 1997 1323 paruis-

429 1355 582 1411 sent,
607 1346 997 1401 ecclesiasticas
1020 1346 1165 1416 leges
1190 1345 1433 1402 convelli.
1458 1345 1637 1415 Neque
1660 1346 1800 1400 enim
1826 1345 1987 1415 majo-

429 1437 506 1493 ris
533 1439 789 1494 momenti
827 1440 1205 1493 controversiae
1227 1480 1240 1503 ,
1275 1439 1429 1493 aliter
1456 1454 1610 1508 quam
1644 1453 1736 1508 per
1763 1438 1996 1509 synodos

420 1530 673 1600 componi
705 1538 944 1599 possunt.
983 1529 1051 1583 Et
1087 1529 1282 1599 alioqui
1312 1528 1424 1584 Deo
1456 1530 1675 1583 infestus
1705 1541 1992 1599 tyrannus,

425 1632 545 1675 cum
587 1618 809 1690 principi
842 1620 948 1675 Deo
972 1619 1338 1676 amantissimo
1363 1618 1635 1674 adversari
1668 1619 1721 1673 iu
1750 1618 1996 1674 omnibus

423 1710 696 1779 studeret,
739 1711 854 1767 haec
892 1714 1089 1767 nostris
1118 1712 1415 1781 imperavit.
1458 1711 1586 1765 Nam
1614 1711 1994 1767 Constantinus

2664 422 2889 481 CAPUT
2944 423 3075 483 LIV.

2104 580 2370 649 Quomodo
2390 599 2473 639 eos
2492 584 2580 654 qui
2621 586 2911 654 sacriﬁcare
2937 588 3245 653 renuissent,
3272 586 3454 641 militia
3480 585 3628 641 sotait
3654 597 3677 639 :

2463 684 2511 729 et
2536 690 2735 731 carcere
2755 677 2976 731 inclusos
2994 717 3009 744 ,
3039 679 3109 731 ali
3130 678 3302 731 vetuit.

2171 822 2367 879 Verum
2399 840 2519 880 cum
2553 842 2618 881 ne
2674 826 2725 881 in
2759 826 2858 881 hoc
2907 827 3121 897 quidem
3165 827 3385 899 obsequi
3417 827 3516 881 sibi
3550 826 3673 881 illos

2102 917 2343 985 videret,
2399 918 2608 975 tandem
2661 920 2871 989 rejectis
2928 920 3235 990 ambagibus
3267 961 3282 985 ,
3342 919 3482 973 nudo
3530 917 3673 989 quod

2096 1010 2244 1063 aiunt
2267 1012 2469 1079 capite,
2499 1011 2735 1065 decrevit
2761 1021 2816 1064 ut
2843 1012 3040 1065 milites
3063 1012 3149 1080 qui
3180 1027 3276 1081 per
3321 1009 3554 1081 singulas
3587 1025 3677 1063 nr-

2098 1102 2190 1156 bes
2220 1101 2543 1170 apparebant
2562 1101 2825 1171 judicihus
2846 1143 2861 1167 ,
2890 1102 2991 1155 nisi
3013 1102 3343 1156 damnooibus
3369 1100 3675 1157 sacriﬁcare

2096 1191 2353 1256 mallent,
2380 1191 2450 1245 ab
2494 1191 2826 1261 apparitione
2868 1191 3179 1262 praesidialis
3218 1191 3379 1246 oflleii
3425 1206 3675 1246 remove-

2096 1290 2301 1337 rentur.
2349 1281 2575 1337 Proinde
2628 1283 2797 1337 oilicia
2849 1283 3249 1353 magistratuum
3300 1300 3392 1353 per
3440 1283 3677 1353 singulas

2099 1370 2397 1441 provincias
2425 1371 2553 1427 viris
2584 1373 2686 1442 piis
2714 1388 2778 1427 ac
2810 1374 3070 1443 religiosis
3097 1374 3453 1428 nudabantur.
3484 1373 3591 1428 Sed
3620 1381 3677 1428 et

2098 1465 2210 1534 ipse
2238 1464 2329 1535 qui
2355 1464 2494 1520 hanc
2532 1465 2703 1535 legem
2736 1467 2949 1532 tulerat,
2999 1466 3296 1520 nudabatur
3342 1465 3677 1520 orationibus

2096 1565 2403 1611 sanctorum
2474 1558 2742 1623 virorum,
2789 1558 2979 1626 quibus
3038 1566 3209 1612 semet
3275 1557 3389 1627 ipse
3420 1558 3672 1627 privarat.

2096 1645 2231 1713 Quid
2280 1656 2539 1715 prteterea
2604 1661 3023 1703 commemorare
3075 1648 3298 1714 attinet,
3367 1662 3471 1718 quo
3518 1654 3677 1716 pacto

2097 1739 2443 1808 prmceperit,
2468 1753 2533 1792 ne
2557 1738 2765 1793 miseris
2811 1739 2862 1792 in
2905 1752 3123 1792 carcere
3152 1738 3380 1792 detentis
3422 1738 3678 1791 alimenta

427 1803 639 1875 quidem
679 1804 985 1859 sacerdotes
1027 1805 1151 1872 Dei,
1195 1806 1339 1874 pacis
1378 1814 1432 1860 et
1469 1804 1765 1859 concordize
1802 1814 1995 1858 mutum

2101 1803 2377 1897 quisquam
2427 1827 2729 1882 humaniter
2771 1828 3228 1891 subministraret;
3282 1841 3412 1881 neve
3440 1826 3556 1895 quis
3577 1824 3678 1880 ho-

424 1908 585 1949 causa
613 1894 664 1948 in
696 1909 856 1949 unum
896 1894 1257 1950 convocabat:
1297 1893 1455 1965 idque
1491 1893 1544 1947 in
1586 1894 1840 1948 honorem
1878 1892 1996 1962 ejus

423 1983 509 2038 cui
548 1998 697 2037 sacra
740 1984 1020 2039 faciebant.
1055 1984 1288 2040 Licinius
1313 1999 1440 2039 vero
1466 1983 1590 2037 dum
1620 1984 1817 2052 Optima
1846 1998 1993 2053 qua:-

421 2088 525 2143 que
553 2075 851 2131 convellere
882 2076 1115 2143 molitur,
1146 2086 1463 2131 concentum
1492 2074 1849 2129 Ecclesiarum
1880 2083 1999 2128 tur-

424 2162 554 2221 hare
596 2167 833 2222 tentavit.

1022 2278 1249 2335 CAPUT
1288 2277 1396 2334 ιιι.

660 2413 1063 2469 Christianorum
1092 2416 1243 2471 exilia
1272 2424 1317 2470 et
1348 2414 1759 2485 proscriptiones.

495 2549 561 2605 Et
588 2552 839 2620 quoniam
873 2551 983 2606 Deo
1021 2566 1181 2606 carus
1217 2550 1596 2606 Constantinus
1637 2549 1865 2604 famulos
1905 2548 1998 2605 Dei

422 2642 474 2698 in
509 2642 761 2713 palatium
800 2644 1026 2699 libenter
1055 2644 1400 2709 admittebat,
1444 2643 1611 2697 hostis
1643 2643 1734 2697 Dei
1764 2643 1998 2697 Licinius

420 2736 689 2789 contraria
730 2737 907 2789 omnia
950 2736 1185 2789 sentiens
1210 2777 1223 2797 ,
1263 2744 1483 2789 cunctos
1517 2734 1608 2788 Dei
1646 2734 1879 2789 cultores
1907 2734 1998 2804 qui

423 2824 524 2879 sub
561 2824 783 2893 imperio
823 2839 921 2879 suo
960 2824 1258 2895 degebant,
1291 2824 1487 2893 palatio
1517 2824 1751 2892 expulit;
1784 2833 1836 2878 et
1865 2838 1998 2893 quos

420 2912 475 2969 in
504 2917 758 2969 comitatu
800 2930 896 2969 suo
927 2914 1155 2970 habebat
1196 2916 1478 2969 lidissimos
1504 2929 1565 2969 ac
1593 2914 1960 2969 devotissimos
1981 2955 1995 2979 ,

422 3017 518 3059 eos
548 3005 810 3074 praecipue
835 3005 886 3059 in
914 3006 1137 3061 exilium
1166 3006 1439 3075 relegavit.
1469 3005 1673 3075 Quique
1698 3006 1765 3058 ob
1790 3006 1997 3075 egregia

420 3096 658 3151 facinora
692 3097 772 3150 vel
805 3097 1007 3152 honore
1036 3099 1211 3165 aliquo
1230 3138 1245 3163 ,
1280 3097 1360 3152 vel
1390 3096 1643 3167 dignitate
1668 3097 1734 3151 ab
1764 3098 1878 3166 ipso
1905 3111 1999 3150 an-

422 3187 577 3241 tchac
617 3186 829 3241 fuerant
866 3188 1074 3253 ornati,
1117 3187 1215 3241 hos
1251 3187 1368 3241 aliis
1407 3188 1645 3251 servire,
1675 3197 1727 3242 et
1768 3187 1993 3242 famulo-
2022 3182 2066 3244 C

420 3292 540 3332 rum
597 3278 887 3332 ministeria
945 3277 1091 3332 obire
1140 3278 1423 3331 mandavit.
1479 3276 1715 3347 Cumque
1763 3277 1997 3331 omnium

420 3365 560 3422 bona
593 3376 840 3435 tanquam
872 3368 1075 3421 lucrum
1114 3366 1329 3437 aliquod
1372 3366 1471 3420 sibi
1511 3367 1743 3421 oblatum
1786 3369 1998 3436 rapuis-

421 3468 537 3524 set,
568 3458 633 3511 ad
665 3466 963 3512 extremum
995 3469 1219 3512 mortem
1275 3471 1485 3527 quoque
1529 3457 1755 3511 minatus
1786 3467 1863 3511 est
1896 3456 1958 3509 iis
1980 3498 1994 3522 ,

420 3550 510 3620 qui
560 3549 791 3604 salutare
829 3549 929 3603 sibi
973 3564 1163 3603 nomen
1204 3547 1508 3601 christiana:
1548 3548 1816 3615 religionis
1844 3562 1996 3601 assu-

424 3649 648 3695 merent.
683 3642 846 3694 Porro
876 3655 995 3694 cum
1027 3640 1078 3693 in
1100 3655 1311 3694 omnem
1336 3638 1607 3694 libidinem
1638 3653 1698 3692 ac
1729 3639 1995 3693 lasciviam

425 3733 626 3788 cll'usus
655 3743 797 3788 esset
816 3775 830 3798 ,
861 3733 1129 3802 multaque
1156 3732 1411 3787 adulteria
1436 3731 1644 3799 aliaque
1672 3731 1997 3785 detestanda:

421 3823 788 3878 obscenitatis
816 3823 1012 3894 ﬂagitia
1043 3822 1429 3887 committeret,
1477 3822 1740 3889 pudicitia:
1777 3831 1833 3876 et
1867 3837 1996 3876 con-

425 3914 659 3967 liuentia:
704 3913 1035 3969 honesmtem
1081 3916 1147 3969 ab
1194 3914 1496 3968 hominibus
1545 3915 1780 3982 praestari
1828 3914 1997 3967 neuti-

425 4019 581 4070 quam
617 4020 770 4071 posse
802 4007 1043 4070 censuit;
1088 4006 1155 4060 de
1192 4006 1459 4060 communi
1500 4006 1770 4060 hominum
1812 4016 1995 4059 natura

420 4110 485 4149 ex
514 4107 721 4153 suomet
752 4098 916 4167 ipsius
945 4099 1132 4153 morbo
1161 4098 1390 4169 pessime
1415 4098 1679 4168 judicans.

991 4249 1216 4306 CAPUT
1246 4250 1373 4305 Llll.

421 4385 661 4441 Edictum
705 4387 919 4455 Licinii,
954 4407 1014 4443 ne
1065 4390 1295 4445 mulieres
1327 4406 1430 4444 una
1458 4406 1571 4443 cum
1592 4390 1713 4443 viris
1760 4390 1812 4443 in
1841 4390 1997 4444 eccle-

958 4481 1085 4533 siam
1107 4482 1445 4534 convenirent.

496 4635 697 4690 idcirco
727 4636 949 4689 alteram
979 4636 1150 4705 legem
1207 4636 1357 4700 tulit,
1390 4650 1490 4705 qua
1519 4634 1739 4704 jubebat
1759 4676 1774 4700 ,
1804 4650 1871 4689 ne
1896 4634 1996 4689 viri

425 4727 611 4781 orandi
636 4742 793 4780 causa
832 4729 881 4779 in
926 4727 1205 4782 ecclesiam
1237 4727 1326 4781 Dei
1354 4726 1509 4781 simul
1536 4742 1654 4780 cum
1686 4725 1996 4781 mulieribus

423 4819 806 4883 convenirent;
839 4833 973 4872 neve
1009 4818 1257 4873 mulieres
1303 4818 1368 4871 ad
1415 4818 1741 4873 venerandas
1785 4817 1995 4871 virtutis

421 4910 630 4964 scholas
689 4909 925 4964 discendi
986 4924 1145 4964 causa
1214 4917 1527 4975 ventarent,
1589 4917 1857 4977 postremo
1929 4923 1997 4963 ne

422 5002 657 5071 episcopi
685 5002 875 5056 divina:
901 5002 1168 5071 religionis
1195 5010 1453 5072 przecepta
1484 5001 1794 5055 mulieribus
1824 5000 1998 5054 trade-

422 5108 541 5150 rent
568 5137 581 5161 ,
614 5096 706 5148 sed
740 5105 796 5149 ut
816 5094 1066 5150 mulieres
1087 5094 1150 5148 ad
1176 5094 1225 5148 id
1256 5094 1440 5148 electae
1462 5134 1476 5157 ,
1504 5093 1757 5146 docendis
1808 5091 1996 5145 mulie-

422 5190 567 5243 ribus
600 5188 1017 5256 prmlicerentur.
1048 5185 1175 5251 Quae
1224 5200 1344 5240 eum
1385 5185 1452 5239 ab
1476 5184 1719 5236 omnibus
1764 5183 2000 5236 rideren-

422 5290 525 5343 tur,
558 5280 699 5334 aliud
729 5280 996 5349 quidpiam
1050 5288 1384 5332 commentus
1423 5284 1505 5331 est
1533 5276 1598 5327 ad
1651 5273 1993 5329 ecclesiarum

420 5375 775 5429 eversionem.
826 5372 991 5426 Jussit
1043 5372 1185 5425 enim
1239 5380 1294 5423 ut
1363 5369 1633 5423 solemnes
1686 5364 1993 5434 populorum

428 5470 722 5520 conventus
770 5473 918 5516 extra
979 5470 1155 5528 portas
1204 5462 1254 5513 in
1298 5468 1480 5527 aperta
1514 5456 1735 5526 planicie
1760 5454 1997 5510 celebra-

421 5568 635 5621 rentur;
668 5570 916 5611 asserens
945 5554 1166 5610 liberum
1214 5562 1361 5607 extra
1412 5558 1591 5620 portas
1620 5563 1796 5602 aerem
1828 5547 1996 5601 turbis

422 5647 577 5717 longe
603 5646 1025 5703 comm-diorem
1074 5659 1193 5701 esse
1215 5686 1230 5711 ,
1281 5656 1437 5712 quam
1490 5640 1717 5696 oratoria
1748 5638 1883 5693 intra
1913 5653 1998 5693 ur-

420 5741 541 5795 hem
572 5742 690 5799 sita.

2102 1920 2271 1974 mines
2302 1920 2354 1973 in
2398 1920 2623 1975 vinculis
2651 1921 2786 1974 fame
2825 1919 3296 1981 contabescentes,
3328 1918 3676 1972 miseratione

2099 2020 2512 2081 prosequeretur
2544 2029 2557 2063 :
2594 2011 2694 2069 hoc
2723 2021 2804 2066 εει
2829 2053 2843 2077 ,
2879 2027 2945 2066 ne
2993 2012 3112 2080 quis
3138 2010 3353 2065 omnino
3384 2012 3461 2064 vir
3500 2011 3677 2065 bonus

2096 2104 2385 2168 existeret;
2419 2119 2553 2159 neve
2583 2104 2618 2157 ii
2644 2104 2731 2173 qui
2760 2103 2825 2158 ad
2865 2104 3224 2173 proximorum
3276 2101 3677 2157 miserationem

2098 2204 2285 2249 natura
2326 2196 2439 2265 ipsa
2486 2195 2772 2261 ducuntur,
2822 2196 2943 2249 boni
2990 2195 3274 2265 quidquam
3322 2204 3664 2265 praestarent.

2098 2286 2219 2343 Fuit
2242 2288 2353 2343 hazc
2392 2288 2629 2358 profecto
2678 2289 2889 2357 quidem
2940 2290 3027 2343 lex
3082 2291 3255 2358 palam
3310 2290 3588 2360 impudens
3621 2299 3677 2345 et

2100 2378 2524 2443 immanissima;
2577 2394 2895 2449 omnemque
2938 2395 3146 2434 morum
3198 2380 3460 2435 feritatem
3519 2381 3679 2436 facile

2097 2468 2385 2537 superavit.
2417 2469 2717 2536 Quinetiam
2768 2470 2867 2540 legi
2913 2470 3117 2539 adjecta
3158 2479 3271 2525 erat
3318 2471 3431 2524 haec
3475 2484 3632 2540 plena
3660 2512 3677 2537 ,

2097 2560 2265 2628 utqui
2321 2558 2540 2614 inclusis
2598 2561 2789 2629 stipem
2838 2561 3148 2625 dedissent,
3206 2562 3317 2631 pari
3367 2576 3487 2615 cum
3542 2561 3674 2630 ipsis

2100 2649 2357 2718 supplicio
2389 2650 2773 2719 plecterentur;
2810 2660 2972 2720 utque
2998 2652 3050 2706 in
3079 2666 3347 2706 carcerem
3376 2661 3430 2706 et
3464 2652 3680 2707 vincula

2098 2742 2327 2809 conjecti
2359 2742 2598 2798 eamdem
2639 2759 2758 2799 cum
2803 2746 2977 2799 noxiis
3027 2760 3237 2814 penam
3267 2746 3543 2815 subirent,
3586 2747 3679 2817 qui

2101 2834 2443 2888 humanitatis
2473 2833 2642 2888 officia
2672 2836 2749 2890 eis
2776 2836 3162 2904 praestitissent.

2694 2989 2917 3046 CAPUT
2949 2991 3054 3047 LV.

2413 3124 2492 3178 De
2511 3125 2773 3195 iniquitate
2799 3136 2843 3180 et
2864 3128 3079 3181 avaritia
3104 3126 3309 3183 Licinii.

2173 3248 2481 3318 Hujusmodi
2512 3248 2659 3304 fuere
2684 3249 3093 3305 constitutiones
3137 3251 3341 3306 Licinii.
3374 3252 3507 3320 Quid
3548 3268 3681 3309 vero

2099 3354 2233 3410 opus
2260 3351 2339 3396 est
2369 3355 2648 3396 recensere
2699 3357 2817 3411 quae
2843 3345 2894 3396 in
2927 3344 3121 3410 nuptiis
3145 3355 3235 3397 aut
3273 3346 3409 3399 circa
3439 3346 3676 3403 morien-

2101 3440 2178 3485 tes
2208 3432 2509 3495 innovavit;
2544 3440 2777 3486 vetustas
2826 3431 3184 3487 Romanorum
3240 3435 3383 3503 leges
3430 3449 3576 3489 recte
3624 3446 3680 3493 et

2099 3524 2365 3591 sapienter
2420 3524 2733 3576 constitutas
2783 3538 2944 3577 ausus
3010 3524 3266 3588 abolere,
3322 3536 3374 3579 et
3422 3525 3681 3585 barbaras

2098 3614 2350 3683 quasdam
2381 3622 2538 3683 atque
2570 3614 2826 3668 immanes
2856 3615 3115 3683 planeque
3145 3615 3443 3684 illegitimas
3473 3626 3527 3669 et
3560 3617 3679 3672 ini-

2098 3720 2228 3774 quas
2255 3706 2401 3775 leges
2440 3706 2645 3759 illarum
2679 3706 2797 3760 loco
2824 3707 3189 3760 substituere?
3221 3707 3361 3760 Mille
3414 3718 3678 3777 praeterea

2098 3796 2431 3849 exactionum
2481 3810 2675 3865 genera
2733 3796 2985 3850 adversus
3040 3796 3279 3852 subditos
3327 3800 3676 3867 excogitavit.

2095 3884 2348 3949 Quocirca
2393 3900 2553 3938 novas
2619 3900 2865 3954 agrorum
2916 3888 3215 3941 mensiones
3252 3886 3558 3953 adinvenit,
3621 3899 3682 3946 ut

2096 3975 2270 4044 exigui
2300 3976 2409 4044 agri
2442 3975 2700 4043 majorem
2729 3974 3012 4044 imputaret
3042 3978 3256 4030 modum
3279 4017 3295 4042 ,
3329 3978 3399 4031 ob
3427 3979 3675 4047 inexple-

2095 4067 2252 4123 bilem
2284 4068 2625 4136 cupiditatem
2649 4069 2929 4121 nimiarmn
2962 4070 3319 4124 exactionum.
3357 4069 3482 4124 ideo
3510 4073 3677 4126 msti-

2099 4172 2282 4212 corum
2313 4160 2401 4227 qui
2449 4157 2767 4227 superstites
2795 4159 3017 4227 amplius
3049 4173 3153 4211 non
3198 4166 3349 4213 erant
3370 4200 3383 4223 ,
3416 4159 3509 4213 sed
3534 4160 3678 4227 jam-

2098 4248 2298 4317 pridem
2330 4248 2603 4314 obierant,
2648 4249 2858 4301 nomina
2907 4248 2957 4300 in
2988 4248 3325 4303 ccnsualibus
3366 4248 3558 4303 tabulis
3592 4250 3678 4303 in-

2095 4339 2391 4403 scribebat,
2442 4338 2607 4407 turpis
2640 4338 2769 4391 lucri
2826 4339 2948 4392 hinc
2995 4339 3368 4407 compendium
3422 4347 3674 4407 captans.

2097 4432 2275 4503 Neque
2300 4432 2439 4487 enim
2496 4432 2707 4486 sordida
2740 4432 2967 4486 hominis
3006 4433 3328 4502 parcimonia
3364 4433 3525 4486 ullum
3580 4432 3680 4488 ha-

2020 4524 2255 4604 Dbebat
2303 4524 2547 4588 modum,
2607 4538 2705 4578 nec
2764 4523 2990 4579 habendi
3055 4525 3393 4594 cupiditatem
3453 4526 3675 4581 satietas

2100 4615 2332 4671 finiebat.
2367 4617 2547 4686 Itaque
2602 4631 2722 4670 cum
2779 4632 2912 4671 auro
2941 4628 2995 4673 et
3037 4628 3256 4686 argento
3308 4628 3359 4671 et
3410 4619 3675 4676 immensa

2098 4726 2257 4780 opum
2288 4710 2437 4777 copia
2488 4709 2768 4763 thesauros
2824 4725 2952 4764 suos
3002 4711 3305 4779 implesset,
3356 4726 3575 4781 gemens
3607 4712 3677 4768 de

2101 4814 2411 4873 paupertate
2431 4817 2525 4855 sna
2552 4805 2892 4871 querebatur,
2924 4802 3196 4857 Tantalico
3217 4804 3447 4873 quodam
3483 4806 3676 4861 morbo

2100 4903 2339 4950 vexatus.
2368 4894 2502 4959 Quid
2533 4894 2759 4949 referam
2804 4894 2963 4948 exilia
2990 4894 3184 4963 quibus
3223 4894 3367 4948 viros
3409 4894 3673 4949 innocen-

2100 4996 2179 5041 tes
2230 4986 2535 5039 damnavit?
2577 4986 2711 5051 Quid
2780 4985 3041 5039 bonorum
3091 4986 3508 5054 publicationes?
3537 4986 3677 5053 Quid

2102 5080 2307 5134 nobiles
2329 5093 2391 5132 ac
2417 5078 2694 5148 praecipua:
2735 5077 3005 5147 dignitatis
3046 5078 3290 5134 homines
3322 5080 3374 5133 in
3402 5094 3676 5135 carcerem

2100 5176 2388 5240 abductos,
2422 5190 2645 5243 quorum
2672 5187 2865 5227 uxores
2885 5174 3159 5228 sceleratis
3186 5174 3502 5243 quibusdam
3530 5190 3679 5229 man-

2100 5268 2251 5337 cipiis
2278 5266 2699 5334 constuprandas
2744 5264 2948 5318 dabat?
2977 5265 3113 5332 Quid
3142 5266 3395 5320 mulieres
3442 5278 3639 5336 nuptas
3659 5306 3675 5331 ,

2103 5359 2228 5429 quid
2257 5357 2488 5425 virgines
2519 5370 2861 5419 recenseam,
2908 5356 3103 5425 quibus
3157 5358 3269 5425 ipse
3317 5357 3439 5412 licet
3484 5358 3674 5413 all‘ecta

2099 5452 2206 5521 jam
2237 5461 2421 5515 aetate,
2474 5449 2575 5501 vim
2620 5446 2818 5501 inferre
2863 5448 3126 5502 tentavit?
3154 5448 3291 5502 Nihil
3337 5464 3470 5518 opus
3512 5451 3673 5505 estin

2104 5542 2185 5596 his
2211 5536 2693 5594 commemorandis
2716 5537 2912 5591 diutius
2963 5539 3231 5593 immorari
3261 5581 3275 5605 ,
3319 5553 3436 5593 cum
3468 5549 3677 5608 postreo

2104 5647 2311 5687 morum
2333 5630 2447 5699 ejus
2478 5628 2772 5684 facinorum
2796 5629 3027 5697 gravitas
3052 5668 3067 5693 ,
3095 5637 3155 5683 ut
3194 5630 3370 5701 priora
3399 5628 3513 5687 hzec
3540 5631 3677 5688 levia

2107 5741 2168 5780 ac
2187 5740 2349 5794 prope
2378 5724 2519 5778 nulla
2535 5721 2861 5784 viderentur,
2902 5719 3158 5776 ellecerit.
