3876 6218
194 285 254 335 ετ
1273 284 1354 336 DE
1399 284 1428 336 κ·
1441 284 1549 336 ΠΛ
1588 280 1795 336 CONS’I

1903 279 2032 334 TlNl
2065 281 2259 335 LIBER
2300 282 2360 335 ll.
3372 281 3438 333 38

191 392 476 444 utebantur
508 390 770 444 auxilium
795 392 932 445 ferre
964 393 1292 459 properavit;
1328 395 1465 455 piunt
1495 401 1766 443 sanetum-
1796 391 1850 451 Α
1875 393 2023 445 nobis
2080 393 2302 458 partium
2356 391 2534 459 copias
2585 390 2746 452 ducit,
2801 391 3034 444 moribus
3079 391 3436 460 institutisque

193 496 293 546 qui:
349 483 560 534 facinus
618 481 916 534 habendum
971 497 1088 534 esse
1129 481 1388 548 judicans,
1435 496 1552 535 Ctttn
1603 499 1705 533 uno
1745 496 1774 534 e

197 570 376 623 medio
404 570 620 622 sublato
653 580 820 623 totua
851 569 961 624 fere
1005 571 1274 623 hominum
1316 586 1479 639 genus
1512 572 1775 623 ineo-hune

197 673 463 713 servatur.
499 661 588 714 Sic
619 663 760 714 enim
782 662 916 729 apud
948 677 1004 714 se
1031 663 1334 730 reputabat;
1361 664 1400 712 si
1433 663 1542 729 ipse
1568 677 1774 715 smnma

197 752 482 804 clementia
512 760 768 814 uteretur,
797 764 842 805 et
867 753 1093 805 hominis
1117 754 1252 805 nulla
1278 753 1775 821 miseratioucdigni

202 843 579 907 misereretur,
617 843 686 895 illi
719 843 929 912 quidem
963 844 1089 897 nihil
1124 845 1170 896 iil
1203 846 1551 911 profuturum,
1584 846 1777 912 quippe

199 935 287 1000 qui
323 950 349 984 a
376 935 556 999 pravis
583 935 820 987 moribus
849 945 900 988 et
928 935 1180 986 ittstllUlis
1206 937 1504 988 nullatenus
1533 937 1776 988 discede-

201 1034 304 1082 ret,
335 1025 466 1092 quin
509 1027 685 1092 potius
729 1026 924 1078 rabiem
968 1026 1218 1080 adversus
1255 1027 1494 1080 subditos
1542 1028 1778 1082 intende-

208 1123 288 1166 ret
322 1133 332 1164 ;
360 1117 638 1181 Oppressis
664 1130 790 1170 vero
817 1117 1012 1170 nullam
1039 1119 1265 1185 amplius
1292 1133 1440 1188 spem
1475 1120 1662 1173 salutis
1694 1135 1779 1174 re-

203 1204 395 1272 linqui.
432 1205 559 1259 ll;ec
604 1207 890 1276 imperator
924 1223 1042 1261 cum
1083 1209 1218 1277 apud
1261 1224 1318 1263 se
1361 1220 1674 1277 reputasset,
1716 1212 1780 1266 iis

207 1297 299 1363 qui
332 1297 381 1348 in
416 1307 684 1350 extremas
715 1298 1039 1351 calamitates
1068 1299 1398 1365 incidissent,
1432 1302 1632 1366 absque
1675 1301 1780 1354 ulla

205 1382 467 1437 dilatione
506 1387 791 1440 salutarem
831 1388 1068 1441 dextram
1111 1391 1377 1458 porrigere
1417 1391 1670 1445 decrevit.
1714 1391 1781 1447 Et

207 1474 522 1527 militarium
557 1477 768 1543 quidem
796 1480 1066 1547 copiarum
1095 1491 1253 1548 atque
1289 1496 1555 1534 armorum
1599 1483 1782 1550 ingen-

208 1575 317 1616 tem
347 1575 661 1632 apparatum
693 1569 882 1634 coegit.
913 1568 1133 1635 Jamque
1164 1569 1380 1622 aderant
1411 1571 1648 1623 universa
1676 1582 1778 1624 tam

211 1656 456 1720 equitum
486 1671 645 1723 quam
673 1658 900 1724 peditum
933 1660 1134 1727 agmina
1165 1659 1215 1711 in
1245 1675 1403 1714 unum
1445 1670 1778 1729 congregata.

1876 483 2134 549 majorum
2165 483 2394 543 violatis,
2426 483 2488 532 ad
2515 483 2727 547 impiam
2763 482 2933 534 nullos
2959 483 3284 535 credentium
3308 484 3437 537 deos

1878 574 2179 638 Opinioiiem
2235 574 2492 632 descivit;
2552 573 2882 639 peregrinum
2935 573 3210 639 qutnndatn
3261 573 3438 624 nescio

1879 663 2015 715 unde
2048 665 2324 730 qnznsiltlnt
2353 673 2548 715 temere
2577 663 2898 726 amplectens
2923 662 3256 726 Dcunt.Quin
3280 662 3435 713 etiam

1881 753 2182 819 turpissimo
2214 753 2325 819 ejus
2369 753 2518 818 signo
2549 753 2837 804 exercitum
2882 768 3030 803 suum
3075 751 3389 804 dehonestat
3421 767 3434 800 :

1879 845 2056 912 quue
2082 845 2332 907 conlisus,
2371 860 2472 896 non
2506 855 2606 896 tam
2639 844 2895 897 adversus
2936 860 3031 896 nos
3060 859 3213 911 quam
3246 845 3435 896 adver-

1879 949 1970 988 sus
1999 935 2137 1002 ipsus
2169 949 2300 1002 quos
2329 935 2542 988 violavit
2569 935 2716 997 deos,
2748 946 2980 986 armatus
3009 934 3260 1002 procedit.
3299 934 3438 986 PI‘JB-

1879 1037 2001 1076 scns
2034 1025 2189 1091 igitur
2211 1023 2325 1076 dies
2355 1024 2627 1076 manifeste
2657 1035 2859 1089 arguet,
2895 1034 3011 1074 uter
3039 1033 3272 1075 nostrum
3299 1038 3439 1074 taceo

1879 1129 2060 1166 errore
2088 1113 2310 1166 ducatur
2344 1131 2354 1164 :
2388 1125 2436 1166 et
2467 1114 2530 1166 de
2557 1115 2658 1165 diis
2685 1113 2771 1180 qui
2813 1113 2946 1180 apud
2990 1128 3088 1165 nos
3128 1123 3216 1164 aut
3245 1114 3331 1180 qui
3373 1114 3440 1165 ab

1880 1203 2216 1256 adversarum
2269 1209 2489 1270 partium
2538 1203 2836 1255 hominibus
2877 1203 3142 1264 eoluntur,
3183 1203 3438 1268 judicium

1882 1295 2036 1348 feret.
2071 1296 2174 1348 Aut
2205 1295 2344 1347 enim
2376 1310 2625 1348 concessa
2650 1295 2799 1346 nobis
2823 1295 3060 1357 victoria,
3087 1294 3214 1346 deos
3234 1303 3442 1346 nostros

1883 1399 2003 1437 vere
2033 1393 2328 1438 servatores
2369 1396 2525 1452 atque
2563 1387 2903 1438 auxiliatores
2934 1400 3052 1438 esse
3094 1386 3212 1450 jure
3249 1387 3442 1436 merito

1881 1474 2188 1528 declarabit.
2220 1479 2322 1528 Aut
2345 1477 2386 1528 si
2423 1477 2521 1528 diis
2548 1478 2741 1529 nostris
2767 1476 2853 1544 qui
2894 1476 3264 1542 quamplurimi
3299 1485 3440 1539 sunt,

1883 1576 1932 1617 et
1959 1567 2293 1621 multitudine
2324 1584 2460 1620 nunc
2488 1569 2666 1635 utique
2700 1568 3042 1629 antecellunt,
3073 1583 3208 1618 unus
3239 1567 3324 1618 i!le
3353 1582 3448 1619 ne-

1883 1657 1992 1706 Sr-io
2018 1657 2151 1709 unde
2183 1659 2444 1723 proli-ens
2474 1658 2801 1710 Constantini
2839 1657 2975 1709 Deos
3006 1658 3246 1722 superior
3274 1657 3440 1709 exsti-

209 1743 432 1799 Cunclis
479 1762 607 1800 vero
645 1751 897 1816 praeibam,
949 1750 1167 1816 insignia
1225 1752 1425 1803 ﬁducia)
1478 1753 1528 1803 in
1585 1753 1778 1815 Deum;
1812 1744 1860 1804 B
1889 1747 2025 1812 lCl'il,
2059 1763 2210 1800 nemo
2248 1749 2480 1814 postharc
2509 1749 2557 1800 ill
2587 1748 2800 1801 dubium
2835 1757 3049 1800 l'C\'()CCl
3086 1748 3324 1814 quisnam
3358 1763 3444 1800 Ct)-

207 1838 424 1903 signum
457 1836 702 1890 videlicet
729 1837 853 1890 illud
880 1845 1014 1906 quod
1045 1854 1199 1907 supra
1234 1841 1665 1893 memoravimus.

835 1946 1057 2001 CAPUT
1099 1947 1184 2000 IV.

213 2061 367 2123 Quod
412 2060 772 2114 Constantinus
816 2079 926 2114 cum
968 2064 1211 2130 precibus,
1249 2063 1468 2117 Licinius
1517 2081 1634 2117 vero
1677 2081 1789 2116 cum

540 2155 808 2220 vaticiniis,
841 2172 892 2206 se
921 2155 986 2207 ad
1012 2155 1194 2207 bellum
1223 2159 1452 2224 parabat.

283 2263 528 2332 Cumque
559 2266 964 2331 preeationibus,
992 2267 1034 2317 si
1065 2283 1290 2334 unquam
1318 2279 1489 2328 antea,
1517 2283 1633 2321 sese
1664 2277 1786 2319 tunc

215 2355 450 2406 maxime
495 2355 727 2421 indigere
756 2357 1092 2423 intelligeret,
1131 2358 1433 2410 sacerdotes
1481 2359 1566 2410 Dei
1611 2374 1789 2410 secum

216 2449 374 2500 duxit
429 2465 441 2500 :
497 2463 590 2500 cos
631 2452 769 2501 velut
809 2451 1034 2516 optimos
1075 2453 1262 2502 anima:
1311 2452 1556 2503 custodes
1610 2451 1794 2503 adesse

214 2558 401 2594 eotain
454 2552 507 2592 et
534 2555 714 2594 secum
776 2542 971 2594 versari
1026 2541 1216 2594 debere
1260 2543 1592 2594 existimans.
1649 2542 1795 2594 Unde

215 2651 339 2685 cum
397 2643 660 2700 tyrannus
716 2633 988 2696 audiisset,
1039 2634 1440 2686 Constantinum
1496 2648 1595 2686 noo
1642 2633 1796 2685 aliter

215 2742 380 2792 quam
412 2725 593 2776 divino
615 2725 900 2777 auxiliante
928 2725 1140 2776 numine
1163 2725 1433 2776 victoriam
1460 2723 1527 2776 de
1557 2722 1796 2774 hostibus

223 2829 450 2882 parare;
489 2823 539 2866 et
569 2829 660 2865 eos
692 2829 820 2879 quos
856 2815 963 2866 dixi
1007 2815 1051 2867 ei
1083 2825 1336 2882 perpetuo
1376 2814 1561 2867 adesse
1593 2826 1797 2880 unaque

221 2905 462 2962 versari;
499 2904 742 2956 salutaris
772 2921 980 2972 quoque
1013 2906 1270 2970 passionis
1295 2907 1523 2973 signum,
1550 2913 1603 2956 et
1627 2905 1794 2971 ipsum

223 3006 272 3048 ct
309 2996 622 3047 universum
649 2997 761 3062 ejus
790 2996 1082 3048 exercitum
1113 2996 1452 3056 antecedere;
1483 2995 1595 3046 hzec
1620 3005 1797 3060 utpote

228 3089 422 3153 impius
455 3103 568 3138 risu
597 3087 748 3154 digna
777 3102 892 3140 esse
919 3089 1198 3151 censebat,
1227 3087 1632 3140 Constantinum
1673 3088 1796 3140 sub-
1823 3095 1866 3154 ς

225 3191 463 3228 sannans
500 3186 550 3226 et
578 3177 978 3229 eruitutucliosis
1018 3189 1270 3244 appstens
1303 3177 1493 3230 verbis.
1529 3178 1640 3244 ipse
1679 3192 1801 3229 vero

228 3267 438 3318 divinus
466 3272 522 3317 et
553 3275 696 3316 vates
735 3263 1121 3334 zEgyptiorum,
1156 3265 1418 3321 veneﬁcos
1457 3275 1508 3319 et
1539 3268 1797 3334 imposto-

231 3373 348 3418 ri-s;
374 3356 712 3409 sacrilieulos
738 3357 965 3423 denique
990 3372 1048 3409 ac
1076 3358 1360 3426 prophetas
1391 3356 1645 3409 falsorum
1667 3371 1799 3425 quos

231 3448 444 3501 colebat
477 3446 698 3499 deorum
730 3448 825 3500 sibi
859 3447 1113 3514 adjunxit.
1150 3449 1346 3503 Deinde
1388 3450 1657 3502 saeriticiis
1699 3452 1806 3516 pla-

235 3555 362 3591 cans
406 3539 527 3591 illos
572 3554 706 3606 quos
754 3541 1090 3592 existimabat
1132 3540 1282 3603 deos,
1325 3541 1693 3593 sciscitabatur
1742 3555 1804 3592 ex

236 3633 338 3684 illis
375 3646 663 3698 quemnam
705 3632 825 3683 belli
871 3633 1067 3683 exitum
1112 3645 1252 3684 esset
1294 3632 1587 3684 habiturus.
1627 3633 1693 3684 At
1734 3632 1806 3684 illi

236 3725 351 3775 sine
393 3723 754 3774 controversia
791 3723 1039 3774 victorem
1084 3723 1333 3785 hostium,
1382 3735 1434 3775 et
1477 3722 1802 3790 superiorem

237 3816 284 3867 in
321 3815 466 3867 bello
512 3815 621 3866 [ore
664 3816 1081 3879 responderunt;
1115 3817 1320 3866 cunctis
1354 3814 1542 3880 ubique
1583 3815 1807 3867 oraculis

240 3923 345 3958 uno
389 3920 656 3957 consensu
688 3905 798 3957 Ιιευο
840 3906 910 3957 illi
951 3921 1039 3972 per
1072 3906 1276 3972 prolixe
1317 3915 1367 3958 et
1403 3907 1660 3972 clo-gantia
1688 3921 1808 3956 car-

241 3999 389 4047 mina
439 3994 888 4061 prOmittentilnts.
922 3993 1022 4046 Sed
1052 4003 1100 4047 el
1131 3994 1455 4047 somniorum
1494 3996 1811 4062 interpretes

243 4103 334 4151 fuit”
364 4086 608 4140 bOHtlllil‘,
646 4094 692 4134 et
723 4087 991 4151 aruspices
1024 4101 1113 4152 per
1142 4089 1401 4139 viscerum
1431 4096 1628 4138 motum
1661 4086 1810 4138 simi-

243 4176 309 4228 lia
371 4174 617 4240 pot-tendi
665 4174 1012 4227 ﬂlilrlnubanl.
1065 4175 1262 4227 llorum
1313 4180 1487 4243 itaque
1537 4175 1813 4227 fallacibus

246 4263 718 4333 pollicitationibus
765 4262 994 4326 inﬂatus,
1049 4244 1164 4318 cum
1216 4268 1412 4334 ingenti
1462 4266 1650 4319 liducia
1694 4280 1814 4333 pro-

244 4371 468 4424 gressus
507 4365 590 4407 est
627 4353 694 4406 ad
732 4363 922 4418 castra,
954 4370 1114 4424 seque
1154 4357 1214 4410 ad
1260 4373 1485 4425 pugnant
1531 4357 1812 4411 iucundam

249 4447 522 4499 instruxit.

876 4514 1095 4568 CAPUT
1139 4515 1196 4568 V'.

321 4627 463 4691 Quid
495 4628 558 4677 de
584 4627 863 4678 simulacris
889 4638 933 4678 et
961 4630 1019 4680 de
1047 4627 1240 4680 Clu-isto
1272 4629 1494 4681 Licinius
1526 4630 1704 4682 dixerit
1728 4671 1740 4692 ,

687 4716 804 4766 dum
833 4717 881 4768 in
911 4716 1023 4768 luco
1051 4720 1374 4784 sacriﬁcaret.

314 4830 450 4881 Cum
483 4842 611 4879 vero
640 4827 831 4880 bellum
870 4828 974 4894 jam
1007 4844 1223 4880 orsurus
1253 4839 1426 4892 esset,
1456 4845 1519 4882 ex
1554 4838 1817 4895 protecto-

244 4921 396 4974 ribus
428 4929 480 4971 ct
524 4919 951 4972 lionoratioribns
994 4921 1175 4971 amicis
1230 4919 1541 4973 lectissimos
1583 4933 1816 4988 quosque

244 5011 294 5062 in
321 5008 612 5077 quemdam
637 5009 806 5060 locum
835 5008 922 5075 qui
949 5009 1012 5061 ab
1042 5010 1164 5076 ipsis
1192 5024 1340 5062 sacer
1361 5010 1670 5072 habebatur,
1701 5023 1819 5063 eoe-

245 5102 339 5168 git.
375 5100 553 5150 Lucus
589 5099 670 5149 hic
695 5108 808 5151 erat
851 5099 1076 5165 irriguus
1103 5111 1155 5152 et
1183 5115 1395 5168 Opacus,
1432 5102 1480 5154 in
1512 5117 1614 5168 quo
1654 5101 1819 5169 pluri-

244 5207 348 5244 mre
382 5199 577 5240 statuae
604 5203 785 5240 eorum
814 5204 947 5255 quos
973 5189 1058 5242 ille
1081 5190 1206 5243 deos
1240 5193 1472 5257 putabat,
1506 5192 1724 5258 sculptic
1755 5206 1818 5245 ex

249 5279 429 5347 lapide
457 5278 782 5330 visebantur.
818 5279 908 5332 His
937 5294 1052 5332 cum
1084 5295 1269 5333 cereos
1295 5281 1628 5334 accendisset
1656 5290 1709 5334 et
1739 5296 1821 5334 so-

248 5371 414 5424 lemui
471 5370 575 5420 ritu
620 5372 985 5434 sacrilicaSset,
1037 5371 1330 5438 hujusmodi
1377 5373 1530 5425 verba
1578 5372 1822 5427 habuisse

247 5462 464 5516 dicitur
489 5476 501 5512 :
539 5460 643 5512 Viri
673 5462 824 5514 amici
851 5471 903 5515 et
929 5464 1338 5527 commilitones,
1376 5465 1424 5515 hi
1451 5465 1660 5532 quidem
1693 5479 1825 5531 quos

248 5553 485 5606 colimus
507 5561 558 5601 et
589 5564 716 5617 quos
745 5551 809 5602 ab
833 5551 1032 5604 ultimis
1057 5568 1219 5620 usque
1247 5555 1530 5621 majoribus
1556 5554 1806 5608 colendos

253 5641 598 5710 accepimus,
630 5641 699 5693 dii
732 5650 850 5694 sunt
882 5643 1051 5709 patrii.
1088 5643 1187 5697 lste
1216 5657 1339 5698 vero
1364 5646 1449 5713 qui
1483 5645 1822 5701 adversarum

1891 1839 2075 1890 lendus
2124 1842 2189 1891 sit
2235 1841 2371 1891 licus
2404 1858 2414 1890 :
2449 1840 2538 1891 sed
2590 1839 2652 1890 ad
2705 1841 2962 1906 potiorem
3014 1838 3247 1898 accedat,
3297 1839 3449 1904 eique

1891 1931 2121 1983 victoria)
2168 1932 2437 1998 pranuium
2483 1930 2702 1982 deferat.
2739 1931 2812 1981 Ac
2850 1931 2891 1980 si
2927 1929 3132 1997 quidem
3165 1929 3451 1996 peregrini-

1892 2038 1991 2074 nus
2024 2023 2110 2075 ille
2138 2036 2291 2090 quem
2321 2036 2458 2074 nunc
2489 2021 2712 2072 ludibrio
2740 2019 3014 2084 habemus,
3039 2019 3207 2071 victor
3233 2033 3353 2071 esse
3378 2017 3452 2068 vi-

1894 2113 2119 2173 debitur,
2151 2127 2245 2164 nos
2265 2126 2473 2178 qunque
2512 2111 2656 2161 illtnn
2701 2111 2987 2176 agnoscere
3013 2118 3063 2160 et
3088 2110 3262 2160 colere
3293 2122 3451 2173 opor-

1895 2202 2022 2254 tebit
2055 2219 2064 2250 :
2099 2202 2275 2268 procul
2299 2201 2443 2252 abire
2473 2216 2532 2250 ac
2556 2198 2732 2249 valere
2757 2197 3152 2265 postbacjussis
3181 2196 3240 2248 iis
3264 2198 3452 2264 quibus

1896 2307 2077 2346 cereos
2135 2292 2326 2343 frustra
2377 2292 2762 2344 ςιρρυιιάἰιιιιιδ..
2787 2292 2875 2345 Sin
2927 2306 3051 2342 vero
3101 2290 3263 2342 nostri
3298 2304 3455 2356 snpe-

1896 2385 2064 2437 riorcs
2095 2383 2410 2444 exstiterint,
2439 2384 2577 2451 quod
2607 2383 2816 2451 quidem
2857 2381 3048 2432 nemini
3079 2378 3295 2431 dubimn
3330 2393 3448 2432 esse

1896 2485 2072 2544 potest
2101 2492 2112 2524 :
2141 2486 2256 2542 post
2297 2484 2494 2542 partam
2527 2476 2625 2526 hoc
2664 2475 2779 2525 loco
2809 2473 3078 2524 victoriam
3122 2471 3297 2537 impiis
3323 2470 3454 2522 deo-

1898 2581 2012 2616 rum
2041 2565 2490 2631 Contemptoribus
2523 2565 2712 2616 bellum
2743 2562 2940 2614 inferre
2967 2561 3354 2631 aggrediemur.
3391 2561 3457 2613 lit

1897 2657 2129 2710 Licinius
2159 2657 2368 2724 quidem
2410 2665 2530 2709 ante
2573 2655 2851 2708 exordium
2895 2668 3100 2722 pugna),
3131 2652 3195 2705 ad
3235 2653 3461 2704 circum-

1897 2757 2098 2798 stantes
2143 2745 2438 2812 hujttstnodi
2477 2746 2629 2797 verba
2667 2745 2789 2797 fecit
2820 2762 2829 2792 2
2867 2743 3026 2795 Nobis
3057 2757 3182 2796 vero
3225 2742 3311 2810 qui
3346 2742 3460 2794 hazc

1899 2838 2196 2898 scribimus,
2231 2837 2327 2904 ipsi
2358 2838 2427 2888 illi
2457 2836 2544 2905 qui
2575 2837 2796 2888 orationi
2825 2836 2936 2902 ejus
2963 2833 3325 2895 interfuerant,
3355 2847 3460 2885 non

1900 2929 2066 2981 multo
2096 2939 2343 2996 posteam
2367 2928 2676 2981 retulerunt.
2709 2926 3016 2993 llujusmoili
3041 2926 3198 2993 igitur
3218 2925 3461 2980 oratione

1900 3021 2056 3085 facta,
2083 3021 2235 3088 jussit
2265 3019 2516 3072 militibus
2543 3030 2597 3070 ut
2630 3019 2863 3084 praelium
2895 3017 3107 3072 inirent.

2515 3130 2734 3185 CAPUT
2775 3130 2859 3183 Vl.

1907 3223 2120 3290 Spectra
2159 3224 2210 3275 in
2254 3222 2455 3274 urbibus
2497 3237 2608 3289 qua:
2649 3219 2844 3272 Licinio
2889 3219 3127 3286 parebant
3167 3219 3290 3270 visa.
3330 3218 3462 3271 Con-

2078 3313 2284 3366 stantini
2313 3313 2527 3364 militum
2560 3310 2843 3362 Licinianos
2870 3309 3289 3376 persequentium.

1976 3427 2100 3491 Qttrc
2147 3425 2268 3477 dum
2315 3432 2586 3491 geruntur,
2633 3429 2894 3488 Speclrnm
2937 3419 3198 3488 quoddam
3250 3433 3467 3487 prorsus

1910 3517 2149 3569 mirabile
2181 3517 2230 3568 in
2279 3515 2494 3566 urbibus
2537 3513 2741 3581 tyranni
2784 3513 2921 3563 illius
2965 3511 3308 3563 dominationi
3341 3511 3466 3563 sub-

1904 3607 2058 3674 jectis
2086 3607 2390 3674 apparuisse
2421 3606 2614 3656 ferunt.
2651 3603 2799 3653 Varia
2839 3603 2976 3653 enim
3009 3601 3337 3655 Constantini
3373 3601 3471 3653 nti-

1909 3698 2053 3752 litum
2079 3697 2282 3764 agmina
2305 3711 2396 3761 per
2420 3695 2690 3748 meridiem
2717 3696 2846 3756 visa,
2871 3711 2986 3762 qum
3034 3704 3279 3761 tanquam
3321 3700 3468 3759 parta

1910 3790 2125 3841 victoria
2168 3804 2258 3853 per
2296 3789 2452 3841 urbes
2495 3787 2794 3839 transirent.
2832 3788 3002 3854 Atque
3043 3785 3153 3837 lucc
3182 3783 3472 3837 cerneban-

1912 3891 2014 3941 tur,
2051 3879 2218 3945 reipsa
2251 3879 2460 3946 quidem
2491 3878 2701 3932 nemine
2735 3892 2949 3942 nSquam
2971 3882 3312 3942 comparente
3337 3890 3348 3923 :
3376 3871 3470 3925 sed

1912 3970 2083 4022 divina
2117 3971 2346 4036 potentia
2390 3984 2482 4035 per
2508 3968 2762 4020 visionem
2791 3968 2928 4019 illam
2961 3981 3076 4032 qua:
3112 3965 3277 4017 oculis
3305 3961 3471 4029 subji-

1913 4060 2165 4122 cicbatur,
2194 4059 2242 4111 id
2274 4058 2411 4126 quod
2431 4058 2663 4110 futurum
2687 4065 2799 4109 erat
2829 4060 3285 4124 pl‘tBlllnﬂSll‘allle.
3309 4051 3472 4104 Porro

1913 4166 2029 4204 Cum
2054 4151 2312 4204 exercitus
2340 4148 2586 4216 congredi
2613 4147 2718 4215 jam
2755 4155 3020 4214 pararent,
3054 4145 3095 4196 is
3122 4143 3210 4212 qui
3246 4155 3472 4194 concor-

1913 4241 2012 4294 di:e
2056 4241 2251 4296 fmdera
2301 4251 2534 4310 ruperat,
2579 4239 2778 4307 primus
2829 4252 3054 4306 pugnam
3101 4249 3322 4289 exorsus
3369 4241 3470 4287 est.

1915 4331 2061 4385 Tune
2093 4347 2216 4385 vero
2254 4330 2626 4385 Constantinus
2667 4340 2935 4383 servatore
2973 4343 3032 4381 ac
3073 4339 3320 4394 supremo
3359 4339 3473 4377 om-

1839 4445 1890 4502 D
1918 4426 2058 4476 nium
2093 4425 2196 4478 Deo
2230 4425 2278 4477 in
2310 4425 2556 4476 auxilium
2587 4431 2792 4483 vocato,
2830 4430 2985 4487 atque
3021 4419 3118 4471 hoc
3147 4418 3298 4485 signo
3335 4415 3474 4467 mili-

1921 4516 2057 4568 tibus
2087 4516 2193 4567 suis
2215 4515 2364 4577 dato;
2397 4513 2573 4565 hostes
2597 4512 2762 4580 primo
2792 4510 2973 4579 przelio
2997 4507 3144 4560 fudit.
3173 4506 3275 4560 Nec
3299 4505 3469 4558 multo

1921 4616 2036 4673 post
2066 4608 2224 4660 altera
2255 4606 2530 4658 commissa
2562 4618 2752 4671 pugna,
2786 4602 2974 4653 iterum
3005 4599 3246 4668 superior
3275 4597 3474 4650 disces-

1919 4699 2003 4762 sit,
2031 4708 2081 4750 et
2107 4697 2258 4766 longe
2284 4696 2534 4764 majorem
2562 4691 2829 4745 victoriam
2859 4692 3032 4743 retulit
3057 4707 3069 4753 ;
3101 4705 3218 4743 cum
3245 4689 3473 4742 salutare

1921 4789 2090 4842 crucis
2118 4797 2373 4858 tropaum
2397 4786 2682 4840 exercitum
2716 4783 2877 4852 ipsius
2909 4781 3265 4835 antecederet.

2507 4893 2726 4949 CAPUT
2769 4892 2879 4946 VII.

1927 4989 2232 5056 Ubicumque
2258 4989 2308 5041 in
2331 4988 2516 5056 prwliis
2547 4987 2708 5038 crucis
2729 4986 2927 5054 signum
2956 4985 3120 5052 adfuit
3151 4992 3347 5053 partam
3375 4997 3480 5035 esse

2569 5079 2845 5131 victoriam.

1994 5196 2150 5249 Certe
2176 5196 2490 5262 ubicumque
2513 5195 2610 5246 hoc
2655 5193 2862 5261 signum
2893 5199 3235 5260 conspectum
3283 5190 3477 5252 fuerat,

1923 5287 2174 5339 continuo
2207 5286 2320 5354 fuga
2351 5285 2597 5347 hostium,
2621 5284 2906 5336 victoribus
2939 5294 3079 5350 terga
3112 5281 3318 5333 illorum
3361 5294 3482 5346 pre-

1924 5377 2227 5441 mentibus,
2280 5376 2612 5442 scqucbatur.
2671 5374 2785 5439 Quo
2837 5376 3122 5439 imperator
3170 5378 3478 5436 comperto,

1925 5466 2088 5519 sicubi
2114 5480 2297 5533 agmen
2325 5463 2532 5530 aliquod
2589 5463 2852 5514 exercitus
2897 5461 2974 5510 sui
3031 5461 3194 5527 premi
3243 5456 3482 5510 animad—

1926 5563 2173 5616 verteret,
2202 5554 2339 5606 illico
2360 5553 2588 5604 salutare
2613 5559 2868 5616 tropaeum
2898 5557 3147 5616 tanquam
3175 5545 3484 5600 efﬁcacissi-

1927 5661 2068 5699 mum
2113 5642 2377 5712 quoddam
2426 5641 2490 5694 ad
2539 5639 2822 5709 parandam
2871 5639 3142 5694 victoriam
3191 5637 3483 5691 amuletum
