3876 6218
186 303 247 361 lii
1264 300 1351 357 DE
1394 299 1553 358 VITA
1589 297 2045 357 CONSTANTINI
2084 297 2288 355 LIBER
2326 298 2389 355 II.
3409 305 3484 362 43

182 424 330 472 sent.
365 414 520 483 Quod
567 416 612 471 si
646 415 784 473 forte
830 416 1056 473 militum
1104 416 1309 473 animos
1364 418 1665 474 obstinatos
1720 419 1786 474 ad
1816 421 1867 481 Α
1894 418 2037 474 velut
2080 419 2575 475 terriculamentum
2619 419 2885 490 quoddam
2943 428 2997 476 et
3043 422 3476 491 potentissimum

184 508 397 565 caedem
425 510 658 577 videret,
681 512 796 565 auri
812 510 1093 580 largitione
1110 525 1203 565 eos
1222 512 1571 580 reprimebat,
1592 510 1787 581 jubens

185 613 246 658 ut
279 604 374 673 qui
415 601 627 657 hostem
656 602 832 657 vivum
879 601 1134 671 cepisset,
1188 612 1338 657 certo
1384 602 1498 656 auri
1550 600 1788 671 pondere

185 694 508 750 donaretur.
534 694 707 766 Atque
736 694 875 750 hanc
901 694 1212 750 illecebram
1240 694 1305 749 ad
1336 694 1565 750 salutem
1614 695 1789 751 homi-

188 803 326 841 num
358 788 781 844 conservandam
812 788 1153 858 imperatoris
1199 788 1523 857 excogitavit
1545 787 1781 842 solertia.

184 878 352 935 Adeo
376 890 434 933 ut
464 878 674 949 plurimi
709 894 775 934 ex
806 878 936 947 ipsis
965 878 1125 934 etiam
1157 877 1399 933 barbaris
1428 877 1627 933 servati
1656 877 1784 946 siut,

180 986 318 1027 cum
367 971 704 1042 imperatoris
732 986 921 1025 aurum
967 970 1128 1025 vitam
1177 970 1413 1041 ipsorum
1445 968 1784 1026 redemisset.

782 1083 1009 1140 CAPUT
1047 1083 1187 1139 XIV.

508 1177 702 1234 lterum
739 1178 801 1231 de
822 1178 1051 1232 oratione
1078 1179 1131 1231 in
1158 1176 1506 1232 tabernaculo.

262 1293 397 1349 ﬁxe
450 1303 502 1347 et
553 1292 656 1348 alia
719 1293 947 1362 plurima
1008 1291 1197 1347 borum
1256 1291 1448 1346 similia
1503 1292 1790 1360 imperator

180 1386 359 1443 etiam
393 1385 525 1439 alias
546 1383 785 1439 iactitare
801 1393 1173 1439 consueverat.
1203 1382 1353 1438 Tunc
1378 1385 1635 1453 temporis
1661 1396 1789 1437 vero

181 1491 487 1549 antequam
516 1478 755 1548 praelium
782 1485 1117 1544 consereret,
1163 1491 1407 1533 seorsum
1447 1476 1499 1530 in
1545 1476 1791 1531 taberna-

183 1573 315 1628 culo
373 1573 600 1642 positus,
655 1570 1002 1634 orationibus,
1050 1577 1108 1623 ut
1160 1568 1385 1633 solebat,
1418 1567 1653 1634 vacavit,
1724 1565 1791 1621 ab

185 1664 344 1719 omni
371 1662 587 1732 quidem
616 1662 738 1732 joco
762 1671 816 1717 et
846 1657 1142 1715 delicatioi'i
1171 1661 1293 1715 vita:
1319 1659 1466 1715 cultu
1490 1660 1788 1723 abstinens,

181 1755 419 1826 jejuniis
478 1770 605 1809 vero
669 1754 893 1824 aliisque
957 1753 1261 1821 lmjusmodi
1320 1752 1867 1853 exercitationibusB

188 1862 397 1916 corpus
429 1845 684 1916 fatigans,
712 1854 767 1900 et
792 1844 1269 1913 supplicationibus
1320 1859 1382 1900 ac
1427 1844 1671 1913 precibus
1719 1843 1789 1897 ita

191 1938 375 1993 Deum
433 1938 673 2006 placans,
722 1946 777 1989 ut
830 1937 1115 2007 benignum
1166 1936 1316 1991 illum
1382 1951 1445 1991 ac
1508 1937 1791 2007 propitium

192 2045 425 2085 suarum
452 2031 677 2099 partium
701 2028 998 2098 adjutorem
1028 2028 1267 2089 haberet.
1290 2044 1456 2097 eaque
1477 2038 1657 2100 ageret
1678 2044 1794 2097 quac

195 2123 290 2177 ille
323 2122 493 2176 menti
522 2135 631 2176 sua:
656 2122 1028 2189 suggessisset.
1082 2120 1146 2173 Et
1181 2119 1562 2175 Constantinus
1583 2120 1791 2190 quidem

194 2213 536 2284 Reipublicae
590 2212 895 2282 pervigilem
947 2226 1127 2267 curam
1172 2213 1426 2283 gerebat,
1484 2228 1586 2265 non
1631 2211 1796 2281 magis

198 2323 298 2377 pro
332 2323 555 2363 suorum
587 2324 746 2379 quam
804 2324 901 2378 pro
949 2308 1182 2363 hostium
1235 2308 1407 2364 salute
1432 2316 1554 2362 vota
1576 2308 1795 2363 faciens.

821 2420 1044 2476 CAPUT
1082 2420 1200 2475 XV.

352 2520 542 2575 Licinii
570 2521 807 2573 simulata
834 2520 1057 2572 amicitia
1096 2529 1140 2574 et
1166 2518 1419 2573 idolorum
1438 2518 1626 2572 cultus.

274 2614 554 2681 Quoniam
588 2629 716 2668 vero
739 2612 977 2668 Licinius
1004 2612 1093 2683 qui
1126 2611 1282 2682 paulo
1309 2623 1433 2666 ante
1465 2612 1638 2679 fugam
1668 2609 1801 2664 inie-

201 2713 309 2771 rat,
349 2704 700 2760 simulatione
730 2715 907 2771 utens,
938 2703 1130 2758 iterum
1173 2702 1484 2766 amicitiam,
1509 2716 1571 2755 ac
1600 2699 1802 2755 foedera

200 2797 462 2851 renovari
498 2796 785 2864 poscebat;
837 2795 1130 2863 imperator
1171 2792 1225 2847 id
1270 2808 1302 2847 e
1345 2791 1633 2861 Republica
1658 2804 1800 2857 esse,

203 2898 258 2943 et
285 2889 479 2959 generi
534 2887 769 2941 humano
810 2886 1114 2942 conducere
1144 2895 1325 2949 ratus,
1373 2898 1557 2954 pacem
1589 2882 1662 2936 illi
1703 2881 1803 2935 sub

203 2983 373 3035 certis
400 2980 801 3035 conditionibus
830 2977 1105 3047 indulgere
1154 2992 1259 3030 non
1291 2974 1574 3031 recusavit.
1608 2976 1674 3029 At
1713 2972 1802 3029 Li-

205 3072 408 3140 cinius,
438 3073 622 3142 specie
644 3071 856 3141 quidem
886 3071 997 3139 ipsa
1040 3069 1273 3139 fingebat
1317 3068 1462 3139 leges
1488 3083 1548 3123 se
1577 3067 1805 3122 libenter

207 3162 496 3232 amplecti,
528 3172 583 3215 et
624 3162 781 3216 iidem
805 3158 1156 3230 jurejurando
1184 3158 1447 3214 ﬁrmabat.
1481 3156 1674 3213 Verum
1704 3171 1799 3212 oc-

205 3256 357 3309 culte
390 3255 680 3309 militarem
707 3262 1019 3323 apparatum
1054 3252 1382 3317 instruebat,
1414 3261 1574 3321 atque
1604 3251 1796 3305 iterum

204 3345 415 3402 bellum
449 3343 669 3408 inferre,
697 3344 893 3399 iterum
926 3358 1153 3412 pugnam
1186 3344 1487 3396 instaurare
1515 3338 1806 3395 meditaba-

208 3448 321 3495 tur.
349 3437 457 3493 Sed
484 3446 538 3491 et
566 3436 919 3489 Barbarorum
946 3434 1144 3488 auxilia
1168 3434 1402 3501 undique
1423 3431 1800 3502 conquirebat,

209 3539 269 3583 et
302 3542 478 3583 novos
522 3528 936 3595 circumquaque
983 3525 1338 3594 investigabat
1364 3523 1493 3578 deos
1522 3540 1533 3573 :
1570 3529 1749 3590 utpote
1774 3534 1804 3573 a

209 3620 491 3690 prioribus
519 3619 572 3673 in
601 3617 839 3671 fraudem
872 3615 1135 3671 inductus.
1164 3615 1274 3669 Nec
1302 3614 1561 3668 memoria
1590 3622 1802 3681 repete-

206 3711 329 3773 bat,
374 3725 496 3779 qua:
536 3709 694 3778 paulo
741 3722 867 3761 ante
896 3708 962 3762 de
1005 3708 1109 3761 diis
1156 3707 1207 3760 in
1252 3707 1511 3759 concione
1559 3703 1803 3757 dixisset.

208 3804 329 3862 Nec
360 3805 529 3860 Deum
559 3806 647 3873 qui
674 3819 771 3875 pro
797 3804 1145 3860 Constantino
1167 3810 1587 3872 pr0pugnasset,
1620 3814 1811 3870 agnos-

209 3915 348 3957 cere
378 3900 585 3955 volebat
613 3916 625 3953 :
654 3900 748 3955 sed
776 3898 943 3952 multo
970 3898 1149 3967 plures
1192 3910 1254 3951 ac
1312 3895 1638 3950 recentiores
1676 3894 1809 3948 deos

208 4006 326 4047 non
363 3992 483 4048 sine
503 3994 613 4047 risu
642 4006 706 4048 ac
726 3991 959 4046 ludibrio
988 3990 1155 4059 erepit
1180 3989 1519 4059 conquirere.

816 4102 1043 4160 CAPUT
1082 4103 1221 4159 XVI.

210 4197 499 4264 Quomodo
531 4195 758 4252 Licinius
808 4196 1053 4251 militibus
1101 4196 1415 4266 praeceperit,
1466 4211 1528 4250 ne
1573 4195 1812 4249 adversus

549 4290 715 4343 crucis
744 4289 945 4358 signum
974 4288 1215 4358 impetum
1248 4286 1488 4355 facerem.

291 4384 571 4451 Posuisse,
594 4398 715 4438 cum
740 4384 915 4450 reipsa
944 4380 1218 4435 didicisset
1249 4394 1497 4433 arcanam
1529 4378 1813 4449 quamdam

208 4491 276 4531 ac
312 4475 554 4528 divinam
586 4473 877 4541 potentiam
908 4472 959 4524 in
991 4470 1212 4524 salutari
1242 4480 1443 4538 tropaeo
1474 4468 1654 4523 inesse
1674 4509 1688 4533 ,
1717 4483 1813 4521 cu-

1887 509 1955 564 ad
1985 510 2299 580 depellenda
2330 515 2465 565 mala
2519 513 2927 575 munimentum.
2964 514 3193 571 hostium
3235 518 3473 574 multitu-

1888 601 1998 656 dini
2024 603 2242 670 objecit.
2274 604 2349 657 Ac
2377 603 2637 673 principio
2657 605 2870 673 quidem
2893 608 3218 677 sustinebat,
3248 627 3473 681 parcens

1888 694 2101 748 interim
2138 694 2304 761 ferro,
2352 710 2420 751 ne
2467 696 2739 751 videretur
2783 697 2926 766 prior
2981 715 3209 771 pugnam
3264 702 3466 771 iniisse,

1888 784 2050 855 idque
2075 786 2144 841 ob
2169 784 2435 843 fmderum
2465 802 2585 856 quae
2612 788 2885 857 pepigerat
2914 790 3249 862 religionem.

2461 901 2690 960 CAPUT
2731 904 2891 960 XVII.

2388 994 2706 1052 Constantini
2733 1000 2959 1055 victoria.

1960 1106 2064 1164 Sed
2095 1118 2441 1179 posteaquam
2473 1110 2654 1166 hostes
2696 1113 2966 1168 obstinato
2995 1115 3175 1169 animo
3210 1126 3470 1185 perstare,

1886 1197 2104 1268 jamque
2148 1199 2355 1269 gladios
2401 1199 2721 1270 distringere
2773 1203 3172 1270 animadvertit,
3225 1207 3469 1277 indigna-

1893 1289 2037 1345 tione
2063 1300 2382 1360 commotus,
2428 1294 2546 1349 solo
2575 1294 2810 1350 clamore
2854 1312 2918 1351 ac
2966 1298 3189 1355 minimo
3219 1300 3474 1368 temporis

1891 1391 2166 1437 momento
2194 1392 2414 1438 cunctas
2446 1384 2679 1440 hostium
2712 1388 2895 1455 copias
2922 1389 2973 1442 iu
3005 1388 3181 1459 fugam
3213 1391 3391 1455 vertit,
3421 1399 3477 1448 et

1891 1471 1959 1527 de
1987 1472 2320 1530 daemonibus
2360 1476 2560 1546 pariter
2584 1483 2747 1547 atque
2792 1477 3036 1535 hostibus
3079 1481 3359 1536 victoriam
3388 1496 3475 1537 re-

1894 1565 2146 1634 portavit.

2455 1659 2683 1718 CAPUT
2721 1663 2901 1719 XVIII.

2141 1748 2327 1805 Licinii
2354 1752 2516 1808 cades
2546 1764 2591 1808 et
2621 1757 2867 1825 triumphi
2896 1758 2959 1812 de
2984 1759 3077 1813 illo
3104 1761 3226 1815 acti.

1967 1860 2213 1916 POSthaec
2268 1863 2440 1932 ipsum
2501 1865 2593 1919 Dei
2644 1864 2852 1921 hostem
2905 1868 3126 1939 ejusque
3187 1870 3475 1928 familiares

1895 1952 2017 2009 belli
2045 1954 2168 2022 jure
2196 1956 2515 2025 dijudicatos
2534 1999 2547 2020 .
2575 1973 2813 2028 ceiigruo
2842 1963 3103 2031 supplicio
3131 1963 3329 2019 affecit.
3362 1966 3474 2023 Ab-
3514 2028 3516 2031 ,

1896 2043 2228 2101 ducebantur
2257 2047 2434 2116 itaque
2473 2063 2574 2103 una
2613 2064 2732 2102 cum
2765 2061 2988 2121 tyranno
3010 2095 3025 2120 ,
3067 2064 3122 2108 et
3151 2054 3355 2111 debitas
3383 2071 3476 2112 ca-

1896 2138 2022 2207 pitis
2077 2153 2262 2207 pinnas
2328 2140 2527 2195 dabant
2586 2143 2907 2213 quicumque
2961 2146 3156 2201 bellum
3211 2148 3475 2206 adversus

1902 2231 2063 2285 Deum
2091 2246 2278 2299 gerere
2318 2232 2367 2287 ei
2415 2235 2727 2291 suasissent.
2768 2235 2834 2289 Et
2862 2236 2952 2305 qui
2997 2238 3157 2307 paulo
3185 2250 3312 2295 ante
3343 2256 3478 2296 vana

1897 2335 1991 2393 spe
2020 2321 2142 2376 elati
2188 2334 2362 2389 erant,
2407 2327 2579 2394 reipsa
2608 2327 2942 2383 Constantini
2978 2329 3145 2385 Deum
3186 2332 3481 2400 amplecte-

1899 2414 2114 2479 bantur,
2142 2430 2373 2485 eumque
2396 2431 2559 2470 unum
2595 2432 2657 2471 ac
2683 2433 2871 2473 verum
2902 2419 3066 2475 Deum
3098 2435 3391 2491 agnoscere
3418 2436 3477 2477 se

1901 2515 2028 2564 tunc
2047 2508 2263 2563 demum
2290 2509 2696 2579 proﬁtebantur.

2488 2623 2714 2680 CAPUT
2750 2624 2889 2681 XIX.

2285 2714 2503 2771 Publica
2530 2716 2706 2771 lrelitia
2736 2735 2793 2773 ac
2821 2720 3088 2788 festivitas.

1976 2826 2158 2896 Impiis
2190 2827 2350 2897 igitur
2376 2844 2405 2883 e
2434 2830 2609 2884 medio
2638 2830 2881 2895 sublatis,
2907 2832 3025 2899 puri
3048 2832 3300 2902 deinceps
3326 2847 3389 2887 ac
3419 2833 3483 2887 Ii-

1908 2917 2052 2987 quidi
2100 2918 2226 2973 solis
2266 2920 2418 2981 radii,
2463 2920 2852 2984 cernebantur,
2887 2924 3035 2991 quasi
3086 2922 3265 2977 nubilo
3297 2931 3481 2993 tyran-

1908 3014 2041 3066 nica:
2082 3012 2458 3067 dominationis
2485 3013 2724 3082 depulso.
2750 3012 3073 3083 Cunctzequc
3117 3016 3323 3082 imperii
3369 3015 3481 3070 Ro-

1908 3103 2049 3156 mani
2082 3112 2258 3172 partes
2291 3104 2342 3157 in
2387 3120 2547 3158 unum
2588 3120 2783 3173 corpus
2828 3106 3181 3160 coaluerunt:
3211 3105 3483 3161 orientali-

1830 3167 1874 3229 C
1905 3194 2003 3249 bus
2050 3194 2332 3262 provinciis
2377 3210 2495 3249 cum
2534 3196 2825 3251 Occidente
2868 3198 3167 3265 conjunctis
3194 3238 3208 3264 ,
3271 3214 3483 3269 unoque

1907 3287 2142 3341 omnium
2176 3287 2410 3356 principe
2433 3296 2680 3356 tanquam
2705 3291 2877 3359 rapite
2905 3290 3154 3359 quodam,
3188 3299 3353 3345 totum
3383 3291 3483 3344 im-

1908 3378 2039 3446 perii
2068 3393 2261 3447 corpus
2302 3378 2615 3448 refulgebat.
2674 3380 2828 3433 unius
2858 3380 3218 3433 dominatione
3262 3389 3483 3435 cunctos

1909 3469 2152 3524 homines
2179 3470 2581 3537 complectente.
2617 3470 2681 3523 Et
2700 3470 2788 3538 qui
2821 3470 2965 3538 prius
2995 3472 3045 3523 in
3075 3472 3306 3527 tenebris
3344 3482 3397 3525 et
3426 3473 3479 3526 in

1909 3562 2097 3615 umbra
2117 3562 2306 3615 mortis
2328 3560 2602 3627 sedebant,
2621 3561 2683 3615 iis
2699 3570 2824 3617 tunc
2839 3562 3254 3631 splendidissimi
3276 3564 3484 3632 pietatis

1909 3652 2041 3706 radii
2072 3651 2221 3705 laetos
2248 3651 2362 3705 dies
2392 3653 2732 3719 praestabant.
2762 3651 2871 3707 Nec
2902 3653 3291 3721 praeteritorum
3321 3654 3489 3709 malo-

1912 3759 2029 3798 rum
2055 3745 2158 3797 ulla
2186 3742 2294 3812 jam
2324 3751 2602 3812 supererat
2630 3744 2953 3806 recordatio.
3002 3759 3123 3799 cum
3152 3760 3337 3800 omnes
3367 3747 3485 3801 ubi-

1910 3852 2012 3906 que
2043 3836 2292 3890 victorem
2321 3834 2568 3889 laudibus
2592 3834 2949 3893 celebrarent.
2984 3835 3204 3906 ejusque
3234 3845 3478 3892 servato-

1912 3944 2023 3981 rem
2056 3927 2219 3981 Deum
2250 3924 2421 3979 solum
2450 3940 2510 3980 se
2538 3940 2828 3995 agnoscere
2859 3924 3260 3993 profiterentur.
3294 3925 3486 3981 Noster

1914 4034 2041 4074 vero
2086 4019 2229 4073 omni
2279 4032 2477 4087 genere
2522 4016 2732 4085 pietatis
2780 4017 3055 4073 excellens
3105 4016 3489 4073 Constantinus

1913 4110 2230 4181 victor(lioc
2256 4110 2398 4164 enim
2445 4110 3004 4164 convenientissimum
3046 4109 3144 4164 sibi
3189 4124 3490 4179 cognomen

1913 4202 2241 4270 comparavit
2269 4200 2338 4254 ob
2360 4201 2612 4254 victorias
2652 4200 2719 4254 de
2756 4199 2997 4255 hostibus
3045 4210 3099 4255 et
3132 4200 3359 4255 inimicis
3388 4200 3488 4270 ipsi

1914 4309 1943 4348 a
1974 4294 2081 4347 Deo
2107 4293 2301 4363 ubique
2320 4288 2627 4360 concessas)
2658 4291 2926 4347 Orientem
2958 4294 3181 4360 recepit,
3232 4301 3285 4346 et
3316 4292 3489 4361 impe-

1918 4384 2053 4438 rium
2082 4383 2377 4437 Romanum
2404 4381 2633 4436 solidum
2661 4381 2795 4434 sicut
2824 4380 2949 4433 olim
2981 4380 3184 4445 fuerat,
3216 4391 3269 4434 et
3295 4381 3492 4435 coadu-

1918 4484 2120 4538 natum,
2154 4472 2253 4527 sub
2301 4486 2449 4524 suam
2485 4452 2642 4524 unius
2676 4477 2989 4537 potestatem
3040 4468 3263 4538 redegit.
3290 4467 3369 4523 Ac
3400 4469 3494 4525 Dei

206 4568 307 4638 jus
340 4582 448 4635 Ope
476 4564 814 4620 Constantini
842 4563 1111 4618 exercitus
1142 4563 1415 4615 victoriam
1447 4559 1652 4615 referre
1682 4574 1811 4614 cou-
1838 4537 1891 4595 Ῑ)
1919 4566 2132 4635 quidem
2158 4563 2313 4618 unius
2342 4560 2760 4616 dominationem
2788 4560 2989 4629 primus
3018 4560 3263 4615 omnibus
3297 4560 3494 4629 ρττεάί-

213 4657 533 4721 suevisset,
562 4658 756 4710 milites
785 4669 913 4709 suos
955 4654 1250 4718 admeiiuit,
1301 4668 1367 4707 ne
1397 4668 1463 4706 es
1489 4650 1713 4706 adverso
1736 4650 1813 4705 illi

207 4750 708 4820 ceiigredereutur,
736 4762 868 4802 neve
892 4746 945 4799 iu
970 4746 1097 4798 illud
1127 4753 1331 4799 temere
1356 4759 1418 4798 ac
1441 4742 1660 4798 fortuito
1689 4758 1813 4797 ocu-

207 4842 301 4897 los
356 4840 707 4909 conjicerent.
739 4838 944 4906 Quippe
997 4836 1128 4891 illud
1172 4840 1381 4905 signum
1429 4835 1729 4889 incredibili
1762 4833 1814 4889 vi

208 4932 483 5003 pollere,
541 4945 603 4984 ac
652 4929 754 4985 sibi
823 4926 1067 4997 privatim
1115 4924 1367 4980 infestum
1423 4926 1815 4995 adversumque

204 5037 346 5079 esse
436 5020 644 5085 aiebat,
714 5028 874 5089 atque
940 5017 1140 5072 idcirco
1206 5015 1500 5071 cavendum
1560 5030 1679 5070 esse
1747 5032 1815 5071 ne

206 5116 495 5171 adversus
523 5113 690 5181 ipsum
735 5126 909 5181 pugna
959 5109 1202 5164 iniretur.
1235 5107 1330 5162 His
1382 5109 1451 5162 ita
1482 5108 1817 5177 compositis,

206 5209 498 5264 adversus
516 5203 681 5271 illum,
703 5204 792 5273 qui
815 5216 909 5272 pro
929 5202 1111 5255 innata
1135 5199 1421 5255 clementia
1450 5201 1815 5265 cunctabatur,

212 5313 276 5360 et
307 5301 416 5371 qui
474 5298 757 5354 imminens
803 5296 904 5365 ipsi
953 5293 1169 5349 exitium
1212 5291 1531 5357 dilI'ercbat,
1592 5291 1819 5360 praeliari

206 5389 535 5450 constituit.
577 5389 643 5442 Et
677 5384 937 5441 Liciniani
968 5382 1181 5453 quidem
1210 5381 1431 5436 deorum
1483 5382 1823 5436 multitudine

208 5481 593 5547 eonfisi,cum
623 5478 928 5550 ingentibus
952 5474 1119 5541 copiis
1164 5475 1667 5544 progrediebantur;
1700 5489 1825 5529 nes-

208 5581 303 5636 cio
337 5589 479 5647 qua:
520 5583 847 5627 mortuorum
894 5569 1177 5623 simulacra
1221 5577 1275 5622 et
1320 5578 1523 5622 statuas
1565 5568 1829 5623 inanimes

210 5662 481 5745 praesidii
508 5678 660 5719 causa
677 5662 1038 5733 perferentes.
1066 5655 1448 5713 Constantinus
1469 5674 1596 5713 vero
1619 5655 1832 5725 pietatis

211 5761 398 5820 lorica
439 5763 734 5821 contectus,
752 5756 980 5810 salutare
1005 5766 1061 5811 et
1098 5753 1363 5811 vivificum
1387 5752 1562 5809 crucis
1581 5751 1789 5821 signum
1816 5790 1830 5817 ,

689 5853 959 5913 Panos.
1008 5850 1173 5915 VIII.

1920 4656 2102 4709 cavit:
2138 4656 2252 4722 ipse
2282 4667 2410 4707 vero
2451 4651 2721 4720 singulare
2763 4664 2976 4720 quoque
3022 4651 3301 4719 imperium
3348 4650 3495 4707 orbis

1922 4745 2147 4801 Romani
2187 4755 2395 4807 tenens,
2424 4745 2729 4797 universum
2772 4757 2939 4810 genus
2971 4743 3256 4796 humanum
3300 4742 3497 4811 guber-

1922 4837 2086 4892 navit.
2111 4834 2296 4888 Omnis
2319 4835 2428 4902 jam
2462 4844 2636 4888 metus
2666 4831 2927 4885 malorum
2950 4830 3144 4900 quibus
3185 4834 3361 4887 cuncti
3400 4833 3500 4888 lto-

1921 4927 2095 4981 mines
2137 4924 2381 4994 Oppressi
2420 4922 2657 4988 fuerant,
2706 4924 2919 4991 penitus
2961 4922 3253 4977 exciderat.
3309 4924 3374 4978 Et
3411 4924 3502 4994 qui

1924 5018 2071 5086 prius
2100 5016 2273 5070 mtesti
2295 5013 2538 5077 fuissent,
2572 5024 2693 5066 tunc
2715 5012 2869 5066 hilari
2897 5011 3042 5066 vultu
3067 5012 3306 5083 laetisque
3329 5015 3501 5070 oculis

1923 5121 2043 5162 sese
2074 5115 2257 5161 mutuo
2281 5105 2642 5160 intuebantur.
2676 5100 2867 5158 Clioris
2897 5111 3151 5172 praeterea
3186 5114 3240 5157 et
3266 5103 3499 5175 hymnis,

1926 5200 2154 5263 primum
2182 5194 2397 5264 quidem
2436 5195 2599 5247 Deum
2627 5192 2864 5246 omnium
2896 5193 3120 5261 Regem,
3155 5204 3311 5263 prout
3349 5194 3499 5250 insti-

1926 5292 2022 5343 tuti
2050 5290 2292 5350 fuerant;
2326 5286 2521 5341 deiude
2567 5288 2821 5341 victorem
2848 5286 3174 5356 Augustum,
3202 5297 3255 5341 et
3298 5290 3511 5344 modes-

1928 5382 2165 5435 tissimos
2191 5380 2407 5447 Dcoque
2426 5377 2735 5431 carissimos
2757 5376 2870 5445 ejus
2892 5378 3091 5432 liberos
3110 5377 3374 5440 Czesares,
3394 5378 3511 5434 sine

1931 5474 2038 5529 ulla
2078 5472 2475 5526 intermissione
2503 5468 2867 5523 celebrabant.
2902 5468 3053 5522 Nulla
3083 5468 3192 5537 jam
3217 5473 3515 5538 prieterila-

1932 5580 2052 5621 rum
2073 5562 2456 5625 calamitatum,
2498 5561 2642 5615 nulla
2674 5561 2962 5630 impietatis
2988 5563 3245 5615 memoria
3265 5572 3514 5631 suppete-

1933 5658 2024 5714 bat
2053 5675 2066 5711 :
2102 5655 2196 5711 sed
2226 5654 2564 5724 praesentium
2613 5654 2872 5709 bonorum
2922 5653 3126 5709 fructus
3154 5670 3275 5711 cum
3307 5655 3515 5714 futuro-

1937 5764 2054 5804 rum
2102 5762 2196 5819 Spe
2227 5756 2384 5815 atque
2414 5746 2811 5816 exspecmtione
2840 5745 3247 5816 percipiebatur.

2990 5842 3031 5904 2
