3876 6218
386 290 457 351 I3
1723 267 1991 328 EUSEIIII
2027 264 2347 324 PAMPHILI

1991 389 2037 447 A
2068 383 2248 440 felices
2291 379 2579 453 praedicare
2625 391 2730 433 non
2771 373 3117 440 dubitabant;
3149 385 3343 429 novum
3370 371 3645 443 quoddam

981 394 1207 453 CAPUT
1245 392 1365 449 XX.

498 491 764 563 Quomodo
790 505 884 562 pro
912 488 1295 561 Confessoribus
1327 485 1688 541 Constantinus
1720 484 1853 555 leges

1063 580 1301 635 sanxerit.

465 697 615 754 Tunc
638 696 801 752 etiam
826 693 965 765 apud
1016 708 1136 757 nos,
1165 694 1303 747 sicut
1332 702 1483 747 antea
1541 690 1680 760 apttd
1727 690 1845 744 illos
1876 689 1965 757 qui

394 788 616 844 alteram
644 785 790 842 orbis
817 792 1017 855 partem
1040 782 1297 846 incolunt,
1323 781 1592 851 proposita
1639 790 1763 834 sunt
1803 780 1968 849 impe-

398 878 590 935 ratoris
612 876 785 932 edicta
809 876 960 945 plena
990 874 1335 931 humanitatis
1360 890 1373 926 :
1406 881 1460 928 et
1484 872 1627 942 leges
1648 886 1767 942 quae
1791 870 1967 925 since-

400 984 515 1024 ram
542 983 606 1023 ac
634 967 936 1037 religiosam
964 966 1059 1020 Dei
1089 966 1485 1021 observantiam
1511 963 1796 1031 spirarent,
1828 961 1968 1014 varia

402 1059 659 1135 cujusque
682 1056 892 1128 generis
923 1056 1063 1112 bona
1085 1054 1224 1110 haud
1251 1053 1409 1109 dubia
1439 1068 1533 1123 spe
1552 1051 1969 1122 pollicebantur;

403 1168 524 1208 cum
549 1161 602 1207 et
646 1148 1056 1220 provincialibus
1099 1146 1419 1215 largireutur
1457 1160 1575 1215 quas
1626 1144 1693 1201 ad
1736 1145 1976 1214 ipsorum

404 1243 685 1300 utilitatem
725 1240 1068 1311 spectabant;
1121 1248 1175 1295 et
1204 1236 1460 1294 Ecclesiis
1498 1235 1593 1291 Dei
1646 1250 1879 1305 congrua
1923 1243 1980 1289 et

411 1334 782 1391 convenientia
821 1340 1139 1386 statuerent.
1171 1332 1247 1387 Ac
1279 1329 1506 1401 primum
1532 1327 1742 1398 quidem
1773 1342 1868 1383 eos
1889 1326 1978 1396 qui

409 1435 691 1496 propterea
721 1421 861 1496 quod
893 1422 1049 1477 idolis
1079 1422 1379 1476 sacriﬁcare
1404 1421 1725 1485 noluissent,
1746 1434 1778 1473 a
1807 1428 1979 1473 recto-

407 1516 557 1570 ribus
590 1514 984 1585 provinciarum
1038 1513 1280 1582 relegati,
1332 1522 1387 1567 et
1430 1528 1495 1567 ex
1541 1512 1709 1581 patria
1753 1512 1981 1579 migrare

408 1608 667 1676 compulsi
693 1617 864 1671 erant,
892 1605 1112 1664 domum
1155 1615 1491 1661 revocarunt.
1526 1603 1631 1658 Eos
1672 1602 1865 1657 deinde
1892 1604 1981 1671 qui

412 1699 653 1755 eamdem
688 1700 755 1753 ob
807 1710 1019 1753 causam
1072 1696 1237 1753 curiis
1278 1694 1473 1752 addicti
1502 1695 1727 1760 fuerant,
1757 1692 1981 1762 publicis

3562 243 3647 311 44

2064 476 2375 531 miraculum
2407 482 2460 529 et
2479 472 2637 544 quale
2662 470 2806 527 nulla
2843 483 3073 540 unquam
3104 466 3205 522 sub
3244 465 3383 523 ccelo
3422 464 3651 520 vidisset

2065 574 2217 632 aetas,
2246 573 2451 621 tantum
2503 563 2707 619 scilicet
2760 564 3137 631 imperatorem
3185 558 3419 613 humano
3457 555 3654 626 generi

2068 659 2333 715 affulsisse
2364 667 2639 714 testantes.
2671 656 2843 727 Atque
2871 654 2923 709 hi
2950 654 3163 725 quidem
3212 652 3283 707 ita
3317 648 3646 708 sentiebant.

2631 767 2858 824 CAPUT
2893 765 3079 821 XXIII.

2145 864 2293 932 Quod
2323 862 2487 917 Deum
2515 863 2760 917 bonorum
2787 870 3043 914 auctorem
3072 857 3386 928 praedicavit,
3440 865 3485 911 et
3513 856 3576 910 de

2632 953 2822 1023 legibus
2846 950 3092 1024 ejusdem.

2144 1046 2438 1115 Imperator
2480 1053 2658 1100 autem
2710 1044 2843 1114 ipse,
2870 1043 2958 1096 ubi
2985 1052 3175 1097 cuncta
3221 1043 3312 1097 Dei
3361 1041 3659 1097 servatoris

2077 1137 2268 1191 virtute
2295 1136 2394 1192 sub
2422 1134 2675 1190 ditionem
2697 1148 2849 1188 suam
2878 1132 3111 1204 redegit,
3139 1148 3259 1188 eum
3290 1135 3378 1203 qui
3407 1133 3521 1188 haec
3551 1133 3660 1201 ipsi

2074 1227 2215 1284 bona
2266 1227 2599 1297 praestitisset
2651 1224 2898 1282 omnibus
2946 1224 3120 1294 palam
3170 1223 3333 1286 fecit.
3399 1222 3662 1293 illumque

2076 1321 2420 1377 victoriarum
2469 1329 2741 1376 auctorem
2796 1319 2984 1387 fuisse,
3008 1333 3115 1374 non
3162 1326 3338 1372 autem
3392 1318 3659 1387 seipsum,

2078 1412 2351 1484 professus
2377 1424 2481 1471 est.
2510 1413 2673 1480 quue
2708 1413 2900 1468 litteris
2945 1422 3056 1467 tum
3096 1412 3263 1467 latino
3312 1422 3422 1467 tum
3477 1425 3663 1482 graeco

2081 1520 2330 1561 sermone
2378 1504 2589 1575 scriptis
2638 1512 2693 1562 et
2733 1503 2801 1559 ad
2854 1518 3041 1559 omnes
3090 1503 3394 1573 provincias
3441 1502 3663 1567 missis,

2084 1596 2409 1667 praedicavit.
2455 1596 2622 1652 Porro
2672 1596 2928 1652 orationis
2956 1597 3061 1650 vim
3106 1610 3170 1650 ac
3214 1596 3462 1650 virtutem
3504 1595 3667 1649 facile

2086 1699 2372 1758 cognoscet
2416 1689 2653 1758 quisquis
2696 1688 2949 1757 epistolas
2990 1688 3133 1759 ipsas
3174 1688 3474 1757 perlegerit.
3522 1686 3669 1742 Sunt

412 1790 772 1846 functionibus
797 1790 1087 1844 liberarunt
1116 1806 1129 1841 :
1160 1797 1214 1844 et
1258 1788 1347 1858 qui
1388 1772 1723 1842 facultatibus
1772 1785 1982 1854 spoliati
2012 1762 2060 1821 Β
2086 1788 2265 1834 autem
2294 1778 2412 1834 dum
2447 1798 2459 1832 :
2491 1780 2659 1834 altera
2687 1778 2755 1833 ad
2787 1779 3057 1835 Ecclesiae
3086 1779 3179 1833 Dei
3206 1778 3407 1834 directa
3432 1817 3448 1844 ,
3489 1779 3667 1834 altera

413 1883 654 1948 fuissent,
689 1881 753 1935 iis
782 1881 918 1935 bona
948 1895 1041 1934 sua
1067 1879 1273 1934 restitui
1302 1886 1683 1947 praeceperunt.
1717 1876 1981 1929 Praeterea

414 1972 505 2040 qui
553 1969 935 2039 persecutionis
982 1979 1220 2043 tempore
1257 1968 1433 2022 divina
1488 1967 1682 2021 virtute
1725 1965 1981 2032 roborati,

416 2060 733 2117 fortitudinis
754 2068 807 2115 et
826 2060 1137 2114 constantia:
1155 2058 1359 2112 illustre
1381 2058 1649 2127 specimen
1674 2056 1981 2122 ediderant,

417 2161 507 2205 aut
534 2150 599 2205 ad
646 2152 855 2204 metalla
885 2150 1142 2215 damnati,
1189 2158 1246 2203 ut
1275 2151 1528 2203 continuo
1557 2149 1740 2204 labore
1783 2149 1852 2203 ibi
1901 2149 1984 2202 di-

417 2252 771 2309 vcxarcntur,
802 2249 893 2296 aut
937 2242 988 2296 in
1031 2242 1256 2296 insulam
1286 2242 1586 2308 deportati,
1622 2254 1710 2296 aut
1761 2242 1987 2311 publicis

418 2332 668 2401 operibus
714 2332 998 2402 mancipati
1031 2332 1238 2387 fuerant
1264 2375 1277 2398 ,
1309 2332 1391 2387 his
1418 2334 1664 2387 omnibus
1692 2332 1870 2387 subito
1897 2346 1986 2386 so-

418 2424 511 2477 Ittti
533 2425 789 2480 molestiis
820 2424 1121 2480 libertatem
1153 2424 1331 2497 adepti
1363 2434 1503 2479 sunt.
1537 2424 1639 2480 Sed
1667 2433 1721 2480 et
1743 2426 1986 2495 quicum-

417 2530 519 2585 que
542 2516 609 2570 ob
639 2514 905 2585 egregiam
936 2517 985 2568 in
1017 2516 1295 2570 retinenda
1334 2515 1594 2586 religione
1630 2517 1986 2571 constantiam

417 2604 620 2660 honore
649 2606 851 2659 militiae
879 2605 1086 2673 spoliati
1117 2617 1289 2673 erant,
1318 2621 1411 2661 eos
1443 2608 1775 2677 imperatoris
1816 2607 1987 2660 muni-

422 2696 633 2750 ﬁcentia
664 2696 731 2749 ab
762 2695 859 2749 hac
882 2696 1165 2764 ignominia
1184 2697 1478 2762 revocavit;
1511 2699 1750 2768 ipsorum
1768 2697 1989 2753 arbitrio

418 2800 481 2841 ac
510 2785 763 2841 voluntati
797 2788 1127 2855 permittens,
1158 2798 1213 2841 ut
1243 2788 1324 2842 vel
1374 2787 1583 2858 propria
1610 2797 1992 2859 recuperarent

419 2874 615 2941 ofﬁcia,
646 2886 699 2931 et
744 2878 963 2945 pristino
995 2878 1212 2931 honoris
1249 2878 1416 2946 gradu
1444 2878 1763 2946 fruerentur,
1805 2878 1913 2943 vel,
1945 2879 1990 2933 si

418 2967 653 3036 quietam
685 2968 843 3021 \itum
873 2967 1067 3037 degere
1097 2969 1333 3037 mallent,
1377 2970 1444 3023 ab
1465 2971 1709 3024 omnibus
1740 2971 1991 3039 deinceps

420 3056 778 3113 functiOnibus
821 3059 1082 3113 immunes
1118 3068 1507 3128 permanerent.
1561 3060 1797 3129 Denique
1836 3068 1991 3130 quot-

423 3157 551 3217 quot
594 3149 894 3216 ignominiae
940 3163 1098 3203 causa
1147 3151 1402 3221 gynaeciis
1441 3151 1728 3221 mancipati
1759 3152 1986 3218 fuerant,

424 3250 519 3293 cus
545 3236 836 3305 imperator
867 3239 1087 3307 perinde
1112 3255 1173 3294 ac
1195 3250 1418 3296 caeteros
1439 3242 1684 3297 libertate
1712 3241 1950 3297 donavit.

1005 3347 1229 3407 CAPUT
1268 3351 1406 3406 XXI.

429 3440 693 3505 Quomodo
734 3440 881 3495 etiam
921 3456 1013 3510 pro
1061 3444 1363 3511 martyribus
1407 3453 1453 3498 et
1504 3460 1595 3514 pro
1643 3443 1993 3499 Ecclesiarum

944 3532 1147 3598 prtediis
1177 3533 1309 3602 leges
1340 3534 1467 3587 tulit.

497 3646 565 3699 Et
617 3645 732 3700 haec
780 3645 992 3714 quidem
1041 3646 1108 3700 de
1145 3647 1212 3699 iis
1240 3650 1326 3716 qui
1370 3649 1465 3702 ista
1510 3651 1749 3719 perpessi
1792 3659 1991 3713 essent,

423 3738 710 3805 Imperator
761 3736 972 3805 scriptis
1042 3736 1247 3807 legibus
1335 3739 1631 3793 constituit.
1695 3741 1768 3795 De
1842 3740 1997 3794 bouis

424 3836 601 3883 autem
648 3841 871 3892 eorum,
942 3828 1056 3896 lege
1114 3827 1449 3896 imperatoris
1498 3829 1805 3898 plenissime
1867 3846 1995 3885 cau-

426 3927 538 3973 tum
584 3926 684 3971 est.
716 3916 846 3971 Nam
894 3926 1198 3972 sanctorum
1243 3919 1332 3974 Dei
1380 3930 1673 3990 martyrum
1720 3920 1856 3975 bona
1906 3922 1997 3990 qui

427 4009 481 4064 in
512 4009 627 4078 ipsa
676 4008 1012 4063 confessione
1038 4018 1262 4065 mortem
1290 4011 1549 4066 obiissent
1573 4053 1586 4077 ,
1618 4012 1684 4066 ad
1727 4013 1999 4082 proximos

430 4116 615 4156 eorum
664 4099 869 4154 devolvi
910 4100 1089 4169 jussit.
1121 4100 1273 4167 Quod
1318 4103 1363 4156 si
1413 4104 1589 4157 nullus
1630 4119 1828 4173 genere
1867 4106 1997 4174 ipsis

431 4195 748 4260 coniunctus
775 4194 1113 4261 reperiretur,
1144 4192 1507 4248 htcrcditatem
1536 4210 1720 4249 eorum
1744 4196 1998 4250 Ecclesiis

434 4288 658 4351 deferri;
687 4288 823 4341 bona
850 4288 973 4341 item
1004 4302 1120 4356 qua:
1138 4300 1204 4340 ex
1229 4286 1355 4341 lisco
1384 4287 1467 4340 vel
1494 4302 1587 4356 per
1607 4286 1960 4342 venditionem
1982 4329 1997 4353 ,

433 4380 513 4433 vel
542 4394 633 4448 per
663 4378 1003 4432 donationem
1040 4377 1104 4430 ad
1132 4378 1264 4431 alios
1306 4378 1560 4432 translata
1609 4378 1855 4447 fuerant,
1913 4389 2001 4433 aut

432 4484 550 4534 quae
580 4483 738 4537 penes
766 4467 946 4521 ﬁscum
969 4477 1337 4520 remanserant
1364 4467 1593 4522 dominis
1610 4469 1813 4523 restitui
1834 4469 1999 4523 debe-

436 4574 514 4623 re,
539 4557 878 4626 indulgentia:
897 4557 1183 4625 imperialis
1205 4556 1426 4625 epistola
1452 4559 1883 4627 praecipiebatEt
1903 4560 2003 4614 Itu-

428 4648 661 4718 jusmodi
683 4647 892 4715 quidem
918 4647 1170 4701 beneﬁcia
1186 4650 1237 4699 in
1254 4647 1547 4702 Ecclesiatn
1563 4648 1655 4703 Dei
1674 4650 1897 4704 contulit
1911 4650 2001 4706 be-

436 4738 663 4809 nignitas
680 4738 947 4809 principis,
966 4737 1171 4806 legibus
1185 4752 1278 4805 per
1287 4753 1473 4792 omnes
1486 4739 1788 4807 provincias
1804 4742 1999 4795 missis.

1012 4850 1234 4907 CAPUT
1275 4850 1438 4906 XXII.

712 4942 973 5007 Quomodo
1001 4942 1150 4996 etiam
1178 4943 1392 5013 populos
1408 4945 1724 4997 recreaverit.

512 5035 723 5105 Populis
750 5050 876 5090 vero
902 5052 931 5088 a
962 5035 1062 5089 ﬁde
1093 5045 1272 5089 nostra
1300 5035 1486 5091 alienis
1514 5045 1568 5089 et
1592 5037 1854 5090 universis
1877 5053 2002 5106 pro-

440 5129 645 5193 vinciis,
680 5129 845 5183 multo
874 5129 1021 5195 plura
1051 5143 1113 5181 ac
1140 5126 1339 5196 majora
1366 5128 1581 5181 donavit
1612 5129 1863 5197 principis
1891 5146 2004 5183 mu-

438 5219 722 5274 niﬁcentia.
747 5218 976 5273 Proinde
1008 5233 1193 5272 omnes
1220 5226 1518 5273 nostrarum
1550 5221 1774 5288 partium
1794 5221 2000 5287 incolae,

438 5311 526 5378 qui
555 5311 698 5379 prius
740 5308 1017 5364 audientes
1059 5324 1119 5364 ea
1167 5325 1286 5379 qua:
1339 5310 1389 5362 in
1422 5311 1585 5365 altera
1616 5322 1762 5379 parte
1792 5314 2003 5382 imperii

441 5400 663 5454 lioutani
716 5410 1061 5469 gererentur,
1117 5400 1298 5454 beatos
1348 5401 1704 5470 pra‘dicabant
1754 5405 1871 5459 illos
1915 5409 2001 5473 qui

442 5491 598 5544 tantis
625 5490 962 5547 afﬁcerentur
994 5490 1294 5556 beneliciis,
1328 5500 1381 5545 et
1408 5493 1495 5561 qui
1533 5492 1841 5548 ardentibus
1867 5498 2003 5551 votis

439 5581 709 5648 optabant,
764 5590 818 5632 ut
866 5578 1051 5634 iisdem
1094 5580 1245 5634 bonis
1308 5581 1407 5649 ipsi
1466 5597 1676 5651 quoque
1721 5584 2006 5655 aliquando

440 5668 755 5734 fruerentur,
818 5668 929 5723 haec
958 5671 1125 5725 oculis
1156 5670 1265 5723 suis
1296 5680 1597 5739 spectantes
1618 5714 1631 5740 ,
1662 5675 1868 5743 seipsos
1894 5677 2003 5745 jam

2086 1869 2152 1923 ad
2195 1868 2521 1939 singularum
2578 1868 2786 1925 urbium
2834 1869 3055 1939 populos
3092 1884 3122 1923 a
3169 1879 3350 1924 nostra
3402 1868 3671 1941 religione

2086 1960 2310 2015 alienos.
2353 1961 2520 2028 Quam
2569 1960 2785 2031 quidem
2832 1969 3014 2029 utpote
3057 1962 3305 2029 presenti
3347 1969 3671 2030 argumento

2086 2054 2646 2109 convenientissimam
2691 2053 2778 2107 hic
2809 2054 3149 2108 inserendam
3200 2068 3321 2109 esse
3350 2054 3514 2122 duxi,
3548 2064 3667 2109 tum

2088 2153 2147 2202 ut
2198 2144 2540 2199 historiarum
2566 2146 2925 2199 monumentis
2952 2145 3161 2214 prodita
3190 2146 3307 2214 ejus
3337 2145 3671 2215 exemplaria

2088 2234 2228 2304 apud
2257 2245 2500 2303 posteros
2533 2244 2792 2304 perpetuo
2814 2245 3232 2303 conserventur,
3266 2245 3378 2291 tum
3430 2244 3487 2289 ut
3536 2250 3675 2289 nar-

2088 2325 2310 2379 rationis
2355 2336 2551 2380 nostra:
2606 2325 2739 2379 ﬁdes
2766 2341 2828 2381 ac
2885 2327 3078 2382 veritas
3121 2324 3482 2379 conﬁrmetur.
3530 2325 3671 2380 Des-

2090 2416 2259 2485 cripta
2295 2426 2472 2470 autem
2503 2425 2587 2470 est
2625 2431 2690 2471 ex
2723 2417 3032 2470 authentico
3070 2415 3362 2486 exemplari
3388 2416 3516 2485 legis
3559 2416 3673 2467 im-

2090 2508 2328 2576 perialis,
2362 2507 2503 2577 quod
2529 2505 2668 2577 apud
2698 2522 2796 2562 nos
2816 2518 3077 2562 servatur.
3103 2506 3198 2561 Cui
3232 2506 3483 2575 principis
3506 2520 3675 2560 manu

2092 2599 2334 2672 apposita
2363 2598 2688 2668 subscriptio
2715 2598 2971 2652 orationis
2999 2608 3197 2651 nostra:
3240 2598 3518 2652 veritatem
3543 2606 3674 2650 tan-

2092 2704 2248 2758 quam
2277 2688 2447 2759 sigillo
2477 2688 2705 2758 quodam
2731 2688 2943 2742 astruit.

2642 2777 2867 2834 CAPUT
2906 2777 3096 2833 XXIV.

2093 2870 2201 2926 Lex
2245 2872 2559 2927 Constantini
2585 2871 2645 2925 de
2691 2872 2873 2941 pietate
2919 2872 2970 2924 in
3004 2868 3186 2938 Deum,
3213 2880 3256 2924 et
3300 2870 3361 2925 de
3389 2868 3679 2922 christiana

2762 2964 3022 3035 religione.

2179 3054 2312 3119 Hanc
2339 3054 2520 3119 legem,
2544 3070 2654 3119 quae
2670 3058 2730 3106 ab
2753 3058 2843 3106 hoc
2857 3057 3012 3119 capite
3027 3067 3139 3104 xxrv
3153 3056 3211 3104 ad
3231 3068 3341 3119 xum
3364 3052 3679 3115 extenditur,

2143 3053 2312 3165 Alieno
2339 3054 2520 3119 legem,
2544 3070 2654 3119 quae
2670 3058 2730 3106 ab
2753 3058 2843 3106 hoc
2857 3057 3012 3117 capite
3027 3067 3139 3104 XXIV
3153 3056 3211 3104 ad
3231 3069 3306 3104 xu

2016 3134 2059 3196 ρ
2093 3118 2141 3165 vi
2177 3118 2273 3165 esis
2291 3116 2429 3181 infra,
2454 3120 2536 3167 ubi
2561 3119 2718 3168 series
2738 3130 2943 3181 cperunt
2967 3115 3306 3178 Constantini.)

2654 3219 2876 3275 CAPUT
2917 3218 3096 3273 XLIII.

2102 3312 2364 3377 Quomodo
2393 3312 2749 3367 Constantinus
2784 3328 2840 3365 ea
2868 3328 2979 3381 qua!
3013 3310 3206 3382 legibus
3242 3320 3478 3365 sanxerat
3517 3311 3680 3381 (actis

2640 3404 2762 3473 ipsis
2788 3405 3121 3470 confirmavit.

2171 3495 2239 3549 Et
2264 3493 2377 3549 haec
2400 3494 2610 3564 quidem
2650 3496 2814 3564 prima
2842 3495 3178 3564 imperatoris
3202 3494 3427 3567 epistola
3481 3492 3547 3547 ad
3574 3507 3686 3548 nos

2101 3589 2260 3641 missa
2289 3587 2584 3642 constituit.
2614 3588 2875 3642 Caeterum
2917 3603 2979 3642 ea
3008 3604 3125 3655 qua:
3166 3588 3281 3658 lege
3323 3588 3525 3642 saucita
3555 3585 3686 3642 fue-

2100 3686 2222 3732 rant
2261 3677 2511 3732 contiuuo
2553 3677 2854 3732 executioni
2889 3678 3133 3732 mandata
3161 3687 3284 3732 sunt
3323 3696 3334 3729 :
3378 3687 3433 3731 et
3478 3686 3687 3733 cuncta

2100 3768 2167 3821 iis
2197 3783 2315 3837 qua:
2346 3767 2632 3821 crudelitas
2664 3769 2930 3839 tyrannica
2958 3775 3370 3837 pnesumpserat
3408 3766 3688 3822 contraria

2103 3861 2444 3929 gerebantur.
2479 3858 2814 3913 Fruebantur
2854 3860 3190 3929 imperatoris
3227 3856 3576 3914 beneﬁcentia
3623 3856 3689 3912 hi

2104 3952 2296 4021 quibus
2325 3951 2375 4004 id
2407 3952 2522 4020 lege
2548 3964 2858 4005 concessum
2884 3958 3018 4003 erat.

2663 4038 2885 4095 CAPUT
2922 4038 3105 4093 XLIV.

2109 4133 2373 4199 Quomodo
2417 4131 2731 4187 Christianos
2768 4132 2834 4186 ad
2863 4132 3103 4204 regendas
3150 4131 3436 4200 provincias
3464 4146 3688 4201 proma-

2310 4224 2460 4291 verit,
2493 4234 2539 4276 et
2566 4240 2789 4293 paganos
2820 4224 3108 4292 sacriﬁcare
3134 4222 3467 4293 prohibuerit.

2179 4314 2421 4368 Posthaec
2470 4316 2759 4383 imperator
2800 4316 2943 4369 serio
2974 4330 3187 4369 manum
3231 4313 3375 4383 Operi
3420 4312 3676 4368 admovit.

2106 4404 2185 4459 Ac
2213 4405 2437 4473 primum
2468 4405 2677 4474 quidem
2708 4407 2759 4460 in
2792 4407 3021 4477 singulas
3054 4406 3351 4475 provincias
3378 4421 3470 4459 eos
3503 4409 3683 4473 prmsi-

2027 4504 2082 4565 D
2108 4492 2203 4547 des
2235 4505 2287 4547 ut
2315 4495 2595 4562 plurimum
2627 4496 2801 4559 misit,
2846 4499 2934 4566 qui
2981 4497 3195 4551 salutari
3228 4494 3349 4549 ﬁdei
3392 4496 3548 4550 dicati
3590 4508 3681 4549 es-

2108 4593 2246 4638 sent.
2280 4584 2431 4651 Quod
2460 4586 2618 4655 siqui
2647 4602 2830 4639 eorum
2876 4603 3063 4655 graeca:
3104 4586 3461 4655 superstitioni
3511 4584 3683 4641 dediti

2110 4688 2231 4729 esse
2280 4675 2586 4729 viderentur
2614 4675 2677 4729 iis
2718 4678 2937 4731 vetitum
2968 4687 3081 4731 erat
3131 4676 3449 4730 sacriﬁcare.
3481 4674 3682 4729 Eadem

2112 4764 2201 4819 lex
2246 4763 2351 4817 illis
2382 4764 2542 4817 etiam
2589 4765 2834 4833 imposita
2866 4777 2948 4820 est
2998 4767 3085 4835 qui
3124 4766 3380 4834 dignitate
3426 4764 3683 4834 praesides

2111 4854 2413 4919 anteibant,
2444 4855 2613 4924 iisque
2641 4857 2775 4909 adeo
2803 4857 2891 4925 qui
2940 4872 3202 4909 sumntum
3248 4857 3505 4910 honorum
3534 4855 3687 4909 lasti-

2108 4947 2252 5015 gium
2284 4955 2336 5001 et
2364 4947 2694 5017 prmfectum
2724 4949 3056 5014 praetorianae
3101 4956 3415 5018 potestatem
3469 4944 3685 5001 obtine-

2108 5035 2235 5091 bant
2286 5038 2389 5091 Aut
2417 5039 2556 5090 enim
2589 5037 2847 5107 siquidem
2878 5037 3165 5093 Christiani
3192 5047 3407 5103 essent,
3457 5038 3518 5090 iis
3546 5050 3683 5090 con-

2109 5125 2331 5180 cedebat
2355 5136 2410 5181 ut
2437 5128 2665 5182 nominis
2695 5128 2775 5181 sui
2802 5129 3145 5196 appellationi
3185 5126 3549 5183 convenientia
3588 5141 3686 5195 ge-

2109 5227 2309 5272 rerent.
2358 5218 2463 5273 Aut
2505 5220 2548 5272 si
2597 5219 2748 5274 aliter
2792 5219 2963 5274 aﬁ'ecti
3010 5230 3227 5287 essent,
3272 5236 3341 5275 ne
3385 5218 3686 5274 simulacris

2108 5311 2471 5365 sacriﬁcarent
2512 5311 2870 5381 prmcipiebat.

2683 5402 2905 5457 CAPU'I‘
2946 5403 3105 5457 XLV.

2114 5492 2189 5547 De
2212 5494 2399 5563 legibus
2428 5494 2607 5564 quibus
2628 5495 2881 5562 sacrificia
2905 5495 3104 5561 quidem
3132 5493 3542 5565 prohibebantur,
3576 5489 3684 5545 Ec-

2453 5590 2616 5642 clesia:
2637 5604 2751 5641 vero
2774 5588 2993 5641 construi
3010 5587 3337 5655 jubebantur.

2188 5679 2393 5734 Exinde
2431 5680 2548 5731 dum
2599 5678 2740 5747 leges
2791 5693 2895 5732 uno
2938 5677 3230 5745 eodemque
3279 5686 3518 5745 tempore
3564 5685 3691 5731 sunt
