3876 6218
225 322 308 377 I5

1300 322 1385 377 DE
1424 322 1583 379 VITA
1621 318 2068 377 CONSTANTINI
2105 317 2303 377 LIBER
2343 320 2407 376 II.
3421 333 3492 389 ,(6

228 434 475 490 emissm.
508 434 691 488 Altera
720 448 837 505 qnze
867 433 1171 489 detestan'la
1214 433 1478 489 idolorum
1528 438 1699 491 cultos
1734 450 1817 490 εει-
1849 437 1890 494 Λ
1926 434 2029 487 bat.
2061 434 2244 490 Nullus
2289 445 2403 490 erat
2453 435 2603 491 fortis
2660 447 2851 502 metus,
2905 441 2989 509 riui
3040 443 3490 509 perturbationem

230 527 485 592 criﬁcia,
537 543 631 593 per
682 528 838 582 urbes
866 528 988 582 olim
1022 537 1074 581 et
1120 542 1211 597 per
1256 543 1411 597 agros
1465 530 1658 599 pissim
1708 530 1818 584 fieri

234 620 406 675 solita
426 664 438 679 ,
467 621 817 690 prohibebat;
846 621 913 674 ita
941 628 997 675 ut
1020 622 1194 676 nullus
1221 622 1472 692 deinceps
1502 638 1600 679 nec
1620 630 1824 678 statuas

236 712 475 766 deorum
503 714 739 784 erigere,
784 728 881 769 nec
926 714 1279 771 divinationes
1320 725 1373 770 et
1406 716 1703 786 bujusmodi
1734 730 1823 769 va-

241 818 355 855 nas
391 811 534 857 artes
577 812 839 859 attentare
903 819 1000 859 nec
1048 803 1290 858 victimas
1335 806 1542 861 caedere
1584 806 1821 862 auderet.

246 895 443 950 Altera
491 895 572 951 lex
628 911 749 964 qua:
794 895 1146 950 oratoriorum
1194 896 1445 952 fabricam
1502 898 1551 952 in
1600 897 1825 953 sublime

246 987 392 1058 erigi
432 999 485 1042 et
531 989 782 1043 ecclesias
832 988 924 1042 Dei
958 996 1062 1042 tam
1096 989 1373 1043 latitudine
1400 1004 1557 1059 quam
1590 989 1824 1059 longitu-

247 1078 384 1132 dine
408 1080 689 1147 ampliores
734 1078 871 1133 ellici
902 1079 1270 1148 praecipiebat;
1301 1080 1521 1149 perinde
1549 1094 1611 1135 ac
1640 1085 1683 1134 si
1710 1081 1827 1134 uni-

248 1171 425 1233 versi,
449 1180 504 1223 ut
532 1172 598 1224 ita
626 1170 871 1237 dixerim,
895 1170 1137 1226 homines
1160 1172 1342 1226 insana
1371 1171 1656 1225 multorum
1692 1170 1824 1226 deoc

252 1280 380 1315 rum
411 1263 745 1317 observantia
775 1278 804 1318 e
834 1264 1010 1316 medio
1058 1262 1295 1328 sublata,
1341 1263 1393 1316 in
1427 1271 1692 1332 posterum
1740 1276 1827 1315 ac-

248 1354 464 1408 cessuri
493 1364 669 1409 essent
698 1354 762 1406 ad
812 1354 997 1407 Deum.
1032 1352 1155 1408 Ilzee
1185 1353 1559 1422 imperatorem
1590 1352 1824 1416 sentire;

251 1443 378 1499 haec
401 1445 463 1497 ad
493 1445 743 1515 cujusque
789 1444 1072 1514 provinciae
1103 1444 1357 1514 [II'J‘SIIICS
1399 1444 1670 1509 scribere,
1700 1444 1826 1498 reli-

249 1541 405 1612 giosa
450 1541 610 1596 divini
656 1541 894 1596 Numinis
943 1542 1273 1597 observantia
1321 1541 1643 1610 impellebat.
1694 1539 1826 1595 Illud

251 1641 519 1703 pneterea
550 1633 631 1686 Ie!
660 1632 1001 1698 continebat,
1036 1649 1101 1686 ne
1125 1633 1363 1703 pecuniis
1394 1631 1679 1702 largiendis
1708 1645 1829 1699 par-

247 1733 476 1788 cerent;
506 1722 600 1778 sed
625 1734 685 1778 ut
705 1736 770 1779 ex
785 1715 1158 1792 imperialibus
1188 1722 1445 1777 thesauris
1474 1730 1715 1783 sumptus
1759 1719 1825 1775 ad

1923 522 2130 578 ail‘erret
2162 540 2175 579 :
2206 524 2398 595 quippe
2425 540 2542 580 cum
2574 526 2663 580 Dei
2710 527 2893 596 optimi
2945 530 3156 584 maximi
3212 533 3490 603 beneficio,

1924 628 2130 668 ammna
2158 623 2211 669 et
2239 614 2642 681 profundissitna
2669 631 2765 684 pax
2788 616 3073 673 Ecclesiam
3098 621 3325 691 undique
3349 639 3494 679 com-

1924 708 2171 762 muniret.
2222 706 2324 763 Sed
2351 707 2491 764 enim
2546 708 2741 763 invidit
2794 712 2988 765 nostris
3065 712 3216 767 bonis
3273 716 3488 771 insidias

1925 807 2135 855 struens
2164 799 2495 855 subsederat.
2526 802 2653 866 Qua:
2678 801 2898 870 primum
2933 804 3141 871 quidem
3173 807 3309 860 intro
3356 808 3488 861 irre-

1928 902 2080 957 pens,
2108 898 2289 957 pcatea
2323 889 2373 941 in
2406 889 2581 945 medlo
2630 889 2942 945 Sanctorum
2988 905 3127 950 rcetu
3168 897 3489 966 tripudiavit.

1926 976 2162 1032 Tandem
2189 992 2315 1033 vero
2343 979 2619 1049 episcopos
2647 982 2783 1035 inter
2810 998 2867 1037 se
2893 986 3183 1048 commisit;
3215 992 3494 1045 tumultum

1926 1078 1979 1123 et
2000 1069 2392 1124 altercationem
2431 1071 2567 1125 Inter
2592 1086 2685 1126 eos
2724 1074 2983 1140 excitans,
3028 1076 3321 1132 divinorum
3367 1080 3497 1150 dog-

1928 1166 2122 1211 matum
2152 1158 2385 1212 obtentu.
2421 1159 2641 1225 Exinde,
2700 1170 2961 1232 tamquam
2999 1180 3062 1218 ex
3119 1165 3215 1219 levi
3269 1168 3496 1237 quadam

1927 1249 2171 1315 scintilla,
2202 1250 2571 1317 gravissimum
2623 1253 2821 1306 exarsit
2860 1254 3175 1308 incendium.
3206 1256 3353 1322 Quod
3382 1259 3497 1329 qui-

1929 1339 2138 1393 demab
2166 1340 2386 1395 ecclesia
2416 1342 2769 1397 Alexandrina
2794 1342 2933 1397 velut
2956 1360 2983 1397 a
3013 1346 3183 1415 capite
3218 1361 3491 1418 exorsum,

1930 1430 2226 1484 universam
2250 1430 2482 1498 poSIhmc
2508 1431 2812 1502 Egyptum,
2841 1445 2892 1488 et
2911 1434 3150 1505 Lybiam,
3184 1446 3233 1492 et
3275 1439 3493 1495 ulterio-

1929 1534 2039 1573 rem
2068 1518 2387 1574 Thebaidem
2419 1522 2730 1592 peragravit.
2758 1523 2860 1578 Sed
2889 1534 2943 1579 et
2981 1526 3209 1596 reliquas
3241 1530 3395 1583 urbes
3432 1545 3497 1587 ac

1929 1607 2225 1677 provincias
2269 1609 2542 1678 depastum
2584 1620 2687 1677 est,
2738 1611 2869 1667 adeo
2900 1622 2957 1668 ut
2984 1630 3087 1669 non
3142 1617 3312 1671 solum
3357 1619 3499 1688 ipsos

1930 1697 2284 1752 Ecciesiarum
2314 1700 2588 1755 Antistites
2635 1703 2810 1755 verbis
2854 1704 2990 1758 inter
3032 1721 3089 1759 se
3115 1706 3487 1779 digladiantes,

247 1814 453 1867 aedium
470 1828 736 1868 sacrarum
764 1789 1150 1868 extructionem
1183 1813 1647 1881 depromerentur.
1682 1810 1818 1876 Quin
1856 1794 1898 1853 Β
1926 1802 2107 1843 verum
2136 1790 2295 1844 etiam
2327 1789 2534 1859 plebem
2585 1793 2749 1860 ipsa")
2786 1792 3057 1850 dimissam
3104 1812 3325 1854 Cernere
3363 1800 3493 1856 Ῑῖεο·

249 1906 420 1959 etiam
483 1902 547 1958 ad
592 1905 847 1974 cujusque
909 1905 1008 1958 loci
1057 1903 1405 1959 ecclesiarum
1450 1902 1712 1957 antistites
1760 1900 1827 1955 is-

1936 1889 2043 1949 ret;
2067 1884 2186 1937 aliis
2215 1884 2423 1951 horum,
2454 1885 2569 1940 aliis
2600 1887 2808 1942 illorum
2841 1902 3017 1959 partes
3037 1894 3493 1962 amplectentibus.

250 1996 515 2049 tiusnmdi
554 1997 738 2051 littera:
768 1995 1137 2049 scribebantur
1184 2012 1198 2049 :
1242 1994 1534 2063 cuiusmodi
1565 1993 1720 2047 etiam
1765 1991 1831 2045 ad

249 2102 339 2141 me
371 2087 612 2141 scribere
635 2086 880 2155 dignatus
907 2095 1006 2139 est.
1041 2083 1249 2155 Easque
1291 2085 1489 2154 primas
1512 2080 1576 2137 ad
1605 2098 1689 2136 me
1738 2095 1832 2137 no-

250 2176 498 2231 minatim
533 2178 736 2230 litteras
755 2175 920 2230 dedit.

822 2284 1044 2342 CAPUT
1083 2283 1264 2341 XLVI.

246 2378 498 2449 Epistula
518 2379 837 2434 Constantini
870 2379 937 2433 ad
963 2378 1231 2433 Eusebium
1253 2389 1298 2432 et
1319 2378 1539 2449 reliquos
1569 2378 1831 2447 episcopos

320 2472 390 2525 de
413 2470 657 2525 Ecclesiis
697 2470 966 2539 presidum
1004 2485 1156 2539 opera
1187 2469 1497 2537 adificandis
1521 2485 1538 2521 :
1562 2478 1711 2538 utque
1746 2484 1829 2520 ve-

320 2572 476 2615 tustte
497 2562 808 2627 reﬁciantur,
837 2570 885 2614 et
903 2562 1177 2632 ampliores
1196 2569 1515 2614 extruantur.

311 2676 478 2739 (Hane
500 2674 751 2740 epistolam
776 2673 1125 2737 rilesisinl'ra.)

815 2781 1037 2837 CAPUT
1078 2781 1281 2836 XLVII.

473 2873 627 2939 Quod
647 2882 826 2927 contra
846 2873 1096 2926 idolorum
1127 2873 1315 2925 cultant
1340 2872 1613 2939 scripserit.

324 2966 622 3034 Imperator
649 2980 777 3019 vero
811 2980 957 3017 suam
1000 2978 1122 3032 erga
1170 2963 1330 3017 Deum
1376 2963 1624 3030 pietatem
1669 2968 1825 3026 atque

248 3058 657 3112 observantiam
689 3055 928 3125 quotidie
946 3054 1212 3123 adaugens
1237 3094 1252 3118 ,
1296 3053 1363 3107 ad
1405 3052 1683 3106 universos
1708 3065 1830 3119 pro-

248 3149 515 3203 vinciales
546 3148 848 3202 orationem
873 3145 1014 3199 misit
1031 3144 1097 3199 de
1117 3159 1302 3198 errore
1318 3143 1490 3197 cultus
1513 3142 1825 3195 simulacro-

248 3254 395 3305 rum,
426 3254 535 3306 quo
561 3238 911 3306 imperatores
939 3236 1141 3290 romani
1168 3244 1291 3288 ante
1317 3232 1479 3302 ipsius
1503 3242 1709 3285 :etatem
1748 3231 1825 3283 in-

249 3334 419 3388 voluti
448 3332 694 3387 fuissent.
738 3330 807 3385 Et
823 3331 1060 3385 subditos
1106 3344 1231 3384 suos
1270 3344 1390 3383 cum
1425 3325 1721 3381 admirabili
1750 3323 1827 3378 l‘a-

248 3424 446 3478 cundia
486 3423 797 3478 exhortatus
835 3433 938 3487 est,
984 3432 1039 3475 ut
1077 3436 1343 3475 summum
1384 3420 1619 3473 omnium
1661 3418 1826 3472 Deum

248 3527 629 3585 agnoscerent,
672 3515 890 3583 ejusque
914 3512 1101 3567 Filium
1143 3511 1410 3567 Christum
1452 3511 1550 3566 sibi
1584 3518 1825 3563 servato-

250 3619 366 3659 rem
389 3604 772 3658 adsciscerent.
797 3602 963 3656 Porro
984 3602 1076 3655 has
1099 3602 1253 3656 etiam
1278 3599 1826 3667 litterasmanuipsius

250 3695 506 3762 scriptas,
532 3709 596 3747 ex
636 3691 797 3746 latino
842 3705 1087 3745 sermone
1108 3691 1158 3744 in
1184 3705 1411 3760 graecum
1436 3687 1740 3750 transferre.
1773 3697 1833 3744 et

252 3784 510 3853 μὴτ-κτιιί
542 3783 697 3852 operi
717 3784 951 3837 intexere
984 3781 1343 3837 necessarium
1380 3780 1528 3844 duxi,
1560 3788 1615 3832 ut
1652 3780 1827 3849 ipsum

252 3874 491 3943 quodam
512 3873 670 3927 modo
703 3874 1076 3942 imperatorem
1120 3871 1271 3925 nobis
1292 3869 1477 3924 audire
1511 3868 1781 3922 videamur
1809 3908 1824 3932 ,

251 3972 571 4017 cunctorum
614 3963 911 4016 mortalium
949 3961 1162 4016 auribus
1203 3960 1253 4013 in
1298 3960 1409 4015 haec
1451 3959 1611 4015 verba
1662 3958 1825 4013 incla.

250 4064 491 4108 mantem
502 4094 514 4106 .

786 4142 1009 4199 CAPUT
1048 4143 1275 4199 XLVIII.

253 4238 581 4295 Constantini
602 4238 817 4291 edictum
846 4238 914 4290 ad
937 4236 1277 4291 Provinciales
1304 4237 1366 4291 de
1387 4236 1518 4305 falso
1538 4236 1677 4290 cultu
1706 4238 1829 4291 mul-

412 4340 576 4383 torum
598 4329 824 4381 deorum.
856 4328 1137 4381 Exordium
1158 4328 1220 4381 de
1245 4328 1419 4382 virtute
1442 4338 1487 4380 et
1517 4328 1654 4380 vitio.

312 4441 444 4496 (Hoc
467 4440 698 4503 edictam,
720 4441 847 4503 quod
878 4440 939 4489 ab
959 4439 1050 4491 hoc
1089 4440 1247 4502 capite
1288 4452 1425 4489 nvm
1457 4439 1515 4488 ad
1537 4451 1616 4488 mn
1656 4447 1832 4490 esten-

247 4505 399 4564 ditur,
439 4504 618 4553 videsis
640 4501 801 4565 tam.)

850 4605 1073 4661 CAPUT
1110 4605 1244 4661 LXI.

252 4698 527 4765 Quomodo
560 4696 623 4750 ab
648 4698 768 4751 urbe
795 4697 1105 4751 Alexandria
1129 4696 1434 4767 quastione:
1456 4706 1712 4751 commota:
1731 4698 1831 4751 sint

833 4798 1033 4856 propter
1068 4787 1260 4844 Arium.

323 4896 922 4966 Hcecimperatorvelut
970 4896 1182 4967 quidam
1226 4896 1315 4952 Dei
1376 4912 1551 4968 przeco
1599 4900 1827 4954 maxima

248 4988 512 5057 pra-ditus
543 5002 689 5053 voce,
713 4990 923 5043 cunctis
944 4989 1352 5058 provincialibus
1374 5004 1467 5059 per
1488 5004 1609 5045 suas
1625 4991 1829 5046 litteras

247 5081 584 5145 inclamavit,
610 5080 737 5135 dum
785 5080 1029 5136 subditos
1064 5096 1093 5135 a
1134 5081 1433 5136 demonum
1460 5098 1641 5138 errore
1672 5099 1831 5139 revo-

244 5184 401 5237 care,
434 5172 781 5225 etadverum
812 5171 907 5227 Dei
927 5172 1124 5227 cultum
1154 5174 1580 5243 amplectendam
1611 5176 1833 5230 incitare

246 5272 502 5317 certatur.
532 5263 674 5329 Quas
701 5265 770 5317 ob
809 5279 894 5318 res
918 5279 1038 5319 cum
1070 5265 1319 5334 singulari
1368 5268 1561 5335 gaudio
1590 5268 1827 5337 gestiret.

247 5355 481 5411 nuntius
494 5355 562 5408 ad
581 5370 699 5409 eum
731 5356 960 5425 perlatus
982 5365 1065 5411 est
1092 5355 1159 5411 de
1185 5356 1412 5427 quodam
1439 5372 1542 5413 non
1577 5358 1831 5414 mediocri

249 5446 493 5501 tumultu
539 5447 625 5515 qui
672 5446 926 5501 ecclesias
953 5455 1321 5515 occupaverat.
1353 5448 1469 5516 Quo
1509 5448 1687 5504 audito
1712 5464 1831 5520 per-

247 5539 462 5601 cuisus,
495 5538 784 5593 remedium
832 5538 1130 5608 excogitare
1167 5539 1347 5608 coepit.
1378 5540 1543 5595 Porro
1578 5542 1832 5597 tumultus

248 5629 411 5699 origo
444 5630 559 5683 haec
586 5629 683 5683 fuit
710 5648 724 5684 :
753 5629 999 5685 Florehat
1028 5633 1247 5698 populus
1276 5631 1387 5696 Del,
1418 5642 1469 5687 et
1494 5648 1613 5688 cum
1643 5634 1833 5689 alacri-

252 5728 373 5777 tate
392 5719 622 5788 quadam
650 5735 713 5775 ac
744 5719 969 5791 tripudio
1018 5720 1252 5777 honestis
1305 5722 1508 5785 actibus
1563 5725 1834 5781 incumbe-

1933 1973 2100 2030 Porro
2128 1991 2303 2031 rerum
2345 1994 2460 2047 qua:
2503 1979 2823 2049 gert-bantur
2848 1986 3203 2051 spectaculum
3240 2004 3303 2042 eo
3332 2006 3499 2061 usque

1935 2068 2191 2133 processit
2237 2068 2583 2139 indignitatis,
2625 2082 2681 2125 ut
2724 2074 2775 2127 in
2808 2075 2994 2130 mediis
3025 2078 3316 2133 inﬁdelium
3345 2081 3497 2136 thea-

1935 2157 2053 2223 tris,
2091 2158 2283 2214 divinae
2308 2160 2695 2229 praedicationis
2726 2167 3047 2222 venerabilis
3092 2168 3329 2225 doctrina
3387 2180 3499 2229 tur—

1935 2248 2153 2316 pissinto
2176 2251 2287 2306 risu
2311 2265 2373 2307 ac
2400 2251 2626 2308 ludibrio
2652 2253 3037 2311 traduceretur.

2500 2404 2726 2467 CAPUT
2766 2411 2921 2468 LXII.

2393 2519 2467 2576 De
2492 2523 2615 2578 Aria
2659 2535 2705 2579 et
2745 2525 3037 2585 Meiitianis.

2005 2628 2072 2683 Et
2092 2628 2145 2684 lti
2172 2631 2387 2700 quidem
2420 2634 2470 2688 in
2503 2636 2613 2705 ipsa
2643 2638 2771 2693 urbe
2788 2638 3103 2697 Alexandria
3135 2645 3199 2700 de
3228 2648 3499 2706 sublimis-

1938 2718 2086 2774 simis
2131 2722 2287 2776 rebus
2326 2726 2661 2793 pertinaciter
2702 2729 3042 2788 dimicabant.
3090 2739 3191 2791 Alii
3233 2756 3359 2795 vero
3405 2759 3499 2812 per

1933 2816 2095 2863 totam
2119 2810 2397 2883 Aﬂgyptnm
2426 2825 2481 2870 et
2505 2826 2829 2884 superiorem
2863 2822 3204 2893 Thebaidem,
3247 2830 3317 2883 ob
3367 2810 3499 2888 con-

1932 2902 2239 2956 troversiam
2268 2906 2549 2972 quamdam
2588 2925 2704 2977 quae
2734 2913 2878 2978 prius
2905 2925 3165 2971 commota
3198 2917 3388 2985 fuerat,
3420 2922 3501 2977 in-

1932 2989 2085 3043 terim
2127 2990 2482 3061 dissidebant,
2507 2997 2639 3052 adeo
2678 3007 2730 3053 nt
2779 3001 2969 3069 ubique
2998 3004 3275 3073 discerptae
3318 3020 3503 3065 essent

1930 3079 2201 3135 Ecclesiae.
2232 3083 2361 3138 Cum
2419 3096 2595 3141 autem
2650 3088 2902 3147 Ecclesiae
2953 3110 3146 3165 corpus
3190 3099 3496 3169 hujusmodi

1854 3169 1899 3231 C
1932 3169 2118 3224 morbo
2140 3171 2423 3241 laboraret,
2454 3178 2695 3233 universa
2726 3180 2885 3251 Libya
2918 3185 3073 3239 simul
3120 3189 3274 3243 etiam
3329 3206 3497 3260 aegro-

1928 3265 2079 3329 tavit,
2110 3272 2163 3316 et
2191 3265 2407 3334 reliqua:
2440 3277 2736 3325 exterarum
2767 3276 3151 3341 provinciarum
3200 3294 3379 3349 partes
3405 3300 3496 3339 eo-

1925 3356 2045 3413 dem
2096 3361 2280 3414 morbo
2326 3376 2582 3432 correptm
2629 3375 2771 3421 sunt.
2826 3368 2954 3423 Nam
3017 3373 3103 3441 qui
3158 3375 3497 3434 Alexandria:

1924 3460 2095 3514 erant,
2120 3451 2316 3519 legatos
2339 3452 2403 3505 ad
2428 3454 2751 3523 singularum
2784 3460 3183 3525 provinciarum
3210 3466 3492 3535 episcOpos

1927 3536 2357 3606 dirigebant.lsti
2389 3557 2513 3597 vero
2557 3544 2605 3596 in
2653 3545 2958 3601 alterutram
3007 3561 3207 3619 partem
3256 3554 3489 3622 discissi,

1926 3630 2174 3685 seditioni
2206 3648 2414 3702 quoque
2441 3635 2879 3706 adjungebantur.

2479 3788 2702 3845 CAPUT
2740 3789 2917 3847 LXIII.

2000 3893 2265 3961 Quomodo
2309 3894 2545 3966 Legatum
2599 3915 2714 3953 cum
2752 3902 2926 3957 litteris
2964 3906 3096 3959 misit
3138 3909 3205 3961 ad
3249 3927 3422 3980 pacem

2502 3993 2916 4061 componendam.

2002 4097 2091 4152 llis
2115 4096 2306 4153 auditis
2336 4098 2623 4168 imperator
2646 4104 2956 4171 gravissimo
2977 4105 3160 4162 dolore
3187 4110 3485 4179 perculsus,

1929 4202 2153 4258 eamque
2177 4204 2286 4243 rem
2326 4191 2493 4244 instar
2522 4191 2823 4248 domesticae
2852 4196 3165 4253 calamitatis
3192 4201 3493 4261 habendam

1931 4287 2096 4346 ratus,
2127 4281 2401 4336 confestim
2437 4296 2499 4336 ex
2550 4282 2641 4337 Dei
2665 4286 2955 4343 cultoribus
2985 4306 3117 4359 quos
3141 4292 3281 4348 circa
3309 4310 3365 4349 se
3394 4296 3489 4351 ha-

1931 4368 2425 4441 bebat,quemdam,
2451 4386 2604 4441 quem
2627 4375 3019 4443 obntodestiam
3037 4380 3492 4455 ﬂdeispectatum,

1935 4464 1989 4513 et
2012 4459 2080 4513 ob
2112 4460 2381 4530 religionis
2409 4462 2796 4520 confessionem
2834 4473 3089 4538 superiori
3129 4482 3361 4544 tempore
3388 4494 3497 4547 prae

1857 4536 2139 4604 Demteris
2186 4550 2511 4606 nobilitatum
2558 4568 2675 4609 esse
2728 4536 3072 4629 cognoverat,
3117 4536 3498 4624 Aleiandriam

1933 4642 2128 4714 dirigit,
2158 4652 2215 4699 ut
2242 4646 2380 4701 inter
2404 4662 2495 4702 eos
2532 4649 2618 4716 qui
2651 4649 2755 4704 illic
2793 4652 3117 4711 dissidebant
3146 4674 3326 4728 pacem
3358 4679 3498 4718 com-

1936 4743 2188 4803 poneret;
2216 4735 2491 4807 eidemque
2546 4738 2747 4795 litteras
2790 4741 2879 4796 dat
2907 4744 2970 4798 ad
3000 4752 3350 4805 contentionis
3375 4769 3499 4809 auc-

1938 4833 2078 4880 tores
2117 4826 2275 4881 utiles
2304 4827 2562 4897 imprimis
2588 4844 2649 4885 ac
2679 4836 3021 4888 necessarias.
3056 4838 3181 4904 Quae
3200 4856 3317 4895 cum
3347 4843 3500 4899 illus-

1938 4928 2015 4974 tre
2040 4923 2304 4990 specimen
2345 4923 2627 4977 exhibeant
2668 4940 2807 4980 curae
2852 4943 2914 4983 ac
2962 4932 3332 4989 sollicitudinis
3357 4936 3500 4993 illius

1937 5025 2091 5078 quam
2133 5025 2227 5079 pro
2258 5011 2507 5066 Ecclesiis
2554 5014 2642 5067 Dei
2674 5016 2911 5084 gerebat,
2943 5035 3045 5073 non
3077 5022 3362 5080 absurdum
3388 5027 3500 5083 fue-

1938 5102 2026 5168 rit,
2061 5101 2179 5156 huic
2209 5101 2275 5157 de
2318 5102 2410 5157 illo
2452 5105 2699 5160 institutae
2730 5110 3015 5165 narrationi
3068 5116 3209 5185 ipsas
3244 5119 3495 5177 inserere.

1939 5189 2074 5246 Sunt
2094 5200 2267 5247 autem
2298 5194 2574 5264 ejusmodi.

2507 5330 2729 5389 CAPUT
2766 5333 2948 5390 LXIV.

1940 5461 2256 5519 Constantini
2308 5456 2544 5551 Epistola
2591 5469 2658 5521 ad
2704 5470 3049 5551 Alexandrum
3094 5478 3421 5551 episcopum,
3461 5495 3508 5540 et

2442 5536 2616 5591 Arium
2650 5541 3007 5611 presbyterum.

2003 5670 2521 5749 gizecfpistol‘ahqutp
2563 5674 2623 5723 ab
2658 5675 2749 5725 hoc
2776 5686 2878 5737 cap.
2904 5690 3009 5728 an
3053 5682 3113 5730 ad
3156 5696 3300 5735 Lxxut
3336 5686 3513 5749 prOdu~

1973 5730 2070 5784 nar
2094 5745 2108 5793 ;
2132 5730 2313 5783 videsls
2334 5730 2502 5795 lufr'a.)
