  <div class='ocr_page' id='page_1' title='image "/cluster/home/n/w/nwhite01/storage/ocr_20150623/8/uva.x000826528/032.png"; bbox 0 0 3876 6218; ppageno 0'>
   <div class='ocr_carea' id='block_1_1' title="bbox 246 290 3492 361">
    <p class='ocr_par' dir='ltr' id='par_1_1' title="bbox 246 290 3492 361">
     <span class='ocr_line' id='line_1_1' title="bbox 246 290 3492 361; baseline 0.002 -9"><span class='ocrx_word' id='word_1_1' title='bbox 246 290 310 352; x_wconf 71' lang='grc'><strong>49</strong></span> <span class='ocrx_word' id='word_1_2' title='bbox 1281 298 1371 354; x_wconf 86' lang='lat' dir='ltr'><strong>DE</strong></span> <span class='ocrx_word' id='word_1_3' title='bbox 1410 298 1568 354; x_wconf 79' lang='lat' dir='ltr'><strong>VITA</strong></span> <span class='ocrx_word' id='word_1_4' title='bbox 1606 290 2055 353; x_wconf 81' lang='lat' dir='ltr'><strong>CONSTANTINI</strong></span> <span class='ocrx_word' id='word_1_5' title='bbox 2097 292 2293 349; x_wconf 82' lang='lat' dir='ltr'><strong>LIBER</strong></span> <span class='ocrx_word' id='word_1_6' title='bbox 2335 294 2420 350; x_wconf 92' lang='lat' dir='ltr'><strong>lll.</strong></span> <span class='ocrx_word' id='word_1_7' title='bbox 3424 304 3492 361; x_wconf 85' lang='lat'><strong>50</strong></span> 
     </span>
    </p>
   </div>
   <div class='ocr_carea' id='block_1_2' title="bbox 247 403 1896 481">
    <p class='ocr_par' dir='ltr' id='par_1_2' title="bbox 247 403 1896 481">
     <span class='ocr_line' id='line_1_2' title="bbox 247 403 1896 481; baseline 0.004 -23"><span class='ocrx_word' id='word_1_8' title='bbox 247 403 496 471; x_wconf 86' lang='lat' dir='ltr'><strong>inspirata</strong></span> <span class='ocrx_word' id='word_1_9' title='bbox 540 404 783 463; x_wconf 79' lang='lat' dir='ltr'><strong>ﬂammis</strong></span> <span class='ocrx_word' id='word_1_10' title='bbox 829 410 1024 466; x_wconf 75' lang='lat' dir='ltr'><strong>aboleri</strong></span> <span class='ocrx_word' id='word_1_11' title='bbox 1059 408 1363 481; x_wconf 88' lang='lat' dir='ltr'><strong>jusserunt;</strong></span> <span class='ocrx_word' id='word_1_12' title='bbox 1422 409 1507 464; x_wconf 88' lang='lat' dir='ltr'><strong>hic</strong></span> <span class='ocrx_word' id='word_1_13' title='bbox 1544 421 1816 464; x_wconf 87' lang='lat' dir='ltr'><strong>sacrorum</strong></span> <span class='ocrx_word' id='word_1_14' title='bbox 1847 411 1896 465; x_wconf 85' lang='lat' dir='ltr'><strong>A</strong></span> 
     </span>
    </p>
   </div>
   <div class='ocr_carea' id='block_1_3' title="bbox 246 493 1817 570">
    <p class='ocr_par' dir='ltr' id='par_1_3' title="bbox 246 493 1817 570">
     <span class='ocr_line' id='line_1_3' title="bbox 246 493 1817 570; baseline 0.004 -25"><span class='ocrx_word' id='word_1_15' title='bbox 246 493 572 549; x_wconf 70' lang='lat' dir='ltr'><strong>voluminum</strong></span> <span class='ocrx_word' id='word_1_16' title='bbox 606 500 933 568; x_wconf 80' lang='lat' dir='ltr'><strong>exemplaria</strong></span> <span class='ocrx_word' id='word_1_17' title='bbox 983 501 1281 569; x_wconf 72' lang='lat' dir='ltr'><strong>sumptibus</strong></span> <span class='ocrx_word' id='word_1_18' title='bbox 1314 498 1604 570; x_wconf 90' lang='lat' dir='ltr'><strong>imperialis</strong></span> <span class='ocrx_word' id='word_1_19' title='bbox 1643 498 1817 553; x_wconf 67' lang='lat' dir='ltr'><strong>aerarii</strong></span> 
     </span>
    </p>
   </div>
   <div class='ocr_carea' id='block_1_4' title="bbox 245 588 1813 661">
    <p class='ocr_par' dir='ltr' id='par_1_4' title="bbox 245 588 1813 661">
     <span class='ocr_line' id='line_1_4' title="bbox 245 588 1813 661; baseline 0.001 -22"><span class='ocrx_word' id='word_1_20' title='bbox 245 588 549 654; x_wconf 77' lang='lat' dir='ltr'><strong>propagari,</strong></span> <span class='ocrx_word' id='word_1_21' title='bbox 583 600 639 643; x_wconf 88' lang='lat' dir='ltr'><strong>et</strong></span> <span class='ocrx_word' id='word_1_22' title='bbox 670 590 948 661; x_wconf 83' lang='lat' dir='ltr'><strong>magniﬁco</strong></span> <span class='ocrx_word' id='word_1_23' title='bbox 967 600 1223 661; x_wconf 88' lang='lat' dir='ltr'><strong>apparatu</strong></span> <span class='ocrx_word' id='word_1_24' title='bbox 1255 590 1499 646; x_wconf 84' lang='lat' dir='ltr'><strong>decorari</strong></span> <span class='ocrx_word' id='word_1_25' title='bbox 1526 589 1813 643; x_wconf 80' lang='lat' dir='ltr'><strong>mandavit.</strong></span> 
     </span>
    </p>
   </div>
   <div class='ocr_carea' id='block_1_5' title="bbox 245 677 1815 753">
    <p class='ocr_par' dir='ltr' id='par_1_5' title="bbox 245 677 1815 753">
     <span class='ocr_line' id='line_1_5' title="bbox 245 677 1815 753; baseline -0.001 -21"><span class='ocrx_word' id='word_1_26' title='bbox 245 677 505 732; x_wconf 78' lang='lat' dir='ltr'><strong>Jubebant</strong></span> <span class='ocrx_word' id='word_1_27' title='bbox 536 681 613 734; x_wconf 86' lang='lat' dir='ltr'><strong>illi</strong></span> <span class='ocrx_word' id='word_1_28' title='bbox 648 697 717 736; x_wconf 92' lang='lat' dir='ltr'><strong>ne</strong></span> <span class='ocrx_word' id='word_1_29' title='bbox 739 684 971 751; x_wconf 76' lang='lat' dir='ltr'><strong>episcopi</strong></span> <span class='ocrx_word' id='word_1_30' title='bbox 1000 683 1232 753; x_wconf 80' lang='lat' dir='ltr'><strong>synodos</strong></span> <span class='ocrx_word' id='word_1_31' title='bbox 1257 696 1583 752; x_wconf 78' lang='lat' dir='ltr'><strong>congregare</strong></span> <span class='ocrx_word' id='word_1_32' title='bbox 1610 680 1815 747; x_wconf 82' lang='lat' dir='ltr'><strong>uspiam</strong></span> 
     </span>
    </p>
   </div>
   <div class='ocr_carea' id='block_1_6' title="bbox 245 769 1817 841">
    <p class='ocr_par' dir='ltr' id='par_1_6' title="bbox 245 769 1817 841">
     <span class='ocr_line' id='line_1_6' title="bbox 245 769 1817 841; baseline 0 -18"><span class='ocrx_word' id='word_1_33' title='bbox 245 769 536 834; x_wconf 87' lang='lat' dir='ltr'><strong>auderent;</strong></span> <span class='ocrx_word' id='word_1_34' title='bbox 567 770 655 826; x_wconf 87' lang='lat' dir='ltr'><strong>hic</strong></span> <span class='ocrx_word' id='word_1_35' title='bbox 685 774 965 841; x_wconf 82' lang='lat' dir='ltr'><strong>episcopos</strong></span> <span class='ocrx_word' id='word_1_36' title='bbox 991 789 1053 827; x_wconf 81' lang='lat' dir='ltr'><strong>ex</strong></span> <span class='ocrx_word' id='word_1_37' title='bbox 1079 774 1326 826; x_wconf 88' lang='lat' dir='ltr'><strong>omnibus</strong></span> <span class='ocrx_word' id='word_1_38' title='bbox 1351 770 1635 839; x_wconf 82' lang='lat' dir='ltr'><strong>provinciis</strong></span> <span class='ocrx_word' id='word_1_39' title='bbox 1661 769 1726 822; x_wconf 87' lang='lat' dir='ltr'><strong>ad</strong></span> <span class='ocrx_word' id='word_1_40' title='bbox 1759 784 1817 824; x_wconf 90' lang='lat' dir='ltr'><strong>se</strong></span> 
     </span>
    </p>
   </div>
   <div class='ocr_carea' id='block_1_7' title="bbox 245 862 1814 933">
    <p class='ocr_par' dir='ltr' id='par_1_7' title="bbox 245 862 1814 933">
     <span class='ocr_line' id='line_1_7' title="bbox 245 862 1814 933; baseline -0.001 -18"><span class='ocrx_word' id='word_1_41' title='bbox 245 862 557 928; x_wconf 78' lang='lat' dir='ltr'><strong>accersivit,</strong></span> <span class='ocrx_word' id='word_1_42' title='bbox 610 877 709 918; x_wconf 89' lang='lat' dir='ltr'><strong>nec</strong></span> <span class='ocrx_word' id='word_1_43' title='bbox 742 865 898 918; x_wconf 88' lang='lat' dir='ltr'><strong>modo</strong></span> <span class='ocrx_word' id='word_1_44' title='bbox 926 866 1059 917; x_wconf 82' lang='lat' dir='ltr'><strong>intra</strong></span> <span class='ocrx_word' id='word_1_45' title='bbox 1091 863 1343 933; x_wconf 88' lang='lat' dir='ltr'><strong>palatium</strong></span> <span class='ocrx_word' id='word_1_46' title='bbox 1389 872 1441 915; x_wconf 89' lang='lat' dir='ltr'><strong>et</strong></span> <span class='ocrx_word' id='word_1_47' title='bbox 1479 862 1529 915; x_wconf 92' lang='lat' dir='ltr'><strong>in</strong></span> <span class='ocrx_word' id='word_1_48' title='bbox 1572 862 1814 913; x_wconf 88' lang='lat' dir='ltr'><strong>intimum</strong></span> 
     </span>
    </p>
   </div>
   <div class='ocr_carea' id='block_1_8' title="bbox 246 954 1817 1023">
    <p class='ocr_par' dir='ltr' id='par_1_8' title="bbox 246 954 1817 1023">
     <span class='ocr_line' id='line_1_8' title="bbox 246 954 1817 1023; baseline 0 -16"><span class='ocrx_word' id='word_1_49' title='bbox 246 967 404 1023; x_wconf 89' lang='lat' dir='ltr'><strong>usque</strong></span> <span class='ocrx_word' id='word_1_50' title='bbox 436 954 744 1011; x_wconf 87' lang='lat' dir='ltr'><strong>cubiculum</strong></span> <span class='ocrx_word' id='word_1_51' title='bbox 767 956 1001 1021; x_wconf 88' lang='lat' dir='ltr'><strong>admisit,</strong></span> <span class='ocrx_word' id='word_1_52' title='bbox 1036 958 1127 1011; x_wconf 88' lang='lat' dir='ltr'><strong>sed</strong></span> <span class='ocrx_word' id='word_1_53' title='bbox 1156 958 1315 1011; x_wconf 85' lang='lat' dir='ltr'><strong>etiam</strong></span> <span class='ocrx_word' id='word_1_54' title='bbox 1351 970 1549 1009; x_wconf 73' lang='lat' dir='ltr'><strong>mensm</strong></span> <span class='ocrx_word' id='word_1_55' title='bbox 1589 954 1817 1021; x_wconf 84' lang='lat' dir='ltr'><strong>tectique</strong></span> 
     </span>
    </p>
   </div>
   <div class='ocr_carea' id='block_1_9' title="bbox 244 1046 1816 1117">
    <p class='ocr_par' dir='ltr' id='par_1_9' title="bbox 244 1046 1816 1117">
     <span class='ocr_line' id='line_1_9' title="bbox 244 1046 1816 1117; baseline -0.002 -19"><span class='ocrx_word' id='word_1_56' title='bbox 244 1048 530 1117; x_wconf 74' lang='lat' dir='ltr'><strong>participes</strong></span> <span class='ocrx_word' id='word_1_57' title='bbox 552 1064 675 1103; x_wconf 87' lang='lat' dir='ltr'><strong>esse</strong></span> <span class='ocrx_word' id='word_1_58' title='bbox 702 1050 887 1103; x_wconf 74' lang='lat' dir='ltr'><strong>voluit.</strong></span> <span class='ocrx_word' id='word_1_59' title='bbox 921 1049 1001 1103; x_wconf 90' lang='lat' dir='ltr'><strong>Illi</strong></span> <span class='ocrx_word' id='word_1_60' title='bbox 1030 1050 1302 1104; x_wconf 67' lang='lat' dir='ltr'><strong>daemones</strong></span> <span class='ocrx_word' id='word_1_61' title='bbox 1329 1047 1562 1103; x_wconf 89' lang='lat' dir='ltr'><strong>donariis</strong></span> <span class='ocrx_word' id='word_1_62' title='bbox 1588 1046 1816 1101; x_wconf 82' lang='lat' dir='ltr'><strong>honora-</strong></span> 
     </span>
    </p>
   </div>
   <div class='ocr_carea' id='block_1_10' title="bbox 245 1139 1813 1212">
    <p class='ocr_par' dir='ltr' id='par_1_10' title="bbox 245 1139 1813 1212">
     <span class='ocr_line' id='line_1_10' title="bbox 245 1139 1813 1212; baseline -0.001 -18"><span class='ocrx_word' id='word_1_63' title='bbox 245 1139 393 1205; x_wconf 85' lang='lat' dir='ltr'><strong>bant;</strong></span> <span class='ocrx_word' id='word_1_64' title='bbox 463 1140 550 1196; x_wconf 91' lang='lat' dir='ltr'><strong>hic</strong></span> <span class='ocrx_word' id='word_1_65' title='bbox 620 1157 805 1196; x_wconf 89' lang='lat' dir='ltr'><strong>eorum</strong></span> <span class='ocrx_word' id='word_1_66' title='bbox 872 1142 1087 1197; x_wconf 87' lang='lat' dir='ltr'><strong>fraudes</strong></span> <span class='ocrx_word' id='word_1_67' title='bbox 1152 1143 1405 1212; x_wconf 83' lang='lat' dir='ltr'><strong>aperuit,</strong></span> <span class='ocrx_word' id='word_1_68' title='bbox 1446 1150 1499 1196; x_wconf 91' lang='lat' dir='ltr'><strong>et</strong></span> <span class='ocrx_word' id='word_1_69' title='bbox 1537 1140 1813 1194; x_wconf 89' lang='lat' dir='ltr'><strong>materiam</strong></span> 
     </span>
    </p>
   </div>
   <div class='ocr_carea' id='block_1_11' title="bbox 243 1231 1812 1301">
    <p class='ocr_par' dir='ltr' id='par_1_11' title="bbox 243 1231 1812 1301">
     <span class='ocr_line' id='line_1_11' title="bbox 243 1231 1812 1301; baseline -0.001 -16"><span class='ocrx_word' id='word_1_70' title='bbox 243 1231 405 1299; x_wconf 86' lang='lat' dir='ltr'><strong>ipsam</strong></span> <span class='ocrx_word' id='word_1_71' title='bbox 437 1233 782 1287; x_wconf 79' lang='lat' dir='ltr'><strong>denariorum</strong></span> <span class='ocrx_word' id='word_1_72' title='bbox 812 1234 971 1287; x_wconf 92' lang='lat' dir='ltr'><strong>nullis</strong></span> <span class='ocrx_word' id='word_1_73' title='bbox 1015 1234 1199 1288; x_wconf 91' lang='lat' dir='ltr'><strong>usibus</strong></span> <span class='ocrx_word' id='word_1_74' title='bbox 1227 1233 1479 1295; x_wconf 86' lang='lat' dir='ltr'><strong>dicatam,</strong></span> <span class='ocrx_word' id='word_1_75' title='bbox 1513 1234 1575 1286; x_wconf 90' lang='lat' dir='ltr'><strong>iis</strong></span> <span class='ocrx_word' id='word_1_76' title='bbox 1604 1231 1696 1301; x_wconf 92' lang='lat' dir='ltr'><strong>qui</strong></span> <span class='ocrx_word' id='word_1_77' title='bbox 1737 1232 1812 1284; x_wconf 92' lang='lat' dir='ltr'><strong>uti</strong></span> 
     </span>
    </p>
   </div>
   <div class='ocr_carea' id='block_1_12' title="bbox 242 1323 1814 1393">
    <p class='ocr_par' dir='ltr' id='par_1_12' title="bbox 242 1323 1814 1393">
     <span class='ocr_line' id='line_1_12' title="bbox 242 1323 1814 1393; baseline 0.001 -18"><span class='ocrx_word' id='word_1_78' title='bbox 242 1331 480 1391; x_wconf 87' lang='lat' dir='ltr'><strong>poterant</strong></span> <span class='ocrx_word' id='word_1_79' title='bbox 506 1330 770 1393; x_wconf 89' lang='lat' dir='ltr'><strong>perpetuo</strong></span> <span class='ocrx_word' id='word_1_80' title='bbox 800 1333 880 1377; x_wconf 90' lang='lat' dir='ltr'><strong>est</strong></span> <span class='ocrx_word' id='word_1_81' title='bbox 905 1323 1204 1393; x_wconf 83' lang='lat' dir='ltr'><strong>dilargitus.</strong></span> <span class='ocrx_word' id='word_1_82' title='bbox 1245 1324 1318 1377; x_wconf 89' lang='lat' dir='ltr'><strong>Illi</strong></span> <span class='ocrx_word' id='word_1_83' title='bbox 1358 1325 1579 1378; x_wconf 89' lang='lat' dir='ltr'><strong>deorum</strong></span> <span class='ocrx_word' id='word_1_84' title='bbox 1620 1323 1814 1392; x_wconf 89' lang='lat' dir='ltr'><strong>templa</strong></span> 
     </span>
    </p>
   </div>
   <div class='ocr_carea' id='block_1_13' title="bbox 242 1412 1815 1483">
    <p class='ocr_par' dir='ltr' id='par_1_13' title="bbox 242 1412 1815 1483">
     <span class='ocr_line' id='line_1_13' title="bbox 242 1412 1815 1483; baseline 0.001 -18"><span class='ocrx_word' id='word_1_85' title='bbox 242 1412 514 1481; x_wconf 89' lang='lat' dir='ltr'><strong>magniﬁce</strong></span> <span class='ocrx_word' id='word_1_86' title='bbox 540 1414 721 1468; x_wconf 91' lang='lat' dir='ltr'><strong>ornari</strong></span> <span class='ocrx_word' id='word_1_87' title='bbox 743 1414 1033 1482; x_wconf 85' lang='lat' dir='ltr'><strong>jubebant;</strong></span> <span class='ocrx_word' id='word_1_88' title='bbox 1070 1415 1154 1469; x_wconf 93' lang='lat' dir='ltr'><strong>hic</strong></span> <span class='ocrx_word' id='word_1_89' title='bbox 1196 1430 1257 1469; x_wconf 92' lang='lat' dir='ltr'><strong>ea</strong></span> <span class='ocrx_word' id='word_1_90' title='bbox 1289 1430 1405 1483; x_wconf 75' lang='lat' dir='ltr'><strong>qua:</strong></span> <span class='ocrx_word' id='word_1_91' title='bbox 1426 1415 1815 1483; x_wconf 87' lang='lat' dir='ltr'><strong>superstitiosis</strong></span> 
     </span>
    </p>
   </div>
   <div class='ocr_carea' id='block_1_14' title="bbox 242 1500 1814 1573">
    <p class='ocr_par' dir='ltr' id='par_1_14' title="bbox 242 1500 1814 1573">
     <span class='ocr_line' id='line_1_14' title="bbox 242 1500 1814 1573; baseline 0.003 -18"><span class='ocrx_word' id='word_1_92' title='bbox 242 1500 542 1557; x_wconf 87' lang='lat' dir='ltr'><strong>hominibus</strong></span> <span class='ocrx_word' id='word_1_93' title='bbox 599 1505 870 1573; x_wconf 73' lang='lat' dir='ltr'><strong>praacipuo</strong></span> <span class='ocrx_word' id='word_1_94' title='bbox 941 1504 1144 1560; x_wconf 84' lang='lat' dir='ltr'><strong>honore</strong></span> <span class='ocrx_word' id='word_1_95' title='bbox 1214 1505 1527 1559; x_wconf 91' lang='lat' dir='ltr'><strong>colebantur</strong></span> <span class='ocrx_word' id='word_1_96' title='bbox 1576 1504 1814 1560; x_wconf 86' lang='lat' dir='ltr'><strong>funditus</strong></span> 
     </span>
    </p>
   </div>
   <div class='ocr_carea' id='block_1_15' title="bbox 240 1592 1811 1665">
    <p class='ocr_par' dir='ltr' id='par_1_15' title="bbox 240 1592 1811 1665">
     <span class='ocr_line' id='line_1_15' title="bbox 240 1592 1811 1665; baseline 0.003 -19"><span class='ocrx_word' id='word_1_97' title='bbox 240 1592 514 1647; x_wconf 83' lang='lat' dir='ltr'><strong>subvertit.</strong></span> <span class='ocrx_word' id='word_1_98' title='bbox 540 1593 623 1648; x_wconf 90' lang='lat' dir='ltr'><strong>Illi</strong></span> <span class='ocrx_word' id='word_1_99' title='bbox 651 1594 745 1649; x_wconf 89' lang='lat' dir='ltr'><strong>Dei</strong></span> <span class='ocrx_word' id='word_1_100' title='bbox 774 1609 960 1650; x_wconf 90' lang='lat' dir='ltr'><strong>servos</strong></span> <span class='ocrx_word' id='word_1_101' title='bbox 988 1596 1358 1665; x_wconf 79' lang='lat' dir='ltr'><strong>ignominiosis</strong></span> <span class='ocrx_word' id='word_1_102' title='bbox 1390 1595 1560 1665; x_wconf 75' lang='lat' dir='ltr'><strong>ptenis</strong></span> <span class='ocrx_word' id='word_1_103' title='bbox 1609 1594 1811 1650; x_wconf 86' lang='lat' dir='ltr'><strong>afﬁcie-</strong></span> 
     </span>
    </p>
   </div>
   <div class='ocr_carea' id='block_1_16' title="bbox 242 1683 1813 1757">
    <p class='ocr_par' dir='ltr' id='par_1_16' title="bbox 242 1683 1813 1757">
     <span class='ocr_line' id='line_1_16' title="bbox 242 1683 1813 1757; baseline 0.003 -21"><span class='ocrx_word' id='word_1_104' title='bbox 242 1683 388 1747; x_wconf 83' lang='lat' dir='ltr'><strong>bant;</strong></span> <span class='ocrx_word' id='word_1_105' title='bbox 423 1686 511 1740; x_wconf 92' lang='lat' dir='ltr'><strong>hic</strong></span> <span class='ocrx_word' id='word_1_106' title='bbox 554 1702 650 1741; x_wconf 90' lang='lat' dir='ltr'><strong>eos</strong></span> <span class='ocrx_word' id='word_1_107' title='bbox 677 1688 889 1756; x_wconf 83' lang='lat' dir='ltr'><strong>quidem</strong></span> <span class='ocrx_word' id='word_1_108' title='bbox 922 1688 1008 1757; x_wconf 91' lang='lat' dir='ltr'><strong>qui</strong></span> <span class='ocrx_word' id='word_1_109' title='bbox 1060 1690 1157 1741; x_wconf 92' lang='lat' dir='ltr'><strong>ista</strong></span> <span class='ocrx_word' id='word_1_110' title='bbox 1202 1687 1529 1741; x_wconf 86' lang='lat' dir='ltr'><strong>admiserant</strong></span> <span class='ocrx_word' id='word_1_111' title='bbox 1559 1702 1813 1756; x_wconf 87' lang='lat' dir='ltr'><strong>persecu-</strong></span> 
     </span>
    </p>
   </div>
   <div class='ocr_carea' id='block_1_17' title="bbox 242 1773 1887 1849">
    <p class='ocr_par' dir='ltr' id='par_1_17' title="bbox 242 1773 1887 1849">
     <span class='ocr_line' id='line_1_17' title="bbox 242 1773 1887 1849; baseline 0.002 -21"><span class='ocrx_word' id='word_1_112' title='bbox 242 1784 322 1829; x_wconf 88' lang='lat' dir='ltr'><strong>tus</strong></span> <span class='ocrx_word' id='word_1_113' title='bbox 370 1777 553 1831; x_wconf 91' lang='lat' dir='ltr'><strong>debito</strong></span> <span class='ocrx_word' id='word_1_114' title='bbox 582 1778 759 1833; x_wconf 84' lang='lat' dir='ltr'><strong>affecit</strong></span> <span class='ocrx_word' id='word_1_115' title='bbox 803 1780 1093 1849; x_wconf 89' lang='lat' dir='ltr'><strong>supplicio;</strong></span> <span class='ocrx_word' id='word_1_116' title='bbox 1140 1788 1444 1834; x_wconf 88' lang='lat' dir='ltr'><strong>sanctorum</strong></span> <span class='ocrx_word' id='word_1_117' title='bbox 1485 1788 1661 1832; x_wconf 91' lang='lat' dir='ltr'><strong>autem</strong></span> <span class='ocrx_word' id='word_1_118' title='bbox 1717 1779 1808 1833; x_wconf 89' lang='lat' dir='ltr'><strong>Dei</strong></span> <span class='ocrx_word' id='word_1_119' title='bbox 1840 1773 1887 1832; x_wconf 91' lang='lat' dir='ltr'><strong>B</strong></span> 
     </span>
    </p>
   </div>
   <div class='ocr_carea' id='block_1_18' title="bbox 241 1868 1810 1940">
    <p class='ocr_par' dir='ltr' id='par_1_18' title="bbox 241 1868 1810 1940">
     <span class='ocr_line' id='line_1_18' title="bbox 241 1868 1810 1940; baseline 0.002 -21"><span class='ocrx_word' id='word_1_120' title='bbox 241 1877 527 1938; x_wconf 84' lang='lat' dir='ltr'><strong>martyrum</strong></span> <span class='ocrx_word' id='word_1_121' title='bbox 578 1872 863 1924; x_wconf 83' lang='lat' dir='ltr'><strong>memorias</strong></span> <span class='ocrx_word' id='word_1_122' title='bbox 912 1871 1087 1925; x_wconf 85' lang='lat' dir='ltr'><strong>colere</strong></span> <span class='ocrx_word' id='word_1_123' title='bbox 1136 1886 1402 1940; x_wconf 89' lang='lat' dir='ltr'><strong>nunquam</strong></span> <span class='ocrx_word' id='word_1_124' title='bbox 1452 1869 1673 1924; x_wconf 89' lang='lat' dir='ltr'><strong>destitit.</strong></span> <span class='ocrx_word' id='word_1_125' title='bbox 1729 1868 1810 1922; x_wconf 87' lang='lat' dir='ltr'><strong>Illi</strong></span> 
     </span>
    </p>
   </div>
   <div class='ocr_carea' id='block_1_19' title="bbox 237 1958 1806 2032">
    <p class='ocr_par' dir='ltr' id='par_1_19' title="bbox 237 1958 1806 2032">
     <span class='ocr_line' id='line_1_19' title="bbox 237 1958 1806 2032; baseline 0.003 -21"><span class='ocrx_word' id='word_1_126' title='bbox 237 1958 407 2013; x_wconf 74' lang='lat' dir='ltr'><strong>divino</strong></span> <span class='ocrx_word' id='word_1_127' title='bbox 446 1962 614 2015; x_wconf 84' lang='lat' dir='ltr'><strong>cultui</strong></span> <span class='ocrx_word' id='word_1_128' title='bbox 650 1962 855 2017; x_wconf 85' lang='lat' dir='ltr'><strong>dicatos</strong></span> <span class='ocrx_word' id='word_1_129' title='bbox 896 1965 1141 2017; x_wconf 75' lang='lat' dir='ltr'><strong>homines</strong></span> <span class='ocrx_word' id='word_1_130' title='bbox 1168 1979 1196 2017; x_wconf 90' lang='lat' dir='ltr'><strong>e</strong></span> <span class='ocrx_word' id='word_1_131' title='bbox 1242 1963 1439 2032; x_wconf 83' lang='lat' dir='ltr'><strong>palatio</strong></span> <span class='ocrx_word' id='word_1_132' title='bbox 1486 1963 1806 2030; x_wconf 90' lang='lat' dir='ltr'><strong>ejiciebant;</strong></span> 
     </span>
    </p>
   </div>
   <div class='ocr_carea' id='block_1_20' title="bbox 242 2050 1805 2123">
    <p class='ocr_par' dir='ltr' id='par_1_20' title="bbox 242 2050 1805 2123">
     <span class='ocr_line' id='line_1_20' title="bbox 242 2050 1805 2123; baseline 0.003 -22"><span class='ocrx_word' id='word_1_133' title='bbox 242 2050 319 2103; x_wconf 91' lang='lat' dir='ltr'><strong>hic</strong></span> <span class='ocrx_word' id='word_1_134' title='bbox 368 2051 637 2119; x_wconf 85' lang='lat' dir='ltr'><strong>ejusmodi</strong></span> <span class='ocrx_word' id='word_1_135' title='bbox 697 2054 1001 2108; x_wconf 87' lang='lat' dir='ltr'><strong>hominibus</strong></span> <span class='ocrx_word' id='word_1_136' title='bbox 1070 2054 1337 2123; x_wconf 85' lang='lat' dir='ltr'><strong>praecipue</strong></span> <span class='ocrx_word' id='word_1_137' title='bbox 1401 2053 1633 2108; x_wconf 81' lang='lat' dir='ltr'><strong>conlisus</strong></span> <span class='ocrx_word' id='word_1_138' title='bbox 1683 2062 1805 2119; x_wconf 89' lang='lat' dir='ltr'><strong>est,</strong></span> 
     </span>
    </p>
   </div>
   <div class='ocr_carea' id='block_1_21' title="bbox 237 2145 1811 2217">
    <p class='ocr_par' dir='ltr' id='par_1_21' title="bbox 237 2145 1811 2217">
     <span class='ocr_line' id='line_1_21' title="bbox 237 2145 1811 2217; baseline 0.004 -23"><span class='ocrx_word' id='word_1_139' title='bbox 237 2145 421 2212; x_wconf 83' lang='lat' dir='ltr'><strong>quippe</strong></span> <span class='ocrx_word' id='word_1_140' title='bbox 442 2160 583 2212; x_wconf 87' lang='lat' dir='ltr'><strong>quos</strong></span> <span class='ocrx_word' id='word_1_141' title='bbox 606 2161 713 2215; x_wconf 71' lang='lat' dir='ltr'><strong>pra:</strong></span> <span class='ocrx_word' id='word_1_142' title='bbox 743 2147 951 2201; x_wconf 65' lang='lat' dir='ltr'><strong>caeteris</strong></span> <span class='ocrx_word' id='word_1_143' title='bbox 976 2148 1223 2201; x_wconf 90' lang='lat' dir='ltr'><strong>omnibus</strong></span> <span class='ocrx_word' id='word_1_144' title='bbox 1255 2147 1542 2201; x_wconf 84' lang='lat' dir='ltr'><strong>benevolos</strong></span> <span class='ocrx_word' id='word_1_145' title='bbox 1575 2146 1811 2217; x_wconf 89' lang='lat' dir='ltr'><strong>ﬁdosque</strong></span> 
     </span>
    </p>
   </div>
   <div class='ocr_carea' id='block_1_22' title="bbox 236 2235 1811 2309">
    <p class='ocr_par' dir='ltr' id='par_1_22' title="bbox 236 2235 1811 2309">
     <span class='ocr_line' id='line_1_22' title="bbox 236 2235 1811 2309; baseline 0.004 -22"><span class='ocrx_word' id='word_1_146' title='bbox 236 2235 330 2288; x_wconf 87' lang='lat' dir='ltr'><strong>sibi</strong></span> <span class='ocrx_word' id='word_1_147' title='bbox 351 2251 470 2291; x_wconf 89' lang='lat' dir='ltr'><strong>esse</strong></span> <span class='ocrx_word' id='word_1_148' title='bbox 498 2238 838 2307; x_wconf 83' lang='lat' dir='ltr'><strong>intelligeret.</strong></span> <span class='ocrx_word' id='word_1_149' title='bbox 858 2239 954 2300; x_wconf 85' lang='lat' dir='ltr'><strong>illi.</strong></span> <span class='ocrx_word' id='word_1_150' title='bbox 981 2241 1218 2309; x_wconf 83' lang='lat' dir='ltr'><strong>pecuniae</strong></span> <span class='ocrx_word' id='word_1_151' title='bbox 1240 2239 1492 2308; x_wconf 72' lang='lat' dir='ltr'><strong>cogenda:</strong></span> <span class='ocrx_word' id='word_1_152' title='bbox 1512 2254 1669 2307; x_wconf 88' lang='lat' dir='ltr'><strong>supra</strong></span> <span class='ocrx_word' id='word_1_153' title='bbox 1698 2253 1811 2293; x_wconf 89' lang='lat' dir='ltr'><strong>mo-</strong></span> 
     </span>
    </p>
   </div>
   <div class='ocr_carea' id='block_1_23' title="bbox 236 2324 1807 2391">
    <p class='ocr_par' dir='ltr' id='par_1_23' title="bbox 236 2324 1807 2391">
     <span class='ocr_line' id='line_1_23' title="bbox 236 2324 1807 2391; baseline 0.003 -13"><span class='ocrx_word' id='word_1_154' title='bbox 236 2324 351 2378; x_wconf 91' lang='lat' dir='ltr'><strong>dum</strong></span> <span class='ocrx_word' id='word_1_155' title='bbox 382 2327 561 2391; x_wconf 86' lang='lat' dir='ltr'><strong>avidi,</strong></span> <span class='ocrx_word' id='word_1_156' title='bbox 593 2327 864 2383; x_wconf 84' lang='lat' dir='ltr'><strong>Tantalico</strong></span> <span class='ocrx_word' id='word_1_157' title='bbox 890 2330 1096 2383; x_wconf 86' lang='lat' dir='ltr'><strong>cuidam</strong></span> <span class='ocrx_word' id='word_1_158' title='bbox 1143 2328 1351 2384; x_wconf 79' lang='lat' dir='ltr'><strong>atl‘ectui</strong></span> <span class='ocrx_word' id='word_1_159' title='bbox 1393 2330 1625 2384; x_wconf 88' lang='lat' dir='ltr'><strong>animum</strong></span> <span class='ocrx_word' id='word_1_160' title='bbox 1656 2343 1807 2384; x_wconf 91' lang='lat' dir='ltr'><strong>suum</strong></span> 
     </span>
    </p>
   </div>
   <div class='ocr_carea' id='block_1_24' title="bbox 238 2419 1808 2491">
    <p class='ocr_par' dir='ltr' id='par_1_24' title="bbox 238 2419 1808 2491">
     <span class='ocr_line' id='line_1_24' title="bbox 238 2419 1808 2491; baseline 0.004 -22"><span class='ocrx_word' id='word_1_161' title='bbox 238 2419 403 2472; x_wconf 87' lang='lat' dir='ltr'><strong>manci</strong></span> <span class='ocrx_word' id='word_1_162' title='bbox 411 2430 673 2487; x_wconf 80' lang='lat' dir='ltr'><strong>paverant</strong></span> <span class='ocrx_word' id='word_1_163' title='bbox 688 2438 701 2485; x_wconf 88' lang='lat'><strong>;</strong></span> <span class='ocrx_word' id='word_1_164' title='bbox 719 2421 802 2475; x_wconf 86' lang='lat' dir='ltr'><strong>hic</strong></span> <span class='ocrx_word' id='word_1_165' title='bbox 819 2423 980 2491; x_wconf 86' lang='lat' dir='ltr'><strong>regali</strong></span> <span class='ocrx_word' id='word_1_166' title='bbox 997 2422 1382 2491; x_wconf 89' lang='lat' dir='ltr'><strong>magniﬁcentia</strong></span> <span class='ocrx_word' id='word_1_167' title='bbox 1399 2422 1675 2475; x_wconf 87' lang='lat' dir='ltr'><strong>thesauros</strong></span> <span class='ocrx_word' id='word_1_168' title='bbox 1691 2436 1808 2475; x_wconf 93' lang='lat' dir='ltr'><strong>om-</strong></span> 
     </span>
    </p>
   </div>
   <div class='ocr_carea' id='block_1_25' title="bbox 237 2512 1810 2585">
    <p class='ocr_par' dir='ltr' id='par_1_25' title="bbox 237 2512 1810 2585">
     <span class='ocr_line' id='line_1_25' title="bbox 237 2512 1810 2585; baseline 0.001 -21"><span class='ocrx_word' id='word_1_169' title='bbox 237 2525 322 2565; x_wconf 90' lang='lat' dir='ltr'><strong>nes</strong></span> <span class='ocrx_word' id='word_1_170' title='bbox 337 2512 640 2577; x_wconf 85' lang='lat' dir='ltr'><strong>recludens,</strong></span> <span class='ocrx_word' id='word_1_171' title='bbox 664 2514 862 2569; x_wconf 87' lang='lat' dir='ltr'><strong>liberali</strong></span> <span class='ocrx_word' id='word_1_172' title='bbox 880 2524 931 2568; x_wconf 89' lang='lat' dir='ltr'><strong>ct</strong></span> <span class='ocrx_word' id='word_1_173' title='bbox 944 2529 1198 2583; x_wconf 86' lang='lat' dir='ltr'><strong>generosa</strong></span> <span class='ocrx_word' id='word_1_174' title='bbox 1231 2515 1510 2585; x_wconf 88' lang='lat' dir='ltr'><strong>largitione</strong></span> <span class='ocrx_word' id='word_1_175' title='bbox 1522 2529 1612 2569; x_wconf 86' lang='lat' dir='ltr'><strong>eos</strong></span> <span class='ocrx_word' id='word_1_176' title='bbox 1626 2513 1810 2567; x_wconf 83' lang='lat' dir='ltr'><strong>distri-</strong></span> 
     </span>
    </p>
   </div>
   <div class='ocr_carea' id='block_1_26' title="bbox 237 2599 1805 2674">
    <p class='ocr_par' dir='ltr' id='par_1_26' title="bbox 237 2599 1805 2674">
     <span class='ocr_line' id='line_1_26' title="bbox 237 2599 1805 2674; baseline 0.001 -21"><span class='ocrx_word' id='word_1_177' title='bbox 237 2599 357 2654; x_wconf 89' lang='lat' dir='ltr'><strong>buit.</strong></span> <span class='ocrx_word' id='word_1_178' title='bbox 391 2601 635 2671; x_wconf 77' lang='lat' dir='ltr'><strong>Denique</strong></span> <span class='ocrx_word' id='word_1_179' title='bbox 665 2605 735 2659; x_wconf 92' lang='lat' dir='ltr'><strong>illi</strong></span> <span class='ocrx_word' id='word_1_180' title='bbox 776 2606 987 2674; x_wconf 78' lang='lat' dir='ltr'><strong>quidem</strong></span> <span class='ocrx_word' id='word_1_181' title='bbox 1025 2605 1437 2660; x_wconf 85' lang='lat' dir='ltr'><strong>innumerabiles</strong></span> <span class='ocrx_word' id='word_1_182' title='bbox 1478 2604 1650 2658; x_wconf 68' lang='lat' dir='ltr'><strong>caedes</strong></span> <span class='ocrx_word' id='word_1_183' title='bbox 1678 2619 1805 2672; x_wconf 85' lang='lat' dir='ltr'><strong>pcr-</strong></span> 
     </span>
    </p>
   </div>
   <div class='ocr_carea' id='block_1_27' title="bbox 238 2693 1809 2763">
    <p class='ocr_par' dir='ltr' id='par_1_27' title="bbox 238 2693 1809 2763">
     <span class='ocr_line' id='line_1_27' title="bbox 238 2693 1809 2763; baseline 0.001 -17"><span class='ocrx_word' id='word_1_184' title='bbox 238 2693 537 2760; x_wconf 88' lang='lat' dir='ltr'><strong>petrabant,</strong></span> <span class='ocrx_word' id='word_1_185' title='bbox 586 2704 639 2747; x_wconf 91' lang='lat' dir='ltr'><strong>ut</strong></span> <span class='ocrx_word' id='word_1_186' title='bbox 685 2694 1089 2750; x_wconf 80' lang='lat' dir='ltr'><strong>interfectorum</strong></span> <span class='ocrx_word' id='word_1_187' title='bbox 1127 2696 1261 2749; x_wconf 89' lang='lat' dir='ltr'><strong>bona</strong></span> <span class='ocrx_word' id='word_1_188' title='bbox 1290 2695 1582 2760; x_wconf 88' lang='lat' dir='ltr'><strong>diriperent</strong></span> <span class='ocrx_word' id='word_1_189' title='bbox 1623 2708 1683 2748; x_wconf 89' lang='lat' dir='ltr'><strong>ac</strong></span> <span class='ocrx_word' id='word_1_190' title='bbox 1716 2708 1809 2763; x_wconf 85' lang='lat' dir='ltr'><strong>pu-</strong></span> 
     </span>
    </p>
   </div>
   <div class='ocr_carea' id='block_1_28' title="bbox 238 2781 1805 2856">
    <p class='ocr_par' dir='ltr' id='par_1_28' title="bbox 238 2781 1805 2856">
     <span class='ocr_line' id='line_1_28' title="bbox 238 2781 1805 2856; baseline 0.002 -21"><span class='ocrx_word' id='word_1_191' title='bbox 238 2781 526 2848; x_wconf 84' lang='lat' dir='ltr'><strong>blicarent;</strong></span> <span class='ocrx_word' id='word_1_192' title='bbox 584 2785 833 2855; x_wconf 88' lang='lat' dir='ltr'><strong>quamdiu</strong></span> <span class='ocrx_word' id='word_1_193' title='bbox 887 2802 1013 2841; x_wconf 84' lang='lat' dir='ltr'><strong>vero</strong></span> <span class='ocrx_word' id='word_1_194' title='bbox 1058 2786 1337 2856; x_wconf 82' lang='lat' dir='ltr'><strong>imperavit</strong></span> <span class='ocrx_word' id='word_1_195' title='bbox 1386 2786 1805 2851; x_wconf 87' lang='lat' dir='ltr'><strong>Constantinus,</strong></span> 
     </span>
    </p>
   </div>
   <div class='ocr_carea' id='block_1_29' title="bbox 237 2875 1810 2947">
    <p class='ocr_par' dir='ltr' id='par_1_29' title="bbox 237 2875 1810 2947">
     <span class='ocr_line' id='line_1_29' title="bbox 237 2875 1810 2947; baseline 0.001 -19"><span class='ocrx_word' id='word_1_196' title='bbox 237 2877 433 2929; x_wconf 88' lang='lat' dir='ltr'><strong>cunctis</strong></span> <span class='ocrx_word' id='word_1_197' title='bbox 466 2875 742 2943; x_wconf 90' lang='lat' dir='ltr'><strong>judicibus</strong></span> <span class='ocrx_word' id='word_1_198' title='bbox 793 2878 999 2947; x_wconf 88' lang='lat' dir='ltr'><strong>gladius</strong></span> <span class='ocrx_word' id='word_1_199' title='bbox 1050 2879 1251 2931; x_wconf 89' lang='lat' dir='ltr'><strong>otiosus</strong></span> <span class='ocrx_word' id='word_1_200' title='bbox 1290 2893 1499 2947; x_wconf 88' lang='lat' dir='ltr'><strong>semper</strong></span> <span class='ocrx_word' id='word_1_201' title='bbox 1528 2887 1687 2947; x_wconf 88' lang='lat' dir='ltr'><strong>atque</strong></span> <span class='ocrx_word' id='word_1_202' title='bbox 1728 2877 1810 2930; x_wconf 90' lang='lat' dir='ltr'><strong>in-</strong></span> 
     </span>
    </p>
   </div>
   <div class='ocr_carea' id='block_1_30' title="bbox 238 2969 1810 3039">
    <p class='ocr_par' dir='ltr' id='par_1_30' title="bbox 238 2969 1810 3039">
     <span class='ocr_line' id='line_1_30' title="bbox 238 2969 1810 3039; baseline 0.002 -20"><span class='ocrx_word' id='word_1_203' title='bbox 238 2978 484 3021; x_wconf 89' lang='lat' dir='ltr'><strong>cruentus</strong></span> <span class='ocrx_word' id='word_1_204' title='bbox 530 2969 823 3039; x_wconf 87' lang='lat' dir='ltr'><strong>pependit:</strong></span> <span class='ocrx_word' id='word_1_205' title='bbox 858 2987 976 3024; x_wconf 89' lang='lat' dir='ltr'><strong>cum</strong></span> <span class='ocrx_word' id='word_1_206' title='bbox 1011 2972 1061 3025; x_wconf 91' lang='lat' dir='ltr'><strong>in</strong></span> <span class='ocrx_word' id='word_1_207' title='bbox 1105 2970 1353 3025; x_wconf 86' lang='lat' dir='ltr'><strong>omnibus</strong></span> <span class='ocrx_word' id='word_1_208' title='bbox 1384 2970 1668 3039; x_wconf 78' lang='lat' dir='ltr'><strong>provinciis</strong></span> <span class='ocrx_word' id='word_1_209' title='bbox 1718 2984 1810 3038; x_wconf 79' lang='lat' dir='ltr'><strong>p0-</strong></span> 
     </span>
    </p>
   </div>
   <div class='ocr_carea' id='block_1_31' title="bbox 240 3057 1809 3130">
    <p class='ocr_par' dir='ltr' id='par_1_31' title="bbox 240 3057 1809 3130">
     <span class='ocr_line' id='line_1_31' title="bbox 240 3057 1809 3130; baseline 0.003 -20"><span class='ocrx_word' id='word_1_210' title='bbox 240 3057 339 3125; x_wconf 91' lang='lat' dir='ltr'><strong>puli</strong></span> <span class='ocrx_word' id='word_1_211' title='bbox 386 3060 548 3113; x_wconf 88' lang='lat' dir='ltr'><strong>simul</strong></span> <span class='ocrx_word' id='word_1_212' title='bbox 601 3076 664 3114; x_wconf 87' lang='lat' dir='ltr'><strong>ac</strong></span> <span class='ocrx_word' id='word_1_213' title='bbox 704 3061 1019 3115; x_wconf 84' lang='lat' dir='ltr'><strong>decuriones</strong></span> <span class='ocrx_word' id='word_1_214' title='bbox 1069 3064 1235 3130; x_wconf 76' lang='lat' dir='ltr'><strong>patria</strong></span> <span class='ocrx_word' id='word_1_215' title='bbox 1277 3062 1503 3130; x_wconf 89' lang='lat' dir='ltr'><strong>quadam</strong></span> <span class='ocrx_word' id='word_1_216' title='bbox 1551 3069 1809 3130; x_wconf 86' lang='lat' dir='ltr'><strong>potestate</strong></span> 
     </span>
    </p>
   </div>
   <div class='ocr_carea' id='block_1_32' title="bbox 242 3134 1877 3221">
    <p class='ocr_par' dir='ltr' id='par_1_32' title="bbox 242 3134 1877 3221">
     <span class='ocr_line' id='line_1_32' title="bbox 242 3134 1877 3221; baseline 0.004 -21"><span class='ocrx_word' id='word_1_217' title='bbox 242 3150 405 3216; x_wconf 89' lang='lat' dir='ltr'><strong>potius</strong></span> <span class='ocrx_word' id='word_1_218' title='bbox 425 3164 590 3219; x_wconf 89' lang='lat' dir='ltr'><strong>quam</strong></span> <span class='ocrx_word' id='word_1_219' title='bbox 616 3151 668 3204; x_wconf 90' lang='lat' dir='ltr'><strong>vi</strong></span> <span class='ocrx_word' id='word_1_220' title='bbox 693 3166 754 3205; x_wconf 91' lang='lat' dir='ltr'><strong>ac</strong></span> <span class='ocrx_word' id='word_1_221' title='bbox 785 3154 1097 3206; x_wconf 85' lang='lat' dir='ltr'><strong>necessitate</strong></span> <span class='ocrx_word' id='word_1_222' title='bbox 1118 3161 1447 3220; x_wconf 89' lang='lat' dir='ltr'><strong>regerentur.</strong></span> <span class='ocrx_word' id='word_1_223' title='bbox 1474 3152 1599 3218; x_wconf 73' lang='lat' dir='ltr'><strong>Qua:</strong></span> <span class='ocrx_word' id='word_1_224' title='bbox 1622 3153 1665 3205; x_wconf 91' lang='lat' dir='ltr'><strong>si</strong></span> <span class='ocrx_word' id='word_1_225' title='bbox 1689 3153 1807 3221; x_wconf 89' lang='lat' dir='ltr'><strong>quis</strong></span> <span class='ocrx_word' id='word_1_226' title='bbox 1833 3134 1877 3197; x_wconf 68' lang='grc' dir='ltr'><strong>(ἶ</strong></span> 
     </span>
    </p>
   </div>
   <div class='ocr_carea' id='block_1_33' title="bbox 240 3241 1806 3305">
    <p class='ocr_par' dir='ltr' id='par_1_33' title="bbox 240 3241 1806 3305">
     <span class='ocr_line' id='line_1_33' title="bbox 240 3241 1806 3305; baseline 0.003 -15"><span class='ocrx_word' id='word_1_227' title='bbox 240 3242 483 3293; x_wconf 87' lang='lat' dir='ltr'><strong>attentius</strong></span> <span class='ocrx_word' id='word_1_228' title='bbox 528 3241 972 3305; x_wconf 79' lang='lat' dir='ltr'><strong>consideraverit,</strong></span> <span class='ocrx_word' id='word_1_229' title='bbox 1006 3244 1196 3296; x_wconf 89' lang='lat' dir='ltr'><strong>merito</strong></span> <span class='ocrx_word' id='word_1_230' title='bbox 1226 3243 1462 3296; x_wconf 89' lang='lat' dir='ltr'><strong>dicturus</strong></span> <span class='ocrx_word' id='word_1_231' title='bbox 1500 3253 1583 3296; x_wconf 90' lang='lat' dir='ltr'><strong>est</strong></span> <span class='ocrx_word' id='word_1_232' title='bbox 1612 3257 1806 3295; x_wconf 84' lang='lat' dir='ltr'><strong>novum</strong></span> 
     </span>
    </p>
   </div>
   <div class='ocr_carea' id='block_1_34' title="bbox 242 3332 1804 3403">
    <p class='ocr_par' dir='ltr' id='par_1_34' title="bbox 242 3332 1804 3403">
     <span class='ocr_line' id='line_1_34' title="bbox 242 3332 1804 3403; baseline 0.001 -20"><span class='ocrx_word' id='word_1_233' title='bbox 242 3332 500 3399; x_wconf 87' lang='lat' dir='ltr'><strong>quoddam</strong></span> <span class='ocrx_word' id='word_1_234' title='bbox 541 3334 797 3387; x_wconf 67' lang='lat' dir='ltr'><strong>saeculum</strong></span> <span class='ocrx_word' id='word_1_235' title='bbox 840 3333 1053 3388; x_wconf 88' lang='lat' dir='ltr'><strong>tandem</strong></span> <span class='ocrx_word' id='word_1_236' title='bbox 1095 3335 1403 3403; x_wconf 87' lang='lat' dir='ltr'><strong>apparuisse</strong></span> <span class='ocrx_word' id='word_1_237' title='bbox 1441 3334 1538 3387; x_wconf 90' lang='lat' dir='ltr'><strong>sibi</strong></span> <span class='ocrx_word' id='word_1_238' title='bbox 1593 3332 1757 3386; x_wconf 87' lang='lat' dir='ltr'><strong>videri</strong></span> <span class='ocrx_word' id='word_1_239' title='bbox 1790 3349 1804 3397; x_wconf 89' lang='lat'><strong>;</strong></span> 
     </span>
    </p>
   </div>
   <div class='ocr_carea' id='block_1_35' title="bbox 243 3420 1809 3491">
    <p class='ocr_par' dir='ltr' id='par_1_35' title="bbox 243 3420 1809 3491">
     <span class='ocr_line' id='line_1_35' title="bbox 243 3420 1809 3491; baseline 0.001 -18"><span class='ocrx_word' id='word_1_240' title='bbox 243 3421 441 3475; x_wconf 83' lang='lat' dir='ltr'><strong>insolito</strong></span> <span class='ocrx_word' id='word_1_241' title='bbox 468 3423 675 3476; x_wconf 86' lang='lat' dir='ltr'><strong>lumine</strong></span> <span class='ocrx_word' id='word_1_242' title='bbox 708 3432 826 3491; x_wconf 89' lang='lat' dir='ltr'><strong>post</strong></span> <span class='ocrx_word' id='word_1_243' title='bbox 848 3420 1125 3477; x_wconf 90' lang='lat' dir='ltr'><strong>diuturnas</strong></span> <span class='ocrx_word' id='word_1_244' title='bbox 1159 3422 1404 3477; x_wconf 79' lang='lat' dir='ltr'><strong>tenebras</strong></span> <span class='ocrx_word' id='word_1_245' title='bbox 1457 3422 1688 3476; x_wconf 87' lang='lat' dir='ltr'><strong>humano</strong></span> <span class='ocrx_word' id='word_1_246' title='bbox 1715 3437 1809 3491; x_wconf 86' lang='lat' dir='ltr'><strong>ge-</strong></span> 
     </span>
    </p>
   </div>
   <div class='ocr_carea' id='block_1_36' title="bbox 241 3513 1810 3584">
    <p class='ocr_par' dir='ltr' id='par_1_36' title="bbox 241 3513 1810 3584">
     <span class='ocr_line' id='line_1_36' title="bbox 241 3513 1810 3584; baseline 0.001 -19"><span class='ocrx_word' id='word_1_247' title='bbox 241 3515 343 3566; x_wconf 90' lang='lat' dir='ltr'><strong>neri</strong></span> <span class='ocrx_word' id='word_1_248' title='bbox 374 3524 604 3581; x_wconf 83' lang='lat' dir='ltr'><strong>repente</strong></span> <span class='ocrx_word' id='word_1_249' title='bbox 631 3513 1251 3584; x_wconf 56' lang='lat' dir='ltr'><strong>subigente/fetumque</strong></span> <span class='ocrx_word' id='word_1_250' title='bbox 1279 3515 1379 3568; x_wconf 89' lang='lat' dir='ltr'><strong>hoc</strong></span> <span class='ocrx_word' id='word_1_251' title='bbox 1409 3514 1498 3567; x_wconf 92' lang='lat' dir='ltr'><strong>Dei</strong></span> <span class='ocrx_word' id='word_1_252' title='bbox 1529 3528 1661 3581; x_wconf 89' lang='lat' dir='ltr'><strong>opus</strong></span> <span class='ocrx_word' id='word_1_253' title='bbox 1689 3527 1810 3566; x_wconf 91' lang='lat' dir='ltr'><strong>esse</strong></span> 
     </span>
    </p>
   </div>
   <div class='ocr_carea' id='block_1_37' title="bbox 246 3601 1807 3673">
    <p class='ocr_par' dir='ltr' id='par_1_37' title="bbox 246 3601 1807 3673">
     <span class='ocr_line' id='line_1_37' title="bbox 246 3601 1807 3673; baseline -0.001 -18"><span class='ocrx_word' id='word_1_254' title='bbox 246 3601 503 3667; x_wconf 88' lang='lat' dir='ltr'><strong>fatebitur,</strong></span> <span class='ocrx_word' id='word_1_255' title='bbox 535 3607 630 3673; x_wconf 90' lang='lat' dir='ltr'><strong>qui</strong></span> <span class='ocrx_word' id='word_1_256' title='bbox 655 3605 912 3659; x_wconf 83' lang='lat' dir='ltr'><strong>adversus</strong></span> <span class='ocrx_word' id='word_1_257' title='bbox 934 3605 1078 3658; x_wconf 86' lang='lat' dir='ltr'><strong>illam</strong></span> <span class='ocrx_word' id='word_1_258' title='bbox 1098 3606 1377 3673; x_wconf 87' lang='lat' dir='ltr'><strong>impiorum</strong></span> <span class='ocrx_word' id='word_1_259' title='bbox 1395 3602 1807 3667; x_wconf 84' lang='lat' dir='ltr'><strong>multitudinem,</strong></span> 
     </span>
    </p>
   </div>
   <div class='ocr_carea' id='block_1_38' title="bbox 244 3694 1806 3768">
    <p class='ocr_par' dir='ltr' id='par_1_38' title="bbox 244 3694 1806 3768">
     <span class='ocr_line' id='line_1_38' title="bbox 244 3694 1806 3768; baseline 0.001 -21"><span class='ocrx_word' id='word_1_260' title='bbox 244 3694 372 3751; x_wconf 86' lang='lat' dir='ltr'><strong>hunc</strong></span> <span class='ocrx_word' id='word_1_261' title='bbox 410 3696 721 3768; x_wconf 88' lang='lat' dir='ltr'><strong>religiosum</strong></span> <span class='ocrx_word' id='word_1_262' title='bbox 763 3697 1136 3767; x_wconf 89' lang='lat' dir='ltr'><strong>imperatorem</strong></span> <span class='ocrx_word' id='word_1_263' title='bbox 1181 3698 1322 3751; x_wconf 87' lang='lat' dir='ltr'><strong>velut</strong></span> <span class='ocrx_word' id='word_1_264' title='bbox 1363 3696 1610 3750; x_wconf 65' lang='lat' dir='ltr'><strong>tumulum</strong></span> <span class='ocrx_word' id='word_1_265' title='bbox 1638 3710 1806 3766; x_wconf 87' lang='lat' dir='ltr'><strong>oppo-</strong></span> 
     </span>
    </p>
   </div>
   <div class='ocr_carea' id='block_1_39' title="bbox 242 3798 415 3841">
    <p class='ocr_par' dir='ltr' id='par_1_39' title="bbox 242 3798 415 3841">
     <span class='ocr_line' id='line_1_39' title="bbox 242 3798 415 3841; baseline 0.017 -3"><span class='ocrx_word' id='word_1_266' title='bbox 242 3798 415 3841; x_wconf 64' lang='grc' dir='ltr'><strong>συρτει.</strong></span> 
     </span>
    </p>
   </div>
   <div class='ocr_carea' id='block_1_40' title="bbox 879 3940 1202 3997">
    <p class='ocr_par' dir='ltr' id='par_1_40' title="bbox 879 3940 1202 3997">
     <span class='ocr_line' id='line_1_40' title="bbox 879 3940 1202 3997; baseline -0.009 0"><span class='ocrx_word' id='word_1_267' title='bbox 879 3940 1103 3997; x_wconf 82' lang='lat' dir='ltr'><strong>CAPUT</strong></span> <span class='ocrx_word' id='word_1_268' title='bbox 1141 3940 1202 3995; x_wconf 92' lang='lat' dir='ltr'><strong>II.</strong></span> 
     </span>
    </p>
   </div>
   <div class='ocr_carea' id='block_1_41' title="bbox 302 4093 1750 4166">
    <p class='ocr_par' dir='ltr' id='par_1_41' title="bbox 302 4093 1750 4166">
     <span class='ocr_line' id='line_1_41' title="bbox 302 4093 1750 4166; baseline -0.003 -17"><span class='ocrx_word' id='word_1_269' title='bbox 302 4094 498 4151; x_wconf 80' lang='lat' dir='ltr'><strong>Rursus</strong></span> <span class='ocrx_word' id='word_1_270' title='bbox 529 4098 594 4150; x_wconf 85' lang='lat' dir='ltr'><strong>de</strong></span> <span class='ocrx_word' id='word_1_271' title='bbox 628 4097 812 4166; x_wconf 77' lang='lat' dir='ltr'><strong>pietate</strong></span> <span class='ocrx_word' id='word_1_272' title='bbox 847 4096 1160 4150; x_wconf 80' lang='lat' dir='ltr'><strong>Constantini</strong></span> <span class='ocrx_word' id='word_1_273' title='bbox 1189 4096 1385 4166; x_wconf 87' lang='lat' dir='ltr'><strong>signum</strong></span> <span class='ocrx_word' id='word_1_274' title='bbox 1407 4094 1571 4147; x_wconf 85' lang='lat' dir='ltr'><strong>crucis</strong></span> <span class='ocrx_word' id='word_1_275' title='bbox 1601 4093 1750 4147; x_wconf 81' lang='lat' dir='ltr'><strong>libere</strong></span> 
     </span>
    </p>
   </div>
   <div class='ocr_carea' id='block_1_42' title="bbox 881 4188 1179 4256">
    <p class='ocr_par' dir='ltr' id='par_1_42' title="bbox 881 4188 1179 4256">
     <span class='ocr_line' id='line_1_42' title="bbox 881 4188 1179 4256; baseline -0.003 -17"><span class='ocrx_word' id='word_1_276' title='bbox 881 4188 1179 4256; x_wconf 77' lang='lat' dir='ltr'><strong>proﬁtentis.</strong></span> 
     </span>
    </p>
   </div>
   <div class='ocr_carea' id='block_1_43' title="bbox 308 4340 1820 4416">
    <p class='ocr_par' dir='ltr' id='par_1_43' title="bbox 308 4340 1820 4416">
     <span class='ocr_line' id='line_1_43' title="bbox 308 4340 1820 4416; baseline -0.005 -16"><span class='ocrx_word' id='word_1_277' title='bbox 308 4346 438 4401; x_wconf 82' lang='lat' dir='ltr'><strong>Nam</strong></span> <span class='ocrx_word' id='word_1_278' title='bbox 495 4362 615 4401; x_wconf 88' lang='lat' dir='ltr'><strong>cum</strong></span> <span class='ocrx_word' id='word_1_279' title='bbox 668 4347 740 4401; x_wconf 91' lang='lat' dir='ltr'><strong>illi</strong></span> <span class='ocrx_word' id='word_1_280' title='bbox 762 4346 977 4416; x_wconf 91' lang='lat' dir='ltr'><strong>quidem</strong></span> <span class='ocrx_word' id='word_1_281' title='bbox 1033 4344 1165 4399; x_wconf 86' lang='lat' dir='ltr'><strong>tales</strong></span> <span class='ocrx_word' id='word_1_282' title='bbox 1206 4342 1583 4407; x_wconf 79' lang='lat' dir='ltr'><strong>exstitissent,</strong></span> <span class='ocrx_word' id='word_1_283' title='bbox 1640 4340 1820 4410; x_wconf 89' lang='lat' dir='ltr'><strong>quales</strong></span> 
     </span>
    </p>
   </div>
   <div class='ocr_carea' id='block_1_44' title="bbox 244 4432 1817 4506">
    <p class='ocr_par' dir='ltr' id='par_1_44' title="bbox 244 4432 1817 4506">
     <span class='ocr_line' id='line_1_44' title="bbox 244 4432 1817 4506; baseline -0.003 -17"><span class='ocrx_word' id='word_1_284' title='bbox 244 4438 366 4491; x_wconf 90' lang='lat' dir='ltr'><strong>nulli</strong></span> <span class='ocrx_word' id='word_1_285' title='bbox 394 4454 627 4506; x_wconf 84' lang='lat' dir='ltr'><strong>unquam</strong></span> <span class='ocrx_word' id='word_1_286' title='bbox 662 4438 757 4491; x_wconf 84' lang='lat' dir='ltr'><strong>visi</strong></span> <span class='ocrx_word' id='word_1_287' title='bbox 787 4440 1024 4500; x_wconf 76' lang='lat' dir='ltr'><strong>fuerant,</strong></span> <span class='ocrx_word' id='word_1_288' title='bbox 1056 4451 1224 4506; x_wconf 89' lang='lat' dir='ltr'><strong>eaque</strong></span> <span class='ocrx_word' id='word_1_289' title='bbox 1252 4433 1509 4489; x_wconf 88' lang='lat' dir='ltr'><strong>adversus</strong></span> <span class='ocrx_word' id='word_1_290' title='bbox 1528 4432 1817 4487; x_wconf 85' lang='lat' dir='ltr'><strong>Eeclesiam</strong></span> 
     </span>
    </p>
   </div>
   <div class='ocr_carea' id='block_1_45' title="bbox 242 4500 1897 4597">
    <p class='ocr_par' dir='ltr' id='par_1_45' title="bbox 242 4500 1897 4597">
     <span class='ocr_line' id='line_1_45' title="bbox 242 4500 1897 4597; baseline -0.002 -18"><span class='ocrx_word' id='word_1_291' title='bbox 242 4527 515 4583; x_wconf 89' lang='lat' dir='ltr'><strong>admittere</strong></span> <span class='ocrx_word' id='word_1_292' title='bbox 533 4531 647 4583; x_wconf 92' lang='lat' dir='ltr'><strong>ausi</strong></span> <span class='ocrx_word' id='word_1_293' title='bbox 681 4527 926 4592; x_wconf 87' lang='lat' dir='ltr'><strong>fuissent,</strong></span> <span class='ocrx_word' id='word_1_294' title='bbox 950 4543 1068 4597; x_wconf 66' lang='lat' dir='ltr'><strong>quin</strong></span> <span class='ocrx_word' id='word_1_295' title='bbox 1096 4542 1253 4582; x_wconf 90' lang='lat' dir='ltr'><strong>nemo</strong></span> <span class='ocrx_word' id='word_1_296' title='bbox 1277 4540 1508 4597; x_wconf 84' lang='lat' dir='ltr'><strong>unquam</strong></span> <span class='ocrx_word' id='word_1_297' title='bbox 1528 4525 1595 4579; x_wconf 90' lang='lat' dir='ltr'><strong>ab</strong></span> <span class='ocrx_word' id='word_1_298' title='bbox 1626 4524 1809 4578; x_wconf 89' lang='lat' dir='ltr'><strong>ultima</strong></span> <span class='ocrx_word' id='word_1_299' title='bbox 1844 4500 1897 4559; x_wconf 82' lang='lat' dir='ltr'><strong>D</strong></span> 
     </span>
    </p>
   </div>
   <div class='ocr_carea' id='block_1_46' title="bbox 242 4616 1814 4688">
    <p class='ocr_par' dir='ltr' id='par_1_46' title="bbox 242 4616 1814 4688">
     <span class='ocr_line' id='line_1_46' title="bbox 242 4616 1814 4688; baseline -0.001 -17"><span class='ocrx_word' id='word_1_300' title='bbox 242 4633 400 4688; x_wconf 92' lang='lat' dir='ltr'><strong>usque</strong></span> <span class='ocrx_word' id='word_1_301' title='bbox 431 4620 710 4673; x_wconf 87' lang='lat' dir='ltr'><strong>hominum</strong></span> <span class='ocrx_word' id='word_1_302' title='bbox 744 4620 999 4673; x_wconf 89' lang='lat' dir='ltr'><strong>memoria</strong></span> <span class='ocrx_word' id='word_1_303' title='bbox 1048 4618 1183 4673; x_wconf 83' lang='lat' dir='ltr'><strong>facta</strong></span> <span class='ocrx_word' id='word_1_304' title='bbox 1226 4632 1347 4673; x_wconf 90' lang='lat' dir='ltr'><strong>esse</strong></span> <span class='ocrx_word' id='word_1_305' title='bbox 1378 4616 1652 4680; x_wconf 87' lang='lat' dir='ltr'><strong>audierat,</strong></span> <span class='ocrx_word' id='word_1_306' title='bbox 1701 4630 1814 4669; x_wconf 88' lang='lat' dir='ltr'><strong>me-</strong></span> 
     </span>
    </p>
   </div>
   <div class='ocr_carea' id='block_1_47' title="bbox 242 4706 1813 4781">
    <p class='ocr_par' dir='ltr' id='par_1_47' title="bbox 242 4706 1813 4781">
     <span class='ocr_line' id='line_1_47' title="bbox 242 4706 1813 4781; baseline -0.002 -18"><span class='ocrx_word' id='word_1_307' title='bbox 242 4711 337 4763; x_wconf 89' lang='lat' dir='ltr'><strong>rito</strong></span> <span class='ocrx_word' id='word_1_308' title='bbox 367 4713 506 4767; x_wconf 84' lang='lat' dir='ltr'><strong>Deus</strong></span> <span class='ocrx_word' id='word_1_309' title='bbox 539 4714 843 4765; x_wconf 87' lang='lat' dir='ltr'><strong>inusitatum</strong></span> <span class='ocrx_word' id='word_1_310' title='bbox 873 4711 1134 4781; x_wconf 87' lang='lat' dir='ltr'><strong>quoddam</strong></span> <span class='ocrx_word' id='word_1_311' title='bbox 1162 4710 1477 4765; x_wconf 88' lang='lat' dir='ltr'><strong>miraculum</strong></span> <span class='ocrx_word' id='word_1_312' title='bbox 1498 4749 1513 4774; x_wconf 92' lang='lat'><strong>,</strong></span> <span class='ocrx_word' id='word_1_313' title='bbox 1548 4706 1813 4762; x_wconf 88' lang='lat' dir='ltr'><strong>Constan-</strong></span> 
     </span>
    </p>
   </div>
   <div class='ocr_carea' id='block_1_48' title="bbox 244 4800 1812 4872">
    <p class='ocr_par' dir='ltr' id='par_1_48' title="bbox 244 4800 1812 4872">
     <span class='ocr_line' id='line_1_48' title="bbox 244 4800 1812 4872; baseline 0.001 -19"><span class='ocrx_word' id='word_1_314' title='bbox 244 4802 400 4855; x_wconf 89' lang='lat' dir='ltr'><strong>tinum</strong></span> <span class='ocrx_word' id='word_1_315' title='bbox 433 4802 657 4866; x_wconf 82' lang='lat' dir='ltr'><strong>scilicet,</strong></span> <span class='ocrx_word' id='word_1_316' title='bbox 700 4802 752 4857; x_wconf 92' lang='lat' dir='ltr'><strong>in</strong></span> <span class='ocrx_word' id='word_1_317' title='bbox 798 4804 1029 4858; x_wconf 90' lang='lat' dir='ltr'><strong>medium</strong></span> <span class='ocrx_word' id='word_1_318' title='bbox 1062 4803 1381 4872; x_wconf 86' lang='lat' dir='ltr'><strong>producens,</strong></span> <span class='ocrx_word' id='word_1_319' title='bbox 1426 4816 1486 4856; x_wconf 91' lang='lat' dir='ltr'><strong>ea</strong></span> <span class='ocrx_word' id='word_1_320' title='bbox 1526 4814 1619 4870; x_wconf 91' lang='lat' dir='ltr'><strong>per</strong></span> <span class='ocrx_word' id='word_1_321' title='bbox 1664 4800 1812 4855; x_wconf 87' lang='lat' dir='ltr'><strong>illum</strong></span> 
     </span>
    </p>
   </div>
   <div class='ocr_carea' id='block_1_49' title="bbox 243 4889 1813 4963">
    <p class='ocr_par' dir='ltr' id='par_1_49' title="bbox 243 4889 1813 4963">
     <span class='ocr_line' id='line_1_49' title="bbox 243 4889 1813 4963; baseline -0.001 -18"><span class='ocrx_word' id='word_1_322' title='bbox 243 4892 405 4959; x_wconf 88' lang='lat' dir='ltr'><strong>gessit</strong></span> <span class='ocrx_word' id='word_1_323' title='bbox 434 4908 555 4960; x_wconf 72' lang='lat' dir='ltr'><strong>qure</strong></span> <span class='ocrx_word' id='word_1_324' title='bbox 583 4907 680 4947; x_wconf 92' lang='lat' dir='ltr'><strong>nec</strong></span> <span class='ocrx_word' id='word_1_325' title='bbox 705 4893 884 4947; x_wconf 88' lang='lat' dir='ltr'><strong>auditu</strong></span> <span class='ocrx_word' id='word_1_326' title='bbox 902 4902 1380 4963; x_wconf 84' lang='lat' dir='ltr'><strong>unquamaccepta,</strong></span> <span class='ocrx_word' id='word_1_327' title='bbox 1398 4904 1498 4944; x_wconf 91' lang='lat' dir='ltr'><strong>nec</strong></span> <span class='ocrx_word' id='word_1_328' title='bbox 1514 4890 1680 4945; x_wconf 90' lang='lat' dir='ltr'><strong>oculis</strong></span> <span class='ocrx_word' id='word_1_329' title='bbox 1699 4889 1813 4944; x_wconf 87' lang='lat' dir='ltr'><strong>visa</strong></span> 
     </span>
    </p>
   </div>
   <div class='ocr_carea' id='block_1_50' title="bbox 241 4983 1809 5053">
    <p class='ocr_par' dir='ltr' id='par_1_50' title="bbox 241 4983 1809 5053">
     <span class='ocr_line' id='line_1_50' title="bbox 241 4983 1809 5053; baseline 0 -19"><span class='ocrx_word' id='word_1_330' title='bbox 241 4983 465 5039; x_wconf 84' lang='lat' dir='ltr'><strong>fuerant.</strong></span> <span class='ocrx_word' id='word_1_331' title='bbox 496 4984 645 5051; x_wconf 85' lang='lat' dir='ltr'><strong>Quod</strong></span> <span class='ocrx_word' id='word_1_332' title='bbox 675 4986 816 5039; x_wconf 90' lang='lat' dir='ltr'><strong>enim</strong></span> <span class='ocrx_word' id='word_1_333' title='bbox 847 4986 1160 5039; x_wconf 88' lang='lat' dir='ltr'><strong>miraculum</strong></span> <span class='ocrx_word' id='word_1_334' title='bbox 1194 4986 1362 5053; x_wconf 87' lang='lat' dir='ltr'><strong>magis</strong></span> <span class='ocrx_word' id='word_1_335' title='bbox 1389 4998 1584 5037; x_wconf 91' lang='lat' dir='ltr'><strong>novum</strong></span> <span class='ocrx_word' id='word_1_336' title='bbox 1607 4990 1661 5036; x_wconf 92' lang='lat' dir='ltr'><strong>et</strong></span> <span class='ocrx_word' id='word_1_337' title='bbox 1688 4983 1809 5035; x_wconf 82' lang='lat' dir='ltr'><strong>inu-</strong></span> 
     </span>
    </p>
   </div>
   <div class='ocr_carea' id='block_1_51' title="bbox 240 5074 1810 5146">
    <p class='ocr_par' dir='ltr' id='par_1_51' title="bbox 240 5074 1810 5146">
     <span class='ocr_line' id='line_1_51' title="bbox 240 5074 1810 5146; baseline 0 -20"><span class='ocrx_word' id='word_1_338' title='bbox 240 5075 449 5129; x_wconf 74' lang='lat' dir='ltr'><strong>simum</strong></span> <span class='ocrx_word' id='word_1_339' title='bbox 490 5076 623 5141; x_wconf 85' lang='lat' dir='ltr'><strong>fuit,</strong></span> <span class='ocrx_word' id='word_1_340' title='bbox 652 5091 811 5146; x_wconf 90' lang='lat' dir='ltr'><strong>quam</strong></span> <span class='ocrx_word' id='word_1_341' title='bbox 843 5077 1175 5142; x_wconf 88' lang='lat' dir='ltr'><strong>imperatoris</strong></span> <span class='ocrx_word' id='word_1_342' title='bbox 1203 5075 1371 5129; x_wconf 91' lang='lat' dir='ltr'><strong>nostri</strong></span> <span class='ocrx_word' id='word_1_343' title='bbox 1416 5074 1613 5136; x_wconf 86' lang='lat' dir='ltr'><strong>virtus,</strong></span> <span class='ocrx_word' id='word_1_344' title='bbox 1650 5087 1810 5141; x_wconf 89' lang='lat' dir='ltr'><strong>quem</strong></span> 
     </span>
    </p>
   </div>
   <div class='ocr_carea' id='block_1_52' title="bbox 245 5162 1815 5237">
    <p class='ocr_par' dir='ltr' id='par_1_52' title="bbox 245 5162 1815 5237">
     <span class='ocr_line' id='line_1_52' title="bbox 245 5162 1815 5237; baseline -0.001 -19"><span class='ocrx_word' id='word_1_345' title='bbox 245 5164 330 5218; x_wconf 87' lang='lat' dir='ltr'><strong>Dei</strong></span> <span class='ocrx_word' id='word_1_346' title='bbox 373 5169 631 5235; x_wconf 85' lang='lat' dir='ltr'><strong>sapientia</strong></span> <span class='ocrx_word' id='word_1_347' title='bbox 677 5168 907 5221; x_wconf 91' lang='lat' dir='ltr'><strong>humano</strong></span> <span class='ocrx_word' id='word_1_348' title='bbox 951 5166 1131 5237; x_wconf 87' lang='lat' dir='ltr'><strong>generi</strong></span> <span class='ocrx_word' id='word_1_349' title='bbox 1180 5164 1413 5219; x_wconf 88' lang='lat' dir='ltr'><strong>donavit.</strong></span> <span class='ocrx_word' id='word_1_350' title='bbox 1473 5162 1680 5231; x_wconf 83' lang='lat' dir='ltr'><strong>Quippe</strong></span> <span class='ocrx_word' id='word_1_351' title='bbox 1726 5162 1815 5217; x_wconf 86' lang='lat' dir='ltr'><strong>ille</strong></span> 
     </span>
    </p>
   </div>
   <div class='ocr_carea' id='block_1_53' title="bbox 240 5255 1815 5313">
    <p class='ocr_par' dir='ltr' id='par_1_53' title="bbox 240 5255 1815 5313">
     <span class='ocr_line' id='line_1_53' title="bbox 240 5255 1815 5313; baseline 0.001 -4"><span class='ocrx_word' id='word_1_352' title='bbox 240 5270 354 5310; x_wconf 86' lang='lat' dir='ltr'><strong>cum</strong></span> <span class='ocrx_word' id='word_1_353' title='bbox 384 5260 528 5313; x_wconf 87' lang='lat' dir='ltr'><strong>omni</strong></span> <span class='ocrx_word' id='word_1_354' title='bbox 558 5258 750 5313; x_wconf 89' lang='lat' dir='ltr'><strong>ﬁducia</strong></span> <span class='ocrx_word' id='word_1_355' title='bbox 782 5275 844 5312; x_wconf 88' lang='lat' dir='ltr'><strong>ac</strong></span> <span class='ocrx_word' id='word_1_356' title='bbox 871 5260 1114 5313; x_wconf 90' lang='lat' dir='ltr'><strong>libertate</strong></span> <span class='ocrx_word' id='word_1_357' title='bbox 1144 5256 1414 5311; x_wconf 89' lang='lat' dir='ltr'><strong>Christum</strong></span> <span class='ocrx_word' id='word_1_358' title='bbox 1462 5255 1559 5310; x_wconf 87' lang='lat' dir='ltr'><strong>Dei</strong></span> <span class='ocrx_word' id='word_1_359' title='bbox 1606 5258 1815 5311; x_wconf 86' lang='lat' dir='ltr'><strong>cunctis</strong></span> 
     </span>
    </p>
   </div>
   <div class='ocr_carea' id='block_1_54' title="bbox 244 5346 1815 5421">
    <p class='ocr_par' dir='ltr' id='par_1_54' title="bbox 244 5346 1815 5421">
     <span class='ocr_line' id='line_1_54' title="bbox 244 5346 1815 5421; baseline -0.002 -16"><span class='ocrx_word' id='word_1_360' title='bbox 244 5362 493 5421; x_wconf 88' lang='lat' dir='ltr'><strong>perpetuo</strong></span> <span class='ocrx_word' id='word_1_361' title='bbox 542 5351 877 5419; x_wconf 65' lang='lat' dir='ltr'><strong>praedicavit,</strong></span> <span class='ocrx_word' id='word_1_362' title='bbox 912 5365 1010 5405; x_wconf 91' lang='lat' dir='ltr'><strong>nec</strong></span> <span class='ocrx_word' id='word_1_363' title='bbox 1048 5349 1262 5404; x_wconf 87' lang='lat' dir='ltr'><strong>salutari</strong></span> <span class='ocrx_word' id='word_1_364' title='bbox 1287 5347 1572 5403; x_wconf 88' lang='lat' dir='ltr'><strong>.vocabulo</strong></span> <span class='ocrx_word' id='word_1_365' title='bbox 1606 5346 1815 5402; x_wconf 87' lang='lat' dir='ltr'><strong>censeri</strong></span> 
     </span>
    </p>
   </div>
   <div class='ocr_carea' id='block_1_55' title="bbox 241 5437 1816 5511">
    <p class='ocr_par' dir='ltr' id='par_1_55' title="bbox 241 5437 1816 5511">
     <span class='ocr_line' id='line_1_55' title="bbox 241 5437 1816 5511; baseline -0.004 -12"><span class='ocrx_word' id='word_1_366' title='bbox 241 5445 468 5500; x_wconf 88' lang='lat' dir='ltr'><strong>erubuit.</strong></span> <span class='ocrx_word' id='word_1_367' title='bbox 500 5443 691 5499; x_wconf 82' lang='lat' dir='ltr'><strong>Verum</strong></span> <span class='ocrx_word' id='word_1_368' title='bbox 737 5444 808 5498; x_wconf 90' lang='lat' dir='ltr'><strong>ob</strong></span> <span class='ocrx_word' id='word_1_369' title='bbox 854 5458 969 5497; x_wconf 85' lang='lat' dir='ltr'><strong>eam</strong></span> <span class='ocrx_word' id='word_1_370' title='bbox 1020 5458 1131 5497; x_wconf 92' lang='lat' dir='ltr'><strong>rem</strong></span> <span class='ocrx_word' id='word_1_371' title='bbox 1174 5456 1295 5497; x_wconf 86' lang='lat' dir='ltr'><strong>sese</strong></span> <span class='ocrx_word' id='word_1_372' title='bbox 1338 5454 1663 5511; x_wconf 88' lang='lat' dir='ltr'><strong>magnopere</strong></span> <span class='ocrx_word' id='word_1_373' title='bbox 1687 5437 1816 5493; x_wconf 80' lang='lat' dir='ltr'><strong>effe-</strong></span> 
     </span>
    </p>
   </div>
   <div class='ocr_carea' id='block_1_56' title="bbox 246 5532 1819 5602">
    <p class='ocr_par' dir='ltr' id='par_1_56' title="bbox 246 5532 1819 5602">
     <span class='ocr_line' id='line_1_56' title="bbox 246 5532 1819 5602; baseline -0.003 -11"><span class='ocrx_word' id='word_1_374' title='bbox 246 5552 397 5602; x_wconf 85' lang='lat' dir='ltr'><strong>rens,</strong></span> <span class='ocrx_word' id='word_1_375' title='bbox 426 5535 676 5591; x_wconf 85' lang='lat' dir='ltr'><strong>omnibus</strong></span> <span class='ocrx_word' id='word_1_376' title='bbox 710 5550 768 5589; x_wconf 83' lang='lat' dir='ltr'><strong>se</strong></span> <span class='ocrx_word' id='word_1_377' title='bbox 814 5534 1140 5589; x_wconf 84' lang='lat' dir='ltr'><strong>noscendum</strong></span> <span class='ocrx_word' id='word_1_378' title='bbox 1192 5533 1472 5589; x_wconf 87' lang='lat' dir='ltr'><strong>exhibuit:</strong></span> <span class='ocrx_word' id='word_1_379' title='bbox 1504 5532 1629 5586; x_wconf 84' lang='lat' dir='ltr'><strong>dunt</strong></span> <span class='ocrx_word' id='word_1_380' title='bbox 1676 5545 1819 5586; x_wconf 89' lang='lat' dir='ltr'><strong>nunc</strong></span> 
     </span>
    </p>
   </div>
   <div class='ocr_carea' id='block_1_57' title="bbox 249 5624 1822 5697">
    <p class='ocr_par' dir='ltr' id='par_1_57' title="bbox 249 5624 1822 5697">
     <span class='ocr_line' id='line_1_57' title="bbox 249 5624 1822 5697; baseline -0.001 -16"><span class='ocrx_word' id='word_1_381' title='bbox 249 5627 456 5696; x_wconf 85' lang='lat' dir='ltr'><strong>quidem</strong></span> <span class='ocrx_word' id='word_1_382' title='bbox 491 5626 712 5683; x_wconf 88' lang='lat' dir='ltr'><strong>salutari</strong></span> <span class='ocrx_word' id='word_1_383' title='bbox 742 5627 893 5695; x_wconf 87' lang='lat' dir='ltr'><strong>signo</strong></span> <span class='ocrx_word' id='word_1_384' title='bbox 916 5626 1118 5682; x_wconf 89' lang='lat' dir='ltr'><strong>vultum</strong></span> <span class='ocrx_word' id='word_1_385' title='bbox 1149 5626 1453 5697; x_wconf 82' lang='lat' dir='ltr'><strong>consignat,</strong></span> <span class='ocrx_word' id='word_1_386' title='bbox 1479 5638 1618 5680; x_wconf 90' lang='lat' dir='ltr'><strong>nunc</strong></span> <span class='ocrx_word' id='word_1_387' title='bbox 1635 5624 1822 5681; x_wconf 82' lang='lat' dir='ltr'><strong>trium-</strong></span> 
     </span>
    </p>
   </div>
   <div class='ocr_carea' id='block_1_58' title="bbox 254 5716 930 5788">
    <p class='ocr_par' dir='ltr' id='par_1_58' title="bbox 254 5716 930 5788">
     <span class='ocr_line' id='line_1_58' title="bbox 254 5716 930 5788; baseline -0.006 -16"><span class='ocrx_word' id='word_1_388' title='bbox 254 5716 391 5786; x_wconf 84' lang='lat' dir='ltr'><strong>phali</strong></span> <span class='ocrx_word' id='word_1_389' title='bbox 419 5717 679 5788; x_wconf 76' lang='lat' dir='ltr'><strong>gloriatur</strong></span> <span class='ocrx_word' id='word_1_390' title='bbox 710 5726 930 5785; x_wconf 59' lang='lat' dir='ltr'><strong>tropaeo.</strong></span> 
     </span>
    </p>
   </div>
   <div class='ocr_carea' id='block_1_59' title="bbox 2550 412 2882 471">
    <p class='ocr_par' dir='ltr' id='par_1_59' title="bbox 2550 412 2882 471">
     <span class='ocr_line' id='line_1_59' title="bbox 2550 412 2882 471; baseline 0.003 -4"><span class='ocrx_word' id='word_1_391' title='bbox 2550 412 2776 470; x_wconf 82' lang='lat' dir='ltr'><strong>CAPUT</strong></span> <span class='ocrx_word' id='word_1_392' title='bbox 2799 414 2882 471; x_wconf 92' lang='lat' dir='ltr'><strong>Ill.</strong></span> 
     </span>
    </p>
   </div>
   <div class='ocr_carea' id='block_1_60' title="bbox 1922 519 3491 605">
    <p class='ocr_par' dir='ltr' id='par_1_60' title="bbox 1922 519 3491 605">
     <span class='ocr_line' id='line_1_60' title="bbox 1922 519 3491 605; baseline 0.01 -33"><span class='ocrx_word' id='word_1_393' title='bbox 1922 519 2001 573; x_wconf 86' lang='lat' dir='ltr'><strong>De</strong></span> <span class='ocrx_word' id='word_1_394' title='bbox 2037 523 2254 594; x_wconf 82' lang='lat' dir='ltr'><strong>imagine</strong></span> <span class='ocrx_word' id='word_1_395' title='bbox 2280 523 2615 591; x_wconf 81' lang='lat' dir='ltr'><strong>Constantini,</strong></span> <span class='ocrx_word' id='word_1_396' title='bbox 2656 532 2739 583; x_wconf 82' lang='lat' dir='ltr'><strong>cui</strong></span> <span class='ocrx_word' id='word_1_397' title='bbox 2770 547 2893 584; x_wconf 75' lang='lat' dir='ltr'><strong>crux</strong></span> <span class='ocrx_word' id='word_1_398' title='bbox 2933 532 3134 601; x_wconf 84' lang='lat' dir='ltr'><strong>quidem</strong></span> <span class='ocrx_word' id='word_1_399' title='bbox 3179 534 3491 605; x_wconf 81' lang='lat' dir='ltr'><strong>superposita</strong></span> 
     </span>
    </p>
   </div>
   <div class='ocr_carea' id='block_1_61' title="bbox 2349 621 3047 691">
    <p class='ocr_par' dir='ltr' id='par_1_61' title="bbox 2349 621 3047 691">
     <span class='ocr_line' id='line_1_61' title="bbox 2349 621 3047 691; baseline 0.011 -20"><span class='ocrx_word' id='word_1_400' title='bbox 2349 628 2479 684; x_wconf 88' lang='lat' dir='ltr'><strong>erat,</strong></span> <span class='ocrx_word' id='word_1_401' title='bbox 2509 621 2646 691; x_wconf 77' lang='lat' dir='ltr'><strong>infra</strong></span> <span class='ocrx_word' id='word_1_402' title='bbox 2676 629 2843 675; x_wconf 88' lang='lat' dir='ltr'><strong>autem</strong></span> <span class='ocrx_word' id='word_1_403' title='bbox 2871 622 3047 679; x_wconf 86' lang='lat' dir='ltr'><strong>draco.</strong></span> 
     </span>
    </p>
   </div>
   <div class='ocr_carea' id='block_1_62' title="bbox 1991 726 3491 804">
    <p class='ocr_par' dir='ltr' id='par_1_62' title="bbox 1991 726 3491 804">
     <span class='ocr_line' id='line_1_62' title="bbox 1991 726 3491 804; baseline 0.01 -25"><span class='ocrx_word' id='word_1_404' title='bbox 1991 726 2292 792; x_wconf 87' lang='lat' dir='ltr'><strong>Quinetiam</strong></span> <span class='ocrx_word' id='word_1_405' title='bbox 2318 731 2367 783; x_wconf 93' lang='lat' dir='ltr'><strong>in</strong></span> <span class='ocrx_word' id='word_1_406' title='bbox 2401 732 2612 787; x_wconf 86' lang='lat' dir='ltr'><strong>sublimi</strong></span> <span class='ocrx_word' id='word_1_407' title='bbox 2636 736 2859 804; x_wconf 84' lang='lat' dir='ltr'><strong>quadam</strong></span> <span class='ocrx_word' id='word_1_408' title='bbox 2895 738 3067 793; x_wconf 89' lang='lat' dir='ltr'><strong>tabula</strong></span> <span class='ocrx_word' id='word_1_409' title='bbox 3107 749 3226 793; x_wconf 90' lang='lat' dir='ltr'><strong>ante</strong></span> <span class='ocrx_word' id='word_1_410' title='bbox 3256 740 3491 794; x_wconf 83' lang='lat' dir='ltr'><strong>vestibu-</strong></span> 
     </span>
    </p>
   </div>
   <div class='ocr_carea' id='block_1_63' title="bbox 1920 817 3489 900">
    <p class='ocr_par' dir='ltr' id='par_1_63' title="bbox 1920 817 3489 900">
     <span class='ocr_line' id='line_1_63' title="bbox 1920 817 3489 900; baseline 0.009 -29"><span class='ocrx_word' id='word_1_411' title='bbox 1920 817 2027 871; x_wconf 91' lang='lat' dir='ltr'><strong>lum</strong></span> <span class='ocrx_word' id='word_1_412' title='bbox 2092 821 2268 887; x_wconf 85' lang='lat' dir='ltr'><strong>palatii</strong></span> <span class='ocrx_word' id='word_1_413' title='bbox 2320 822 2521 891; x_wconf 88' lang='lat' dir='ltr'><strong>posita,</strong></span> <span class='ocrx_word' id='word_1_414' title='bbox 2567 828 2771 881; x_wconf 89' lang='lat' dir='ltr'><strong>cunctis</strong></span> <span class='ocrx_word' id='word_1_415' title='bbox 2815 830 3163 896; x_wconf 89' lang='lat' dir='ltr'><strong>spectandum</strong></span> <span class='ocrx_word' id='word_1_416' title='bbox 3214 834 3489 900; x_wconf 88' lang='lat' dir='ltr'><strong>preposuit</strong></span> 
     </span>
    </p>
   </div>
   <div class='ocr_carea' id='block_1_64' title="bbox 1917 908 3483 989">
    <p class='ocr_par' dir='ltr' id='par_1_64' title="bbox 1917 908 3483 989">
     <span class='ocr_line' id='line_1_64' title="bbox 1917 908 3483 989; baseline 0.01 -29"><span class='ocrx_word' id='word_1_417' title='bbox 1917 908 2151 964; x_wconf 89' lang='lat' dir='ltr'><strong>salutare</strong></span> <span class='ocrx_word' id='word_1_418' title='bbox 2200 912 2417 980; x_wconf 92' lang='lat' dir='ltr'><strong>quidem</strong></span> <span class='ocrx_word' id='word_1_419' title='bbox 2469 914 2673 982; x_wconf 90' lang='lat' dir='ltr'><strong>signum</strong></span> <span class='ocrx_word' id='word_1_420' title='bbox 2712 920 2868 987; x_wconf 90' lang='lat' dir='ltr'><strong>capiti</strong></span> <span class='ocrx_word' id='word_1_421' title='bbox 2916 934 3011 973; x_wconf 87' lang='lat' dir='ltr'><strong>suo</strong></span> <span class='ocrx_word' id='word_1_422' title='bbox 3042 924 3433 989; x_wconf 90' lang='lat' dir='ltr'><strong>superpositum</strong></span> <span class='ocrx_word' id='word_1_423' title='bbox 3468 937 3483 975; x_wconf 89' lang='lat'><strong>:</strong></span> 
     </span>
    </p>
   </div>
   <div class='ocr_carea' id='block_1_65' title="bbox 1919 999 3483 1080">
    <p class='ocr_par' dir='ltr' id='par_1_65' title="bbox 1919 999 3483 1080">
     <span class='ocr_line' id='line_1_65' title="bbox 1919 999 3483 1080; baseline 0.008 -27"><span class='ocrx_word' id='word_1_424' title='bbox 1919 999 2053 1054; x_wconf 84' lang='lat' dir='ltr'><strong>infra</strong></span> <span class='ocrx_word' id='word_1_425' title='bbox 2082 1016 2211 1056; x_wconf 90' lang='lat' dir='ltr'><strong>vero</strong></span> <span class='ocrx_word' id='word_1_426' title='bbox 2241 1006 2446 1058; x_wconf 88' lang='lat' dir='ltr'><strong>hostem</strong></span> <span class='ocrx_word' id='word_1_427' title='bbox 2472 1005 2616 1059; x_wconf 90' lang='lat' dir='ltr'><strong>illum</strong></span> <span class='ocrx_word' id='word_1_428' title='bbox 2646 1018 2697 1061; x_wconf 91' lang='lat' dir='ltr'><strong>et</strong></span> <span class='ocrx_word' id='word_1_429' title='bbox 2721 1008 2988 1063; x_wconf 91' lang='lat' dir='ltr'><strong>inimicum</strong></span> <span class='ocrx_word' id='word_1_430' title='bbox 3016 1012 3224 1080; x_wconf 86' lang='lat' dir='ltr'><strong>generis</strong></span> <span class='ocrx_word' id='word_1_431' title='bbox 3248 1012 3483 1079; x_wconf 87' lang='lat' dir='ltr'><strong>humani,</strong></span> 
     </span>
    </p>
   </div>
   <div class='ocr_carea' id='block_1_66' title="bbox 1918 1093 3487 1172">
    <p class='ocr_par' dir='ltr' id='par_1_66' title="bbox 1918 1093 3487 1172">
     <span class='ocr_line' id='line_1_66' title="bbox 1918 1093 3487 1172; baseline 0.008 -28"><span class='ocrx_word' id='word_1_432' title='bbox 1918 1095 2007 1160; x_wconf 92' lang='lat' dir='ltr'><strong>qui</strong></span> <span class='ocrx_word' id='word_1_433' title='bbox 2039 1093 2317 1161; x_wconf 90' lang='lat' dir='ltr'><strong>impiorum</strong></span> <span class='ocrx_word' id='word_1_434' title='bbox 2343 1105 2685 1165; x_wconf 87' lang='lat' dir='ltr'><strong>tyrannorum</strong></span> <span class='ocrx_word' id='word_1_435' title='bbox 2719 1114 2878 1168; x_wconf 89' lang='lat' dir='ltr'><strong>opera</strong></span> <span class='ocrx_word' id='word_1_436' title='bbox 2914 1102 3203 1156; x_wconf 85' lang='lat' dir='ltr'><strong>Ecclesiam</strong></span> <span class='ocrx_word' id='word_1_437' title='bbox 3256 1104 3346 1156; x_wconf 88' lang='lat' dir='ltr'><strong>Dei</strong></span> <span class='ocrx_word' id='word_1_438' title='bbox 3390 1117 3487 1172; x_wconf 90' lang='lat' dir='ltr'><strong>op-</strong></span> 
     </span>
    </p>
   </div>
   <div class='ocr_carea' id='block_1_67' title="bbox 1918 1186 3483 1261">
    <p class='ocr_par' dir='ltr' id='par_1_67' title="bbox 1918 1186 3483 1261">
     <span class='ocr_line' id='line_1_67' title="bbox 1918 1186 3483 1261; baseline 0.01 -28"><span class='ocrx_word' id='word_1_439' title='bbox 1918 1197 2261 1251; x_wconf 82' lang='lat' dir='ltr'><strong>pugnaverat,</strong></span> <span class='ocrx_word' id='word_1_440' title='bbox 2290 1186 2390 1241; x_wconf 90' lang='lat' dir='ltr'><strong>sub</strong></span> <span class='ocrx_word' id='word_1_441' title='bbox 2417 1187 2662 1242; x_wconf 91' lang='lat' dir='ltr'><strong>draconis</strong></span> <span class='ocrx_word' id='word_1_442' title='bbox 2694 1189 2859 1243; x_wconf 83' lang='lat' dir='ltr'><strong>forma</strong></span> <span class='ocrx_word' id='word_1_443' title='bbox 2881 1192 2931 1243; x_wconf 93' lang='lat' dir='ltr'><strong>in</strong></span> <span class='ocrx_word' id='word_1_444' title='bbox 2952 1206 3189 1261; x_wconf 67' lang='lat' dir='ltr'><strong>princeps</strong></span> <span class='ocrx_word' id='word_1_445' title='bbox 3219 1204 3483 1248; x_wconf 90' lang='lat' dir='ltr'><strong>ruentem.</strong></span> 
     </span>
    </p>
   </div>
   <div class='ocr_carea' id='block_1_68' title="bbox 1917 1271 3483 1348">
    <p class='ocr_par' dir='ltr' id='par_1_68' title="bbox 1917 1271 3483 1348">
     <span class='ocr_line' id='line_1_68' title="bbox 1917 1271 3483 1348; baseline 0.008 -24"><span class='ocrx_word' id='word_1_446' title='bbox 1917 1271 2123 1342; x_wconf 90' lang='lat' dir='ltr'><strong>Quippe</strong></span> <span class='ocrx_word' id='word_1_447' title='bbox 2152 1274 2328 1329; x_wconf 87' lang='lat' dir='ltr'><strong>divina</strong></span> <span class='ocrx_word' id='word_1_448' title='bbox 2372 1278 2581 1330; x_wconf 80' lang='lat' dir='ltr'><strong>oracola</strong></span> <span class='ocrx_word' id='word_1_449' title='bbox 2629 1278 2679 1330; x_wconf 91' lang='lat' dir='ltr'><strong>in</strong></span> <span class='ocrx_word' id='word_1_450' title='bbox 2725 1279 3102 1347; x_wconf 87' lang='lat' dir='ltr'><strong>prephetarum</strong></span> <span class='ocrx_word' id='word_1_451' title='bbox 3160 1280 3325 1348; x_wconf 87' lang='lat' dir='ltr'><strong>libris,</strong></span> <span class='ocrx_word' id='word_1_452' title='bbox 3359 1283 3483 1335; x_wconf 83' lang='lat' dir='ltr'><strong>dra-</strong></span> 
     </span>
    </p>
   </div>
   <div class='ocr_carea' id='block_1_69' title="bbox 1915 1366 3482 1440">
    <p class='ocr_par' dir='ltr' id='par_1_69' title="bbox 1915 1366 3482 1440">
     <span class='ocr_line' id='line_1_69' title="bbox 1915 1366 3482 1440; baseline 0.006 -23"><span class='ocrx_word' id='word_1_453' title='bbox 1915 1379 2102 1419; x_wconf 91' lang='lat' dir='ltr'><strong>conem</strong></span> <span class='ocrx_word' id='word_1_454' title='bbox 2155 1366 2303 1419; x_wconf 94' lang='lat' dir='ltr'><strong>illum</strong></span> <span class='ocrx_word' id='word_1_455' title='bbox 2346 1377 2401 1421; x_wconf 91' lang='lat' dir='ltr'><strong>et</strong></span> <span class='ocrx_word' id='word_1_456' title='bbox 2454 1369 2727 1422; x_wconf 89' lang='lat' dir='ltr'><strong>sinuosum</strong></span> <span class='ocrx_word' id='word_1_457' title='bbox 2784 1382 3084 1439; x_wconf 89' lang='lat' dir='ltr'><strong>serpentem</strong></span> <span class='ocrx_word' id='word_1_458' title='bbox 3130 1373 3482 1440; x_wconf 87' lang='lat' dir='ltr'><strong>appellarunt.</strong></span> 
     </span>
    </p>
   </div>
   <div class='ocr_carea' id='block_1_70' title="bbox 1913 1454 3485 1529">
    <p class='ocr_par' dir='ltr' id='par_1_70' title="bbox 1913 1454 3485 1529">
     <span class='ocr_line' id='line_1_70' title="bbox 1913 1454 3485 1529; baseline 0.006 -21"><span class='ocrx_word' id='word_1_459' title='bbox 1913 1454 2118 1511; x_wconf 91' lang='lat' dir='ltr'><strong>Idcirco</strong></span> <span class='ocrx_word' id='word_1_460' title='bbox 2150 1458 2438 1525; x_wconf 88' lang='lat' dir='ltr'><strong>imperator</strong></span> <span class='ocrx_word' id='word_1_461' title='bbox 2467 1460 2749 1515; x_wconf 89' lang='lat' dir='ltr'><strong>draconem</strong></span> <span class='ocrx_word' id='word_1_462' title='bbox 2788 1462 2905 1516; x_wconf 90' lang='lat' dir='ltr'><strong>telis</strong></span> <span class='ocrx_word' id='word_1_463' title='bbox 2936 1476 3027 1529; x_wconf 90' lang='lat' dir='ltr'><strong>per</strong></span> <span class='ocrx_word' id='word_1_464' title='bbox 3074 1463 3303 1518; x_wconf 88' lang='lat' dir='ltr'><strong>medium</strong></span> <span class='ocrx_word' id='word_1_465' title='bbox 3357 1479 3485 1518; x_wconf 79' lang='lat' dir='ltr'><strong>ven-</strong></span> 
     </span>
    </p>
   </div>
   <div class='ocr_carea' id='block_1_71' title="bbox 1916 1548 3486 1623">
    <p class='ocr_par' dir='ltr' id='par_1_71' title="bbox 1916 1548 3486 1623">
     <span class='ocr_line' id='line_1_71' title="bbox 1916 1548 3486 1623; baseline 0.006 -24"><span class='ocrx_word' id='word_1_466' title='bbox 1916 1555 2048 1600; x_wconf 89' lang='lat' dir='ltr'><strong>trem</strong></span> <span class='ocrx_word' id='word_1_467' title='bbox 2080 1548 2368 1611; x_wconf 87' lang='lat' dir='ltr'><strong>conﬁxum,</strong></span> <span class='ocrx_word' id='word_1_468' title='bbox 2400 1558 2452 1604; x_wconf 87' lang='lat' dir='ltr'><strong>et</strong></span> <span class='ocrx_word' id='word_1_469' title='bbox 2491 1552 2541 1603; x_wconf 93' lang='lat' dir='ltr'><strong>in</strong></span> <span class='ocrx_word' id='word_1_470' title='bbox 2587 1553 2874 1619; x_wconf 78' lang='lat' dir='ltr'><strong>profundos</strong></span> <span class='ocrx_word' id='word_1_471' title='bbox 2911 1554 3075 1607; x_wconf 89' lang='lat' dir='ltr'><strong>maris</strong></span> <span class='ocrx_word' id='word_1_472' title='bbox 3099 1555 3333 1623; x_wconf 83' lang='lat' dir='ltr'><strong>gurgites</strong></span> <span class='ocrx_word' id='word_1_473' title='bbox 3364 1568 3486 1621; x_wconf 86' lang='lat' dir='ltr'><strong>pro-</strong></span> 
     </span>
    </p>
   </div>
   <div class='ocr_carea' id='block_1_72' title="bbox 1908 1636 3483 1711">
    <p class='ocr_par' dir='ltr' id='par_1_72' title="bbox 1908 1636 3483 1711">
     <span class='ocr_line' id='line_1_72' title="bbox 1908 1636 3483 1711; baseline 0.004 -21"><span class='ocrx_word' id='word_1_474' title='bbox 1908 1636 2147 1704; x_wconf 86' lang='lat' dir='ltr'><strong>jectum.</strong></span> <span class='ocrx_word' id='word_1_475' title='bbox 2212 1640 2311 1693; x_wconf 86' lang='lat' dir='ltr'><strong>sub</strong></span> <span class='ocrx_word' id='word_1_476' title='bbox 2339 1641 2447 1694; x_wconf 90' lang='lat' dir='ltr'><strong>suis</strong></span> <span class='ocrx_word' id='word_1_477' title='bbox 2510 1656 2830 1710; x_wconf 87' lang='lat' dir='ltr'><strong>suorumque</strong></span> <span class='ocrx_word' id='word_1_478' title='bbox 2906 1642 3190 1696; x_wconf 89' lang='lat' dir='ltr'><strong>liberorum</strong></span> <span class='ocrx_word' id='word_1_479' title='bbox 3262 1643 3483 1711; x_wconf 86' lang='lat' dir='ltr'><strong>pedibus</strong></span> 
     </span>
    </p>
   </div>
   <div class='ocr_carea' id='block_1_73' title="bbox 1915 1728 3483 1800">
    <p class='ocr_par' dir='ltr' id='par_1_73' title="bbox 1915 1728 3483 1800">
     <span class='ocr_line' id='line_1_73' title="bbox 1915 1728 3483 1800; baseline 0.003 -20"><span class='ocrx_word' id='word_1_480' title='bbox 1915 1740 2035 1780; x_wconf 90' lang='lat' dir='ltr'><strong>cera</strong></span> <span class='ocrx_word' id='word_1_481' title='bbox 2083 1728 2200 1796; x_wconf 89' lang='lat' dir='ltr'><strong>igne</strong></span> <span class='ocrx_word' id='word_1_482' title='bbox 2240 1730 2469 1783; x_wconf 82' lang='lat' dir='ltr'><strong>resoluta</strong></span> <span class='ocrx_word' id='word_1_483' title='bbox 2497 1729 2703 1799; x_wconf 89' lang='lat' dir='ltr'><strong>depingi</strong></span> <span class='ocrx_word' id='word_1_484' title='bbox 2735 1733 3065 1800; x_wconf 86' lang='lat' dir='ltr'><strong>proponique</strong></span> <span class='ocrx_word' id='word_1_485' title='bbox 3097 1732 3342 1785; x_wconf 88' lang='lat' dir='ltr'><strong>omnibus</strong></span> <span class='ocrx_word' id='word_1_486' title='bbox 3384 1746 3483 1785; x_wconf 90' lang='lat' dir='ltr'><strong>vo-</strong></span> 
     </span>
    </p>
   </div>
   <div class='ocr_carea' id='block_1_74' title="bbox 1914 1816 3481 1893">
    <p class='ocr_par' dir='ltr' id='par_1_74' title="bbox 1914 1816 3481 1893">
     <span class='ocr_line' id='line_1_74' title="bbox 1914 1816 3481 1893; baseline 0.004 -23"><span class='ocrx_word' id='word_1_487' title='bbox 1914 1816 2046 1881; x_wconf 92' lang='lat' dir='ltr'><strong>luit;</strong></span> <span class='ocrx_word' id='word_1_488' title='bbox 2079 1820 2177 1873; x_wconf 86' lang='lat' dir='ltr'><strong>huc</strong></span> <span class='ocrx_word' id='word_1_489' title='bbox 2226 1820 2472 1875; x_wconf 79' lang='lat' dir='ltr'><strong>videlicet</strong></span> <span class='ocrx_word' id='word_1_490' title='bbox 2520 1822 2677 1875; x_wconf 90' lang='lat' dir='ltr'><strong>modo</strong></span> <span class='ocrx_word' id='word_1_491' title='bbox 2725 1823 3014 1893; x_wconf 89' lang='lat' dir='ltr'><strong>designans</strong></span> <span class='ocrx_word' id='word_1_492' title='bbox 3065 1824 3333 1878; x_wconf 91' lang='lat' dir='ltr'><strong>occultum</strong></span> <span class='ocrx_word' id='word_1_493' title='bbox 3384 1824 3481 1877; x_wconf 83' lang='lat' dir='ltr'><strong>ltu-</strong></span> 
     </span>
    </p>
   </div>
   <div class='ocr_carea' id='block_1_75' title="bbox 1916 1918 3483 1990">
    <p class='ocr_par' dir='ltr' id='par_1_75' title="bbox 1916 1918 3483 1990">
     <span class='ocr_line' id='line_1_75' title="bbox 1916 1918 3483 1990; baseline 0.002 -20"><span class='ocrx_word' id='word_1_494' title='bbox 1916 1918 2056 1970; x_wconf 90' lang='lat' dir='ltr'><strong>mani</strong></span> <span class='ocrx_word' id='word_1_495' title='bbox 2104 1918 2314 1987; x_wconf 87' lang='lat' dir='ltr'><strong>generis</strong></span> <span class='ocrx_word' id='word_1_496' title='bbox 2367 1918 2606 1985; x_wconf 83' lang='lat' dir='ltr'><strong>hostem,</strong></span> <span class='ocrx_word' id='word_1_497' title='bbox 2646 1935 2801 1990; x_wconf 90' lang='lat' dir='ltr'><strong>quem</strong></span> <span class='ocrx_word' id='word_1_498' title='bbox 2846 1922 3097 1974; x_wconf 87' lang='lat' dir='ltr'><strong>salntaris</strong></span> <span class='ocrx_word' id='word_1_499' title='bbox 3129 1922 3269 1975; x_wconf 91' lang='lat' dir='ltr'><strong>illius</strong></span> <span class='ocrx_word' id='word_1_500' title='bbox 3301 1919 3483 1988; x_wconf 72' lang='lat' dir='ltr'><strong>trepzci</strong></span> 
     </span>
    </p>
   </div>
   <div class='ocr_carea' id='block_1_76' title="bbox 1914 2009 3483 2082">
    <p class='ocr_par' dir='ltr' id='par_1_76' title="bbox 1914 2009 3483 2082">
     <span class='ocr_line' id='line_1_76' title="bbox 1914 2009 3483 2082; baseline 0.003 -22"><span class='ocrx_word' id='word_1_501' title='bbox 1914 2009 2053 2076; x_wconf 91' lang='lat' dir='ltr'><strong>quod</strong></span> <span class='ocrx_word' id='word_1_502' title='bbox 2084 2011 2238 2078; x_wconf 91' lang='lat' dir='ltr'><strong>capiti</strong></span> <span class='ocrx_word' id='word_1_503' title='bbox 2282 2012 2446 2079; x_wconf 87' lang='lat' dir='ltr'><strong>ipsius</strong></span> <span class='ocrx_word' id='word_1_504' title='bbox 2477 2014 2868 2081; x_wconf 81' lang='lat' dir='ltr'><strong>superpositum</strong></span> <span class='ocrx_word' id='word_1_505' title='bbox 2900 2020 3035 2077; x_wconf 88' lang='lat' dir='ltr'><strong>erat,</strong></span> <span class='ocrx_word' id='word_1_506' title='bbox 3069 2014 3118 2067; x_wconf 88' lang='lat' dir='ltr'><strong>vi</strong></span> <span class='ocrx_word' id='word_1_507' title='bbox 3157 2028 3218 2067; x_wconf 91' lang='lat' dir='ltr'><strong>ac</strong></span> <span class='ocrx_word' id='word_1_508' title='bbox 3252 2014 3483 2082; x_wconf 87' lang='lat' dir='ltr'><strong>potentia</strong></span> 
     </span>
    </p>
   </div>
   <div class='ocr_carea' id='block_1_77' title="bbox 1914 2094 3484 2173">
    <p class='ocr_par' dir='ltr' id='par_1_77' title="bbox 1914 2094 3484 2173">
     <span class='ocr_line' id='line_1_77' title="bbox 1914 2094 3484 2173; baseline 0.003 -21"><span class='ocrx_word' id='word_1_509' title='bbox 1914 2100 1965 2152; x_wconf 92' lang='lat' dir='ltr'><strong>in</strong></span> <span class='ocrx_word' id='word_1_510' title='bbox 1999 2101 2143 2154; x_wconf 82' lang='lat' dir='ltr'><strong>exitii</strong></span> <span class='ocrx_word' id='word_1_511' title='bbox 2170 2094 2490 2155; x_wconf 77' lang='lat' dir='ltr'><strong>barathrum</strong></span> <span class='ocrx_word' id='word_1_512' title='bbox 2526 2102 2800 2158; x_wconf 89' lang='lat' dir='ltr'><strong>detrusum</strong></span> <span class='ocrx_word' id='word_1_513' title='bbox 2846 2119 2963 2158; x_wconf 87' lang='lat' dir='ltr'><strong>esse</strong></span> <span class='ocrx_word' id='word_1_514' title='bbox 2993 2104 3344 2173; x_wconf 86' lang='lat' dir='ltr'><strong>signiﬁcabat.</strong></span> <span class='ocrx_word' id='word_1_515' title='bbox 3390 2104 3484 2157; x_wconf 84' lang='lat' dir='ltr'><strong>At-</strong></span> 
     </span>
    </p>
   </div>
   <div class='ocr_carea' id='block_1_78' title="bbox 1913 2192 3484 2262">
    <p class='ocr_par' dir='ltr' id='par_1_78' title="bbox 1913 2192 3484 2262">
     <span class='ocr_line' id='line_1_78' title="bbox 1913 2192 3484 2262; baseline 0.002 -19"><span class='ocrx_word' id='word_1_516' title='bbox 1913 2206 2016 2260; x_wconf 91' lang='lat' dir='ltr'><strong>que</strong></span> <span class='ocrx_word' id='word_1_517' title='bbox 2069 2192 2168 2245; x_wconf 85' lang='lat' dir='ltr'><strong>ltoc</strong></span> <span class='ocrx_word' id='word_1_518' title='bbox 2197 2192 2408 2260; x_wconf 88' lang='lat' dir='ltr'><strong>quidem</strong></span> <span class='ocrx_word' id='word_1_519' title='bbox 2443 2194 2612 2262; x_wconf 85' lang='lat' dir='ltr'><strong>imago</strong></span> <span class='ocrx_word' id='word_1_520' title='bbox 2641 2195 2799 2247; x_wconf 89' lang='lat' dir='ltr'><strong>variis</strong></span> <span class='ocrx_word' id='word_1_521' title='bbox 2845 2194 3112 2248; x_wconf 90' lang='lat' dir='ltr'><strong>coloribus</strong></span> <span class='ocrx_word' id='word_1_522' title='bbox 3155 2194 3360 2262; x_wconf 90' lang='lat' dir='ltr'><strong>depicta</strong></span> <span class='ocrx_word' id='word_1_523' title='bbox 3405 2205 3484 2248; x_wconf 87' lang='lat' dir='ltr'><strong>ta-</strong></span> 
     </span>
    </p>
   </div>
   <div class='ocr_carea' id='block_1_79' title="bbox 1912 2282 3483 2353">
    <p class='ocr_par' dir='ltr' id='par_1_79' title="bbox 1912 2282 3483 2353">
     <span class='ocr_line' id='line_1_79' title="bbox 1912 2282 3483 2353; baseline 0.001 -18"><span class='ocrx_word' id='word_1_524' title='bbox 1912 2284 2015 2335; x_wconf 90' lang='lat' dir='ltr'><strong>cite</strong></span> <span class='ocrx_word' id='word_1_525' title='bbox 2048 2282 2331 2336; x_wconf 82' lang='lat' dir='ltr'><strong>iudicabat.</strong></span> <span class='ocrx_word' id='word_1_526' title='bbox 2366 2285 2491 2338; x_wconf 85' lang='lat' dir='ltr'><strong>Mihi</strong></span> <span class='ocrx_word' id='word_1_527' title='bbox 2519 2300 2645 2338; x_wconf 85' lang='lat' dir='ltr'><strong>vero</strong></span> <span class='ocrx_word' id='word_1_528' title='bbox 2677 2285 2923 2338; x_wconf 82' lang='lat' dir='ltr'><strong>eximiam</strong></span> <span class='ocrx_word' id='word_1_529' title='bbox 2954 2286 3290 2353; x_wconf 88' lang='lat' dir='ltr'><strong>imperatoris</strong></span> <span class='ocrx_word' id='word_1_530' title='bbox 3327 2285 3483 2339; x_wconf 89' lang='lat' dir='ltr'><strong>intel-</strong></span> 
     </span>
    </p>
   </div>
   <div class='ocr_carea' id='block_1_80' title="bbox 1913 2374 3484 2447">
    <p class='ocr_par' dir='ltr' id='par_1_80' title="bbox 1913 2374 3484 2447">
     <span class='ocr_line' id='line_1_80' title="bbox 1913 2374 3484 2447; baseline 0.002 -19"><span class='ocrx_word' id='word_1_531' title='bbox 1913 2374 2179 2445; x_wconf 90' lang='lat' dir='ltr'><strong>ligentiam</strong></span> <span class='ocrx_word' id='word_1_532' title='bbox 2230 2377 2409 2430; x_wconf 89' lang='lat' dir='ltr'><strong>mirari</strong></span> <span class='ocrx_word' id='word_1_533' title='bbox 2455 2377 2613 2441; x_wconf 86' lang='lat' dir='ltr'><strong>subit,</strong></span> <span class='ocrx_word' id='word_1_534' title='bbox 2670 2378 2758 2447; x_wconf 87' lang='lat' dir='ltr'><strong>qtti</strong></span> <span class='ocrx_word' id='word_1_535' title='bbox 2793 2377 2978 2431; x_wconf 88' lang='lat' dir='ltr'><strong>divino</strong></span> <span class='ocrx_word' id='word_1_536' title='bbox 3024 2378 3250 2445; x_wconf 88' lang='lat' dir='ltr'><strong>quodam</strong></span> <span class='ocrx_word' id='word_1_537' title='bbox 3304 2377 3484 2431; x_wconf 86' lang='lat' dir='ltr'><strong>afllatu</strong></span> 
     </span>
    </p>
   </div>
   <div class='ocr_carea' id='block_1_81' title="bbox 1914 2468 3480 2538">
    <p class='ocr_par' dir='ltr' id='par_1_81' title="bbox 1914 2468 3480 2538">
     <span class='ocr_line' id='line_1_81' title="bbox 1914 2468 3480 2538; baseline -0.001 -17"><span class='ocrx_word' id='word_1_538' title='bbox 1914 2468 2191 2537; x_wconf 91' lang='lat' dir='ltr'><strong>impulsus,</strong></span> <span class='ocrx_word' id='word_1_539' title='bbox 2225 2482 2284 2522; x_wconf 91' lang='lat' dir='ltr'><strong>ea</strong></span> <span class='ocrx_word' id='word_1_540' title='bbox 2317 2468 2582 2538; x_wconf 91' lang='lat' dir='ltr'><strong>pingendo</strong></span> <span class='ocrx_word' id='word_1_541' title='bbox 2629 2470 2910 2536; x_wconf 85' lang='lat' dir='ltr'><strong>expressit,</strong></span> <span class='ocrx_word' id='word_1_542' title='bbox 2944 2485 3061 2538; x_wconf 77' lang='lat' dir='ltr'><strong>qua:</strong></span> <span class='ocrx_word' id='word_1_543' title='bbox 3104 2468 3480 2538; x_wconf 84' lang='lat' dir='ltr'><strong>prephetarmn</strong></span> 
     </span>
    </p>
   </div>
   <div class='ocr_carea' id='block_1_82' title="bbox 1916 2558 3475 2628">
    <p class='ocr_par' dir='ltr' id='par_1_82' title="bbox 1916 2558 3475 2628">
     <span class='ocr_line' id='line_1_82' title="bbox 1916 2558 3475 2628; baseline 0.001 -17"><span class='ocrx_word' id='word_1_544' title='bbox 1916 2560 2135 2613; x_wconf 87' lang='lat' dir='ltr'><strong>vocibus</strong></span> <span class='ocrx_word' id='word_1_545' title='bbox 2162 2559 2227 2613; x_wconf 88' lang='lat' dir='ltr'><strong>de</strong></span> <span class='ocrx_word' id='word_1_546' title='bbox 2258 2558 2428 2614; x_wconf 84' lang='lat' dir='ltr'><strong>bestia</strong></span> <span class='ocrx_word' id='word_1_547' title='bbox 2457 2559 2543 2613; x_wconf 88' lang='lat' dir='ltr'><strong>illa</strong></span> <span class='ocrx_word' id='word_1_548' title='bbox 2583 2560 2748 2613; x_wconf 88' lang='lat' dir='ltr'><strong>multo</strong></span> <span class='ocrx_word' id='word_1_549' title='bbox 2778 2570 2901 2614; x_wconf 90' lang='lat' dir='ltr'><strong>ante</strong></span> <span class='ocrx_word' id='word_1_550' title='bbox 2931 2559 3181 2628; x_wconf 69' lang='lat' dir='ltr'><strong>prtedicta</strong></span> <span class='ocrx_word' id='word_1_551' title='bbox 3224 2561 3431 2612; x_wconf 82' lang='lat' dir='ltr'><strong>fuerant</strong></span> <span class='ocrx_word' id='word_1_552' title='bbox 3461 2574 3475 2612; x_wconf 91' lang='lat'><strong>:</strong></span> 
     </span>
    </p>
   </div>
   <div class='ocr_carea' id='block_1_83' title="bbox 1916 2651 3479 2723">
    <p class='ocr_par' dir='ltr' id='par_1_83' title="bbox 1916 2651 3479 2723">
     <span class='ocr_line' id='line_1_83' title="bbox 1916 2651 3479 2723; baseline -0.001 -18"><span class='ocrx_word' id='word_1_553' title='bbox 1916 2652 2079 2705; x_wconf 90' lang='lat' dir='ltr'><strong>Deum</strong></span> <span class='ocrx_word' id='word_1_554' title='bbox 2140 2651 2343 2706; x_wconf 89' lang='lat' dir='ltr'><strong>scilicet</strong></span> <span class='ocrx_word' id='word_1_555' title='bbox 2395 2652 2710 2706; x_wconf 67' lang='lat' dir='ltr'><strong>machaeram</strong></span> <span class='ocrx_word' id='word_1_556' title='bbox 2767 2654 3031 2723; x_wconf 87' lang='lat' dir='ltr'><strong>ingentem</strong></span> <span class='ocrx_word' id='word_1_557' title='bbox 3096 2665 3147 2705; x_wconf 90' lang='lat' dir='ltr'><strong>ct</strong></span> <span class='ocrx_word' id='word_1_558' title='bbox 3192 2652 3479 2706; x_wconf 87' lang='lat' dir='ltr'><strong>terribilem</strong></span> 
     </span>
    </p>
   </div>
   <div class='ocr_carea' id='block_1_84' title="bbox 1912 2743 3484 2814">
    <p class='ocr_par' dir='ltr' id='par_1_84' title="bbox 1912 2743 3484 2814">
     <span class='ocr_line' id='line_1_84' title="bbox 1912 2743 3484 2814; baseline 0.001 -18"><span class='ocrx_word' id='word_1_559' title='bbox 1912 2743 2223 2798; x_wconf 88' lang='lat' dir='ltr'><strong>adacturum</strong></span> <span class='ocrx_word' id='word_1_560' title='bbox 2269 2758 2389 2799; x_wconf 59' lang='lat' dir='ltr'><strong>esse</strong></span> <span class='ocrx_word' id='word_1_561' title='bbox 2420 2746 2470 2799; x_wconf 94' lang='lat' dir='ltr'><strong>in</strong></span> <span class='ocrx_word' id='word_1_562' title='bbox 2504 2744 2787 2799; x_wconf 88' lang='lat' dir='ltr'><strong>draconem</strong></span> <span class='ocrx_word' id='word_1_563' title='bbox 2836 2757 3243 2814; x_wconf 89' lang='lat' dir='ltr'><strong>serpentemque</strong></span> <span class='ocrx_word' id='word_1_564' title='bbox 3281 2744 3484 2814; x_wconf 88' lang='lat' dir='ltr'><strong>fugien—</strong></span> 
     </span>
    </p>
   </div>
   <div class='ocr_carea' id='block_1_85' title="bbox 1915 2835 3476 2905">
    <p class='ocr_par' dir='ltr' id='par_1_85' title="bbox 1915 2835 3476 2905">
     <span class='ocr_line' id='line_1_85' title="bbox 1915 2835 3476 2905; baseline 0 -17"><span class='ocrx_word' id='word_1_565' title='bbox 1915 2845 2041 2898; x_wconf 90' lang='lat' dir='ltr'><strong>tem,</strong></span> <span class='ocrx_word' id='word_1_566' title='bbox 2072 2844 2125 2889; x_wconf 93' lang='lat' dir='ltr'><strong>et</strong></span> <span class='ocrx_word' id='word_1_567' title='bbox 2167 2836 2467 2889; x_wconf 84' lang='lat' dir='ltr'><strong>occisurum</strong></span> <span class='ocrx_word' id='word_1_568' title='bbox 2514 2848 2633 2890; x_wconf 88' lang='lat' dir='ltr'><strong>esse</strong></span> <span class='ocrx_word' id='word_1_569' title='bbox 2659 2836 2941 2890; x_wconf 89' lang='lat' dir='ltr'><strong>draconem</strong></span> <span class='ocrx_word' id='word_1_570' title='bbox 2987 2836 3078 2905; x_wconf 90' lang='lat' dir='ltr'><strong>qui</strong></span> <span class='ocrx_word' id='word_1_571' title='bbox 3124 2846 3203 2888; x_wconf 89' lang='lat' dir='ltr'><strong>est</strong></span> <span class='ocrx_word' id='word_1_572' title='bbox 3232 2835 3283 2888; x_wconf 92' lang='lat' dir='ltr'><strong>in</strong></span> <span class='ocrx_word' id='word_1_573' title='bbox 3324 2836 3476 2889; x_wconf 92' lang='lat' dir='ltr'><strong>mari.</strong></span> 
     </span>
    </p>
   </div>
   <div class='ocr_carea' id='block_1_86' title="bbox 1915 2926 3481 2996">
    <p class='ocr_par' dir='ltr' id='par_1_86' title="bbox 1915 2926 3481 2996">
     <span class='ocr_line' id='line_1_86' title="bbox 1915 2926 3481 2996; baseline 0 -16"><span class='ocrx_word' id='word_1_574' title='bbox 1915 2927 2111 2980; x_wconf 87' lang='lat' dir='ltr'><strong>llornm</strong></span> <span class='ocrx_word' id='word_1_575' title='bbox 2163 2926 2322 2996; x_wconf 88' lang='lat' dir='ltr'><strong>igitur</strong></span> <span class='ocrx_word' id='word_1_576' title='bbox 2375 2927 2592 2996; x_wconf 88' lang='lat' dir='ltr'><strong>ﬁguram</strong></span> <span class='ocrx_word' id='word_1_577' title='bbox 2662 2929 2928 2996; x_wconf 71' lang='lat' dir='ltr'><strong>exliressit</strong></span> <span class='ocrx_word' id='word_1_578' title='bbox 2980 2928 3267 2995; x_wconf 88' lang='lat' dir='ltr'><strong>imperator</strong></span> <span class='ocrx_word' id='word_1_579' title='bbox 3300 2969 3313 2993; x_wconf 91' lang='lat'><strong>,</strong></span> <span class='ocrx_word' id='word_1_580' title='bbox 3370 2942 3481 2980; x_wconf 89' lang='lat' dir='ltr'><strong>rem</strong></span> 
     </span>
    </p>
   </div>
   <div class='ocr_carea' id='block_1_87' title="bbox 1912 3018 2840 3087">
    <p class='ocr_par' dir='ltr' id='par_1_87' title="bbox 1912 3018 2840 3087">
     <span class='ocr_line' id='line_1_87' title="bbox 1912 3018 2840 3087; baseline 0.002 -18"><span class='ocrx_word' id='word_1_581' title='bbox 1912 3018 2079 3086; x_wconf 89' lang='lat' dir='ltr'><strong>ipsam</strong></span> <span class='ocrx_word' id='word_1_582' title='bbox 2112 3018 2312 3086; x_wconf 89' lang='lat' dir='ltr'><strong>pictura</strong></span> <span class='ocrx_word' id='word_1_583' title='bbox 2343 3031 2558 3087; x_wconf 87' lang='lat' dir='ltr'><strong>prorsus</strong></span> <span class='ocrx_word' id='word_1_584' title='bbox 2588 3018 2840 3071; x_wconf 91' lang='lat' dir='ltr'><strong>imitatus.</strong></span> 
     </span>
    </p>
   </div>
   <div class='ocr_carea' id='block_1_88' title="bbox 2516 3153 2867 3207">
    <p class='ocr_par' dir='ltr' id='par_1_88' title="bbox 2516 3153 2867 3207">
     <span class='ocr_line' id='line_1_88' title="bbox 2516 3153 2867 3207; baseline 0 0"><span class='ocrx_word' id='word_1_585' title='bbox 2516 3153 2741 3207; x_wconf 70' lang='lat' dir='ltr'><strong>CAPUT</strong></span> <span class='ocrx_word' id='word_1_586' title='bbox 2779 3153 2867 3207; x_wconf 87' lang='lat' dir='ltr'><strong>IV.</strong></span> 
     </span>
    </p>
   </div>
   <div class='ocr_carea' id='block_1_89' title="bbox 1917 3258 3479 3332">
    <p class='ocr_par' dir='ltr' id='par_1_89' title="bbox 1917 3258 3479 3332">
     <span class='ocr_line' id='line_1_89' title="bbox 1917 3258 3479 3332; baseline -0.005 -15"><span class='ocrx_word' id='word_1_587' title='bbox 1917 3264 2114 3318; x_wconf 80' lang='lat' dir='ltr'><strong>Rursus</strong></span> <span class='ocrx_word' id='word_1_588' title='bbox 2154 3263 2215 3315; x_wconf 89' lang='lat' dir='ltr'><strong>de</strong></span> <span class='ocrx_word' id='word_1_589' title='bbox 2255 3264 2609 3317; x_wconf 77' lang='lat' dir='ltr'><strong>controversiis</strong></span> <span class='ocrx_word' id='word_1_590' title='bbox 2638 3264 2691 3316; x_wconf 85' lang='lat' dir='ltr'><strong>in</strong></span> <span class='ocrx_word' id='word_1_591' title='bbox 2721 3261 2951 3332; x_wconf 64' lang='lat' dir='ltr'><strong>ngypto</strong></span> <span class='ocrx_word' id='word_1_592' title='bbox 2990 3260 3218 3314; x_wconf 66' lang='lat' dir='ltr'><strong>excitatis</strong></span> <span class='ocrx_word' id='word_1_593' title='bbox 3247 3259 3309 3311; x_wconf 86' lang='lat' dir='ltr'><strong>ab</strong></span> <span class='ocrx_word' id='word_1_594' title='bbox 3336 3258 3479 3311; x_wconf 85' lang='lat' dir='ltr'><strong>Aria.</strong></span> 
     </span>
    </p>
   </div>
   <div class='ocr_carea' id='block_1_90' title="bbox 1984 3369 3484 3443">
    <p class='ocr_par' dir='ltr' id='par_1_90' title="bbox 1984 3369 3484 3443">
     <span class='ocr_line' id='line_1_90' title="bbox 1984 3369 3484 3443; baseline -0.003 -15"><span class='ocrx_word' id='word_1_595' title='bbox 1984 3374 2051 3428; x_wconf 84' lang='lat' dir='ltr'><strong>Et</strong></span> <span class='ocrx_word' id='word_1_596' title='bbox 2091 3374 2203 3428; x_wconf 66' lang='lat' dir='ltr'><strong>haec</strong></span> <span class='ocrx_word' id='word_1_597' title='bbox 2231 3374 2445 3443; x_wconf 82' lang='lat' dir='ltr'><strong>quidem</strong></span> <span class='ocrx_word' id='word_1_598' title='bbox 2488 3374 2574 3427; x_wconf 91' lang='lat' dir='ltr'><strong>ille</strong></span> <span class='ocrx_word' id='word_1_599' title='bbox 2605 3374 2783 3427; x_wconf 91' lang='lat' dir='ltr'><strong>libenti</strong></span> <span class='ocrx_word' id='word_1_600' title='bbox 2815 3372 2993 3425; x_wconf 92' lang='lat' dir='ltr'><strong>animo</strong></span> <span class='ocrx_word' id='word_1_601' title='bbox 3026 3370 3345 3440; x_wconf 86' lang='lat' dir='ltr'><strong>perﬁciebat.</strong></span> <span class='ocrx_word' id='word_1_602' title='bbox 3381 3369 3484 3424; x_wconf 80' lang='lat' dir='ltr'><strong>Ve-</strong></span> 
     </span>
    </p>
   </div>
   <div class='ocr_carea' id='block_1_91' title="bbox 1913 3459 3482 3535">
    <p class='ocr_par' dir='ltr' id='par_1_91' title="bbox 1913 3459 3482 3535">
     <span class='ocr_line' id='line_1_91' title="bbox 1913 3459 3482 3535; baseline -0.005 -14"><span class='ocrx_word' id='word_1_603' title='bbox 1913 3483 2028 3521; x_wconf 92' lang='lat' dir='ltr'><strong>rum</strong></span> <span class='ocrx_word' id='word_1_604' title='bbox 2054 3467 2187 3521; x_wconf 92' lang='lat' dir='ltr'><strong>livor</strong></span> <span class='ocrx_word' id='word_1_605' title='bbox 2209 3466 2418 3519; x_wconf 69' lang='lat' dir='ltr'><strong>invidize</strong></span> <span class='ocrx_word' id='word_1_606' title='bbox 2439 3466 2526 3535; x_wconf 93' lang='lat' dir='ltr'><strong>qui</strong></span> <span class='ocrx_word' id='word_1_607' title='bbox 2550 3465 2800 3518; x_wconf 88' lang='lat' dir='ltr'><strong>ecclesias</strong></span> <span class='ocrx_word' id='word_1_608' title='bbox 2822 3464 2913 3517; x_wconf 88' lang='lat' dir='ltr'><strong>Dci</strong></span> <span class='ocrx_word' id='word_1_609' title='bbox 2940 3463 2989 3515; x_wconf 92' lang='lat' dir='ltr'><strong>in</strong></span> <span class='ocrx_word' id='word_1_610' title='bbox 3015 3463 3142 3515; x_wconf 87' lang='lat' dir='ltr'><strong>urbe</strong></span> <span class='ocrx_word' id='word_1_611' title='bbox 3163 3459 3482 3515; x_wconf 82' lang='lat' dir='ltr'><strong>Alexandria</strong></span> 
     </span>
    </p>
   </div>
   <div class='ocr_carea' id='block_1_92' title="bbox 1916 3551 3480 3623">
    <p class='ocr_par' dir='ltr' id='par_1_92' title="bbox 1916 3551 3480 3623">
     <span class='ocr_line' id='line_1_92' title="bbox 1916 3551 3480 3623; baseline -0.006 -11"><span class='ocrx_word' id='word_1_612' title='bbox 1916 3557 2195 3612; x_wconf 89' lang='lat' dir='ltr'><strong>etiamtum</strong></span> <span class='ocrx_word' id='word_1_613' title='bbox 2234 3557 2599 3621; x_wconf 82' lang='lat' dir='ltr'><strong>conturbabat,</strong></span> <span class='ocrx_word' id='word_1_614' title='bbox 2630 3566 2680 3609; x_wconf 90' lang='lat' dir='ltr'><strong>et</strong></span> <span class='ocrx_word' id='word_1_615' title='bbox 2710 3554 3057 3608; x_wconf 68' lang='lat' dir='ltr'><strong>Thebazornm</strong></span> <span class='ocrx_word' id='word_1_616' title='bbox 3089 3565 3247 3621; x_wconf 86' lang='lat' dir='ltr'><strong>atque</strong></span> <span class='ocrx_word' id='word_1_617' title='bbox 3276 3551 3480 3623; x_wconf 67' lang='lat' dir='ltr'><strong>Egyp-</strong></span> 
     </span>
    </p>
   </div>
   <div class='ocr_carea' id='block_1_93' title="bbox 1916 3645 3482 3717">
    <p class='ocr_par' dir='ltr' id='par_1_93' title="bbox 1916 3645 3482 3717">
     <span class='ocr_line' id='line_1_93' title="bbox 1916 3645 3482 3717; baseline -0.005 -13"><span class='ocrx_word' id='word_1_618' title='bbox 1916 3650 2106 3703; x_wconf 91' lang='lat' dir='ltr'><strong>tiorum</strong></span> <span class='ocrx_word' id='word_1_619' title='bbox 2158 3648 2411 3717; x_wconf 88' lang='lat' dir='ltr'><strong>pestilens</strong></span> <span class='ocrx_word' id='word_1_620' title='bbox 2445 3648 2693 3709; x_wconf 88' lang='lat' dir='ltr'><strong>schisma,</strong></span> <span class='ocrx_word' id='word_1_621' title='bbox 2743 3662 2845 3699; x_wconf 93' lang='lat' dir='ltr'><strong>non</strong></span> <span class='ocrx_word' id='word_1_622' title='bbox 2884 3645 3223 3699; x_wconf 89' lang='lat' dir='ltr'><strong>mediocriter</strong></span> <span class='ocrx_word' id='word_1_623' title='bbox 3248 3645 3482 3696; x_wconf 86' lang='lat' dir='ltr'><strong>animum</strong></span> 
     </span>
    </p>
   </div>
   <div class='ocr_carea' id='block_1_94' title="bbox 1917 3735 3483 3810">
    <p class='ocr_par' dir='ltr' id='par_1_94' title="bbox 1917 3735 3483 3810">
     <span class='ocr_line' id='line_1_94' title="bbox 1917 3735 3483 3810; baseline -0.004 -14"><span class='ocrx_word' id='word_1_624' title='bbox 1917 3743 2084 3809; x_wconf 83' lang='lat' dir='ltr'><strong>ipsius</strong></span> <span class='ocrx_word' id='word_1_625' title='bbox 2132 3741 2415 3810; x_wconf 89' lang='lat' dir='ltr'><strong>angebant.</strong></span> <span class='ocrx_word' id='word_1_626' title='bbox 2468 3740 2673 3807; x_wconf 82' lang='lat' dir='ltr'><strong>Quippe</strong></span> <span class='ocrx_word' id='word_1_627' title='bbox 2724 3754 2841 3792; x_wconf 87' lang='lat' dir='ltr'><strong>cum</strong></span> <span class='ocrx_word' id='word_1_628' title='bbox 2895 3752 2989 3806; x_wconf 87' lang='lat' dir='ltr'><strong>per</strong></span> <span class='ocrx_word' id='word_1_629' title='bbox 3043 3735 3277 3806; x_wconf 80' lang='lat' dir='ltr'><strong>singulas</strong></span> <span class='ocrx_word' id='word_1_630' title='bbox 3323 3736 3483 3791; x_wconf 89' lang='lat' dir='ltr'><strong>urbes</strong></span> 
     </span>
    </p>
   </div>
   <div class='ocr_carea' id='block_1_95' title="bbox 1916 3831 3486 3905">
    <p class='ocr_par' dir='ltr' id='par_1_95' title="bbox 1916 3831 3486 3905">
     <span class='ocr_line' id='line_1_95' title="bbox 1916 3831 3486 3905; baseline -0.006 -15"><span class='ocrx_word' id='word_1_631' title='bbox 1916 3836 2149 3905; x_wconf 89' lang='lat' dir='ltr'><strong>episcopi</strong></span> <span class='ocrx_word' id='word_1_632' title='bbox 2192 3834 2446 3887; x_wconf 87' lang='lat' dir='ltr'><strong>adversus</strong></span> <span class='ocrx_word' id='word_1_633' title='bbox 2487 3832 2761 3900; x_wconf 85' lang='lat' dir='ltr'><strong>episcopos</strong></span> <span class='ocrx_word' id='word_1_634' title='bbox 2806 3831 3268 3894; x_wconf 84' lang='lat' dir='ltr'><strong>conﬂictarentur,</strong></span> <span class='ocrx_word' id='word_1_635' title='bbox 3310 3838 3361 3882; x_wconf 93' lang='lat' dir='ltr'><strong>et</strong></span> <span class='ocrx_word' id='word_1_636' title='bbox 3392 3842 3486 3897; x_wconf 90' lang='lat' dir='ltr'><strong>po-</strong></span> 
     </span>
    </p>
   </div>
   <div class='ocr_carea' id='block_1_96' title="bbox 1920 3917 3485 3994">
    <p class='ocr_par' dir='ltr' id='par_1_96' title="bbox 1920 3917 3485 3994">
     <span class='ocr_line' id='line_1_96' title="bbox 1920 3917 3485 3994; baseline -0.004 -17"><span class='ocrx_word' id='word_1_637' title='bbox 1920 3924 2026 3994; x_wconf 88' lang='lat' dir='ltr'><strong>puli</strong></span> <span class='ocrx_word' id='word_1_638' title='bbox 2071 3924 2327 3977; x_wconf 84' lang='lat' dir='ltr'><strong>adversus</strong></span> <span class='ocrx_word' id='word_1_639' title='bbox 2382 3922 2606 3991; x_wconf 89' lang='lat' dir='ltr'><strong>populos</strong></span> <span class='ocrx_word' id='word_1_640' title='bbox 2645 3923 3016 3988; x_wconf 89' lang='lat' dir='ltr'><strong>insurgerent,</strong></span> <span class='ocrx_word' id='word_1_641' title='bbox 3076 3934 3137 3972; x_wconf 92' lang='lat' dir='ltr'><strong>ac</strong></span> <span class='ocrx_word' id='word_1_642' title='bbox 3190 3917 3387 3972; x_wconf 85' lang='lat' dir='ltr'><strong>mutuis</strong></span> <span class='ocrx_word' id='word_1_643' title='bbox 3427 3930 3485 3971; x_wconf 90' lang='lat' dir='ltr'><strong>se</strong></span> 
     </span>
    </p>
   </div>
   <div class='ocr_carea' id='block_1_97' title="bbox 1920 4013 3482 4087">
    <p class='ocr_par' dir='ltr' id='par_1_97' title="bbox 1920 4013 3482 4087">
     <span class='ocr_line' id='line_1_97' title="bbox 1920 4013 3482 4087; baseline -0.004 -16"><span class='ocrx_word' id='word_1_644' title='bbox 1920 4018 2228 4073; x_wconf 90' lang='lat' dir='ltr'><strong>vulneribus</strong></span> <span class='ocrx_word' id='word_1_645' title='bbox 2268 4018 2434 4071; x_wconf 89' lang='lat' dir='ltr'><strong>instar</strong></span> <span class='ocrx_word' id='word_1_646' title='bbox 2473 4015 2882 4087; x_wconf 83' lang='lat' dir='ltr'><strong>Symplegadum</strong></span> <span class='ocrx_word' id='word_1_647' title='bbox 2912 4014 3078 4068; x_wconf 88' lang='lat' dir='ltr'><strong>collisi</strong></span> <span class='ocrx_word' id='word_1_648' title='bbox 3121 4013 3482 4068; x_wconf 88' lang='lat' dir='ltr'><strong>conciderent.</strong></span> 
     </span>
    </p>
   </div>
   <div class='ocr_carea' id='block_1_98' title="bbox 1922 4103 3485 4173">
    <p class='ocr_par' dir='ltr' id='par_1_98' title="bbox 1922 4103 3485 4173">
     <span class='ocr_line' id='line_1_98' title="bbox 1922 4103 3485 4173; baseline -0.003 -12"><span class='ocrx_word' id='word_1_649' title='bbox 1922 4108 2070 4161; x_wconf 79' lang='lat' dir='ltr'><strong>Adeo</strong></span> <span class='ocrx_word' id='word_1_650' title='bbox 2101 4118 2155 4161; x_wconf 94' lang='lat' dir='ltr'><strong>ut</strong></span> <span class='ocrx_word' id='word_1_651' title='bbox 2185 4107 2366 4162; x_wconf 90' lang='lat' dir='ltr'><strong>furore</strong></span> <span class='ocrx_word' id='word_1_652' title='bbox 2407 4106 2617 4159; x_wconf 91' lang='lat' dir='ltr'><strong>tandem</strong></span> <span class='ocrx_word' id='word_1_653' title='bbox 2662 4120 2725 4158; x_wconf 90' lang='lat' dir='ltr'><strong>ac</strong></span> <span class='ocrx_word' id='word_1_654' title='bbox 2762 4104 3129 4173; x_wconf 87' lang='lat' dir='ltr'><strong>desperatione</strong></span> <span class='ocrx_word' id='word_1_655' title='bbox 3158 4103 3257 4157; x_wconf 89' lang='lat' dir='ltr'><strong>acti</strong></span> <span class='ocrx_word' id='word_1_656' title='bbox 3281 4144 3293 4166; x_wconf 88' lang='lat'><strong>,</strong></span> <span class='ocrx_word' id='word_1_657' title='bbox 3325 4103 3485 4172; x_wconf 87' lang='lat' dir='ltr'><strong>impia</strong></span> 
     </span>
    </p>
   </div>
   <div class='ocr_carea' id='block_1_99' title="bbox 1920 4194 3486 4270">
    <p class='ocr_par' dir='ltr' id='par_1_99' title="bbox 1920 4194 3486 4270">
     <span class='ocr_line' id='line_1_99' title="bbox 1920 4194 3486 4270; baseline -0.003 -16"><span class='ocrx_word' id='word_1_658' title='bbox 1920 4201 2161 4270; x_wconf 59' lang='lat' dir='ltr'><strong>quaedam</strong></span> <span class='ocrx_word' id='word_1_659' title='bbox 2204 4200 2517 4263; x_wconf 88' lang='lat' dir='ltr'><strong>admittere,</strong></span> <span class='ocrx_word' id='word_1_660' title='bbox 2560 4198 2806 4267; x_wconf 87' lang='lat' dir='ltr'><strong>ipsasque</strong></span> <span class='ocrx_word' id='word_1_661' title='bbox 2850 4194 3183 4265; x_wconf 89' lang='lat' dir='ltr'><strong>imperatoris</strong></span> <span class='ocrx_word' id='word_1_662' title='bbox 3231 4194 3486 4263; x_wconf 89' lang='lat' dir='ltr'><strong>imagines</strong></span> 
     </span>
    </p>
   </div>
   <div class='ocr_carea' id='block_1_100' title="bbox 1923 4286 3489 4346">
    <p class='ocr_par' dir='ltr' id='par_1_100' title="bbox 1923 4286 3489 4346">
     <span class='ocr_line' id='line_1_100' title="bbox 1923 4286 3489 4346; baseline -0.003 -2"><span class='ocrx_word' id='word_1_663' title='bbox 1923 4290 2125 4346; x_wconf 89' lang='lat' dir='ltr'><strong>violare</strong></span> <span class='ocrx_word' id='word_1_664' title='bbox 2164 4290 2277 4344; x_wconf 88' lang='lat' dir='ltr'><strong>ausi</strong></span> <span class='ocrx_word' id='word_1_665' title='bbox 2318 4290 2441 4342; x_wconf 87' lang='lat' dir='ltr'><strong>sint.</strong></span> <span class='ocrx_word' id='word_1_666' title='bbox 2487 4288 2683 4342; x_wconf 81' lang='lat' dir='ltr'><strong>Verum</strong></span> <span class='ocrx_word' id='word_1_667' title='bbox 2727 4288 2839 4342; x_wconf 69' lang='lat' dir='ltr'><strong>haec</strong></span> <span class='ocrx_word' id='word_1_668' title='bbox 2883 4304 2985 4341; x_wconf 91' lang='lat' dir='ltr'><strong>non</strong></span> <span class='ocrx_word' id='word_1_669' title='bbox 3037 4297 3141 4341; x_wconf 89' lang='lat' dir='ltr'><strong>tam</strong></span> <span class='ocrx_word' id='word_1_670' title='bbox 3172 4286 3237 4341; x_wconf 93' lang='lat' dir='ltr'><strong>ad</strong></span> <span class='ocrx_word' id='word_1_671' title='bbox 3276 4286 3489 4340; x_wconf 84' lang='lat' dir='ltr'><strong>iracun-</strong></span> 
     </span>
    </p>
   </div>
   <div class='ocr_carea' id='block_1_101' title="bbox 1921 4376 3489 4451">
    <p class='ocr_par' dir='ltr' id='par_1_101' title="bbox 1921 4376 3489 4451">
     <span class='ocr_line' id='line_1_101' title="bbox 1921 4376 3489 4451; baseline -0.003 -16"><span class='ocrx_word' id='word_1_672' title='bbox 1921 4380 2061 4435; x_wconf 90' lang='lat' dir='ltr'><strong>diam</strong></span> <span class='ocrx_word' id='word_1_673' title='bbox 2110 4380 2404 4451; x_wconf 90' lang='lat' dir='ltr'><strong>principem</strong></span> <span class='ocrx_word' id='word_1_674' title='bbox 2450 4378 2713 4444; x_wconf 86' lang='lat' dir='ltr'><strong>excitare,</strong></span> <span class='ocrx_word' id='word_1_675' title='bbox 2756 4392 2911 4447; x_wconf 90' lang='lat' dir='ltr'><strong>quam</strong></span> <span class='ocrx_word' id='word_1_676' title='bbox 2958 4376 3207 4431; x_wconf 66' lang='lat' dir='ltr'><strong>maestitia</strong></span> <span class='ocrx_word' id='word_1_677' title='bbox 3254 4377 3489 4430; x_wconf 89' lang='lat' dir='ltr'><strong>animum</strong></span> 
     </span>
    </p>
   </div>
   <div class='ocr_carea' id='block_1_102' title="bbox 1923 4469 3489 4541">
    <p class='ocr_par' dir='ltr' id='par_1_102' title="bbox 1923 4469 3489 4541">
     <span class='ocr_line' id='line_1_102' title="bbox 1923 4469 3489 4541; baseline -0.001 -14"><span class='ocrx_word' id='word_1_678' title='bbox 1923 4473 2040 4541; x_wconf 90' lang='lat' dir='ltr'><strong>ejus</strong></span> <span class='ocrx_word' id='word_1_679' title='bbox 2069 4471 2283 4526; x_wconf 86' lang='lat' dir='ltr'><strong>afﬁcere</strong></span> <span class='ocrx_word' id='word_1_680' title='bbox 2324 4480 2644 4541; x_wconf 90' lang='lat' dir='ltr'><strong>potuerunt;</strong></span> <span class='ocrx_word' id='word_1_681' title='bbox 2675 4471 2869 4539; x_wconf 89' lang='lat' dir='ltr'><strong>quippe</strong></span> <span class='ocrx_word' id='word_1_682' title='bbox 2894 4470 2984 4540; x_wconf 88' lang='lat' dir='ltr'><strong>qui</strong></span> <span class='ocrx_word' id='word_1_683' title='bbox 3028 4469 3350 4538; x_wconf 89' lang='lat' dir='ltr'><strong>perditorum</strong></span> <span class='ocrx_word' id='word_1_684' title='bbox 3390 4470 3489 4525; x_wconf 90' lang='lat' dir='ltr'><strong>ho-</strong></span> 
     </span>
    </p>
   </div>
   <div class='ocr_carea' id='block_1_103' title="bbox 1925 4562 3146 4631">
    <p class='ocr_par' dir='ltr' id='par_1_103' title="bbox 1925 4562 3146 4631">
     <span class='ocr_line' id='line_1_103' title="bbox 1925 4562 3146 4631; baseline -0.003 -12"><span class='ocrx_word' id='word_1_685' title='bbox 1925 4565 2124 4619; x_wconf 90' lang='lat' dir='ltr'><strong>minum</strong></span> <span class='ocrx_word' id='word_1_686' title='bbox 2157 4564 2440 4619; x_wconf 89' lang='lat' dir='ltr'><strong>amentiam</strong></span> <span class='ocrx_word' id='word_1_687' title='bbox 2483 4578 2801 4631; x_wconf 87' lang='lat' dir='ltr'><strong>tnagn0pere</strong></span> <span class='ocrx_word' id='word_1_688' title='bbox 2825 4562 3146 4631; x_wconf 88' lang='lat' dir='ltr'><strong>deploraret.</strong></span> 
     </span>
    </p>
   </div>
   <div class='ocr_carea' id='block_1_104' title="bbox 2548 4671 2873 4729">
    <p class='ocr_par' dir='ltr' id='par_1_104' title="bbox 2548 4671 2873 4729">
     <span class='ocr_line' id='line_1_104' title="bbox 2548 4671 2873 4729; baseline -0.003 -2"><span class='ocrx_word' id='word_1_689' title='bbox 2548 4671 2771 4729; x_wconf 78' lang='lat' dir='ltr'><strong>CAPUT</strong></span> <span class='ocrx_word' id='word_1_690' title='bbox 2814 4672 2873 4727; x_wconf 70' lang='grc' dir='ltr'><strong>ν.</strong></span> 
     </span>
    </p>
   </div>
   <div class='ocr_carea' id='block_1_105' title="bbox 2196 4783 3213 4853">
    <p class='ocr_par' dir='ltr' id='par_1_105' title="bbox 2196 4783 3213 4853">
     <span class='ocr_line' id='line_1_105' title="bbox 2196 4783 3213 4853; baseline -0.005 -12"><span class='ocrx_word' id='word_1_691' title='bbox 2196 4788 2273 4841; x_wconf 88' lang='lat' dir='ltr'><strong>De</strong></span> <span class='ocrx_word' id='word_1_692' title='bbox 2310 4787 2619 4842; x_wconf 81' lang='lat' dir='ltr'><strong>dissensione</strong></span> <span class='ocrx_word' id='word_1_693' title='bbox 2658 4789 2718 4838; x_wconf 88' lang='lat' dir='ltr'><strong>ob</strong></span> <span class='ocrx_word' id='word_1_694' title='bbox 2757 4784 2941 4853; x_wconf 78' lang='lat' dir='ltr'><strong>festum</strong></span> <span class='ocrx_word' id='word_1_695' title='bbox 2980 4783 3213 4838; x_wconf 65' lang='lat' dir='ltr'><strong>Pascitur.</strong></span> 
     </span>
    </p>
   </div>
   <div class='ocr_carea' id='block_1_106' title="bbox 1993 4894 3499 4969">
    <p class='ocr_par' dir='ltr' id='par_1_106' title="bbox 1993 4894 3499 4969">
     <span class='ocr_line' id='line_1_106' title="bbox 1993 4894 3499 4969; baseline -0.001 -16"><span class='ocrx_word' id='word_1_696' title='bbox 1993 4901 2141 4954; x_wconf 81' lang='lat' dir='ltr'><strong>Alius</strong></span> <span class='ocrx_word' id='word_1_697' title='bbox 2165 4912 2376 4969; x_wconf 89' lang='lat' dir='ltr'><strong>quoque</strong></span> <span class='ocrx_word' id='word_1_698' title='bbox 2404 4896 2486 4951; x_wconf 90' lang='lat' dir='ltr'><strong>his</strong></span> <span class='ocrx_word' id='word_1_699' title='bbox 2514 4897 2782 4965; x_wconf 88' lang='lat' dir='ltr'><strong>antiquior</strong></span> <span class='ocrx_word' id='word_1_700' title='bbox 2819 4895 3033 4949; x_wconf 86' lang='lat' dir='ltr'><strong>suberat</strong></span> <span class='ocrx_word' id='word_1_701' title='bbox 3078 4895 3293 4949; x_wconf 84' lang='lat' dir='ltr'><strong>morbus</strong></span> <span class='ocrx_word' id='word_1_702' title='bbox 3341 4894 3499 4965; x_wconf 83' lang='lat' dir='ltr'><strong>longe</strong></span> 
     </span>
    </p>
   </div>
   <div class='ocr_carea' id='block_1_107' title="bbox 1920 4985 3497 5061">
    <p class='ocr_par' dir='ltr' id='par_1_107' title="bbox 1920 4985 3497 5061">
     <span class='ocr_line' id='line_1_107' title="bbox 1920 4985 3497 5061; baseline -0.004 -17"><span class='ocrx_word' id='word_1_703' title='bbox 1920 4992 2303 5061; x_wconf 88' lang='lat' dir='ltr'><strong>gravissimus,</strong></span> <span class='ocrx_word' id='word_1_704' title='bbox 2354 4989 2443 5058; x_wconf 92' lang='lat' dir='ltr'><strong>qui</strong></span> <span class='ocrx_word' id='word_1_705' title='bbox 2502 4988 2756 5042; x_wconf 91' lang='lat' dir='ltr'><strong>ecclesias</strong></span> <span class='ocrx_word' id='word_1_706' title='bbox 2800 4985 3115 5053; x_wconf 86' lang='lat' dir='ltr'><strong>jampridem</strong></span> <span class='ocrx_word' id='word_1_707' title='bbox 3178 4986 3497 5051; x_wconf 88' lang='lat' dir='ltr'><strong>infestabat;</strong></span> 
     </span>
    </p>
   </div>
   <div class='ocr_carea' id='block_1_108' title="bbox 1920 5074 3499 5144">
    <p class='ocr_par' dir='ltr' id='par_1_108' title="bbox 1920 5074 3499 5144">
     <span class='ocr_line' id='line_1_108' title="bbox 1920 5074 3499 5144; baseline -0.003 -8"><span class='ocrx_word' id='word_1_708' title='bbox 1920 5080 2184 5136; x_wconf 90' lang='lat' dir='ltr'><strong>dissensio</strong></span> <span class='ocrx_word' id='word_1_709' title='bbox 2213 5078 2416 5132; x_wconf 90' lang='lat' dir='ltr'><strong>scilicet</strong></span> <span class='ocrx_word' id='word_1_710' title='bbox 2458 5078 2527 5131; x_wconf 92' lang='lat' dir='ltr'><strong>de</strong></span> <span class='ocrx_word' id='word_1_711' title='bbox 2556 5075 2773 5131; x_wconf 81' lang='lat' dir='ltr'><strong>salutari</strong></span> <span class='ocrx_word' id='word_1_712' title='bbox 2818 5075 2973 5129; x_wconf 88' lang='lat' dir='ltr'><strong>festo.</strong></span> <span class='ocrx_word' id='word_1_713' title='bbox 3005 5074 3209 5144; x_wconf 89' lang='lat' dir='ltr'><strong>Quippe</strong></span> <span class='ocrx_word' id='word_1_714' title='bbox 3246 5074 3335 5129; x_wconf 88' lang='lat' dir='ltr'><strong>alii</strong></span> <span class='ocrx_word' id='word_1_715' title='bbox 3365 5089 3499 5131; x_wconf 90' lang='lat' dir='ltr'><strong>con-</strong></span> 
     </span>
    </p>
   </div>
   <div class='ocr_carea' id='block_1_109' title="bbox 1920 5165 3496 5234">
    <p class='ocr_par' dir='ltr' id='par_1_109' title="bbox 1920 5165 3496 5234">
     <span class='ocr_line' id='line_1_109' title="bbox 1920 5165 3496 5234; baseline -0.002 -9"><span class='ocrx_word' id='word_1_716' title='bbox 1920 5170 2258 5225; x_wconf 86' lang='lat' dir='ltr'><strong>suetudinem</strong></span> <span class='ocrx_word' id='word_1_717' title='bbox 2299 5167 2604 5223; x_wconf 63' lang='lat' dir='ltr'><strong>Judeorum</strong></span> <span class='ocrx_word' id='word_1_718' title='bbox 2651 5166 2800 5234; x_wconf 89' lang='lat' dir='ltr'><strong>sequi</strong></span> <span class='ocrx_word' id='word_1_719' title='bbox 2848 5174 3095 5234; x_wconf 84' lang='lat' dir='ltr'><strong>Oportere</strong></span> <span class='ocrx_word' id='word_1_720' title='bbox 3139 5165 3496 5222; x_wconf 85' lang='lat' dir='ltr'><strong>asserebant:</strong></span> 
     </span>
    </p>
   </div>
   <div class='ocr_carea' id='block_1_110' title="bbox 1918 5253 3499 5328">
    <p class='ocr_par' dir='ltr' id='par_1_110' title="bbox 1918 5253 3499 5328">
     <span class='ocr_line' id='line_1_110' title="bbox 1918 5253 3499 5328; baseline -0.002 -15"><span class='ocrx_word' id='word_1_721' title='bbox 1918 5260 2004 5313; x_wconf 88' lang='lat' dir='ltr'><strong>alii</strong></span> <span class='ocrx_word' id='word_1_722' title='bbox 2052 5268 2263 5328; x_wconf 88' lang='lat' dir='ltr'><strong>tempus</strong></span> <span class='ocrx_word' id='word_1_723' title='bbox 2299 5258 2472 5325; x_wconf 90' lang='lat' dir='ltr'><strong>ipsum</strong></span> <span class='ocrx_word' id='word_1_724' title='bbox 2520 5262 2764 5310; x_wconf 89' lang='lat' dir='ltr'><strong>accurate</strong></span> <span class='ocrx_word' id='word_1_725' title='bbox 2806 5253 3195 5308; x_wconf 88' lang='lat' dir='ltr'><strong>observandum</strong></span> <span class='ocrx_word' id='word_1_726' title='bbox 3243 5268 3361 5309; x_wconf 90' lang='lat' dir='ltr'><strong>esse</strong></span> <span class='ocrx_word' id='word_1_727' title='bbox 3389 5256 3499 5311; x_wconf 87' lang='lat' dir='ltr'><strong>aie-</strong></span> 
     </span>
    </p>
   </div>
   <div class='ocr_carea' id='block_1_111' title="bbox 1920 5343 3496 5414">
    <p class='ocr_par' dir='ltr' id='par_1_111' title="bbox 1920 5343 3496 5414">
     <span class='ocr_line' id='line_1_111' title="bbox 1920 5343 3496 5414; baseline -0.003 -9"><span class='ocrx_word' id='word_1_728' title='bbox 1920 5351 2085 5414; x_wconf 91' lang='lat' dir='ltr'><strong>bant,</strong></span> <span class='ocrx_word' id='word_1_729' title='bbox 2134 5364 2233 5404; x_wconf 92' lang='lat' dir='ltr'><strong>nec</strong></span> <span class='ocrx_word' id='word_1_730' title='bbox 2256 5346 2560 5403; x_wconf 89' lang='lat' dir='ltr'><strong>errantibus</strong></span> <span class='ocrx_word' id='word_1_731' title='bbox 2606 5343 3037 5410; x_wconf 88' lang='lat' dir='ltr'><strong>assentiendum,</strong></span> <span class='ocrx_word' id='word_1_732' title='bbox 3094 5344 3183 5413; x_wconf 90' lang='lat' dir='ltr'><strong>qui</strong></span> <span class='ocrx_word' id='word_1_733' title='bbox 3221 5343 3289 5398; x_wconf 90' lang='lat' dir='ltr'><strong>ab</strong></span> <span class='ocrx_word' id='word_1_734' title='bbox 3319 5344 3496 5400; x_wconf 87' lang='lat' dir='ltr'><strong>Evan-</strong></span> 
     </span>
    </p>
   </div>
   <div class='ocr_carea' id='block_1_112' title="bbox 1920 5434 3497 5512">
    <p class='ocr_par' dir='ltr' id='par_1_112' title="bbox 1920 5434 3497 5512">
     <span class='ocr_line' id='line_1_112' title="bbox 1920 5434 3497 5512; baseline -0.004 -16"><span class='ocrx_word' id='word_1_735' title='bbox 1920 5441 2087 5512; x_wconf 88' lang='lat' dir='ltr'><strong>gelica</strong></span> <span class='ocrx_word' id='word_1_736' title='bbox 2130 5440 2296 5509; x_wconf 89' lang='lat' dir='ltr'><strong>gratia</strong></span> <span class='ocrx_word' id='word_1_737' title='bbox 2339 5439 2439 5493; x_wconf 88' lang='lat' dir='ltr'><strong>hac</strong></span> <span class='ocrx_word' id='word_1_738' title='bbox 2475 5436 2635 5491; x_wconf 89' lang='lat' dir='ltr'><strong>etiam</strong></span> <span class='ocrx_word' id='word_1_739' title='bbox 2664 5435 2717 5489; x_wconf 90' lang='lat' dir='ltr'><strong>in</strong></span> <span class='ocrx_word' id='word_1_740' title='bbox 2764 5443 2912 5504; x_wconf 87' lang='lat' dir='ltr'><strong>parte</strong></span> <span class='ocrx_word' id='word_1_741' title='bbox 2950 5434 3107 5487; x_wconf 89' lang='lat' dir='ltr'><strong>alieni</strong></span> <span class='ocrx_word' id='word_1_742' title='bbox 3147 5444 3346 5490; x_wconf 90' lang='lat' dir='ltr'><strong>essent.</strong></span> <span class='ocrx_word' id='word_1_743' title='bbox 3390 5436 3497 5489; x_wconf 86' lang='lat' dir='ltr'><strong>Ita-</strong></span> 
     </span>
    </p>
   </div>
   <div class='ocr_carea' id='block_1_113' title="bbox 1921 5522 3500 5602">
    <p class='ocr_par' dir='ltr' id='par_1_113' title="bbox 1921 5522 3500 5602">
     <span class='ocr_line' id='line_1_113' title="bbox 1921 5522 3500 5602; baseline -0.004 -16"><span class='ocrx_word' id='word_1_744' title='bbox 1921 5546 2023 5602; x_wconf 90' lang='lat' dir='ltr'><strong>que</strong></span> <span class='ocrx_word' id='word_1_745' title='bbox 2055 5545 2173 5584; x_wconf 91' lang='lat' dir='ltr'><strong>cum</strong></span> <span class='ocrx_word' id='word_1_746' title='bbox 2210 5543 2392 5583; x_wconf 87' lang='lat' dir='ltr'><strong>omnes</strong></span> <span class='ocrx_word' id='word_1_747' title='bbox 2434 5527 2628 5595; x_wconf 88' lang='lat' dir='ltr'><strong>ubique</strong></span> <span class='ocrx_word' id='word_1_748' title='bbox 2669 5524 2847 5594; x_wconf 89' lang='lat' dir='ltr'><strong>p0puli</strong></span> <span class='ocrx_word' id='word_1_749' title='bbox 2886 5522 3196 5589; x_wconf 85' lang='lat' dir='ltr'><strong>jamdudum</strong></span> <span class='ocrx_word' id='word_1_750' title='bbox 3258 5525 3398 5578; x_wconf 89' lang='lat' dir='ltr'><strong>inter</strong></span> <span class='ocrx_word' id='word_1_751' title='bbox 3438 5539 3500 5584; x_wconf 83' lang='lat' dir='ltr'><strong>se</strong></span> 
     </span>
    </p>
   </div>
   <div class='ocr_carea' id='block_1_114' title="bbox 1926 5616 3504 5687">
    <p class='ocr_par' dir='ltr' id='par_1_114' title="bbox 1926 5616 3504 5687">
     <span class='ocr_line' id='line_1_114' title="bbox 1926 5616 3504 5687; baseline -0.003 -10"><span class='ocrx_word' id='word_1_752' title='bbox 1926 5620 2273 5685; x_wconf 83' lang='lat' dir='ltr'><strong>dissiderent,</strong></span> <span class='ocrx_word' id='word_1_753' title='bbox 2317 5629 2371 5675; x_wconf 92' lang='lat' dir='ltr'><strong>et</strong></span> <span class='ocrx_word' id='word_1_754' title='bbox 2408 5620 2544 5675; x_wconf 89' lang='lat' dir='ltr'><strong>sacri</strong></span> <span class='ocrx_word' id='word_1_755' title='bbox 2573 5616 2840 5687; x_wconf 88' lang='lat' dir='ltr'><strong>religionis</strong></span> <span class='ocrx_word' id='word_1_756' title='bbox 2879 5630 3075 5671; x_wconf 86' lang='lat' dir='ltr'><strong>nostrae</strong></span> <span class='ocrx_word' id='word_1_757' title='bbox 3115 5617 3249 5670; x_wconf 85' lang='lat' dir='ltr'><strong>ritus</strong></span> <span class='ocrx_word' id='word_1_758' title='bbox 3285 5626 3504 5673; x_wconf 85' lang='lat' dir='ltr'><strong>contur-</strong></span> 
     </span>
    </p>
   </div>
   <div class='ocr_carea' id='block_1_115' title="bbox 1932 5706 3505 5780">
    <p class='ocr_par' dir='ltr' id='par_1_115' title="bbox 1932 5706 3505 5780">
     <span class='ocr_line' id='line_1_115' title="bbox 1932 5706 3505 5780; baseline -0.001 -14"><span class='ocrx_word' id='word_1_759' title='bbox 1932 5714 2184 5767; x_wconf 87' lang='lat' dir='ltr'><strong>barentur</strong></span> <span class='ocrx_word' id='word_1_760' title='bbox 2224 5710 2441 5780; x_wconf 90' lang='lat' dir='ltr'><strong>(quippe</strong></span> <span class='ocrx_word' id='word_1_761' title='bbox 2490 5710 2541 5764; x_wconf 87' lang='lat' dir='ltr'><strong>in</strong></span> <span class='ocrx_word' id='word_1_762' title='bbox 2581 5722 2688 5762; x_wconf 90' lang='lat' dir='ltr'><strong>uno</strong></span> <span class='ocrx_word' id='word_1_763' title='bbox 2734 5706 3027 5776; x_wconf 87' lang='lat' dir='ltr'><strong>eodemque</strong></span> <span class='ocrx_word' id='word_1_764' title='bbox 3076 5706 3211 5763; x_wconf 89' lang='lat' dir='ltr'><strong>festo</strong></span> <span class='ocrx_word' id='word_1_765' title='bbox 3252 5708 3505 5777; x_wconf 83' lang='lat' dir='ltr'><strong>temporis</strong></span> 
     </span>
    </p>
   </div>
  </div>
