3876 6218
379 308 441 362 51
1687 294 1949 352 EUSEBII
1979 292 2296 349 PAMPHIH
3548 282 3615 341 εξ

381 418 665 474 diversitas
705 420 997 471 maximum
1024 414 1301 470 di~cidium
1341 414 1476 468 inter
1515 411 1765 466 ferientes
1806 409 1952 463 cxci—
1978 406 2173 470 Adem
2206 406 2362 475 regia:
2394 405 2540 459 urbis
2587 405 2809 459 antistes
2848 402 2918 457 ob
2965 402 3186 457 senilem
3238 409 3489 454 a-tatein:
3534 402 3624 454 scil

384 514 567 574 tabat,
622 526 742 566 cum
795 510 849 564 hi
898 509 1116 579 jejuniis
1162 518 1215 562 et
1266 505 1515 562 aerumnis
1564 504 1769 573 seipsos
1814 509 1951 555 atte-

384 613 603 665 rerent,
655 602 732 655 illi
797 602 905 654 otio
957 615 1018 653 ac
1064 599 1259 653 lretitiae
1307 593 1701 664 indulgercnt),
1758 602 1953 646 morta-

384 699 511 752 lium
540 696 750 765 quidem
794 709 947 751 ncmo
988 701 1134 757 erat,
1173 692 1260 760 qui
1308 690 1430 744 huic
1477 688 1616 742 malo
1664 684 1953 743 remedium

390 797 567 857 posset
629 785 919 849 adhibere;
980 798 1098 838 cum
1155 782 1401 851 utrinque
1457 779 1594 834 inter
1643 776 1957 831 dissentien-

389 886 471 932 tes
524 876 665 929 velut
706 885 908 944 mquata
954 874 1102 927 lance
1134 870 1495 926 controversia
1542 868 1815 939 penderet.
1846 864 1956 921 Soli

392 967 744 1033 omnipotenti
812 966 918 1019 Deo
980 963 1229 1031 perfacile
1277 972 1391 1017 erat
1456 961 1572 1015 istis
1631 959 1782 1015 malis
1847 973 1957 1013 me-

394 1058 528 1113 deri.
562 1057 705 1111 Unus
743 1071 900 1123 porro
941 1058 990 1108 in
1020 1053 1176 1114 terris
1215 1050 1832 1116 extabatContautinus,
1868 1049 1958 1119 qui

395 1150 461 1205 ad
504 1150 617 1202 haec
652 1149 787 1203 bona
830 1144 1146 1217 perﬁcienda
1190 1144 1412 1199 idoneus
1444 1143 1536 1197 Dei
1572 1141 1814 1199 minister
1839 1156 1958 1197 esse

396 1240 684 1293 videretur.
713 1237 811 1303 Qui
859 1248 1197 1305 posteaquam
1231 1235 1344 1290 haec
1370 1250 1484 1303 qtae
1525 1233 1681 1287 modo
1720 1233 1827 1288 dixi
1866 1249 1961 1288 au-

396 1332 599 1385 ditione
624 1328 841 1397 accepit,
872 1337 926 1381 et
965 1327 1150 1381 litteris
1175 1341 1304 1395 quas
1341 1326 1407 1379 ad
1439 1323 1825 1379 Alexandrinos
1858 1322 1958 1377 nti-

397 1431 543 1477 serat
584 1421 717 1475 nihil
758 1436 815 1474 se
854 1418 1139 1487 profecisse
1176 1419 1439 1487 cognovit,
1491 1419 1685 1472 mentis
1727 1432 1839 1472 sua)
1876 1432 1962 1471 so-

396 1514 605 1568 lertiam
651 1513 765 1581 ipse
804 1511 1058 1575 excitans,
1112 1525 1303 1564 novum
1343 1511 1440 1563 sibi
1486 1509 1680 1564 bellum
1708 1508 1961 1563 adversus

399 1608 715 1661 invisibilem
770 1605 972 1659 hostem
1038 1603 1290 1658 Ecclesiae
1327 1612 1521 1657 statum
1570 1600 1960 1671 perturbantem

399 1695 783 1749 conficiendum
815 1709 933 1749 esse
962 1694 1111 1748 dixit.

1005 1804 1230 1861 CAPUT
1273 1804 1356 1859 Vl.

631 1898 894 1963 Quomodo
928 1896 1177 1967 synodum
1218 1895 1408 1951 Nicrm
1447 1897 1555 1966 ﬁeri
1593 1897 1758 1959 iussit.

475 2010 590 2063 Mox
622 2011 765 2065 velut
792 2009 1022 2062 divinam
1062 2008 1340 2078 quamdam
1371 2008 1681 2079 phalangem
1710 2008 1964 2064 adversus

407 2117 525 2153 cum
561 2102 846 2164 instruens,
873 2101 1174 2169 generalem
1200 2098 1458 2169 synodum
1488 2100 1795 2153 convocavit
1820 2117 1833 2162 ;
1864 2099 1964 2153 ho-

410 2193 639 2247 norificis
660 2192 850 2244 litteris
876 2190 1153 2260 episcoiios
1180 2189 1414 2258 undique
1444 2191 1693 2254 invitatis,
1724 2201 1782 2244 ut
1801 2206 1967 2260 quan-

409 2284 578 2336 tocius
625 2282 889 2336 adessent.
936 2281 1045 2336 Nec
1100 2296 1226 2336 vero
1278 2282 1502 2349 simplex
1548 2298 1610 2337 ac
1666 2282 1801 2335 nuda
1852 2292 1969 2336 erat

404 2374 607 2443 jussio:
642 2374 735 2427 sed
778 2382 1032 2441 prmterea
1075 2374 1293 2427 multum
1332 2372 1396 2425 ad
1441 2377 1539 2427 hoc
1575 2388 1623 2440 οι
1645 2389 1708 2427 us
1746 2372 1971 2428 contulit

409 2465 743 2530 imperatoris
785 2464 1096 2532 benignitas.
1127 2464 1225 2531 Qui
1258 2464 1375 2517 aliis
1410 2462 1619 2526 quidem
1658 2477 1843 2517 cursus
1871 2478 1967 2532 pu-

411 2556 530 2609 blici
571 2556 774 2623 copiam
818 2554 1079 2623 prtebllil:
1122 2556 1239 2608 aliis
1277 2570 1407 2609 vero
1431 2554 1789 2623 jumentorum
1814 2568 1968 2608 usum

410 2646 618 2701 abunde
650 2645 1085 2697 subministravit.
1115 2644 1415 2712 Quinetiam
1440 2645 1593 2698 sedes
1620 2645 1741 2699 huic
1768 2643 1971 2714 synodo

411 2738 907 2791 convenientissima
950 2737 1210 2804 assignato
1242 2747 1341 2799 est,
1388 2737 1514 2789 urbs
1538 2753 1655 2805 qua:
1695 2751 1723 2789 a
1753 2736 1971 2790 victoria

414 2843 606 2882 nomen
649 2828 805 2882 habet
833 2828 1005 2881 Nicwa
1026 2868 1041 2894 ,
1077 2830 1126 2881 in
1151 2827 1391 2898 Bithynia
1434 2830 1551 2882 sita.
1579 2828 1789 2882 Perlato
1817 2829 1973 2897 igitur

415 2920 466 2970 in
513 2933 699 2970 omnes
749 2918 1043 2986 provincias
1077 2920 1407 2984 imperatoris
1462 2927 1743 2988 praecepto,
1795 2922 1971 2975 statim

412 3012 587 3063 cuncti
615 3010 756 3062 velut
793 3026 855 3062 ex
898 3019 1181 3062 transenna
1222 3010 1436 3073 emissi,
1476 3024 1679 3063 summa
1719 3026 1835 3064 cum
1864 3012 1974 3064 ala-

411 3104 598 3157 critate
625 3104 962 3155 advolarunt.
992 3101 1271 3155 Alliciebat
1309 3102 1510 3155 scilicet
1533 3116 1627 3155 eos
1655 3116 1775 3170 spes
1818 3102 1973 3155 bono-

411 3210 565 3257 rum,
615 3203 667 3247 et
711 3193 986 3263 praisentis
1018 3193 1158 3260 pacis
1201 3193 1603 3260 Opportunitas;
1666 3193 1786 3251 ttovi
1823 3193 1971 3248 deni-

410 3301 511 3352 que
554 3283 829 3344 miraculi,
873 3282 1003 3334 tanti
1039 3281 1282 3333 nimirqu
1327 3282 1662 3349 imperatoris
1699 3293 1972 3353 spectacu-

408 3377 541 3429 lum.
574 3374 918 3439 Posteaquam
953 3373 1000 3424 iu
1031 3386 1191 3423 unum
1223 3386 1539 3437 convenere,
1578 3372 1668 3426 Dei
1692 3356 1824 3442 opus
1853 3390 1972 3429 esse

407 3466 459 3520 id
492 3463 627 3532 quod
656 3463 933 3531 getebatur
968 3463 1230 3529 apparuit.
1262 3462 1388 3514 Nam
1416 3464 1501 3531 qui
1534 3480 1633 3517 non
1664 3467 1819 3518 modo
1859 3468 1973 3520 aui-

411 3558 531 3619 mis,
563 3569 741 3606 verum
765 3554 921 3605 ctiam
953 3554 1264 3619 corporibus
1294 3562 1345 3605 et
1376 3555 1679 3621 regionibus
1739 3571 1800 3610 ac
1840 3558 1971 3611 locis

408 3657 463 3701 et
504 3645 786 3716 provinciis
817 3643 1121 3711 longissime
1166 3642 1303 3697 inter
1341 3658 1397 3697 se
1429 3645 1596 3698 dissiti
1628 3656 1813 3711 erant,
1848 3657 1974 3702 tunc

408 3740 461 3791 in
492 3752 650 3790 tmttm
681 3735 980 3803 congregati
1017 3735 1397 3799 cernebantur;
1438 3746 1492 3791 et
1522 3737 1666 3790 velut
1689 3740 1968 3795 maximam

408 3825 687 3895 quamdam
711 3823 1043 3877 sacerdotum
1083 3838 1332 3877 coronam
1364 3839 1429 3878 ex
1477 3827 1843 3893 pulcherrimis
1874 3829 1972 3884 ilo-

408 3918 554 3972 ribus
583 3926 917 3980 contextam,
947 3930 1050 3967 una
1077 3924 1297 3969 cunctos
1320 3916 1504 3971 civitas
1531 3919 1793 3989 eapiebat.

1000 4027 1221 4083 CAPUT
1262 4027 1368 4082 Vll.

412 4125 487 4178 De
517 4123 784 4179 universali
827 4121 1087 4186 Concilio,
1129 4122 1195 4173 ad
1233 4121 1366 4191 quod
1404 4136 1465 4176 ea:
1495 4123 1721 4177 omnibus
1762 4125 1970 4194 provin-

804 4217 893 4269 ciis
932 4228 1262 4273 convenerunt
1302 4216 1564 4287 Episcopi.

477 4330 684 4383 Etenim
708 4342 770 4380 ex
792 4326 1035 4380 omnibus
1061 4326 1311 4381 Ecclesiis
1341 4342 1458 4395 quae
1486 4330 1781 4385 universam
1807 4330 1971 4385 Euro-

408 4434 567 4486 pam.
615 4416 844 4471 Africam
897 4425 1055 4484 atque
1112 4415 1290 4469 Asiam
1343 4418 1732 4485 impleverant,
1786 4422 1817 4474 ii
1876 4423 1969 4490 qui

2057 508 2251 567 praisto
2296 507 2448 551 erant
2490 496 2781 567 presbyteri
2838 494 2925 564 qui
2979 495 3121 549 vices
3150 493 3265 563 ejus
3321 493 3619 563 implerent.

2057 588 2367 658 Huiusmodi
2423 602 2674 642 coronam
2748 586 2895 656 pacis
2959 584 3169 639 vinculo
3224 592 3526 640 consertam
3572 595 3624 641 et

2055 697 2386 748 connexam,
2414 682 2559 736 solus
2604 682 2671 735 ab
2708 678 2850 734 omni
2892 694 3008 733 :cvo
3052 679 3341 747 imperator
3364 677 3625 733 Constan-

2058 774 2197 828 tinus
2238 774 2382 827 velut
2419 772 2653 826 divinum
2696 771 2829 840 grati
2877 768 3035 824 animi
3086 777 3483 824 monumentqu
3528 785 3625 839 pro

2057 866 2293 922 victoriis
2312 880 2442 936 quas
2462 865 2526 919 de
2546 863 2785 918 hostibus
2802 872 2854 917 et
2870 862 3096 916 inimicis
3126 862 3398 927 retulerat,
3412 860 3624 918 Christo

2058 958 2323 1014 Servatori
2351 971 2449 1011 suo
2475 956 2777 1012 dedicavit:
2809 956 2909 1008 hoc
2946 953 3275 1023 amplissimo
3300 964 3470 1021 creta,
3504 964 3623 1008 tau-

2058 1063 2213 1117 quam
2239 1047 2465 1116 imagine
2486 1045 2713 1116 quadam
2765 1043 3039 1114 apostolici
3060 1044 3229 1109 chori,
3268 1045 3464 1099 nostris
3494 1053 3627 1100 tem-

2059 1141 2273 1211 poribus
2293 1138 2604 1195 convocato.

2650 1229 2875 1287 CAPUT
2920 1229 3050 1285 VIII.

2064 1322 2214 1389 Quod
2252 1323 2379 1378 sicut
2426 1324 2481 1377 in
2527 1323 2663 1376 Actis
2707 1322 3065 1392 Apostolorum
3114 1321 3321 1389 dicitur,
3369 1336 3430 1375 ea:
3474 1322 3627 1377 variis

2536 1414 2762 1483 gentibus
2803 1420 3154 1465 convenerunt.

2133 1506 2404 1579 Siquidem
2450 1514 2505 1561 et
2552 1505 2923 1576 Apostolorum
2977 1503 3302 1575 temporibus
3346 1505 3444 1560 viri
3502 1504 3628 1562 reli-

2062 1598 2195 1668 giosi
2220 1613 2284 1652 ex
2310 1597 2452 1651 omni
2497 1596 2711 1652 natione
2749 1610 2867 1666 qua:
2912 1597 3010 1651 sub
3048 1597 3185 1651 coelo
3228 1605 3344 1662 est,
3387 1596 3438 1651 in
3467 1613 3628 1653 unum

2063 1689 2373 1745 convenisse
2398 1689 2662 1743 dicuntur.
2711 1687 2854 1744 inter
2879 1703 3013 1759 quos
3057 1696 3209 1743 erant
3235 1687 3439 1756 Parthi,
3469 1689 3628 1757 Medi,

1990 1790 2038 1851 Β
2066 1781 2305 1837 Elamitze
2360 1789 2413 1836 et
2441 1780 2533 1850 qui
2564 1779 2801 1833 habitant
2824 1778 3286 1849 Mesopotamiam,
3316 1778 3549 1835 Judzeam
3580 1792 3634 1836 et

2066 1870 2475 1944 Cappadociam,
2502 1872 2753 1938 Pontum,
2782 1870 2960 1926 Asiam
2996 1882 3048 1927 et
3088 1871 3371 1942 Phrygiam
3398 1886 3459 1928 ac
3480 1872 3637 1927 Pam—

2067 1961 2297 2032 phyliam
2320 2003 2335 2028 ,
2376 1961 2663 2032 Egyptum
2709 1968 2761 2016 et
2801 1972 2977 2031 partes
3004 1961 3183 2032 Libya:
3213 1976 3331 2032 quae
3365 1970 3446 2017 est
3484 1963 3638 2031 juxta

2066 2051 2362 2124 Cyrenem;
2399 2053 2617 2107 advena“:
2641 2066 2850 2123 quoque
2880 2093 2895 2117 ,
2927 2052 3149 2107 Romani
3175 2092 3190 2115 ,
3219 2052 3388 2107 Judtei
3429 2064 3478 2108 et
3511 2054 3640 2109 Pro-

2066 2144 2221 2214 selyti
2243 2186 2259 2212 ,
2299 2142 2584 2200 Cretenses
2622 2153 2676 2199 et
2702 2145 2926 2200 Arabes.
2955 2145 3151 2200 Verum
3196 2145 3334 2216 apud
3369 2144 3495 2201 istos
3526 2147 3641 2215 qui-

2067 2236 2189 2292 dem
2234 2237 2336 2293 hoc
2384 2238 2560 2291 minus
2606 2237 2735 2302 fuit,
2783 2236 2923 2305 quod
2971 2253 3073 2291 non
3119 2251 3315 2291 omnes
3348 2247 3501 2292 erant
3548 2238 3641 2293 Dei

2070 2329 2296 2383 ministri
2340 2330 2426 2399 qui
2472 2337 2851 2383 convenerant.
2886 2328 2938 2381 In
2982 2330 3225 2396 praesenti
3260 2337 3434 2383 autem
3477 2330 3643 2383 choro

2072 2418 2306 2489 episcopi
2334 2419 2545 2488 quidem
2575 2432 2732 2487 supra
2766 2417 3021 2472 ducentos
3050 2426 3104 2472 et
3145 2418 3519 2487 quinquaginta
3550 2419 3644 2473 ad-

2072 2512 2302 2565 fuerunt.
2347 2510 2786 2581 Presbyterorum
2818 2524 2943 2565 vero
2974 2509 3061 2579 qui
3087 2524 3180 2565 eos
3207 2512 3441 2564 comitati
3497 2524 3640 2575 sunt,

2070 2602 2410 2656 diaconorum
2438 2643 2453 2667 ,
2499 2600 2867 2656 acoluthornm
2907 2600 3241 2671 aliorumque
3289 2600 3643 2670 complurium

2076 2708 2327 2747 numerus
2352 2693 2471 2747 iniri
2497 2692 2582 2746 vix
2607 2700 2800 2761 potest.

2685 2801 2906 2859 CAPUT
2947 2802 3010 2856 IX
3024 2844 3036 2856 .

2072 2893 2150 2947 De
2164 2895 2340 2947 virtute
2352 2904 2396 2947 et
2410 2903 2555 2947 (etate
2568 2894 2889 2946 ducentorum
2904 2894 3261 2963 quinquaginta
3276 2895 3642 2964 episcoporum.

2143 2985 2308 3039 Porro
2345 2999 2407 3038 ex
2442 2983 2523 3037 his
2562 2984 2649 3037 Dei
2698 2985 2985 3045 ministris,
3028 2985 3114 3037 alii
3155 2998 3401 3040 sermone
3426 2986 3643 3053 sapien-

2078 3074 2186 3137 tiaz,
2220 3074 2306 3127 alii
2340 3075 2598 3143 gravitate
2626 3074 2745 3129 vitae
2785 3085 2837 3128 et
2865 3073 3100 3128 laborum
3135 3074 3407 3128 tolerantia
3434 3076 3645 3129 emine-

1998 3149 2041 3209 (ἶ
2076 3161 2198 3216 bant
2224 3180 2237 3215 :
2271 3164 2354 3216 alii
2385 3164 2641 3218 modestia
2672 3174 2723 3218 et
2747 3163 2993 3217 comitate
3023 3179 3228 3216 tnortuu
3267 3174 3418 3218 erant
3446 3168 3641 3219 ornati.

2075 3255 2151 3307 Ac
2196 3253 2434 3306 nonnulli
2483 3255 2695 3322 quidem
2748 3269 2931 3307 eorum
2976 3254 3044 3308 ob
3092 3265 3388 3322 provectam
3433 3265 3645 3314 aetatem

2074 3348 2303 3402 maximo
2349 3349 2398 3402 in
2451 3348 2652 3403 honore
2702 3357 2892 3404 erant:
2944 3348 3177 3403 nonnulli
3220 3359 3270 3403 et
3310 3350 3547 3417 corporis
3591 3360 3646 3405 et

2072 3441 2234 3493 animi
2259 3440 2472 3510 juvenili
2524 3442 2698 3509 vigore
2745 3440 3037 3494 enitebant.
3084 3439 3306 3505 Quidam
3346 3456 3513 3506 nuper
3548 3450 3646 3496 atl-

2073 3530 2284 3583 modmn
2318 3530 2589 3583 ministerii
2621 3531 2699 3583 sui
2728 3529 2950 3583 stadium
2970 3539 3121 3583 erant
3162 3529 3402 3599 ingressi.
3436 3529 3644 3596 Quibus

2072 3622 2314 3674 omnibus
2343 3620 2575 3689 quotidie
2601 3634 2839 3676 annonas
2866 3621 3082 3687 copiose
3105 3621 3328 3687 praeberi
3352 3620 3645 3689 imperatur

2072 3712 2432 3765 mandaverat.

2671 3779 2893 3835 CAPUT
2935 3778 3003 3834 Χ.

2071 3871 2309 3941 Synodus
2340 3872 2511 3925 habita
2539 3872 2591 3924 in
2622 3873 2833 3942 palatio,
2862 3887 2958 3939 quo
2985 3872 3246 3942 ingressus
3278 3873 3642 3931 Constantinus

2539 3978 2652 4015 cum
2682 3963 2926 4030 episcopis
2957 3964 3156 4017 resedit.

2138 4050 2401 4106 Caeterum
2449 4052 2535 4106 die
2581 4052 2809 4107 concilio
2840 4053 3145 4116 constituta,
3178 4069 3279 4123 qua
3318 4064 3639 4112 controver-

2071 4142 2179 4195 sias
2219 4142 2393 4196 dirimi
2439 4153 2746 4211 oporteret,
2794 4158 2913 4197 cum
2976 4144 3165 4213 singuli
3227 4155 3417 4213 praesto
3455 4159 3641 4203 essent

2070 4249 2139 4287 ex
2181 4234 2369 4303 quibus
2409 4234 2655 4303 Synodus
2702 4235 3012 4303 constabat,
3060 4239 3108 4289 in
3155 4237 3264 4305 ipsa
3304 4239 3476 4293 media
3522 4242 3641 4297 atde

2070 4326 2283 4393 palatii,
2330 4341 2448 4395 qua)
2489 4327 2722 4395 reliquas
2767 4343 2949 4381 omnes
2992 4329 3335 4397 amplitudine
3380 4346 3641 4401 superare

2070 4417 2364 4483 videbatur,
2392 4418 2631 4486 plurimis
2660 4418 2913 4473 sedilibus
2938 4420 3002 4472 ad
3034 4430 3311 4491 utrumque
3338 4423 3465 4475 aedis
3499 4423 3639 4480 latus

405 4510 543 4563 inter
575 4510 662 4561 Dei
694 4507 960 4562 ministros
1000 4508 1288 4575 principem
1320 4508 1494 4561 locum
1535 4510 1872 4576 obtinebant,
1898 4512 1969 4567 si-
1994 4506 2047 4566 D
2072 4514 2256 4568 ordine
2285 4513 2556 4581 dispositis
2576 4553 2590 4577 ,
2620 4528 2803 4567 omnes
2828 4514 2917 4581 qui
2949 4514 3190 4568 accersiti
3233 4516 3439 4570 fuerant
3464 4516 3639 4570 intro-

403 4601 512 4653 ntnl
542 4613 875 4661 convenere;
907 4613 1113 4666 unaque
1152 4596 1291 4652 sedes
1330 4612 1499 4664 sacra,
1529 4600 1670 4653 velut
1718 4602 1807 4655 Dei
1836 4612 1963 4658 nutu

402 4695 635 4757 dilatata,
683 4690 843 4761 Syros
869 4690 1024 4743 simul
1053 4698 1105 4743 et
1128 4688 1338 4753 Cilicas,
1369 4691 1648 4748 Phoenices
1689 4701 1742 4747 et
1762 4695 1964 4750 Arabes

402 4796 455 4839 et
483 4783 811 4846 Palaestinos,
845 4779 1120 4850 Ailgyptios
1167 4792 1437 4849 praeterea,
1473 4782 1734 4837 Thebanos
1781 4794 1834 4839 et
1872 4786 1963 4840 Li-

400 4875 553 4943 byas,
582 4873 817 4939 aliosque
856 4885 921 4923 ex
960 4869 1337 4937 Mesopotamia
1363 4870 1721 4938 advenientes,
1766 4874 1962 4929 ambitu

399 4980 497 5017 suo
523 4962 798 5029 complexa
837 4970 935 5015 est.
978 4960 1203 5026 Quidam
1230 4961 1388 5016 etiam
1419 4978 1481 5016 ex
1512 4963 1728 5019 Perside
1758 4966 1963 5035 episco-

404 5071 503 5124 pus
533 5052 735 5123 synodo
780 5050 1049 5105 iuterfuit:
1086 5065 1185 5104 nec
1222 5052 1306 5105 vel
1347 5051 1537 5122 Scytha
1566 5054 1728 5108 abfuit
1756 5054 1821 5108 ab
1862 5057 1963 5111 hoc

400 5146 584 5197 choro.
613 5141 813 5194 Pontus
844 5140 991 5206 item,
1029 5139 1231 5195 Galatia
1256 5182 1270 5205 ,
1303 5139 1609 5213 Pamphylia
1663 5152 1717 5198 et
1755 5144 1962 5214 Cappa-

400 5232 573 5299 docia,
607 5230 730 5285 Asia
758 5243 966 5299 quoque
1010 5238 1065 5283 et
1089 5230 1311 5299 Phrygia
1342 5231 1678 5286 lectissimum
1700 5249 1963 5305 quemque

400 5338 467 5376 ex
504 5320 613 5374 suis
659 5319 952 5389 praebuere.
996 5319 1222 5374 Taraces
1253 5321 1572 5388 quinetiam,
1626 5324 1957 5391 Macedones,

399 5410 585 5466 Achivi
614 5418 666 5463 et
696 5409 949 5477 Epirotm,
972 5419 1026 5463 et
1054 5410 1140 5478 qui
1169 5411 1474 5479 longissimo
1514 5413 1792 5467 intervallo
1822 5418 1959 5471 ultra

398 5502 495 5555 hos
522 5499 675 5569 positi
708 5505 861 5563 sunt,
904 5499 1243 5554 nihilominus
1289 5498 1521 5555 adfuere.
1572 5503 1654 5556 Ab
1691 5505 1801 5571 ipsa
1828 5522 1963 5574 quo-

394 5604 497 5660 que
526 5587 777 5658 Hispania
805 5589 883 5642 vir
921 5588 1008 5644 ille
1047 5592 1213 5645 multo
1254 5593 1486 5646 omnium
1534 5607 1781 5649 sermone
1820 5597 1957 5651 cele-

391 5682 598 5746 bratus,
632 5694 733 5735 una
768 5697 888 5737 cum
928 5683 1143 5759 reliquis
1168 5682 1285 5738 aliis
1320 5684 1581 5741 consedit.
1612 5685 1811 5742 Aberat
1845 5688 1960 5757 qui-

2069 4605 2269 4673 gressi,
2303 4617 2398 4656 suo
2432 4604 2655 4672 quisque
2697 4605 2812 4657 loco
2849 4607 3155 4659 consedere.
3201 4607 3480 4675 Postquam
3516 4611 3638 4662 uni-

2068 4709 2221 4749 vcrsa
2257 4695 2489 4765 synodus
2518 4709 2636 4747 cum
2676 4694 2880 4747 decenti
2910 4694 3165 4749 modestia
3194 4696 3410 4759 resedit,
3445 4714 3635 4755 omnes

2070 4785 2296 4852 primum
2327 4786 2663 4846 conticuere.
2693 4785 3025 4851 imperatoris
3074 4802 3377 4855 processum
3408 4804 3633 4858 exspec-

2069 4882 2257 4928 tantes.
2291 4872 2407 4926 Mox
2450 4888 2583 4925 unus
2631 4889 2696 4927 ex
2745 4875 2993 4942 proximis
3034 4876 3397 4944 imperatoris,
3430 4877 3627 4936 deinde

2063 4964 2197 5018 alter
2221 4978 2284 5018 ac
2313 4963 2498 5018 tertius
2530 4963 2840 5033 ingreditur.
2870 4964 3247 5021 Prazcedebant
3273 4982 3481 5036 quoque
3508 4970 3624 5036 alii,

2063 5070 2170 5110 non
2215 5062 2271 5107 ut
2301 5057 2464 5108 moris
2508 5063 2589 5109 est
2633 5070 2697 5108 ex
2748 5056 2971 5110 militum
3015 5071 3077 5111 ac
3124 5066 3477 5125 protectorum
3528 5076 3631 5117 nu-

2066 5162 2235 5211 mero,
2279 5146 2372 5201 sed
2404 5161 2468 5200 ex
2509 5148 2692 5199 amicis
2738 5146 2772 5200 ii
2802 5148 2900 5201 soli
2928 5147 3017 5217 qui
3059 5148 3217 5202 iidem
3248 5146 3443 5203 Christi
3472 5151 3635 5219 proﬁ-

2065 5237 2327 5293 tebantur.
2355 5235 2590 5306 Cumque
2616 5237 2766 5306 signo
2792 5237 2914 5292 dato
2941 5254 3045 5307 quo
3086 5240 3418 5307 imperatoris
3446 5240 3636 5293 ἰηιτυί-

2060 5336 2143 5382 tus
2174 5326 2531 5391 nuntiabatur,
2564 5340 2750 5381 omnes
2778 5328 3199 5381 assurrexissent
3219 5368 3232 5393 ,
3275 5328 3484 5383 tandem
3515 5330 3635 5398 ipse

2060 5416 2265 5471 medius
2291 5416 2541 5469 incedens
2570 5415 2820 5481 advenit,
2867 5416 3009 5470 velut
3034 5417 3244 5485 quidam
3273 5419 3504 5473 ccelestis
3536 5420 3631 5475 Dei

2060 5507 2297 5574 angelus,
2323 5519 2603 5573 purpureae
2643 5506 2855 5574 quidem
2880 5504 3041 5559 vestis
3072 5505 3271 5576 fulgore
3301 5507 3483 5562 oculos
3513 5523 3629 5563 om-

2060 5600 2203 5654 nium
2249 5600 2662 5666 praestinguens,
2704 5607 2757 5651 et
2795 5596 3054 5651 ilammcis
3111 5598 3426 5675 quibusdam
3467 5601 3630 5656 radiis

2069 5686 2355 5752 collucens,
2400 5686 2464 5740 ad
2489 5685 2601 5742 hare
2629 5687 2741 5743 auri
2781 5697 2833 5741 et
2873 5687 3171 5757 lapillorum
3209 5688 3403 5743 eximio
3449 5691 3627 5761 splen—
