3876 6218
195 309 256 368 55
1189 303 1273 359 DE
1313 303 1473 360 VITA
1500 300 1955 362 CONS'I'ANTINI
1991 302 2194 360 LIBER
2230 304 2317 360 III.
3375 304 3440 356 54

197 421 313 475 dore
340 425 650 472 exornatus.
697 414 768 469 Et
801 413 1098 485 liujusmodi
1125 414 1340 484 quidem
1378 413 1617 484 corporis
1645 413 1760 468 cul-
1788 413 1840 475 Α
1867 428 1966 484 pus
1995 414 2048 468 in
2076 415 2324 470 salutaris
2359 415 2481 469 festi
2518 414 2877 470 celebratione
2901 416 2968 471 ab
2996 414 3243 470 omnibus
3268 416 3444 469 firma-

198 520 272 565 tus
296 515 423 564 erat.
451 505 606 574 Quod
647 521 784 561 vero
811 506 876 559 ad
905 505 1136 560 animum
1165 513 1408 575 spectat,
1437 505 1569 558 satis
1597 517 1763 574 appa-

199 602 336 658 rebat
371 615 490 654 eum
521 598 718 652 timore
747 597 842 652 Del
881 610 946 651 ac
987 596 1242 666 religione
1269 595 1581 651 decoratum
1622 609 1761 650 esse.

208 693 366 762 Atque
405 689 456 744 id
489 688 799 744 indicabant
823 686 964 742 oculi
1007 685 1254 751 demissi,
1286 685 1451 740 rubor
1496 685 1548 738 in
1595 685 1763 752 vultu,

201 794 250 840 et
284 792 452 838 motus
499 781 748 846 corporis
796 785 956 846 atque
1003 777 1262 832 incessus.
1303 775 1410 832 Sed
1462 785 1518 831 et
1563 776 1763 845 reliqua

201 875 422 946 corporis
463 873 705 944 species,
736 872 1028 942 proceritas
1058 869 1262 925 scilicet
1291 883 1394 939 qua
1425 879 1647 924 cunctos
1676 869 1766 938 qui

201 967 324 1020 circa
349 965 518 1034 ipsum
565 971 723 1018 erant
763 962 918 1032 longe
957 960 1269 1031 superabat.
1314 959 1422 1014 Nec
1451 968 1651 1014 statura
1678 974 1765 1014 so-

201 1055 316 1120 lum,
347 1054 436 1108 sed
457 1054 619 1108 etiam
652 1051 838 1107 format
866 1051 1092 1114 decore,
1121 1059 1176 1104 et
1205 1050 1364 1104 totius
1402 1050 1643 1120 corporis
1671 1065 1764 1105 ve-

203 1158 341 1203 nusta
398 1147 627 1217 quadam
677 1148 1000 1214 majestate.
1047 1143 1242 1197 invicto
1285 1142 1516 1212 denique
1573 1143 1763 1197 virium

206 1240 378 1293 robore
412 1246 642 1292 ceteros
682 1235 938 1290 anteibat.
964 1233 1094 1302 Qua:
1123 1234 1335 1304 quidem
1379 1235 1554 1289 omnia
1598 1233 1766 1288 admi-

209 1329 345 1384 rabili
388 1327 651 1383 modestia
700 1336 756 1382 et
798 1326 1136 1397 imperatoria
1181 1325 1402 1381 leuitate
1451 1335 1761 1396 temperata,

204 1421 432 1475 eximiam
463 1428 517 1473 et
544 1418 696 1473 omni
733 1417 886 1472 laude
929 1417 1184 1486 majorem
1228 1416 1422 1471 mentis
1457 1418 1597 1472 illius
1627 1435 1763 1486 prae-

204 1509 431 1564 stantiam
471 1508 838 1563 declarabant.
881 1507 1165 1576 Postquam
1196 1509 1485 1576 imperator
1507 1507 1574 1560 ad
1605 1516 1765 1577 caput

205 1599 560 1652 subselliorum
595 1599 758 1663 venit,
790 1597 1016 1665 primum
1043 1595 1248 1651 medius
1276 1597 1444 1650 stetit.
1481 1595 1764 1665 Positoque

205 1695 319 1742 ante
340 1703 458 1742 eum
489 1688 679 1742 humili
717 1687 847 1742 sella
875 1703 938 1742 ex
969 1701 1101 1740 auro
1129 1685 1414 1740 fabrefacta
1437 1726 1454 1751 ,
1481 1701 1586 1740 non
1619 1687 1764 1754 prius

206 1779 387 1833 assedit
445 1794 606 1850 quam
652 1777 906 1848 EpiscOpi
945 1775 1332 1833 ciinuuissent.
1387 1774 1530 1832 Idem
1581 1792 1766 1832 omnes
1797 1788 1842 1848 Β

207 1879 313 1938 post
351 1871 728 1941 imperatorem
768 1869 964 1926 fecere.

792 1981 1017 2038 CAPUT
1068 1981 1160 2037 Xl.

213 2096 462 2154 Silentium
486 2098 725 2168 Cone-itii,
751 2108 1016 2168 postquam
1048 2096 1297 2153 Eusebius
1315 2097 1582 2168 episcopus
1605 2113 1767 2166 pauca

741 2190 970 2260 quaedam
998 2189 1222 2244 dixisset.

270 2298 393 2354 Tum
431 2313 498 2354 ex
528 2299 796 2370 episcopis
844 2299 888 2352 is
917 2299 1005 2368 qui
1034 2298 1089 2352 in
1118 2297 1302 2353 dextra
1343 2307 1492 2367 parte
1535 2298 1764 2366 primum

209 2389 366 2444 locum
395 2390 691 2452 obtinebat,
717 2403 1062 2463 consurgens,
1097 2389 1303 2444 modica
1331 2388 1572 2444 oratione
1599 2390 1766 2459 impe-

209 2493 422 2537 ratorem
454 2483 714 2537 allocutus
735 2492 850 2550 est,
885 2493 1103 2553 propter
1119 2482 1266 2536 illum
1289 2484 1487 2552 gratias
1508 2493 1561 2538 et
1584 2484 1763 2539 laudes

209 2574 473 2643 perbibens
501 2574 856 2644 omnipotenti
886 2575 1013 2630 Deo.
1043 2574 1328 2645 Postquam
1361 2575 1449 2630 ille
1483 2575 1645 2630 etiam
1675 2590 1763 2632 as-

209 2667 346 2732 sedit,
377 2683 501 2723 mox
536 2669 715 2724 cuncti
755 2669 946 2724 defixis
975 2671 1028 2724 in
1064 2669 1443 2739 imperatorem
1490 2672 1656 2725 oculis
1689 2673 1763 2726 si-

211 2759 406 2815 lentium
437 2760 632 2817 iecere.
668 2760 762 2814 Ille
791 2762 926 2815 lanis
946 2762 1114 2816 oculis
1139 2770 1192 2816 et
1222 2761 1432 2830 placido
1472 2761 1619 2816 vultu
1643 2763 1762 2817 uni-

213 2864 374 2905 versos
402 2851 649 2914 intuitus,
676 2865 739 2904 ac
766 2850 958 2905 deinde
988 2860 1222 2904 mentem
1252 2865 1404 2904 suam
1436 2851 1487 2904 in
1519 2867 1576 2905 se
1602 2852 1758 2904 colli-

212 2955 353 3010 gens,
385 2943 484 2997 leni
513 2954 567 2998 et
587 2943 863 2997 moderata
892 2956 1022 2996 voce
1050 2938 1350 3010 liujusmodi
1372 2941 1532 2995 verba
1559 2940 1704 2996 fecit.

780 3054 1006 3111 CAPUT
1047 3054 1157 3109 XII.

394 3167 706 3224 Constantini
734 3168 803 3222 ad
831 3169 1078 3239 synodum
1117 3169 1280 3222 oratio
1305 3170 1368 3224 de
1393 3186 1536 3240 pace.

272 3277 415 3341 (Hanc
434 3281 705 3331 orationem
730 3279 910 3330 videsis
932 3279 1097 3342 infra.)

767 3404 994 3461 CAPUT
1033 3403 1168 3459 XIII.

215 3501 451 3566 Quomodo
491 3503 755 3571 episcOpos
781 3501 911 3552 inter
937 3513 988 3552 se
1017 3506 1260 3550 certantes
1311 3496 1377 3548 ad
1437 3497 1760 3550 concordiam

837 3591 1099 3645 revocarit.

271 3705 384 3761 Ilaac
413 3707 498 3762 ille
547 3720 668 3761 cum
715 3704 882 3758 latino
907 3716 1156 3758 sermone
1197 3701 1439 3768 dixisset,
1473 3717 1590 3772 qua:
1623 3701 1758 3756 alius

213 3797 445 3865 quispiam
469 3810 643 3867 graece
673 3796 1052 3862 interpretatus
1092 3802 1176 3847 est
1201 3833 1217 3858 ,
1260 3793 1514 3864 deinceps
1542 3793 1758 3848 concilii

211 3891 500 3956 pmsidibus
525 3901 827 3944 sermonem
849 3886 1134 3940 concessit.
1159 3885 1292 3940 Tum
1318 3900 1446 3939 vero
1469 3886 1552 3939 alii
1579 3886 1756 3954 proxi-

213 3992 313 4032 mos
339 3981 640 4034 insimulare
665 3987 962 4047 coeperunt,
991 3976 1079 4030 alii
1126 3975 1498 4030 accusantibus
1529 3990 1756 4045 respon-

212 4065 323 4123 dere
361 4077 414 4124 et
453 4067 681 4123 vicissim
704 4066 876 4136 queri.
912 4066 1087 4120 Multis
1119 4065 1274 4135 igitur
1297 4065 1435 4120 hunc
1461 4066 1510 4120 in
1540 4065 1756 4122 modum

211 4171 268 4210 ex
310 4166 520 4229 utraque
552 4166 699 4227 parte
729 4157 1044 4226 propositis,
1074 4171 1366 4226 magnaque
1395 4159 1757 4212 controversia

213 4248 259 4304 in
282 4250 386 4320 ipso
411 4253 668 4322 principio
689 4252 940 4314 excitata,
968 4251 1254 4320 imperator
1274 4261 1462 4305 cuncta
1487 4253 1757 4321 patientis-

212 4343 330 4398 sime
354 4346 672 4410 auscultans,
699 4346 902 4398 intento
926 4344 1102 4396 animo
1119 4344 1416 4412 prepositas
1435 4345 1756 4414 qurestiones

211 4437 423 4505 excepit;
447 4446 499 4493 et
521 4452 638 4507 qum
660 4437 726 4491 ab
749 4447 970 4506 utraque
997 4446 1146 4506 parte
1167 4437 1496 4504 dicebantur,
1523 4440 1754 4494 vicissim

1867 515 2032 560 retur.
2063 505 2229 561 Porro
2254 521 2317 562 ea
2347 521 2466 576 quae
2486 507 2539 564 in
2565 521 2850 562 commune
2875 506 3208 575 placuerant,
3235 505 3444 574 scriptis

1869 597 2137 659 mandata,
2170 608 2222 652 et
2254 598 2586 667 singulorum
2609 597 3001 668 subscriptione
3028 597 3276 652 roborata
3297 606 3440 652 sunt.

1865 685 2068 754 Quibus
2095 689 2162 742 ita
2191 689 2370 758 gestis,
2402 688 2693 759 imperator
2731 688 2953 744 alteram
2985 687 3126 744 banc
3157 688 3441 744 victoriam

1866 776 1934 831 de
1963 776 2116 832 hoste
2143 777 2400 834 Ecclesia:
2427 794 2486 834 se
2514 778 2763 834 retulisse
2792 789 3036 847 testatus,
3065 779 3441 851 triumphalem

1865 867 2207 924 festivitatem
2239 869 2289 924 in
2319 868 2578 924 honorem
2609 869 2703 924 Dei
2732 870 3041 927 celebravit.

2465 980 2691 1038 CAPUT
2729 981 2846 1038 XV.

1871 1068 2134 1137 Quomodo
2155 1068 2514 1128 Constantinus
2536 1074 2877 1129 vicennalibus
2902 1073 3006 1130 suis
3027 1077 3289 1149 episcopos
3318 1093 3441 1132 con-

2449 1164 2577 1218 eicio
2603 1165 2868 1235 exceperit.

1939 1273 2141 1330 Eodem
2165 1283 2405 1345 tempore
2428 1276 2712 1330 vicesimus
2733 1277 2941 1347 imperii
2957 1277 3074 1346 ejus
3094 1293 3267 1334 annus
3291 1293 3438 1335 com-

1867 1366 2133 1437 plebatur.
2163 1366 2326 1436 Cujus
2357 1370 2433 1423 rei
2464 1383 2623 1422 causa
2652 1385 2772 1423 eum
2805 1371 2854 1422 in
2884 1371 3130 1425 omnibus
3157 1372 3442 1439 provinciis

1867 1459 2093 1528 publica:
2126 1457 2443 1513 festivitates
2473 1471 2777 1528 agerentur.
2811 1459 3102 1529 imperator
3132 1462 3222 1515 Dei
3253 1463 3438 1516 minis-

1869 1559 1980 1602 tros
2010 1549 2074 1602 ad
2104 1550 2406 1604 convivium
2435 1551 2676 1614 vocavit;
2708 1559 2764 1604 et
2792 1565 2911 1604 cum
2944 1551 3134 1604 iisdem
3161 1551 3269 1620 jam
3303 1553 3440 1607 inter

1868 1653 1930 1693 se
1958 1640 2255 1695 conciliatis
2282 1639 2563 1709 epulatus,
2597 1638 2699 1694 lioc
2729 1639 2875 1695 velut
2918 1641 3243 1696 conveniens
3272 1644 3407 1696 sacri
3426 1675 3438 1684 -

1872 1728 2046 1783 [icium
2079 1745 2174 1800 per
2199 1731 2318 1785 illos
2337 1731 2530 1784 obtulit
2553 1730 2682 1785 Deo.
2707 1730 2888 1800 Neque
2905 1731 3044 1786 nllus
3066 1733 3435 1804 episcoporum

1870 1822 1937 1876 ab
1967 1821 2067 1877 hoc
2097 1822 2356 1892 imperiali
2386 1823 2632 1878 convivio
2658 1822 2846 1877 abfuit.
2879 1823 2984 1878 Res
3006 1839 3166 1894 porro
3191 1825 3300 1896 ipsa
3325 1841 3438 1879 Otil-

1870 1928 1992 1967 nem
2032 1911 2244 1968 dicendi
2289 1913 2498 1983 copiam
2545 1913 2701 1983 longe
2749 1914 3051 1982 superabat.
3105 1914 3439 1972 Protectores

1869 2007 2012 2063 enim
2051 2016 2105 2060 et
2151 2005 2347 2060 milites
2379 2005 2431 2059 in
2471 2005 2655 2061 orbem
2683 2005 2964 2074 dispositi,
2999 2005 3198 2061 strictis
3249 2006 3438 2076 gladiis

1869 2098 2048 2169 palatii
2081 2097 2404 2152 vestibulum
2435 2097 2823 2158 custodiebant.
2862 2097 3115 2154 Homines
3141 2108 3320 2154 autem
3345 2101 3434 2155 Dei

1873 2202 1969 2257 per
1996 2187 2230 2242 medium
2259 2187 2471 2242 illorum
2501 2188 2702 2258 absque
2732 2187 2842 2242 ullo
2869 2201 3010 2243 metu
3041 2188 3354 2253 transibant,
3385 2202 3439 2244 et

1867 2279 1932 2333 ad
1965 2279 2147 2332 intima
2195 2293 2361 2346 usque
2408 2278 2586 2348 palatii
2634 2279 2926 2348 penetralia
2979 2279 3430 2349 ingrediebantur.

1869 2372 1944 2426 Ex
1977 2372 2058 2424 liis
2079 2369 2273 2425 deinde
2295 2371 2384 2425 alii
2414 2386 2516 2424 una
2543 2386 2662 2425 cum
2687 2371 3006 2440 imperatore
3036 2373 3396 2427 accubuerunt
3422 2391 3433 2424 :

1865 2461 1952 2515 alii
1986 2463 2035 2514 in
2066 2460 2309 2516 stibadiis
2337 2461 2603 2532 utrimque
2629 2461 2899 2529 diSjiositis
2919 2461 3256 2518 discubuere.
3281 2465 3437 2519 Pror-

1866 2566 1958 2606 sus
1990 2552 2166 2621 imago
2194 2550 2436 2619 quaedam
2477 2553 2626 2622 regni
2667 2551 2863 2606 Christi
2890 2553 3213 2617 adumbrari,
3247 2567 3443 2624 resque

1866 2642 1978 2711 ipsa
2007 2642 2218 2696 somnio
2245 2657 2402 2712 quam
2431 2643 2640 2697 veritati
2669 2644 2883 2712 prepior
2911 2643 3207 2699 videbatur.

2446 2754 2670 2810 CAPUT
2711 2755 2846 2810 XVI.

1866 2869 2081 2924 Munera
2113 2870 2381 2942 Episcopis
2407 2871 2592 2926 donata
2641 2883 2686 2925 et
2716 2874 2896 2928 littera:
2920 2875 2986 2927 ad
3016 2891 3184 2930 omnes
3213 2878 3436 2948 scripta'.

1933 2982 2226 3038 Celebralis
2252 2984 2679 3053 splendidissimo
2719 2997 2971 3056 apparatu
3003 2990 3259 3045 conviviis
3279 3030 3293 3054 ,
3334 2991 3436 3043 int-

1862 3082 2076 3141 perator
2099 3082 2319 3128 cunctos
2343 3074 2635 3130 liberaliter
2657 3077 2947 3146 excipiens,
2973 3077 3022 3131 id
3039 3079 3198 3132 etiam
3226 3093 3321 3148 pro
3342 3095 3436 3134 sua

1783 3171 1830 3233 ς
1865 3165 2256 3234 magnificentia
2285 3166 2506 3235 adjecit,
2538 3176 2596 3222 ut
2624 3184 3059 3238 unumquemque
3097 3185 3191 3238 pro
3233 3173 3436 3226 meritis

1866 3271 1928 3310 ac
1955 3256 2211 3325 dignitate
2257 3259 2564 3311 muneribus
2606 3259 2912 3316 ltonuraret.
2947 3259 3054 3315 Eos
3099 3276 3307 3330 quoque
3345 3267 3435 3332 qtti

1866 3344 1989 3399 huic
2017 3344 2222 3414 synodo
2243 3345 2460 3400 minime
2483 3345 2866 3411 interfuissent,
2892 3348 2957 3402 de
2983 3349 3141 3403 rebus
3165 3351 3214 3403 in
3240 3365 3434 3420 cages-

1864 3437 1931 3488 tis
1960 3436 2216 3489 certiores
2259 3435 2382 3489 fecit
2427 3451 2520 3504 per
2561 3437 2761 3491 litteras
2793 3460 2803 3489 :
2837 3453 2967 3507 quas
3009 3441 3060 3493 in
3101 3439 3201 3494 hoc
3233 3453 3430 3511 Opere,

1865 3535 2110 3593 tanquam
2155 3525 2205 3578 iu
2240 3525 2411 3580 tabula
2458 3527 2684 3597 quadam
2717 3527 2911 3582 incisas
2949 3543 3261 3597 proponam.
3296 3531 3434 3587 Sunt

1861 3625 2036 3671 autem
2067 3616 2390 3686 ltujusmodi.

2427 3730 2652 3786 CAPUT
2707 3730 2868 3786 XVII.

1863 3820 2096 3890 Epistola
2125 3821 2441 3876 Constantini
2482 3824 2549 3874 ad
2590 3822 2843 3877 Ecclesias
2874 3824 2935 3876 de
2964 3824 3157 3892 synodo
3191 3823 3428 3880 Nicama.

1924 3934 2203 3998 (Epistolam
2223 3936 2346 3983 hanc
2379 3936 2468 3984 hoc
2491 3943 2540 3985 et
2565 3937 2656 3984 tria
2677 3950 2782 3998 seq.
2811 3949 2916 3998 cap.
2940 3935 3343 3998 oumplecteutem
3367 3939 3429 3984 vi-

1855 3995 1995 4045 desis'
2009 3995 2171 4056 infra.)

2441 4119 2666 4174 CAPUT
2711 4119 2848 4174 XXI.

1930 4232 2196 4303 Episcopis
2217 4233 2516 4288 discessuris
2557 4233 2820 4287 consilium
2845 4235 2931 4287 dat
2963 4242 3016 4288 ut
3040 4233 3357 4286 concordiam

2565 4343 2776 4386 servent.

1930 4447 2096 4499 Porro
2132 4461 2250 4514 cum
2281 4444 2526 4516 Synodus
2552 4445 2660 4512 jam
2703 4443 3039 4497 dissolveuda
3070 4450 3232 4508 esset,
3264 4442 3429 4510 impc-

212 4538 432 4582 astruens
461 4539 614 4600 atque
660 4529 914 4598 ailjuvans
936 4570 948 4593 ,
986 4529 1305 4597 pertinacius
1329 4539 1593 4585 certantes
1622 4546 1745 4599 pau-
1779 4542 1830 4600 Β
1858 4549 2003 4592 ratur
2032 4553 2332 4592 sermonem
2357 4553 2474 4591 cum
2505 4537 2782 4605 EpiscOpis
2810 4536 3110 4604 habuitque
3133 4535 3260 4605 ipsis
3288 4535 3428 4589 vale-

212 4617 340 4674 latim
367 4622 681 4676 conciliavit.
711 4621 950 4691 Cumque
977 4636 1161 4675 omnes
1207 4621 1410 4690 placide
1455 4622 1755 4691 alloqnerc-

219 4718 308 4777 tur.
342 4723 392 4767 et
427 4730 594 4785 grmca
625 4723 867 4768 uteretur
893 4713 1104 4783 lingua,
1141 4713 1335 4783 quippe
1377 4715 1463 4782 qui
1507 4729 1572 4768 ne
1603 4715 1757 4782 hujus

213 4803 404 4870 quidem
427 4805 615 4875 lingua:
647 4806 862 4875 ignarus
891 4813 1053 4867 esset,
1100 4804 1450 4859 suavissimus
1485 4819 1546 4859 ac
1569 4804 1758 4874 jucun-

213 4892 441 4951 dissimus
483 4897 577 4951 fuit
617 4915 629 4951 :
677 4896 801 4950 dum
833 4896 968 4948 alios
1001 4895 1052 4947 vi
1101 4894 1364 4962 rationum
1407 4894 1663 4948 adductos
1704 4896 1753 4948 in

213 4999 347 5040 suam
372 4991 677 5044 sententiam
709 4987 888 5052 trahit,
920 4987 1050 5040 alios
1096 4995 1214 5040 orat
1241 4995 1291 5040 et
1322 4987 1404 5041 lict
1424 4988 1518 5050 tit;
1556 5003 1756 5056 eosque

213 5079 291 5146 qui
329 5089 461 5136 recte
487 5083 772 5148 dixissent,
806 5079 1047 5133 laudibus
1079 5079 1271 5143 allicit,
1303 5087 1358 5132 et
1388 5080 1661 5133 universos
1692 5082 1756 5134 ad

213 5171 522 5226 concordiam
553 5173 754 5226 incitat.
790 5171 967 5225 Donec
1010 5169 1223 5224 tandem
1249 5184 1342 5225 eos
1386 5171 1676 5224 concordes
1706 5172 1756 5224 iu

215 5262 439 5318 omnibus
462 5264 524 5319 de
545 5264 738 5335 quibus
763 5271 915 5316 antea
940 5260 1266 5326 certabatur,
1289 5269 1342 5314 et
1367 5260 1758 5316 consentientes

217 5349 394 5408 effecit.

775 5429 997 5486 CAPUT
1037 5429 1172 5484 XIV.

333 5525 542 5582 Concors
571 5526 749 5596 synodi
777 5526 1021 5579 sententia
1049 5525 1111 5576 de
1138 5524 1238 5592 [ide
1265 5533 1312 5577 ct
1338 5523 1400 5576 dc
1425 5524 1630 5592 pascha.

285 5639 421 5697 Adeo
466 5653 520 5697 ut
554 5658 657 5697 non
705 5639 863 5696 modo
907 5639 1060 5694 unius
1092 5638 1209 5694 fidei
1236 5639 1580 5692 consonantia
1625 5638 1764 5707 apud

237 5742 404 5790 omnes
423 5732 683 5789 obtineret
705 5773 720 5801 ,
753 5745 933 5787 verum
976 5729 1129 5785 etiam
1162 5744 1324 5785 unum
1351 5727 1596 5798 idemque
1637 5739 1767 5786 tem-

1859 4629 2080 4683 diceret.
2124 4629 2327 4698 Quippe
2374 4644 2560 4682 omnes
2598 4639 2746 4682 certo
2774 4629 2860 4682 die
2890 4629 2940 4680 in
2969 4643 3130 4682 unum
3163 4641 3426 4682 convoca-

1861 4723 1952 4774 vit.
1981 4720 2220 4790 Cumque
2250 4721 2528 4786 adessent,
2560 4735 2652 4774 eos
2697 4720 2969 4774 admonuit
3012 4729 3068 4773 ut
3109 4722 3252 4788 pacis
3295 4721 3429 4772 inter

1860 4829 1918 4868 se
1958 4815 2235 4868 servanda:
2278 4813 2497 4868 studiosi
2530 4823 2741 4880 essent,
2772 4822 2824 4866 et
2866 4813 3166 4880 pervicaces
3207 4820 3429 4866 conten-

1864 4905 2033 4959 tiones
2074 4905 2348 4975 fugerent,
2399 4920 2496 4959 nec
2539 4905 2840 4960 inviderent
2879 4903 2922 4958 si
2966 4904 3083 4973 quis
3113 4905 3249 4958 inter
3287 4904 3429 4972 ipsos

1863 4997 2187 5067 Episcopus,
2236 4996 2511 5066 sapientia:
2556 5004 2607 5048 et
2659 4993 2910 5049 facundia:
2966 4994 3120 5048 laude
3171 4993 3428 5048 ﬂoreret:

1864 5086 1956 5141 sed
1983 5088 2394 5156 uniuscujusque
2411 5087 2654 5139 virtutem
2679 5098 2959 5138 commune
2976 5085 3211 5137 omnium
3235 5084 3431 5138 bonum

1865 5192 1983 5232 esse
2013 5177 2409 5240 existimarent;
2465 5191 2596 5229 neve
2629 5176 2660 5227 ii
2701 5176 2786 5244 qui
2837 5175 3230 5244 priestantiorcs
3273 5183 3428 5239 sunt,

1864 5283 2021 5337 supra
2068 5267 2346 5322 inferiores
2387 5283 2506 5322 sese
2554 5266 2837 5330 cll‘erreut;
2887 5268 2973 5320 Dei
3019 5268 3159 5321 enim
3188 5281 3336 5332 esse,
3365 5265 3433 5321 de

1864 5373 1989 5412 vera
2038 5359 2292 5428 cujusque
2325 5359 2516 5412 virtute
2544 5372 2606 5411 ac
2634 5358 2931 5426 praestantia
2957 5357 3211 5426 judicare.
3234 5359 3430 5414 Decerc

1865 5451 2038 5519 potius
2082 5459 2135 5503 ut
2181 5451 2578 5518 prtestaiitiores
2627 5448 3007 5503 infirmioribus
3045 5465 3164 5504 sese
3216 5463 3431 5502 accom-

1865 5546 2081 5597 modent
2126 5557 2243 5596 cum
2292 5543 2617 5612 indulgentia
2661 5540 2886 5611 quadam
2921 5556 2979 5594 ac
3009 5542 3252 5604 lenitate;
3295 5556 3428 5610 prm-

1865 5635 2044 5688 sertim
2091 5650 2208 5688 cum
2258 5634 2558 5688 absolutum
2601 5633 2843 5687 omnibus
2883 5632 3118 5687 numeris
3160 5631 3425 5702 quidpiam

1867 5731 2100 5799 reperire
2147 5744 2362 5799 prorsus
2407 5727 2773 5784 difﬁcillimum
2802 5728 2869 5784 sit
2920 5727 3101 5800 Itaque
3131 5728 3272 5798 ipsos
3301 5727 3428 5783 levis
