3876 6218
386 312 459 367 55
1674 308 1941 369 EUSEBII
1980 310 2308 369 PAMPHILI
3575 318 3644 375 50

383 424 608 479 aliorum
636 423 814 479 delicti
845 432 1026 479 mutuo
1051 424 1257 479 veniam
1287 423 1599 495 indulgere;
1632 434 1685 480 et
1708 424 1962 496 quidquid
1990 428 2045 486 Α

384 515 694 571 humanitus
716 527 989 585 peccatum
1013 517 1401 572 sitcondonare
1418 526 1688 587 oportere.
1713 532 1955 587 magnam

383 624 599 677 semper
647 610 905 664 rationem
954 610 1213 665 habentes
1259 620 1456 664 mutuae
1502 610 1836 673 concordiae;
1895 624 1962 664 ne

384 701 523 757 forte
566 702 689 756 dum
746 704 842 772 ipsi
894 703 1032 758 inter
1072 718 1131 759 se
1175 704 1466 760 seditiones
1515 708 1746 775 agitant,
1780 705 1842 758 iis
1872 705 1962 773 qui

385 791 620 846 divinam
656 794 822 862 legem
869 793 1162 847 maledictis
1210 795 1476 848 incessere
1507 794 1672 862 parati
1700 804 1851 861 sunt,
1887 793 1961 846 ri-

386 882 549 937 dendi
596 883 893 952 praebeatur
932 885 1162 938 occasio.
1191 886 1425 951 Quorum
1470 892 1646 939 tamen
1675 886 1959 938 maximam

385 972 645 1027 rationem
672 973 737 1026 ab
765 973 894 1041 ipsis
926 973 1222 1029 habendam
1252 989 1371 1029 esse
1393 1015 1407 1040 ,
1440 974 1637 1045 quippe
1658 988 1776 1028 cum
1809 974 1963 1029 facile

387 1063 590 1118 servari
634 1063 869 1133 possint,
904 1066 949 1119 si
979 1080 1041 1121 ea
1072 1081 1189 1135 quae
1233 1066 1370 1135 apud
1416 1082 1514 1119 nos
1550 1076 1804 1136 geruntur
1858 1066 1963 1120 illis

387 1156 583 1210 eximia
631 1164 686 1210 et
730 1155 1038 1210 admiranda
1091 1156 1388 1211 videantur.
1444 1156 1624 1227 Neque
1669 1173 1796 1211 vero
1836 1158 1963 1227 ipsis

388 1248 674 1304 obscurum
729 1263 848 1302 esse
905 1262 1216 1303 sermonum
1291 1250 1498 1318 copiam
1555 1248 1961 1318 haudquaquam

387 1339 633 1394 onmibus
667 1339 968 1393 hominibus
992 1339 1271 1393 utilitatem
1302 1338 1514 1395 afferre.
1541 1340 1643 1395 Alii
1670 1342 1811 1394 enim
1843 1347 1963 1394 tan-

384 1448 542 1502 quam
578 1431 643 1485 ad
679 1432 837 1485 vitam
877 1432 1279 1485 sustentandam
1313 1432 1593 1486 commoda
1632 1433 1733 1486 sibi
1764 1447 1962 1502 suppe-

387 1523 542 1577 ditari
571 1522 830 1592 gaudent;
869 1521 961 1576 alii
992 1523 1057 1576 ad
1086 1522 1435 1592 patrocinium
1459 1523 1633 1577 solent
1652 1521 1960 1592 confugere.

387 1612 611 1680 Quidam
659 1628 752 1667 eos
777 1629 806 1667 a
836 1614 1027 1679 quibus
1073 1614 1299 1684 benigne
1328 1614 1664 1683 excipiuntur
1692 1612 1916 1683 diligunt
1946 1629 1959 1677 ;

388 1704 630 1759 nonnulli
685 1706 1010 1759 munusculis
1054 1706 1332 1770 honorati,
1359 1706 1422 1758 ad
1458 1705 1743 1759 amicitiam
1771 1706 1961 1759 ineun-

388 1794 509 1850 dam
539 1797 900 1864 impelluntur.
936 1797 1096 1850 Pauci
1142 1798 1427 1851 admodum
1458 1808 1581 1851 sunt
1620 1798 1730 1852 veri
1758 1811 1963 1851 sermo—
1994 1803 2041 1860 B

389 1903 515 1941 num
566 1896 829 1941 amatores
861 1905 875 1944 :
906 1902 1004 1942 nec
1059 1886 1213 1942 facile
1264 1889 1559 1955 invenitur,
1596 1890 1682 1957 qui
1730 1888 1966 1942 veritatis

389 1977 660 2033 studiosus
688 1980 775 2033 sit.
810 1978 976 2047 Quam
1008 1981 1076 2035 ob
1106 1995 1319 2035 causam
1345 1981 1592 2035 omnibus
1613 1994 1732 2035 sese
1757 1995 1968 2034 accom-

392 2069 614 2123 modare
652 2080 892 2138 oportet,
931 2081 985 2124 et
1025 2072 1191 2125 instar
1222 2072 1413 2126 medici
1452 2073 1725 2140 cujusdam
1758 2087 1819 2125 ea
1849 2086 1967 2140 qua:

389 2160 455 2215 ad
485 2163 899 2232 uniuscujusque
934 2164 1158 2217 salutem
1190 2163 1337 2217 utilia
1369 2172 1492 2218 sunt
1536 2163 1964 2228 subministrare,

392 2264 449 2309 ut
493 2256 739 2309 salutaris
767 2255 1003 2309 doctrina
1044 2256 1188 2308 omni
1228 2270 1291 2309 es
1323 2264 1471 2324 parte
1501 2255 1567 2309 ab
1591 2254 1839 2308 omnibus
1866 2254 1965 2308 ho-

393 2359 631 2405 noretur.
675 2348 745 2403 Et
776 2348 888 2404 hinc
917 2349 1129 2418 quidem
1182 2350 1353 2418 primo
1396 2349 1515 2404 loco
1562 2350 1853 2419 imperator
1890 2352 1967 2406 eis

393 2444 663 2514 praecepit.
700 2442 777 2496 Ad
805 2452 1099 2497 extremum
1137 2458 1265 2497 vero
1293 2442 1514 2511 adjecit,
1547 2455 1599 2496 ut
1633 2458 1727 2512 pro
1754 2458 1811 2497 se
1835 2458 1968 2512 quo—

391 2553 496 2608 que
532 2550 718 2606 preces
748 2535 812 2589 ad
857 2535 1020 2588 Deum
1048 2536 1235 2590 sedqu
1282 2537 1533 2590 lacerent.
1564 2534 1697 2591 Cum
1746 2536 1796 2589 in
1829 2535 1968 2590 hunc

391 2629 607 2684 modum
633 2629 710 2683 eis
737 2626 1097 2690 valedixisset,
1128 2628 1334 2681 cunctis
1374 2626 1609 2697 posthaec
1650 2630 1700 2679 in
1744 2628 1966 2695 patriam

393 2720 650 2777 redeundi
699 2730 1013 2789 potestatem
1061 2719 1201 2774 fecit.
1254 2719 1332 2773 Illi
1390 2720 1547 2790 igitur
1591 2734 1797 2773 summa
1846 2737 1968 2775 cum

395 2814 658 2868 hilaritate
708 2812 924 2866 domum
995 2813 1195 2867 reversi
1245 2819 1402 2877 sunt;
1452 2826 1513 2865 ac
1563 2810 1813 2881 deinceps
1863 2828 1966 2866 una

392 2904 531 2974 apud
574 2918 761 2957 omnes
814 2903 975 2956 valuit
1022 2903 1231 2972 opinio,
1265 2903 1364 2957 sub
1417 2902 1581 2969 ipsius
1633 2905 1968 2971 imperatoris

392 2995 714 3066 praesentia,
761 2996 1033 3048 communi
1104 2997 1339 3047 omnium
1390 3008 1657 3048 consensu
1708 2992 1963 3059 firmata;

390 3102 511 3142 cum
553 3088 585 3141 ii
617 3088 703 3156 qui
744 3085 1056 3157 jamdudum
1087 3100 1117 3139 a
1148 3100 1205 3139 se
1236 3094 1416 3139 mutuo
1461 3084 1655 3138 divulsi
1699 3095 1885 3153 erant,
1914 3086 1966 3139 in

392 3196 555 3234 unum
582 3180 738 3233 veluti
768 3192 960 3249 corpus
989 3177 1329 3231 coaluissent.

958 3289 1182 3345 CAPUT
1215 3289 1379 3343 XXII.

466 3386 729 3453 Quomodo
754 3386 882 3438 alios
906 3385 1107 3453 quidem
1129 3386 1357 3436 hortulus
1378 3385 1439 3437 sit
1455 3424 1468 3448 ,
1496 3383 1561 3435 ad
1585 3381 1714 3435 alios
1736 3391 1901 3434 autem

607 3478 891 3547 scripserit,
924 3487 969 3529 et
1017 3478 1079 3528 de
1118 3477 1443 3544 pecuniarum
1490 3476 1754 3528 divisione.

465 3592 636 3645 Tanto
676 3589 831 3658 igitur
871 3600 1123 3641 successu
1168 3586 1457 3653 imperator
1504 3583 1872 3648 exhilaratus,
1908 3583 1971 3637 iis

393 3683 482 3753 qui
510 3680 714 3751 synodo
753 3678 969 3732 minime
1011 3675 1398 3738 interfuissent,
1426 3675 1783 3743 graIISsitnum
1827 3671 1968 3727 fruc-

395 3784 503 3827 tum
552 3788 645 3841 per
693 3772 891 3824 litteras
931 3770 1169 3837 praebuit.
1203 3767 1307 3823 Sed
1334 3776 1389 3821 et
1415 3766 1676 3819 universis
1724 3765 1965 3833 populis,

397 3874 503 3917 tam
527 3863 590 3915 iis
614 3862 699 3930 qui
731 3875 824 3928 per
845 3874 1000 3928 agros
1022 3874 1175 3927 quam
1199 3857 1287 3926 qui
1314 3860 1363 3910 in
1388 3856 1605 3911 urbibus
1634 3855 1967 3919 habitabant,

394 3969 636 4023 magnam
698 3953 935 4019 pecuniae
993 3953 1094 4003 vim
1164 3948 1408 4003 distribui
1455 3948 1646 4016 jussit,
1705 3947 1966 4015 publicam

393 4049 730 4102 festivitatem
774 4045 842 4098 ob
881 4044 1191 4097 vicesimum
1245 4041 1452 4109 imperii
1497 4040 1579 4093 sui
1627 4056 1823 4093 annum
1870 4039 1969 4093 hac

393 4141 599 4194 ratione
625 4136 1029 4193 concelebraris.

959 4246 1184 4303 CAPUT
1231 4246 1418 4301 XXIII.

433 4343 695 4411 Quomodo
717 4342 783 4396 ad
807 4339 1085 4411 {Egyptios
1115 4339 1398 4407 scripserit,
1430 4352 1610 4407 eosque
1635 4338 1703 4389 ad
1732 4353 1905 4405 pacem

980 4431 1207 4484 hortatus
1236 4430 1321 4482 sit.

2635 428 2863 486 CAPUT
2904 430 3092 487 XXIV.

2160 517 2425 585 Quomodo
2453 521 2698 592 episcOpis
2726 531 2770 575 et
2805 522 3028 590 plebibus
3053 524 3310 595 religiosas
3348 525 3539 580 litteras

2631 614 2821 682 sapius
2854 614 3073 681 scripsit.

2136 698 2240 755 Sed
2279 709 2332 754 et
2375 700 2473 754 alia
2506 701 2728 771 plurima
2776 704 3034 773 ejusmodi
3089 704 3329 773 scripsit,
3382 720 3443 760 ac
3505 722 3645 775 pene

2062 792 2475 848 innumerabiles
2548 796 2784 850 exaravit
2844 798 3129 865 epistolas;
3188 812 3328 851 nunc
3377 799 3649 869 episcopis

2064 885 2413 951 priescrihens
2441 900 2533 950 ea,
2578 901 2697 954 quae
2725 887 2787 939 ad
2833 889 3176 942 ecclesiarum
3230 888 3321 943 Dei
3354 889 3644 945 utilitatem

2063 974 2375 1041 Spectabaut
2408 992 2419 1029 :
2455 991 2592 1030 nunc
2639 977 2778 1046 ipsas
2832 978 3013 1048 plebes
3044 995 3138 1049 per
3166 981 3368 1036 litteras
3397 983 3648 1052 compel-

2065 1065 2199 1131 lans,
2225 1066 2522 1137 fratresque
2544 1078 2597 1123 et
2623 1084 2910 1125 conservos
2936 1086 3063 1127 suos
3086 1073 3365 1127 nominans
3392 1074 3649 1129 Ecclesiae

2065 1158 2311 1228 populos,
2343 1160 2423 1213 vir
2471 1159 2826 1217 beatissimus.
2866 1163 3057 1219 Verum
3110 1165 3223 1219 haec
3271 1176 3518 1235 separato
3550 1182 3653 1221 vo-

2066 1250 2266 1306 lumine
2286 1252 2560 1321 colligere,
2586 1253 2717 1308 alias
2740 1251 2967 1310 fortasse
2989 1256 3156 1311 Otium
3188 1256 3378 1324 fuerit,
3402 1272 3468 1312 ne
3488 1256 3650 1328 hujus

2066 1342 2303 1397 historiae
2334 1354 2528 1399 nostra:
2560 1346 2726 1401 series
2752 1346 3190 1417 interrumpatur.

2633 1459 2856 1516 CAPUT
2908 1460 3074 1514 XXV.

2132 1547 2394 1613 Quomodo
2432 1549 2797 1622 Hierosolymis
2825 1553 2879 1605 in
2907 1561 3079 1605 sancto
3112 1550 3390 1606 Dominicae
3413 1569 3586 1607 resur-

2285 1643 2521 1696 rectionis
2545 1644 2653 1696 loco
2679 1646 2917 1713 templum
2940 1644 3133 1698 exstrui
3162 1645 3419 1715 precepit.

2142 1753 2232 1808 llis
2263 1758 2328 1807 ita
2357 1756 2553 1824 gestis,
2582 1757 2871 1826 imperator
2902 1757 3009 1812 Deo
3035 1772 3192 1812 carus
3221 1756 3359 1811 aliud
3393 1757 3651 1826 quiddam

2077 1848 2343 1917 imprimis
2393 1850 2739 1903 memorabile
2790 1864 3070 1920 aggressus
3098 1858 3183 1904 est
3242 1850 3289 1905 in
3339 1850 3643 1903 Palaisdna.

2071 1938 2331 2007 Quidnam
2355 1954 2479 1994 vero
2499 1940 2623 1993 illud
2648 1943 2765 1995 est?
2792 1941 3161 1995 Beatissimum
3187 1940 3334 1993 illum
3357 1940 3649 1995 Dominicze

2071 2032 2478 2088 resurrectionis
2508 2033 2679 2085 locum
2713 2033 2799 2100 qui
2833 2042 2914 2086 est
2941 2032 3342 2102 Hierosttlymis,
3377 2031 3648 2087 illustrem

2050 2122 2133 2175 ac
2175 2123 2535 2177 venerabilem
2582 2125 2784 2178 cunctis
2834 2123 3143 2177 mortalibus
3192 2122 3439 2187 efficere,
3485 2123 3649 2176 officii

2070 2215 2151 2269 sui
2182 2229 2301 2269 esse
2329 2216 2670 2270 existimavit.
2715 2214 3007 2270 Confestim
3042 2216 3198 2287 igitur
3228 2215 3517 2269 oratorium
3548 2215 3656 2269 ibi-

2072 2306 2191 2360 dem
2221 2308 2421 2361 exstrui
2469 2306 2736 2361 mandavit
2766 2324 2779 2359 :
2814 2320 2918 2361 neu
2950 2306 3151 2375 absque
3182 2304 3271 2360 Dei
3315 2315 3441 2359 nutu
3468 2320 3530 2359 eo
3561 2307 3654 2358 in-

2070 2398 2261 2453 ductus
2284 2440 2299 2464 ,
2326 2398 2417 2454 sed
2451 2400 2567 2469 ipso
2604 2400 2889 2455 Servatore
2936 2398 3051 2467 ejus
3095 2398 3325 2452 animum
3372 2397 3647 2454 incitante.

2617 2508 2841 2566 CAPUT
2894 2509 3082 2564 XXVI.

2190 2602 2455 2669 Quomodo
2485 2604 2628 2673 impii
2655 2605 2943 2673 sepulcrum
2970 2602 3174 2656 Domini
3200 2603 3462 2656 ruderibus
3491 2611 3536 2656 et

2350 2694 2638 2747 simulacris
2676 2696 3005 2765 superpositis
3044 2695 3352 2747 obtexerant.

2142 2805 2347 2876 Quippe
2392 2807 2539 2876 impii
2588 2807 2856 2877 quondam
2908 2808 3168 2873 homines,
3202 2823 3294 2861 seu
3327 2808 3498 2878 potius
3524 2808 3653 2862 uni-

2072 2914 2283 2954 versum
2308 2900 2609 2953 daemonum
2637 2915 2824 2970 genus,
2852 2900 3130 2969 impiorum
3161 2899 3431 2952 hominum
3459 2913 3653 2966 opera,

2071 2988 2433 3043 venerandum
2464 2989 2592 3042 illud
2623 2988 3037 3043 immortalitatis
3067 2997 3465 3043 monumentum
3493 2999 3652 3043 tene-

2071 3081 2181 3135 bris
2211 3091 2369 3151 atque
2416 3082 2682 3135 oblivione
2730 3083 2939 3150 penitus
2991 3082 3259 3136 involvere
3308 3082 3653 3137 studuerant.

1997 3180 2039 3241 (ζ
2072 3171 2205 3225 Illud
2228 3212 2241 3236 ,
2272 3173 2483 3240 inquam
2504 3214 2517 3237 ,
2551 3181 2978 3237 monumentum,
3013 3171 3077 3225 ad
3101 3171 3239 3241 quod
3270 3171 3487 3239 angelus
3516 3170 3655 3227 olim

2074 3280 2105 3319 e
2129 3266 2266 3319 creto
2310 3264 2557 3334 delapsus
2595 3264 2891 3317 admirabili
2924 3264 3040 3317 luce
3069 3264 3307 3327 radians,
3339 3278 3523 3316 saxum
3556 3278 3659 3317 re.

2073 3356 2313 3409 volverat
2356 3370 2421 3408 ex
2468 3355 2659 3409 animis
2705 3370 2889 3409 eorum
2921 3356 3010 3424 qui
3040 3371 3162 3409 vere
3208 3355 3350 3408 saxei
3380 3362 3561 3419 erant,
3597 3363 3658 3409 et

2074 3448 2165 3515 qui
2194 3448 2463 3501 viventem
2516 3449 2784 3501 Christum
2833 3449 2971 3501 inter
3001 3457 3236 3503 mortuos
3271 3446 3443 3502 adhuc
3463 3448 3657 3516 jacere

2074 3537 2467 3591 arbitrabantur
2499 3556 2510 3590 :
2543 3538 2746 3593 felicem
2785 3540 3023 3593 nuntium
3055 3539 3279 3593 aiferens
3311 3538 3651 3607 mulieribus,

2074 3639 2128 3681 et
2175 3629 2559 3683 incredulitatis
2613 3631 2837 3700 lapidein
2872 3650 2897 3683 a
2941 3632 3204 3685 mentibus
3245 3647 3424 3685 earum
3469 3646 3655 3686 remo-

2073 3733 2231 3786 vens,
2264 3729 2321 3773 ut
2348 3722 2650 3787 opinionem
2683 3723 2750 3775 de
2780 3723 2881 3773 vita
2915 3720 3029 3788 ejus
3071 3722 3158 3789 qui
3205 3721 3271 3774 ab
3302 3721 3403 3774 illis
3430 3737 3655 3791 quaere-

2072 3812 2227 3866 batur
2260 3812 2579 3867 adstrueret.
2626 3813 2767 3867 lianc
2795 3814 2951 3882 igitur
2980 3814 3266 3866 salutarem
3299 3813 3613 3881 speluncam
3635 3857 3651 3879 ,

2073 3903 2218 3971 impii
2242 3903 2453 3971 quidam
2478 3918 2540 3957 ac
2563 3904 2762 3973 profani
2804 3904 3047 3956 homines
3089 3902 3318 3957 funditus
3344 3903 3556 3957 abolere
3591 3906 3652 3960 in

2073 3993 2305 4047 animum
2365 3994 2715 4059 induxerant,
2763 3995 2926 4049 stulte
2994 3994 3278 4048 admodum
3328 3994 3523 4062 opinati
3583 4010 3654 4049 se

2075 4088 2173 4141 hoc
2216 4088 2373 4140 modo
2415 4090 2691 4141 veritatem
2742 4102 2861 4143 esse
2904 4089 3282 4142 occultaturos.
3314 4088 3494 4158 Itaque
3536 4103 3651 4144 non

2072 4180 2187 4234 sine
2231 4194 2439 4234 summo
2478 4181 2677 4247 labore,
2726 4181 2953 4248 plurima
2985 4180 3147 4234 humo
3174 4180 3383 4235 aliunde
3421 4179 3653 4235 advecta

2071 4279 2387 4339 aggestaque
2435 4280 2599 4324 totum
2647 4272 2818 4324 locum
2850 4271 3152 4339 opplevere.
3184 4272 3350 4335 Quem
3378 4284 3497 4323 cum
3530 4284 3656 4327 me-

2070 4360 2236 4413 diocri
2268 4358 2546 4414 altitudine
2573 4360 2885 4414 extulissent
2912 4369 2963 4413 et
2994 4360 3165 4428 lapide
3193 4360 3647 4427 constravissent,

2071 4453 2169 4505 sub
2192 4453 2289 4506 hac
2312 4461 2453 4505 tanta
2476 4453 2723 4521 congerie
2744 4465 2948 4505 sacram
2971 4451 3276 4519 speluncam
3302 4452 3648 4507 ohtexerunt.

466 4554 660 4608 Verum
705 4550 910 4606 cunctis
955 4548 1092 4602 inter
1131 4561 1189 4600 se
1230 4560 1410 4615 pacem
1455 4544 1782 4613 colentibus,
1828 4544 1964 4615 apud
1997 4550 2043 4608 Β
2073 4542 2276 4597 Dehinc
2302 4542 2524 4611 perinde
2553 4557 2615 4596 ac
2637 4543 2681 4597 si
2709 4541 2837 4595 nihil
2882 4542 3111 4612 amplius
3154 4544 3280 4611 ipsis
3306 4555 3649 4613 superesset,

390 4646 535 4702 solos
576 4642 855 4714 Egyptios
903 4637 1251 4709 implacabilis
1294 4637 1653 4692 contentionis
1701 4635 1846 4691 furor
1878 4653 1964 4690 ar—

388 4740 567 4802 debat,
623 4737 756 4790 adeo
802 4746 858 4788 ut
882 4732 1177 4787 molestiam
1210 4730 1419 4787 quidem
1452 4730 1764 4784 exhiberem
1796 4732 1963 4798 impe-

388 4830 587 4893 ratori;
616 4842 720 4882 non
752 4824 872 4880 ideo
917 4834 1089 4877 tamen
1133 4837 1255 4877 etim
1299 4821 1362 4875 ad
1406 4820 1730 4876 iracundiam
1760 4822 1964 4877 excita-

388 4929 526 4975 rent.
566 4919 685 4972 Illos
730 4915 871 4969 enim
925 4923 979 4967 ut
1021 4922 1216 4983 patres,
1258 4920 1347 4964 aut
1379 4912 1552 4979 potius
1578 4920 1633 4965 ttt
1675 4910 1961 4980 prophetas

390 5012 521 5074 Dei,
548 5007 689 5062 omni
738 5006 938 5058 honore
969 5005 1256 5073 imperator
1279 5000 1551 5064 afficiens,
1581 4999 1773 5054 iterum
1806 5001 1869 5053 ad
1902 5016 1960 5056 se

385 5100 627 5163 vocavit;
661 5100 845 5150 iterum
879 5096 1080 5147 arbiter
1124 5090 1433 5146 eornmdem
1483 5090 1610 5156 fuit;
1649 5092 1962 5146 iterum'eos

386 5188 695 5245 muneribus
741 5200 803 5239 ac
837 5184 990 5237 donis
1041 5182 1339 5236 honoravit.
1387 5180 1719 5235 Sententiam
1749 5196 1961 5249 quoque

382 5294 539 5350 quam
598 5275 798 5331 arbiter
854 5274 1093 5336 dixerat,
1145 5288 1240 5342 per
1295 5272 1573 5340 epistolam
1605 5272 1957 5341 significavit,

382 5369 705 5426 confirmans
750 5376 804 5421 et
847 5366 1091 5419 sanciens
1135 5379 1195 5418 ea
1248 5378 1365 5432 qua:
1416 5378 1441 5414 a
1491 5362 1708 5433 Synodo
1743 5364 1957 5418 decreta

382 5460 629 5523 fuerant,
662 5470 858 5525 eosque
904 5455 1193 5508 adhortans
1235 5463 1292 5506 ut
1320 5454 1622 5506 concordize
1651 5453 1956 5521 studerent,

381 5567 482 5608 nec
511 5552 763 5605 Ecclesia:
792 5563 984 5617 corpus
1004 5548 1303 5602 distrahere
1323 5562 1383 5599 ac
1404 5546 1708 5616 discerpere
1739 5548 1955 5615 vellent,

379 5644 472 5701 sed
504 5643 733 5697 futurum
764 5640 853 5693 Dei
891 5638 1145 5707 judicium
1178 5638 1357 5691 animo
1389 5646 1713 5707 reputarent.
1746 5638 1812 5693 Et
1840 5640 1955 5695 haec

379 5734 591 5807 quidem
623 5734 911 5804 imperator
937 5728 1151 5801 speciali
1178 5728 1403 5799 epistola
1433 5728 1511 5785 eis
1536 5727 1817 5800 suggessit.

2070 4647 2231 4702 supra
2272 4633 2399 4687 illud
2429 4634 2632 4699 solum,
2668 4633 2950 4687 infaustum
2986 4647 3203 4702 prorsus
3232 4633 3526 4688 animarum
3556 4649 3651 4690 se-

2068 4725 2309 4794 pulcrum
2338 4734 2750 4787 exstruxerunt,
2783 4725 3060 4779 obscuram
3100 4734 3426 4778 mortuorum
3477 4726 3651 4780 simu-

2068 4816 2333 4869 lacrorum
2352 4830 2631 4869 cavernam
2658 4815 2708 4868 in
2729 4815 2981 4869 honorem
3008 4815 3186 4870 lascivi
3209 4815 3463 4869 dmmonis
3483 4830 3649 4885 quem

2065 4906 2331 4961 Venerem
2371 4916 2564 4961 vocant
2606 4907 2930 4961 aediﬁcantes
2960 4924 2971 4958 :
3004 4909 3088 4961 ubi
3146 4908 3439 4961 execranda
3480 4909 3650 4962 sacri-

2068 4995 2184 5049 licia
2228 5011 2389 5065 super
2420 4997 2653 5065 profanis
2685 5005 2739 5050 et
2769 4998 2987 5063 impuris
3037 4997 3293 5052 altaribus
3323 4996 3641 5052 offerebant.

2067 5087 2121 5141 Id
2148 5089 2288 5142 enim
2319 5088 2457 5157 quod
2487 5089 2843 5151 instituerant,
2872 5088 2943 5141 ita
2979 5087 3192 5142 demum
3226 5103 3283 5142 se
3314 5088 3647 5157 perfecturos

2064 5192 2185 5233 esse
2214 5179 2586 5247 opinabantur,
2619 5181 2660 5231 si
2696 5179 2915 5246 impuris
2957 5178 3258 5246 hujusmodi
3288 5179 3529 5233 sordibus
3555 5194 3648 5234 sa-

2064 5270 2288 5322 Iutarem
2317 5270 2623 5337 speluncam
2652 5269 2971 5323 obruisseut.
3013 5270 3185 5324 Miseri
3226 5272 3366 5325 enim
3394 5271 3518 5324 illud
3559 5272 3645 5325 itt-

2065 5360 2298 5429 telligere
2326 5375 2428 5413 non
2462 5360 2851 5427 poterant,fieri
2883 5363 3098 5414 omnino
3124 5376 3227 5415 non
3260 5378 3435 5431 posse,
3470 5373 3524 5417 ut
3550 5368 3643 5432 qui

2062 5453 2128 5505 de
2160 5462 2328 5506 morte
2362 5453 2633 5506 victoriam
2683 5454 2981 5518 retulisset,
3019 5455 3118 5508 hoc
3160 5455 3404 5523 ipsorum.
3436 5454 3643 5513 facinus

2060 5546 2323 5602 occultum
2352 5544 2680 5614 relinqueret
2709 5562 2722 5598 :
2756 5545 3199 5613 quemadmodum
3243 5547 3341 5601 nec
3384 5545 3497 5601 fieri
3545 5562 3642 5617 p0-

2060 5649 2195 5704 test,
2239 5648 2295 5691 ttt
2324 5638 2403 5691 sol
2446 5652 2606 5707 supra
2653 5646 2820 5691 terras
2866 5637 3106 5699 radians,
3148 5646 3201 5691 et
3242 5652 3552 5694 consuetum
3583 5643 3639 5697 in

2056 5730 2193 5786 coelo
2230 5742 2445 5783 cursum
2487 5741 2774 5799 peragens,
2817 5728 2979 5782 totius
3007 5728 3218 5797 generis
3250 5728 3464 5784 humani
3495 5733 3636 5787 noti-

2492 5949 2586 6005 χ
