3876 6218
194 308 255 365 57
1222 318 1306 375 DE
1339 319 1499 377 VITA
1536 319 1984 379 CONSTANTINI
2022 324 2224 381 LlBER
2264 324 2354 384 llI.
3380 330 3447 386 58

192 421 309 512 tiam
334 420 719 495 subterfugiat.
765 426 971 499 Quippe
997 428 1292 487 Servatoris
1335 433 1498 487 nostri
1542 433 1775 502 potentia
1802 435 1853 495 Λ
1881 443 2090 504 turum,
2147 437 2322 492 divina
2378 437 2601 507 quadam
2653 438 2925 496 alacritate
2980 440 3313 512 praeviderat.
3374 444 3450 497 Ac

198 510 344 582 longe
362 518 739 584 praestantiori
782 519 897 575 luce
926 521 1269 591 resplendcns
1290 564 1305 588 ,
1336 538 1435 578 nec
1469 535 1522 578 ut
1555 525 1631 579 sol
1661 539 1779 580 cor-

195 604 471 672 pora,sed
518 606 738 663 animos
789 611 1055 665 hominum
1106 612 1401 679 illustrans,
1454 599 1775 684 totumljam

195 699 443 747 terrarum
493 695 689 750 orbem
723 699 883 753 radiis
916 701 1185 771 implebat.
1213 702 1317 758 Sed
1346 704 1692 759 nihilominus
1714 722 1775 761 ea

193 800 303 853 qua:
344 784 489 855 impii
537 803 604 843 ac
657 791 863 858 profani
915 792 1155 848 homines
1203 794 1461 849 adversus
1502 797 1773 851 veritatem

198 873 474 929 machinati
509 876 759 944 fuerant,
790 881 947 951 longo
987 885 1236 953 temporis
1272 886 1443 955 Spatio
1475 902 1778 955 permanse-

196 978 327 1021 runt.
359 966 468 1022 Nec
519 970 667 1025 ullus
700 986 762 1027 ex
795 974 1140 1041 praesidibus,
1180 987 1271 1031 aut
1298 993 1360 1032 ex
1388 977 1644 1044 ducibus,
1688 989 1778 1034 aut

199 1070 257 1112 ex
297 1059 421 1123 ipsis
447 1062 613 1115 etiam
662 1064 1100 1133 imperatoribus,
1130 1069 1217 1138 qui
1260 1067 1327 1123 ad
1354 1077 1557 1125 tantum
1604 1073 1777 1127 scelus

202 1151 539 1207 evertendum
572 1154 801 1211 idoneus
828 1156 981 1223 foret,
1026 1159 1267 1215 inventus
1292 1171 1373 1217 est
1400 1172 1590 1231 praeter
1613 1179 1774 1219 unum

203 1242 304 1297 Deo
330 1247 569 1300 omnium
614 1249 727 1318 regi
770 1251 1191 1319 acceptissimum
1236 1255 1545 1324 principem.
1576 1256 1674 1323 Qui
1698 1257 1778 1312 di-

203 1334 318 1388 vino
362 1336 638 1391 animatus
690 1339 918 1409 Spiritu,
946 1357 1065 1396 cum
1110 1358 1271 1413 supra
1313 1357 1665 1401 memoratum
1697 1348 1776 1402 lo-

199 1434 331 1486 cum,
357 1423 611 1477 omnibus
637 1428 996 1495 purgamentis
1016 1442 1076 1483 ac
1097 1428 1345 1484 sordibus
1369 1432 1435 1485 ab
1460 1431 1777 1487 adversariis

200 1508 554 1569 fraudulenter
586 1516 922 1571 obstructum
941 1560 955 1586 ,
984 1530 1038 1574 et
1065 1520 1316 1576 oblivioni
1362 1525 1571 1592 penitus
1615 1525 1775 1578 tradi-

206 1611 308 1656 tum
337 1618 454 1659 esse
501 1606 724 1677 indigne
764 1607 954 1673 ferret,
988 1626 1085 1666 nec
1115 1614 1433 1680 improbitati
1477 1631 1659 1670 eorum
1689 1618 1775 1686 qui

208 1692 256 1747 id
290 1694 452 1750 moliti
502 1695 719 1752 fuerant
766 1699 1056 1755 cedendum
1108 1718 1225 1758 esse
1271 1706 1650 1773 arbitraretur,
1683 1707 1774 1762 Dei

209 1784 454 1854 adjutoris
499 1787 586 1842 sui
642 1790 857 1845 numine
907 1793 1180 1861 invocato,
1228 1799 1438 1865 purgari
1478 1799 1773 1867 praecepit:
1807 1811 1852 1869 Β

204 1888 339 1933 ratus
384 1894 503 1934 eam
556 1883 791 1938 maxime
842 1885 941 1939 Soli
991 1897 1226 1955 partem,
1277 1904 1433 1957 quam
1487 1890 1776 1945 adversarii

204 1974 682 2039 contaminassent,
708 1991 800 2031 sua
846 1994 1005 2046 opera
1033 1994 1093 2033 ac
1123 1980 1416 2035 ministerio
1460 1982 1633 2036 divina
1678 1984 1775 2037 frui

206 2062 591 2130 magniﬁcentia
627 2076 891 2134 oportere.
943 2068 1106 2122 Simul
1137 2084 1295 2139 atque
1327 2071 1425 2124 hoc
1455 2072 1520 2125 ab
1552 2072 1778 2141 impera-

208 2161 313 2206 tore
352 2164 683 2223 prirceptum
708 2166 821 2221 est,
848 2160 1106 2214 continuo
1130 2174 1290 2227 opera
1321 2160 1407 2214 illa
1445 2161 1509 2215 ad
1539 2161 1775 2217 fraudem

208 2256 523 2314 comparata,
552 2262 585 2301 e
609 2247 818 2303 sublimi
854 2250 922 2304 ad
954 2251 1123 2305 solum
1147 2252 1352 2321 dejecta
1384 2264 1542 2321 sunt,
1572 2266 1622 2309 et
1645 2256 1775 2309 aedi-

210 2334 315 2387 ficia
345 2337 408 2389 ad
438 2336 796 2405 decipiendos
843 2340 1083 2396 homines
1129 2353 1462 2409 constructa,
1497 2361 1617 2400 cum
1652 2348 1777 2416 ipsis

210 2425 385 2478 statuis
413 2441 477 2480 ac
504 2425 841 2483 daemonibus
867 2431 1036 2484 diruta
1067 2445 1187 2487 sunt
1216 2450 1278 2489 ac
1306 2436 1577 2505 dissipata.

756 2539 979 2599 CAPUT
1024 2544 1231 2600 XXVII.

278 2625 540 2692 Quomodo
569 2628 927 2689 Constantinus
954 2636 1126 2706 templi
1155 2639 1410 2693 materiam
1440 2657 1500 2694 ac
1525 2640 1706 2695 rudera

591 2722 882 2793 longissime
904 2728 1086 2796 projici
1113 2730 1386 2784 mandavit.

277 2834 450 2907 Neque
484 2846 667 2894 tamen
701 2839 788 2896 hic
813 2844 1116 2913 conquievit
1146 2845 1482 2913 imperatoris
1508 2844 1771 2900 alacritas.

215 2926 305 2980 Sed
353 2940 613 2998 praeterea
664 2932 771 2986 tolli
819 2944 932 2989 ruta
983 2950 1147 3003 ca‘sa,
1188 2947 1239 2991 et
1270 2953 1426 3007 quam
1473 2938 1777 3007 longissime

214 3028 346 3072 extra
396 3022 532 3076 fines
580 3025 813 3093 regionis
844 3028 1028 3096 projici
1078 3028 1368 3082 mandavit.
1414 3029 1566 3095 Quod
1596 3030 1774 3083 itidem

216 3123 523 3180 praeceptum
583 3118 827 3185 protinus
856 3119 1152 3173 executioni
1180 3120 1481 3174 mandatum
1510 3131 1609 3175 est.
1642 3121 1777 3174 Huc-

216 3216 366 3269 usque
409 3220 537 3260 vero
588 3223 899 3277 progressus
943 3210 1257 3279 imperator,
1296 3228 1624 3283 nequaquam
1675 3214 1773 3269 sibi
1802 3184 1845 3245 C

214 3292 469 3349 satisfecit.
505 3298 635 3364 Sed,
668 3299 847 3353 divino
887 3302 1113 3369 quodam
1158 3314 1289 3357 aestu
1323 3305 1588 3370 incitatus,
1618 3306 1775 3374 jussit

217 3393 267 3437 ut
289 3386 394 3440 loco
422 3390 683 3445 altissime
710 3392 934 3457 effosso,
963 3394 1134 3448 solum
1162 3397 1333 3463 ipsum
1364 3407 1546 3466 utpote
1575 3398 1773 3452 daemo-

218 3494 330 3533 num
363 3484 586 3551 piaculis
607 3488 1020 3541 contaminatum
1043 3529 1057 3554 ,
1091 3489 1244 3542 simul
1266 3504 1385 3543 cum
1404 3500 1582 3561 egesta
1614 3490 1774 3545 humo

216 3583 357 3637 quam
384 3574 695 3644 longissime
720 3588 1109 3642 exportaretur.

725 3686 949 3743 CAPUT
979 3688 1209 3744 XXVIII.

492 3777 842 3849 Manifestatio
881 3782 1181 3834 sanctissimi
1211 3783 1447 3851 sepulcri.

279 3887 375 3941 Nec
400 3903 583 3950 mora;
610 3888 746 3941 istud
774 3906 1005 3958 quoque,
1026 3901 1080 3943 ut
1096 3892 1301 3959 jussum
1334 3904 1470 3959 erat,
1490 3894 1762 3962 impletum

215 3989 305 4030 est.
348 3978 631 4047 Postquam
660 3980 804 4033 aliud
833 3981 1027 4047 solum,
1064 3983 1209 4036 locus
1239 3984 1444 4039 scilicet
1471 3986 1562 4056 qui
1592 3987 1643 4039 in
1667 3988 1773 4042 imo

216 4080 335 4136 erat,
368 4072 640 4140 apparuit;
688 4081 811 4126 tunc
835 4088 963 4128 vero
986 4075 1154 4143 ipsum
1186 4086 1465 4145 augustum
1498 4080 1773 4133 sanctissi-

213 4174 447 4231 munique
520 4163 799 4217 dominicae
869 4167 1275 4220 resurrectionis
1363 4177 1763 4223 monumentum

216 4262 392 4320 prmter
419 4256 660 4308 omnium
681 4269 829 4325 spem
862 4256 1097 4321 refulsit;
1155 4269 1208 4312 et
1244 4259 1492 4328 spelunca
1522 4260 1606 4313 illa
1654 4276 1772 4330 qua:

214 4354 381 4398 sancta
440 4356 747 4401 sanctorum
802 4364 925 4402 rere
969 4349 1071 4403 dici
1122 4360 1315 4420 potest,
1369 4353 1772 4408 resurrectionis

215 4436 507 4493 Servatoris
540 4441 705 4495 nostri
751 4441 1032 4510 quamdam
1063 4444 1768 4512 expressitsimilitudinem,

1880 532 2178 588 rectoribus
2222 533 2433 603 quidem
2485 534 2871 601 provinciarum
2897 551 2989 604 per
3018 534 3285 592 Orientem
3316 549 3451 604 pra:-

1880 624 2020 692 cepit
2067 633 2144 690 ut,
2200 624 2455 694 impensis
2511 628 2724 696 copiose
2776 626 3207 692 subministratis,
3264 627 3448 697 ingens

1880 716 2220 786 amplumque
2283 725 2336 772 et
2380 718 2717 788 magnificum
2795 732 2928 787 opus
2973 717 3099 772 illud
3148 716 3445 773 efficerent.

1880 804 1958 858 Ad
1988 807 2298 876 episcOpum
2333 822 2461 864 vero
2488 808 2577 878 qui
2606 819 2727 862 tunc
2756 809 3010 878 temporis
3057 810 3449 881 Hierosolymo-

1878 911 1995 952 rum
2028 898 2245 966 regebat
2273 900 2551 953 ecclesiam
2601 898 2858 967 ejusmodi
2892 900 3095 954 litteras
3122 899 3303 965 dedit,
3332 902 3449 969 qui-

1880 984 1979 1040 bus
2020 987 2267 1043 salutaris
2312 989 2433 1043 fidei
2463 988 2757 1044 doctrinam
2783 990 3130 1060 apertissimis
3158 990 3331 1046 verbis
3358 991 3450 1046 ad-

1878 1078 2135 1146 struebat,
2168 1081 2236 1134 ita
2267 1081 2503 1137 scribens
2524 1098 2539 1132 :

2444 1193 2668 1249 CAPUT
2700 1194 2868 1250 XXX.

1952 1284 2268 1340 Constantini
2308 1286 2375 1340 ad
2411 1287 2692 1342 Macarium
2716 1288 2927 1356 epistola
2952 1288 3014 1341 de
3036 1288 3373 1357 tediﬁcatione

2289 1379 2528 1451 Martyrii
2558 1380 2838 1436 Servatoris
2855 1382 3031 1435 nostri.

1941 1488 2098 1559 (Hane
2135 1491 2387 1559 gpistolam
2432 1492 2525 1543 hoc
2564 1504 2614 1543 et
2646 1493 2741 1543 duo
2765 1507 2873 1557 seq.
2912 1506 3015 1557 cap.
3042 1493 3445 1557 complectentem

1878 1550 2059 1600 vidcsis
2080 1550 2242 1615 infra).

2416 1656 2639 1714 CAPUT
2670 1658 2911 1713 XXXIII.

1952 1749 2214 1816 Quomodo
2235 1750 2439 1803 ecclesia
2463 1750 2744 1805 Serratoris
2763 1759 2991 1805 extructa
3012 1752 3181 1820 fuerit,
3202 1768 3351 1819 quam

2038 1842 2298 1911 propheta:
2319 1859 2494 1896 novam
2526 1842 2840 1899 Hierusalem
2869 1845 3262 1915 appellaverant.

1953 1954 2019 2009 Et
2048 1956 2162 2011 haec
2182 1956 2393 2025 quidem
2422 1957 2488 2011 ab
2514 1958 2831 2026 imperatore
2859 1957 3052 2025 scripta
3082 1965 3222 2012 sunt.
3274 1957 3442 2013 Caete-

1880 2064 1995 2103 rum
2026 2047 2244 2103 efl‘ectus
2271 2048 2430 2102 verba
2461 2049 2571 2111 ipsa
2603 2049 2778 2100 statim
2818 2048 3133 2101 subsecutus
3161 2057 3281 2100 est:
3316 2048 3445 2101 etin

1881 2140 1995 2208 ipso
2018 2138 2316 2195 Servatoris
2358 2140 2523 2193 nostri
2578 2140 2831 2209 martyrio
2881 2152 3016 2192 nova
3064 2138 3314 2192 fabricata
3366 2148 3449 2193 est

1880 2230 2233 2294 Hierusalem,
2286 2245 2348 2284 ex
2407 2230 2633 2285 adverso
2672 2228 2869 2283 veteris
2898 2228 3035 2282 illius
3063 2228 3441 2295 celeberrima},

1879 2336 1996 2391 quae
2019 2331 2136 2391 post
2158 2321 2407 2376 nefariam
2435 2321 2639 2375 Domini
2661 2319 2858 2374 credent
2891 2320 3125 2374 ultimam
3151 2320 3445 2375 vastitatem

1879 2423 2119 2484 experta,
2146 2429 2240 2482 pro
2266 2414 2559 2467 incolarum
2595 2413 2864 2481 impietate
2893 2424 3074 2479 poenas
3095 2411 3441 2479 persolvent.

1878 2505 2077 2561 Contra
2132 2505 2267 2558 hanc
2322 2486 2481 2574 igitur
2534 2504 2823 2571 imperator
2881 2511 3133 2571 tropininn
3189 2499 3446 2565 victoriae,

1879 2614 2033 2669 quam
2075 2599 2325 2653 Servator
2348 2607 2526 2650 noster
2547 2596 2613 2650 de
2646 2606 2818 2649 morte
2847 2596 3120 2655 retulerat,
3166 2593 3450 2647 ambitioso

1879 2692 2022 2744 cultu
2073 2690 2259 2744 erexit.
2317 2690 2491 2758 Atque
2546 2688 2657 2741 [nec
2715 2687 2934 2740 forsitan
2965 2686 3119 2739 fuerit
3144 2699 3331 2738 recens
3359 2684 3447 2737 illa

1880 2799 1943 2838 ac
1971 2798 2105 2837 nova
2163 2783 2516 2847 Hierusalem,
2575 2780 2948 2850 prophetarum
2974 2778 3231 2832 vaticiniis
3260 2775 3450 2846 praedi-

1877 2883 2015 2937 cata,
2048 2872 2115 2927 de
2142 2888 2242 2942 qua
2292 2872 2345 2925 in
2371 2873 2538 2926 sacris
2566 2869 2929 2923 voluminibus
2974 2878 3049 2921 tot
3078 2865 3338 2936 prieconia
3378 2865 3446 2920 ab

1878 2966 1994 3033 ipso
2025 2964 2207 3018 divino
2252 2964 2452 3031 Spiritu
2512 2962 2844 3030 pronuntiata
2893 2961 3157 3029 leguntur.
3210 2960 3446 3013 Primum

1880 3056 2037 3124 igitur
2062 3069 2266 3109 sacram
2302 3054 2440 3107 illam
2470 3053 2799 3122 speluncam,
2856 3062 3035 3120 utpote
3086 3051 3245 3103 tctius
3270 3050 3448 3118 aperis

1881 3156 2060 3213 caput,
2111 3145 2436 3199 exornavit:
2487 3143 2720 3198 divinum
2774 3142 2975 3196 scilicet
3027 3148 3447 3205 monumentum,

1875 3236 2024 3305 juxta
2056 3235 2195 3304 quod
2226 3236 2352 3289 olim
2383 3234 2586 3290 emiesti
2626 3235 2741 3287 luce
2767 3232 2977 3287 radians
3000 3232 3251 3301 Angelus,
3293 3245 3448 3300 rege—

1877 3328 2208 3381 nerationem
2235 3342 2352 3395 quae
2385 3342 2477 3397 per
2503 3326 2841 3381 Servatorem
2886 3324 3282 3391 ostendebatur,
3333 3339 3449 3379 om-

1876 3423 2031 3478 nibus
2060 3422 2410 3476 nuntiaverat.

2414 3534 2639 3591 CAPUT
2669 3533 2908 3589 XXXIV.

2200 3626 2483 3698 Descriptio
2505 3627 2710 3695 fabrica:
2730 3626 2888 3678 sancti
2908 3623 3140 3695 sepulcri.

1946 3742 2079 3807 Hoc,
2112 3742 2347 3810 inquam,
2377 3750 2774 3795 monumentum
2795 3750 3057 3809 tamquam
3088 3739 3245 3792 totius
3272 3739 3449 3807 operis

1875 3844 2053 3906 caput,
2087 3835 2423 3903 imperatoris
2451 3832 2838 3901 magnificentia
2870 3830 3078 3884 eximiis
3105 3828 3366 3883 columnis
3391 3837 3447 3881 et

1876 3926 2112 3979 maximo
2138 3926 2279 3978 cultu
2311 3926 2537 3994 primum
2568 3924 2803 3978 omnium
2833 3922 3140 3989 decoravit,
3187 3931 3240 3976 et
3265 3921 3444 3990 cujus-

1875 4016 2121 4086 quemodi
2147 4015 2471 4070 ornamentis
2500 4015 2800 4069 illustravit.

2419 4126 2640 4183 CAPUT
2672 4127 2884 4183 XXXV.

2244 4218 2532 4291 Descriptio
2561 4221 2677 4273 atrii
2706 4230 2751 4273 et
2781 4220 3082 4289 porticuum.

1945 4331 2335 4401 Transgressus
2365 4331 2486 4385 inde
2509 4338 2590 4385 est
2613 4329 2677 4383 ad
2702 4330 3055 4383 vastissimum
3082 4330 3252 4381 locum
3277 4328 3447 4383 libero

1876 4432 2142 4493 patentem
2166 4423 2323 4478 (telo.
2372 4423 2534 4491 Cujus
2564 4425 2732 4475 solum
2776 4420 3053 4491 splendido
3100 4420 3269 4489 lapide
3312 4434 3445 4475 con—

213 4545 321 4584 cum
354 4542 469 4600 post
496 4534 655 4587 situm
694 4548 758 4586 ac.
796 4534 1041 4589 tenebras
1094 4510 1286 4603 quibus
1329 4536 1534 4591 obtecta
1585 4536 1775 4607 fuerat,
1801 4543 1854 4603 D
1879 4516 2083 4607 stravit,
2119 4514 2438 4584 longissimis
2464 4514 2698 4582 undique
2727 4512 3017 4582 porticibus
3060 4510 3123 4566 ad
3158 4511 3253 4565 tria
3284 4511 3448 4566 latera

215 4636 383 4675 rursus
410 4624 461 4675 in
504 4623 675 4678 lucem
726 4624 940 4692 prodiit,
1003 4634 1055 4678 et
1107 4626 1482 4680 miraculorum
1535 4642 1653 4694 qua:
1703 4628 1774 4683 ibi

214 4716 461 4780 quandam
486 4725 631 4786 gesta
662 4716 892 4782 fuerant,
924 4718 1194 4771 historiam
1228 4718 1291 4770 iis
1317 4721 1405 4787 qui
1433 4718 1496 4773 ad
1522 4730 1771 4787 spectan-

214 4801 327 4855 dum
356 4806 721 4860 confluxerant
748 4805 1175 4861 manifestissime
1197 4806 1475 4861 videndam
1498 4807 1773 4873 exhibuit;

216 4896 361 4947 rebus
388 4896 511 4964 ipsis
544 4912 662 4966 qua:
683 4898 829 4951 omni
853 4912 981 4953 voce
1008 4898 1201 4952 clarius
1227 4908 1439 4965 sonant,
1472 4900 1773 4954 Servatnris

215 4988 367 5039 nostri
394 4988 830 5043 resurrectionem
861 4998 1067 5044 teatata.

793 5101 1025 5158 CAPUT
1050 5102 1241 5158 XXIX.

221 5188 472 5254 Quomodo
506 5192 569 5245 de
612 5193 945 5246 construenda
987 5194 1199 5247 ecclesia
1246 5194 1311 5247 ad
1362 5194 1605 5259 prtesides
1635 5205 1678 5249 et
1709 5196 1775 5249 nd

500 5281 781 5334 Macarium
809 5284 1095 5351 episcopum
1118 5284 1306 5338 litteras
1330 5285 1483 5338 dedit.

288 5369 375 5422 His
402 5370 463 5423 ad
493 5370 628 5425 hunc
676 5372 886 5425 modum
931 5375 1125 5439 gestis,
1171 5374 1445 5429 confestim
1493 5376 1777 5444 imperator

191 5460 416 5513 ~emissis
464 5463 925 5515 constitutionibus
976 5473 1029 5516 et
1057 5463 1259 5517 liberali
1289 5475 1503 5533 sumptu
1525 5466 1771 5533 suppedi-

218 5554 337 5610 tato,
367 5549 502 5602 circa
547 5552 827 5605 salutarem
877 5552 1180 5620 speluncam
1230 5554 1337 5606 Deo
1377 5553 1590 5622 dignum
1631 5562 1765 5606 tem-

217 5635 351 5703 plum
377 5639 537 5707 regali
565 5641 943 5709 magnificentia
980 5645 1178 5696 exulrui
1209 5644 1369 5710 jubet.
1412 5644 1616 5711 Quippe
1657 5642 1765 5712 jam

219 5725 407 5789 pridem
436 5725 539 5782 hoc
558 5727 692 5797 apud
720 5744 777 5784 se
805 5731 1166 5797 constituerat,
1202 5732 1359 5799 idque
1378 5732 1519 5802 quod
1546 5740 1660 5786 erat
1688 5730 1766 5785 fu-

1879 4606 2090 4661 additis.

2412 4694 2646 4751 CAPUT
2684 4694 2919 4751 XXXVI.

1879 4797 2164 4869 Descriptio
2193 4799 2441 4869 parietum
2494 4800 2703 4866 tectique
2758 4808 2803 4851 et
2844 4806 3047 4851 ornatus
3075 4799 3451 4870 atqueinaura-

2364 4889 2513 4940 tionis
2542 4888 2703 4957 ipsius
2732 4887 2986 4941 Basilica.

1949 5000 2154 5069 Quippe
2181 5001 2330 5053 lateri
2355 5000 2425 5052 illi
2457 5000 2595 5068 quod
2625 5013 2655 5051 e
2677 5000 2891 5068 regione
2912 4998 3179 5067 speluncae
3220 4997 3449 5065 positum

1879 5093 2006 5148 solis
2034 5102 2206 5147 ortum
2239 5092 2529 5155 spectabat,
2577 5094 2857 5161 conjuncta
2889 5100 3004 5147 erat
3034 5092 3284 5154 basilica;
3317 5104 3449 5159 Opus

1881 5184 2035 5250 plane
2056 5182 2387 5245 admirabile,
2441 5184 2491 5236 in
2522 5184 2829 5237 immensam
2858 5182 3194 5237 altitudinem
3226 5182 3443 5247 elatum,

1880 5280 1933 5326 et
2002 5272 2325 5342 longitudine
2373 5288 2435 5326 ac
2488 5273 2761 5326 latitudine
2819 5276 3045 5325 maxima
3124 5286 3439 5339 expansum.

1879 5361 2041 5432 Cujus
2109 5362 2360 5417 interiora
2426 5363 2637 5432 quidem
2697 5363 3105 5417 versicoloribus
3166 5362 3445 5416 marmoris

1879 5457 2071 5510 crustis
2099 5458 2306 5511 obtecta
2338 5465 2495 5509 sunt:
2524 5455 2757 5510 exterior
2784 5470 2910 5508 veru
2958 5455 3213 5522 parietum
3261 5467 3445 5519 super-

1876 5547 2054 5611 ficies,
2106 5546 2282 5614 politis
2328 5545 2584 5612 lapidibus
2632 5546 2793 5612 probe
2816 5544 2950 5596 inter
2975 5559 3032 5597 se
3061 5543 3249 5596 vinctis
3286 5543 3439 5595 decc.

1874 5649 2005 5704 rata,
2040 5641 2285 5693 eximiam
2316 5638 2595 5707 quamdam
2630 5635 3093 5705 pulchritudinem,
3119 5634 3281 5687 nihilo
3308 5634 3440 5689 infe-

1873 5730 2067 5786 riorem
2113 5727 2395 5783 marmoris
2443 5728 2641 5797 spccic,
2698 5724 3029 5795 prirferebat.
3096 5724 3175 5779 Ad
3227 5724 3437 5778 culmen
