3876 6218
411 274 481 332 59
1641 278 1909 336 EUSEBII
1956 276 2273 334 PAMPIIILI
3602 281 3665 336 60

407 404 535 446 vero
558 398 615 446 et
635 403 876 446 cameras
898 389 1038 461 quod
1060 392 1279 457 attinet,
1305 392 1570 447 exteriora
1597 390 1812 461 quidem
1850 399 1987 445 tecta
2016 395 2065 453 Α
2092 390 2350 457 exhibuit,
2382 400 2435 445 ct
2467 390 2517 444 iu
2546 404 2707 446 carne
2734 392 2878 447 nasci
2909 392 3190 460 sustinuit,
3223 394 3513 464 imperator
3542 412 3664 451 cun-

408 480 625 552 plumho
677 491 943 552 tamquam
972 481 1280 537 ﬁrmissimo
1305 482 1533 553 quodam
1565 482 1894 537 munimento
1921 483 1986 537 ad

336 578 337 581 ‘
410 574 667 629 hibernos
693 574 891 630 imbres
920 576 1182 630 arcendos
1210 574 1513 630 obvallavit.
1558 575 1781 630 Interius
1810 584 1985 630 autem

411 676 611 723 tectum
662 668 886 738 sculptis
924 668 1266 724 lacunaribus
1310 676 1653 735 consertum,
1720 676 1769 721 et
1822 668 1989 722 instar

411 762 545 815 vasti
575 760 851 831 cujusdam
892 760 1055 815 maris
1105 760 1394 828 compactis
1424 759 1562 813 inter
1585 774 1643 813 se
1674 758 1864 812 tabulis
1896 773 1989 825 per

418 859 585 906 totam
614 852 883 907 basilicam
910 850 1213 916 dilatatum,
1247 860 1522 920 totumque
1546 864 1677 905 auro
1704 850 1989 920 purissimo

413 955 744 1015 coopertum,
792 944 1103 999 universam
1157 942 1433 998 basilicam
1480 943 1624 999 velut
1674 942 1987 1013 quibusdam

414 1036 577 1092 radiis
606 1035 887 1107 splendere
916 1034 1160 1089 faciebat.

939 1148 1166 1204 CAPUT
1195 1144 1462 1203 XXXVII.

455 1241 733 1313 Descriptio
767 1242 1078 1312 geminamus
1118 1241 1350 1307 utrinque
1405 1240 1689 1307 porticuum
1728 1249 1773 1293 ct
1805 1240 1955 1293 trium

878 1342 1140 1403 portarum
1176 1332 1514 1385 orientalium.

490 1447 657 1502 Porro
704 1446 768 1500 ad
825 1455 1110 1515 utrumque
1151 1446 1287 1499 latus
1328 1445 1552 1514 gemina:
1597 1443 1851 1511 porticus,
1881 1451 1984 1494 tam

418 1540 779 1595 subterraneae
806 1554 961 1609 quam
1007 1553 1163 1607 supra
1216 1548 1409 1590 terram
1459 1536 1774 1598 eminentes,
1831 1534 1989 1586 totius

418 1632 651 1687 basilicae
681 1630 1062 1699 longitudinem
1091 1630 1370 1697 aequabant
1390 1669 1403 1688 ,
1462 1642 1683 1696 quarum
1711 1641 1989 1679 concame-

418 1720 654 1776 rationes
680 1735 809 1775 auro
838 1720 1056 1789 perinde
1088 1721 1302 1774 variatas
1327 1728 1469 1771 sunt.
1526 1718 1600 1771 Ex
1632 1717 1715 1771 his
1761 1733 1877 1785 qua:
1933 1718 1983 1770 in

418 1816 597 1871 fronte
617 1817 852 1872 basilica:
878 1828 1047 1884 erant,
1072 1817 1374 1887 ingentibus
1401 1816 1660 1871 columnis
1692 1815 1982 1869 fulcieban-

418 1918 535 1963 tur:
566 1923 681 1978 qua:
709 1923 837 1963 vero
865 1909 1166 1973 interiores,
1194 1908 1361 1977 pessis
1388 1921 1574 1977 magno
1604 1907 1747 1960 cultu
1786 1907 1985 1960 extrin-

418 2013 573 2055 secus
599 2001 801 2054 ornatis
830 2000 1248 2053 sustinebantur.
1300 1998 1470 2052 Porta:
1498 2007 1606 2051 tres
1635 1997 1698 2050 ad
1726 1997 1983 2050 orientem

417 2091 585 2143 solem
629 2099 749 2159 apte
775 2090 1047 2159 disposita:
1083 2090 1460 2143 introeuntium
1511 2087 1714 2141 turbam
1766 2102 1987 2155 excepe-

422 2188 562 2234 runt.

919 2272 1145 2328 CAPUT
1186 2271 1468 2328 XXXVIII.

416 2360 702 2434 Descriptio
756 2364 1097 2432 hemisphcrii
1127 2372 1171 2417 et
1209 2364 1473 2417 duodecim
1502 2363 1846 2417 columnarum
1876 2378 1988 2415 cum

1054 2454 1350 2508 crateribus.

481 2567 524 2622 E
564 2571 780 2638 regione
823 2568 1007 2623 harum
1050 2576 1321 2637 portarum
1368 2575 1484 2621 erat
1527 2565 1982 2635 hemisphterinm,

408 2657 549 2727 quod
582 2658 739 2711 totius
762 2659 939 2726 operis
961 2666 1120 2726 caput
1150 2665 1255 2722 est,
1311 2671 1477 2727 usque
1504 2656 1569 2710 ad
1591 2656 1799 2711 culmen
1824 2656 1988 2725 ipsius

411 2750 644 2806 basilica:
672 2758 997 2819 protentum.
1041 2747 1363 2819 Cingebatur
1390 2747 1439 2801 id
1467 2746 1748 2802 duodecim
1781 2747 1985 2802 colum-

413 2840 517 2906 nis,
547 2856 642 2910 pro
672 2855 895 2895 numero
919 2849 1223 2895 sanctorum
1254 2839 1555 2894 Senatoris
1583 2840 1747 2893 nostri
1775 2848 1989 2907 apostoo

410 2932 604 2987 lorum.
641 2933 874 2997 Quarum
905 2934 1075 3002 capita
1108 2935 1351 2988 maximis
1390 2933 1683 2987 crateribus
1722 2933 1989 3002 argenteis

411 3032 564 3078 erant
587 3032 795 3089 ornata,
820 3038 952 3093 quos
974 3026 1262 3092 imperator
1282 3034 1547 3099 tamquam
1573 3024 1985 3094 pulcherrimum

413 3115 692 3171 donarium
722 3116 831 3172 Deo
861 3132 958 3171 suo
985 3116 1272 3171 dicaverat.

941 3227 1167 3283 CAPUT
1213 3227 1456 3283 XXXIX.

556 3316 838 3386 Descriptio
862 3319 998 3385 atrii,
1031 3319 1366 3372 cxhedrarum
1395 3327 1443 3373 et
1466 3318 1842 3374 vestibulorum.

488 3430 623 3485 Iiinc
648 3431 713 3484 ad
740 3446 831 3485 eos
854 3431 1025 3485 aditus
1052 3432 1137 3500 qui
1169 3441 1294 3486 ante
1336 3433 1589 3502 templum
1626 3445 1747 3486 sunt
1774 3448 1989 3502 progre-

414 3522 701 3588 dientibus,
730 3539 907 3578 aream
939 3525 1274 3593 interposuit.
1302 3524 1465 3577 Erant
1494 3532 1669 3577 autem
1696 3525 1748 3577 in
1776 3539 1840 3578 eo
1867 3526 1987 3578 loco

420 3615 649 3683 primum
674 3617 889 3683 atrium,
924 3616 1116 3671 deinde
1148 3618 1379 3686 porticus
1413 3617 1477 3671 ad
1510 3629 1787 3687 utrumque
1828 3618 1983 3682 latus,

417 3719 480 3760 ac
510 3714 779 3773 postremo
809 3716 973 3775 portae
992 3708 1135 3761 atrii.
1164 3708 1288 3762 Post
1316 3707 1411 3761 has
1439 3709 1597 3761 totius
1625 3711 1802 3776 cperis
1828 3710 1986 3763 vesn-

419 3794 538 3850 bula
583 3798 635 3849 in
680 3796 790 3866 ipsa
838 3799 1010 3852 media
1056 3800 1225 3868 platea
1258 3801 1308 3853 in
1349 3816 1449 3869 qua
1492 3801 1659 3854 lorum
1697 3810 1777 3855 est
1808 3815 1984 3855 rerum

421 3889 705 3955 venalium,
741 3890 1022 3945 ambitioso
1064 3893 1210 3945 cultu
1250 3902 1524 3953 exornata,
1558 3893 1657 3946 iter
1694 3891 1988 3947 forinsecus

416 3981 713 4049 agentibus,
756 3992 1027 4049 aspectum
1056 3998 1236 4037 earum
1264 4000 1437 4038 rerum
1478 3999 1595 4053 quae
1627 3985 1766 4039 intus
1805 3999 1987 4039 cerne-

417 4072 609 4126 bantur
638 4088 742 4127 non
766 4074 881 4129 sine
911 4076 1137 4143 quodam
1165 4085 1386 4145 stupore
1418 4077 1759 4132 exhibebant.

1022 4188 1245 4246 CAPUT
1286 4192 1394 4246 XL.

855 4281 935 4337 De
954 4299 1163 4337 numero
1190 4284 1539 4337 denariorum.

489 4392 599 4446 lloc
618 4393 775 4462 igitur
792 4393 1042 4463 templum
1065 4405 1329 4464 tamquam
1346 4395 1633 4451 salutifera:
1648 4399 1986 4453 resurrectio-

2088 481 2318 535 venienti
2352 481 2555 537 honore
2595 480 2790 537 all‘ecit.
2820 481 2877 537 In
2909 483 3075 538 altera
3104 500 3230 540 vero
3268 488 3543 555 spelunca,
3582 503 3663 542 as-

2086 572 2358 627 censionis
2385 572 2668 627 dominica:
2696 589 2813 643 qua:
2845 574 2896 628 in
2929 576 3125 631 montis
3157 579 3355 634 vertice
3380 579 3507 634 olim
3531 595 3661 634 con-

2088 663 2298 733 tigerat,
2334 664 2643 718 memoriam
2689 664 2987 719 honoravit.
3020 666 3193 737 Atque
3243 668 3355 722 htec
3393 669 3506 724 loca
3553 686 3663 725 nia-

2086 752 2282 822 gniiico
2330 754 2475 809 cultu
2531 769 2817 819 exornans,
2866 756 3022 811 simul
3067 773 3257 812 nomen
3304 759 3488 813 matris
3530 775 3658 824 sum,

2088 847 2238 915 cujus
2282 861 2443 917 opera
2493 862 2554 901 ac
2595 848 2891 903 ministerio
2939 858 3141 903 tantum
3187 850 3382 905 bonum
3430 850 3661 906 humano

2086 938 2271 1009 generi
2321 938 2721 1007 procurabatur,
2753 939 2818 994 ad
2868 948 3122 996 aeternam
3166 951 3503 1011 posterorum
3546 955 3659 994 me-

2092 1029 2313 1083 moriam
2341 1031 2693 1084 consecravit.

2663 1143 2888 1204 CAPUT
2927 1146 3084 1202 XLII.

2094 1233 2357 1301 Quomodo
2375 1234 2570 1291 Helena
2586 1237 2808 1307 Augusta
2831 1238 3141 1293 Constantini
3173 1249 3349 1304 mater,
3376 1240 3662 1294 Bel/delicat

2189 1329 2371 1382 orandi
2402 1345 2556 1383 causa
2586 1334 2833 1401 profecta,
2867 1331 2959 1384 has
2990 1330 3246 1385 Ecclesias
3275 1333 3564 1401 ediﬁcavit.

2160 1440 2322 1505 Nam,
2354 1456 2474 1495 cum
2506 1442 2591 1495 illa
2616 1442 2851 1497 debitum
2887 1444 2984 1512 pia:
3012 1436 3309 1499 allectionis
3334 1460 3527 1498 munus
3559 1446 3665 1500 lico

2088 1530 2322 1583 omnium
2352 1530 2480 1601 Regi
2514 1533 2816 1600 persolvere
2846 1533 3192 1597 decrevisset,
3215 1542 3271 1587 et
3301 1549 3394 1602 pro
3424 1532 3531 1587 ﬁlio
3561 1551 3659 1589 suo

2092 1628 2237 1675 tanto
2262 1622 2465 1675 scilicet
2492 1623 2832 1691 imperatore,
2861 1639 2923 1678 ac
2949 1640 3043 1694 pro
3074 1624 3194 1677 {iliis
3220 1625 3335 1693 ejus
3360 1623 3662 1680 Czesaribus

2094 1712 2201 1766 Deo
2241 1715 2551 1782 carissimis,
2580 1716 2861 1783 nepotibus
2900 1718 3031 1778 suis.
3061 1718 3257 1786 gratias
3301 1731 3421 1770 cum
3462 1718 3660 1786 suppli-

2089 1806 2390 1859 cationibus
2438 1806 2673 1876 agendas
2726 1807 2823 1861 sibi
2888 1822 3007 1862 esse
3064 1808 3365 1870 statuisset,
3422 1809 3665 1877 quamvis

2088 1897 2273 1951 affecta
2301 1898 2408 1967 jam
2451 1909 2628 1964 aetate,
2661 1910 2833 1954 tamen
2861 1900 3084 1969 juvenili
3122 1901 3301 1953 animo
3326 1902 3663 1969 properavit,

2088 1989 2280 2043 mulier
2322 1990 2574 2058 singulari
2624 1990 2934 2060 prudentia,
2980 2001 3037 2044 ut
3084 2002 3277 2045 terram
3324 1992 3666 2045 veneratione

2089 2080 2297 2149 dignam
2332 2082 2699 2149 perlustraret,
2720 2094 2771 2136 et
2792 2082 3027 2137 Orientis
3053 2082 3373 2150 provincias,
3402 2082 3666 2151 urbesque

2089 2187 2152 2225 ac
2179 2174 2401 2242 populos
2432 2188 2554 2228 cum
2593 2176 2752 2243 regali
2784 2175 3010 2245 quadam
3050 2175 3409 2228 sollicitudine
3445 2189 3507 2229 ac
3537 2189 3663 2243 pro-

2090 2262 2321 2316 videntia
2353 2264 2627 2319 inviseret.
2662 2264 2951 2335 Postquam
2988 2280 3115 2319 vero
3155 2264 3465 2320 Servatoris
3496 2265 3666 2319 nostri

2092 2353 2307 2422 vestigia
2354 2354 2533 2409 debito
2566 2358 2707 2410 cultu
2746 2368 2997 2411 venerata
3041 2364 3142 2420 est,
3184 2364 3339 2425 prout
3378 2344 3503 2409 olim
3537 2369 3662 2423 pro—

2092 2444 2333 2513 pheticus
2378 2461 2557 2501 sermo
2608 2447 2922 2516 prmdixerat
2956 2466 2968 2501 :
3005 2448 3319 2511 Adoremus,
3372 2446 3563 2515 inquit,
3614 2447 3667 2499 in

2090 2535 2209 2590 loco
2238 2536 2321 2590 ubi
2366 2548 2625 2593 steterunt
2656 2539 2818 2608 pedes
2848 2538 2982 2608 ejus,
3034 2538 3286 2592 continuo
3318 2537 3525 2607 pietatis
3556 2552 3668 2589 sua:

2090 2625 2319 2681 fructum
2352 2630 2579 2698 posteris
2606 2632 2764 2684 etiam
2790 2629 3095 2699 dereliquit.

2653 2743 2878 2799 CAPUT
2917 2744 3096 2799 XLIII.

2375 2854 2570 2907 Rursus
2601 2855 2661 2907 de
2693 2854 2920 2909 Ecclesia
2948 2854 3380 2913 Bet/tleltemitica.

2161 2966 2370 3020 Etenim
2404 2966 2511 3021 Deo
2540 2982 2695 3037 quem
2739 2968 3055 3022 adoraverat
3100 2968 3205 3023 duo
3248 2971 3424 3024 statim
3470 2974 3666 3042 templa

2089 3057 2396 3112 dedicavit:
2437 3059 2661 3113 alterum
2703 3059 2766 3113 ad
2811 3060 3114 3128 speluncam
3159 3062 3209 3114 in
3251 3078 3350 3131 qua
3394 3074 3547 3117 natus
3586 3073 3670 3120 est

2013 3144 2056 3205 C
2092 3149 2381 3215 Dominus;
2432 3152 2653 3205 alterum
2703 3153 2753 3205 in
2790 3166 2855 3205 eo
2892 3163 3069 3206 monte
3109 3170 3173 3207 ex
3216 3169 3320 3223 quo
3380 3154 3432 3207 in
3464 3156 3664 3210 cwlum

2089 3243 2419 3297 ascenderat.
2454 3244 2581 3297 Nam
2610 3253 2661 3298 et
2686 3245 3018 3307 Emmanuel,
3067 3247 3206 3315 quod
3254 3256 3333 3300 est
3379 3248 3666 3303 nobiscum

2091 3333 2249 3400 Deus,
2297 3336 2394 3387 sub
2430 3344 2565 3388 terra
2600 3351 2697 3404 pro
2742 3336 2893 3388 nobis
2934 3337 3075 3389 nasci
3110 3336 3388 3400 sustinuit,
3430 3346 3482 3391 et
3516 3338 3668 3394 locus

2091 3425 2377 3477 nativitatis
2408 3424 2575 3494 ipsius
2615 3426 2925 3479 Iiethlrbem
2958 3428 3023 3480 ab
3053 3427 3288 3481 Hebraeis
3318 3436 3399 3481 est
3426 3430 3666 3498 appella-

2090 3525 2191 3568 tus.
2221 3517 2451 3584 Ideoque
2476 3517 2565 3570 [)ei
2594 3519 2955 3570 amantissima
2986 3519 3238 3587 Augusta,
3270 3518 3501 3585 deiparte
3540 3519 3664 3573 Vir-

2087 3606 2222 3672 ginis
2270 3616 2475 3674 partum
2522 3607 2731 3660 eximiis
2779 3608 3138 3660 monumentis
3188 3609 3425 3671 ornavit,
3456 3622 3666 3661 sacram

2090 3698 2229 3749 illaut
2263 3696 2567 3763 speluncam
2598 3697 2740 3749 omni
2785 3697 2956 3755 cultus
2994 3712 3187 3766 genere
3232 3697 3521 3751 illustrans.
3554 3699 3663 3753 Nec

2089 3789 2253 3841 multo
2296 3798 2414 3857 post
2461 3792 2747 3856 imperator
2785 3788 3024 3841 eamdem
3073 3789 3277 3842 Domini
3328 3790 3664 3844 nativitatem

2088 3878 2353 3947 regalibus
2398 3880 2632 3932 donariis
2675 3879 2985 3941 honoravit,
3025 3880 3182 3931 variis
3226 3895 3287 3931 ex
3331 3895 3458 3931 auro
3486 3889 3539 3933 et
3581 3897 3668 3934 ar-

2086 3979 2248 4039 gento
2281 3970 2656 4032 monumentis,
2697 3970 2930 4037 velisque
2971 3984 3069 4022 acu
3112 3969 3282 4037 pictis,
3328 3969 3513 4022 matris
3556 3986 3669 4024 sure

2087 4062 2364 4116 cumnlans
2397 4060 2859 4130 magnificentiam.
2897 4060 3163 4112 Prmtcrea
3197 4060 3535 4127 imperatoris
3558 4061 3669 4129 qui-

2088 4152 2207 4205 dem
2234 4162 2400 4205 mater
2425 4153 2475 4205 in
2506 4152 2813 4205 memoriam
2842 4150 3171 4205 ascensionis
3193 4150 3391 4204 Christi
3421 4153 3664 4212 omnium

2089 4244 2407 4308 Servatoris,
2458 4245 2507 4296 in
2556 4252 2734 4297 monte
2782 4244 3049 4296 Olivarum
3099 4242 3343 4297 sublimia
3398 4245 3670 4298 exstruxit

2089 4336 2309 4391 mdilicia
2328 4377 2342 4401 ,
2371 4337 2421 4388 in
2448 4336 2561 4405 ipso
2587 4336 2776 4388 montis
2803 4337 3004 4388 vertice
3028 4349 3233 4387 sacram
3264 4335 3474 4403 erigens
3494 4335 3667 4390 auiem

2088 4444 2205 4483 eum
2257 4430 2475 4497 templo.
2510 4428 2605 4482 Hic
2636 4444 2795 4499 porro
2840 4428 3175 4481 Servatorem
3209 4427 3446 4479 omnium
3480 4426 3666 4481 Chris-

417 4490 505 4537 nis
559 4490 913 4536 testimonium
964 4490 1251 4552 imperator
1290 4490 1570 4549 exstruxit,
1614 4495 1668 4541 et
1710 4490 1985 4557 magniﬁco

2094 4530 2201 4573 tum
2226 4562 2238 4586 ,
2273 4522 2483 4573 arcanis
2513 4520 2778 4589 mysteriis
2820 4519 3108 4587 discipulus
3146 4532 3269 4571 suos
3312 4518 3362 4570 in
3396 4518 3505 4585 ipsa
3540 4534 3668 4586 spe-

418 4576 677 4643 planeque
714 4578 859 4643 regio
898 4586 1149 4645 apparatu
1179 4577 1467 4631 decoravit.
1526 4578 1634 4633 Nec
1665 4580 1766 4633 dici
1812 4592 1982 4649 potest

415 4675 543 4735 quot
571 4666 883 4735 quantisque
917 4668 1244 4721 ornamentis
1281 4684 1341 4723 ac
1381 4668 1614 4723 donariis
1638 4712 1651 4732 ,
1688 4674 1873 4739 partim
1917 4690 1979 4726 ex

414 4770 545 4809 auro
572 4766 626 4810 et
666 4768 906 4826 argento,
952 4760 1141 4827 partim
1187 4775 1249 4814 ex
1291 4762 1535 4828 gemmis,
1581 4759 1706 4815 illud
1755 4761 1980 4817 diversi-

415 4849 572 4902 niode
601 4850 918 4903 venustavit.
951 4853 1188 4917 Quorum
1220 4863 1531 4919 apparatum
1574 4869 1781 4907 summo
1820 4854 1983 4907 artill-

408 4938 494 4992 cio
516 4941 861 5005 elaboratum,
882 4953 930 4996 et
954 4943 1330 5012 magnitudine,
1346 4954 1397 4997 et
1412 4960 1652 5011 numero,
1669 4947 1987 5001 etvarietate

415 5031 697 5101 insignem,
733 5035 817 5089 hic
842 5035 1144 5105 singillatim
1171 5052 1441 5106 exponere
1468 5039 1602 5092 haud
1633 5048 1801 5093 vacat.

1004 5149 1228 5204 CAPUT
1268 5149 1402 5203 XLI.

418 5238 495 5291 De
534 5240 869 5307 a’diﬁcatione
893 5238 1131 5295 Ecclesia
1160 5243 1299 5310 apud
1341 5241 1629 5296 Det/:lehem
1665 5252 1707 5296 et
1736 5245 1788 5296 in
1818 5254 1985 5298 monte

1064 5332 1343 5385 Oliuarum.

484 5432 601 5486 Alia
644 5447 852 5501 quoque
884 5432 1122 5500 ejusdem
1156 5434 1388 5499 regionis
1419 5436 1532 5488 loca
1576 5436 1779 5489 duabus
1822 5437 1986 5489 sacris

412 5523 681 5591 speluncis
731 5524 1003 5576 nobilitata
1049 5526 1331 5578 ambitioso
1382 5526 1524 5579 cultu
1589 5541 1854 5580 exornare
1900 5542 1987 5595 ag-

420 5628 633 5684 gressus
660 5624 763 5668 est.
797 5612 864 5667 Et
891 5614 1195 5683 speluncam
1230 5616 1441 5684 quidem
1471 5617 1613 5670 illam
1640 5618 1689 5669 in
1728 5632 1826 5685 qua
1860 5615 1987 5670 Ser-

422 5718 574 5761 vator
627 5715 809 5761 noster
864 5705 1093 5761 divinam
1160 5708 1495 5780 prmsentiam
1554 5722 1703 5763 suam
1761 5710 1989 5777 primum

2091 4614 2243 4666 Iunca
2302 4612 2541 4664 initiasse
2593 4627 2747 4664 verax
2806 4619 3027 4663 testatur
3095 4610 3332 4662 historia.
3377 4609 3669 4677 Imperator

2092 4718 2216 4756 vero
2253 4702 2352 4755 hoc
2381 4703 2539 4756 etiam
2571 4702 2620 4755 in
2656 4703 2791 4765 ineo,
2826 4701 2983 4753 variis
3026 4702 3350 4754 ornamentis
3394 4715 3455 4754 ac
3496 4700 3665 4755 dona-

2092 4794 2185 4847 riis
2225 4809 2490 4847 summum
2536 4794 2769 4846 omnium
2804 4792 2999 4862 Regem
3030 4802 3314 4847 veneratus
3356 4800 3455 4846 est.
3489 4792 3667 4861 Atque

2094 4885 2205 4939 hare
2252 4884 2358 4937 duo
2401 4895 2617 4953 augusta
2664 4900 2725 4937 ac
2754 4885 3105 4952 pulcherrima
3154 4893 3513 4947 monumenta,
3564 4885 3667 4937 im-

2092 4977 2301 5029 mortali
2342 4979 2598 5029 mcmoria
2629 4976 2781 5045 digna
2829 4976 2880 5028 in
2924 4975 3130 5029 duabus
3170 4978 3337 5028 sacris
3372 4974 3667 5043 speluncis,

2094 5064 2289 5118 Ilelena
2323 5066 2579 5133 Angusta,
2614 5064 2843 5133 religiosi
2889 5064 3224 5133 imperatoris
3252 5075 3419 5117 mater
3457 5061 3669 5131 religio-

2091 5158 2325 5219 sissima,
2353 5158 2449 5225 pitl‘.
2472 5157 2769 5210 devotionis
2799 5165 3105 5223 argumenta
3134 5156 3241 5207 Deo
3269 5153 3540 5209 Servatori
3568 5167 3671 5205 suo

2093 5249 2379 5309 dedicavit,
2410 5263 2529 5300 cum
2574 5246 2709 5301 (ilius
2751 5246 3040 5314 imperialis
3084 5247 3331 5313 potentirc
3372 5242 3667 5297 subsidium

2092 5341 2138 5394 ei
2164 5339 2449 5393 conferret.
2479 5339 2585 5391 Nec
2609 5339 2775 5393 multo
2796 5350 2911 5408 post
2934 5340 3217 5408 graudteva
3241 5338 3430 5391 mulier
3450 5335 3669 5405 dignum

2095 5431 2363 5483 laboribus
2378 5431 2488 5483 suis
2515 5431 2786 5498 prie-mium
2814 5430 3011 5483 retulit.
3040 5430 3191 5493 Nam,
3216 5444 3333 5482 cum
3352 5438 3515 5481 totum
3543 5427 3669 5480 vitm

2094 5540 2202 5577 sum
2260 5534 2468 5593 tempus
2533 5538 2698 5591 usque
2747 5524 2809 5575 ad
2848 5524 3015 5593 prima
3060 5525 3345 5577 senectutis
3389 5520 3568 5573 limina
3618 5520 3671 5572 in

2098 5630 2302 5669 Summa
2334 5616 2583 5669 felicitate
2608 5616 2949 5680 traduxisset,
2983 5627 3035 5671 et
3065 5616 3361 5670 divinorum
3398 5610 3677 5667 mandato—

2099 5722 2221 5762 rum
2255 5705 2443 5761 uberes
2483 5707 2683 5761 fructus
2713 5714 2819 5760 tum
2853 5706 3031 5761 verbis
3064 5715 3171 5761 tum
3212 5704 3458 5776 operibus
3491 5710 3676 5774 protu«
