3876 6218
174 324 228 381 ﬁl
1224 325 1310 381 DE
1351 324 1510 379 VITA
1549 321 1994 380 CONSTAN'I‘INI
2034 322 2235 379 LIBEll
2278 325 2361 380 Ill.

3355 317 3423 370 6'2

172 441 344 508 lisset,
402 456 466 496 ac
517 451 810 511 propterea
861 443 1017 494 vitam
1063 440 1263 494 doloris
1306 445 1578 506 expertem
1623 451 1744 491 cum
1771 437 1822 497 Α
1849 443 1956 490 tum
1979 435 2047 490 ob
2071 438 2564 505 prrestantissimum
2595 435 2740 491 illum
2768 447 2819 490 et
2843 432 3206 490 admirabilem
3234 429 3418 485 fwzum

173 544 369 587 summa
398 533 601 587 mentis
635 543 695 587 et
725 533 964 601 corporis
1005 531 1232 586 sanitate
1275 528 1581 597 peregisset,
1625 535 1738 579 tan-

174 623 287 680 dem
315 624 516 678 exitum
546 624 742 693 pietati
773 639 882 679 sute
907 621 1313 678 convenientem
1357 628 1413 675 et
1441 618 1740 674 mercedem

173 712 422 770 bonorum
447 727 679 784 operum
711 703 762 768 in
795 713 893 769 bac
917 715 1077 769 etiam
1110 715 1212 768 vita
1247 727 1278 767 a
1316 711 1426 766 Deo
1455 718 1742 765 consecuta

173 817 266 865 est.

729 894 954 952 CAPUT
993 894 1179 950 XLIV.

295 991 370 1046 De
396 989 755 1060 magnitudine
774 988 932 1042 animi
956 997 1002 1042 et
1029 986 1350 1057 beneﬁcentia
1381 985 1606 1041 Helena.

240 1104 437 1175 Quippe
467 1103 598 1158 dum
629 1112 799 1158 totum
828 1101 1102 1158 Orientem
1143 1117 1262 1156 cum
1302 1100 1466 1171 regali
1498 1098 1741 1170 magniﬁ-

179 1199 339 1254 centia
387 1206 664 1268 peragrat,
711 1207 818 1250 tum
872 1196 1193 1261 civitatibus,
1241 1206 1348 1250 tum
1394 1195 1606 1265 privatis
1652 1195 1742 1264 qui

178 1289 333 1359 ipsam
366 1289 611 1358 adibant,
647 1290 920 1344 innumera
964 1288 1218 1344 beneﬁcia
1246 1289 1528 1343 acervatim
1555 1299 1741 1342 contu-

177 1378 264 1446 lit,
305 1382 584 1436 innumera
629 1395 841 1451 quoque
907 1381 1220 1436 militaribus
1260 1383 1494 1436 numeris
1535 1382 1738 1437 liberali

175 1484 323 1526 manu
349 1472 646 1527 distribuit.
679 1471 1007 1539 Pauperibus
1038 1481 1213 1526 autem
1241 1487 1306 1527 ac
1335 1474 1489 1528 nudis
1517 1482 1571 1528 et
1595 1473 1738 1527 omni

174 1578 268 1633 cpe
302 1579 364 1620 ac
400 1566 602 1621 solatio
632 1565 896 1620 destitutis
924 1568 1308 1637 quamplurima
1345 1569 1588 1634 donavit,
1634 1568 1737 1622 illis

172 1653 460 1723 pecuniam,
491 1656 578 1709 bis
607 1665 834 1721 vestem,
859 1659 923 1710 ad
957 1657 1234 1727 tegendam
1258 1660 1496 1728 corporis
1523 1657 1732 1712 nudita-

172 1751 268 1799 tem
318 1744 524 1814 prolixe
581 1747 944 1815 suppeditans.
994 1747 1144 1801 Alios
1190 1749 1313 1803 item
1358 1747 1599 1812 vinculis,
1644 1755 1735 1801 aut

1843 530 1930 597 qui
1957 543 2019 583 ex
2051 528 2136 582 illa
2177 537 2327 583 ortus
2367 537 2466 583 est.
2496 529 2664 594 Quem
2703 526 2916 598 quidem
2947 527 3016 579 ob
3051 533 3274 578 cmteras
3311 534 3418 587 res,

1845 617 2074 675 maxime
2094 633 2222 673 vero
2252 617 2323 673 ob
2350 619 2598 688 pietatem
2629 617 2679 672 in
2711 625 2955 674 matrem.
2987 615 3194 670 beatum
3226 626 3418 664 conm-

1845 706 1921 759 nit
1957 707 2266 776 prtedieare.
2314 709 2520 777 Quippe
2557 706 2720 770 illam,
2752 721 2871 760 cum
2901 712 3055 758 antea
3104 703 3191 757 Dei
3228 702 3413 756 cultris

1843 809 1950 849 non
1994 806 2156 862 esset,
2205 805 2309 852 tam
2353 799 2494 868 piam
2536 811 2598 851 ac
2643 795 2940 865 religiosam
2987 793 3251 862 prtestitit,
3293 801 3349 846 ut
3384 807 3414 848 a

1843 891 2106 944 communi
2149 892 2386 945 omnium
2420 890 2706 947 Servatore
2733 889 2967 945 instituta
3011 888 3176 945 fuisse
3209 885 3416 942 videre-

1845 987 1948 1036 tur.
1977 979 2256 1050 [legalibus
2283 991 2458 1039 autem
2489 981 2777 1036 honoribus
2804 982 2872 1036 ita
2909 979 3152 1035 eamdem
3182 978 3409 1046 ornavit,

1842 1080 1902 1126 ut
1927 1071 1978 1125 in
2008 1072 2254 1128 onnnbos
2279 1072 2584 1142 provinciis,
2616 1082 2723 1126 tum
2751 1087 2780 1126 a
2809 1071 3045 1142 paganis,
3081 1079 3189 1125 tum
3216 1085 3246 1124 a
3273 1069 3412 1124 mili-

1845 1161 1982 1217 tibus
2013 1165 2244 1232 Augusta
2272 1172 2327 1217 et
2369 1163 2674 1234 imperatrix
2718 1171 3137 1230 nuncuparetur,
3172 1168 3226 1214 et
3263 1162 3406 1213 aurei

1841 1252 2044 1312 nummi
2070 1254 2184 1322 ejus
2220 1254 2448 1324 imagine
2483 1255 2836 1324 signarentur.
2865 1250 3163 1320 Quinetiam
3192 1249 3406 1305 thesau-

1842 1360 2018 1400 rorum
2046 1343 2300 1415 regalium
2341 1354 2653 1415 potestatem
2692 1345 2739 1400 ei
2767 1341 3147 1398 Constantinus
3187 1354 3407 1396 conces-

1839 1444 2003 1501 serat,
2032 1434 2222 1505 quibus
2251 1450 2347 1507 pro
2375 1435 2592 1490 arbitrio
2635 1444 2688 1488 et
2717 1450 2782 1490 ex
2822 1434 2983 1490 animi
3010 1433 3091 1488 sui
3118 1432 3401 1497 sententia,

1840 1535 1993 1594 prout
2022 1525 2226 1586 libitum
2250 1535 2388 1581 esset
2411 1535 2668 1580 uteretur.
2694 1525 2824 1580 Nam
2852 1533 2906 1580 et
2924 1525 2976 1579 in
3003 1524 3099 1578 hac
3120 1532 3268 1592 parte
3293 1537 3403 1576 ma»

1838 1624 1970 1672 trem
2017 1631 2165 1671 suam
2209 1617 2545 1686 conspicuam
2587 1626 2640 1670 ot
2683 1615 2886 1670 beatam
2936 1615 3170 1668 omnium
3205 1611 3402 1683 judicio

1837 1705 2084 1760 reddidit.
2130 1705 2386 1773 Quocirca
2426 1721 2491 1761 ex
2533 1706 2597 1760 iis
2640 1719 2757 1775 quas
2793 1705 2858 1758 ad
2903 1702 3208 1759 memoriam
3260 1703 3401 1757 illius

1761 1815 1809 1874 Β
1834 1796 2198 1851 illustrandum
2235 1796 2520 1864 pertinent,
2551 1811 2654 1850 non
2686 1794 2952 1850 immerito
2981 1795 3092 1847 haec
3121 1791 3279 1847 etiam
3311 1806 3399 1845 as-

1297 1879 1310 1903 ἱ
1836 1889 2078 1906 ᾼΑηᾉλοή
2112 1905 2145 1906 ,7
2290 1905 2311 1906 η
2351 1891 2361 1901 ο
2428 1905 2448 1906 η
2554 1897 2593 1906 ,γ
2628 1905 2631 1906 ν
2667 1902 2752 1906 “,A
2806 1887 3049 1906 _9,A_4_|_A_g
3086 1901 3168 1906 ,ῌΑ
3205 1885 3396 1906 ,ε,,,.,

171 1924 317 1981 lentia
365 1929 730 1997 potentiorum
801 1942 1082 1998 Oppressos
1129 1927 1404 1993 liberavit;
1453 1929 1732 1983 nonnullos

169 2017 314 2072 etiam
345 2019 411 2074 ab
437 2017 602 2073 exilio
632 2021 918 2074 revocavit.

741 2132 965 2191 CAPUT
1003 2133 1160 2191 XLV.

237 2225 494 2292 Quomodo
533 2225 732 2280 Heleno
757 2226 812 2280 in
836 2227 1056 2282 ecclesiis
1088 2226 1317 2298 religiose
1345 2236 1538 2282 uersata
1566 2229 1649 2283 sit.

232 2335 541 2404 Huiusmodi
597 2337 846 2405 operibus
897 2351 1016 2390 cum
1067 2350 1310 2405 magnam
1353 2337 1454 2392 sibi
1507 2337 1724 2407 gloriam

169 2437 541 2496 comparasset,
571 2429 820 2496 pietatem
852 2442 975 2498 ergo
1005 2427 1170 2483 Deum
1198 2427 1415 2483 minime
1445 2429 1678 2497 neglexit
1710 2445 1723 2481 :

172 2534 281 2574 nam
326 2531 378 2575 et
429 2520 668 2586 assidue,
731 2520 934 2574 cunctis
981 2519 1301 2586 videntibus,
1351 2522 1401 2575 in
1447 2521 1724 2579 ecclesiam

168 2613 463 2679 ventitabat,
496 2623 551 2668 et
583 2627 762 2668 sacras
789 2613 932 2668 aedes
959 2613 1168 2669 eximiis
1207 2613 1533 2669 ornamentis
1561 2614 1725 2669 deco-

170 2703 325 2769 rabat,
357 2718 423 2758 ne
449 2703 792 2757 minimarum
835 2702 1048 2773 quidem
1078 2703 1285 2758 urbium
1315 2704 1506 2758 sacella
1547 2703 1725 2776 despi-

169 2792 318 2849 ciens.
345 2793 527 2864 Itaque
565 2794 747 2850 videre
778 2805 893 2849 erat
923 2794 1200 2849 mulierem
1247 2810 1462 2865 prorsus
1491 2796 1720 2852 admira-

171 2881 330 2948 bilem,
376 2885 621 2939 modesto
657 2899 720 2940 ac
756 2884 964 2940 decenti
1001 2885 1180 2940 habitu
1226 2901 1328 2941 una
1362 2901 1483 2944 cum
1522 2886 1720 2957 reliqua

173 2978 493 3034 multitudine
524 2989 851 3045 versantem,
884 2995 1140 3050 suamque
1165 2995 1290 3050 erga
1322 2981 1486 3035 Deum
1515 2980 1724 3051 religio-

170 3081 278 3124 nem
306 3071 445 3125 omni
477 3072 684 3141 piorum
714 3087 932 3142 Operum
958 3087 1158 3143 genere
1184 3072 1566 3128 declarantem.

718 3185 940 3240 CAPUT
979 3185 1159 3239 XLVI.

171 3273 413 3339 Quomodo
436 3277 780 3347 octogenario,
810 3285 1100 3329 testamento
1128 3279 1281 3346 facta,
1304 3292 1330 3330 e
1354 3277 1455 3329 vita
1484 3276 1712 3330 decessit.

229 3386 333 3440 iam
361 3404 486 3442 vero
512 3404 634 3442 cum
666 3389 794 3443 satis
835 3388 994 3458 longo
1022 3389 1141 3443 vita:
1180 3390 1352 3458 Spatia
1389 3391 1612 3446 decurso
1652 3392 1718 3445 ad

164 3477 436 3534 feliciorem
489 3492 690 3535 sortem
738 3492 1040 3546 vocaretur,
1089 3496 1284 3535 annum
1342 3483 1510 3535 aetatis
1557 3497 1718 3550 agens

165 3575 360 3629 circiter
384 3577 790 3646 octogesimum,
825 3577 875 3628 in
909 3577 1026 3643 ipso
1052 3576 1236 3629 mortis
1264 3575 1496 3630 confinio
1523 3578 1713 3644 posita,

166 3673 463 3720 testamento
518 3667 695 3731 facto,
737 3669 974 3720 ultimam
1021 3667 1348 3722 voluntatem
1397 3668 1712 3736 declaravit,

164 3752 411 3812 bauedem
441 3759 748 3827 relinquens
777 3759 988 3815 unicum
1035 3759 1234 3828 ﬁlimn,
1276 3761 1443 3814 solum
1488 3761 1715 3830 impera-

167 3854 322 3902 torem
355 3863 417 3902 ac
441 3849 716 3903 dominum
760 3848 907 3904 orbis
938 3858 1221 3913 terrarum,
1252 3864 1371 3904 cum
1415 3851 1533 3905 ﬁliis
1565 3851 1716 3905 nobi-

164 3934 360 3992 Iissimis
385 3939 685 3994 Caesaribus
721 3939 1004 4008 nepotibus
1039 3939 1170 3994 suis.
1198 3940 1428 4006 Quorum
1469 3943 1712 4011 singulis,

166 4023 288 4080 bona
323 4043 435 4098 qua:
461 4044 555 4097 per
581 4029 889 4083 universum
921 4029 1106 4084 orbem
1154 4030 1481 4100 possidebat,
1513 4031 1710 4085 divisit.

164 4116 215 4170 In
259 4117 390 4173 hunc
441 4120 675 4186 modum,
708 4129 1020 4174 testamento
1075 4122 1232 4186 facto,
1281 4120 1420 4176 diem
1473 4122 1712 4177 ultimum

164 4205 354 4271 clausit,
384 4218 642 4276 prresente
671 4217 722 4262 et
760 4208 1003 4263 adstante
1033 4209 1137 4279 ipsi
1174 4209 1262 4262 tali
1293 4219 1541 4279 tantoque
1579 4212 1709 4278 lilio,

162 4306 211 4350 et
239 4301 376 4352 omni
415 4300 787 4370 obsequiorum
832 4315 1027 4370 genere
1069 4312 1289 4356 matrem
1335 4302 1560 4370 favente,
1597 4320 1710 4358 ma-

163 4401 348 4458 nusque
385 4391 494 4458 ejus
533 4391 910 4460 amplectente.
942 4391 1090 4445 Adeo
1121 4401 1178 4446 nt
1215 4407 1544 4462 nequaquam
1576 4399 1710 4452 mori

162 4481 336 4536 mulier
378 4484 696 4548 beatissima,
742 4485 834 4538 sed
878 4486 1050 4553 potius
1093 4486 1343 4543 caducam
1375 4488 1509 4543 hanc
1550 4491 1707 4544 vitam

1831 1889 2173 1958 sumpsimus,
2205 1905 2322 1958 quae
2350 1891 2635 1959 imperator
2665 1902 2762 1958 pro
2801 1887 3052 1958 singulari
3081 1901 3174 1940 sna
3205 1885 3399 1955 pietate

1832 1980 1885 2034 in
1911 1979 2170 2036 honorem
2213 1981 2399 2039 matris
2439 1995 2550 2035 suae
2591 1979 2777 2049 gessit,
2809 1977 2934 2032 dum
2963 1977 3154 2032 divinis
3194 1976 3400 2031 obtem-

1830 2083 1978 2141 perat
2006 2073 2227 2143 legibus,
2257 2088 2374 2142 quat
2404 2071 2525 2128 ﬁliis
2555 2071 2729 2127 debita
2761 2073 2811 2125 in
2841 2080 3091 2140 parentes
3112 2069 3286 2124 oflicia
3317 2069 3396 2124 in-

1823 2162 2073 2233 jungunt.
2104 2162 2414 2231 Hujusmodi
2449 2161 2796 2232 pulcherrima
2837 2175 2996 2230 opera
3034 2162 3085 2215 in
3117 2161 3394 2214 Palaestina

1830 2253 2138 2324 imperator,
2171 2256 2247 2309 uti
2275 2254 2530 2319 diximus,
2562 2254 2840 2309 exstruxit.
2871 2252 2974 2308 Sed
3005 2263 3057 2308 et
3095 2253 3146 2306 in
3180 2253 3397 2322 reliquis

1828 2342 2111 2410 provinciis
2150 2358 2313 2398 novas
2346 2359 2374 2399 a
2413 2342 2769 2400 fundamentis
2823 2344 3089 2398 mdiﬁcans
3119 2344 3392 2407 ecclesias,

1827 2433 1996 2489 multo
2021 2435 2350 2506 angustiores
2379 2451 2536 2508 quam
2567 2451 2683 2505 quae
2711 2446 2864 2491 antea
2891 2443 3045 2491 erant
3069 2433 3262 2489 effecit.

2363 2547 2585 2605 CAPUT
2623 2547 2850 2604 XLVIII.

1830 2657 2090 2726 Quomodo
2112 2659 2545 2728 Constantinopoli
2577 2660 2818 2730 martyrio
2843 2657 3144 2726 construxit,
3171 2675 3395 2712 omnem-

2177 2770 2273 2824 que
2300 2753 2552 2808 idolorum
2577 2753 2772 2807 cultum
2801 2752 3032 2807 abolevit.

1893 2865 2024 2920 Cum
2053 2880 2179 2920 vero
2203 2867 2470 2920 civitatem
2496 2869 2725 2920 nominis
2761 2867 2842 2921 sui
2880 2866 2945 2920 ad
2974 2881 3234 2921 summam
3273 2869 3390 2937 glo-

1823 2958 1956 3012 riam
1995 2958 2258 3013 extollere
2304 2959 2656 3024 instituisset,
2701 2958 2949 3026 plurimis
2987 2973 3104 3012 eam
3146 2961 3392 3014 oratoriis

1823 3052 2127 3114 exornavit,
2151 3048 2600 3118 amplissimisque
2633 3048 2901 3118 martyriis
2930 3056 2985 3102 et
3021 3047 3390 3117 splendidissi-

1824 3140 1924 3194 mis
1946 3138 2147 3192 tedibus
2167 3181 2180 3203 ,
2214 3139 2398 3202 tartim
2430 3141 2480 3192 in
2508 3139 2795 3204 suburbiis,
2831 3139 3018 3208 partim
3046 3140 3097 3192 in
3129 3140 3242 3208 ipsa
3264 3139 3393 3192 civi-

1824 3238 1929 3284 tate
1971 3231 2308 3284 constructis.
2359 3230 2533 3298 Atque
2568 3231 2668 3284 IlOC
2704 3229 2862 3283 modo
2900 3231 3055 3284 simul
3099 3241 3388 3299 martyrum

1825 3320 2104 3374 honoravit
2155 3321 2502 3384 memoriam,
2554 3320 2711 3373 simul
2768 3321 3032 3374 civitatem
3093 3335 3242 3373 suam
3290 3321 3388 3389 ipsi

1822 3423 2110 3484 martyrum
2146 3414 2254 3469 Deo
2291 3414 2639 3468 consecravit.
2667 3413 2832 3466 'I‘Otus
2870 3412 3098 3483 denique
3131 3415 3387 3483 sapientia

1822 3509 1912 3562 Dei
1939 3519 2258 3571 exmstuans,
2279 3509 2463 3564 urbem
2494 3509 2635 3562 illam
2660 3524 2818 3578 quam
2849 3511 3203 3578 appellatione
3226 3515 3388 3565 nomi-

1820 3601 1902 3654 nis
1923 3601 2001 3653 sui
2040 3601 2292 3670 insignire
2338 3600 2677 3665 decreverat,
2730 3601 2872 3653 omni
2924 3601 3187 3654 idolormn
3242 3603 3383 3656 cultu

1821 3705 1987 3760 usque
2011 3691 2145 3745 adeo
2181 3705 2398 3746 vacuam
2441 3706 2561 3745 esse
2597 3690 2791 3754 voluit,
2819 3701 2872 3744 nt
2917 3707 3173 3759 nusquam
3211 3693 3260 3744 in
3297 3693 3384 3746 illa

1819 3781 2075 3835 falsorum
2106 3783 2375 3836 numinum
2407 3783 2687 3835 simulacra
2713 3782 2763 3834 in
2806 3781 3017 3850 templis
3045 3782 3380 3845 colerentur;

1817 3885 1879 3926 ac
1901 3886 1967 3925 ne
2002 3886 2106 3924 ara:
2145 3871 2356 3940 quidem
2389 3872 2721 3926 victimarum
2763 3887 2953 3926 cruore
2989 3873 3377 3937 contaminatae,

1819 3977 1915 4016 nec
1938 3961 2126 4016 hostia:
2157 3965 2276 4032 igne
2303 3973 2636 4032 consumptae
2661 3977 3024 4030 cernerentur,
3065 3978 3162 4017 nec
3184 3963 3382 4017 damno-

1817 4071 1941 4110 num
1965 4057 2278 4112 festivitates
2298 4098 2312 4124 ,
2346 4072 2443 4112 nec
2469 4059 2751 4127 quidquam
2778 4073 2963 4113 eorum
2987 4074 3103 4128 qua:
3136 4059 3271 4128 apud
3295 4074 3382 4114 su-

1814 4146 2143 4217 perstitiosos
2168 4147 2377 4217 vulgata
2408 4157 2531 4203 sunt
2558 4149 2752 4203 ibidem
2785 4160 3051 4218 ageretur.

2373 4259 2595 4315 CAPUT
2634 4258 2819 4314 XLIX.

1814 4367 2030 4439 Signum
2053 4373 2216 4424 crucis
2243 4373 2294 4423 in
2319 4370 2529 4439 palatio,
2559 4381 2604 4425 et
2628 4372 2794 4441 imago
2820 4371 3050 4425 Danielis
3069 4373 3119 4424 in
3136 4374 3376 4442 fontibus.

1889 4479 2123 4535 Vidisses
2150 4482 2307 4552 igitur
2330 4483 2380 4536 in
2421 4481 2655 4537 fontibus
2688 4484 2775 4553 qui
2802 4495 2923 4537 sunt
2954 4485 3004 4537 itt
3033 4484 3210 4538 medio
3240 4485 3375 4555 foro,

161 4582 268 4624 cum
317 4573 589 4630 immortali
629 4576 733 4632 vita
775 4585 1123 4640 commutare.
1175 4587 1316 4633 recte
1359 4580 1706 4637 sentientibus
1735 4549 1789 4608 Β
1815 4574 1935 4629 boni
1961 4576 2182 4644 pastoris
2207 4577 2798 4646 imagines,divinorum
2841 4577 3175 4632 oraculorum
3199 4581 3378 4647 peritis

159 4660 425 4718 rideretur.
465 4668 652 4724 Anima
695 4667 853 4736 igitur
896 4668 1034 4722 illius
1077 4667 1128 4722 in
1170 4669 1615 4740 incorruptibilem
1653 4685 1704 4726 et

160 4753 428 4822 angelicam
453 4756 798 4812 substantiam
823 4757 1132 4826 reformata,
1157 4759 1223 4813 ad
1253 4760 1415 4814 Deum
1455 4763 1705 4817 Servato—

159 4857 258 4898 rem
285 4859 428 4900 suum
456 4859 726 4920 assumpta
758 4858 858 4905 est.

686 4959 912 5016 CAPUT
950 4962 1156 5020 XLVII.

160 5055 405 5121 Quomodo
442 5060 800 5118 Constantinus
845 5071 1052 5116 matrem
1094 5063 1323 5128 deposuit
1403 5075 1448 5120 et
1489 5067 1705 5135 qualiter

569 5156 712 5208 illam
741 5154 894 5207 coluit
925 5154 1043 5208 dum
1071 5157 1268 5211 viveret.

218 5260 442 5319 Cadaver
481 5276 656 5320 autem
702 5266 868 5336 ipsius
903 5265 1104 5322 honore
1143 5267 1543 5339 haudquaquam
1584 5271 1702 5325 vul-

158 5352 259 5418 gari
283 5352 516 5409 allectum
553 5357 670 5410 fuit.
700 5356 832 5411 Nam
877 5372 995 5412 cum
1036 5359 1237 5428 ingenti
1274 5361 1557 5415 satellitum
1601 5379 1700 5417 nu-

159 5455 292 5496 mero
322 5445 371 5498 in
396 5447 585 5514 regiam
628 5446 813 5501 urbem
857 5456 1181 5516 pervectum,
1222 5449 1417 5504 ibidem
1457 5451 1508 5505 in
1538 5453 1700 5522 regali

163 5543 480 5588 monumento
521 5535 818 5604 depositum
863 5546 962 5591 est.
1012 5536 1124 5592 Hoc
1165 5537 1323 5593 modo
1369 5540 1700 5608 imperatoris

163 5632 316 5678 mater
344 5625 541 5681 vivendi
569 5627 728 5681 finem
757 5627 912 5694 fecit;
939 5629 1127 5684 mulier
1151 5632 1472 5701 sempiterna
1500 5649 1700 5691 memo-

161 5714 228 5772 ria
245 5718 561 5790 dignissima,
587 5730 696 5776 tum
723 5719 792 5776 ob
816 5724 1087 5795 religiosos
1108 5739 1256 5787 actus
1276 5728 1466 5801 quibus
1487 5730 1696 5799 enituit,

1813 4665 2146 4732 notissimas,
2198 4667 2422 4720 Danielis
2460 4668 2581 4720 item
2608 4667 2834 4735 efﬁgiem
2859 4684 2960 4722 una
2987 4683 3105 4722 cum
3136 4669 3376 4726 leonibus

1811 4770 1917 4810 tere
1943 4771 2268 4824 expressam,
2301 4769 2351 4810 et
2381 4758 2496 4812 auri
2527 4759 2754 4813 bracteis
2787 4759 3150 4828 refulgentem.
3177 4762 3376 4816 Tantus

1811 4860 1970 4914 porro
1992 4846 2152 4901 divini
2197 4849 2423 4901 nutninis
2452 4863 2600 4902 amor
2638 4849 2974 4918 imperatoris
3019 4852 3251 4904 animum
3280 4866 3372 4906 oc-

1810 4946 2199 5005 cupaverat,ut
2248 4937 2299 4991 in
2351 4940 2509 4992 totius
2549 4938 2726 5008 palatii
2773 4941 3194 4994 eminentissimo
3229 4941 3375 4994 cubi-

1809 5027 1963 5092 culo,
2013 5029 2064 5081 in
2109 5029 2332 5082 maxima
2378 5031 2590 5093 tabula,
2636 5045 2752 5100 quae
2802 5031 2852 5083 in
2890 5031 3064 5084 medio
3111 5033 3373 5086 lacunaris

1810 5117 2034 5170 inaurati
2060 5133 2290 5187 expansa
2313 5130 2427 5183 est,
2471 5122 2676 5190 signum
2708 5120 2986 5174 dominica:
3022 5122 3280 5190 passiOnis
3308 5138 3371 5176 ex

1807 5224 1937 5263 auro
1960 5211 2311 5280 pretiosisque
2333 5212 2592 5280 lapidibus
2621 5211 2952 5266 elaboratum
2993 5212 3244 5266 inﬁxerit.
3282 5215 3374 5265 At-

1805 5314 1907 5368 que
1931 5301 2030 5353 IlOC
2058 5309 2305 5370 tanquam
2327 5303 2628 5372 prazsidium
2657 5319 2717 5357 ac
2741 5304 2957 5359 tutelam
2981 5303 3189 5373 imperii
3245 5303 3373 5373 piis-

1801 5391 1968 5447 simus
1989 5394 2234 5463 princeps
2257 5395 2505 5449 statuisse
2529 5396 2653 5450 mihi
2680 5397 2904 5451 videtur.

2420 5508 2645 5564 CAPUT
2683 5508 2743 5562 L.

1919 5629 1993 5686 De
2019 5633 2240 5688 ecclesiis
2267 5649 2390 5702 quas
2421 5634 2730 5690 Nicomedia:
2756 5646 2802 5690 et
2832 5638 2953 5692 alibi
2978 5640 3237 5694 exstruxit.

1885 5745 1980 5803 llis
2006 5747 2164 5819 igitur
2192 5748 2518 5807 ornamentis
2544 5749 2809 5806 civitatem
2848 5751 3078 5810 nominis
3114 5753 3194 5810 sui
3219 5751 3375 5809 deco-
