3876 6218
460 270 529 326 65
1754 278 1926 335 ΙίῖυὸΕ
1936 279 2014 334 Bll

2131 279 2377 336 iMPlllIJ
3635 281 3692 335 6⁵

459 388 612 442 ravit.
641 388 835 445 Urbem
860 405 988 447 vero
1010 393 1311 462 primariam
1345 392 1627 465 Bithyniae,
1658 394 2028 465 pulcherrima:
2056 402 2109 454 Α
2131 395 2392 464 gnominis
2413 437 2427 462 ,
2462 403 2568 448 tota
2600 394 2796 465 passim
2830 394 3027 465 repleta
3052 403 3133 450 est
3173 394 3339 464 signis
3374 395 3567 463 aeneis,
3590 411 3694 467 qua)

459 490 514 536 et
534 484 1075 554 magniﬁcentissimae
1102 487 1344 542 ecclesia:
1368 496 1711 542 monumento
1732 488 2030 553 exornavit,

460 576 651 629 erectis
674 577 889 646 proprio
937 589 1149 645 sumptu
1194 579 1243 632 in
1284 579 1541 633 honorem
1585 580 1886 634 Servatoris
1923 580 2025 643 sui,

469 678 533 718 eo
556 665 716 719 etiam
744 665 796 719 in
826 666 940 721 loco
968 670 1181 737 tropaeis
1210 668 1445 725 victoriae
1485 686 1643 738 quam
1685 670 1752 725 de
1792 669 2030 724 hostibus

458 762 512 808 et
538 754 605 808 de
633 754 953 811 adversariis
983 759 1072 813 Dei
1099 760 1373 814 retulerat.
1400 761 1453 814 In
1480 762 1699 829 reliquis
1719 762 1877 816 etiam
1908 774 2031 827 pro-

460 846 685 912 vinciis,
737 851 1035 917 praaeipuas
1077 864 1139 905 ac
1188 851 1546 905 nobilissimas
1592 866 1826 921 quasque
1871 850 2029 905 urbes

457 940 813 993 oratoriorum
860 940 1251 1010 magnificentia
1292 942 1619 997 illustravit:
1652 940 1884 1007 exempli
1909 955 2030 1009 gra-

459 1029 529 1083 tia
560 1030 744 1084 urbem
774 1033 931 1086 totius
955 1032 1183 1088 Orientis
1208 1035 1563 1105 iuetropolim,
1594 1048 1710 1101 qua:
1745 1033 1811 1086 ab
1837 1032 2028 1086 Antio-

456 1124 560 1175 cho
584 1137 777 1178 nomen
804 1126 983 1179 traxit.
1002 1126 1169 1197 lnqua
1198 1136 1462 1196 tamquam
1491 1129 1541 1179 in
1564 1126 1762 1180 vertice
1788 1126 2027 1179 omnium

455 1213 569 1281 ejus
601 1216 833 1284 regionis
857 1217 1268 1285 provinciarum,
1296 1217 1561 1286 singulare
1581 1216 1845 1286 quoddam
1870 1230 2026 1283 opus,

456 1318 552 1359 seu
573 1306 998 1373 amplitudinem,
1032 1321 1126 1362 seu
1151 1308 1399 1362 decorem
1429 1318 1660 1376 spectes,
1698 1306 1807 1360 Deo
1838 1320 2032 1360 conse-

454 1399 642 1452 cravit.
686 1400 892 1468 Quippe
936 1401 1239 1455 universum
1286 1400 1539 1469 templum
1587 1398 1895 1467 longissimo
1935 1413 2029 1450 ex—

456 1490 720 1545 trinsecus
748 1493 948 1547 ambitu
981 1492 1419 1562 circumscripsit.
1446 1491 1674 1545 Interius
1698 1504 1824 1544 vero
1845 1490 2029 1544 basili-

452 1593 570 1633 cam
604 1581 772 1649 ipsam
817 1582 880 1636 ad
927 1597 1189 1635 summam
1232 1584 1403 1637 erexit
1442 1581 1813 1646 altitudinem;
1865 1579 2025 1650 ﬁgura

454 1670 667 1738 quidem
699 1670 934 1727 octaedri
964 1680 1321 1727 constructam
1343 1713 1358 1737 ,
1390 1672 1630 1739 plurimis
1660 1686 1787 1725 vero
1807 1671 2026 1724 circum-

2137 486 2364 554 eleganti
2411 498 2573 553 opere
2619 486 2888 540 elaborata
2916 527 2929 547 ,
2986 500 3078 555 per
3130 485 3361 555 singulas
3414 486 3694 555 provincias

2134 574 2258 626 olim
2296 572 2536 627 dedicata
2578 573 2806 629 fuerant.
2852 574 3056 642 Quibus
3095 590 3212 629 cum
3256 575 3496 630 homines
3525 577 3693 633 morbo

2132 665 2331 719 erroris
2360 666 2620 734 oppressi,
2652 667 2808 732 longo
2836 666 3088 733 temporis
3118 668 3286 735 spatio
3317 677 3567 722 centenas
3594 670 3692 724 vic-

2134 758 2290 811 timas
2318 768 2369 811 et
2402 757 2707 811 holocausta
2741 763 3005 811 incassum
3036 760 3256 828 perinde
3294 775 3359 814 ac
3386 760 3491 815 diis
3520 763 3695 816 immeo

2133 847 2387 902 iuvissent
2407 891 2420 914 ,
2450 863 2570 903 sero
2601 849 2812 904 tandem
2843 866 3029 919 sapere
3071 851 3402 912 didicerunt.
3429 863 3691 922 postquam

2134 939 2420 1008 imperator
2466 940 2651 997 iisdem
2681 943 2746 996 ad
2777 944 2939 997 risum
2984 951 3038 997 et
3077 943 3523 998 oblectamentum
3550 959 3692 1013 spec—

2134 1033 2351 1086 tantium
2375 1034 2450 1086 uti
2475 1036 2656 1103 cmpil.
2688 1034 2980 1089 Simulacra
3006 1050 3131 1089 vero
3152 1051 3218 1089 ex
3243 1051 3371 1089 auro
3392 1037 3691 1104 fabrefacta,

2132 1123 2237 1176 alio
2288 1125 2517 1192 quodam
2542 1126 2685 1179 ultus
2711 1135 2791 1179 est
2819 1125 2994 1180 modo.
3027 1125 3180 1192 Nam,
3214 1129 3462 1196 quoniam
3491 1128 3693 1198 imperi-

2134 1228 2236 1269 tam
2261 1214 2537 1271 hominum
2562 1219 2974 1284 multitudinem,
3007 1220 3279 1274 infantium
3313 1224 3497 1288 instar,
3528 1224 3696 1293 hujus-

2131 1305 2274 1358 modi
2302 1308 2501 1359 erroris
2543 1308 2719 1362 larvas
2760 1324 2820 1363 ex
2858 1324 2987 1363 auro
3027 1322 3349 1381 argentoque
3388 1312 3694 1369 fabrefactas

2130 1394 2323 1449 frustra
2369 1399 2781 1452 contremiscere
2829 1412 3164 1469 cognoverat,
3200 1417 3289 1455 eas
3331 1419 3361 1457 e
3401 1404 3575 1459 medio
3605 1406 3695 1459 tol-

2132 1486 2319 1539 lendas
2360 1502 2479 1540 esse
2517 1489 2756 1553 censuit;
2814 1491 3009 1559 quippe
3051 1507 3168 1559 quae
3216 1492 3358 1545 velut
3413 1492 3694 1563 fragmenta

2134 1578 2375 1645 quzedam
2426 1578 2661 1646 lapidum
2712 1591 2921 1645 essent,
2962 1591 3086 1636 ante
3132 1584 3291 1651 pedes
3336 1585 3606 1639 hominum
3649 1588 3694 1641 in

2133 1667 2320 1722 mediis
2368 1670 2599 1724 tenebris
2648 1671 3027 1727 ambulantium
3084 1676 3348 1743 projecta,
3384 1677 3696 1749 planumque

452 1777 659 1831 quaque
700 1762 959 1816 cubiculis
1015 1772 1069 1817 et
1107 1762 1357 1817 exhedris
1379 1806 1392 1828 ,
1429 1772 1483 1816 et
1527 1774 1630 1815 tam
1670 1762 2030 1816 subterraneis
2062 1769 2109 1827 Β
2136 1758 2389 1829 deinceps
2412 1770 2464 1815 et
2491 1761 2754 1832 mquabile
2784 1766 2880 1819 iter
2910 1767 3006 1819 via:
3038 1770 3196 1835 regia:
3220 1770 3424 1823 cunctis
3444 1785 3562 1825 esse
3584 1786 3698 1841 ape

452 1851 584 1905 locis
630 1868 786 1921 quam
859 1853 1071 1906 solariis
1114 1855 1346 1923 undique
1399 1852 1802 1907 circumdatam.
1856 1851 2027 1917 Quam

450 1941 665 2011 quidem
688 1942 958 1996 basilicam
987 1958 1117 1997 auro
1143 1944 1370 2013 plurimo
1391 1954 1445 1998 et
1466 1959 1572 1997 aare
1590 1986 1603 2009 ,
1637 1944 1860 2013 aliisque
1904 1958 2027 2012 pre-

452 2033 599 2087 tiosis
621 2033 903 2102 speciebus
928 2036 1294 2103 copiosissime
1318 2035 1617 2090 exornavit.

1050 2144 1274 2201 CAPUT
1313 2146 1398 2201 LI.

525 2239 675 2304 Quod
705 2240 755 2293 in
787 2242 895 2294 loco
930 2242 1064 2295 dicto
1104 2241 1330 2295 Mambre
1351 2243 1611 2296 ecclesiam
1641 2242 1932 2312 adificavit.

522 2350 589 2403 Et
618 2350 731 2404 hazc
766 2352 979 2420 quidem
1016 2361 1138 2405 sunt
1176 2354 1609 2423 praestantissima
1659 2364 2021 2417 monumenta,

460 2455 579 2510 quae
603 2441 894 2510 imperator
928 2441 1038 2496 Deo
1063 2445 1418 2497 consecravit.
1442 2443 1570 2497 Cum
1596 2452 1773 2497 autem
1814 2442 2029 2498 didicis-

449 2544 533 2587 set
562 2532 706 2586 illum
736 2535 905 2602 ipsum
931 2534 1293 2601 Servatorem,
1322 2538 1409 2605 qui
1443 2552 1613 2606 nuper
1641 2538 1691 2591 in
1725 2537 1883 2591 terris
1909 2553 2029 2591 ver-

451 2634 600 2679 satus
639 2626 852 2692 fuisset,
872 2627 1187 2697 jampridem
1218 2630 1344 2683 viris
1370 2630 1685 2697 quibusdam
1721 2631 1810 2683 Dei
1836 2645 2022 2683 amau-

452 2718 671 2771 tissimis
727 2722 1061 2785 prtesentiam
1126 2722 1421 2775 Divinitatis
1468 2739 1577 2775 suae
1632 2723 1682 2775 in
1742 2722 2021 2776 Palmstina

447 2810 753 2866 exhibuisse
777 2814 922 2879 juxta
949 2812 1213 2879 Quercum
1240 2830 1360 2884 qua:
1389 2814 1582 2867 dicitur
1604 2814 1834 2869 Mambre
1858 2857 1871 2879 ,
1918 2814 2025 2868 illic

449 2904 608 2958 etiam
633 2903 904 2958 basilicam
930 2906 1180 2959 aedificari
1206 2908 1477 2975 prazcepit.
1512 2898 1742 2961 Proinde
1764 2908 1829 2961 ad
1855 2917 2025 2961 recto-

454 3008 541 3046 res
566 2993 777 3063 quidem
803 2998 1196 3064 provinciarum
1246 3000 1404 3053 missa
1428 3008 1507 3053 est
1536 2999 1872 3067 imperatoris
1901 3014 2022 3052 auc-

447 3088 632 3140 toritas
649 3128 665 3153 ,
688 3088 824 3143 datis
856 3089 923 3143 ad
949 3091 1183 3159 singulos
1208 3091 1410 3145 ~litteris
1436 3092 1627 3160 quibus
1651 3092 1936 3161 jubebatur
1964 3102 2022 3146 ut

447 3183 742 3252 injunctum
788 3185 887 3238 sibi
919 3200 1053 3255 opus
1095 3188 1161 3239 ad
1217 3187 1416 3241 exitum
1462 3187 1751 3256 perducere
1791 3197 2021 3241 matura-

445 3289 582 3333 rent.
610 3278 773 3334 Nobis
807 3293 933 3333 vero
968 3283 1052 3347 qui
1086 3280 1223 3334 hanc
1248 3281 1525 3334 historiam
1565 3281 1849 3335 scribimus
1870 3323 1884 3347 ,
1913 3282 2025 3349 ple-

445 3386 567 3425 nam
610 3371 885 3439 Sapientiae
925 3371 1121 3425 direxit
1154 3372 1608 3440 praedicationem.
1633 3371 1795 3439 Cujus
1844 3387 2024 3426 exem-

444 3464 609 3533 plum,
638 3461 738 3516 hoc
757 3463 876 3516 loco
894 3461 1023 3515 mihi
1041 3462 1381 3516 inserendum
1400 3462 1626 3526 videtur,
1646 3476 1752 3531 quo
1771 3462 2026 3529 principis

447 3556 537 3609 Dei
578 3553 925 3607 amantissimi
971 3567 1096 3608 cura
1150 3568 1212 3607 ac
1269 3554 1544 3624 diligentia
1598 3557 1797 3609 certius
1860 3557 2025 3622 possit

443 3646 677 3714 agnosci.
702 3645 1042 3714 Exprobrans
1065 3646 1224 3715 igitur
1246 3646 1394 3701 nobis
1416 3662 1476 3700 ea
1499 3662 1616 3716 quae
1640 3648 1691 3699 in
1723 3656 2022 3701 memorato

446 3736 561 3790 loco
583 3737 692 3807 geri
718 3745 1018 3805 acceperat,
1048 3735 1162 3789 hinc
1182 3736 1249 3789 ad
1286 3738 1505 3791 verbum
1534 3738 1769 3807 scripsit.

1041 3850 1267 3905 CAPUT
1307 3851 1413 3906 ιιι.

564 3945 879 4000 Constantini
905 3945 1121 4012 epistola
1151 3944 1218 3997 ad
1242 3944 1526 3998 Macarium
1552 3945 1615 3997 de
1643 3944 1890 3998 Humbre.

441 4120 471 4170 ὁ
503 4058 954 4185 (Hancfepistolam,
978 4058 1070 4107 hoc
1094 4064 1146 4108 et
1171 4059 1406 4121 sequenti
1446 4058 1607 4120 capite
1631 4062 1926 4115 contentam,
1954 4057 2025 4106 vi-

476 4134 572 4171 esis
598 4134 644 4169 in
667 4134 717 4169 ra
747 4160 760 4174 .

476 4134 572 4171 CSIS
598 4134 760 4174 1011⁵31,

1027 4224 1252 4280 CAPUT
1290 4223 1421 4278 LIV.

765 4313 915 4368 Fana
938 4323 981 4367 et
1001 4315 1273 4368 simulacra
1298 4315 1479 4381 ubique
1510 4314 1699 4368 diruta.

515 4409 639 4462 litec
664 4405 841 4461 omnia
868 4406 1159 4474 imperator
1178 4404 1243 4458 ad
1263 4405 1487 4474 gloriam
1510 4404 1793 4459 salutifera:
1825 4402 2023 4459 Christi

441 4498 651 4553 virtutis
689 4496 838 4550 omni
888 4495 1068 4549 studio
1113 4496 1431 4564 peragebat,
1483 4508 1546 4549 ac
1587 4494 1752 4548 Deum
1806 4496 2019 4563 quidem
2048 4507 2101 4565 ι)

442 4593 779 4647 Servatorem
812 4604 966 4644 suum
1006 4588 1106 4642 hac
1141 4590 1349 4643 ratione
1388 4587 1571 4641 colere
1606 4601 1712 4641 non
1752 4588 2017 4641 cessabat.

444 4681 729 4737 Gentilium
783 4695 910 4733 vero
982 4679 1409 4749 superstitiosum
1465 4692 1703 4733 errorem
1774 4678 2023 4732 omnibus

444 4771 616 4825 modis
642 4771 888 4826 studebat
909 4771 1247 4825 convincere.
1269 4768 1451 4839 Itaque
1476 4768 1827 4839 quorumdam
1860 4771 1910 4823 in
1934 4785 2022 4823 ur-

444 4862 597 4921 bibus
644 4862 887 4917 fauorum
930 4861 1193 4916 vestibula
1241 4860 1611 4926 nudabantur,
1659 4860 1829 4915 valvis
1869 4862 2021 4929 jussu

444 4954 779 5025 imperatoris
812 4955 1029 5018 orbata;
1059 4954 1283 5007 aliorum
1323 4963 1520 5007 tectum
1558 4954 2018 5022 corrumpebatur,

446 5048 633 5116 tegulis
661 5047 869 5100 amotis.
901 5046 1283 5100 Noimullorum
1310 5047 1609 5101 veneranda
1631 5062 1695 5101 ex
1722 5061 1828 5101 mre
1850 5047 2018 5101 simu.

445 5140 603 5207 lucra,
638 5154 756 5208 quae
787 5154 935 5192 error
970 5139 1231 5206 majorum
1272 5138 1453 5194 multis
1485 5140 1595 5209 jam
1632 5142 1785 5194 anuis
1814 5141 2020 5208 magni-

448 5233 545 5287 fice
566 5232 822 5301 jactabat,
858 5246 952 5299 per
983 5230 1091 5284 fora
1124 5232 1270 5285 urbis
1300 5232 1367 5286 ab
1396 5233 1719 5303 imperatore
1752 5234 2022 5302 cognomi-

448 5330 584 5377 natae
652 5324 891 5377 omnium
944 5322 1112 5375 oculis
1162 5322 1399 5389 subjecta
1444 5333 1586 5377 sunt.
1652 5323 1798 5377 Adeo
1844 5332 1903 5377 ut
1956 5324 2024 5377 ad

448 5415 733 5471 ludibrium
766 5424 819 5468 et
847 5414 1222 5469 contumeliam
1255 5418 1607 5483 spectantium
1658 5425 1898 5484 paterent
1936 5430 2030 5469 cx-

447 5509 623 5578 positi.
655 5506 742 5560 hic
764 5505 985 5572 Pythius
1014 5506 1224 5577 Apollo,
1254 5508 1359 5561 illic
1388 5506 1705 5574 Sminthius,
1747 5518 1801 5561 et
1839 5509 1890 5562 in
1916 5509 2031 5577 ipso

447 5599 658 5667 quidem
690 5598 838 5651 circo
868 5598 1102 5666 tripodes
1131 5597 1404 5667 Delphici;
1431 5598 1594 5653 Musa:
1614 5607 1790 5652 autem
1826 5598 2035 5655 Helico-

450 5687 599 5748 nides
626 5689 678 5743 in
709 5688 925 5759 palatio.
969 5688 1205 5759 Denique
1235 5691 1422 5745 civitas
1469 5691 1556 5744 illa
1598 5691 1903 5760 imperatori
1944 5705 2035 5746 co-

2134 1855 2397 1909 riendum.
2424 1856 2551 1923 Quae
2578 1872 2696 1911 cum
2730 1859 2866 1927 apud
2892 1874 2951 1915 se
2981 1870 3310 1930 reputasset,
3344 1878 3449 1916 non
3493 1864 3698 1919 militari

2134 1961 2325 2011 manu,
2356 1963 2451 2001 nec
2496 1951 2733 2003 exercitu
2774 1950 2838 2002 ad
2890 1950 3003 2004 haec
3047 1951 3381 2021 reprimenda
3426 1954 3525 2007 sibi
3571 1968 3696 2023 opus

2132 2052 2251 2092 esse
2277 2040 2634 2103 existimavit;
2680 2040 2773 2095 sed
2800 2057 2939 2095 unus
2960 2053 3050 2095 aut
3076 2044 3210 2098 alter
3238 2059 3299 2098 ex
3332 2043 3693 2110 familiaribus,

2131 2129 2195 2182 ad
2230 2130 2329 2183 hoc
2358 2146 2550 2184 munus
2597 2132 2643 2185 ei
2676 2131 3032 2200 suﬂecerunt,
3064 2148 3198 2203 quos
3240 2134 3329 2188 ille
3370 2135 3486 2189 solo
3515 2151 3697 2204 propc-

2132 2220 2345 2274 modum
2385 2232 2514 2274 nutu
2558 2222 2609 2274 in
2650 2237 2838 2276 omnes
2878 2223 3178 2291 provincias
3204 2224 3412 2278 direxit.
3445 2226 3512 2278 At
3552 2224 3625 2278 illi
3650 2233 3698 2278 et

2131 2310 2467 2380 imperatoris
2498 2313 2713 2381 pietate,
2746 2325 2795 2365 et
2826 2328 2917 2365 sua
2951 2313 3185 2381 ipsiirum
3221 2328 3345 2382 erga
3383 2314 3545 2367 Deum
3579 2315 3697 2369 reli-

2129 2405 2285 2475 gione
2310 2405 2517 2469 confisi,
2554 2422 2646 2475 per
2670 2404 3115 2460 confertissimam
3152 2406 3356 2459 turbam
3382 2417 3436 2460 et
3464 2422 3558 2475 per
3602 2423 3695 2461 nu-

2130 2513 2393 2553 merosam
2451 2499 2658 2567 plebem
2702 2500 2801 2552 iter
2854 2498 3144 2563 facientes,
3186 2500 3380 2567 passim
3424 2515 3516 2568 per
3543 2501 3697 2555 urbes

2130 2599 2183 2643 et
2212 2606 2365 2660 agros
2394 2602 2661 2645 vetustum
2697 2605 2933 2646 errorem
2963 2591 3328 2646 abolevcrunt.
3363 2594 3439 2647 Ac
3469 2594 3694 2663 primum

2130 2684 2341 2752 quidem
2374 2685 2680 2738 sacerdotes
2710 2684 2872 2753 ipsos,
2906 2700 3009 2737 non
3047 2685 3160 2737 sine
3196 2686 3305 2738 risu
3342 2700 3403 2739 ac
3440 2686 3696 2741 dedecore

2130 2789 2192 2829 ex
2231 2775 2474 2829 obscuris
2520 2775 2832 2844 quibusdam
2879 2776 3178 2830 recessibus
3232 2778 3364 2831 deos
3404 2791 3527 2832 suos
3573 2793 3695 2847 pro-

2128 2866 2267 2921 ferre
2292 2868 2565 2934 jubebant.
2594 2869 2792 2923 Dehinc
2815 2869 3027 2923 eosdem
3056 2868 3186 2923 deos
3207 2870 3467 2923 exteriore
3499 2870 3697 2924 nudan-

2128 2967 2207 3012 tes
2262 2959 2427 3021 cultu,
2472 2960 2775 3013 interiorem
2817 2958 3210 3015 deformitatem
3260 2976 3379 3029 qua:
3424 2962 3522 3015 sub
3560 2963 3696 3032 picta

2125 3049 2321 3103 latebat
2343 3049 2539 3120 effigie,
2571 3051 2805 3105 omnium
2839 3056 3145 3119 conspectui
3175 3051 3545 3120 subjiciebaut.
3576 3053 3698 3106 Pos-

2048 3136 2090 3196 C
2127 3147 2295 3194 tremo
2318 3140 2504 3195 abrasa
2542 3142 2754 3195 utiliore
2798 3141 3019 3195 materia
3047 3153 3096 3195 et
3140 3144 3191 3195 in
3241 3144 3411 3213 ignem
3453 3144 3697 3211 conjecta

2125 3239 2283 3298 atque
2321 3231 2547 3285 conﬂata
2571 3274 2585 3296 ,
2617 3232 2715 3301 ipsi
2762 3232 2974 3301 quidem
3007 3232 3057 3286 id
3098 3234 3236 3301 quod
3274 3234 3611 3287 commodum
3641 3248 3699 3287 ac

2128 3323 2485 3376 necessarium
2509 3337 2631 3376 esse
2661 3322 2959 3387 videbatur,
3000 3324 3288 3392 sepositum
3327 3325 3695 3379 reservabant.

2126 3412 2390 3482 Quidquid
2420 3414 2879 3482 veresupernuum
2914 3430 2976 3469 ac
3008 3429 3222 3482 prorsus
3252 3416 3434 3469 inutile
3460 3425 3603 3481 erat,
3638 3415 3699 3471 ad

2126 3514 2435 3571 perpetuam
2479 3505 2750 3573 opprobrii
2796 3505 3106 3559 memoriam
3151 3506 3532 3574 supersuitiosis
3579 3508 3700 3562 reli-

2126 3603 2372 3662 querunt.
2407 3595 2560 3648 Aliud
2606 3596 2761 3649 etiam
2793 3598 3035 3665 prmstitit
3074 3598 3317 3666 princeps
3356 3599 3501 3651 omni
3529 3598 3701 3652 admi-

2127 3685 2333 3739 ratione
2353 3685 2561 3755 dignus.
2591 3687 2786 3741 Eodem
2816 3688 2958 3741 enim
2982 3696 3218 3755 tempore
3245 3702 3349 3756 quo
3373 3699 3702 3743 mortuorum

2125 3777 2407 3831 simulacra
2459 3793 2522 3830 ex
2566 3778 2792 3845 pretiosa
2839 3779 3058 3831 materia
3110 3775 3390 3843 confecta,
3442 3792 3507 3832 eo
3545 3794 3703 3845 quem

2125 3869 2355 3925 diximus
2375 3870 2533 3923 modo
2554 3870 2943 3937 spoliabantur,
2993 3880 3293 3938 ceteraque
3313 3884 3378 3922 ex
3400 3884 3507 3923 tere
3534 3870 3706 3923 fabre-

2126 3962 2260 4017 facta
2290 3973 2461 4024 erant,
2492 3961 2837 4017 convehenda
2875 3962 3100 4017 curavit.
3147 3961 3328 4031 Itaque
3357 3961 3429 4015 dii
3456 3960 3530 4015 illi
3575 3961 3707 4015 deli-

2128 4053 2365 4107 rantibus
2385 4052 2690 4108 Graecorum
2714 4053 2905 4107 fabulis
2925 4053 3199 4118 celebrati,
3218 4051 3573 4122 circumjectis
3598 4067 3705 4107 res-

2128 4144 2266 4199 tibus
2292 4144 2451 4198 viucti
2478 4145 2841 4199 trahebantur.

2724 4277 2949 4336 CAPUT
2989 4280 3095 4335 LV.

2128 4393 2335 4448 Eversio
2364 4394 2473 4463 fani
2506 4392 2648 4461 apud
2672 4393 2881 4463 Aphaca
2924 4394 2975 4447 in
3004 4392 3263 4459 Phoenice,
3304 4402 3350 4447 et
3378 4392 3712 4462 impudicitia

2804 4486 3028 4541 abolitio.

2200 4596 2443 4651 Posthacc
2491 4596 2781 4666 imperator
2824 4599 2969 4653 velut
3012 4598 3389 4653 lucidissimam
3420 4594 3589 4651 facem
3645 4611 3710 4651 ex

2127 4689 2340 4759 specula
2387 4690 2610 4757 quadam
2662 4691 2929 4754 attollens,
2971 4689 3202 4751 undique
3241 4688 3507 4758 regalibus
3544 4687 3713 4742 oculis

2126 4780 2613 4847 circumSpiciebat,
2641 4780 2809 4834 sicubi
2838 4780 2973 4834 forte
3003 4780 3194 4849 aliqua:
3217 4778 3385 4834 adhuc
3405 4778 3605 4833 erroris
3631 4794 3712 4833 re-

2126 4873 2304 4943 liquiaa
2331 4872 2524 4926 abdita:
2554 4882 2918 4942 superessent.
2944 4874 3021 4927 Ac
3047 4874 3207 4927 veluti
3233 4873 3419 4942 Aquila
3444 4873 3634 4942 pennis
3662 4873 3711 4926 in

2126 4964 2320 5019 coelum
2376 4978 2545 5033 usque
2579 4965 2852 5029 subvecta,
2878 4980 2996 5019 cum
3019 4964 3326 5019 acutissimo
3352 4964 3467 5017 visu
3495 4962 3711 5030 prmdita

2122 5059 2210 5121 sit,
2240 5072 2300 5109 ea
2340 5071 2457 5125 quae
2512 5056 2562 5109 in
2614 5057 2770 5111 terris
2804 5057 3111 5126 longissime
3139 5058 3357 5119 distant,
3398 5071 3465 5109 ex
3497 5052 3712 5109 sublimi

2122 5146 2279 5200 facile
2298 5146 2548 5213 deSpicit;
2581 5145 2655 5199 sic
2680 5146 2787 5210 ille,
2807 5146 2929 5200 dum
2962 5148 3011 5199 in
3044 5145 3410 5215 pulcherrima:
3436 5144 3583 5197 urbis
3603 5158 3713 5197 sum

2127 5238 2321 5307 palatio
2346 5238 2979 5305 versatur,perniciosam
3005 5239 3287 5304 quamdam
3310 5238 3603 5292 animarum
3622 5239 3714 5292 de-

2131 5327 2354 5395 cipulam
2382 5328 2436 5380 in
2459 5326 2710 5381 thniee
2758 5329 2939 5390 latere.
2975 5340 3241 5397 tamquam
3280 5343 3311 5382 e
3354 5329 3563 5397 Specula
3592 5342 3713 5398 pro-

2133 5418 2539 5487 spexit.Lucum
2570 5419 2775 5472 scilicet
2798 5434 2860 5472 ac
2880 5418 3308 5488 templum,quod
3338 5434 3439 5472 non
3465 5420 3514 5472 in
3541 5419 3713 5473 media

2136 5509 2283 5574 urbe,
2314 5524 2409 5564 nec
2440 5510 2490 5562 in
2515 5506 2632 5562 foro
2661 5519 2753 5562 aut
2778 5509 2966 5578 plateis
2996 5510 3222 5579 positum
3250 5520 3384 5574 erat,
3417 5509 3714 5579 cujusmodi

2138 5602 2299 5657 multa
2336 5602 2580 5656 visuntur
2602 5604 2654 5656 in
2683 5602 2987 5658 civitatibus
3002 5602 3301 5657 ornamenti
3340 5616 3499 5657 causa
3551 5602 3718 5657 ambi-

2140 5694 2272 5747 tiose
2322 5692 2612 5758 aedificata;
2663 5691 2756 5749 sed
2784 5691 3017 5761 devium,
3052 5693 3234 5761 procul
3264 5706 3294 5747 a
3321 5693 3493 5747 triviis
3530 5699 3583 5748 et
3622 5705 3715 5762 pu-
