3876 6218
385 252 450 312 71
1608 256 1875 315 EUSEBII
1912 254 1970 311 Pl

2082 252 2231 311 ’HILI
3593 258 3653 319 72

1003 370 1229 430 CAPUT
1268 372 1355 429 III.

693 459 1013 534 Pertequatio
1047 482 1106 519 ac
1138 465 1373 519 relevatio
1400 480 1655 519 censuum.

453 573 568 629 Jam
612 590 739 631 vero
776 591 896 631 cum
938 578 1179 633 nonnulli
1211 588 1367 635 terrm
1393 578 1775 648 descriptiones
1804 587 1854 633 et
1881 578 1966 648 ju-

384 666 624 735 gationes
662 683 691 720 a
732 669 1093 739 superioribus
1120 671 1452 741 principibus
1481 672 1645 726 factas
1677 671 1968 742 reprehen-

381 758 573 815 derent
594 801 609 825 ,
638 776 898 832 agrosque
942 776 1068 817 suos
1120 764 1342 819 nimium
1369 778 1655 834 oppressos
1680 778 1801 819 esse
1830 778 1964 834 que-

382 861 653 919 rerentur,
687 852 771 907 hic
796 854 953 908 etiam
986 856 1488 926 princeps,justitire
1518 854 1723 926 legibus
1760 855 1969 910 obtem-

382 955 594 1010 perans,
628 956 1021 1015 peraequatores
1069 947 1311 1003 mittebat
1355 948 1502 1019 quia
1549 948 1969 1019 supplicantibus

383 1032 636 1090 damnum
665 1035 1017 1109 depellerent.

1001 1149 1227 1206 CAPUT
1266 1148 1353 1205 IV.

529 1242 794 1308 Quomodo
821 1243 875 1296 in
904 1244 1206 1313 pecuniariis
1233 1244 1401 1297 causis
1422 1284 1437 1311 ,
1470 1243 1531 1297 iis
1558 1244 1644 1313 qui
1674 1259 1829 1298 causa

662 1339 943 1394 ceciderant
964 1381 978 1405 ,
1008 1342 1117 1411 ipse
1144 1338 1205 1393 de
1233 1355 1326 1393 suo
1357 1338 1683 1409 largiebatur.

454 1453 755 1520 Quinetiam
785 1456 993 1525 quoties
1024 1456 1163 1511 inter
1193 1455 1327 1510 duos
1355 1456 1618 1526 litigantes
1648 1454 1969 1510 sententiam

380 1550 851 1618 pronuntiaverat,
887 1564 953 1603 ne
976 1548 1113 1603 forte
1140 1548 1181 1603 is
1202 1548 1293 1617 qui
1323 1562 1479 1603 causa
1532 1546 1803 1602 ceciderat
1844 1546 1970 1601 tris-

384 1640 486 1695 tior
514 1656 580 1695 eo
611 1641 902 1695 secundum
941 1656 1099 1711 quem
1128 1640 1193 1694 lis
1218 1640 1357 1695 dicta
1388 1650 1501 1694 erat
1526 1638 1873 1704 abscederet,
1903 1654 1967 1693 ex

1996 362 2313 428 Alitaribus
2366 364 2534 434 cOpiis
2589 362 2913 434 adscripsit,
2972 366 3191 439 reliquls
3241 365 3309 423 ad
3361 370 3650 425 necessaria

2071 455 2192 508 vitre
2250 453 2485 508 subsidia
2543 470 2698 525 agros
2753 455 3003 512 colendos
3044 459 3351 529 assignavit.
3411 458 3558 515 Adeo
3602 467 3655 516 ut

2070 546 2293 601 feliciter
2322 547 2420 601 sibi
2454 548 2681 603 cessisse
2709 548 3062 605 Calamitatem
3105 565 3252 605 suam
3296 550 3394 621 ipsi
3434 551 3654 606 fateren-

2074 644 2179 703 tur,
2226 636 2421 707 quippe
2449 637 2540 707 qui
2568 638 2900 694 barbaricam
2940 639 3202 695 feritatem
3234 640 3473 695 Romana
3502 640 3656 696 Iiber-

2074 734 2178 780 tate
2210 739 2521 783 mutassent.
2562 729 2673 784 llac
2710 730 2917 785 ratione
2959 732 3098 788 Deus
3128 732 3380 802 plurimas
3409 732 3655 788 barbaro-

2071 833 2253 874 rorum
2278 830 2465 891 gentes
2494 823 2611 891 ejus
2640 822 2884 891 adjunxit
2910 823 3157 894 imperio.

2682 912 2906 971 CAPUT
2946 916 3055 971 VII.

2181 1003 2447 1060 Variorum
2474 1005 2817 1062 Barbarorztm
2847 1010 3119 1081 legationes
3164 1020 3210 1067 et
3236 1028 3443 1067 munera
3472 1014 3542 1068 eis

2548 1102 2609 1155 ab
2641 1101 2957 1172 lmperatore
2984 1104 3193 1159 donata.

2142 1190 2349 1261 Quippe
2388 1208 2454 1248 ex
2493 1194 2741 1249 omnibus
2779 1194 2914 1251 locis
2953 1196 3110 1266 legati
3150 1197 3399 1253 continue
3438 1199 3504 1253 ad
3534 1214 3651 1255 eum

2073 1282 2431 1349 accedebant,
2491 1300 2836 1357 quaecumque
2887 1287 3024 1359 apud
3078 1288 3220 1358 ipsos
3281 1292 3659 1360 pretiosissima

2074 1374 2335 1431 habentur
2387 1377 2525 1432 dona
2567 1378 2616 1432 ei
2655 1378 2960 1435 offerentes.
3004 1381 3151 1437 Adeo
3197 1394 3251 1436 ut
3293 1399 3389 1438 nos
3430 1384 3529 1453 ipsi
3568 1399 3660 1455 pro

2072 1465 2274 1524 foribus
2307 1469 2523 1539 palatii,
2567 1474 2742 1526 varias
2782 1472 2983 1528 formas
3020 1484 3179 1545 atque
3217 1474 3429 1531 habitus
3470 1477 3664 1533 Barba-

2075 1575 2255 1615 rorum
2311 1562 2499 1617 ordine
2547 1566 2798 1619 stantium
2848 1566 3134 1636 aliquando
3179 1570 3616 1639 cormpexerimus
3644 1610 3661 1638 ,

2074 1670 2297 1725 quorum
2349 1666 2403 1710 et
2452 1660 2673 1712 vesutus
2719 1668 2772 1715 et
2819 1670 3037 1713 ornatus
3083 1659 3264 1731 dispar
3312 1673 3464 1724 erat,
3516 1676 3661 1716 coma

385 1729 612 1800 propriis
637 1731 791 1785 bonis
817 1731 1047 1786 donabat
1071 1731 1223 1784 victis
1241 1772 1254 1796 ,
1282 1729 1543 1785 interdum
1576 1730 1768 1799 prtedia
1788 1771 1802 1795 ,
1833 1744 1965 1783 non-

2082 1753 2196 1800 tem
2236 1757 2288 1802 et
2325 1748 2487 1802 barba
2530 1749 2685 1819 longe
2722 1751 3015 1805 dissimilis.
3064 1729 3267 1807 Torvus
3308 1762 3556 1823 aspectus
3602 1763 3657 1810 et

382 1837 669 1893 numquam
713 1823 1001 1893 pecunias;
1054 1822 1152 1878 hac
1181 1822 1387 1878 ratione
1414 1821 1652 1877 efﬁciens
1696 1831 1751 1875 ut
1792 1822 1962 1876 victus

382 1929 487 1968 non
537 1914 713 1969 minus
757 1931 912 1984 quam
956 1915 1002 1969 is
1060 1915 1148 1985 qui
1194 1929 1406 1970 causam
1455 1914 1758 1967 obtinuerat
1816 1912 1966 1966 laetus

382 2005 598 2061 domum
628 2006 865 2071 rediret,
896 2016 1077 2076 utpote
1109 2008 1199 2077 qui
1233 2008 1284 2059 in
1326 2015 1667 2073 con5pectum
1712 2003 1966 2073 principis

379 2099 563 2153 venire
588 2098 1086 2169 meruisset.Neque
1115 2100 1255 2153 enim
1287 2098 1365 2153 fas
1396 2112 1512 2153 esse
1541 2096 1880 2151 existimabat
1910 2103 1970 2149 ut

381 2189 471 2259 qui
524 2204 702 2243 coram
747 2199 891 2244 tanto
922 2188 1160 2259 principe
1189 2189 1444 2256 stetisset,
1468 2199 1692 2244 mmstus
1734 2201 1965 2256 unquam

380 2296 445 2337 ac
473 2282 639 2338 tristis
666 2282 957 2337 recederet.
990 2282 1221 2338 Proinde
1249 2292 1471 2351 uterque
1498 2280 1818 2351 litigantium
1842 2278 1967 2333 lzeto

383 2389 445 2429 ac
476 2374 739 2430 renidenti
768 2375 917 2429 vultu
947 2390 1010 2430 ex
1039 2373 1240 2444 judicio
1272 2371 1515 2428 redibat:
1547 2380 1601 2426 et
1630 2368 1967 2442 imperatoris

384 2464 547 2521 animi
574 2465 882 2537 magnitudo
907 2465 1113 2521 cunctis
1138 2462 1480 2518 admirationi
1509 2471 1645 2518 erat.

1010 2596 1235 2654 CAPUT
1274 2596 1339 2651 γ.

454 2704 761 2777 Scytharum
790 2718 876 2773 per
900 2704 1101 2783 signum
1125 2701 1288 2754 crucis
1314 2699 1622 2754 devictorum
1649 2697 1891 2751 subactio.

456 2818 591 2886 Quid
638 2816 723 2871 hic
769 2830 987 2871 necesse
1025 2826 1104 2869 est
1134 2812 1284 2883 quasi
1313 2812 1487 2868 obiter
1511 2822 1961 2875 commemorare,

384 2909 654 2981 quomodo
683 2908 775 2963 ille
807 2907 1057 2962 barbaras
1085 2916 1272 2977 gentes
1302 2905 1401 2959 sub
1430 2902 1641 2973 imperii
1684 2902 1839 2956 Rom.
1883 2900 1967 2955 di—

384 3003 582 3058 tionem
621 2998 858 3069 redegit,
900 2997 1122 3067 qualiter
1167 2995 1519 3049 indominatas
1567 2992 1824 3057 antehac,
1868 3004 1968 3045 nec

385 3096 479 3150 ulli
527 3108 757 3164 unquam
800 3106 986 3161 parere
1008 3099 1187 3145 suetas
1221 3088 1540 3160 Scytharum
1579 3085 1965 3143 Sarmatarum-

385 3203 489 3260 que
536 3187 781 3241 nationes
830 3186 1029 3253 primus
1060 3182 1159 3238 sub
1183 3184 1365 3251 jugum
1409 3181 1585 3247 misit,
1629 3193 1691 3234 ac
1728 3193 1823 3248 per
1864 3178 1965 3231 vim

384 3293 451 3334 eo
493 3277 704 3347 adegit,
736 3284 794 3328 ut
828 3274 909 3328 vel
939 3274 1091 3327 inviti
1122 3272 1369 3327 dominos
1399 3278 1753 3340 agnoscerent
1777 3268 1973 3322 Roma-

399 3384 497 3425 nos
521 3368 544 3421 ?
572 3367 786 3439 Scythis
816 3365 1026 3437 quidem
1058 3364 1363 3434 superiores
1413 3364 1572 3418 etiam
1626 3364 1973 3432 imperatores

390 3462 581 3519 tributa
626 3461 955 3530 pendebant,
1004 3467 1058 3513 et
1100 3456 1339 3512 barbaris
1379 3455 1606 3509 Romani
1640 3455 1812 3522 reipsa
1853 3469 1971 3510 ser-

386 3555 633 3619 viebant,
666 3568 893 3607 annuam
966 3552 1234 3607 solventes
1283 3549 1580 3617 pecuniam.
1626 3545 1822 3602 Verum
1870 3546 1971 3601 im-

390 3654 604 3717 perator
659 3644 796 3699 hanc
847 3641 1212 3713 indignitatem
1265 3638 1406 3694 ferre
1462 3654 1565 3693 non
1618 3639 1823 3708 potuit,
1872 3651 1973 3692 nec

392 3737 579 3793 victori
650 3736 874 3806 principi
929 3734 1181 3789 decorum
1230 3746 1352 3787 esse
1418 3729 1737 3785 existimavit
1786 3727 1970 3783 eadem

390 3828 623 3901 pendere
642 3844 761 3899 quae
783 3826 987 3895 priores
1014 3825 1283 3895 principes
1320 3821 1717 3893 pependissent.
1756 3820 1936 3891 Itaque
1954 3860 1971 3888 ,

388 3921 685 3979 Servatoris
712 3919 794 3975 sui
822 3919 1021 3974 auxilio
1049 3915 1215 3972 fretus
1234 3961 1249 3984 ,
1284 3915 1590 3985 triumphali
1611 3916 1763 3985 signo
1783 3928 1844 3970 ac
1868 3923 1974 3969 tro-

392 4027 507 4082 paeo
539 4013 588 4066 in
620 4026 715 4066 eos
755 4010 913 4065 etiam
954 4009 1137 4072 illato,
1182 4007 1325 4062 brevi
1366 4015 1586 4061 cunctos
1625 4006 1853 4077 subegit.
1898 4007 1974 4061 Ac

389 4102 699 4161 resistentes
727 4102 938 4172 quidem
968 4110 1021 4155 et
1050 4109 1391 4153 contumaces
1419 4099 1582 4153 armis
1611 4099 1852 4165 domuit,
1885 4114 1972 4154 re-

396 4197 569 4268 liquos
611 4194 959 4267 prudentibus
1012 4191 1364 4262 legationibus
1410 4190 1690 4261 mitigans,
1723 4206 1751 4245 a
1808 4191 1971 4246 ferina

393 4290 675 4360 legumque
702 4297 920 4357 experte
954 4283 1057 4338 vita
1103 4282 1169 4337 ad
1214 4282 1493 4336 humanam
1523 4282 1839 4351 civilemque
1869 4290 1975 4336 tra-

390 4381 557 4438 duxit.
588 4380 699 4436 Hoc
724 4378 884 4434 modo
911 4376 1121 4449 Scytha:
1152 4374 1405 4429 Romanis
1438 4374 1647 4430 tandem
1679 4389 1865 4444 parere
1895 4374 1974 4429 di-

391 4471 656 4529 dicerunt.

1013 4582 1238 4641 CAPUT
1282 4582 1367 4638 Vl.

536 4680 785 4738 Sarmata:
810 4677 1023 4746 subacti,
1050 4694 1164 4731 cum
1189 4678 1317 4731 servi
1345 4675 1586 4731 adversus
1610 4675 1837 4730 dominos

1014 4769 1357 4824 rebellassent.

463 4888 533 4944 At
571 4885 839 4945 Sarmatas
877 4885 1016 4939 Deus
1055 4884 1169 4953 ipse
1208 4880 1541 4937 Constantini
1582 4879 1805 4950 pedibus
1845 4881 1974 4935 sub-

393 4980 612 5044 stravit,
658 4988 710 5033 et
757 4974 1000 5031 homines
1048 4973 1325 5028 barbarico
1374 4972 1511 5025 fastu
1560 4972 1975 5026 intumescentes

394 5071 495 5126 hoc
524 5069 732 5138 subegit
761 5068 938 5121 modo.
972 5064 1102 5119 Nam
1133 5080 1252 5118 cum
1293 5062 1506 5133 Scytha:
1546 5062 1743 5116 bellum
1784 5064 1861 5117 eis
1898 5063 1978 5117 in-

397 5162 665 5222 tulissent,
700 5159 957 5215 Sarmatae
987 5170 1168 5211 servos
1210 5170 1333 5209 suos
1378 5164 1433 5208 ut
1478 5154 1719 5209 hostibus
1764 5155 1980 5212 resiste-

393 5258 903 5320 rent,armaverant.
937 5248 1111 5309 Servi,
1156 5258 1304 5316 parta
1344 5246 1410 5301 de
1452 5246 1691 5301 hostibus
1721 5248 1937 5302 victoria
1960 5288 1974 5313 ,

394 5361 539 5401 arma
572 5346 621 5398 in
652 5344 894 5397 dominos
939 5350 1145 5394 vertere
1187 5346 1462 5407 cmperunt
1485 5379 1499 5404 ,
1533 5347 1857 5408 cunctosque
1890 5354 1980 5409 pa-

398 5435 515 5490 triis
536 5433 752 5489 sedibus
771 5431 1104 5501 expulerunt.
1131 5428 1194 5482 Ili
1218 5442 1345 5482 vero
1366 5427 1566 5481 nullum
1597 5428 1757 5483 alium
1788 5429 1973 5485 salutis

393 5537 604 5598 portum
649 5540 807 5595 quam
847 5522 1252 5578 Constantinum
1298 5518 1585 5589 reperere.‘
1615 5521 1716 5589 Qui
1759 5536 1977 5577 servare

394 5617 636 5674 homines
686 5612 1247 5677 assuetus,universos
1286 5610 1424 5667 intra
1468 5612 1600 5667 lines
1628 5613 1836 5683 imperii
1866 5613 1973 5671 Ro-

394 5709 536 5768 mani
566 5706 785 5779 recepit.
819 5704 885 5760 Et
914 5717 1005 5760 eos
1033 5702 1245 5772 quidem
1304 5701 1393 5773 qui
1432 5701 1610 5760 idonei
1651 5714 1831 5761 essent
1874 5706 1975 5763 mi-

2072 1837 2325 1893 barbarus
2367 1854 2429 1891 ac
2470 1848 2728 1894 terrorem
2773 1842 3068 1909 incutiens;
3112 1857 3401 1911 corporum
3431 1845 3665 1901 enormis

2072 1930 2382 1997 proceritas.
2414 1930 2480 1984 Et
2504 1931 2727 1986 aliorum
2753 1933 2965 2003 quidem
2998 1934 3272 1989 rubicundi
3302 1937 3509 2003 vultus,
3537 1937 3665 1992 alio-

2074 2036 2191 2075 rum
2242 2037 2371 2075 vero
2419 2023 2538 2077 nive
2587 2024 2700 2092 ipsa
2750 2025 3107 2081 candidiores.
3157 2027 3438 2083 Nonnullis
3491 2030 3663 2085 media

2071 2114 2312 2183 quaadam
2355 2115 2548 2169 coloris
2594 2116 2764 2171 inerat
2810 2129 3187 2189 temperatura.
3235 2121 3443 2191 Quippe
3488 2122 3661 2178 Blem-

2071 2221 2221 2276 myes
2261 2214 2315 2261 et
2353 2205 2466 2261 Indi
2508 2218 2666 2277 atque
2704 2208 3011 2280 EthiOpes,
3045 2212 3153 2281 qui,
3190 2222 3246 2266 ut
3273 2214 3348 2267 ait
3379 2214 3660 2281 Homerus,

2072 2297 2314 2353 bifariam
2345 2298 2499 2354 divisi
2532 2302 2582 2354 in
2612 2301 2809 2355 extimo
2841 2313 3101 2357 terrarum
3123 2304 3353 2375 degunt,
3380 2306 3521 2361 inter
3545 2308 3660 2361 illos

2072 2405 2204 2460 quos
2241 2391 2349 2445 dixi
2392 2392 2644 2447 barbaros
2688 2395 3166 2463 conspiciebantur.
3214 2396 3413 2452 Horum
3463 2398 3659 2469 singuli

2070 2476 2516 2552 quemadmodum
2591 2487 2644 2539 in
2718 2487 2911 2542 tabulis
2970 2487 3125 2557 vulgo
3177 2490 3317 2558 pingi
3376 2489 3659 2556 videmus,

2072 2590 2312 2631 seorsum
2367 2578 2594 2647 quisque
2655 2592 2719 2632 ea
2793 2579 2857 2632 ad
2928 2580 3301 2649 imperatorem
3344 2582 3659 2650 all'erebant,

2072 2683 2189 2737 quae
2231 2668 2369 2738 apud
2413 2670 2554 2737 ipsos
2586 2670 2637 2723 in
2671 2670 2840 2739 pretio
2868 2682 3006 2726 sunt.
3043 2674 3146 2726 Alii
3177 2688 3403 2729 coronas
3430 2690 3620 2731 aureas
3643 2716 3658 2741 ,

2073 2760 2159 2813 alii
2206 2759 2507 2815 diademata
2555 2763 2780 2831 gemmis
2828 2772 3109 2829 conserta,
3157 2764 3245 2818 alii
3287 2781 3479 2834 pueros
3526 2767 3661 2822 ﬂava

2074 2856 2294 2908 cazsarie
2325 2855 2645 2923 conspicuos
2665 2897 2679 2921 ,
2712 2856 2924 2925 quidam
2955 2856 3260 2919 barbaricas
3301 2870 3479 2915 vestes
3521 2875 3656 2917 auro

2073 2954 2126 2999 et
2157 2944 2376 3000 ﬂoribus
2408 2947 2672 3009 intextas;
2707 2946 2758 2999 hi
2791 2962 2974 3016 equos,
2998 2947 3071 3001 illi
3111 2949 3349 3019 clypeos,
3382 2960 3436 3007 et
3477 2952 3661 3009 hastas

2074 3037 2279 3107 longas,
2298 3046 2353 3092 et
2383 3041 2620 3107 sagittas,
2650 3048 2701 3093 et
2732 3055 2907 3096 arcus.
2940 3042 3115 3111 Atque
3144 3042 3227 3098 his
3255 3042 3408 3097 donis
3442 3046 3649 3114 signiﬁ-

1993 3137 2039 3199 ί)
2071 3129 2262 3183 cabant
2315 3130 2626 3200 obsequium
2672 3145 2735 3185 ac
2787 3133 3095 3188 societatem
3155 3150 3424 3190 armorum
3465 3136 3660 3194 oderre

2076 3233 2135 3274 se
2178 3218 2484 3288 imperatori
2530 3222 2574 3274 si
2617 3222 2799 3276 vellet.
2842 3222 2936 3277 Ille
2978 3238 3106 3278 vero
3148 3240 3175 3277 a
3219 3225 3442 3295 singulis
3482 3227 3662 3285 oblata

2076 3310 2342 3377 accipiens
2381 3325 2443 3363 ac
2470 3326 2765 3379 seponens,
2797 3320 2873 3367 tot
2905 3324 3152 3383 tantaque
3182 3316 3258 3370 eis
3290 3317 3527 3372 vicissim
3560 3319 3658 3375 do-

2077 3402 2270 3465 nabat,
2306 3413 2361 3455 ut
2393 3413 2664 3457 momento
2694 3405 2948 3471 temporis
2977 3404 3266 3461 ditissimos
3290 3408 3539 3463 redderet
3568 3425 3664 3465 eos

2080 3492 2168 3560 qui
2199 3492 2335 3547 dona
2368 3494 2687 3549 attulissent.
2736 3496 2841 3551 Sed
2870 3505 2923 3551 et
2947 3513 3010 3551 ex
3042 3513 3226 3552 eorum
3257 3516 3478 3554 numero
3506 3502 3663 3557 nobio

2074 3582 2306 3636 lissimos
2331 3599 2571 3653 quosque
2593 3586 2847 3641 Romanis
2874 3588 3221 3657 dignitatibus
3248 3590 3501 3655 ornabat;
3526 3594 3666 3649 adeo

2075 3682 2131 3727 ut
2168 3674 2407 3744 plerique
2447 3676 2691 3742 illorum,
2731 3677 2879 3731 obliti
2922 3678 3124 3734 reditus
3169 3680 3221 3734 in
3267 3682 3525 3750 patriam,
3578 3684 3666 3743 hic

2074 3766 2211 3835 apud
2243 3781 2340 3821 nos
2372 3782 2589 3822 manere
2619 3768 2923 3823 maluerint.

2669 3879 2894 3936 CAPUT
2934 3881 3068 3937 VIII.

2139 3971 2285 4040 Quod
2316 3971 2593 4027 Persarum
2625 3972 2752 4044 Regi
2780 3973 2867 4041 qui
2898 3974 3087 4043 legatos
3116 3976 3184 4029 ad
3211 3977 3376 4049 ipsum
3406 3979 3619 4037 miserat

2165 4065 2365 4135 scripsit
2393 4065 2446 4117 in
2474 4068 2690 4136 gratiam
2722 4063 3125 4120 Christianorum
3153 4067 3259 4121 illic
3287 4072 3568 4140 agentium.

2146 4154 2259 4208 Jam
2289 4170 2415 4208 vero
2443 4169 2562 4208 cum
2593 4170 2686 4209 rex
2714 4156 2871 4210 etiam
2906 4156 3183 4211 Persarum
3216 4173 3309 4227 per
3335 4158 3539 4230 legatos
3567 4178 3667 4220 no-

2078 4244 2243 4298 titiam
2277 4245 2501 4299 ambiret
2530 4242 2898 4309 Constantini,
2931 4247 3174 4317 donaque
3215 4250 3280 4304 ad
3322 4266 3443 4306 eum
3485 4255 3669 4312 misis-

2076 4343 2157 4389 set
2178 4376 2190 4399 ,
2225 4336 2369 4403 pacis
2398 4345 2451 4389 et
2477 4336 2723 4391 amicitiae
2748 4337 2928 4407 signa;
2960 4338 3011 4393 id
3037 4354 3199 4409 agens
3224 4341 3429 4397 scilicet
3457 4353 3514 4398 ut
3537 4360 3666 4403 cum

2075 4429 2167 4483 illo
2195 4428 2365 4483 ltedus
2413 4430 2606 4493 iniret;
2660 4429 2745 4484 hic
2795 4432 2953 4485 etiam
3004 4433 3315 4503 imperator,
3374 4439 3667 4496 excellenti

2001 4518 2052 4577 D
2078 4519 2303 4588 quadam
2334 4519 2495 4573 animi
2526 4529 2681 4574 utens
2708 4522 3100 4591 magnitudine,
3134 4540 3253 4579 eum
3281 4527 3368 4595 qui
3402 4529 3549 4596 prior
3574 4529 3669 4586 ho-

2079 4625 2209 4665 nore
2251 4614 2420 4680 ipsum
2463 4610 2744 4680 affecerat,
2793 4630 3068 4668 munerum
3092 4616 3477 4685 magniﬁcentia
3505 4618 3669 4692 longe

2080 4703 2369 4771 superavit.
2403 4702 2638 4773 Cumque
2666 4705 2805 4773 apud
2837 4704 3027 4760 Persas
3056 4706 3273 4761 crebras
3312 4722 3430 4763 esse
3470 4709 3667 4769 Eccle-

2082 4794 2186 4847 sias
2218 4794 2309 4848 Dei
2343 4794 2667 4862 accepisset,
2700 4805 2753 4848 et
2791 4811 3128 4851 numerosam
3171 4798 3485 4867 p0pulorum
3526 4801 3671 4857 mul-

2084 4885 2357 4940 titudinem
2388 4886 2525 4939 intra
2554 4886 2746 4941 ChrISti
2779 4889 2934 4943 ovilia
2965 4890 3312 4960 congregari;
3340 4891 3442 4946 hoc
3476 4896 3670 4951 nuntio

2081 4995 2401 5049 magnopere
2428 4980 2742 5047 delectatus,
2770 4990 2950 5047 utpote
2978 4985 3274 5037 communis
3305 4983 3516 5052 quidam
3544 5002 3669 5041 om-

2082 5072 2225 5125 nium
2257 5072 2448 5141 ubique
2478 5073 2747 5140 agentium
2780 5072 3051 5129 hominum
3085 5086 3225 5129 tutor
3251 5086 3302 5130 et
3332 5088 3566 5142 curator,
3602 5078 3673 5135 ad

2084 5162 2172 5215 illa
2216 5163 2375 5217 etiam
2426 5163 2540 5217 loca
2584 5163 2962 5229 providentiam
3011 5181 3160 5220 suam
3211 5181 3308 5237 pro
3353 5176 3671 5225 cunctorum

2083 5252 2379 5328 commodis
2410 5252 2738 5308 laborantem
2771 5255 3027 5311 extendit.

2698 5364 2924 5421 CAPUT
2966 5365 3053 5421 IX.

2121 5453 2354 5523 Epistola
2384 5453 2701 5509 Constantini
2729 5457 2793 5509 ad
2825 5456 3074 5528 Saporem
3102 5457 3380 5513 Persarum
3409 5460 3636 5532 Regem,

2164 5560 2358 5599 summa
2386 5562 2498 5598 cum
2526 5546 2709 5614 pietate
2740 5546 2899 5601 Deum
2926 5558 2974 5602 et
3004 5547 3258 5603 Christum
3283 5551 3593 5619 conﬁtentis.

2147 5654 2598 5725 (Rancepistolgm,
2637 5666 2782 5715 quam
2808 5657 2897 5708 hoc
2937 5668 2987 5709 et
3006 5667 3213 5721 quatuor
3232 5672 3338 5724 seq.
3381 5674 3485 5725 cap.
3511 5662 3675 5716 couti-

2086 5723 2203 5767 ueut
2220 5753 2232 5775 ,
2252 5715 2433 5767 videSis
2454 5715 2615 5780 infra).
