3876 6218
163 213 219 269 73
505 201 510 204 ’
1203 219 1290 273 DE
1333 219 1487 275 VITA
1527 221 1964 279 CONSTANTIN!
2007 227 2203 282 Ltutzu
2245 231 2328 285 IV.
3311 242 3380 294 τι

726 326 946 383 CAPUT
989 328 1121 383 XIV.

164 414 400 479 Quomodo
443 415 668 468 assiduis
718 415 1028 471 Constantini
1075 420 1298 489 precibus
1335 439 1437 490 paa:
1477 424 1596 476 data
1634 431 1705 476 est

768 505 1082 563 Christianis.

221 615 272 668 In
296 615 430 669 hunc
457 616 680 671 modum
706 632 826 672 cum
857 632 1042 673 omnes
1070 620 1265 689 ubique
1308 631 1492 691 gentes
1539 625 1705 677 instar

164 705 292 758 navis
332 705 636 774 cujusdam,
688 708 842 762 unius
891 711 1260 778 gubernatoris
1290 723 1598 780 regerentur
1625 715 1705 767 in-

165 795 354 860 dustria,
383 805 438 851 et
465 799 744 866 imperium
775 814 837 854 ac
862 801 1172 869 religionem
1205 800 1384 856 famuli
1415 803 1505 856 Dei
1535 803 1705 857 liben-

166 886 343 940 tissime
368 887 843 956 amplecterentur;
873 904 974 944 nec
997 890 1134 945 ullus
1159 892 1388 959 amplius
1407 891 1702 946 Romanum

169 975 419 1043 imperium
443 980 798 1045 perturbaret,
827 980 1003 1034 cuncti
1048 979 1268 1048 posthac
1293 981 1623 1051 tranquillam
1651 990 1705 1036 et

169 1069 373 1133 quietam
398 1071 554 1122 vitam
581 1070 829 1137 agebant.
860 1069 1152 1138 Imperator
1179 1085 1306 1124 vero
1337 1087 1455 1123 cum
1498 1075 1701 1138 piorum

169 1157 411 1212 hominum
460 1174 642 1226 preces
687 1159 752 1213 ad
799 1161 1022 1213 salutem
1073 1161 1376 1228 reipublicae
1423 1162 1702 1227 plurimum

170 1251 384 1303 conferre
433 1248 781 1312 existimaret,
813 1264 903 1303 eas
927 1264 1136 1318 quoque
1184 1251 1487 1303 necessario
1525 1252 1707 1307 Conci-

169 1339 344 1392 Iiandas
371 1339 464 1394 sibi
492 1341 710 1409 putavit.
740 1340 920 1406 Itaque
951 1349 1005 1393 et
1030 1341 1143 1408 ipse
1170 1341 1390 1408 supplex
1427 1340 1516 1393 Dei
1546 1355 1702 1407 Opem

171 1428 472 1494 imploravit,
502 1428 568 1482 et'
601 1428 915 1497 prazsidibus
959 1429 1315 1483 Ecclesiarum
1361 1431 1612 1499 praecepit
1650 1440 1706 1484 ut

171 1531 252 1585 pro
273 1532 326 1571 se
355 1532 532 1586 preces
561 1518 626 1572 ad
656 1519 822 1573 Deum
845 1518 1146 1573 funderent.

733 1628 954 1685 CAPUT
993 1630 1108 1685 XV.

733 1630 954 1685 CAPUT
993 1630 1108 1685 XV.

174 1715 302 1782 Quod
326 1718 373 1771 in
393 1721 606 1773 nummis
631 1731 674 1773 et
699 1720 1001 1790 imaginibus
1026 1722 1286 1790 precantis
1328 1723 1499 1776 habitu
1540 1721 1702 1792 eﬁingi

803 1825 854 1862 se
872 1811 1039 1874 iussit.

233 1917 418 1983 Quanta
443 1934 597 1984 porro
639 1919 829 1974 divinas
881 1919 999 1973 fidei
1049 1921 1130 1974 vis
1176 1937 1238 1976 ac
1282 1923 1447 1976 virtus
1495 1924 1545 1976 in
1591 1921 1705 1991 ejus

176 2008 330 2060 animo
358 2009 625 2073 insederit,
658 2010 737 2062 vel
763 2024 826 2063 ex
852 2010 952 2063 hoc
981 2025 1088 2065 uno
1113 2013 1304 2080 conjici
1335 2012 1488 2067 facile
1512 2022 1703 2080 potest,

176 2097 296 2164 quod
317 2099 363 2151 in
389 2101 561 2152 aureis
583 2101 811 2154 nummis
835 2101 1057 2170 exprimi
1084 2115 1142 2155 se
1166 2102 1323 2169 jussit
1352 2103 1494 2155 vultu
1522 2104 1573 2156 in
1599 2117 1708 2157 caa-

179 2189 268 2241 lum
289 2191 500 2257 sublato,
525 2202 579 2246 et
598 2193 837 2245 manibus
861 2194 1108 2262 expansis
1135 2193 1304 2247 instar
1333 2195 1617 2262 precantis.
1639 2194 1708 2248 Et

179 2277 312 2347 hujus
334 2283 534 2350 quidem
562 2284 742 2337 forma:
782 2284 980 2335 nummi
1025 2299 1120 2351 per
1168 2285 1471 2338 universum
1523 2286 1707 2338 orbem

179 2384 420 2424 romanum
459 2382 824 2428 cucurrerunt.
840 2373 897 2427 In
920 2375 1031 2441 ipsa
1052 2389 1180 2428 vero
1208 2375 1350 2444 regia
1379 2376 1525 2443 juxta
1552 2389 1709 2444 quas-

177 2457 278 2511 dam
301 2459 478 2527 ianuas
519 2462 570 2514 in
593 2462 908 2530 imaginibus
955 2461 1022 2515 ad
1068 2464 1236 2531 ipsum
1269 2464 1516 2518 vestibuli
1561 2463 1710 2517 fasti-

175 2550 294 2615 gium
316 2551 488 2617 positis
513 2551 749 2620 depictus
765 2560 849 2606 est
869 2559 1016 2604 stans
1035 2592 1052 2617 ,
1081 2551 1270 2606 deﬁxis
1293 2552 1506 2621 quidem
1535 2553 1586 2604 in
1609 2566 1710 2607 cu!-

177 2637 267 2690 Ium
309 2640 503 2709 oculis,
553 2641 796 2696 manibus
843 2651 1020 2695 autem
1067 2642 1318 2710 expansis
1356 2642 1624 2710 precantis
1656 2643 1707 2696 in

178 2730 383 2783 modum.

720 2822 946 2877 CAPUT
986 2823 1123 2878 XVI.

180 2927 307 2994 Quod
327 2930 558 3000 imagines
601 2947 720 2984 suas
744 2931 796 2984 in
826 2933 1020 3002 templis
1050 2933 1305 2986 idolorum
1325 2934 1446 3004 poni
1475 2934 1582 3004 lege
1604 2935 1711 2989 lata

781 3022 1056 3090 prohibuit.

233 3127 309 3182 Sic
328 3129 479 3197 igitur
508 3124 592 3184 ille
620 3145 678 3185 se
704 3132 813 3184 Deo
840 3133 1221 3200 supplicantem
1244 3133 1402 3188 etiam
1432 3135 1481 3188 in
1515 3137 1706 3192 tabulis

177 3215 309 3282 pictis
331 3221 581 3274 exhibuit.
632 3219 766 3287 Quin
797 3223 954 3274 etiam
985 3222 1098 3290 lege
1127 3222 1227 3276 lata
1258 3225 1424 3278 vetuit
1450 3226 1704 3294 imagines

173 3319 280 3359 suas
305 3309 352 3361 in
379 3309 629 3363 idolorum
682 3311 894 3378 templis
940 3311 1210 3375 dedicari,
1255 3329 1319 3367 ne
1364 3314 1496 3368 forte
1521 3331 1705 3370 errore

175 3397 327 3451 vetita:
349 3400 728 3468 superstitionis
758 3402 840 3455 vel
881 3403 1022 3456 inani
1053 3405 1234 3472 specie
1282 3414 1433 3460 tenus
1461 3408 1700 3476 inquina-

175 3495 318 3541 ιέιιιτ.

713 3581 939 3637 CAPUT
978 3582 1136 3638 XVII.

316 3689 618 3747 Precationes
637 3694 690 3746 in
720 3694 932 3761 palatio,
958 3705 1002 3747 et
1031 3697 1254 3750 recitatio
1282 3714 1541 3752 sacrarunt

716 3783 1116 3853 Scripturarum.

239 3891 412 3947 Verum
440 3894 514 3949 his
539 3895 692 3966 longe
733 3896 1033 3963 augustiora
1075 3899 1355 3964 perspiciet
1385 3900 1702 3967 quicumque

178 3983 418 4038 attendere
452 3986 668 4040 voluerit
729 3985 957 4054 qualiter
979 3985 1068 4038 ille
1095 3986 1146 4039 in
1197 3988 1391 4054 palatio
1418 3989 1700 4056 quamdam

178 4073 300 4126 velut
322 4076 578 4128 ecclesiam
605 4077 697 4130 Dei
719 4076 1012 4129 constituit.
1065 4075 1140 4129 Ac
1169 4077 1437 4145 diligentia
1488 4078 1700 4146 quidem

178 4163 485 4219 etalacritatc
534 4166 757 4234 pratibat
797 4167 999 4219 cunctis
1049 4166 1137 4234 qui
1166 4168 1215 4219 iu
1248 4169 1524 4222 ecclesiam
1557 4169 1699 4222 illam

179 4261 310 4304 erant
352 4255 584 4323 adscripti
616 4276 628 4307 :
659 4266 714 4308 et
752 4270 934 4309 sacros
971 4257 1182 4311 codices
1205 4258 1253 4310 in
1280 4272 1465 4311 manus
1486 4274 1701 4313 sumens

179 4345 359 4396 oracula
379 4362 403 4396 a
433 4348 534 4400 Deo
549 4347 690 4400 edita
719 4356 923 4400 attento
950 4349 1129 4400 animo
1157 4348 1702 4419 meditabatur..Post-

180 4428 262 4484 hac
287 4434 527 4490 solemnes
569 4451 756 4506 preces
785 4451 905 4489 cum
959 4439 1206 4493 universo
1236 4440 1529 4493 aulicorum
1560 4452 1703 4496 centu

177 4522 413 4580 recitabat.

691 4617 914 4674 CAPUT
952 4617 1134 4673 XVIII.

180 4716 299 4772 Diem
317 4723 624 4780 Dominicum
659 4737 704 4779 et
748 4737 935 4781 sextam
959 4730 1142 4799 feriant
1169 4729 1410 4783 honorari
1450 4732 1702 4800 praecipit.

238 4830 361 4887 Diem
387 4852 506 4891 vero
538 4839 932 4905 precationibus
975 4856 1265 4910 congruum
1296 4841 1476 4895 haberi
1508 4844 1705 4896 consti-

182 4921 266 4971 tuit
302 4939 406 4977 eum
450 4929 533 4995 qui
569 4929 773 4995 primus
797 4939 879 4981 e~t
905 4939 958 4982 et
986 4939 1144 4998 caput
1165 4943 1477 4984 cmlerorum
1500 4972 1513 4992 ,
1536 4944 1588 4986 et
1614 4932 1702 5001 qui

178 5021 327 5064 revera
353 5017 641 5071 dominicus
662 5027 745 5072 est
769 5033 830 5072 ac
859 5020 1126 5073 salutaris.
1163 5020 1423 5075 Prmterea
1451 5022 1703 5075 diaconos

176 5107 221 5150 et
254 5102 341 5157 Deo
388 5120 722 5163 consecratos
767 5110 1070 5174 ministros,
1101 5112 1187 5178 qui
1220 5113 1340 5165 vita:
1369 5114 1698 5180 gravitateet

177 5191 358 5262 reliquis
386 5200 660 5255 virtutibus
684 5203 855 5254 ornati
886 5210 1086 5265 essent,
1119 5202 1280 5256 totius
1303 5203 1491 5256 domus
1520 5213 1698 5256 custo-

178 5279 256 5336 des
277 5289 534 5347 ordinavit.
567 5293 802 5360 Denique
835 5302 1162 5362 protectores
1189 5303 1242 5346 et
1267 5294 1548 5362 stipatores
1585 5293 1696 5358 tidi,

179 5368 513 5433 benevolentia:
537 5393 589 5434 et
623 5381 742 5435 fidei
787 5382 949 5434 armis
989 5383 1266 5447 instructi,
1323 5386 1695 5450 imperatorem

182 5456 321 5526 ipsum
350 5469 543 5534 pietatis
573 5473 877 5541 magistrum
915 5472 1210 5535 habebant;
1238 5483 1292 5527 et
1327 5474 1612 5528 salutarem
1639 5489 1702 5528 ac

183 5551 468 5612 dominicum
519 5561 659 5615 diem
719 5562 938 5630 perinde
987 5563 1346 5629 honorabant;
1394 5577 1564 5632 eoque
1615 5563 1704 5619 die

426 5653 692 5712 ΡΑτειοι.
727 5653 893 5712 VIII.

1728 338 1774 396 Α
1808 340 2134 405 precationes
2183 341 2484 409 imperatori
2525 351 2702 411 gratas
2743 345 2806 398 ad
2840 347 3000 401 Deum
3059 350 3369 407 fundebant.

1812 429 2060 500 Reliquos
2088 433 2243 485 etiam
2271 434 2520 487 mortales
2551 435 2613 486 ad
2646 436 2780 488 idem
2812 437 3104 494 faciendum
3137 443 3374 497 incitavit

1805 520 2051 587 princeps
2088 521 2450 586 beatissimus;
2507 531 2689 591 utpote
2708 527 2795 593 qui
2823 526 2872 579 id
2905 531 3128 582 maxime
3162 533 3212 585 in
3242 535 3376 588 votis

1808 611 2045 676 haberet,
2076 620 2132 665 ut
2161 613 2442 667 universos
2472 615 2714 670 homines
2743 619 2990 685 paulatim
3025 623 3113 674 Dei
3142 625 3376 679 cultores

1805 700 2059 754 efficeret.
2111 702 2281 770 Atque
2307 700 2375 755 ob
2399 701 2534 755 hanc
2557 716 2769 758 causam
2799 709 3003 761 cunctis
3031 710 3128 764 sub
3154 711 3377 779 imperio

1805 803 2026 844 romano
2069 790 2382 859 degentibus
2413 793 2699 862 praecepit,
2731 803 2786 848 ut
2815 796 3082 854 dominico
3113 801 3197 855 die
3219 802 3377 858 feria-

1805 889 1988 934 rentur
2012 922 2025 944 ,
2077 892 2239 951 utque
2267 882 2407 936 diem
2439 884 2525 952 qui
2557 894 2638 938 est
2687 889 2852 953 pridie
2896 891 3097 945 sabbati
3137 896 3379 950 similiter

1807 967 2129 1024 houorareut
2153 1012 2167 1038 ,
2202 973 2251 1026 in
2278 975 2608 1039 memoriam,
2630 985 2686 1028 ut
2707 979 2931 1045 videtur,
2965 998 3144 1037 earutn
3199 1003 3374 1042 rerum

1806 1074 1921 1126 quze
1947 1075 1974 1111 a
2003 1063 2270 1114 communi
2301 1063 2534 1116 omnium
2563 1063 2844 1120 Servatore
2877 1069 2980 1122 illis
3007 1073 3195 1126 diebus
3215 1088 3376 1142 gestae

1805 1162 1922 1202 esse
1953 1150 2316 1217 perhibentur.
2367 1153 2530 1204 Porro
2585 1167 2703 1206 cum
2752 1159 3038 1212 exercitum
3068 1177 3278 1217 omnem
3311 1167 3374 1218 ad

1805 1240 2049 1293 salutaris
2077 1241 2203 1305 diei,
2227 1243 2313 1311 qui
2329 1243 2459 1296 lucis
2471 1257 2531 1296 ac
2551 1251 2678 1303 solis
2695 1249 2990 1316 appellatur
3003 1255 3234 1318 nomine,
3253 1256 3375 1308 reli-

1804 1330 2007 1396 giosqu
2039 1332 2236 1384 cultum
2269 1333 2598 1403 institueret,
2648 1339 2710 1392 iis
2747 1340 2958 1409 quidem
2987 1342 3075 1410 qui
3110 1343 3267 1397 fidem
3297 1345 3376 1398 di-

1805 1419 1998 1473 vinitus
2029 1421 2332 1488 inspiratam
2363 1427 2594 1494 amplexi
2634 1441 2829 1493 erant,
2882 1434 3163 1486 exercendi
3205 1449 3264 1489 se
3311 1453 3376 1490 ex

1804 1523 1954 1563 more
2005 1512 2350 1582 institutoque
2391 1517 2643 1572 Ecclesim
2675 1521 2763 1574 Dei
2796 1529 3001 1590 tempus
3027 1532 3184 1593 atque
3213 1527 3379 1580 otium

1806 1600 2056 1667 indulsit,
2094 1619 2197 1672 quo
2236 1603 2436 1674 absque
2473 1609 2580 1662 ullo
2621 1611 2996 1682 impedimento
3051 1616 3380 1672 orationibus

1691 1721 1702 1745 ε
1737 1687 1780 1745 Β
1810 1701 2075 1745 vacarent.

2406 1811 2627 1870 CAPUT
2652 1817 2794 1872 XIX.

1882 1917 2144 1982 Quomodo
2193 1924 2341 1976 etiam
2377 1928 2584 1994 gentiles
2629 1931 2809 1984 milites
2847 1933 3018 1988 diebus
3049 1937 3312 1992 dominicis

2377 2029 2520 2067 orare
2557 2018 2802 2074 docuerit.

1879 2118 2116 2188 Reliquis
2147 2138 2273 2177 vero
2298 2125 2387 2194 qui
2418 2126 2611 2182 divina:
2652 2130 2770 2186 fidei
2803 2134 3094 2191 doctrinam
3144 2141 3374 2196 nondum

1810 2221 2173 2278 susceperant,
2205 2215 2368 2268 altera
2423 2218 2535 2287 lege
2582 2226 2833 2291 prmccpit
2863 2237 2917 2279 ut
2958 2229 3237 2287 dominicis
3267 2237 3378 2290 die-

1809 2299 1906 2352 bus
1934 2300 1984 2352 in
2007 2316 2250 2370 campum
2285 2321 2471 2373 purum
2524 2314 2891 2378 procederent,
2925 2327 2977 2371 et
3023 2325 3377 2386 precationem

1809 2404 1966 2457 quam
2011 2403 2165 2446 antea
2195 2393 2525 2464 didicissent,
2557 2401 2713 2454 simul
2743 2417 2930 2458 omnes
2965 2409 3115 2476 signo
3160 2412 3282 2464 dato
3310 2414 3378 2468 ad

1813 2478 1975 2532 Deum
2010 2480 2309 2536 funderent.
2354 2485 2534 2556 Neque
2581 2491 2720 2542 enim
2771 2492 2936 2546 hastis
2990 2507 3043 2548 et
3086 2513 3379 2565 armatura,

1812 2583 1910 2622 nec
1956 2573 2194 2638 corporis
2235 2574 2433 2628 viribus
2492 2580 2760 2633 conlidere
2811 2598 2902 2635 eos
2950 2598 3231 2652 oportere,
3287 2591 3382 2645 sed

1811 2672 2073 2712 summum
2097 2663 2332 2715 omnium
2362 2665 2545 2730 Deum,
2571 2680 2840 2724 auctorem
2870 2673 3124 2728 bonorum
3144 2682 3378 2735 omnium

1810 2745 2080 2816 ipsiusque
2124 2751 2258 2804 adeo
2306 2752 2539 2808 victoria:
2585 2762 2976 2825 agnoscendum
3029 2781 3179 2829 esse,
3223 2769 3378 2838 eique

1812 2837 2078 2892 solemnes
2108 2855 2289 2906 preces
2315 2846 2541 2910 persolvi
2566 2847 2782 2913 debere,
2812 2854 3054 2907 manibus
3079 2837 3303 2924 quidem
3325 2862 3377 2914 in

1813 2926 2002 2979 caelum
2037 2928 2292 2992 sublatis,
2326 2935 2516 2986 mentis
2533 2946 2706 2990 autem
2729 2941 2896 2993 oculis
2919 2943 3073 2996 altius
3103 2947 3167 2998 ad
3206 2949 3376 3015 ipsum

1732 3035 1777 3097 ρ
1815 3030 1978 3083 usque
2004 3018 2124 3071 caali
2171 3034 2346 3088 regem
2392 3026 2581 3079 erectis
2609 3042 2625 3089 ;
2658 3027 2796 3082 hunc
2826 3031 3058 3086 victoria:
3083 3046 3375 3102 auctorem,

1810 3103 1950 3158 hunc
1970 3119 2289 3163 servatorem
2313 3113 2692 3185 custodemque
2712 3130 2764 3171 et
2791 3121 3084 3188 adjutorem
3130 3127 3381 3183 invocare

1810 3194 1860 3246 in
1891 3197 2280 3261 precationibus
2313 3215 2405 3253 eos
2431 3201 2646 3258 debere.
2701 3206 2818 3274 Ipse
2867 3225 3025 3277 porro
3057 3219 3376 3282 precationis

1810 3282 2035 3338 formum
2077 3289 2282 3341 cunctis
2327 3291 2584 3346 militibus
2612 3296 2846 3361 tradidit,
2871 3299 3064 3367 jubens
3108 3315 3161 3357 ut
3207 3306 3370 3362 latino

1807 3386 2055 3428 sermone
2085 3389 2269 3432 omnes
2298 3383 2698 3446 pronuntiarent
2722 3387 2788 3439 ad
2819 3387 2958 3444 hunc
2986 3394 3220 3448 modum.

2409 3514 2629 3572 CAPUT
2666 3517 2784 3572 XX.

1879 3596 2069 3651 Forata
2091 3602 2390 3666 precationis
2412 3621 2442 3656 a
2465 3603 2793 3661 Constantino
2821 3613 3062 3668 militibus
3079 3620 3283 3673 tradita.

1878 3704 1953 3759 Te
1996 3707 2168 3761 solum
2213 3712 2549 3778 agnoscimus
2581 3714 2778 3781 Deum;
2831 3728 2880 3774 te
2924 3721 3120 3792 Regem
3152 3728 3367 3793 profite-

1808 3810 1957 3858 mur;
1989 3805 2037 3850 te
2059 3798 2351 3866 adjutorem
2382 3802 2708 3858 invocamus.
2742 3807 2838 3862 Tui
2863 3815 3096 3867 muneris
3118 3827 3197 3868 est
3229 3821 3370 3884 quod

1809 3886 2054 3942 victorias
2084 3892 2376 3953 retulimus,
2410 3897 2549 3962 quod
2604 3897 2786 3953 hostes
2842 3908 3223 3970 superavimus.
3255 3909 3374 3964 Tibi

1807 3975 1875 4028 ob
1900 3979 2163 4045 prmtcrita
2183 3982 2291 4042 jam
2324 3983 2457 4035 bona
2480 3987 2676 4051 gratias
2715 3990 2917 4056 agimus
2937 4033 2951 4056 ,
2981 4005 3032 4046 et
3060 3994 3227 4047 futura
3259 4014 3285 4048 a
3325 4010 3377 4052 te

1805 4081 2100 4133 speramus.
2144 4069 2258 4122 Tibi
2289 4085 2475 4125 omnes
2526 4077 2900 4143 supplicamus,
2935 4092 3094 4148 utque
3144 4085 3375 4151 impera-

1805 4161 1971 4207 torem
2001 4168 2237 4209 uostrum
2263 4157 2692 4227 Constantinum,
2717 4182 2818 4218 una
2841 4184 2957 4221 cum
2984 4173 3230 4237 piissimis
3257 4178 3373 4242 ejus

1804 4241 1984 4296 liberis
2012 4243 2330 4299 incolumem
2359 4257 2410 4301 et
2437 4251 2689 4305 victorem
2729 4255 3024 4312 diutissime
3070 4263 3220 4316 nobis
3259 4241 3374 4318 ser-

1803 4347 1916 4397 ves,
1941 4349 2202 4402 rogamus.
2254 4337 2374 4391 llmc
2403 4341 2488 4393 die
2517 4343 2646 4394 solis
2700 4359 2728 4396 a
2779 4347 3091 4402 militaribus
3139 4356 3372 4409 muneris

1727 4393 1780 4450 D
1806 4422 1941 4487 lieri,
1972 4434 2023 4476 et
2050 4423 2162 4477 Ιιευο
2187 4427 2345 4480 verba
2387 4429 2524 4482 inter
2576 4435 2897 4499 precandqu
2948 4439 3011 4492 ab
3053 4439 3115 4492 iis
3147 4442 3371 4509 proferri

1803 4517 2076 4586 praecepit.

2374 4597 2598 4655 CAPUT
2637 4601 2776 4656 XXI.

1875 4682 1942 4736 In
1961 4685 2115 4736 armis
2142 4686 2358 4740 militum
2377 4690 2580 4758 signum
2608 4694 2870 4750 dominica
2895 4701 3057 4753 crucis
3087 4705 3298 4770 exprimi

2498 4782 2664 4851 jubet.

1875 4893 2008 4960 Quin
2037 4896 2195 4950 etiam
2225 4895 2276 4948 in
2307 4896 2435 4964 ipsis
2458 4898 2622 4950 armis
2653 4899 2896 4955 saIutaris
2933 4909 3116 4974 trOpaci
3162 4912 3369 4979 signum

1801 4981 1958 5050 jussit
1983 4984 2179 5052 effingi.
2202 4984 2373 5054 thue
2393 4994 2517 5040 attte
2543 4989 2853 5043 instructum
2872 4995 3032 5049 armis
3053 5000 3369 5068 exercitum,

1805 5087 1912 5124 non
1939 5087 2096 5125 aurea
2122 5074 2269 5142 signa
2300 5084 2353 5128 et
2393 5076 2697 5141 simulacra,
2731 5092 2788 5132 ut
2831 5092 2985 5136 antea
3041 5090 3202 5142 moris
3230 5101 3367 5158 erat,

1802 5161 1896 5213 sed
1927 5160 2094 5214 solum
2117 5162 2288 5215 crucis
2321 5172 2576 5231 tropaeum
2621 5167 2976 5237 pra-ferretur,
3010 5177 3296 5232 mandavit.

2376 5275 2602 5330 CAPUT
2633 5277 2795 5332 XXII.

1982 5364 2222 5417 Studium
2248 5365 2487 5435 precandi
2516 5375 2561 5418 et
2584 5369 2748 5419 cultus
2780 5370 2892 5434 {esti
2918 5377 3189 5442 paschalis.

1878 5474 1995 5544 Ipse
2024 5491 2151 5530 vero
2177 5486 2356 5544 utpote
2379 5491 2651 5532 sacrorum
2679 5484 3048 5549 mysteriorum
3089 5497 3371 5566 particeps,

1809 5565 1863 5618 in
1909 5565 2106 5620 intimis
2161 5566 2337 5634 palatii
2390 5566 2473 5620 sui
2522 5570 2876 5636 penetralibus
2931 5579 3166 5644 quotidie
3226 5565 3378 5646 statis

3102 5675 3140 5733 3
