3876 6218
414 238 482 294 75
1715 228 1982 286 EUSEBII
2032 229 2351 287 PAMPHILI
3608 231 3681 287 76

406 349 556 405 boris
585 359 705 401 sese
733 342 1030 409 includens,
1063 339 1283 396 remotis
1304 339 1517 395 arbitris
1542 339 1688 395 solus
1718 355 1839 396 eum
1872 343 1987 396 solo
2014 348 2063 407 Α
2092 344 2281 397 stitiosi
2315 344 2557 399 homines
2607 344 2981 400 existimabant
3022 344 3194 401 Nilum
3244 349 3463 415 posthac
3521 362 3674 401 more

408 439 809 510 colloquebatur
840 436 983 497 Deo;
1009 440 1064 487 et
1090 432 1142 485 in
1173 445 1341 500 genua
1369 431 1699 499 provolutus,
1760 446 1820 485 ea
1876 432 1992 501 qui-

412 535 513 589 bus
541 547 673 601 epus
698 530 919 583 haberet
944 523 1168 593 supplici
1202 537 1357 591 prece
1389 523 1710 592 postulabat.
1762 523 1819 576 In
1862 523 1993 591 ipsis

411 634 591 679 autem
620 621 904 677 salutiferae
931 618 1231 673 festivitatis
1253 616 1458 680 diebus,
1492 615 1786 685 disciplinae
1833 626 1992 685 atque

414 717 851 773 exercitationum
880 714 1114 783 vigorem
1146 710 1448 773 intendens,
1480 710 1685 764 cunctis
1734 709 1900 763 animi
1941 717 1997 763 et

414 811 654 881 corporis
708 808 909 863 viribus
956 804 1192 859 collectis
1284 802 1549 871 pontiﬁcis
1606 811 1763 871 atque
1814 801 1995 855 biero-

419 902 633 973 phantze
664 912 881 953 munere
917 895 1256 965 fungebatur.
1293 894 1356 946 Et
1406 893 1516 959 ipse
1542 892 1754 962 quidem
1785 892 1997 947 caeteris

420 993 669 1049 omnibus
722 989 947 1060 prmibat
994 986 1059 1040 ad
1113 984 1232 1039 festi
1283 982 1721 1039 celebrationem.
1776 982 1995 1037 Sacram

421 1098 601 1141 autem
629 1084 861 1154 vigiliam
888 1084 940 1137 in
976 1078 1217 1135 diurnum
1246 1076 1589 1150 splendorem
1629 1083 1986 1140 converterat,

420 1176 664 1233 accensis
716 1183 821 1228 tota
870 1173 1004 1227 urbe
1060 1184 1338 1226 cereorum
1370 1168 1684 1239 quibusdam
1732 1164 1997 1220 columnis

423 1282 521 1337 per
540 1279 633 1321 eos
661 1264 850 1335 quibus
876 1263 927 1317 id
972 1261 1150 1331 operis
1180 1270 1296 1315 erat
1342 1260 1653 1329 injunctum.
1701 1256 1999 1324 Lampades

423 1371 634 1426 quoque
688 1368 927 1409 accensre
977 1361 1163 1407 cuncta
1221 1353 1415 1419 passim
1472 1352 1588 1404 loca
1632 1349 1998 1413 illustrabant;

427 1448 561 1503 adeo
585 1458 642 1501 ut
687 1447 801 1499 lnee
843 1444 1064 1513 mystica
1110 1442 1288 1512 vigilia
1334 1442 1519 1512 quovis
1550 1439 1632 1495 vel
1679 1438 2001 1508 splendidis-

430 1540 566 1592 simo
594 1537 678 1591 die
704 1533 1027 1605 splendidior
1056 1532 1390 1588 redderetur.
1420 1530 1590 1585 Simul
1620 1543 1751 1585 vero
1788 1543 1851 1583 ae
1884 1528 2001 1583 dies

425 1628 708 1689 illuxerat,
758 1624 1055 1680 Servatoris
1105 1622 1271 1677 nostri
1332 1620 1738 1676 beneﬁcentiam
1806 1619 2001 1674 imitari

2097 435 2253 487 solito
2296 449 2451 503 agros
2478 450 2603 489 suos
2651 436 2867 491 minimc
2927 437 3284 506 irrigaturmu,
3332 438 3676 505 imperatoris

2101 523 2203 590 legi
2254 525 2432 578 favens
2458 526 2615 591 Deus,
2645 527 2967 579 contrarium
3017 542 3232 595 prorsus
3282 543 3437 596 quam
3490 543 3677 596 spera-

2098 624 2283 667 verant
2314 618 2576 683 prxstitit.
2606 615 2735 670 Nam
2770 617 2846 671 illi
2882 620 3095 687 quidem
3141 620 3229 689 qui
3260 620 3415 673 urbes
3463 618 3677 673 obscoe-

2099 705 2263 759 nitate
2305 719 2397 759 sua
2449 706 2752 774 polluebant
2799 722 2917 762 esse
2962 708 3252 763 desierunt.
3324 708 3441 779 Ipse
3494 718 3677 764 autem

2102 796 2315 862 fluvius,
2348 799 2498 867 quasi
2529 802 2733 869 expiata
2765 809 3087 870 purgataque
3118 802 3217 871 ipsi
3269 810 3374 855 tota
3430 803 3672 871 regione,

2100 888 2315 942 uberior
2362 904 2519 959 quam
2572 906 2801 960 unquam
2855 901 3009 946 antea
3062 891 3303 955 afﬁnxit,
3348 902 3400 946 et
3445 893 3682 960 largiore

2099 994 2354 1049 aquarum
2403 982 2552 1049 cepia
2605 982 2901 1047 exundans,
2955 998 3111 1053 agros
3164 998 3352 1039 omnes
3405 985 3675 1055 irrigavit:

2101 1072 2293 1126 stultos
2320 1070 2561 1126 homines
2601 1073 2773 1142 reipsa
2805 1073 3000 1127 docens
3030 1084 3187 1143 atque
3230 1075 3543 1141 admonens,
3575 1075 3682 1129 im-

2103 1176 2261 1232 puros
2306 1162 2519 1233 quidem
2572 1164 2805 1219 aversari
2855 1174 3134 1234 oportere;
3190 1167 3288 1220 soli
3336 1177 3512 1222 autem
3566 1168 3682 1222 Deo

2102 1252 2339 1305 omnium
2412 1252 2669 1308 bonorum
2736 1254 2938 1309 auctori
3001 1269 3284 1325 prosperos
3349 1271 3506 1312 casus
3557 1272 3683 1313 esse

2103 1340 2501 1397 adscribendos.

2663 1477 2889 1533 CAPUT
2928 1477 3116 1533 XXVI.

2139 1587 2392 1643 Correetio
2420 1590 2540 1660 legis
2561 1590 2798 1645 adversus
2821 1591 2989 1659 orbos,
3012 1602 3056 1645 et
3085 1593 3206 1663 legis
3236 1594 3297 1646 de
3324 1596 3651 1649 testamentis.

429 1717 667 1780 studens,
717 1714 976 1769 universis
1025 1712 1286 1782 gentibus,
1340 1711 1623 1780 provinciis
1674 1724 1736 1764 ae
1790 1708 1999 1779 pupulis
2028 1716 2074 1776 Β
2180 1702 2374 1757 Verum
2396 1704 2669 1759 enimvero
2695 1719 2813 1758 eum
2842 1705 3143 1774 hojusmodi
3175 1721 3261 1760 res
3286 1708 3684 1774 pencinnnmc-

428 1808 627 1877 largam
677 1820 891 1859 manum
948 1802 1276 1872 porrigebat;
1326 1799 1729 1869 opulentissima
1792 1797 1999 1854 donans

430 1898 677 1953 omnibus
707 1908 947 1950 munera.

991 1984 1213 2041 CAPUT
1258 1982 1443 2038 XXIII.

433 2080 696 2147 Quomodo
720 2080 969 2133 idolorum
986 2077 1179 2131 cultum
1211 2074 1486 2143 prohibuit,
1520 2083 1805 2143 martyrum
1831 2080 2000 2125 autem

1000 2169 1128 2237 festa
1151 2166 1431 2219 honoravit.

501 2282 613 2337 Hoc
657 2280 814 2350 igitur
868 2279 1025 2334 modo
1071 2280 1184 2349 ipse
1234 2278 1345 2331 Deo
1400 2291 1498 2330 suo
1550 2290 1698 2329 saera
1752 2274 1998 2329 faciebat.

432 2372 693 2426 Cmterum
740 2368 942 2424 cunctis
977 2367 1075 2421 sub
1120 2380 1341 2421 romano
1393 2366 1613 2433 imperio
1664 2364 1999 2433 degentibus,

435 2471 543 2516 tam
567 2461 752 2530 plebiis
766 2476 921 2530 quam
945 2460 1219 2526 militibus,
1244 2459 1467 2512 occlusa:
1494 2467 1647 2511 erant
1668 2456 1813 2511 fores
1828 2456 2002 2510 cultus

431 2552 855 2614 simulacrorum,
884 2559 937 2603 et
962 2548 1183 2618 quodvis
1213 2547 1591 2602 sacriﬁciorum
1621 2559 1789 2615 genus
1840 2546 2003 2598 inter-

429 2641 648 2696 dictum.
682 2640 835 2695 Missa
864 2655 1075 2709 quoque
1118 2640 1200 2693 lex
1231 2650 1313 2692 est
1356 2637 1421 2691 ad
1474 2637 1732 2706 pnesides
1780 2637 2002 2704 provin-

431 2735 652 2796 ciarum,
688 2742 742 2785 ut
763 2733 902 2785 diem
932 2731 1257 2784 dominicum
1282 2731 1440 2783 etiam
1470 2730 1569 2796 ipsi
1598 2735 1999 2782 venerarentur.

430 2822 595 2875 Iidem
627 2821 789 2875 festos
822 2829 1110 2889 martyrum
1136 2821 1248 2873 dies
1271 2820 1422 2887 jussu
1456 2817 1710 2887 principis
1754 2818 2005 2871 observa-

434 2913 577 2976 bant,
602 2922 654 2964 et
682 2909 1159 2964 ecclesiasticarum
1188 2908 1529 2963 festivitatum
1564 2916 1800 2975 tempora
1824 2906 2006 2960 debito

429 3001 631 3056 honore
656 3001 1129 3069 prosequebantur.
1160 2998 1285 3065 Quae
1323 2998 1539 3068 quidem
1585 2996 1763 3051 omnia
1793 3009 2005 3053 summo

426 3109 547 3149 cum
569 3093 904 3161 imperatoris
926 3088 1306 3160 peragebantur
1325 3089 1536 3159 gaudio.

959 3203 1181 3258 CAPUT
1220 3202 1407 3257 XXIV.

426 3294 572 3363 Quod
627 3312 791 3349 rerum
843 3304 1163 3350 externarum
1209 3295 1357 3364 quasi
1413 3295 1704 3365 episcOpunt
1777 3308 1829 3345 se
1893 3306 1999 3344 esse

1136 3385 1283 3438 dixit.

501 3499 755 3566 Quocirca
786 3514 889 3553 non
949 3499 1196 3565 absurde,
1228 3514 1346 3553 cum
1386 3499 1665 3565 episc0pos
1717 3494 2000 3565 aliquando

430 3592 670 3646 convivio
698 3594 982 3659 exciperet,
1010 3606 1068 3644 se
1094 3604 1303 3659 quoque
1336 3590 1641 3658 episcopum
1687 3602 1805 3640 esse
1845 3586 1997 3651 dixit,

430 3683 512 3736 bis
538 3683 645 3735 l'ere
672 3682 843 3735 verbis
871 3696 993 3734 usus
1034 3680 1184 3733 nobis
1214 3677 1582 3749 praesentibus.
1618 3676 1722 3730 Vos
1761 3676 1998 3745 quidem,

430 3770 645 3841 inquit,
700 3772 750 3824 in
800 3772 861 3824 iis
909 3786 1025 3839 qua:
1070 3770 1203 3822 intra
1260 3769 1549 3821 Ecclesium
1594 3776 1715 3820 sunt
1766 3765 2000 3834 episcopi

428 3862 556 3913 estis
575 3900 589 3925 ,
618 3875 715 3929 ego
748 3875 873 3913 vero
898 3860 948 3913 in
1000 3860 1063 3913 iis
1092 3875 1209 3928 qua:
1234 3869 1382 3911 extra
1431 3868 1686 3927 geruntur
1715 3856 1999 3925 episcopus

425 3966 456 4004 a
487 3953 592 4005 Deo
614 3969 728 4005 sum
755 3952 1091 4006 constitutus.
1126 3952 1304 4020 Itaque
1333 3953 1553 4005 consilia
1600 3950 1815 4019 capiens
1844 3947 2001 4001 dictis

423 4046 786 4111 congruentia,
810 4057 995 4096 omnes
1024 4043 1244 4111 imperio
1276 4059 1371 4096 suo
1402 4043 1668 4109 subjectos
1714 4038 2003 4108 episcopali

427 4132 785 4187 sollicitudine
840 4133 1201 4201 gubernabat;
1253 4142 1306 4185 et
1356 4133 1775 4199 quibuscumque
1828 4127 2001 4182 modis

427 4232 651 4290 poterat,
702 4234 757 4277 ut
803 4238 984 4278 veram
1042 4224 1288 4292 pietatem
1345 4230 1817 4285 consectarentur,
1872 4218 2003 4272 inci-

429 4314 587 4365 tabat.

996 4402 1219 4457 CAPUT
1244 4402 1408 4455 XXV.

428 4496 503 4547 De
553 4492 885 4560 prohibitione
928 4494 1294 4557 sacriﬁciorum
1342 4504 1385 4545 et
1434 4494 1796 4557 initialionunt,
1855 4501 1898 4546 et
1938 4493 2001 4545 de

496 4584 693 4634 abolitis
742 4583 1101 4648 gladiatoribus
1148 4591 1191 4634 et
1224 4583 1435 4649 impuris
1478 4585 1815 4636 sacerdotibus
1865 4583 1995 4635 Nili.

497 4696 627 4749 Ilinc
656 4703 736 4748 est
780 4695 917 4763 quod
971 4696 1171 4749 crebris
1201 4696 1405 4764 legibus
1435 4708 1485 4749 et
1534 4697 1998 4751 constitutionilnis

426 4787 699 4841 interdixit
738 4787 1001 4850 omnibus,
1052 4802 1118 4841 ne
1169 4788 1465 4841 simulacris
1506 4789 1895 4853 sacriﬁcarent;
1933 4805 1997 4843 ne

426 4887 570 4929 vates
593 4879 798 4928 curiose
829 4877 1196 4941 consulerent;
1228 4894 1358 4931 neve
1387 4878 1669 4932 simulacra
1694 4879 1994 4947 erigerent,

424 4978 508 5019 aut
538 4982 725 5019 arcana
756 4982 901 5018 sacra
935 4979 1281 5035 peragerent;
1342 4977 1611 5035 postremo
1659 4985 1723 5022 ne
1761 4969 1995 5023 cruentis

424 5056 766 5125 gladiatormn
798 5058 1111 5123 spcctacnlis
1162 5057 1318 5110 urbes
1348 5068 1792 5111 contannnarent.
1830 5058 1993 5112 Com-

422 5164 520 5214 nne
548 5146 780 5216 «Egyptii
810 5158 860 5201 et
889 5148 1229 5202 Alexandrini
1255 5151 1469 5203 llnvium
1493 5165 1646 5203 suum
1697 5152 1993 5204 ministerio

418 5240 765 5304 quorunnlam
800 5238 1070 5292 hominum
1096 5239 1519 5294 eilentinatorum
1551 5242 1729 5295 colere
1760 5257 1992 5295 consue-

420 5330 635 5390 vissent,
671 5330 752 5382 lex
784 5345 993 5398 quoque
1020 5331 1085 5383 ad
1117 5346 1207 5384 eos
1234 5332 1354 5384 data
1377 5343 1476 5396 est,
1499 5342 1552 5385 ut
1580 5335 1751 5385 ontnis
1782 5335 1992 5386 Andro-

414 5432 674 5483 gynorom
707 5422 847 5470 natio
903 5430 1149 5488 tanquam
1204 5421 1500 5474 adulterina
1552 5437 1582 5475 e
1632 5423 1805 5476 medio
1836 5427 1989 5478 tolle-

410 5515 583 5567 retur;
621 5523 715 5556 nec
746 5523 962 5575 nsquam
1005 5510 1443 5577 conspicerentur
1470 5512 1502 5563 ii
1552 5511 1639 5579 qui
1685 5512 1987 5579 huiusmodi

410 5594 749 5661 iitqititl‘citi;n
774 5596 956 5652 niorbo
990 5596 1334 5653 laborassent.
1371 5599 1472 5653 Sed
1508 5601 1757 5669 quoniam
1803 5618 1986 5673 supcr-

2113 1793 2306 1849 rabiles
2353 1796 2405 1848 in
2461 1794 2681 1863 singulis
2730 1795 3016 1863 provinciis
3058 1796 3125 1849 ab
3180 1798 3497 1865 imperatore
3521 1807 3693 1866 gestte

2104 1885 2231 1951 sint,
2262 1886 2584 1955 quicumque
2609 1900 2699 1940 eas
2730 1887 2989 1941 curiosius
3012 1886 3243 1941 scribere
3271 1888 3507 1956 aggressi
3558 1886 3681 1940 foe-

2104 1976 2230 2041 rint,
2306 1975 2685 2045 amplissimam
2757 1985 2903 2030 certe
2932 1977 3203 2030 materiam
3246 1976 3473 2031 habituri
3539 1984 3689 2029 sunt.

2102 2067 2412 2136 Cujusmodi
2468 2078 2550 2123 est
2604 2068 2744 2138 quod
2791 2068 3044 2137 plurimas
3107 2068 3251 2137 leges
3306 2067 3369 2121 ad
3422 2067 3685 2135 majorem

2104 2159 2436 2214 sanctitatem
2464 2160 2767 2222 traducens,
2788 2174 2884 2228 pro
2913 2159 3142 2227 antiquis
3164 2173 3328 2212 novas
3354 2157 3495 2212 fecit.
3513 2158 3692 2226 Atque

2103 2250 2259 2319 hujus
2300 2252 2374 2303 rei
2399 2250 2565 2303 forma
2611 2264 2715 2303 uno
2743 2261 2833 2302 aut
2886 2252 3054 2303 altero
3112 2250 3354 2317 exemplo
3418 2248 3689 2303 declarari

2105 2349 2300 2410 potest.
2358 2340 2530 2394 Orbos
2600 2340 2830 2408 antiqua:
2902 2340 3044 2408 leges
3091 2340 3413 2393 biereditatis
3467 2348 3684 2407 patrum

2104 2432 2441 2500 ademptione
2470 2431 2784 2500 plectebant.
2840 2431 3072 2500 Eratque
3102 2433 3184 2484 lex
3215 2431 3327 2484 haec
3374 2446 3503 2484 sane
3538 2439 3693 2483 atro-

2105 2526 2349 2587 cissima;
2383 2524 2575 2594 quippe
2607 2539 2723 2593 qum
2760 2524 2999 2577 homines
3027 2524 3205 2576 liberis
3234 2523 3540 2586 destitutos,
3572 2531 3695 2573 tan-

2106 2629 2261 2684 quam
2289 2614 2509 2682 alicujus
2537 2614 2774 2667 criminis
2826 2628 2969 2677 reos,
3017 2626 3170 2680 pruna
3198 2611 3469 2674 afﬁceret;
3521 2610 3697 2679 impe-

2108 2718 2252 2761 rator
2279 2722 2423 2770 vero,
2458 2708 2555 2759 hoc
2585 2706 2995 2774 abrogatojm-e,
3026 2713 3262 2758 sanctam
3290 2720 3351 2758 ac
3382 2705 3691 2774 religiosam

2108 2800 2275 2868 legem
2305 2800 2442 2852 tulit.
2488 2798 2591 2851 Eos
2630 2800 2771 2851 enim
2814 2797 2902 2865 qui
2958 2806 3146 2863 sponte
3194 2811 3254 2848 ac
3305 2795 3477 2849 dedita
3511 2812 3682 2864 opera

2112 2901 2394 2960 peccarent
2417 2904 2651 2959 congruo
2679 2890 2941 2957 supplicio
2969 2887 3274 2940 afﬁciendos
3320 2902 3439 2940 esse
3482 2887 3682 2941 aiebat.

2110 2985 2177 3035 At
2216 2996 2339 3035 vero
2369 2981 2545 3034 multis
2589 2989 2772 3034 natura
2821 2980 3017 3032 liberos
3062 2978 3373 3045 denegavit;
3423 2978 3510 3045 qui
3564 2994 3692 3031 eum

2033 3081 2078 3144 ρ
2110 3086 2444 3126 numerosam
2474 3072 2708 3125 sobolem
2737 3070 2832 3123 sibi
2874 3077 3168 3138 optassent,
3226 3079 3402 3119 tamen
3452 3067 3521 3119 ob
3565 3081 3691 3119 cor-

2110 3163 2251 3232 poris
2280 3162 2637 3215 inllrmitatem
2670 3160 2850 3214 liberis
2881 3168 3180 3211 caruerunt.
3214 3157 3313 3209 Alii
3336 3158 3451 3209 sine
3498 3156 3685 3210 liberis

2106 3253 2224 3305 ideo
2254 3252 2515 3316 vixerunt,
2550 3266 2651 3303 non
2699 3249 2835 3318 quod
2873 3262 3207 3301 successores
3242 3247 3437 3299 habere
3483 3247 3687 3303 liberos

2105 3342 2323 3405 nollent,
2354 3341 2447 3395 sed
2477 3342 2617 3410 quod
2655 3341 2968 3393 muliebrem
2997 3340 3239 3405 copulam
3269 3347 3638 3390 aversarentur
3664 3378 3681 3403 ,

2106 3450 2212 3502 pra:
2238 3433 2610 3487 ardentissimo
2635 3446 2816 3485 amore
2848 3431 3193 3499 philosophiae
3223 3429 3272 3481 id
3327 3430 3673 3481 continentia:

2105 3536 2271 3590 genus
2328 3522 2576 3590 amplexi.
2633 3522 2807 3573 Multa:
2875 3528 3130 3585 praeterea
3187 3520 3432 3571 mulieres
3496 3519 3682 3572 divino

2104 3615 2267 3668 cultui
2297 3624 2642 3678 consecratio,
2669 3613 2967 3667 castitatem
3005 3620 3161 3679 atque
3183 3611 3541 3663 omnimodam
3576 3612 3688 3664 vir-

2104 3710 2375 3779 ginitatem
2407 3707 2712 3767 coluerunt;
2740 3714 2793 3758 et
2822 3715 2923 3757 tam
2957 3704 3161 3756 animos
3186 3716 3311 3754 suos
3356 3718 3514 3770 quant
3557 3716 3685 3755 cor-

2109 3814 2232 3865 pora
2284 3797 2575 3865 purissima:
2598 3810 2660 3849 ac
2691 3795 3037 3847 sanctissima:
3060 3792 3179 3845 vita:
3215 3794 3680 3859 mancipaverunt.

2104 3891 2240 3957 Quid
2267 3886 2752 3958 ergo?utrumhoc
2780 3886 3058 3953 supplicio,
3104 3901 3167 3937 an
3216 3884 3391 3952 potius
3446 3883 3685 3936 admira-

2108 3983 2249 4034 tione
2276 3990 2330 4033 et
2362 3980 2743 4049 approbatione
2791 3976 3004 4045 dignum
3045 3975 3227 4028 haberi
3273 3975 3549 4041 oportuit?
3592 3974 3687 4027 Et-

2106 4075 2245 4126 enim
2300 4070 2453 4137 lmjus
2504 4070 2576 4123 rei
2627 4068 2711 4122 vel
2741 4076 2961 4122 conatus
2992 4068 3104 4134 ipse
3130 4065 3412 4117 maximam
3469 4064 3683 4118 laudem

2107 4168 2373 4214 IIICI'CIUI‘Z
2409 4157 2627 4212 CIICCHIS
2650 4173 2773 4212 VCI‘O
2830 4171 3029 4209 natura:
3068 4155 3309 4209 humana:
3350 4156 3493 4208 VII‘CS
3520 4168 3682 4208 CXCI!-

2105 4252 2201 4305 dit.
2236 4252 2339 4306 Eos
2371 4251 2525 4319 igitur
2553 4250 2742 4318 quibus
2766 4248 3021 4301 naturalis
3051 4246 3349 4309 inﬁrmitas,
3406 4245 3529 4299 licet
3570 4259 3685 4298 ma-

2108 4344 2248 4395 xime
2298 4341 2650 4409 cupientibus,
2703 4341 2896 4393 liberos
2966 4337 3264 4405 denegavit,
3339 4336 3686 4389 miseratione

2026 4440 2079 4499 D
2107 4435 2349 4502 prosequi
2384 4434 2554 4499 potius
2583 4446 2737 4499 quam
2764 4445 2916 4498 paena
2945 4428 3157 4481 afﬁcere
3197 4428 3369 4481 decet.
3402 4427 3503 4494 Qui
3552 4441 3683 4479 vero

2107 4523 2429 4577 soblimioris
2450 4521 2795 4589 philoSOphia:
2833 4536 3011 4572 amore
3028 4519 3256 4581 ducitur,
3274 4519 3316 4571 is
3333 4532 3436 4570 non
3462 4519 3680 4582 mulcta,

2107 4613 2198 4665 scd
2228 4612 2578 4665 admiratione
2600 4612 2834 4665 oomium
2864 4610 3050 4678 dignos
3080 4620 3177 4662 est.
3202 4608 3276 4661 Ad
3306 4609 3443 4661 hunc
3466 4608 3683 4661 modum

2108 4704 2394 4770 imperator
2418 4717 2622 4755 suunna
2646 4718 2765 4755 cum
2792 4703 3038 4769 arquitatc
3061 4700 3228 4767 legem
3260 4698 3399 4751 illam
3424 4696 3680 4750 correxit.

2110 4792 2370 4845 I’rteterea
2401 4793 2630 4861 antiquis
2650 4793 2848 4859 lcgilnu
2875 4801 3080 4842 ςίιιιιιιηι
3114 4790 3298 4851 fuerat,
3349 4799 3404 4839 ut
3448 4787 3684 4839 morien-

2108 4892 2187 4935 tes
2214 4891 2266 4935 et
2286 4882 2548 4943 ultimum,
2577 4894 2631 4934 ut
2661 4883 2726 4934 ita
2746 4881 2938 4941 dicant,
2965 4881 3215 4933 ducentes
3233 4878 3498 4946 spiritmn,
3522 4877 3684 4930 certis

2105 4971 2417 5038 quibusdam
2452 4973 2625 5025 verbis
2663 4982 2978 5025 testamenta
3032 4970 3337 5037 scrupulose
3386 4982 3684 5035 compone-

2107 5072 2253 5123 rent;
2284 5065 2709 5131 praescriptzeque
2737 5073 2885 5115 erant
2922 5062 3160 5114 formuLe
3201 5070 3251 5112 et
3290 5060 3681 5121 Solemnitates,

2105 5168 2166 5205 ac
2196 5154 2351 5206 verba
2383 5170 2499 5222 qua:
2528 5153 2647 5206 addi
2676 5164 2962 5220 oporteret.
2984 5154 3057 5205 Ex
3077 5167 3181 5221 quo
3200 5152 3436 5219 plurimae
3471 5150 3684 5203 lraudcs

2103 5242 2517 5296 admittebantur
2592 5243 2656 5296 ad
2733 5242 3266 5296 ciretnnscribendam
3341 5241 3681 5293 morientium

2102 5333 2445 5386 voluntatem.
2497 5333 2646 5399 Quod
2680 5334 2968 5401 imperator
3019 5347 3138 5384 cum
3191 5328 3680 5393 animadvertisset,

2100 5422 2237 5476 hanc
2297 5425 2457 5477 etiam
2510 5427 2675 5492 legem
2721 5425 3060 5487 emendavit;
3117 5432 3352 5475 statuens
3406 5432 3464 5474 ut
3522 5423 3683 5477 nudis

2097 5515 2271 5569 verbis
2298 5524 2350 5567 et
2373 5516 2742 5583 qualicumque
2764 5516 3004 5569 oratione
3035 5524 3406 5567 testamentum
3439 5513 3679 5568 condere

2096 5608 2667 5672 morientibusliccret,
2703 5618 3074 5675 etsUprctnatn
3121 5606 3441 5660 voluntatem
3484 5605 3677 5672 quovis
