3876 6218
205 277 262 332 7⁸1
1241 269 1326 324 DE
1363 254 1519 325 VITA
1559 261 2006 323 CONSTANTINI
2042 262 2242 321 uasa
2281 264 2370 320 tv.
3343 265 3411 319 78

207 390 383 460 scripto
406 389 718 456 declarare;
743 397 831 444 aut
857 389 901 443 si
929 386 1148 442 mallent
1166 386 1280 442 sine
1301 386 1498 455 scripto
1526 383 1744 448 testari,
1775 391 1828 449 Α
1852 394 2116 449 unumque
2146 379 2291 432 illum
2321 390 2584 432 summum
2615 375 2851 431 omnium
2901 375 3098 446 Regem
3146 375 3415 444 praecipuo

210 480 254 534 id
297 479 513 533 facerent
557 478 812 533 adhibitis
857 478 1109 531 duntaxat
1140 476 1358 529 testibus
1401 472 1623 538 idoneis,
1665 471 1753 540 qui

213 569 348 624 fidem
376 585 588 624 servare
616 571 815 638 absque
844 568 1117 624 mendacio
1143 575 1374 635 possent.

742 688 966 745 CAPUT
999 687 1208 743 XXVII.

220 806 348 872 Quod
390 806 542 876 legem
597 807 708 859 tulit
761 823 823 859 nc
865 803 1033 859 Judwi
1077 804 1407 856 christianum
1447 798 1756 868 mancipium

279 897 531 962 haberent,
593 907 744 968 utque
797 898 1126 950 conciliorum
1179 894 1376 947 decreta
1415 901 1527 944 rata
1560 898 1753 952 essent,

275 997 316 1039 ει
348 995 540 1040 «ctera.

277 1095 561 1160 Quinetiam
591 1097 759 1164 legent
793 1094 928 1158 tulit,
949 1109 1014 1148 ne
1027 1091 1360 1146 Christianus
1373 1089 1510 1143 ullus
1533 1090 1760 1142 set-viret

221 1185 409 1242 ludatis.
451 1185 636 1256 Neque
679 1187 819 1239 enim
869 1184 946 1238 fas
1003 1184 1234 1246 esse,'ut
1257 1181 1292 1235 ii
1337 1181 1428 1250 qui
1467 1195 1494 1232 a
1534 1178 1759 1231 Domino

221 1280 447 1348 redempti
467 1290 673 1345 essent,
700 1277 1075 1349 prophetarum
1108 1291 1169 1330 ac
1199 1273 1409 1329 Domini
1455 1269 1762 1325 interfecto-

220 1368 346 1422 ribus
368 1371 636 1424 scrvitutis
653 1371 780 1440 jttgo
801 1368 1174 1424 subderentur.
1199 1365 1350 1433 Quod
1377 1364 1420 1418 si
1462 1362 1580 1432 quis
1620 1359 1762 1415 chri-

219 1463 378 1514 stianze
403 1462 694 1528 religionis,
721 1473 903 1515 servus
935 1471 1094 1526 penes
1119 1456 1358 1511 Judazum
1393 1449 1764 1521 deprehende—

219 1559 364 1616 retur,
398 1551 544 1605 illum
575 1551 788 1619 quidem
832 1550 1075 1606 libertate
1104 1549 1320 1610 donari,
1358 1543 1597 1600 Juda'um
1636 1557 1763 1596 vero

219 1641 429 1695 mulctari
455 1641 680 1710 pecunia
708 1641 883 1711 jussit.
911 1639 1027 1696 Jam
1062 1655 1186 1694 vero
1217 1638 1592 1707 episcoporum
1641 1648 1764 1688 sen-

1855 471 1998 523 cultu
2044 478 2096 525 et
2121 468 2472 522 admiratione
2500 477 2966 536 prosequerentur.
3007 465 3175 520 Porro
3219 464 3417 519 oratio-

1855 577 1979 615 num
2000 575 2213 615 suarum
2240 561 2574 628 partitionem
2608 561 2675 613 ita
2707 558 3022 621 faciebat,nt
3051 559 3276 626 primum
3299 555 3417 626 qui-

1854 648 1974 704 dem
2021 649 2387 704 refutationem
2437 649 2635 702 erroris
2678 647 2949 717 gentilium
2994 648 3044 701 in
3095 645 3271 701 multis
3313 646 3416 699 diis

1854 739 2128 804 colendis,
2173 740 2322 808 quasi
2371 739 2767 792 fundamentum
2813 740 3208 800 substerneret;
3258 737 3419 791 certis

1856 831 2146 884 rationibus
2175 829 2452 883 adstruens
2474 868 2489 893 ,
2517 827 2944 896 superSIitionem
2976 826 3183 880 illorum
3216 840 3419 880 meram

1857 917 2094 973 fraudem
2137 933 2291 984 esse,
2339 927 2392 972 et
2452 917 2734 984 impietatis
2781 915 3251 985 propugnaculum.
3295 915 3423 969 Post

1859 1007 1974 1062 hmc
2001 1009 2065 1062 de
2093 1008 2344 1077 singulari
2389 1008 2611 1075 imperio
2640 1007 2726 1059 Dei
2772 1006 3085 1060 disserebat.
3129 1005 3263 1058 Tum
3311 1020 3425 1060 ser-

1859 1113 2070 1152 monem
2099 1099 2323 1152 fat-iebat
2362 1098 2428 1152 de
2453 1096 2776 1166 providentia
2799 1138 2813 1161 ,
2846 1113 2946 1166 qua
2983 1105 3035 1150 ct
3064 1097 3307 1151 universa
3337 1111 3423 1151 re-

1859 1199 2053 1257 guntur
2087 1197 2141 1242 et
2183 1187 2410 1256 singula.
2460 1187 2592 1241 [line
2635 1188 2700 1240 ad
2748 1188 3033 1241 salutarem
3083 1185 3423 1255 progrediens

1861 1278 2311 1347 dispensationem
2335 1319 2350 1341 ,
2387 1279 2521 1331 hanc
2551 1294 2759 1348 quoque
2789 1281 3091 1333 necessario
3132 1287 3186 1332 et
3231 1293 3429 1333 conve-

1863 1367 2028 1423 nieuti
2065 1370 2268 1422 ratione
2311 1367 2499 1421 factam
2551 1369 2710 1422 fuisse
2757 1368 3091 1422 ostendebat.
3137 1368 3262 1422 Inde
3307 1382 3426 1422 ora-

1863 1457 2020 1510 tionis
2058 1472 2272 1512 cursum
2304 1472 2655 1527 promovens,
2686 1458 3097 1527 disputationem
3136 1458 3205 1512 de
3243 1458 3423 1513 divino

1858 1545 2059 1615 judicio
2085 1548 2508 1618 aggrediebatur.
2534 1548 2647 1614 Quo
2671 1550 2720 1602 in
2750 1549 2867 1603 loco
2894 1548 3192 1602 auditorum
3222 1549 3428 1604 animos

1862 1638 2175 1706 gravissime
2238 1639 2660 1709 perstringebat;
2708 1653 2946 1708 raptores
3006 1654 3331 1709 coarguens,
3377 1649 3432 1696 et

221 1731 387 1784 tentias
404 1746 522 1800 qua:
549 1733 600 1785 in
617 1731 857 1786 c0nciliis
887 1730 1230 1800 promulgata:
1284 1735 1482 1791 essent,
1529 1724 1760 1778 auctori-
1791 1758 1839 1817 Β
1865 1729 2127 1786 violentos
2149 1772 2164 1797 ,
2197 1740 2251 1785 et
2279 1745 2372 1786 eos
2393 1731 2485 1801 qui
2514 1746 2573 1786 se
2614 1733 2952 1800 pecuniarum
2999 1731 3303 1800 inexplebili
3341 1747 3434 1787 cu-

221 1828 312 1875 tate
332 1836 419 1876 sua
441 1823 805 1887 confirmavit;
825 1823 957 1876 adeo
980 1831 1038 1874 ut
1062 1819 1449 1889 provinciarum
1468 1815 1763 1871 rectoribus

222 1927 310 1967 non
345 1915 524 1970 liceret
560 1918 929 1985 episcOporum
976 1915 1188 1968 decreta
1233 1898 1554 1966 rescindere.
1586 1907 1764 1962 Cuivis

221 2007 520 2078 eaimjudiei
549 2009 907 2079 przefercndos
945 2023 1065 2063 esse
1107 2005 1413 2060 sacerdotes
1452 2002 1562 2057 Dei.
1599 2000 1764 2070 llujus

221 2097 340 2150 utodi
365 2115 493 2168 pene
522 2101 826 2153 innumeras
857 2099 1000 2168 leges
1021 2097 1244 2152 subditis
1261 2095 1371 2150 suis
1392 2094 1763 2165 promulgavit:

221 2201 333 2253 quas
361 2189 569 2255 quidem
602 2189 852 2258 peculiari
876 2187 1142 2241 volumine
1180 2185 1407 2248 tradere,
1453 2182 1518 2236 ad
1562 2181 1767 2251 perspi-

222 2276 436 2330 ciendam
461 2279 561 2332 hac
584 2280 740 2331 etiam
772 2278 823 2330 in
853 2287 1000 2346 parte
1045 2275 1379 2344 imperatoris
1408 2272 1763 2342 prudentiam,

222 2368 413 2436 majoris
441 2369 532 2422 otii
557 2367 734 2422 fuerit.
763 2369 899 2433 Quid
928 2381 1068 2421 nunc
1107 2367 1296 2420 attinet
1324 2378 1764 2430 commemorare,

222 2458 641 2526 quemadmodum
664 2473 872 2513 summo
902 2458 1138 2512 omnium
1187 2457 1294 2509 Deo
1322 2469 1442 2510 sese
1470 2454 1767 2522 applicans,

219 2553 413 2618 aprima
443 2552 559 2605 luce
586 2552 653 2604 ad
699 2564 974 2619 vesperam
1021 2564 1154 2619 quos
1197 2564 1264 2602 ex
1307 2545 1456 2602 omni
1495 2545 1768 2599 hominum

223 2655 420 2696 numero
439 2643 713 2696 beneliciis
731 2640 962 2695 afficeret
975 2681 991 2703 ,
1009 2640 1236 2694 sollicite
1260 2637 1586 2707 inquirebat;
1605 2650 1770 2705 seque

225 2747 332 2803 erga
358 2749 535 2790 omnes
559 2749 769 2804 aequum
788 2749 851 2788 ac
874 2734 1109 2798 civilem,
1140 2733 1273 2786 bene
1313 2731 1379 2785 de
1417 2729 1622 2784 cunctis
1655 2743 1767 2782 tne-

223 2824 388 2890 tendo,
409 2824 697 2894 pra-bebat.

722 2913 898 2970 CAPU
911 2914 950 2967 Τ
1006 2910 1236 2966 XXVIII.

222 3024 352 3081 Dona
388 3029 437 3082 in
479 3027 733 3082 Ecclesias
774 3027 995 3092 collata,
1039 3035 1084 3078 et
1125 3023 1349 3095 pecunia:
1393 3020 1667 3092 virginibus
1713 3034 1772 3073 ac

696 3117 996 3191 pauperibus
1026 3127 1266 3188 erogatur.

280 3233 376 3286 Sed
415 3235 679 3302 pra-cipue
726 3233 778 3286 in
828 3231 1082 3286 ecclesias
1133 3230 1223 3283 Dei
1270 3228 1494 3297 plurima
1539 3222 1790 3280 contulit

220 3321 344 3376 dona
364 3367 376 3389 ,
404 3341 537 3379 nunc
576 3339 731 3394 agros
751 3362 767 3388 ,
802 3337 942 3376 nunc
966 3335 1201 3375 annonas
1231 3320 1282 3373 in
1307 3318 1614 3372 alimoniam
1636 3331 1771 3385 pau-

221 3428 383 3480 perum
408 3426 457 3468 et
486 3415 759 3468 viduarum
791 3428 853 3466 ac
884 3411 1201 3482 pupillorum
1232 3409 1485 3478 largiens.
1523 3408 1769 3476 Denique

221 3506 364 3558 etiam
407 3517 578 3562 vestes
612 3507 766 3560 nudis
813 3504 1113 3557 hominibus
1161 3501 1272 3556 fieri
1319 3500 1541 3555 sollicita
1591 3499 1771 3567 provi-

219 3597 351 3648 sione
375 3596 584 3650 curavit.
621 3595 738 3649 Prw
763 3594 972 3648 caneris
1005 3608 1130 3647 vero
1158 3607 1251 3645 eos
1280 3592 1513 3644 maxime
1537 3589 1767 3642 honora-

220 3687 328 3752 bat,
353 3692 431 3758 qui
459 3707 516 3745 se
544 3701 682 3744 totos
710 3689 902 3743 divina:
934 3687 1283 3756 philosophia:
1309 3684 1658 3738 addixissent.
1687 3682 1767 3752 Ip-

220 3793 325 3832 sum
367 3783 568 3851 quidem
619 3781 1012 3837 sanctissimum
1043 3791 1420 3848 perpetuarum
1474 3777 1566 3830 Dei
1608 3777 1770 3845 virgi-

220 3885 333 3923 num
360 3883 545 3927 costum
592 3882 797 3925 tantum
847 3887 949 3926 non
1001 3871 1376 3933 venerabatur,
1428 3882 1546 3922 cum
1594 3867 1766 3935 ipsum

220 3960 294 4012 cui
319 3975 367 4014 se
390 3970 827 4016 consecraverant
853 3961 1048 4027 Deum,
1075 3959 1127 4012 in
1157 3974 1336 4014 earum
1379 3957 1645 4013 mentibus
1675 3957 1766 4011 ha-

223 4048 399 4114 bitare,
426 4067 517 4121 pro
542 4061 690 4106 certo
717 4051 958 4105 haberet.

743 4161 970 4217 CAPUT
1012 4162 1201 4216 XXIX.

375 4271 760 4326 ιυίιιίηηιῑοηεε
789 4283 833 4326 et
856 4273 1244 4327 declamationes
1271 4272 1605 4327 Constantini.

288 4381 406 4447 Quin
431 4393 480 4437 et
515 4394 650 4438 tetas
697 4384 961 4438 interdum
1013 4393 1196 4439 noctes
1243 4384 1366 4468 vigil
1415 4374 1757 4448 traducebat,

226 4485 356 4526 suam
403 4476 504 4544 ipse
551 4487 785 4530 mentem
845 4475 1144 4530 divinarum
1189 4490 1364 4532 rerum
1413 4476 1835 4542 meditationeD

228 4560 484 4618 ittSlruetts.
513 4568 573 4619 Et
603 4582 697 4636 per
737 4569 902 4620 otium
950 4566 1248 4621 scribendis
1292 4567 1621 4621 orationibus
1671 4585 1759 4620 va-

227 4667 361 4720 cans,
390 4660 595 4713 crebras
624 4659 852 4714 habebat
880 4660 1204 4716 conciones:
1234 4661 1428 4731 quippe
1471 4663 1558 4731 qui
1599 4661 1759 4715 officii

228 4745 300 4797 sui
319 4762 421 4803 esse
448 4753 808 4816 existimaret,
835 4754 1060 4822 pepulos
1087 4753 1187 4808 sibi
1213 4753 1483 4821 subjeCtos
1528 4769 1760 4822 praecep-

226 4837 286 4888 tis
327 4843 522 4896 rationis
571 4858 788 4911 regere,
841 4855 892 4897 et
937 4843 1286 4913 principatum
1335 4860 1489 4898 sumn
1537 4844 1754 4897 rationis

225 4926 717 4995 impcriumellicere.
749 4935 1006 4999 Quocirca
1047 4936 1159 5005 ipse
1187 4934 1396 5005 quidem
1444 4935 1752 4989 concionem
1787 4994 1791 4998 ,

226 5016 493 5075 admetbat.
513 5023 776 5078 Caeterum
808 5027 1208 5081 innumerabilis
1227 5025 1540 5080 accurrebat
1568 5025 1719 5078 multi
1737 5055 1749 5064 -

226 5114 360 5179 tudo,
387 5119 662 5189 principem
707 5120 1166 5189 philosophantem
1215 5119 1478 5173 auditura.
1511 5117 1662 5185 Quod
1708 5119 1752 5172 si

225 5199 338 5257 forte
372 5207 495 5262 inter
535 5211 851 5275 dicendum,
883 5212 951 5264 de
979 5210 1237 5279 theologia
1285 5210 1535 5279 loquendi
1577 5209 1751 5278 aliqua

227 5297 600 5355 Seseobtulissct
630 5318 840 5355 occasio
863 5342 877 5366 ,
904 5312 1053 5356 stans
1089 5303 1231 5356 illico
1278 5310 1554 5356 contracto
1605 5302 1752 5354 vultu

226 5396 276 5436 ac
299 5385 501 5442 demissa
529 5408 657 5446 voce
681 5433 694 5455 ,
719 5408 841 5445 cum
885 5393 1135 5459 singulari
1167 5391 1420 5460 religione
1454 5406 1515 5445 ac
1540 5391 1750 5444 modes-

227 5472 282 5525 tia
323 5478 495 5531 diviua-
521 5485 776 5535 doctrina:
818 5483 1086 5552 mysteriis
1138 5483 1346 5536 initiare
1374 5481 1642 5535 auditores
1671 5481 1750 5532 vi-

225 5562 430 5621 debatur.
455 5569 686 5641 Cumque
714 5573 949 5627 universi
981 5573 1166 5627 faustis
1197 5573 1414 5626 vocibus
1459 5573 1504 5625 ci
1535 5571 1752 5639 applau-

226 5651 397 5724 dcrrnt,
421 5663 451 5730 ii
468 5679 522 5714 se
542 5664 888 5719 eisinnuebat
905 5674 960 5718 ul.
980 5679 1188 5719 sursum
1211 5663 1396 5718 oculos
1419 5663 1745 5729 attollerent,

1865 1821 2070 1890 piditati
2097 1822 2267 1876 manci
2276 1830 2510 1891 passent.
2532 1822 2825 1876 Nonnullos
2845 1823 3004 1878 etiam
3029 1837 3059 1877 e
3087 1821 3435 1878 familiaribus

1864 1912 1973 1966 suis
2019 1915 2106 1981 qui
2151 1911 2404 1979 aderant,
2443 1913 2670 1982 quodam
2730 1913 2880 1982 quasi
2924 1914 3177 1967 orationis
3226 1913 3436 1983 ﬂagello

1864 2002 2185 2067 verberans,
2217 2005 2556 2059 conscientia:
2603 2004 2830 2058 stimulis
2872 2005 3125 2075 agitatus,
3159 2004 3440 2061 demittere

1867 2095 2050 2149 oculos
2075 2095 2316 2165 cogebat.
2347 2096 2547 2164 Quibus
2576 2096 2717 2151 clara
2748 2112 2877 2152 voce
2902 2107 3206 2153 contestans
3231 2098 3439 2154 denun-

1868 2185 2033 2239 tiabat
2092 2186 2236 2255 ipsos
2281 2196 2517 2242 actorum
2573 2203 2790 2243 suorum
2843 2189 3098 2244 rationem
3147 2191 3252 2244 Deo
3317 2205 3440 2246 esse

1868 2274 2191 2330 reddituros.
2221 2276 2428 2346 Quippe
2456 2277 2556 2332 sibi
2586 2278 2800 2347 quidem
2831 2279 3110 2348 imperium
3150 2279 3296 2334 orbis
3329 2288 3440 2335 ter~

1868 2382 2047 2422 rarum
2071 2383 2098 2420 a
2132 2369 2240 2424 Deo
2267 2369 2515 2424 traditum
2547 2385 2666 2426 esse
2693 2389 2706 2424 :
2735 2386 2794 2426 se
2831 2386 2956 2427 vero
2994 2372 3160 2427 divini
3209 2375 3440 2430 numinis

1868 2459 2143 2527 exemplo,
2174 2468 2351 2527 partes
2379 2460 2584 2529 imperii
2613 2461 2868 2530 regendas
2913 2462 3041 2531 ipsis
3067 2464 3442 2520 commisisse:

1871 2555 2120 2602 etcterum
2147 2563 2334 2603 omnes
2355 2551 2614 2604 rationem
2641 2560 2910 2619 gestorum
2948 2567 3165 2607 suorum
3191 2569 3443 2623 ευρωιιιο

1874 2639 1984 2708 regi
2000 2637 2208 2692 tandem
2225 2639 2542 2694 reddituros.
2561 2640 2684 2695 Haec
2700 2642 2785 2696 ille
2797 2644 3196 2698 contestabatur
3209 2645 3439 2709 assidue;

1872 2726 1988 2780 lucc
2015 2728 2330 2798 suggerebat
2356 2745 2370 2794 ;
2401 2728 2481 2783 his
2508 2730 2629 2784 illos
2657 2729 2986 2786 documentis
3011 2733 3298 2790 imbuehat.
3331 2735 3442 2791 Ve-

1871 2831 1990 2869 rum
2020 2817 2134 2886 ipse
2159 2817 2372 2887 quidem
2403 2821 2711 2875 sinceritate
2739 2821 2857 2875 fidei
2886 2839 2995 2877 sua:
3025 2825 3257 2880 conlisus
3280 2866 3295 2891 ,
3321 2826 3445 2883 talia

1873 2914 1928 2959 et
1953 2908 2216 2962 sentiebat
2240 2918 2294 2964 et
2320 2910 2660 2978 praedicabat.
2713 2911 2792 2966 Illi
2855 2923 3031 2968 autem
3078 2914 3334 2971 indociles
3379 2932 3442 2972 ac

1873 2999 2019 3054 velut
2067 3002 2509 3059 obsurdescentcs
2561 3004 2816 3060 adversus
2865 3007 3219 3077 pulcherrima
3278 3008 3447 3066 docu-

1799 3123 1844 3187 C
1875 3101 2050 3145 menta
2080 3093 2382 3161 perstabant
2414 3113 2428 3146 :
2461 3095 2636 3164 lingua
2665 3096 2876 3165 quidem
2916 3097 3026 3168 ipsa
3058 3100 3349 3171 plausuque
3392 3111 3445 3158 ct

1874 3183 2347 3240 acclamationibus
2386 3186 2525 3240 dicta
2565 3189 2971 3257 comprobantes
2997 3207 3011 3256 ;
3040 3192 3132 3248 sed
3175 3195 3348 3264 reipsa
3375 3195 3445 3251 ob

1877 3272 2251 3342 inexplebilem
2282 3275 2625 3344 cupiditatem
2654 3293 2715 3333 ea
2743 3281 3091 3351 negligentes.

2439 3387 2666 3444 CAPUT
2706 3389 2876 3446 XXX.

1877 3497 2025 3562 Quod
2051 3497 2252 3552 cuidam
2293 3516 2446 3554 avaro
2477 3503 2699 3570 sepulcri
2743 3505 2950 3559 modum
2980 3507 3276 3577 delineavit,
3314 3521 3370 3567 ut
3398 3514 3442 3568 ei

2376 3591 2618 3660 pudorem
2651 3594 2912 3649 incuteret.

1944 3700 2174 3755 Proinde
2192 3703 2471 3770 quemdam
2498 3719 2562 3757 ex
2582 3705 2928 3762 familiaribus
2969 3724 3125 3764 tnanu
3147 3713 3445 3782 apprehen-

1871 3805 1988 3846 sum
2047 3794 2126 3847 bis
2177 3794 2455 3864 aliquando
2505 3798 2680 3852 verbis
2740 3801 3100 3868 compellavit.
3149 3805 3440 3876 Quousque

1873 3887 2115 3951 tandem,
2143 3887 2271 3941 heus
2317 3899 2402 3953 tu,
2454 3889 2793 3956 cupiditatem
2837 3893 3209 3948 extendimus?
3241 3897 3443 3953 Deinde

1870 3991 1990 4031 cum
2020 3979 2166 4031 hasta
2196 3994 2353 4048 quam
2385 3994 2491 4048 pra:
2520 3982 2763 4036 manibus
2791 3983 3052 4052 habebat,
3080 3988 3293 4044 humani
3324 4006 3443 4046 cor-

1868 4070 2013 4136 poris
2035 4078 2289 4123 staturam
2319 4071 2463 4124 hunti
2510 4071 2830 4128 delineasset
2877 4092 2889 4126 :
2937 4076 3188 4145 Etiamsi,
3232 4082 3439 4151 inquit,

1867 4168 2086 4213 cunctas
2114 4160 2269 4230 hujus
2297 4162 2472 4216 szcculi
2515 4162 2725 4217 divitias
2748 4206 2762 4231 ,
2796 4175 3066 4237 totumque
3091 4171 3225 4226 adeo
3251 4174 3436 4230 orbem

1864 4259 2124 4304 terrarum
2157 4253 2247 4305 tibi
2277 4267 2675 4322 cotnparasses,
2706 4266 2879 4311 tamen
2912 4259 3076 4314 nihilo
3114 4262 3230 4330 plus
3275 4280 3434 4335 quam

1863 4339 1965 4395 hoc
1989 4356 2017 4393 a
2045 4356 2131 4396 me
2155 4342 2479 4412 descriptum
2512 4354 2665 4400 terrae
2690 4351 2916 4416 spatium
2960 4351 3229 4408 ablaturus
3264 4372 3323 4411 cs
3347 4399 3361 4424 ,
3390 4361 3436 4414 si

1861 4431 2022 4485 modo
2051 4434 2208 4486 etiam
2242 4433 2342 4488 hoc
2371 4434 2462 4490 tibi
2485 4451 2798 4492 concessum
2820 4440 2997 4497 fuerit.
3030 4444 3211 4516 Neque
3256 4457 3429 4505 tanton

1861 4521 2199 4576 beatissimus
2227 4525 2491 4592 princeps,
2524 4542 2643 4580 cum
2667 4529 2778 4583 haec
2804 4541 2860 4584 et
2886 4543 3064 4601 ageret
3106 4545 3160 4590 et
3197 4537 3428 4608 diceret,

1863 4625 2178 4679 quemquam
2202 4630 2228 4664 a
2259 4616 2476 4681 pristina
2504 4619 2759 4685 pravitate
2785 4625 3067 4677 revocavit.
3089 4625 3284 4682 Verum
3315 4630 3430 4700 ipso

1865 4717 2044 4756 rerum
2071 4713 2261 4758 eventu
2290 4707 2720 4765 manifestissime
2763 4716 3162 4784 comprobatum
3191 4733 3302 4786 est,
3332 4724 3431 4779 im-

1868 4795 2127 4861 peratoris
2150 4797 2348 4851 monita
2374 4797 2567 4854 divinis
2593 4806 2818 4860 oraculis
2842 4811 3017 4876 potius
3034 4852 3048 4880 ,
3075 4827 3233 4882 quam
3275 4816 3429 4873 nudis

1857 4888 2191 4946 sermonibus
2216 4891 2407 4947 similia
2430 4895 2687 4953 extitisse.

2411 5009 2633 5067 CAPUT
2676 5015 2862 5072 XXXI.

2074 5096 2226 5162 Quod
2260 5099 2319 5151 ob
2348 5102 2552 5156 nimiam
2581 5105 2889 5164 clementiam
2915 5113 3090 5170 irrisus
3120 5129 3210 5173 est.

1935 5202 2096 5303 l’orro
2123 5219 2241 5259 cum
2272 5210 2448 5264 nullus
2476 5224 2618 5268 esset
2661 5221 2884 5275 extremi
2924 5227 3165 5294 supplicii
3212 5244 3383 5289 metus
3405 5276 3422 5304 ,

1858 5293 1948 5362 qui
1980 5295 2146 5348 malos
2179 5297 2416 5353 homines
2445 5317 2472 5354 a
2505 5305 2796 5362 sceleribus
2831 5293 3159 5384 deterreret,
3189 5293 3423 5392 impera;

1859 5393 1979 5440 tore
2011 5403 2229 5455 prorsus
2261 5392 2308 5443 in
2341 5395 2676 5450 clementiam
2711 5416 2975 5468 propenso
2995 5449 3008 5471 ,
3042 5419 3096 5462 et
3122 5428 3184 5465 ex
3211 5419 3426 5482 provin-

1858 5478 2056 5531 ciarum
2108 5483 2405 5538 rectoribus
2460 5489 2670 5543 nemine
2729 5497 2950 5550 crimina
2997 5478 3308 5575 eoercetitc,
3359 5529 3426 5569 eo

1856 5567 2053 5622 factum
2085 5580 2166 5624 est
2189 5611 2202 5635 ,
2233 5584 2285 5624 ut
2320 5575 2524 5640 publica
2553 5579 2935 5637 administratio
2963 5605 3066 5644 non
3100 5567 3425 5661 mediocrem

1864 5659 2352 5728 reprehensionem
2402 5669 2656 5735 subierit;
2709 5684 2879 5728 utrum
2927 5682 3103 5750 jure,‘
3130 5703 3195 5741 an
3241 5659 3433 5762 injuria
