3876 6218
385 262 458 321 79
1678 246 1941 306 EUSEBII
1975 243 2286 303 PAMPIIILI
3551 234 3615 290 80

381 379 580 432 statuat
607 371 828 442 quisque
855 377 1009 439 prout
1035 363 1320 421 videbitur.
1356 361 1480 417 Mihi
1525 362 1734 416 interim
1780 363 1855 416 tas
1886 363 1954 415 sit
1982 365 2032 422 Α

385 478 564 520 rerum
592 461 864 516 veritatem
893 457 1103 526 scriptis
1125 453 1370 523 prodere.

932 562 1153 620 CAPUT
1192 562 1404 615 XXXII.

390 662 468 718 De
495 660 808 716 Constantini
856 659 1081 712 oratione
1102 697 1116 719 ,
1152 671 1302 723 quant
1347 654 1413 706 ad
1444 656 1745 707 Sanctorum
1775 663 1952 706 coetum

1063 746 1285 815 scripsit.

465 864 531 918 Et
581 863 867 930 imperator
918 858 1127 926 quidem
1180 857 1342 910 latino
1399 871 1649 910 sermone
1693 855 1957 909 orationes

393 951 763 1021 componebat.
811 949 912 1002 Eas
960 963 1085 1001 vero
1129 946 1181 999 itt
1231 960 1457 1014 graecam
1503 954 1681 1014 postea
1730 946 1956 1012 linguam

394 1041 774 1098 convertebant
819 1039 1135 1107 interpretes
1155 1077 1171 1101 ,
1200 1037 1390 1106 quibus
1421 1037 1470 1090 id
1503 1051 1695 1090 munus
1743 1047 1856 1090 erat
1885 1039 1962 1088 itt-

392 1134 652 1203 junctum.
684 1131 762 1184 Ex
797 1131 877 1182 his
904 1129 1231 1183 orationibus
1275 1142 1451 1196 graeco
1500 1141 1744 1180 sermone
1789 1136 1960 1178 trans—

395 1225 547 1288 latis,
594 1221 821 1289 exempli
866 1221 1030 1289 gratia
1079 1233 1234 1271 unam
1285 1217 1407 1272 huic
1452 1218 1598 1285 operi
1647 1216 1921 1283 subjiciam
1949 1253 1962 1277 ,

398 1328 555 1382 quam
583 1312 672 1366 ille
702 1311 767 1365 ad
798 1319 1100 1364 sanctorum
1141 1316 1336 1362 coetum
1381 1307 1682 1377 inscripsit,
1717 1305 1967 1360 Ecclesiae

401 1400 497 1456 Dei
539 1399 956 1453 lucubrationem
1003 1398 1143 1450 illam
1195 1410 1505 1464 nuncupatis
1553 1409 1667 1448 :ne
1699 1397 1781 1447 cui
1832 1394 1967 1447 forte

404 1500 647 1546 nostrum
700 1503 857 1557 super
900 1488 980 1542 Itis
1025 1488 1184 1543 rebus
1233 1486 1589 1541 testimonium
1632 1500 1767 1538 vana
1812 1492 1970 1553 atque

406 1580 581 1634 inanis
613 1579 786 1633 fabula
815 1593 935 1633 esse
964 1577 1225 1632 videatur.

932 1688 1155 1744 CAPUT
1197 1686 1429 1742 XXXIII.

410 1783 673 1850 Quomodo
709 1781 914 1836 Eusebii
949 1782 1010 1834 de
1046 1781 1332 1834 Servatoris
1373 1785 1603 1851 sepulcro
1644 1783 1972 1852 panegyricos

825 1875 1076 1926 orationes
1113 1884 1249 1925 stans
1278 1873 1515 1925 audierit.

479 1989 612 2044 Illud
645 2003 772 2043 vero
803 1985 940 2056 quod
974 1986 1124 2039 nobis
1159 1985 1510 2056 praesentibus
1537 1986 1700 2054 gessit
1731 1986 1973 2054 princeps

410 2083 672 2138 mirabilis
693 2123 708 2148 ,
750 2093 1077 2148 nequaquam
1110 2078 1232 2130 mihi
1261 2077 1468 2130 videtur
1503 2078 1714 2130 silentio
1760 2086 1977 2145 przeter-

408 2173 662 2228 eundum.
705 2169 833 2223 Nam
879 2184 996 2222 cmn
1044 2168 1294 2238 singulari
1326 2167 1439 2233 ejus
1487 2167 1535 2218 in
1586 2167 1746 2218 Deum
1779 2168 1976 2233 pietate

413 2261 635 2326 conﬁsi,
664 2272 1000 2329 rogassemns
1029 2256 1307 2324 aliquando
1341 2265 1396 2307 ut
1424 2270 1519 2308 nos
1565 2256 1632 2308 de
1678 2255 1976 2308 Servatoris

413 2351 582 2404 nostri
621 2349 864 2416 sepulcro
893 2345 1131 2398 dicentes
1175 2343 1355 2396 audire
1399 2343 1583 2406 vellet,
1633 2342 1978 2396 libentissime

415 2455 573 2494 aures
617 2438 767 2491 nobis
793 2435 1164 2490 commodavit.
1211 2432 1446 2500 Cumque
1495 2432 1719 2486 maxima
1753 2433 1976 2486 audien-

413 2529 546 2582 tium
593 2524 871 2580 multitudo
920 2526 1059 2576 intus
1104 2524 1154 2575 iu
1205 2523 1313 2589 ipsa
1371 2523 1513 2590 regia
1571 2521 1975 2586 cireumstaret,

415 2627 566 2672 stans
595 2617 708 2685 ipse
736 2631 836 2670 una
858 2630 976 2668 cum
1004 2613 1208 2666 czeteris
1236 2614 1528 2666 orationem
1548 2615 1762 2665 audivit.
1795 2612 1980 2664 Nobis-

420 2724 523 2778 que
571 2709 638 2762 ab
680 2722 744 2762 eo
792 2706 1208 2776 postulantibus,
1257 2712 1312 2756 ιιι
1359 2704 1407 2756 in
1457 2704 1618 2773 regali
1664 2705 1796 2757 solio
1839 2703 1978 2770 quod

424 2796 572 2867 juxta
604 2798 827 2866 positum
860 2804 972 2850 erat
997 2795 1183 2848 sedere
1231 2794 1424 2856 vellet,
1459 2809 1742 2860 numquam
1787 2793 1974 2846 adduci

427 2889 602 2958 potuit
626 2897 681 2940 ut
705 2887 913 2941 sederet
940 2903 952 2936 ς
980 2885 1071 2938 sed
1098 2885 1300 2937 intento
1326 2884 1501 2935 animo
1528 2899 1643 2950 qua:
1673 2883 1981 2936 dicebantur

421 2979 759 3048 expendens,
795 2977 1207 3044 theologicornm
1234 2975 1536 3042 dngntatum
1584 2975 1857 3027 veritatem
1887 2990 1981 3027 suo

421 3069 727 3124 testimonio
752 3067 1150 3136 comprohahat.
1178 3066 1308 3118 Cum
1339 3081 1463 3118 vero
1487 3066 1707 3117 multum
1730 3066 1836 3131 jam
1864 3073 1984 3118 tem-
2013 3061 2057 3122 C
2089 3048 2313 3113 all‘I'ICXl
2355 3056 2494 3098 δυιιι-

421 3160 568 3227 poris
612 3161 1164 3226 consumpsissemus,
1208 3164 1261 3207 et
1307 3155 1562 3223 prolixior
1605 3164 1743 3208 esset
1775 3156 1982 3218 oratio,

425 3265 522 3303 nos
554 3249 761 3317 quidem
791 3250 949 3300 linem
977 3246 1186 3298 dicendi
1217 3244 1389 3298 facere
1422 3245 1744 3298 volebamus.
1783 3248 1848 3296 -\t
1873 3244 1988 3311 ipse

427 3340 741 3392 hortabatur
767 3350 861 3390 nos
879 3377 892 3399 ,
925 3343 982 3388 ut
1011 3349 1345 3402 pergeremus
1368 3335 1534 3386 donec
1562 3335 1623 3385 ad
1655 3344 1846 3386 metam
1872 3349 1989 3401 per-

427 3429 581 3481 ducta
613 3435 754 3480 esset
782 3424 970 3478 oratio.
1017 3422 1175 3475 Nobis
1222 3437 1406 3474 rursus
1453 3432 1509 3474 ttt
1554 3424 1762 3476 sederet
1792 3423 1990 3489 suppli-

433 3518 706 3580 cantibus,
743 3516 854 3583 ipse
884 3513 1160 3566 obluctans
1187 3512 1408 3579 benigne
1447 3511 1793 3578 persuadebat
1825 3528 1837 3561 :
1871 3526 1988 3563 cum

430 3623 574 3662 nunc
603 3606 814 3674 quidem
843 3603 1044 3656 diceret
1074 3602 1217 3653 nefas
1245 3615 1362 3653 esse
1387 3640 1401 3664 ,
1444 3601 1530 3651 ubi
1578 3601 1643 3652 tle
1689 3601 1796 3652 Deo
1840 3599 1990 3652 insli-

433 3705 543 3748 tuta
573 3695 641 3746 sit
669 3693 961 3760 disputatio
981 3731 994 3754 ,
1027 3690 1246 3742 remisse
1289 3705 1350 3741 ac
1395 3689 1624 3741 molliter
1651 3690 1944 3742 ausettltare
1977 3705 1988 3738 :

433 3800 574 3841 nunc
599 3799 725 3837 vero
753 3783 802 3835 id
835 3781 935 3834 sibi
963 3779 1087 3832 utile
1111 3789 1164 3832 et
1188 3779 1520 3831 commodum
1543 3793 1660 3832 esse
1685 3780 1990 3831 affirmaret.

433 3873 585 3926 Pium
616 3872 756 3926 enim
803 3883 865 3922 ac
909 3868 1212 3935 religiosum
1244 3875 1321 3919 est
1349 3906 1362 3929 ,
1410 3867 1614 3934 inquit,
1644 3876 1699 3917 ut
1726 3867 1793 3918 de
1837 3865 1994 3919 rebus

435 3963 628 4019 divinis
657 3969 858 4014 stantes
883 3957 1114 4011 audiant.
1145 3955 1234 4008 His
1259 3957 1515 4023 peractis,
1547 3970 1643 4008 nos
1669 3955 1878 4021 quidem
1903 3956 1996 4008 do-

435 4070 582 4112 mum
611 4053 810 4108 reversi
830 4051 1097 4105 consuetis
1123 4064 1219 4102 nos
1245 4047 1431 4102 studiis
1458 4057 1510 4102 ct
1531 4049 1996 4105 exercitationibus

432 4145 726 4201 reddimus.

958 4228 1178 4284 CAPUT
1218 4225 1451 4281 XXXIV.

441 4326 592 4396 Quod
621 4325 682 4378 de
711 4322 910 4377 Pascha
953 4330 997 4374 et
1042 4321 1101 4371 de
1142 4319 1294 4371 sacris
1323 4318 1575 4371 codicibus
1620 4322 1685 4371 ad
1729 4319 1997 4373 Eusebium

1101 4409 1319 4476 scripsit.

513 4528 581 4582 At
608 4526 694 4580 ille
725 4521 973 4578 Ecclesiis
1006 4520 1094 4574 Dei
1122 4517 1338 4587 provida
1369 4534 1578 4586 semper
1603 4530 1778 4574 mente
1809 4536 1997 4573 consu-

439 4618 594 4682 lens,
623 4617 689 4670 dc
735 4611 1075 4667 conﬁciendis
1119 4610 1279 4662 sacris
1324 4609 1623 4673 codicibus,
1657 4619 1708 4665 et
1753 4612 1817 4664 de
1867 4615 1998 4665 festo

439 4704 675 4774 paschali
703 4701 765 4755 ad
797 4715 893 4754 nos
922 4699 1195 4766 epistolam
1225 4697 1451 4763 scripsit.
1485 4697 1612 4750 Nam
1646 4713 1762 4751 cum
1812 4715 1907 4751 nos
1937 4700 1998 4752 li-

443 4794 599 4847 ltrum
625 4789 901 4861 quemdam
931 4803 1034 4856 quo
1077 4800 1267 4838 arcana
1297 4785 1436 4838 illius
1464 4786 1579 4838 [θειί
1613 4788 1745 4839 ratio
1768 4798 1879 4840 erat
1910 4804 1998 4841 ex-

441 4883 647 4952 posita,
675 4882 722 4935 ei
770 4890 1241 4944 nuucupassemus,
1273 4877 1536 4943 quomodo
1571 4891 1666 4929 nos
1697 4878 1995 4945 responsio-

444 4974 530 5028 nis
577 4986 686 5024 snre
727 4969 926 5022 honore
973 4967 1198 5019 vicissim
1247 4975 1612 5018 remuneratus
1657 4968 1753 5030 sit,
1806 4983 1871 5021 ex
1919 4968 1999 5020 his

445 5062 561 5133 ejus
590 5061 780 5115 litteris
806 5057 1030 5128 perspici
1063 5064 1255 5124 potest.

986 5163 1205 5219 CAPUT
1244 5162 1455 5216 XXXV.

518 5261 762 5331 Epistolas
805 5259 920 5310 dua:
965 5256 1272 5308 Constantini
1327 5254 1394 5305 ad
1436 5254 1737 5320 Eusebium,
1791 5257 1930 5323 prior
1952 5258 2003 5308 itt

447 5356 723 5412 orationem
751 5348 950 5402 Eusebii
971 5347 1032 5399 de
1061 5345 1277 5408 Pascha,
1304 5344 1461 5396 altera
1489 5346 1550 5397 de
1577 5347 1898 5405 conﬁciendis
1925 5363 2005 5399 sa-

444 5445 545 5499 cris
569 5438 841 5496 codicibus.

476 5541 627 5654 iillas
645 5535 873 5645 epistolas
894 5547 1000 5596 quae
1023 5533 1114 5581 hoc
1143 5541 1195 5583 et
1217 5535 1441 5594 sequenti
1476 5535 1630 5595 capite
1675 5535 2004 5595 continentur,

533 5615 630 5653 ests
651 5613 700 5649 tn
723 5611 744 5645 r
781 5633 790 5643 .

445 5611 630 5656 Vldests
651 5611 790 5649 Intra.

2573 353 2796 410 CAPUT
2838 352 3093 408 XXXVII.

2355 449 2618 513 Quomodo
2647 447 2858 514 confecti
2902 445 3083 513 fuerint
3114 443 3326 496 cortices.

2135 563 2195 614 Et
2229 561 2339 613 hate
2367 558 2584 628 quidem
2616 559 2901 625 imperator
2929 555 3193 624 prmcepit.
3222 554 3480 606 Caeterum
3512 551 3617 617 ejus

2054 653 2189 706 dicta
2218 652 2466 704 continuo
2494 665 2625 717 opus
2654 649 2821 716 ipsum
2850 648 3090 714 excepit,
3124 661 3242 698 cum
3268 659 3363 696 nos
3390 643 3438 695 in
3470 642 3615 694 volu-

2057 743 2286 796 minibus
2332 740 2608 810 magniﬁce
2639 738 2907 791 exornatis
2940 737 3207 790 terniones
3235 742 3287 787 et
3313 731 3613 802 quaternio-

2060 847 2154 885 nes
2177 833 2239 885 ad
2284 847 2401 884 eum
2431 831 2778 882 ntisissemus.
2806 827 2952 894 Quod
2988 827 3156 894 ipsum
3189 827 3349 879 altera
3400 825 3617 890 impera-

2060 925 2189 979 toris
2234 923 2505 992 reSponsio
2551 922 2862 981 teStabitur;
2923 921 2972 971 itt
3037 932 3173 987 qua,
3235 932 3353 968 eum
3405 914 3536 966 forte
3579 913 3621 965 ei

2063 1017 2356 1070 mtutiatum
2388 1015 2574 1066 fuisset
2600 1012 2782 1065 urbem
2813 1010 2948 1078 apud
2973 1023 3067 1060 nos
3093 1007 3454 1060 Constantiam
3477 1045 3490 1067 ,
3515 1017 3625 1069 qua:

2063 1115 2218 1159 antea
2267 1105 2667 1158 simulacrorum
2719 1100 2880 1153 cultui
2929 1099 3135 1151 addicta
3182 1095 3382 1159 fuerat,
3431 1094 3623 1159 impetu

2065 1195 2290 1264 quodam
2317 1200 2669 1246 sacrosanctae
2698 1187 2967 1258 religionis
2999 1186 3276 1256 impulsam
3300 1225 3314 1248 ,
3345 1184 3621 1252 pristinum

2067 1284 2457 1353 superstitionis
2486 1298 2724 1338 errorem
2754 1281 3018 1349 abjecisse
3046 1318 3060 1341 ,
3092 1276 3328 1347 gaudere
3357 1289 3414 1329 se
3443 1284 3496 1328 et
3526 1273 3627 1327 fac-

2072 1385 2178 1429 tunt
2213 1389 2531 1444 magnopere
2557 1373 2781 1442 probare
2810 1367 3146 1440 signiﬁcavit.

2570 1482 2791 1539 CAPUT
2833 1479 3120 1536 XXXVIII.

2076 1578 2334 1643 Quomodo
2377 1577 2673 1645 Emporium
2719 1573 3042 1632 Cazwornnt,
3092 1571 3151 1623 ob
3198 1570 3635 1624 Christianismum

2267 1669 2383 1721 urbs
2410 1667 2541 1734 facta
2571 1675 2640 1718 est
2667 1675 2711 1717 et
2737 1663 3028 1718 Constantia
3060 1663 3432 1731 cognominata.

2145 1788 2375 1841 .lamtum
2418 1784 2676 1853 siquidem
2723 1782 2774 1835 iu
2821 1780 3100 1834 Palaestina
3145 1778 3268 1832 urbs
3332 1775 3638 1830 Constantia

2073 1881 2352 1934 salutarem
2401 1877 2707 1948 religionem
2752 1872 3012 1938 amplexa,
3051 1880 3158 1921 tum
3199 1882 3224 1920 a
3273 1868 3403 1931 Deo,
3438 1877 3546 1920 tum
3576 1865 3640 1918 ab

2075 1971 2393 2035 imperatore
2422 1965 2612 2017 summi
2642 1962 2859 2015 honoris
2891 1964 3234 2028 prtcrogativa
3267 1959 3637 2010 decorabatur.

2076 2059 2203 2112 Nam
2252 2066 2304 2108 et
2349 2055 2577 2108 civitatis
2622 2067 2812 2105 nomen
2853 2051 3082 2115 accepit,
3133 2062 3250 2100 cum
3299 2057 3453 2099 antea
3500 2048 3642 2099 vicus

2076 2159 2255 2209 esset;
2288 2157 2337 2199 et
2370 2146 2646 2213 pristinum
2681 2158 2872 2194 nomen
2923 2155 3038 2193 cum
3074 2139 3443 2205 praestantiore
3491 2150 3643 2188 voca-

2079 2237 2229 2297 bulo,
2262 2234 2671 2302 religiosissimzn
2699 2230 2944 2283 videlicet
2968 2229 3165 2281 sororis
3195 2227 3476 2294 Principis,
3502 2241 3644 2280 com-

2080 2335 2316 2381 ιιιιιῑῑινιῐ.

2604 2391 2824 2445 CAPUT
2879 2388 3118 2443 XXXIX.

2083 2487 2230 2552 Quod
2260 2487 2310 2537 in
2345 2484 2575 2537 thnire
2601 2482 2713 2534 urbs
2743 2481 2877 2548 facta
2907 2489 2977 2532 est
3003 2477 3354 2538 Constantina,
3383 2487 3426 2529 et
3450 2476 3502 2528 in
3531 2475 3646 2528 aliis

2277 2578 2478 2629 urbibus
2509 2576 2644 2628 idola
2671 2575 2834 2625 diruta
2863 2582 2905 2624 et
2935 2570 3178 2623 Ecclesiw
3197 2578 3468 2622 exstructa.

2151 2690 2291 2742 Idem
2324 2703 2531 2756 quoque
2581 2685 2818 2754 pluribus
2868 2685 2918 2736 in
2967 2682 3098 2737 locis
3143 2681 3454 2734 factitatum.
3492 2679 3647 2733 Verbi

2082 2782 2245 2848 gratia
2282 2782 2332 2831 in
2362 2778 2490 2831 urbe
2534 2777 2759 2846 quadam
2808 2775 3083 2829 Phoenices
3108 2814 3122 2836 ,
3165 2788 3281 2841 qute
3312 2771 3649 2839 imperatoris

2084 2873 2295 2923 nomine
2323 2869 2620 2935 appellatur
2654 2884 2666 2918 :
2698 2867 2847 2931 cujus
2879 2865 3065 2917 incola:
3106 2862 3362 2930 conjectis
3391 2862 3442 2914 in
3477 2863 3649 2930 ignem

2084 2960 2553 3012 innumerabilibus
2600 2955 2896 3009 simulacris
2930 2996 2942 3016 ,
2998 2953 3281 3007 salutarem
3336 2951 3650 3017 religionem

2553 3045 2652 3098 Sed
2707 3057 2758 3098 et
2801 3045 2852 3095 itt
2896 3042 3110 3109 reliquis
3142 3040 3461 3108 provinciis,
3497 3039 3653 3092 inmt-

2090 3139 2217 3190 meri
2263 3136 2539 3189 confertim
2573 3135 2635 3187 ad
2667 3135 2952 3187 salutarem
2999 3132 3090 3185 Dei
3135 3130 3494 3198 cognitionem
3538 3143 3655 3180 sese

2087 3229 2468 3282 transferentes
2489 3268 2503 3290 ,
2535 3242 2628 3294 per
2656 3227 2812 3279 urbes
2836 3235 2890 3278 et
2913 3239 3068 3292 agros
3099 3224 3239 3274 varia
3269 3221 3554 3274 simulacra
3586 3235 3650 3273 ex

2088 3320 2261 3369 omnis
2313 3317 2524 3385 generis
2573 3314 2791 3367 materia
2845 3311 3126 3367 fabrefacta
3161 3352 3174 3372 ,
3220 3325 3336 3376 qua:
3387 3309 3533 3376 prius
3565 3323 3658 3376 pro

2089 3407 2251 3461 sacris
2284 3407 2597 3465 habuerant.
2632 3404 2975 3459 ahaleverunt
3006 3421 3017 3454 :
3047 3403 3234 3468 templa
3265 3416 3448 3454 eorum
3480 3418 3544 3454 ac
3567 3403 3658 3455 dc—

2089 3497 2235 3549 lubra
2275 3496 2324 3546 itt
2356 3497 2666 3547 immensam
2713 3494 3040 3546 altitudinem
3095 3493 3330 3553 sublata,
3383 3492 3529 3544 nullo
3571 3492 3657 3559 ju-

2091 3588 2247 3640 bente
2293 3587 2690 3638 tlestruxerunt.
2742 3584 3010 3636 Ecclesias
3057 3597 3181 3634 vero
3227 3597 3254 3632 a
3301 3581 3662 3634 fundamentis

2092 3676 2446 3737 :cdilicantes,
2498 3673 2770 3739 pristinam
2826 3687 2973 3724 suam
3005 3671 3317 3723 sententiam
3350 3678 3440 3722 aut
3486 3672 3662 3736 potius

2093 3778 2328 3816 errorem
2362 3771 2715 3816 mutaverunt.
2755 3760 2946 3813 Verum
2980 3761 3087 3812 Ileo
3109 3759 3346 3812 amabilis
3374 3761 3664 3826 imperato—

2093 3855 2168 3907 ris
2213 3871 2299 3907 res
2344 3863 2519 3922 gestas
2561 3853 2862 3920 singillatim
2910 3866 3326 3905 commemorare
3353 3891 3365 3912 ,
3413 3866 3519 3904 non
3555 3862 3661 3904 tant

2095 3955 2329 4000 nostrum
2360 3955 2468 4008 est,
2501 3960 2656 4012 quam
2682 3945 2890 3996 illorum
2934 3944 3021 4012 qui
3052 3943 3264 3996 assidue
3289 3957 3408 3995 cum
3439 3956 3506 3996 eo
3539 3958 3662 4015 ver-

2096 4037 2197 4088 sari
2235 4043 2560 4089 meruerunt.
2587 4033 2693 4087 Nos
2719 4048 2842 4086 vero
2864 4033 3074 4100 quando
3100 4047 3159 4084 ea
3183 4047 3299 4098 qua:
3325 4030 3390 4084 ad
3422 4041 3663 4086 nostram

2098 4126 2334 4177 notitiam
2366 4133 2734 4192 pervenerant,
2767 4124 2816 4174 in
2846 4121 2944 4174 hoc
2970 4137 3130 4189 opere
3157 4121 3387 4174 breviter
3412 4122 3666 4188 exposui-

2098 4232 2246 4278 mus,
2270 4216 2333 4268 ad
2355 4223 2650 4268 extremum
2673 4213 2788 4283 ejus
2811 4213 2927 4266 vita:
2953 4224 3156 4282 tempus
3190 4213 3664 4281 transgrediemur.

2683 4324 2906 4378 CAPUT
2959 4323 3067 4377 XL.

2022 4403 2076 4462 Ῑ)
2104 4419 2250 4484 Quod
2281 4435 2392 4470 cum
2423 4417 2566 4468 trinis
2592 4415 2943 4467 decrnnulibas
2974 4425 3071 4468 tres
3101 4416 3230 4482 filios
3260 4415 3484 4468 Cresia-es
3512 4433 3659 4468 crea-

2174 4509 2348 4569 visset,
2383 4507 2746 4559 dedicationem
2777 4503 2828 4554 Μ
2837 4505 3016 4572 artyrii
3043 4502 3406 4573 Hierosolymis
3433 4504 3670 4556 celebra—

2168 4601 2254 4651 vit.

2174 4695 2352 4743 Annus
2393 4690 2501 4758 jam
2535 4689 2739 4758 imperii
2772 4688 2909 4740 illius
2961 4686 3257 4740 tricesimus
3287 4685 3661 4755 peragebatur.

2101 4781 2232 4832 Tres
2261 4789 2433 4832 autem
2464 4779 2580 4846 ejus
2612 4778 2702 4829 lilii
2732 4778 2890 4828 variis
2922 4777 3242 4843 temporibus
3261 4786 3541 4828 consortes
3567 4775 3670 4828 int-

2099 4869 2228 4938 perii
2270 4869 2473 4921 fuerant
2520 4867 2822 4920 renuntiati.
2855 4866 3060 4918 Primus
3106 4867 3190 4932 qui
3239 4866 3370 4932 patri
3416 4873 3531 4918 erat
3571 4879 3671 4918 co-

2099 4961 2390 5029 gnominis,
2448 4958 2654 5010 decium
2710 4957 2917 5009 circiter
2967 4957 3171 5024 paterni
3230 4955 3437 5021 imperii
3487 4969 3668 5019 anno,

2102 5052 2240 5102 hunc
2263 5050 2514 5102 honorem
2549 5049 2786 5101 sortitus.
2812 5046 3084 5101 Secundus
3125 5047 3205 5098 avi
3245 5049 3324 5099 sui
3357 5061 3550 5100 nomen
3585 5061 3675 5101 re-

2110 5139 2314 5200 fert-ns,
2366 5139 2503 5191 circa
2549 5137 2782 5204 parentis
2823 5137 2901 5188 sui
2934 5136 3223 5189 vicenualia
3253 5136 3430 5189 Caesar
3469 5146 3552 5189 est
3576 5136 3676 5191 de-

2109 5230 2355 5281 claratus.
2387 5228 2596 5280 Tertius
2634 5225 2926 5289 Constans,
2960 5227 3048 5295 qui
3081 5229 3412 5295 praesentiam
3459 5237 3514 5281 et
3556 5238 3676 5282 sta-

2109 5317 2364 5370 bilitatem
2415 5330 2510 5367 suo
2560 5317 2771 5367 nomine
2819 5315 3099 5382 designat,
3147 5317 3414 5370 tricesimo
3455 5317 3677 5374 circiter

2111 5408 2312 5472 paterni
2346 5408 2667 5473 principatus
2697 5421 2836 5456 anno
2864 5407 2926 5457 ad
2978 5407 3078 5460 hoc
3106 5407 3371 5474 fastigium
3404 5418 3483 5461 est
3511 5424 3676 5463 evec—

2113 5506 2211 5548 lus.
2247 5497 2318 5548 lta
2350 5513 2466 5550 cum
2513 5497 2574 5548 ad
2621 5495 2898 5564 quamdam
2948 5497 3220 5550 Trinitatis
3268 5499 3675 5557 similitudinem

2115 5595 2221 5638 tres
2254 5587 2385 5639 ﬁlios
2417 5586 2522 5639 Deo
2551 5584 2802 5637 amabiles
2831 5586 3129 5640 sustulisset
3155 5628 3168 5651 ,
3199 5586 3521 5657 eosdemque
3565 5591 3676 5646 sin-
