3876 6218
225 304 280 358 8|
1278 311 1362 364 DF.
1394 310 1458 367 VI
1481 311 1570 367 TA
1607 311 2049 372 CONSTANTINI
2090 317 2288 375 LIBER
2324 321 2411 377 IV.
3377 335 3448 390 82

227 417 352 483 gulis
374 415 663 472 decenniis
712 421 775 472 ad
827 421 1145 474 consortium
1194 423 1398 490 imperii
1442 435 1775 493 cooptasset,
1807 429 1860 486 Α
1885 432 2203 486 enituerunt.
2238 435 2432 490 Adhzec
2463 438 2612 508 Syria
2641 444 2841 508 omnis,
2870 445 3267 513 Mesopotamia,
3290 448 3450 503 Phte-

229 515 419 573 tempus
465 509 731 576 deinceps
779 514 1137 566 tricennalium
1184 530 1399 569 suorum
1449 519 1787 584 Opportunis-

228 595 403 648 simum
449 612 575 650 esse
608 600 966 665 existimavit,
997 618 1100 668 quo
1143 617 1350 657 summo
1377 608 1613 659 omnium
1655 607 1784 677 Regi

228 688 409 753 gratias
454 701 665 756 ageret.
708 691 772 742 Et
805 693 914 757 ipse
959 693 1165 758 quidem
1213 697 1471 762 optimum
1503 696 1638 750 factu
1667 713 1785 751 esse

226 775 506 843 judicabat,
543 781 591 831 si
624 780 746 845 ejus
778 785 1014 851 martyrii
1058 784 1196 851 quod
1244 787 1491 853 singulari
1526 788 1699 840 studio
1724 803 1786 843 ac

232 868 604 934 magniﬁcentia
652 871 1032 941 Hierosolymis
1059 887 1427 929 conSIruxerat
1449 917 1462 940 ,
1491 879 1781 932 dedicatio-

233 971 339 1011 nem
380 960 700 1015 celebraret.

807 1074 1028 1132 CAPUT
1069 1079 1196 1134 XLI.

233 1162 364 1228 Quod
409 1167 536 1219 inter
585 1169 693 1220 Itazc
740 1169 987 1237 synodum
1042 1171 1160 1239 Tyri
1207 1173 1376 1224 haberi
1423 1174 1673 1226 constituit
1723 1174 1782 1225 ob

490 1260 739 1325 quasdam
768 1261 819 1312 in
849 1259 1078 1330 {Egypto
1105 1265 1484 1316 controversias.

294 1366 474 1421 Verum
511 1369 720 1422 invidus
740 1369 945 1424 diemon
970 1371 1229 1425 bonorum
1253 1372 1486 1426 omnium
1513 1372 1778 1436 inimicus,

227 1456 378 1509 instar
420 1459 755 1512 densissima:
815 1461 1086 1527 cujusdam
1138 1463 1290 1514 nubis
1339 1462 1782 1529 splendidissimis

227 1546 341 1598 solis
416 1547 578 1600 radiis
639 1563 758 1600 sese
812 1551 1176 1616 opperientis,
1241 1550 1394 1616 hujus
1459 1551 1781 1603 celebritatis

227 1637 438 1690 nitorem
479 1639 696 1690 turbare
736 1650 956 1691 conatus
1001 1650 1114 1704 est;
1161 1641 1513 1694 Ecclesiarutn
1567 1639 1780 1708 [Egypti

225 1734 403 1778 statum
485 1729 913 1780 contentionilnts
987 1730 1095 1781 suis
1172 1729 1360 1782 iterum
1446 1731 1773 1782 concutiens.

1890 523 2005 576 uice
2026 566 2038 586 ,
2069 524 2261 578 Arabia
2293 538 2347 580 et
2380 528 2651 584 Palaestina
2701 535 2845 600 ipsa;
2880 534 3132 606 Egyptus
3161 553 3370 607 quoque
3393 547 3450 593 et

1890 612 2047 682 Libya
2072 655 2084 676 ,
2117 626 2168 668 et
2199 618 2284 685 qui
2315 618 2635 674 Thebaidem
2669 622 2940 687 incolunt,
2971 642 3155 680 omnes
3201 630 3252 682 in
3285 645 3449 683 tinum

1885 707 2184 773 congregati
2229 723 2474 776 maguum
2522 711 2665 764 illum
2723 715 2814 768 Dci
2860 715 3081 769 chorum
3135 719 3445 786 implebant.

1886 794 2026 860 Quos
2056 812 2118 848 ex
2145 798 2386 851 omnibus
2416 801 2696 866 provinciis
2728 805 3127 858 innumerabilis
3172 806 3446 860 hominum

1886 889 2163 940 multitudo
2193 893 2527 957 sequebatur.
2562 895 2755 946 Aderat
2785 911 2944 962 porro
2974 899 3053 949 his
3081 901 3328 952 omnibus
3357 915 3448 953 re-

1884 977 2015 1043 galis
2037 978 2308 1044 cujusdam
2336 981 2678 1048 apparitionis
2695 984 3036 1054 obsequium;
3060 998 3113 1040 et
3145 1003 3210 1042 ex
3240 989 3450 1056 imperii

1885 1067 2079 1134 palatio
2124 1070 2265 1120 missi
2298 1070 2507 1136 quidam
2557 1084 2804 1140 spectata:
2852 1076 3127 1142 probitatis
3177 1079 3294 1144 viri,
3361 1081 3450 1148 qui

1883 1158 2176 1222 sumptibus
2205 1159 2271 1212 ab
2299 1160 2617 1229 imperatore
2661 1165 3075 1222 subministratis
3107 1169 3448 1224 festivitatem

1882 1245 2224 1301 illustrarent.

2443 1339 2663 1398 CAPUT
2710 1346 2889 1401 XLIV.

1885 1422 2145 1488 Quomodo
2177 1444 2263 1494 per
2292 1429 2580 1484 Marianum
2607 1437 2856 1488 notarium
2887 1442 3076 1507 excepti
3107 1443 3206 1493 sint
3227 1482 3240 1506 ,
3270 1452 3313 1495 et
3358 1460 3450 1512 pe-

1918 1515 2078 1566 cunia:
2105 1517 2406 1584 pauperibus
2434 1532 2646 1590 erogata:
2675 1542 2686 1574 :
2719 1536 2765 1577 et
2805 1527 2866 1578 de
2898 1528 3122 1583 donariis
3152 1531 3408 1587 Ecclesite.

1953 1625 2042 1678 llis
2092 1638 2263 1679 autem
2311 1632 2552 1683 omnibus
2586 1647 2805 1700 precerat
2852 1637 2928 1688 vir
2957 1638 3263 1706 imperatori
3307 1655 3449 1694 com-

1886 1717 2070 1783 primis
2100 1719 2276 1782 utilis;
2312 1719 2430 1784 tide,
2465 1723 2718 1789 religione
2758 1736 2809 1777 ct
2849 1741 3118 1781 sacrarunt
3151 1731 3449 1786 litterarum

227 1816 456 1868 sedem",
525 1817 630 1867 De”
699 1832 854 1868 carus
917 1819 1202 1883 imperator
1263 1818 1537 1870 οηιιρριωη
1598 1833 1781 1870 rursus
1810 1799 1855 1856 B
1886 1806 2064 1873 peritia
2111 1810 2448 1876 eonSpicutts.
2483 1812 2733 1876 Quicum
2785 1819 3073 1884 tyrannieis
3120 1822 3450 1887 tetnporiias

227 1905 558 1970 plurimorum
624 1906 916 1957 antistitum
985 1907 1281 1974 synodum,
1341 1908 1484 1958 velut
1548 1907 1780 1958 divinum

227 2001 491 2064 quemdam
556 2000 846 2052 exercitum
905 2003 955 2052 in
1020 2001 1254 2066 przelium
1297 1999 1567 2060 cducens,
1620 2000 1784 2052 male-

229 2089 336 2142 volo
361 2090 586 2142 tltemOni
618 2091 810 2158 objecit
860 2110 869 2140 ;
922 2091 1184 2158 episc0pis
1211 2107 1272 2142 ex
1308 2091 1550 2143 universa
1586 2089 1781 2159 [Egyp—

232 2187 310 2240 to,
369 2191 420 2232 et
489 2180 682 2247 Libya,
740 2180 861 2232 Asia
935 2181 1056 2233 item
1113 2191 1166 2232 et
1231 2181 1440 2248 Ettropa
1493 2181 1782 2233 convenire

226 2267 417 2336 jussis;
477 2271 701 2337 primum
767 2272 975 2336 quidem
1033 2271 1094 2320 ad
1150 2271 1496 2323 dirimendum
1565 2281 1781 2323 contro-

233 2361 480 2424 versiam,
536 2361 727 2413 exinde
783 2375 908 2414 vero
961 2363 1025 2413 ad
1077 2363 1360 2428 supradicti
1409 2363 1646 2432 martyrii
1687 2365 1781 2415 de-

233 2450 554 2505 dicationem.
585 2452 814 2506 Proinde
841 2454 1104 2506 mandavit
1131 2456 1193 2506 iis
1222 2464 1275 2506 nt
1300 2455 1471 2507 obiter
1495 2456 1544 2506 in
1572 2455 1783 2508 civitate

232 2554 338 2606 qua:
365 2542 522 2593 totius
553 2541 831 2595 Plitenices
859 2552 1017 2610 caput
1043 2553 1141 2605 est,
1175 2544 1564 2596 controversias
1589 2543 1781 2595 dissol-

235 2640 426 2682 verent.
457 2629 637 2698 Neque
667 2634 807 2684 enim
842 2633 916 2685 fas
960 2647 1108 2696 esse,
1143 2643 1198 2686 ut
1225 2647 1340 2686 cum
1372 2645 1548 2686 mutua
1581 2635 1784 2686 animo-

233 2734 338 2772 rum
366 2721 693 2775 dissensione
714 2723 777 2775 ad
803 2723 1036 2776 divinum
1063 2725 1258 2776 cultum
1282 2725 1598 2778 accederent
1629 2743 1639 2776 :
1665 2740 1781 2777 cunt

235 2811 395 2863 divina
425 2813 502 2866 lex
531 2825 691 2876 vetet,
722 2829 787 2866 ne
813 2815 1190 2869 dissentientes
1212 2857 1224 2878 ,
1257 2829 1537 2882 antequam
1571 2831 1782 2881 compo-

231 2901 340 2952 sitis
388 2903 518 2955 inter
563 2919 622 2956 se
669 2906 1051 2958 controversiis
1083 2921 1261 2971 pacein
1316 2914 1469 2972 atque
1501 2905 1781 2958 amicitiam

239 2993 550 3058 pepigerint,
599 2993 736 3044 dona
788 3010 879 3045 sua
930 2995 1154 3047 offerant
1201 2996 1324 3047 Deo.
1372 2995 1494 3047 Ilaec
1539 2995 1781 3046 salutaria

238 3080 520 3133 Servatoris
550 3083 713 3135 nostri
745 3083 1059 3136 documenta
1094 3086 1377 3151 imperator
1402 3084 1611 3136 assidua
1641 3083 1785 3150 Cogi—

239 3168 426 3221 latione
454 3171 664 3224 volvens
686 3213 699 3234 ,
750 3186 867 3223 cum
915 3173 1057 3224 omni
1108 3174 1402 3224 animorum
1434 3173 1789 3224 consensione
1813 3142 1858 3201 Ε

242 3266 286 3306 et
315 3259 582 3311 concordia
637 3262 964 3327 propositum
1016 3277 1149 3331 opus
1191 3262 1401 3330 aggredi
1433 3261 1664 3326 monuit,
1699 3277 1790 3329 per

239 3344 426 3398 litteras
453 3363 564 3415 qua:
589 3350 662 3402 sic
693 3363 750 3402 se
780 3350 973 3402 habent
1004 3367 1016 3405 :

805 3461 1029 3516 CAI'UT
1072 3462 1222 3514 XLII.

248 3565 455 3634 pristola
488 3569 805 3624 Constantini
853 3574 919 3624 ad
963 3576 1208 3641 synodum
1263 3573 1382 3641 Tyri
1414 3583 1785 3641 congregatum.

304 3677 447 3734 (Hanc
469 3681 737 3740 epistolam,
769 3683 948 3730 videsis
968 3683 1105 3732 infra.

785 3803 1005 3858 CAPUT
1047 3805 1221 3858 XLIII.

255 3910 499 3972 Quomodo
547 3913 612 3964 ad
641 3913 1003 3965 dedicationem
1038 3914 1274 3966 Ecclesia:
1324 3913 1790 3983 Hierosolymorum

429 4005 640 4070 epierpi
670 4021 730 4057 ca?
759 4007 988 4056 omnibus
1010 4008 1271 4071 provinciis
1301 4024 1584 4060 convenere.

317 4114 434 4165 Cuui
463 4115 568 4167 luce
596 4127 854 4184 prtecepta
884 4118 1202 4169 exsecutioni
1235 4119 1628 4183 mandarentur,
1659 4120 1791 4171 alius

253 4205 314 4251 ah
341 4203 635 4269 imperatore
663 4208 876 4259 nuntius
905 4209 1210 4273 supervenit
1236 4247 1248 4268 ,
1282 4211 1368 4274 qui
1403 4208 1591 4260 oblatis
1623 4209 1790 4275 impe-

253 4293 450 4346 rialibus
490 4299 668 4351 litteris
693 4339 704 4359 ,
753 4300 1010 4366 synodum
1041 4299 1278 4352 hortatus
1306 4311 1386 4353 est
1419 4308 1504 4364 ιιι,
1539 4303 1678 4353 nulla
1708 4302 1791 4354 in-

257 4384 408 4446 posita
441 4402 596 4446 mora,
625 4391 1215 4455 omnesquatnprinntm
1266 4389 1628 4459 Hierosolyma
1675 4405 1793 4458 pro-

257 4490 498 4540 perarent.
545 4481 726 4532 Cuncti
775 4482 930 4549 igitur
958 4498 1017 4535 ex
1053 4484 1356 4536 PIItBltICllm
1408 4485 1670 4550 provincia
1716 4485 1870 4552 di-D

259 4565 562 4630 gredieutes,
591 4573 801 4638 publico
832 4587 987 4625 cursu
1014 4573 1334 4626 contendere
1365 4589 1427 4626 eo
1457 4589 1561 4641 quo
1585 4573 1788 4640 jussum

258 4667 366 4707 erat
391 4672 604 4726 empere.
649 4662 919 4730 ’I‘otusqne
966 4663 1053 4714 ille
1081 4663 1224 4716 locus
1270 4665 1498 4715 maximo
1531 4663 1622 4715 Dei
1653 4674 1794 4716 etetu

261 4746 450 4797 tandem
477 4751 694 4802 refertus
728 4751 820 4803 fuit
843 4792 855 4813 ,
885 4765 998 4803 cum
1028 4767 1091 4804 ex
1121 4754 1378 4805 universis
1408 4752 1689 4819 provinciis
1716 4751 1795 4803 in—

261 4836 421 4901 signes
445 4841 664 4907 episcopi
695 4840 1078 4910 Hierosolymis
1110 4843 1158 4894 in
1193 4857 1353 4894 unum
1399 4843 1788 4895 convenissent.

262 4925 379 4979 Nam
406 4939 455 4982 et
497 4932 805 4983 Macedones
838 4933 1018 4999 prima:
1062 4934 1199 5002 apud
1231 4948 1286 4986 se
1320 4935 1462 4986 sedis
1489 4936 1794 5001 episcopum

264 5020 521 5084 miserant;
553 5032 602 5074 et
632 5024 885 5076 Pannonii
913 5038 972 5077 ac
1005 5025 1230 5078 Moesiex
1266 5025 1536 5094 tyronibus
1568 5025 1657 5077 Dei
1686 5027 1792 5079 lec-

266 5109 496 5164 tissimum
540 5112 718 5167 florem
749 5130 808 5166 ac
840 5115 1159 5182 praecipuum
1203 5117 1375 5182 gentis
1406 5129 1512 5168 suae
1542 5115 1700 5168 decus
1725 5117 1797 5169 di-

267 5213 499 5256 rexerant.
533 5207 724 5259 Aderat
763 5208 920 5258 etiam
951 5208 1315 5274 episcoporum
1368 5206 1597 5260 Persidis
1641 5221 1797 5260 orna-

269 5301 496 5355 utentum,
529 5296 602 5348 vir
629 5306 845 5350 sanctus
868 5307 919 5349 et
951 5299 999 5349 in
1027 5298 1220 5350 divinis
1248 5298 1531 5364 Scripturis
1557 5300 1794 5369 apprime

268 5382 571 5438 exercitatus.
605 5387 814 5455 Bithyni
838 5401 1047 5455 quoque
1069 5399 1118 5440 et
1142 5387 1374 5442 Thraces
1403 5391 1681 5456 pressentia
1704 5406 1796 5445 sua

264 5487 549 5530 conventum
573 5481 851 5532 ornabant.
886 5481 994 5533 Nec
1022 5482 1240 5533 deerant
1280 5497 1342 5534 ex
1371 5480 1569 5534 Cilicize
1599 5481 1800 5547 episco-

269 5563 340 5626 pis
366 5566 618 5620 clarissimi
650 5569 865 5637 quique.
919 5570 994 5621 Ex
1041 5568 1367 5638 Cappadocia
1403 5575 1524 5623 item
1557 5571 1644 5636 qui
1675 5570 1800 5622 doc-

265 5654 384 5704 tibia
421 5668 467 5705 et
498 5659 794 5726 eloquentia
828 5659 1142 5722 priestahant
1167 5700 1180 5717 ,
1232 5661 1280 5712 in
1331 5661 1505 5713 medio
1549 5675 1798 5714 consessu

1887 1910 1980 1961 pro
2017 1896 2221 1961 pietatis
2265 1896 2573 1952 defensione
2603 1901 2779 1955 multis
2824 1903 3246 1961 confessionibus
3277 1909 3448 1962 incla-

1885 1983 2116 2048 ruisset,
2165 2000 2267 2038 non
2317 1987 2578 2041 immerito
2627 1990 2810 2044 harum
2843 2008 3016 2046 rerum
3048 1995 3449 2064 dispositionem

1884 2073 1981 2126 sibi
2009 2075 2341 2127 commissam
2390 2080 2611 2144 accepit.
2647 2079 2738 2133 llic
2768 2081 2924 2149 igitur
2951 2087 3093 2138 omni
3123 2101 3242 2139 cum
3274 2088 3452 2142 since.

1884 2162 2038 2215 ritate
2088 2164 2678 2234 imperatorisjussibus
2728 2174 3044 2238 obsecutus,
3075 2177 3450 2245 episeoporum

1883 2251 2092 2318 quidem
2121 2264 2312 2308 emtum
2357 2259 2605 2325 singulari
2634 2261 2879 2316 cemitate
2899 2303 2913 2325 ,
2960 2274 3013 2316 et
3042 2266 3454 2333 magnificentis-

1884 2341 2034 2393 simis
2056 2344 2224 2409 epulis
2245 2355 2401 2413 atque
2422 2348 2676 2401 conviviis
2702 2349 2992 2405 honorifice
3024 2357 3246 2420 excepit.
3281 2355 3453 2424 Egen-

1887 2431 2020 2483 tihus
2063 2447 2186 2486 vero
2234 2449 2295 2487 ac
2341 2436 2532 2501 nudis,
2580 2447 2630 2491 et
2679 2455 2965 2507 pauperum
2994 2445 3265 2514 utriusque
3292 2460 3453 2501 sexus

1885 2518 2100 2573 infinitae
2130 2523 2472 2584 multitudini.
2497 2528 2597 2582 cibi
2628 2545 2688 2582 ac
2720 2532 3037 2599 reliquarum
3067 2550 3242 2589 rerum
3272 2538 3450 2605 inopia

1889 2610 2181 2676 laboranti,
2234 2630 2475 2684 magnam
2509 2621 2744 2686 pecuniae
2775 2623 2877 2674 vim
2909 2633 2960 2675 et
2990 2625 3244 2693 plurimas
3275 2637 3452 2682 vestes

1885 2699 2169 2756 distribuit.
2206 2704 2478 2759 Postremo
2511 2709 2780 2763 basilicam
2810 2726 3021 2766 onmem
3068 2717 3332 2783 regalibus
3354 2718 3452 2770 (ιο⁴

1885 2793 2048 2843 uariis
2077 2795 2356 2860 magnifice
2385 2800 2680 2853 exornavit.
2711 2800 2773 2854 Et
2801 2801 2885 2856 hic
2908 2804 3118 2872 quidem
3151 2807 3452 2876 hujusmodi

1884 2880 2095 2936 functus
2121 2893 2201 2938 est
2229 2886 2545 2941 ministerio.

2453 2980 2676 3036 CAPUT
2716 2985 2874 3038 XLV.

1888 3063 2251 3133 Episcoyorum
2279 3069 2329 3118 in
2358 3073 2674 3125 conventibus
2697 3091 2964 3138 sermones,
2992 3085 3037 3129 et
3059 3077 3213 3145 ipsius
3237 3079 3322 3144 qui
3347 3079 3456 3133 Ita'c

2435 3161 2635 3226 scripsit
2678 3161 2897 3216 Eusebii.

1960 3267 2028 3322 At
2082 3269 2384 3324 sacerdotes
2433 3273 2524 3326 Dei
2573 3277 2758 3341 partim
2805 3280 3214 3345 precationibus,
3262 3284 3450 3348 partim

1890 3360 2223 3414 sermonibus
2252 3362 2584 3418 festivitatem
2627 3369 2905 3422 ornabant.
2936 3371 3038 3422 Alii
3069 3373 3325 3439 siquidem
3356 3391 3450 3429 co-

1891 3449 2124 3502 mitatem
2158 3451 2388 3520 religiosi
2420 3453 2753 3521 imperatoris
2781 3472 2903 3525 erga
2932 3461 3165 3513 omnium
3199 3463 3450 3518 Servato-

1893 3554 2001 3590 rem
2034 3541 2273 3595 laudibus
2291 3544 2648 3610 celebrabant,
2674 3558 2726 3601 et
2753 3552 2990 3618 martyrii
3011 3553 3452 3620 magnificentiam

1891 3629 2128 3682 oratione
2161 3636 2629 3700 persequebantur.
2673 3638 2772 3690 Alii
2818 3641 2983 3693 sacris
3021 3641 3298 3709 theologia:
3319 3645 3452 3714 dog-

1892 3720 2121 3772 matibus
2150 3721 2212 3773 ad
2255 3735 2566 3789 praesentem
2615 3728 2971 3781 celebritatem
3020 3734 3452 3800 accommodatis,

1893 3809 2130 3873 Spit-itale
2177 3813 2440 3876 quoddam
2489 3817 2700 3880 epulum
2749 3817 3081 3872 audientibus
3129 3822 3450 3887 praebebant.

1893 3899 2112 3961 Quidam
2161 3915 2430 3955 sacrorum
2469 3906 2792 3957 voluminum
2845 3909 3094 3961 lectiones
3144 3911 3456 3979 interpreta-

1894 3989 2118 4052 bantur,
2149 3981 2370 4045 arcanos
2405 4003 2456 4046 et
2485 3998 2733 4064 mysticos
2763 4013 2948 4050 sensus
2978 4000 3026 4050 in
3073 4000 3239 4052 lucem
3283 4001 3457 4069 profe-

1894 4088 2089 4132 rentcs.
2122 4082 2216 4145 Qui
2241 4098 2366 4133 vero
2394 4083 2456 4135 ad
2488 4085 2601 4136 II‘JTC
2637 4088 2870 4154 aspirare
2922 4103 3024 4140 non
3078 4100 3338 4156 poterant,
3369 4093 3453 4144 in-

1893 4171 2124 4223 cruentis
2153 4171 2428 4225 sacril‘tciis
2460 4184 2511 4226 et
2554 4177 2789 4244 mysticis
2817 4177 3262 4233 itnmolationibus
3292 4181 3455 4234 Deum

1894 4260 2197 4327 placebant;
2255 4278 2350 4330 pro
2383 4279 2508 4331 pace
2548 4269 2846 4330 connuuni;
2900 4284 2994 4336 pro
3040 4270 3274 4324 Ecclesia
3321 4272 3454 4332 Dei;

1895 4353 2318 4421 proimperatore
2341 4365 2414 4409 tot
2431 4359 2686 4410 bonorum
2711 4370 2944 4424 auctore,
2961 4364 3179 4430 ejusque
3203 4365 3457 4432 piissimis

1897 4441 2097 4507 liberis,
2155 4459 2337 4512 preces
2398 4447 2506 4500 Deo
2543 4450 2851 4516 suppliciter
2878 4452 3179 4508 offerentes.
3235 4456 3310 4508 Ibi
3363 4473 3458 4513 nos

1895 4552 2136 4604 quoque,
2189 4540 2378 4605 quibus
2427 4543 2626 4608 majora
2663 4558 2818 4611 quam
2871 4561 2963 4610 pro
3011 4549 3212 4600 meritis
3264 4551 3459 4604 nostris

1897 4628 2030 4677 bona
2059 4628 2410 4695 contigerant,
2440 4633 2600 4683 variis
2647 4635 2978 4688 sermonibus
3021 4637 3228 4703 publice
3269 4639 3461 4693 habitis

1895 4717 2282 4769 solemnitatem
2312 4719 2708 4784 decoravimus;
2736 4739 2872 4776 nunc
2903 4726 3092 4792 regalis
3124 4726 3335 4781 fabricze
3361 4729 3457 4781 de-

1897 4819 2076 4856 corem
2117 4820 2178 4858 ac
2209 4807 2648 4874 magniﬁcentiam
2692 4813 2900 4879 scriptis
2927 4827 3270 4880 enarrantes;
3322 4833 3461 4871 nunc

1900 4891 2329 4959 prophetieorum
2363 4899 2692 4952 oraculorum
2723 4917 2909 4955 sensus
2938 4913 3059 4970 apte
3081 4915 3129 4957 et
3159 4919 3460 4960 accommo-

1899 4979 2018 5033 date
2041 4982 2103 5033 ad
2131 4993 2419 5048 praesentes
2443 4986 2634 5054 ﬁguras
2650 4999 2804 5058 atque
2827 4992 3082 5060 imagines
3101 4996 3456 5061 interpretan-

1900 5076 1997 5120 tes.
2021 5068 2128 5122 Hoc
2147 5071 2302 5124 modo
2331 5071 2675 5129 dedicationis
2697 5079 3003 5133 soletnnitas
3024 5081 3150 5148 ipsis
3174 5085 3368 5151 impera
3385 5095 3466 5138 to-

1901 5157 1976 5210 ris
2009 5156 2388 5214 tricennalibus
2417 5178 2619 5216 summa
2649 5181 2765 5220 eum
2793 5167 3056 5225 hilaritate
3081 5173 3343 5227 celebrata
3363 5188 3464 5231 est.

2468 5272 2690 5330 CAPUT
2727 5276 2904 5331 XLVI.

1905 5365 2053 5428 Quod
2077 5368 2458 5436 descriptionem
2496 5371 2730 5440 Martyrii
2760 5386 2803 5426 et
2831 5379 3104 5430 orationem
3135 5382 3196 5433 de
3222 5383 3473 5437 tricenna-

2043 5457 2190 5522 tibus,
2223 5474 2389 5511 coram
2417 5461 2524 5529 ipso
2552 5464 2850 5531 imperatore
2877 5479 3048 5535 postea
3081 5473 3319 5526 recitavit.

1976 5568 2233 5623 Cmternm
2263 5573 2431 5639 qualis
2457 5574 2619 5626 forma
2669 5578 2898 5630 basilica:
2929 5582 3260 5647 Servatoris;
3301 5588 3477 5654 qualis

1910 5674 2072 5713 sacrae
2095 5662 2358 5727 spelunca?
2383 5667 2587 5732 species
2610 5669 2710 5730 sit;
2737 5680 2928 5735 quanta
2953 5677 3126 5741 operis
3148 5686 3394 5732 venustas
3421 5695 3479 5737 et
