3876 6218
358 317 426 371 83
1670 309 1932 366 EUSEIiIl
1976 310 2292 368 PAMPIIIIJ
3543 313 3607 366 8i

360 429 657 499 elegantia;
705 438 826 498 quot
883 427 1109 496 denique
1135 425 1348 480 donaria
1402 425 1591 494 partim
1623 440 1685 478 ex
1712 440 1840 477 auro
1884 433 1936 477 et
1966 428 2012 485 Λ
2038 426 2088 478 (Ιι
2109 469 2121 490 ,
2156 428 2432 495 gentisque
2459 426 2703 480 ludorum
2739 427 3001 495 principes
3026 441 3086 479 ac
3113 427 3321 496 regulos
3353 428 3505 495 [υἰέ-εἰς
3531 437 3607 479 la-

357 529 616 590 argcuto,
672 519 861 588 partim
915 534 978 572 ex
1036 517 1259 585 gemmis
1318 514 1635 579 fabrefacta,
1688 514 1936 583 peculiari

362 626 526 680 opere
559 611 794 674 executi,
825 609 1014 662 librum
1071 608 1216 660 illum
1263 607 1568 674 imperatori
1617 606 1938 674 nuncupavi-

361 718 503 758 ntus.
536 703 702 767 Quem
732 700 942 770 quidem
977 700 1164 753 librum
1196 708 1492 768 opportune
1518 697 1584 751 ad
1610 697 1807 752 calcem
1837 697 1937 752 htt-

370 794 457 862 jns
478 793 654 863 operis
675 792 862 844 edituri
889 805 1102 855 sumus;
1127 792 1372 859 adjuncta
1403 793 1559 844 etiam
1588 792 1826 845 oratione
1857 791 1941 844 illa

362 886 428 940 de
459 882 853 946 tricennalihus,
880 897 1032 951 quam
1080 882 1234 951 paulo
1265 890 1383 951 post
1414 882 1633 952 profecti
1677 882 1942 937 Constan-

369 975 664 1045 tinopolim,
707 988 882 1028 curam
917 974 1030 1043 ipso
1078 974 1396 1042 imperatore
1438 974 1808 1038 recitavimus;
1859 989 1940 1028 se-

369 1064 541 1119 cundo
574 1073 680 1117 tum
735 1064 784 1116 in
839 1062 1032 1132 palatio
1083 1079 1345 1117 summum
1399 1064 1634 1117 omnium
1679 1064 1843 1118 Deum
1881 1077 1942 1118 ac

364 1155 648 1210 Dominum
693 1153 937 1214 laudibus
965 1154 1330 1222 praedicantes.
1376 1159 1542 1220 Quam
1570 1169 1687 1209 cum
1737 1153 1945 1208 audiret

367 1249 480 1303 Deo
525 1248 766 1302 amabilis
793 1248 1111 1316 imperator,
1143 1249 1341 1318 gestire
1371 1264 1479 1316 prce
1509 1248 1701 1318 gaudio
1731 1247 1942 1302 videba-

371 1349 480 1392 tur.
523 1341 695 1406 Atque
722 1338 770 1390 id
801 1339 910 1405 ipse
939 1339 1081 1391 ﬁnita
1121 1341 1360 1393 oratione
1385 1339 1662 1393 confessus
1691 1348 1794 1404 est,
1823 1354 1941 1393 cum

369 1429 648 1498 episcopos
679 1428 764 1498 qui
781 1430 998 1482 aderant
1015 1431 1557 1500 convivioexciperet,
1577 1430 1827 1500 omnique
1852 1444 1946 1486 eos

369 1533 564 1588 genere
596 1519 812 1572 honoris
839 1518 1094 1574 afﬁceret.

918 1607 1145 1665 CAPUT
1186 1609 1390 1666 XLVII.

371 1719 518 1784 Quod
544 1718 755 1774 Nirwna
775 1720 975 1789 quidem
1005 1721 1230 1789 synodus
1252 1722 1588 1779 vicenualibus
1612 1723 1946 1790 Constantini,

2041 517 2177 570 bulis
2205 527 2255 570 et.
2285 519 2472 572 statuis
2504 521 2552 570 in
2583 518 2833 571 honorem
2857 518 2971 585 ejus
2998 521 3209 582 erectis,
3241 520 3610 587 imperatOrem

2041 621 2104 660 ac
2141 621 2317 674 regem
2365 623 2421 660 se
2467 608 2609 660 illum
2654 623 2946 676 agnoscere
2992 608 3246 674 profiteri.
3281 611 3354 662 Ae
3400 610 3452 662 in
3503 611 3612 678 ipso

2042 701 2255 768 quidem
2288 702 2611 770 principatus
2637 703 2751 770 ejus
2778 703 3018 765 exordio,
3053 704 3206 771 primi
3235 705 3470 758 onminm
3505 705 3614 759 Bri-

2044 791 2186 844 tanni
2219 791 2282 845 ad
2317 793 2693 848 occidentalem
2718 808 2973 847 oceamun
2997 795 3180 862 positi,
3213 809 3334 848 sese
3367 795 3506 847 illius
3536 793 3614 848 di-

2042 882 2172 935 tioni
2201 883 2544 953 subjeccruut
2573 902 2587 938 :
2620 901 2760 941 nunc
2786 902 2909 940 vero
2934 887 3044 940 Indi
3069 888 3135 942 ad
3163 888 3422 942 orientem
3451 890 3614 944 solem

2045 971 2358 1045 incolentes,
2389 976 2529 1032 idem
2562 976 2756 1032 fecere.

2641 1067 2863 1123 CAPUT
2903 1067 2988 1122 LI.

2051 1152 2313 1218 Quomodo
2342 1154 2694 1211 Constantinus
2720 1159 2878 1213 diviso
2905 1159 2957 1212 in
2988 1169 3084 1213 tres
3114 1160 3248 1228 ﬁlios
3269 1163 3499 1230 imperio,
3533 1177 3613 1216 cos

2223 1259 2267 1301 et
2292 1249 2536 1318 regnandi
2564 1260 2670 1302 arte
2693 1260 2738 1302 et
2770 1251 2968 1318 pietatis
2994 1241 3178 1320 officiis
3207 1253 3444 1306 instituit.

2117 1337 2248 1392 Cum
2310 1340 2467 1409 igitur
2515 1351 2793 1412 utrumque
2837 1343 3118 1397 terminum
3170 1344 3317 1398 orbis
3360 1355 3621 1400 terrarum

2047 1429 2147 1483 sub
2177 1439 2494 1500 potestatem
2525 1446 2674 1486 suam
2706 1433 3020 1502 redegisset,
3053 1435 3212 1488 totius
3241 1435 3444 1504 imperii
3474 1451 3620 1490 sun.-

2049 1537 2212 1588 mam,
2243 1523 2384 1577 velut
2402 1534 2673 1592 paternam
2691 1525 2972 1595 quamdam
2995 1525 3359 1582 htereditatem
3389 1528 3623 1582 necessi-

2053 1611 2319 1666 tudinibus
2365 1613 2477 1667 suis
2530 1613 2882 1682 disperticns,
2913 1616 2967 1669 in
3007 1624 3113 1670 tres
3155 1616 3290 1670 ﬁlios
3329 1617 3524 1672 divisit.
3561 1619 3625 1672 Et

2057 1702 2251 1755 avitam
2308 1702 2518 1771 quidem
2563 1713 2760 1758 sortem
2808 1705 3037 1758 maximo
3085 1713 3241 1771 natu;
3293 1707 3444 1760 alteri
3497 1722 3626 1761 vero

439 1811 686 1863 dedicatio
714 1827 826 1866 rcro
866 1813 1086 1866 basilica:
1116 1812 1591 1884 llierosolymitanaz
1619 1818 1822 1887 contigit
1855 1819 1948 1871 tri-
1981 1801 2027 1862 B
2053 1792 2284 1887 θτίθνίίε
2329 1794 2643 1887 ίηῖνίῖτίυίηῖ
2694 1795 2919 1850 ¹¹³θδί³¹η
2984 1797 3121 1852 imo"
3177 1800 3271 1852 ³³³⁵
3329 1801 3624 1868 Ρονίίυηοίη

442 1903 752 1956 cenantibus.

447 2015 593 2069 Ilanc
628 2017 914 2071 secundam
965 2021 1247 2090 synodum,
1289 2021 1524 2074 omnium
1574 2037 1704 2090 quas
1734 2022 1946 2091 quidem

369 2106 616 2160 novimus
647 2109 952 2171 maximam,
985 2111 1272 2180 imperator
1317 2112 1695 2182 Hierosolymis
1724 2128 1948 2182 congre-

375 2195 537 2265 gavit,
564 2206 679 2263 post
708 2199 928 2265 primam
962 2199 1104 2254 illam
1127 2217 1282 2270 quam
1327 2202 1376 2255 iu
1407 2201 1536 2256 urbe
1568 2202 1826 2272 Bithynia:
1856 2217 1951 2256 no-

369 2287 627 2348 bilissima
647 2289 951 2358 collegerat.
981 2291 1084 2344 Sed
1108 2293 1193 2344 illa
1217 2292 1427 2361 quidem
1455 2293 1780 2359 triumphalis
1803 2302 1946 2356 erat;

373 2378 429 2432 in
454 2379 656 2447 imperii
690 2382 1051 2437 vicennalibus
1077 2399 1259 2451 preces
1288 2400 1346 2438 ac
1373 2395 1490 2437 vota
1517 2399 1610 2453 pro
1636 2385 1858 2438 victoria
1888 2384 1952 2439 de

374 2467 613 2522 hostibus
665 2483 831 2538 parta,
864 2474 911 2524 in
947 2473 1075 2528 urbe
1121 2475 1350 2528 victoria:
1389 2475 1702 2542 cognomine
1746 2478 1950 2542 persol-

372 2575 522 2612 vens.
573 2561 694 2614 llaec
735 2578 859 2617 vero
913 2565 1279 2619 tricennalitnn
1331 2566 1665 2619 festivitatem
1715 2567 1951 2631 ornavit,

375 2665 494 2704 cum
528 2652 814 2720 imperator
843 2655 950 2708 Deo
978 2657 1212 2708 omnium
1237 2657 1495 2709 honorum
1541 2657 1765 2721 auctori,
1810 2647 1952 2709 mar-

379 2742 596 2811 tyrium,
635 2742 778 2795 velut
806 2743 1068 2812 quoddam
1100 2748 1241 2813 pacis
1272 2745 1573 2810 donarium,
1606 2745 1655 2798 in
1688 2746 1799 2814 ipso
1825 2746 1953 2801 Ser-

375 2837 576 2888 vatoris
617 2836 778 2888 nostri
811 2848 1154 2890 monumento
1178 2836 1463 2891 dedicaret.

910 2967 1132 3023 CAPUT
1197 2966 1422 3025 XLVIII.

455 3083 717 3149 Quomodo
741 3085 1030 3137 immodicas
1052 3084 1315 3149 cuiusdam
1348 3084 1522 3138 laudes
1544 3100 1674 3154 (egre
1695 3085 1883 3138 tulerit.

453 3195 545 3248 Ilis
601 3195 841 3247 omnibus
896 3194 1184 3256 confectis,
1241 3210 1358 3247 cum
1407 3195 1740 3262 imperatoris
1797 3196 1960 3250 virtus

387 3293 695 3338 cunctorum
726 3283 1057 3336 sermonibus
1087 3283 1482 3349 prccdicaretnr,
1516 3284 1724 3350 quidam
1752 3298 1815 3336 ex
1848 3300 1959 3336 nu-

387 3390 536 3429 mero
562 3374 918 3437 sacerdotum,
968 3373 1110 3425 illtnn
1155 3387 1332 3426 coram
1363 3373 1570 3425 beatum
1621 3373 1960 3441 pronuntiare

390 3480 495 3520 non
531 3475 611 3519 est
633 3467 827 3518 veritus
857 3481 867 3514 :
897 3465 1089 3532 quippe
1110 3465 1197 3533 qui
1223 3473 1328 3517 tum
1362 3465 1412 3516 in
1443 3464 1540 3517 hac
1571 3465 1674 3519 vita
1696 3480 1958 3518 sntnmtnn

394 3556 555 3609 totius
598 3554 742 3608 orbis
786 3554 1006 3607 Romani
1048 3553 1324 3623 imperium
1354 3557 1603 3624 consequi
1650 3556 1959 3620 meruisset;

392 3655 501 3700 tum
534 3645 586 3699 in
631 3645 808 3698 l'uturo
830 3661 941 3697 :evo
971 3660 1071 3697 una
1098 3660 1214 3699 cum
1253 3645 1387 3698 Filio
1413 3647 1505 3699 Dei
1532 3658 1676 3700 esset
1718 3658 1963 3715 regnatu-

392 3751 507 3790 rus.
540 3739 609 3790 At
652 3735 739 3790 ille
771 3735 1067 3803 huiusmodi
1096 3750 1251 3790 voces
1281 3751 1420 3804 aegre
1445 3736 1727 3791 admodum
1755 3752 1960 3805 passus,

393 3828 662 3882 hominem
703 3827 995 3890 admonuit,
1037 3843 1102 3881 ne
1134 3827 1215 3881 his
1264 3827 1442 3881 verbis
1484 3828 1555 3881 uti
1587 3839 1961 3898 praesumeret,

394 3920 488 3972 sed
543 3917 716 3985 potius
765 3917 985 3986 supplex
1016 3917 1124 3971 Deo
1156 3927 1272 3971 vota
1304 3917 1517 3981 faceret,
1548 3927 1604 3972 ut
1639 3928 1742 3971 tam
1774 3918 1826 3970 in
1867 3919 1964 3972 hac

392 4022 552 4077 quam
593 4009 644 4063 in
677 4008 844 4062 futura
871 4009 998 4075 vita,
1028 4009 1233 4064 censeri
1261 4010 1400 4063 inter
1423 4010 1644 4064 famulos
1668 4010 1757 4064 Dei
1791 4026 1964 4065 mere-

392 4109 563 4155 Υθιυΐ.

947 4186 1170 4244 CAPUT
1211 4187 1397 4244 XLIX.

644 4286 856 4358 Nuptiae
883 4286 1162 4342 Constantii
1183 4289 1412 4355 Ccesoris,
1445 4293 1557 4360 ejus
1589 4289 1702 4358 ﬁlii.

473 4399 730 4453 Absoluta
752 4399 859 4466 jam
891 4400 1158 4453 tricesimo
1188 4401 1393 4468 imperii
1432 4415 1604 4469 anno,
1629 4401 1846 4456 secundi
1873 4401 1966 4456 filii

2053 1885 2220 1954 regni,
2253 1886 2411 1939 tertio
2446 1885 2554 1940 lilio
2584 1887 2786 1940 tribuit.
2818 1887 2931 1940 .lam
2966 1903 3093 1943 vero
3123 1903 3241 1942 cum
3275 1891 3525 1958 optimam
3561 1892 3624 1944 li-

2052 1972 2193 2027 beris
2219 1974 2326 2027 suis
2373 1973 2757 2042 hmreditatem,
2789 1985 2841 2030 et
2871 1977 2934 2030 ad
2963 1977 3154 2031 anima:
3185 1979 3410 2033 salutem
3443 1981 3628 2050 impri-

2052 2065 2153 2120 mis
2179 2066 2358 2120 utilem
2383 2081 2571 2135 parare
2599 2066 2774 2129 vellet,
2811 2068 3020 2136 pietatis
3041 2069 3243 2123 semina
3271 2084 3453 2125 eorum
3479 2087 3627 2126 men-

2055 2157 2195 2210 tibus
2222 2156 2509 2226 inspersit;
2550 2158 2738 2226 partim
2781 2159 2979 2211 divinis
3015 2159 3348 2214 documentis
3377 2162 3491 2232 ipse
3536 2177 3630 2218 eos

2055 2248 2332 2314 imbuens;
2363 2248 2551 2315 partim
2603 2249 2886 2315 magistros
2916 2249 2993 2302 eis
3041 2262 3314 2319 apponens
3343 2261 3630 2321 comperta:

2060 2339 2332 2407 religionis
2374 2338 2535 2391 viros.
2579 2337 2920 2391 Smcularium
2974 2355 3183 2409 quoque
3229 2340 3627 2409 disciplinarum

2057 2431 2407 2501 peritissimos
2453 2430 2696 2484 doctores
2745 2431 2926 2484 iisdem
2971 2432 3226 2499 praefecit.
3270 2432 3372 2485 Alii
3425 2433 3631 2487 bellica:

2056 2521 2186 2575 artis
2211 2521 2463 2586 scientia;
2497 2521 2583 2574 alii
2615 2520 2846 2574 civilium
2877 2536 3052 2574 rerum
3096 2523 3373 2590 prmceptis
3414 2536 3509 2576 eos
3551 2524 3633 2576 iu-

2060 2614 2392 2680 formabant;
2417 2614 2503 2668 alii
2530 2613 2758 2683 denique
2787 2614 3220 2682 jurisprudcntia.
3253 2615 3420 2671 Porro
3448 2618 3631 2687 singu-

2059 2704 2125 2759 lis
2152 2705 2374 2758 tributns
2402 2714 2516 2759 erat
2545 2705 2737 2774 regalis
2769 2715 3082 2774 apparatus,
3122 2708 3338 2760 scutarii
3361 2750 3374 2768 ,
3405 2709 3629 2774 hastati,

2060 2803 2416 2864 protectores,
2445 2804 2496 2846 et
2523 2795 2753 2862 legiones
2786 2808 2845 2846 ac
2873 2795 3080 2847 numeri
3112 2795 3390 2862 militares,
3421 2813 3633 2853 eorum-

2059 2901 2161 2956 que
2191 2895 2454 2952 rectorcs,
2495 2887 2855 2952 ccntnriOnes,
2896 2886 3091 2939 tribuni
3121 2902 3180 2940 ac
3209 2889 3400 2952 duces,
3434 2889 3467 2941 ii
3499 2905 3634 2958 quos

2061 2988 2212 3046 pater
2241 2976 2289 3029 in
2325 2977 2480 3031 rebus
2513 2977 2712 3030 bellicis
2752 2977 3225 3031 exercitatissimos
3274 2989 3324 3032 et
3366 2979 3632 3048 praecipua

2060 3082 2181 3136 erga
2212 3066 2346 3121 filios
2370 3067 2472 3122 ﬁde
2502 3082 2564 3122 ac
2603 3068 2965 3123 benevolentia
2997 3067 3246 3138 praeditos
3288 3085 3405 3125 esse
3437 3084 3633 3139 cogno-

1985 3160 2029 3222 C
2061 3169 2230 3216 verat.

2659 3250 2880 3305 CAPUT
2921 3250 3026 3305 LII.

2161 3340 2426 3404 Quomodo
2456 3356 2538 3394 eos
2567 3343 2759 3394 virilem
2789 3354 2986 3395 (etatem
3015 3345 3269 3413 ingressos
3311 3344 3545 3412 pietatem

2727 3433 2973 3485 docuerit.

2135 3521 2301 3576 Porro
2328 3523 2450 3575 dum
2487 3521 2695 3575 infirma
2743 3523 2914 3576 adhuc
2955 3531 3112 3576 :etate
3154 3522 3391 3579 Czesares
3432 3536 3638 3589 essent,

2065 3611 2292 3666 ministri
2322 3621 2375 3666 et
2404 3611 2689 3666 consiliarii
2739 3612 2801 3666 iis
2845 3613 3080 3679 adjuneti
3126 3614 3503 3681 rempublicam
3545 3635 3641 3686 gu-

2065 3701 2375 3755 bernabant.
2409 3701 2601 3755 Verum
2648 3701 2731 3755 ubi
2775 3701 2839 3755 ad
2868 3701 3084 3770 virilem
3104 3712 3313 3757 aetatem
3360 3709 3636 3772 pervenis-

2066 3801 2203 3856 sent,
2239 3792 2402 3845 solius
2429 3794 2594 3861 patris
2625 3793 2979 3860 magisterium
3011 3794 3088 3844 eis
3113 3792 3338 3847 suffecit.
3371 3794 3468 3860 Qui
3499 3813 3642 3850 nunc

2067 3891 2356 3953 praesentes
2407 3883 2622 3951 privatis
2651 3881 3101 3936 admonitionibus
3139 3883 3205 3935 ad
3247 3885 3640 3941 aemulationem

2067 3973 2149 4028 sui
2176 3975 2516 4043 provocabat,
2544 3973 2842 4040 exemplum
2873 3973 3081 4041 pietatis
3107 3988 3216 4025 sure
3244 3972 3640 4031 adimitandurn

2061 4063 2194 4135 ipsis
2228 4077 2567 4132 proponens:
2603 4077 2742 4116 nunc
2783 4063 3090 4116 absentibus
3121 4064 3460 4133 imperatoria
3506 4084 3644 4136 prac-

2067 4165 2218 4225 cepta
2254 4170 2344 4222 per
2372 4155 2574 4208 litteras
2597 4154 2929 4223 suggerebat.
2961 4154 3194 4220 Quorum
3239 4158 3462 4224 primum
3513 4159 3642 4212 illud

2069 4255 2123 4302 et
2151 4245 2433 4300 maximum
2458 4253 2590 4307 erat,
2625 4253 2681 4297 ut
2708 4243 2800 4296 Dei
2821 4245 3011 4297 summi
3033 4246 3269 4298 omnium
3319 4248 3458 4315 regis
3500 4251 3642 4301 noti-

2072 4339 2196 4392 tiam
2225 4336 2558 4404 cultumque,
2590 4333 2789 4388 divitiis
2822 4335 3067 4389 omnibus
3103 4335 3305 4405 ipsique
3334 4335 3492 4390 etiam
3539 4338 3642 4390 im-

2070 4427 2220 4496 perio
2245 4425 2589 4480 anteferrent.
2624 4423 2856 4477 Tandem
2889 4439 3036 4487 vero,
3065 4434 3119 4477 ut
3160 4441 3252 4493 per
3288 4426 3491 4493 seipsos
3524 4445 3643 4497 qua:

401 4491 611 4558 ““P‘ias
640 4489 944 4584 celieb'agvi'v
978 4505 1096 4584 cuﬂ‘
1126 4490 1341 4560 majoris
1371 4503 1497 4544 nam
1523 4493 1730 4560 nuptias
1766 4492 1964 4548 duum“
1991 4517 2044 4576 D
2070 4489 2214 4572 utilia
2240 4526 2418 4572 essent
2443 4515 2741 4584 reipublicae
2762 4526 2999 4584 agerent,
3034 4515 3111 4568 eis
3132 4489 3370 4584 permisit
3395 4534 3406 4568 :
3438 4528 3490 4571 et
3519 4489 3643 4573 ante

398 4593 553 4636 antea
597 4583 989 4637 celebravisset.
1041 4583 1205 4652 Epula
1236 4585 1393 4652 igitur
1420 4593 1471 4637 et
1496 4585 1732 4637 convivia
1758 4586 1963 4654 praebe-

398 4677 620 4738 bantur,
652 4675 966 4743 imperatore
994 4675 1108 4741 ipso
1149 4674 1310 4728 filium
1349 4689 1600 4743 Sponsum
1634 4674 1959 4741 deducente,

397 4777 450 4821 et
496 4765 774 4834 magniﬁco
810 4773 1064 4835 apparatu
1106 4778 1344 4818 seorsum
1402 4765 1637 4818 virorum
1663 4805 1677 4830 ,
1720 4779 1959 4821 seorsum

395 4858 676 4911 mulierum
700 4866 891 4911 cretum
919 4858 1237 4926 excipiente.
1274 4856 1376 4911 Sed
1405 4866 1457 4910 ct
1487 4871 1704 4912 munera
1731 4857 1963 4927 Splendi-

394 4946 611 5001 dissima
641 4947 943 5001 civitatibus
970 4961 1030 5000 ac
1059 4947 1266 5016 populis
1296 4946 1483 5001 divisa.

1013 5035 1235 5091 CAPUT
1273 5036 1332 5090 L.

674 5127 881 5198 Legatio
910 5139 956 5181 et
983 5145 1188 5182 munera
1217 5129 1276 5180 ab
1305 5127 1452 5182 Indis
1490 5131 1659 5184 missa.

467 5239 666 5293 Eodem
700 5248 936 5308 tempore
972 5238 1220 5294 Indorum
1253 5241 1338 5309 qui
1386 5240 1451 5294 ad
1483 5241 1742 5297 orientem
1791 5241 1956 5303 solem

388 5328 649 5392 incolunt,
681 5329 837 5397 legati
859 5329 1143 5394 advenere,
1171 5329 1307 5382 dona
1335 5328 1648 5395 afferentes;
1680 5331 1851 5384 varias
1883 5331 1960 5385 vi-

389 5416 586 5470 delicet
622 5431 856 5484 gemmas
906 5417 1152 5486 exquisiti
1203 5417 1422 5488 fulgoris
1471 5433 1532 5473 ac
1580 5419 1769 5489 pretii;
1820 5421 1955 5476 feras

388 5519 598 5575 quoque
630 5505 796 5558 forma
835 5516 993 5576 atque
1024 5507 1201 5561 indole
1223 5509 1432 5576 penitus
1471 5523 1498 5560 a
1542 5505 1961 5566 nostris'discre-

394 5603 602 5664 pantes.
633 5594 758 5662 Quae
789 5598 966 5651 omnia
1004 5597 1311 5665 imperatori
1341 5596 1624 5652 oﬂerentes
1644 5639 1658 5662 ,
1695 5599 1962 5656 testaban-

411 5695 494 5740 tur
523 5685 588 5740 ad
617 5685 788 5758 ipsum
815 5700 983 5756 usque
1021 5686 1290 5742 Oceanum
1343 5686 1622 5757 imperium
1646 5689 1762 5759 ejus
1781 5700 1966 5746 exten-

2067 4608 2241 4663 omnia
2266 4607 2315 4660 id
2339 4607 2534 4661 diserte
2550 4607 2818 4674 praecepit,
2834 4613 2892 4658 ut
2908 4604 3156 4658 Ecclesia:
3174 4606 3262 4658 Dei
3289 4621 3469 4659 curam
3485 4623 3644 4676 gere-

2068 4708 2206 4762 rent,
2232 4712 2392 4766 sequc
2410 4697 2578 4766 palam
2591 4695 2920 4750 Christianos
2935 4695 3328 4763 proﬁterentur.
3355 4702 3525 4768 Atque
3543 4701 3641 4754 hoc

2069 4788 2275 4858 quidem
2305 4786 2462 4842 modo
2487 4786 2957 4840 ﬁliosinstitnebat.
2979 4786 3054 4840 Illi
3076 4802 3201 4841 vero
3218 4799 3439 4841 nontam
3467 4799 3643 4858 paler-

2075 4881 2157 4933 nis
2189 4879 2417 4944 monitis,
2451 4894 2604 4948 quam
2635 4893 2728 4933 sua
2769 4887 2957 4946 sponte
2989 4877 3207 4944 incitati,
3257 4894 3522 4949 praecepta
3552 4897 3643 4949 pa-

2080 4969 2248 5025 rentis
2266 4971 2346 5022 sui
2378 4971 2648 5024 alacritate
2671 4969 2828 5022 animi
2855 4979 3193 5038 superarunt,
3223 4973 3416 5040 quippe
3441 4976 3526 5040 qui
3556 4974 3641 5027 di-

2070 5063 2205 5116 vina:
2231 5063 2499 5132 religionis
2523 5062 2913 5116 observantiam
2951 5076 3160 5133 semper
3187 5078 3298 5133 pm
3339 5065 3505 5119 oculis
3549 5067 3642 5119 ha-

2070 5151 2276 5216 berent,
2300 5159 2353 5205 et
2379 5163 2590 5206 sanctos
2618 5151 2865 5205 Ecclesia:
2897 5152 3026 5204 ritus
3048 5153 3098 5205 in
3127 5153 3242 5222 ipso
3270 5153 3461 5222 palatio
3506 5169 3626 5209 cu-n

2071 5241 2646 5298 universisdomesticis
2668 5241 3012 5297 custodirent.
3039 5242 3169 5297 Nam
3193 5254 3247 5297 et
3276 5245 3380 5313 hoc,
3406 5257 3640 5312 paterna:

2065 5332 2412 5403 providentiae
2459 5346 2589 5400 opus
2617 5331 2803 5396 fuerat,
2838 5340 3021 5386 utnon
3049 5332 3181 5386 alios
3213 5334 3535 5389 domesticos
3577 5347 3638 5391 et

2062 5421 2466 5476 contubernales
2496 5419 2616 5474 filiis
2655 5420 2783 5481 suis,
2825 5436 2980 5490 quam
3020 5419 3350 5476 Christianos
3380 5425 3631 5478 traderet.

2067 5513 2362 5567 Primorum
2389 5525 2598 5581 quoque
2630 5525 2968 5566 numerorum
3002 5520 3256 5577 rectores,
3301 5513 3491 5581 quibus
3516 5516 3624 5568 rei~

2067 5602 2296 5675 publicae
2333 5617 2460 5657 cura
2505 5590 2785 5656 commissa
2827 5602 3017 5669 fuerat,
3065 5603 3153 5657 Dei
3203 5604 3434 5658 cultores
3463 5617 3634 5662 erant.

2072 5691 2293 5762 Quippe
2321 5691 2620 5748 hominibus
2646 5690 2801 5748 ﬁdem
2831 5696 2881 5749 in
2909 5695 3073 5749 Deum
3094 5695 3364 5764 professis,
3394 5704 3644 5769 tanquam
