3876 6218
190 287 249 343 85
1227 291 1313 346 DE
1360 290 1512 347 VITA
1554 290 2006 350 CONSTANTINI
2042 295 2247 353 LIBER
2286 300 2374 356 IV.
3370 312 3436 366 86

192 397 489 454 ﬁrmissimis
533 401 865 471 quihusdam
897 401 1061 456 muris
1099 401 1416 457 conﬁdebat.
1450 400 1583 457 Cum
1631 403 1756 459 bea-
1782 408 1838 467 Α
1858 400 2100 475 Cumque
2120 423 2421 465 sermonem
2454 412 2664 483 longius
2698 416 3068 486 produxisset,
3100 420 3151 475 in
3182 435 3242 477 ea
3266 422 3436 478 disse-

193 490 405 545 tissimus
430 494 683 563 princeps
722 494 839 548 haec
863 509 1068 564 quoque
1096 495 1164 547 ita
1193 493 1585 562 constituisset,
1617 496 1755 551 Deus

192 578 434 637 bonorum
465 574 713 639 omnium
752 586 1088 656 dispensator
1112 627 1127 652 ,
1175 595 1357 655 utpote
1391 588 1596 641 cunctis
1646 587 1754 642 rei-

195 674 399 743 publicae
450 677 687 745 negotiis
736 678 939 745 Optime
982 677 1047 732 ab
1094 678 1418 745 imperatore
1458 677 1753 747 dispositis,

193 777 526 835 Opportunum
573 777 791 838 tempus
835 768 1046 822 tandem
1083 767 1273 824 adesse
1310 777 1552 823 Statuens
1581 768 1757 838 quoad

193 857 445 913 meliorem
490 866 696 914 sortem
746 859 1139 925 transferretur,
1196 857 1413 914 fatalem
1464 862 1581 928 ejus
1634 860 1757 915 vitae

195 946 335 1001 linem
363 950 638 1018 imposuit.

771 1017 995 1075 CAPUT
1033 1017 1165 1073 LIII.

199 1108 327 1175 Quod
370 1125 480 1163 cum
528 1110 733 1165 duobus
781 1127 839 1165 ac
890 1112 1095 1181 triginta
1156 1112 1305 1165 annis
1362 1112 1678 1181 regnaverit,
1709 1121 1756 1166 et

255 1202 507 1268 plusquam
546 1203 818 1273 sexaginta
846 1203 989 1255 antiis
1043 1202 1220 1254 vixerit
1246 1240 1261 1267 ,
1312 1202 1508 1273 integra
1559 1218 1756 1271 semper

258 1293 345 1361 fuit
371 1293 671 1347 valetudine.

260 1408 326 1459 Ae
353 1405 556 1474 imperii
588 1407 805 1477 quidem
831 1407 1152 1463 curriculum
1204 1407 1413 1463 duobus
1448 1414 1503 1462 et
1543 1407 1755 1478 triginta

193 1499 332 1552 annis
368 1499 630 1567 explevit,
661 1501 900 1570 exceptis
931 1500 1202 1555 mensibus
1229 1515 1291 1554 ac
1317 1499 1504 1554 diebus
1535 1500 1752 1569 paucis:

202 1588 309 1641 vita:
336 1603 457 1641 vero
503 1592 738 1657 Spatium
784 1590 946 1659 duplo
986 1591 1095 1644 fere
1138 1590 1346 1660 longius
1390 1591 1507 1645 fuit.
1538 1591 1649 1656 Qua
1701 1592 1753 1645 in

196 1688 350 1744 aetate,
381 1693 573 1748 corpus
618 1682 669 1735 ei
714 1681 783 1733 ab
833 1680 977 1734 omni
1028 1681 1215 1735 morbo
1252 1689 1306 1736 et
1352 1681 1469 1736 lahe
1508 1696 1751 1749 vacuum,

1860 494 1964 549 ruit
1990 495 2056 550 de
2082 498 2381 555 animorum
2406 502 2825 573 immortalitate,
2848 508 3021 577 deque
3049 509 3131 564 his
3159 513 3248 580 qui
3275 514 3432 567 vitam

1857 588 1944 658 pie
1975 590 2374 659 traduxissent,
2416 604 2469 649 et
2504 594 2573 650 de
2612 597 2765 651 bonis
2792 614 2910 667 qua:
2939 601 3124 655 amicis
3155 603 3246 656 Dei
3294 604 3434 672 apud

1858 681 2029 749 ipsum
2045 682 2211 737 Deum
2230 685 2504 740 recondita
2519 688 2915 743 essent.Contra
2934 704 3083 757 vero,
3100 707 3254 760 quem
3270 693 3429 748 ﬁnem

1857 782 2037 827 essent
2072 772 2304 829 habituri
2330 775 2406 829 illi
2438 777 2525 846 qui
2566 780 2886 833 contrariam
2914 780 3127 835 videndi
3171 783 3430 838 rationem

1856 860 2243 925 instituissent,
2274 865 2457 919 multis
2506 866 2800 922 rationibus
2829 868 3101 924 evidenter
3166 872 3429 936 astruxit;

1857 952 2126 1007 interitum
2141 963 2194 1008 et
2208 954 2414 1009 cladem
2430 956 2711 1025 impiorum
2725 958 3205 1028 describens.Quod
3218 961 3431 1030 quidem

1856 1056 1975 1096 cum
2002 1044 2235 1113 graviter
2260 1054 2313 1099 et
2336 1047 2477 1100 serio
2497 1046 2809 1113 afﬁrmaret,
2836 1050 3101 1118 proximos
3123 1061 3175 1105 et
3202 1051 3430 1105 familia-

1854 1146 1943 1187 res
1962 1148 2085 1187 suos
2112 1136 2475 1205 perstringere
2500 1137 2794 1191 videbatur.
2814 1138 2961 1194 Adeo
2986 1152 3042 1195 ut
3062 1144 3338 1211 quemdam
3366 1158 3430 1197 ex

1856 1224 1959 1277 illis
1990 1240 2124 1279 vana
2154 1226 2428 1294 sapientia:
2456 1229 2704 1298 opinione
2728 1230 2921 1284 inflatis
2943 1273 2957 1296 ,
3003 1234 3427 1302 interrogaVcrit,

1854 1315 1979 1385 quid
2003 1318 2224 1371 sentiret
2250 1317 2316 1372 de
2338 1318 2401 1373 iis
2426 1335 2543 1389 qua:
2565 1321 2702 1375 dicta
2725 1332 2925 1376 essent.
2952 1321 3021 1376 At
3042 1324 3130 1377 ille
3155 1326 3429 1379 verissima

1855 1422 1975 1462 esse
2002 1418 2190 1463 cuncta
2226 1419 2450 1466 testatus
2480 1422 2594 1477 est;
2623 1423 2675 1467 et
2695 1415 2936 1482 quamvis
2955 1416 3168 1480 invitus,
3196 1417 3431 1485 disputa-

1856 1498 2029 1553 tiones
2059 1499 2320 1556 adversus
2349 1503 2637 1557 multorum
2666 1508 2942 1560 numinum
2969 1508 3168 1562 cultum
3211 1524 3426 1578 magno-

1854 1604 1983 1658 pere
2036 1590 2290 1645 laudavit.
2344 1593 2655 1663 Ilujusmodi
2699 1598 2987 1653 conciones
3029 1599 3095 1652 ad
3138 1600 3427 1656 familiares

1854 1695 1979 1736 suos
2024 1691 2146 1737 ante
2194 1693 2421 1740 mortem
2467 1702 2587 1740 cum
2634 1687 2926 1750 habuisset.
2983 1691 3121 1746 viam
3165 1692 3266 1747 sibi
3312 1695 3425 1763 ipse

192 1785 362 1838 expers
402 1771 691 1839 cujuslibet
743 1770 882 1836 vitii,
929 1780 984 1825 et
1025 1770 1215 1840 quovis
1260 1771 1479 1840 juvenili
1523 1785 1748 1836 corpore
1777 1772 1825 1831 Β
1852 1775 2193 1844 eomplanare
2214 1776 2279 1831 ad
2312 1778 2584 1833 meliorem
2617 1780 2776 1832 vitam
2810 1780 3105 1837 videbatur.

193 1861 372 1915 ﬁrmius
408 1862 688 1927 constitit,
736 1869 791 1915 et
829 1871 936 1914 tum
967 1862 1218 1915 decorum
1267 1873 1508 1930 aSpectu,
1541 1870 1650 1915 tum
1682 1861 1749 1915 ad

196 1953 384 2021 quidvis
408 1952 671 2020 agendum
700 1952 899 2006 viribus
929 1953 1158 2022 pollens.
1184 1953 1331 2006 Adeo
1357 1962 1413 2007 ut
1432 1952 1747 2007 militaribus

198 2043 643 2098 exercitationibus
688 2043 1020 2114 proluderet,
1071 2043 1367 2112 equitaret,
1410 2043 1741 2108 ambularet,

190 2136 477 2200 dimicaret,
511 2143 713 2205 troptea
736 2136 802 2191 de
827 2136 1066 2190 hostibus
1093 2136 1244 2190 victis
1280 2136 1507 2206 erigeret
1532 2178 1546 2203 ,
1574 2147 1627 2192 et
1664 2137 1745 2191 in-

191 2235 418 2279 cruentas
447 2226 569 2280 illas
598 2241 748 2281 more
776 2240 874 2280 suo
904 2227 1155 2281 victorias
1185 2227 1503 2295 reportaret.

755 2338 980 2393 CAPUT
1021 2337 1153 2393 LIV.

193 2423 258 2478 De
282 2425 339 2478 iis
363 2426 446 2494 qui
470 2427 659 2480 eximia
689 2427 799 2497 ejus
825 2428 1134 2482 humanitate
1161 2430 1228 2481 ad
1248 2429 1513 2483 avaritiam
1556 2438 1601 2483 et
1631 2431 1743 2499 pie-

528 2518 647 2571 tatis
674 2518 1042 2573 simulationem
1070 2520 1215 2574 abusi
1254 2531 1390 2575 sunt.

254 2629 460 2684 Animus
483 2630 733 2684 similiter
767 2630 833 2683 ad
872 2646 1134 2684 summum
1172 2632 1416 2685 humanae
1465 2632 1746 2701 perfectio-

192 2720 263 2772 nis
285 2721 480 2773 cnlmen
511 2732 828 2789 pervenerat
861 2737 875 2785 ;
905 2722 1097 2790 quippe
1122 2722 1210 2791 qui
1242 2722 1486 2776 omnibus
1520 2723 1743 2792 praecla-

192 2809 254 2862 ris
275 2809 475 2864 dotibus
504 2820 721 2864 ornatus
752 2820 914 2875 esset,
944 2812 1207 2881 prmeipne
1236 2827 1361 2867 vero
1393 2813 1741 2869 humanitate.

193 2898 337 2965 Quam
365 2909 539 2955 tamen
563 2901 716 2955 multi
743 2900 1235 2971 reprehendebant;
1266 2902 1333 2956 ob
1363 2903 1745 2959 exuberantcm

194 2990 421 3045 malitiam
467 2992 858 3060 improborum,
886 2992 975 3061 qui
1004 2992 1289 3063 nequitiam
1330 3008 1477 3047 suam
1518 2994 1745 3063 impera-

2441 1891 2665 1948 CAPUT
2704 1894 2834 1947 LVI.

1855 1981 2119 2047 Quomodo
2147 1982 2214 2035 ad
2249 1982 2437 2036 bellum
2481 1982 2745 2038 Persicum
2778 1987 3131 2055 proficiscens,
3165 1990 3425 2061 episcopos

1920 2072 2015 2124 sibi
2067 2072 2335 2144 adjunxit,
2387 2084 2434 2127 et
2490 2076 2759 2129 tentorium
2808 2078 2861 2129 in
2916 2079 3131 2148 speciem
3185 2080 3427 2137 Ecclesiw

1920 2164 2135 2231 paravit.

1920 2269 2049 2325 Illud
2080 2288 2293 2343 quoque
2320 2275 2625 2345 neutiquam
2669 2278 3093 2345 praetereundum
3126 2290 3239 2348 est,
3280 2284 3420 2353 quod

1846 2364 1986 2419 circa
2033 2365 2147 2418 haec
2192 2376 2469 2436 tempora,
2519 2384 2637 2423 cum
2683 2370 2750 2424 de
2794 2380 2939 2425 motu
2981 2371 3326 2428 barbarorum
3355 2376 3420 2429 ad

1846 2455 2107 2509 orientem
2154 2457 2320 2512 solem
2371 2458 2674 2527 degentium
2716 2463 2933 2515 nuntius
2985 2463 3173 2518 allatus
3220 2476 3363 2520 esset
3405 2485 3419 2521 ε

1846 2547 1985 2601 hanc
2013 2548 2188 2602 adhuc
2216 2548 2280 2602 de
2309 2548 2415 2603 illis
2445 2551 2716 2605 victoriam
2745 2566 3025 2620 superesse
3049 2554 3145 2609 sibi
3176 2564 3415 2621 testatus,

1847 2638 2025 2693 Persis
2059 2638 2256 2693 bellum
2296 2638 2495 2695 inferre
2532 2644 2737 2697 statuit.
2766 2643 2917 2709 Quod
2959 2660 3079 2700 eum
3125 2646 3298 2701 facere
3328 2648 3419 2703 de-

1845 2729 2125 2796 crevisset,
2150 2730 2407 2785 militares
2446 2732 2631 2800 copias
2675 2732 2907 2802 undique
2945 2735 3179 2788 excivit:
3212 2745 3259 2789 et
3292 2752 3413 2791 cum

1846 2821 2109 2891 episcopis
2136 2836 2268 2889 quos
2292 2822 2431 2876 circa
2459 2836 2516 2878 se
2545 2822 2789 2890 habebat,
2821 2825 2887 2879 de
2935 2825 3261 2895 profectione
3293 2844 3419 2883 con-

1845 2911 2024 2965 silium
2072 2913 2522 2977 communicavit,
2586 2914 2803 2983 provida
2848 2925 3026 2970 mente
3070 2917 3417 2985 prospiciens,

1848 3002 1989 3054 viros
2013 3002 2077 3055 ad
2109 3001 2347 3056 divinum
2375 3003 2574 3057 cultum
2615 3006 2942 3059 necessarios
2989 3020 3167 3061 secum
3205 3006 3418 3061 assidue

193 3080 307 3134 toris
353 3081 722 3137 adscribebant
768 3083 1054 3151 patientiae.
1108 3081 1266 3137 Certe
1312 3083 1425 3136 haec
1468 3083 1574 3137 duo
1618 3084 1742 3138 vitia
1772 3130 1817 3193 C
1848 3094 2047 3147 versari
2085 3102 2354 3161 Oportere.
2386 3094 2463 3147 Illi
2510 3109 2657 3160 vero,
2690 3095 2877 3148 libenti
2918 3095 3097 3149 animo
3144 3104 3417 3150 secuturos

193 3172 283 3226 illis
307 3175 629 3244 temporibus
658 3178 889 3229 maxime
918 3175 1224 3237 invaluisse,
1262 3190 1358 3229 nos
1397 3190 1606 3245 quoque
1643 3176 1741 3245 ipsi

191 3265 570 3331 conspeximus;
605 3266 909 3319 violentiam
937 3266 1142 3319 scilicet
1169 3268 1520 3330 pessimorum
1568 3265 1744 3320 homi-

192 3368 300 3407 num
327 3365 373 3408 et
400 3356 684 3409 insatiabili
710 3356 996 3425 cupiditate
1020 3354 1379 3426 flagrantium,
1408 3357 1497 3425 qui
1527 3357 1735 3411 univer-

192 3460 269 3501 sos
298 3445 400 3501 fere
427 3448 678 3502 mortales
700 3448 1015 3502 infestabant
1040 3490 1055 3514 ,
1084 3458 1137 3502 et
1164 3447 1549 3501 fraudulentam
1580 3448 1741 3502 simu—

192 3535 419 3591 lationem
449 3553 637 3591 eorum
660 3540 745 3607 qui
777 3538 967 3592 callide
1003 3540 1053 3591 in
1086 3539 1377 3593 Ecclesiam
1415 3539 1738 3607 irrepebant,

196 3635 243 3679 et
264 3624 671 3681 Christianorum
699 3644 891 3683 nomen
922 3630 1054 3682 falso
1084 3644 1144 3683 ac
1164 3630 1341 3696 specie
1370 3640 1519 3683 tenus
1548 3629 1743 3698 praefe-

194 3718 376 3773 rebant.
403 3718 598 3773 Verum
628 3720 783 3772 insita
815 3720 1118 3787 imperatori
1149 3719 1451 3773 humanitas
1486 3733 1546 3772 ac
1585 3720 1739 3773 boni-

196 3815 285 3875 tas,
318 3818 367 3863 et
390 3809 511 3865 ﬁdei
540 3824 855 3879 morumque
880 3810 1179 3875 sinceritas,
1212 3824 1276 3863 eo
1304 3808 1477 3877 ipsum
1500 3808 1739 3876 adduxit,

193 3909 243 3951 ut
261 3901 490 3956 crederet
521 3902 658 3955 fictae
686 3902 738 3955 in
762 3901 990 3970 speciem
1023 3901 1206 3968 pietati
1231 3899 1499 3954 hominum
1530 3900 1740 3954 illorum

195 3992 272 4059 qui
298 4008 389 4062 pro
413 3991 729 4046 Christianis
756 3992 1105 4056 habebantur,
1134 4002 1188 4046 et
1216 3990 1303 4061 qui
1332 3991 1594 4045 sinceram
1619 4005 1742 4061 erga

196 4082 347 4150 ipsum
374 4083 796 4137 benevolentiam
822 4082 1011 4135 callida
1041 4090 1218 4135 mente
1246 4080 1588 4133 simulabant.
1617 4079 1743 4145 Qui-

196 4174 281 4230 bus
305 4177 384 4231 ille
413 4192 531 4231 cum
555 4177 844 4244 semetipse
865 4173 1201 4236 credidisset,
1226 4172 1492 4227 interdum
1519 4172 1745 4227 fortasse

198 4267 243 4319 in
266 4283 320 4321 ea
345 4285 457 4337 quae
483 4284 668 4339 parum
716 4269 909 4323 decora
968 4274 1179 4329 essent,
1231 4266 1481 4335 impegit;
1528 4266 1745 4335 maligni

199 4357 432 4416 damonis
474 4361 666 4415 invidia
711 4360 846 4413 hanc
870 4358 1015 4413 velut
1058 4356 1317 4412 maculam
1365 4356 1583 4426 reliquis
1630 4357 1747 4426 ejus

198 4449 417 4505 laudibus
443 4452 812 4522 adspergente.

762 4562 987 4619 CAPUT
1027 4564 1133 4617 LV.

206 4655 415 4721 Qualiter
432 4658 495 4711 ad
516 4657 752 4711 ultimum
774 4672 930 4725 usque
958 4657 1072 4709 vitta
1096 4656 1226 4708 diem
1248 4653 1499 4708 orationes
1524 4651 1743 4723 scripsit.

266 4770 442 4824 Verum
457 4772 575 4824 illos
586 4769 764 4824 divina
777 4768 975 4836 justitia
992 4782 1097 4820 non
1112 4767 1275 4820 multo
1290 4774 1405 4834 post
1420 4765 1609 4819 merito
1621 4779 1745 4831 sup-

203 4859 346 4927 plicio
366 4860 549 4915 affecit.
568 4860 864 4929 Imperator
884 4872 1011 4912 vero
1038 4868 1179 4911 tanta
1202 4870 1507 4911 sermonum
1527 4854 1744 4909 scientia

204 4954 410 5006 animum
433 4955 780 5015 instruxerat,
807 4960 861 5004 ut
880 4950 946 5003 ad
980 4950 1219 5003 ultimum
1244 4962 1410 5016 usque
1433 4946 1571 5001 diem
1601 4944 1744 5011 vitae,

204 5046 444 5098 orationes
467 5041 831 5098 conscriberet
854 5055 1000 5093 more
1013 5040 1189 5102 solito,
1214 5037 1560 5092 ctconciones
1587 5034 1748 5089 habe-

205 5143 293 5199 ret,
320 5144 366 5187 et
392 5135 559 5187 divina
576 5133 892 5187 documenta
914 5128 1542 5183 auditoribusinsinuaret
1567 5143 1579 5177 :
1605 5125 1749 5194 leges

207 5221 313 5277 item
340 5224 731 5289 ferretassidue,
757 5237 896 5276 nunc
920 5220 985 5275 de
997 5218 1497 5288 civilibusuegotiis,
1517 5231 1656 5271 nunc
1685 5215 1751 5270 de

206 5328 255 5366 re
281 5316 476 5371 militari
494 5335 503 5369 :
521 5326 711 5370 cuncta
732 5314 960 5379 denique
986 5313 1049 5366 ad
1064 5310 1402 5366 commodum
1424 5320 1578 5378 atque
1606 5308 1747 5362 utili-

208 5411 343 5457 tatem
368 5405 573 5460 humani
596 5404 808 5475 generis
827 5404 1169 5471 excogitaret.
1188 5401 1319 5455 Illud
1342 5413 1467 5454 vero
1480 5397 1749 5467 haudqua-

210 5508 345 5562 quam
374 5497 579 5552 silentio
610 5493 1038 5564 praetereundum
1089 5502 1201 5556 est,
1232 5491 1372 5563 quod
1418 5505 1539 5545 cum
1579 5496 1753 5544 extre-

222 5600 323 5641 mus
342 5589 455 5643 vitae
481 5589 597 5642 dies
624 5587 726 5657 ipsi
750 5587 857 5657 jam
887 5584 1238 5655 impenderet,
1264 5582 1540 5638 funebrem
1572 5596 1755 5651 quam-

231 5676 334 5733 dam
384 5680 671 5735 orationem
732 5680 783 5734 in
853 5686 1107 5734 consueto
1164 5675 1426 5731 auditorio
1494 5674 1751 5730 recitavit.

1847 3200 1906 3239 se
1935 3199 2054 3239 esse
2083 3184 2434 3250 afﬁrmarunt,
2462 3200 2557 3239 nec
2578 3185 2644 3239 ab
2671 3187 2760 3239 illo
2782 3186 3145 3251 discessuros,
3175 3188 3267 3240 sed
3290 3202 3415 3241 con-

1847 3278 2006 3331 tinuis
2035 3277 2172 3345 apud
2217 3277 2382 3331 Deum
2431 3277 2909 3346 supplicationibus
2956 3279 3271 3332 militaturos
3311 3294 3411 3333 una

1846 3382 1966 3422 cum
1999 3367 2090 3420 illo
2121 3378 2173 3421 et
2202 3378 2543 3437 pugnaturos.
2578 3369 2693 3434 Quo
2731 3369 2823 3423 ille
2866 3371 3047 3423 nuntio
3076 3369 3417 3425 vehementer

1847 3459 2164 3523 delectatus,
2196 3460 2332 3511 viam
2366 3459 2471 3513 illis
2500 3475 2603 3528 qua
2645 3460 3126 3529 proﬁciscerentur,
3174 3460 3411 3531 descrip-

1846 3551 1932 3604 sit.
1970 3550 2171 3604 Deinde
2205 3550 2607 3604 tabernaculum
2639 3551 2689 3602 in
2742 3550 2975 3618 speciem
3006 3550 3259 3605 Ecclesiae
3300 3567 3414 3605 am-

1846 3641 2038 3694 bitioso
2070 3639 2214 3693 cultu
2243 3638 2308 3693 ad
2340 3638 2497 3707 hujus
2526 3640 2651 3693 belli
2675 3655 2825 3693 usum
2858 3640 3204 3709 praeparavit;
3238 3642 3287 3694 in
3310 3656 3416 3709 quo

1832 3744 2033 3799 preces
2058 3729 2123 3783 ad
2153 3729 2319 3783 Deum
2350 3730 2587 3784 viclorim
2615 3741 2885 3785 auctorem
2916 3744 3017 3785 una
3058 3745 3177 3788 cum
3209 3731 3417 3800 episco-

1846 3823 1925 3891 pis
1956 3820 2175 3876 fundere
2202 3821 2536 3877 decreverat.

2417 3954 2644 4011 CAPUT
2685 3955 2836 4010 LVII.

1852 4046 2115 4112 Quomodo
2169 4046 2413 4116 susceptis
2454 4047 2726 4101 Persarum
2774 4048 2983 4118 legatis,
3033 4053 3158 4119 festo
3209 4049 3420 4104 I’asrlne

2276 4138 2357 4192 die
2387 4154 2503 4191 cum
2529 4138 2643 4191 aliis
2675 4140 2996 4208 pernoctavit.

1918 4248 2127 4304 Interea
2176 4251 2349 4305 Persa:
2378 4265 2497 4304 cum
2548 4252 2920 4320 imperatorem
2984 4251 3179 4307 bellum
3232 4268 3419 4321 parare

1848 4342 2256 4411 comperissent,
2288 4350 2489 4397 etcum
2519 4344 2610 4396 illo
2651 4344 2901 4412 congredi
2944 4343 3286 4400 vehementer
3329 4360 3413 4399 re-

1852 4431 2216 4499 formidarent,
2248 4433 2425 4488 missis
2473 4433 2659 4502 legatis
2708 4448 2890 4504 pacem
2920 4434 2986 4488 ab
3014 4449 3078 4489 eo
3124 4435 3419 4503 postulave-

1771 4497 1824 4557 Ῑ)
1851 4531 1990 4577 runt.
2024 4522 2204 4593 Itaque
2228 4525 2513 4594 imperator
2534 4528 2680 4595 pacis
2704 4527 3115 4592 amantissimus,
3143 4527 3419 4583 Persarum

1850 4616 2115 4685 legatione
2143 4617 2369 4686 benigne
2394 4627 2663 4685 suscepta,
2694 4631 2877 4685 pacem
2908 4626 2962 4671 et
2987 4617 3270 4671 amicitiam
3300 4632 3421 4671 cum

1851 4709 1929 4761 eis
1954 4708 2183 4763 libenter
2213 4708 2427 4776 pepigit.
2449 4707 2771 4777 Aderatjam
2806 4723 2992 4777 magna
3017 4708 3278 4777 paschalis
3307 4711 3423 4763 festi

1852 4798 2167 4852 solemnitas
2197 4817 2208 4850 :
2241 4800 2292 4851 in
2321 4814 2423 4869 qua
2468 4800 2758 4869 imperator
2798 4810 2917 4854 vota
2949 4799 3058 4855 Deo
3094 4784 3423 4869 persolvens,

1856 4903 1955 4943 una
1979 4902 2097 4942 cum
2120 4890 2328 4942 czetcris
2360 4892 2705 4957 pernoctavit.

2418 5023 2645 5078 CAPUT
2686 5021 2862 5077 LVIII.

2097 5112 2169 5166 De
2200 5114 2569 5166 constructione
2592 5114 2825 5182 martyrii
2852 5114 3197 5182 apostolorum

2421 5202 2873 5270 Constantinopoli.

1932 5315 2176 5369 Posthmc
2191 5316 2241 5369 in
2262 5316 2569 5369 memoriam
2589 5315 2948 5383 apostolorum
2979 5316 3285 5385 martyrium
3305 5318 3432 5371 ardi-

1860 5405 2019 5459 ﬁcare
2040 5405 2203 5473 coepit
2229 5405 2278 5457 in
2303 5405 2433 5459 urbe
2454 5404 2552 5457 sibi
2573 5408 2909 5473 cognomine.
2928 5406 3164 5474 Cumque
3179 5408 3433 5476 templum

1859 5510 2019 5550 omne
2048 5496 2099 5547 in
2124 5494 2437 5547 immensam
2476 5494 2807 5547 altitudinem
2842 5495 3150 5559 extulisset,
3180 5498 3326 5550 vario
3358 5499 3436 5552 la-

1874 5585 2055 5655 pidum
2086 5598 2283 5653 genere
2314 5582 2645 5652 splendidum
2676 5582 2935 5647 reddidit,
2968 5597 2998 5635 a
3024 5584 3141 5637 solo
3172 5584 3234 5637 ad
3263 5599 3445 5641 came-

1897 5690 2009 5731 ram
2038 5689 2207 5746 usque
2241 5674 2554 5730 marmoreis
2592 5671 2786 5727 crustis
2826 5671 2953 5725 illud
2995 5672 3257 5741 operiens.
3288 5662 3472 5742 Porro
