3876 6218
409 355 474 407 87
1722 330 1984 387 ΙέυδΕΙῖΙΙ

2106 325 2346 381 .MI‘IIIIJ
3580 308 3647 363 38

412 476 672 515 cameram
711 458 1046 511 lacunaribus
1078 451 1413 507 minutissimi
1455 449 1634 518 operis
1674 445 1943 500 obducens
1965 484 1978 506 ,
2009 443 2058 502 Α
2087 439 2281 506 templo
2309 447 2598 507 martyrum
2629 435 2716 488 ditt
2752 440 3125 492 cottnuoratus,
3158 429 3570 497 supplicationes
3595 433 3649 477 ct

415 561 578 604 totam
612 563 742 601 auro
765 545 1145 600 imbracteavit.
1181 542 1246 594 Et
1271 557 1429 606 supra
1459 538 1691 606 quidem,
1722 552 1794 588 (es
1826 545 1974 601 tegu-

415 641 583 692 larum
629 640 743 696 loco
774 637 1107 702 impositum,
1139 633 1387 684 universo
1426 628 1648 680 :edificio
1684 628 1978 679 munimen-

419 741 526 780 ttnn
577 729 830 779 adversus
873 725 1068 776 imbres
1112 721 1396 790 praebebat.
1436 716 1583 784 Quod
1626 716 1804 768 itidem
1851 728 1979 766 auro

418 817 646 886 plurimo
659 814 990 880 superfusum
1007 810 1398 879 resplendebat;
1422 809 1553 861 adeo
1574 817 1626 859 ttt
1643 805 1817 872 procul
1833 818 1983 871 spec-

418 907 642 960 tantium
699 905 878 956 oculos
930 902 1131 969 fulgore
1177 899 1604 966 praestiugueret,
1653 896 1781 946 solis
1825 893 1984 947 radiis

422 995 544 1048 teris
570 993 778 1061 objectu
811 990 1158 1058 repercussis.
1185 987 1375 1040 ’l‘otum
1413 1001 1538 1038 vero
1572 984 1822 1037 solarium
1858 983 1983 1035 reti.

422 1081 610 1135 culatis
645 1080 954 1146 quibusdam
995 1077 1304 1146 anaglypltis
1325 1090 1388 1128 ex
1420 1089 1525 1128 tere
1564 1084 1615 1127 et
1647 1086 1777 1125 auro
1815 1070 1986 1124 fabre-

423 1173 577 1226 factis
600 1179 713 1223 erat
737 1169 1141 1222 circumdatum.

1014 1274 1236 1330 CAPUT
1278 1273 1406 1328 LIX.

804 1367 1082 1434 Descriptio
1109 1363 1332 1428 eiusdem
1361 1361 1614 1430 Martyrii.

498 1463 573 1514 Ac
603 1460 855 1526 templum
911 1456 1122 1524 quidem
1170 1456 1339 1522 ipsum
1375 1454 1604 1505 maximo
1655 1451 1991 1518 imperatoris

428 1551 605 1606 studio
651 1551 787 1602 hunc
831 1548 882 1600 itt
928 1547 1140 1599 modum
1199 1542 1574 1597 exornabatur.
1622 1540 1772 1594 Circa
1823 1541 1991 1606 ipsum

433 1640 686 1706 templum
714 1637 898 1703 ingens
923 1643 1037 1688 erat
1066 1649 1209 1697 area,
1242 1633 1410 1685 libero
1440 1646 1500 1683 ac
1533 1640 1741 1696 patente
1769 1629 1995 1695 desuper

432 1733 584 1785 ccelo.
615 1729 777 1795 Cujus
811 1727 874 1779 ad
914 1734 1139 1795 quatuor
1187 1725 1368 1784 latera,
1423 1722 1656 1790 porticus
1702 1729 1854 1773 erant
1895 1719 1992 1772 sibi

436 1825 663 1877 invicem
695 1823 1011 1888 conjunctar,
1043 1833 1160 1885 qua:
1190 1832 1366 1869 arcam
1419 1816 1468 1868 in
1501 1815 1674 1867 medio
1714 1815 1866 1866 sitam
1897 1830 1995 1865 una
2027 1796 2073 1853 Β

437 1930 555 1967 cum
581 1913 693 1978 ipso
717 1910 912 1977 templo
938 1907 1437 1974 circumcingebant.
1466 1904 1722 1956 Praeterea
1746 1902 2001 1973 basilicm;

435 2003 669 2063 lavacra,
699 1999 985 2051 diversoria
1006 2007 1057 2050 et
1083 1997 1180 2049 alia
1207 1995 1429 2063 plurima
1455 1993 1747 2045 habitacula
1770 1993 1832 2043 ad
1853 2008 2002 2045 usum

441 2106 622 2144 eorum
654 2090 740 2154 qui
777 2090 947 2141 locum
974 2087 1376 2150 custodiebant,
1420 2084 1707 2154 porticibus
1735 2085 2002 2152 applicita,

435 2194 616 2235 earum
647 2178 1022 2246 longitudinem
1045 2177 1340 2244 aequabant.

1042 2285 1262 2341 CAPUT
1300 2285 1411 2338 LX.

513 2382 662 2448 Quod
689 2383 836 2434 etiam
857 2382 907 2432 in
931 2396 984 2433 eo
1013 2380 1198 2446 templo
1224 2378 1506 2445 sepulcrum
1530 2378 1622 2428 sibi
1648 2377 1930 2443 aediﬁcavit.

513 2491 636 2544 Iitec
680 2489 854 2543 omnia
905 2488 1167 2541 dedicavit
1214 2488 1501 2553 imperator
1541 2501 1606 2537 eo
1651 2487 1891 2546 consilio,
1950 2497 2004 2538 ιιι

442 2581 802 2649 apostolorum
835 2578 1132 2633 Servatoris
1167 2578 1332 2629 nostri
1362 2576 1666 2629 memoriam
1699 2576 1922 2644 posteris
1952 2576 2003 2626 in

444 2681 751 2741 perpetuum
801 2671 1214 2724 commendaret.
1240 2669 1341 2722 Sed
1374 2678 1426 2722 et
1471 2669 1610 2721 aliud
1639 2669 1903 2737 quidpiam
1949 2666 2001 2718 in

442 2773 624 2817 mente
675 2763 893 2826 habens,
929 2763 1096 2816 tndem
1126 2762 1267 2814 illam
1315 2761 1644 2814 construxit:
1686 2760 1822 2827 quod
1856 2759 2004 2811 initio

443 2854 658 2920 quidem
686 2854 988 2912 obscurum,
1022 2852 1230 2904 tandem
1264 2865 1388 2904 vero
1431 2849 1675 2902 onmibus
1717 2849 1814 2900 sub
1847 2847 2002 2900 tinent

447 2946 691 2998 innotuit.
724 2943 930 3011 Quippe
960 2943 1069 3010 ipse
1099 2941 1236 2994 hunc.
1264 2940 1362 2992 sibi
1409 2941 1578 2992 locum
1615 2948 1732 3006 post
1779 2948 2002 2990 mortem

450 3034 847 3102 designavcrat;
879 3031 1174 3084 incredibili
1205 3030 1321 3082 tidei
1351 3029 1619 3081 alacritate
1652 3029 2001 3094 prospiciens,

445 3133 504 3175 ut
530 3138 723 3189 corpus
749 3137 898 3174 suum
949 3134 1282 3172 connnunem
1326 3133 1442 3170 cum
1474 3117 1726 3184 apostolis
1775 3117 2006 3183 appella-
2031 3136 2075 3195 ρ

447 3215 644 3266 tionem
677 3222 793 3279 post
843 3211 1043 3262 obitum
1095 3210 1411 3261 sortiretur:
1443 3222 1546 3270 quo
1587 3207 1786 3259 scilicet
1819 3223 1999 3273 preca-

446 3307 647 3358 tionunt
680 3317 795 3371 qua:
823 3302 872 3353 in
902 3301 1153 3353 honorem
1183 3299 1542 3365 apostolorum
1572 3299 1640 3352 ibi
1672 3298 2006 3351 celebranda:

449 3403 617 3455 erant,
665 3393 822 3446 etiam
867 3400 1105 3443 mortuus
1155 3389 1417 3455 particeps
1463 3389 1630 3440 lieret.
1673 3386 1800 3438 Cum
1854 3387 2006 3453 igitur

450 3481 724 3534 duodecim
759 3480 861 3532 illic
888 3492 1093 3544 capsas,
1126 3478 1272 3546 quasi
1305 3491 1482 3528 sacras
1527 3476 1776 3543 quasdam
1809 3475 2008 3527 colunt-

453 3585 549 3624 nas
593 3571 643 3622 in
700 3572 952 3622 honorem
1013 3581 1074 3618 ac
1118 3566 1427 3619 memoriam
1482 3566 1753 3632 apostolici
1802 3565 2006 3631 collegii

450 3660 728 3720 erexisset,
778 3671 923 3708 suam
970 3656 1131 3722 ipsius
1174 3669 1346 3706 arc.nn
1400 3656 1451 3706 in
1500 3655 1673 3707 medio
1719 3655 2003 3714 constituit,

452 3764 570 3817 quae
610 3763 763 3801 senas
809 3749 1052 3813 utrinque
1101 3747 1458 3812 apostolorum
1512 3759 1696 3812 capsas
1728 3746 2007 3812 dispositas

453 3839 698 3892 habebat.
742 3838 911 3904 Atque
944 3837 992 3887 id
1023 3837 1070 3887 itt
1105 3851 1167 3888 eo
1198 3836 1313 3887 loco
1361 3835 1443 3886 uhi
1472 3849 1662 3901 corpus
1691 3837 1850 3903 ipsius
1893 3845 2009 3902 post

449 3938 673 3982 mortem
725 3926 976 3979 decenter
1028 3924 1399 3991 deponendum
1445 3933 1606 3985 esset,
1663 3927 2009 3979 solertissime

450 4018 698 4086 providit.
730 4016 819 4068 His
867 4015 954 4067 ille
984 4015 1070 4066 ditt
1104 4024 1254 4066 antea
1287 4014 1458 4079 sagaci
1504 4024 1678 4066 mente
1719 4015 2004 4079 tliSpositis,

453 4110 618 4162 tndem
649 4109 902 4175 apostolis
930 4107 1288 4168 consecravit;
1339 4120 1429 4173 pro
1465 4115 1608 4157 certo
1653 4107 1750 4158 sibi
1798 4122 2008 4173 persua-

453 4203 605 4265 dens,
642 4202 826 4253 horum
855 4201 1162 4251 memoriam
1193 4213 1293 4249 non
1338 4213 1518 4263 parum
1550 4196 1791 4248 utilitatis
1819 4198 2008 4248 anima:

455 4305 561 4343 suce
592 4303 709 4342 esse
734 4288 1029 4339 allaturam.
1061 4285 1167 4338 Nec
1195 4300 1321 4336 vero
1360 4286 1494 4336 Dens
1524 4299 1641 4336 eum
1685 4296 1808 4337 voto
1853 4295 2008 4354 atque

452 4378 846 4445 cXSpectatione
879 4389 969 4426 sua
998 4373 1278 4424 frustratus
1329 4383 1426 4424 est.
1476 4371 1602 4424 Nam
1647 4388 1764 4424 cum
1816 4375 2009 4440 primas

453 4467 716 4532 paschalis
767 4465 886 4518 festi
952 4461 1358 4515 exercitationes
1406 4460 1625 4514 obiisset
1657 4501 1670 4523 ,
1731 4463 2008 4531 ipsumque
2037 4488 2084 4544 D

453 4555 754 4610 Servatoris
803 4555 965 4604 nostri
1023 4551 1183 4612 diem,
1219 4561 1325 4602 tum
1370 4549 1470 4602 sibi
1516 4558 1622 4601 tum
1673 4551 1788 4602 aliis
1840 4552 2010 4603 omni-

453 4647 551 4701 bus
579 4647 754 4697 lzctum
783 4653 938 4710 atque
966 4642 1187 4694 hilarem
1213 4641 1559 4699 reddidisset;
1594 4642 1634 4693 is
1667 4641 1812 4694 illum
1854 4644 2010 4695 rebus

454 4738 743 4796 intentmn,
795 4744 847 4786 et
913 4734 962 4784 in
1016 4731 1313 4799 huiusmodi
1369 4730 1616 4798 operibus
1684 4741 2008 4796 perstantem

451 4839 616 4890 usque
643 4822 704 4873 ad
733 4823 927 4873 exitum
957 4821 1096 4878 vitae,
1128 4819 1264 4871 Deus
1288 4820 1436 4884 cujus
1467 4818 1663 4869 auxilio
1709 4829 1893 4870 Cttncta
1919 4834 2009 4884 ge-

455 4912 620 4971 rebat,
657 4921 951 4977 Opportune
1002 4907 1213 4960 tandem
1246 4921 1365 4959 cum
1406 4906 1468 4958 ad
1507 4906 1778 4958 meliorem
1809 4916 2005 4960 sortem

453 4999 739 5054 transferre
764 5000 1008 5066 dignatus
1029 5008 1129 5051 est.

1029 5106 1249 5162 CAPUT
1288 5107 1420 5160 LXI.

454 5202 778 5272 Imperatoris
805 5199 1067 5267 (egritudo,
1103 5209 1145 5250 ct
1172 5200 1416 5250 orationes
1445 5197 1764 5265 Helenopoti.
1797 5196 1926 5250 Item
1944 5197 2005 5250 de

1031 5289 1138 5355 ejus
1160 5286 1424 5352 baptismo.

523 5393 780 5459 Principio
824 5389 1033 5457 quidem
1066 5389 1338 5456 inaequalis
1364 5390 1601 5457 corporis
1629 5389 2000 5458 intemperies;

451 5483 686 5551 p05thaec
711 5481 924 5532 morbus
949 5493 1066 5531 eum
1097 5479 1301 5530 invasit.
1328 5479 1508 5546 itaque
1538 5479 1599 5531 ad
1627 5494 1789 5547 aquas
1810 5479 2005 5533 calidas

446 5573 676 5627 civitatis
722 5587 829 5623 sua:
862 5583 1166 5636 progressus
1190 5611 1202 5630 ,
1251 5569 1370 5622 inde
1401 5570 1762 5636 llelenopoliut
1803 5570 2007 5622 delatus

442 5678 542 5732 est,
575 5664 757 5719 urbem
787 5660 966 5714 matris
987 5675 1096 5714 suae
1114 5661 1326 5715 nomine
1352 5661 1664 5730 appellatam
1700 5677 1713 5712 :
1748 5657 1920 5727 ibique
1948 5659 1998 5712 in

2086 544 2269 598 preces
2293 528 2479 581 obtulit
2507 528 2636 581 Deo.
2662 524 2899 592 Cunnpte
2925 532 3215 575 extremum
3245 520 3363 571 vita:
3385 517 3525 570 diem
3546 514 3648 567 sibi

2079 621 2185 687 jam
2221 621 2498 672 imminere
2527 617 2768 677 sentiret,
2795 624 3000 680 tempus
3024 610 3230 662 tandem
3254 608 3444 660 adesse
3468 604 3651 658 existi-

2085 709 2261 771 mavit,
2294 722 2395 774 quo
2442 707 2598 757 totius
2648 706 2765 754 vitae
2807 702 2994 754 delicta
3041 700 3302 765 expiaret;
3340 692 3649 746 ﬁrmissime

2085 798 2326 860 credens,
2356 808 2699 862 qutecuutque
2729 792 3030 844 humanitus
3056 787 3396 857 peccavisset,
3431 794 3652 834 arcano—

2087 904 2200 941 rum
2247 887 2526 938 verborum
2575 883 2804 936 eflieat-ia
2848 891 2897 933 ct
2929 878 3148 932 salutari
3192 877 3401 928 lavacro
3446 871 3655 940 penitus

2087 991 2204 1030 esse
2240 975 2482 1028 delenda.
2517 974 2639 1026 llaec
2669 988 2788 1024 eum
2833 970 2968 1038 apud
3021 983 3077 1020 sc
3128 971 3459 1032 reputaSsct,
3517 974 3656 1028 genu

2088 1069 2224 1122 flexo
2261 1067 2402 1120 humi
2434 1065 2804 1132 procumbens,
2832 1061 3041 1113 veniam
3089 1074 3116 1110 a
3163 1057 3268 1109 Deo
3311 1053 3531 1120 supplex
3563 1063 3660 1116 po-

2089 1163 2277 1230 poscit,
2321 1168 2530 1228 peccata
2564 1172 2656 1211 sua
2687 1155 2946 1209 conﬁtens
2991 1153 3041 1204 iu
3086 1151 3198 1218 ipso
3229 1145 3521 1215 Martyrio:
3553 1157 3662 1210 quo

2091 1252 2142 1306 iu
2174 1251 2287 1303 loco
2334 1263 2579 1302 manuum
2614 1245 3002 1312 impOsitionem
3034 1255 3151 1294 cum
3197 1237 3419 1290 solemni
3464 1248 3656 1301 prcca-

2095 1343 2233 1394 lione
2273 1342 2494 1406 primunt
2526 1337 2713 1389 meruit
2763 1335 3020 1400 accipere.
3083 1331 3209 1382 llinc
3258 1326 3322 1378 ad
3353 1323 3664 1378 suburbana

2091 1428 2406 1483 Nicomedia.-
2445 1426 2750 1493 digressus;
2799 1420 3103 1476 convocatis
3143 1413 3436 1485 episc0pis,
3487 1413 3564 1464 sic
3596 1410 3663 1462 ad

2096 1534 2188 1574 eos
2219 1519 2375 1574 verba
2409 1518 2550 1572 fecit.

2663 1627 2886 1685 CAPUT
2928 1626 3080 1680 LXII.

2102 1729 2292 1792 Quibus
2340 1726 2497 1779 verbis
2529 1723 2879 1777 Constantinus
2921 1716 3184 1786 postularit
3222 1713 3282 1764 ab
3321 1710 3567 1777 episcopis
3613 1716 3671 1758 ut

2505 1815 2801 1882 baptismum
2830 1809 2920 1861 sibi
2947 1809 3246 1873 conferrent.

2181 1945 2198 1974 ‹
2231 1926 2337 1977 lloc
2355 1934 2466 1977 erat
2501 1935 2704 1989 tempus
2731 1919 2864 1987 quod
2891 1915 3188 1985 jamdudum
3218 1910 3515 1979 sperabam,
3541 1922 3667 1960 cum

2106 2016 2396 2070 incredibili
2425 2013 2707 2081 cupiditate
2733 2009 2992 2065 arderem,
3029 2005 3264 2068 votisque
3291 2001 3537 2053 omnibus
3567 1998 3670 2049 dc-

2104 2106 2390 2160 siderarem
2422 2104 2642 2155 salutem
2674 2101 2721 2152 in
2757 2102 2860 2151 ι)ρο
2889 2093 3155 2161 consequi.
3187 2091 3297 2144 Jam
3325 2100 3530 2154 tempus
3557 2095 3667 2148 est,

2104 2211 2158 2254 ut
2196 2200 2398 2266 signum
2443 2197 2564 2248 illud
2604 2192 2740 2261 quod
2788 2188 3235 2243 immortalitatem
3282 2181 3517 2239 confert,
3564 2191 3670 2230 nos

2103 2304 2310 2358 quoque
2340 2287 2706 2355 percipianms;
2742 2292 2946 2347 tempus
2985 2287 3081 2339 est,
3115 2284 3169 2328 ut
3199 2272 3445 2325 salutaris
3482 2270 3669 2333 signa-

2103 2381 2204 2434 culi
2258 2380 2535 2446 participes
2567 2365 2769 2427 liamus.
2819 2372 3070 2438 Equidem
3116 2367 3239 2419 olim
3291 2372 3576 2415 statueram
3611 2360 3665 2412 id

2103 2489 2259 2540 agere
2298 2474 2346 2523 in
2377 2470 2590 2522 ﬂumine
2633 2466 2892 2524 .Iordane,
2935 2463 2984 2514 in
3016 2473 3117 2526 quo
3161 2457 3409 2509 Servator
3451 2453 3563 2518 ip~e
3594 2451 3667 2501 ad

2103 2561 2400 2625 exemplum
2421 2565 2682 2618 nostrum,
2713 2546 3283 2612 lavacrumsuscepissc
3313 2550 3663 2593 memoratur.

2104 2649 2204 2703 Sed
2232 2651 2368 2702 Deus
2394 2647 2480 2715 qui
2521 2645 2716 2709 Optime
2743 2643 2885 2693 novit
2915 2654 2973 2689 ea
3014 2651 3129 2704 qua:
3157 2632 3306 2686 nobis
3337 2630 3481 2682 utilia
3513 2637 3666 2688 sunt,

2104 2737 2204 2791 hoc
2230 2737 2278 2789 itt
2310 2737 2426 2788 loco
2455 2734 2602 2786 nobis
2624 2732 2847 2796 idipsutn
2873 2725 3123 2780 exhibere
3141 2722 3400 2788 dignatur.
3430 2716 3669 2769 Proinde

2104 2830 2274 2880 omnis
2305 2831 2633 2878 removeatur
2655 2818 2928 2872 dubitatio.
2953 2814 3081 2867 Nam
3111 2813 3151 2863 si
3182 2809 3390 2878 quidem
3427 2807 3562 2858 Deus
3581 2807 3666 2857 vi-

2107 2928 2170 2970 tre
2199 2919 2486 2982 mortisque
2517 2913 2730 2974 arbiter,
2766 2908 2849 2962 hic
2877 2922 2961 2960 me
2990 2905 3185 2958 diutius
3209 2902 3367 2953 vitam
3393 2912 3548 2966 agere
3565 2910 3667 2947 vo-

2107 3008 2286 3066 luerit;
2316 3005 2470 3072 idque
2495 3001 2660 3056 semel
2689 3000 2952 3052 decretum
2979 3004 3078 3058 est,
3109 3003 3156 3044 ut
3192 2993 3240 3044 in
3273 2996 3537 3058 posterum
3557 3001 3665 3038 una

2107 3111 2223 3150 cum
2249 3095 2442 3164 populo
2470 3093 2559 3145 Dei
2589 3090 2928 3158 permisccar,
2958 3096 3009 3138 et
3032 3087 3081 3136 in
3114 3082 3404 3136 Ecclesium
3432 3077 3670 3130 adscitus

2107 3203 2224 3240 cmn
2251 3184 2464 3250 reliquis
2495 3181 2735 3234 omnibus
2763 3179 3056 3231 orationum
3088 3172 3347 3240 particeps
3377 3167 3528 3230 fiam;
3569 3181 3668 3218 cas

2109 3274 2314 3328 vivendi
2340 3273 2478 3340 leges
2508 3269 2634 3322 mihi
2667 3267 3092 3337 prt‘escripturum
3137 3277 3219 3314 me
3249 3273 3366 3313 esse
3393 3257 3664 3326 spondeo,

2107 3382 2223 3434 qua:
2249 3368 2353 3418 sint
2372 3365 2474 3417 Deo
2502 3363 2690 3428 dignm.
2708 3359 2926 3412 ι-Ηωε
2941 3372 3056 3410 cum
3075 3355 3312 3414 dixisset,
3338 3351 3416 3403 illi
3439 3350 3666 3403 solemni

2110 3457 2212 3507 rittt
2239 3453 2442 3504 divinas
2467 3448 2809 3503 ceremonias
2847 3452 3190 3512 peregerunt.
3233 3439 3583 3506 iujttnctisque
3614 3437 3666 3490 ei

2109 3555 2450 3611 quaecumque
2493 3539 2782 3592 necessaria
2831 3545 3013 3598 erant,
3063 3546 3332 3584 sacrorum
3383 3528 3669 3595 mysterio-

2109 3649 2223 3687 rum
2267 3631 2570 3699 participem
2619 3644 2736 3681 eum
2770 3627 2958 3679 fecere.
2991 3624 3142 3677 Solus
3189 3621 3342 3688 igitur
3383 3634 3447 3672 ex
3493 3617 3669 3670 mutti-

2112 3724 2204 3775 bus
2227 3723 2312 3787 qui
2344 3736 2568 3788 unquam
2604 3719 2809 3770 fuerunt
2837 3713 3241 3781 imperatoribus
3261 3708 3665 3765 Constantinus.

2111 3814 2160 3866 in
2189 3812 2382 3864 Christi
2415 3810 2680 3878 tnartyriis
2711 3816 2921 3859 rcnatus
2946 3815 2996 3856 ct
3037 3808 3430 3854 consummatus
3457 3808 3540 3850 est
3567 3813 3578 3849 :
3609 3806 3670 3848 et

2111 3902 2286 3954 divino
2313 3901 2534 3953 donatus
2557 3899 2847 3966 signaculo,
2872 3893 3323 3960 exultavitspiritu
3354 3899 3669 3942 renovatus-

2110 4007 2212 4058 quc
2247 4000 2356 4048 est.
2388 4004 2446 4042 ac
2489 3987 2660 4039 divina
2705 3988 2818 4038 luce
2850 3985 3098 4051 repletus.
3132 3982 3196 4033 Et
3233 3983 3406 4032 animo
3451 3977 3666 4045 quidem

2113 4081 2392 4133 maximam
2429 4078 2666 4145 capiebat
2694 4079 3008 4138 voluptatem
3037 4076 3105 4126 ob
3138 4073 3252 4125 lidci
3275 4071 3666 4123 excellentium

2111 4173 2554 4227 evidentissimam
2581 4178 2753 4222 autem
2777 4169 2964 4219 divina:
2983 4164 3226 4232 potentia:
3255 4162 3668 4227 magnitudinem

2111 4263 2363 4316 attonitus
2409 4262 2713 4313 mirabatur.
2761 4258 3040 4322 Postquam
3089 4259 3261 4305 omnia
3312 4252 3408 4304 rite
3451 4250 3670 4314 impleta

2111 4361 2254 4412 sunt,
2282 4349 2516 4404 camlidis
2537 4363 2598 4400 ac
2618 4348 2773 4414 regiis
2797 4345 3027 4398 vestibus
3060 4344 3189 4394 lucis
3218 4343 3382 4393 instar
3414 4339 3673 4391 radianti-

2112 4441 2208 4494 bus
2237 4448 2317 4492 est
2344 4440 2582 4499 amictus,
2615 4446 2666 4488 et
2713 4433 3085 4487 candidissimo
3117 4435 3166 4486 iu
3211 4431 3346 4482 lecto
3386 4428 3626 4481 recubuit
3655 4444 3668 4490 ;

2113 4547 2207 4586 nec
2233 4545 2516 4599 purpuram
2540 4529 2846 4594 contingere
2875 4525 3099 4593 amplius
3125 4523 3308 4576 voluit.

2667 4637 2887 4692 CAPUT
2926 4635 3102 4690 LXIII.

2289 4732 2552 4798 Quomodo
2582 4741 2689 4799 post
2721 4731 3019 4798 baptismum
3053 4727 3211 4780 Deum
3244 4728 3485 4782 laudavit.

2182 4845 2421 4899 Posthaec
2461 4844 2663 4896 sublata
2692 4843 2848 4896 altius
2875 4858 3001 4896 voce
3030 4883 3042 4904 ,
3075 4842 3438 4910 prccabuudus
3470 4844 3670 4910 gratias

2109 4937 2216 5005 egit
2238 4938 2370 4988 Deo:
2393 4943 2442 4988 et
2466 4934 2609 4986 finita
2637 4932 2934 5000 precatione
2962 4933 3072 4983 brec
3101 4931 3339 4998 subjecit.
3373 4949 3390 4981 ι
3415 4931 3565 4985 Nunc
3585 4948 3671 4986 me

2109 5041 2291 5080 revera
2333 5027 2542 5078 beatum
2584 5039 2731 5087 esse;
2782 5037 2920 5076 nunc
2957 5022 3238 5074 immortali
3270 5022 3372 5073 vita
3409 5022 3666 5090 dignum;

2111 5131 2248 5170 nunc
2274 5116 2462 5168 divina:
2487 5121 2783 5180 compotem
2817 5112 2944 5164 lucis
2971 5110 3163 5166 factum
3204 5124 3320 5164 esse
3341 5125 3625 5178 cognosco.
3643 5132 3663 5163 ι

2112 5207 2331 5260 Miseros
2352 5219 2560 5272 quoque
2581 5212 2633 5255 et
2655 5201 2888 5255 infelices
2917 5217 3035 5253 esse
3060 5201 3249 5266 aiebat,
3277 5202 3362 5269 qui
3383 5202 3540 5253 tantis
3570 5204 3668 5255 bo-

2115 5299 2195 5353 nis
2225 5297 2568 5365 privarentur.
2601 5292 2835 5360 Cumque
2867 5292 3058 5343 tribuni
3079 5306 3139 5344 ac
3169 5291 3330 5343 duces
3357 5292 3670 5346 militarium

2112 5390 2378 5458 Copiarum
2411 5386 2738 5454 introgressi,
2774 5385 2937 5436 vicem
2969 5399 3115 5435 suam
3146 5384 3386 5435 dolerent
3413 5386 3554 5451 quod
3583 5400 3672 5438 or-

2113 5479 2208 5534 bos
2240 5480 2378 5545 ipsos
2406 5476 2747 5542 relinqueret,
2779 5483 2829 5526 et
2872 5473 3161 5540 longiorem
3207 5472 3300 5537 ipsi
3331 5473 3489 5524 vitam
3519 5490 3674 5529 cont-

2114 5577 2485 5636 prccarcntur;
2511 5563 2591 5615 his
2612 5564 2768 5615 etiam
2798 5563 3143 5628 reSpondens,
3170 5576 3305 5614 nunc
3330 5561 3544 5616 demum
3575 5581 3672 5620 ve-

2116 5673 2222 5710 ram
2254 5673 2310 5711 se
2334 5655 2486 5708 vitam
2507 5654 2749 5721 adeptum
2777 5665 2896 5706 esse
2925 5650 3074 5714 dixit,
3095 5665 3256 5719 seque
3287 5665 3442 5705 unum
3465 5657 3671 5721 Optime
