3876 6218
201 323 263 380 89
1269 318 1351 371 llE
1389 316 1546 371 VITA
1587 312 2024 368 CONSTAN'I‘INI
2065 313 2261 368 LIBER
2303 312 2386 367 IV.
3348 299 3418 353 90

212 449 376 496 nosse,
405 442 728 502 quantorum
762 431 1015 484 bonorum
1049 433 1310 498 particeps
1350 430 1518 483 factus
1559 428 1758 480 fuisset.
1787 431 1840 486 Α

206 528 420 583 Proinde
463 540 756 593 properare
811 541 904 586 se,
951 535 1000 578 et
1058 523 1434 592 profectionem
1483 519 1546 572 ad
1595 520 1754 570 Deum

209 633 344 671 suum
390 617 526 668 nulla
577 617 1012 682 tergiversatione
1045 613 1277 667 dili'erre.
1322 611 1538 680 Singula
1567 609 1757 662 deinde

214 721 298 776 pro
341 706 548 758 arbitrio
581 719 682 757 suo
712 705 988 771 disposuit.
1044 705 1117 758 Ac
1149 703 1398 756 Romanis
1430 701 1641 768 quidem
1675 714 1758 751 re-

214 795 335 862 giam
365 793 538 846 urbem
569 795 926 846 ineolcntibus
951 809 1125 845 annua
1153 793 1392 862 quazdam
1425 806 1642 844 munera
1677 790 1756 844 le-

213 883 356 950 gavit.
387 881 501 935 Suis
545 893 726 934 autem
760 882 940 935 liberis
981 882 1256 949 imperium
1301 882 1442 932 velut
1487 889 1754 946 paternam

215 973 551 1027 hereditatem
580 973 823 1040 reliquit;
870 982 1057 1026 cuncta
1110 981 1266 1041 prout
1306 972 1404 1040 ipsi
1455 971 1754 1036 videbatur,

214 1062 535 1116 constituens.

765 1172 983 1229 CAPUT
1024 1172 1199 1228 LXIV.

217 1287 504 1343 Constantini
525 1304 664 1341 morr
691 1288 772 1340 die
802 1289 925 1356 ferto
957 1288 1293 1351 Pentecostes,
1321 1288 1455 1340 circa
1482 1287 1753 1340 meridiem.

275 1400 427 1454 Porro
445 1402 551 1454 haec
579 1401 756 1454 omnia
775 1402 1093 1469 gerebantur
1115 1401 1164 1452 in
1191 1400 1418 1452 maxima
1448 1400 1532 1451 illa
1567 1399 1756 1451 solent-

221 1492 363 1546 nitate
393 1494 705 1546 veneranda:
737 1502 790 1545 et
832 1494 1196 1546 saeratiSsimze
1228 1493 1569 1545 l’enteCostes
1596 1509 1607 1542 :
1641 1506 1757 1559 quin

221 1584 492 1649 septenario
524 1583 915 1636 hebdomadam
964 1599 1182 1637 numero
1224 1583 1470 1637 decorata
1497 1623 1511 1647 ,
1561 1584 1758 1634 unitate

219 1671 514 1738 obsignatur.
553 1672 611 1725 In
635 1687 733 1740 qua
753 1683 804 1726 et
834 1675 1127 1726 communis
1154 1672 1449 1726 Servatoris
1478 1684 1754 1723 ascensum

221 1762 265 1816 in
302 1764 454 1818 caelos
472 1805 486 1825 ,

223 1855 476 1920 contigisse
502 1868 668 1906 sacrze
698 1855 883 1906 litterae
915 1862 1191 1906 testantur.
1222 1852 1275 1905 In
1307 1867 1367 1904 ca
1390 1851 1545 1918 igitur
1565 1851 1757 1903 solem-

223 1945 362 1998 nitate
390 1943 677 2012 lmperator
703 1944 944 2013 luncqute
973 1944 1198 1997 diximus
1225 1953 1556 2006 consecutus,
1576 1942 1756 1995 ultima

227 2034 410 2086 tandem
435 2035 542 2097 die,
578 2049 731 2101 quam
757 2036 799 2086 si
823 2034 937 2101 quis
963 2035 1194 2087 omnium
1229 2032 1560 2085 festivitatem
1596 2034 1759 2085 maxi-

225 2137 346 2176 mam
374 2136 554 2186 vocet,
589 2124 984 2192 haudquaquam
1018 2140 1135 2178 meo
1161 2125 1356 2191 judicio
1401 2124 1754 2189 aberraverit,

225 2215 344 2267 circa
369 2218 636 2270 meridiem
680 2217 919 2284 migravit
971 2216 1033 2268 ad
1091 2217 1394 2278 Dominum;
1450 2215 1758 2268 mortalibus

225 2306 412 2373 quidem
449 2315 651 2374 partem
689 2310 767 2358 sui
802 2307 1073 2358 mortalem
1109 2307 1409 2373 relinquens
1441 2323 1452 2356 :
1492 2321 1605 2358 eam
1634 2320 1759 2357 vero

227 2397 393 2447 anima:
437 2406 639 2463 partem
684 2411 799 2464 qua:
831 2397 1170 2463 intelligentia
1205 2404 1254 2448 et
1297 2410 1473 2447 amore
1507 2395 1596 2448 Dei
1629 2410 1761 2461 prm-

229 2483 321 2535 dita
350 2495 476 2548 erat,
521 2485 630 2538 Deo
658 2499 754 2538 suo
781 2488 1123 2553 conjungcns.
1160 2485 1250 2537 llic
1276 2483 1620 2537 Constantino
1651 2486 1760 2538 exi-

229 2583 300 2626 tus
332 2575 442 2627 vita:
472 2574 583 2628 fuit.
616 2575 718 2630 Sed
748 2593 1022 2644 pergamus
1051 2576 1112 2629 ad
1139 2576 1356 2643 reliqua.

765 2666 986 2721 CAPUT
1023 2667 1180 2720 LXV.

542 2781 762 2835 Militum
796 2792 841 2834 et
875 2782 1177 2833 tribunorum
1203 2781 1443 2849 planctus.

291 2891 350 2944 Et
379 2900 694 2959 protectores
711 2889 919 2958 quidem
951 2891 1226 2956 omnisque
1253 2892 1563 2957 stipatorum
1587 2890 1756 2952 turba,

231 2982 480 3033 confestim
510 2981 786 3046 discerptis
810 2981 1040 3033 vestibus
1073 2995 1265 3047 pronos
1293 2994 1347 3032 se
1368 2981 1416 3032 in
1450 2990 1642 3031 terram
1670 2979 1760 3032 ab-

233 3067 448 3134 jicientes
499 3079 654 3138 caput
690 3070 802 3121 solo
845 3069 1148 3134 illitlebant,
1183 3070 1402 3136 ejulatus
1449 3079 1499 3121 et
1533 3070 1756 3121 lamenta

231 3170 334 3208 cum
365 3158 558 3224 planctu
595 3167 647 3209 et
674 3156 990 3210 clamoribus
1033 3158 1277 3218 edentes;
1312 3172 1536 3222 eumque
1590 3157 1759 3208 domi-
1789 3140 1832 3201 C

232 3260 340 3298 num
368 3256 511 3313 atque
539 3247 935 3314 Imperatorem,
962 3262 1058 3299 nec
1086 3255 1140 3298 ut
1171 3247 1438 3299 dominum
1465 3248 1555 3298 sed
1582 3260 1635 3299 ttt
1667 3263 1758 3314 pa-

231 3341 413 3386 rentem
442 3334 656 3402 piissimi
708 3334 853 3385 liberi
903 3334 1263 3387 inclamantes.
1296 3333 1517 3386 Tribuni
1560 3349 1682 3387 vero
1709 3343 1761 3389 et

231 3423 535 3475 centuriones
578 3433 932 3486 servatorem,
983 3425 1292 3491 prmsidem,
1338 3424 1472 3478 bene
1517 3425 1759 3478 meritum

231 3512 574 3579 prmdit'abant.
607 3513 811 3581 Reliqui
840 3515 1101 3567 exercitus
1130 3525 1389 3584 tamqunm
1429 3530 1613 3583 greges
1643 3518 1758 3582 qui-

232 3602 356 3667 dam,
383 3619 494 3656 cum
517 3606 655 3657 omni
680 3605 936 3657 modestia
964 3621 1023 3657 ac
1050 3607 1344 3658 reverentia
1366 3608 1621 3673 optimum
1646 3623 1761 3673 pas-

234 3699 382 3746 torem
404 3695 782 3747 desiderabant.
805 3694 956 3747 Plebs
987 3709 1212 3762 quoque,
1245 3710 1337 3761 per
1368 3696 1659 3748 universam
1687 3697 1760 3749 ci-

231 3785 422 3838 vitalem
452 3786 797 3847 discurrebat.
831 3788 1069 3839 intimum
1099 3787 1255 3838 animi
1287 3789 1367 3839 sui
1403 3788 1636 3840 dolorem
1667 3804 1759 3843 v0-

232 3875 514 3930 ciferatioue
561 3886 610 3929 et
640 3877 958 3929 clamoribus
1011 3878 1216 3928 abunde
1262 3877 1582 3944 significans.
1617 3878 1760 3932 Multi

234 3977 327 4030 pne
367 3965 565 4028 dolore,
607 3968 846 4019 attonitis
894 3968 1094 4019 similes
1136 3967 1490 4031 videbantur;
1543 3968 1762 4035 singulis

233 4053 353 4107 banc
381 4059 627 4125 propriam
676 4057 1032 4111 calamitatem
1070 4058 1453 4124 reputantibus,
1487 4073 1649 4126 seque
1681 4061 1761 4126 ip-

235 4159 312 4196 sos
337 4148 705 4214 plangentibus,
737 4160 791 4201 ut
819 4156 937 4216 pote
966 4150 1229 4201 communi
1254 4149 1487 4202 oumium
1525 4151 1665 4202 bono
1697 4165 1762 4205 ex

235 4233 320 4287 hac
345 4235 436 4287 vita
465 4237 681 4290 sublato.

759 4345 983 4401 CAPUT
1017 4345 1200 4400 LXVI.

2399 425 2623 480 CAPUT
2663 423 2863 478 LXVII.

1865 516 2128 582 Quomodo
2161 518 2310 569 etiam
2339 525 2448 582 post
2485 525 2693 566 mortem
2725 530 2755 564 a
2795 509 3054 564 comitibus
3094 517 3136 561 et
3179 506 3415 576 reliquis,

2173 605 2373 672 perinde
2396 621 2455 657 ac
2489 605 2653 668 vivus,
2684 601 2956 653 honoratus
2981 607 3069 651 est.

1927 717 2185 770 C;eterum
2218 715 2375 769 totius
2403 715 2664 769 exercitus
2688 712 2871 774 duces,
2897 711 3116 764 comites
3139 723 3344 776 quoque
3364 716 3418 762 et

1856 808 2043 875 reliqui
2070 806 2274 874 judices
2305 821 2364 859 ac
2387 805 2745 872 magistratus,
2773 801 2860 870 qui
2884 801 3038 854 etiam
3070 809 3220 851 antea
3253 798 3416 865 impe-

1858 909 2084 952 ratorem
2116 899 2335 952 adorare
2357 897 2494 949 soliti
2521 903 2689 957 erant,
2724 893 2924 962 pristini
2955 892 3114 944 moris
3136 890 3415 943 observan-

1860 990 1983 1042 tiam
2001 989 2295 1041 nullatenus
2322 995 2603 1048 mutantes,
2625 985 2774 1037 statis
2800 983 2944 1036 horis
2973 979 3412 1049 ingrediebantur;

1859 1088 1912 1133 et
1943 1081 2308 1146 imperatorem
2338 1079 2387 1131 iu
2411 1091 2528 1130 area
2561 1075 2878 1144 depositum,
2911 1071 3128 1140 perinde
3157 1085 3216 1122 ac
3239 1071 3412 1120 vivum

1859 1179 1913 1224 et
1941 1171 2262 1239 spirantem,
2313 1184 2450 1236 genu
2492 1168 2629 1228 ﬂexo
2680 1173 2799 1233 post
2844 1163 3044 1215 obitum
3098 1157 3414 1212 salutabant.

1859 1263 1984 1317 Post
2015 1262 2272 1329 primores
2303 1270 2476 1313 autem
2503 1259 2640 1322 illos,
2684 1256 2818 1309 idem
2851 1255 3098 1320 deinceps
3127 1260 3178 1305 et
3205 1258 3416 1302 senato-

1859 1367 1944 1406 res
1966 1361 2018 1405 et
2048 1351 2286 1403 honorati
2317 1363 2499 1401 omnes
2532 1348 2856 1398 introeuntes
2887 1344 3075 1396 fecere.
3110 1341 3412 1393 Innumero-

1859 1442 1975 1495 bilis
2002 1441 2193 1495 deinde
2219 1441 2352 1508 vulgi
2385 1438 2661 1491 multitudo
2679 1451 2796 1489 eum
2820 1435 2996 1502 pueris
3024 1447 3085 1485 ac
3111 1430 3416 1484 mulieribus

1859 1533 1921 1584 ad
1955 1531 2106 1599 hujus
2137 1531 2208 1583 rei
2241 1530 2596 1598 spectaculum
2639 1527 2878 1580 accessit.
2923 1525 3093 1591 Atque
3139 1523 3249 1574 hac
3277 1521 3415 1589 longi

1861 1622 2111 1689 temporis
2138 1622 2306 1689 spatio
2334 1620 2543 1673 assidue
2563 1627 2706 1687 gesta
2731 1627 2878 1678 sunt;
2903 1631 3021 1669 cum
3053 1615 3308 1667 militares
3337 1614 3415 1666 fu-

1860 1729 1958 1767 nus
1985 1713 2048 1764 ad
2083 1716 2220 1764 hunc
2252 1711 2461 1765 modum
2487 1712 2664 1777 jacere
2685 1717 2738 1762 et
2765 1707 3012 1762 Custodiri
3038 1706 3416 1770 decrevissent,

545 1774 618 1871 ἐξ
654 1775 818 1871 δῗῗῗῃ
1222 1762 1755 1871 ἓῖῇὶῆ-ἓῗῖοῗῗιλιλῴ
1789 1789 1835 1846 Β
1862 1809 2030 1860 donec
2062 1803 2394 1871 imperatoris
2425 1803 2512 1855 lilii
2537 1817 2601 1856 eo
2631 1801 2993 1863 advenientes,
3014 1798 3110 1866 ipsi
3145 1809 3416 1866 paternum

1861 1897 2015 1948 funus
2047 1895 2261 1950 lienoris
2288 1909 2443 1946 causa
2497 1902 2957 1961 prosequerentur.
2997 1890 3153 1944 Solus
3193 1889 3418 1958 denique

1860 1986 2014 2038 etiam
2047 1995 2161 2052 post
2201 1996 2420 2036 mortem
2455 1983 2728 2050 imperarit
2776 1983 3017 2049 princeps
3046 1981 3377 2034 beatissimus
3405 1997 3418 2032 :

1860 2083 2152 2139 cunctaque
2171 2090 2315 2127 more
2341 2075 2495 2127 solito
2517 2074 2877 2127 administrata
2904 2083 3045 2135 sunt,
3071 2074 3218 2141 quasi
3248 2073 3419 2127 adhuc

1863 2170 1913 2221 in
1946 2167 2074 2220 rivis
2100 2175 2261 2219 esset.
2297 2166 2393 2230 Qui
2427 2165 2594 2218 honos
2624 2165 2711 2216 ttni
2754 2165 2822 2216 illi
2868 2173 2982 2231 post
3013 2163 3280 2216 hominum
3311 2178 3419 2216 me—

1863 2258 2080 2310 muriam
2124 2274 2151 2308 a
2185 2257 2289 2310 Deo
2321 2270 2601 2308 concessus
2637 2266 2737 2308 est.
2786 2256 2985 2322 Quippe
3015 2270 3133 2306 cum
3164 2253 3306 2306 solus
3333 2253 3420 2306 ille

1869 2362 1975 2414 prro
2027 2347 2231 2398 caeteris
2262 2346 2664 2414 imperatoribus
2692 2385 2706 2404 ,
2760 2346 2919 2397 Deum
2960 2345 3192 2396 omnium
3243 2357 3418 2410 regem

1863 2437 2234 2502 Christmnque
2263 2437 2375 2503 ejus
2397 2436 2608 2499 Filium,
2636 2437 2791 2487 variis
2815 2421 3066 2500 cujusque
3107 2432 3314 2500 generis
3335 2447 3420 2485 ac-

1865 2528 2004 2579 tibus
2032 2527 2358 2586 Itouorasset,
2380 2527 2496 2593 jure
2538 2528 2723 2578 merito
2753 2528 2832 2576 Itis
2865 2523 3154 2576 honoribus
3183 2522 3323 2574 solus
3348 2522 3420 2573 af-

1863 2617 2028 2671 feCtus
2064 2626 2142 2669 est
2173 2632 2183 2667 :
2219 2617 2373 2683 idque
2424 2616 2494 2668 illi
2537 2616 2765 2666 tribuere
2802 2613 3041 2680 dignatus
3083 2620 3162 2664 est
3187 2625 3422 2661 summus

1863 2709 2094 2760 omnium
2131 2708 2283 2766 Deus.
2312 2717 2363 2759 ut
2386 2706 2608 2758 cadaver
2639 2705 2750 2770 ejus
2780 2704 2828 2755 in
2860 2703 3014 2754 terris
3039 2701 3311 2768 imperium
3339 2700 3424 2752 ob-

1865 2799 2071 2852 tiueret.
2107 2797 2222 2862 Quo
2262 2797 2475 2864 quidem
2519 2796 2708 2848 indicio
2763 2796 2824 2847 iis
2857 2794 2945 2863 qui
2991 2809 3091 2845 non
3126 2794 3278 2860 plane
3308 2802 3421 2843 stu-

1862 2889 1968 2955 pidi
1993 2897 2149 2956 atque
2169 2887 2382 2940 hebetes
2399 2895 2594 2945 essent,
2626 2885 2897 2952 perspicue
2923 2883 3233 2951 significavit
3261 2882 3417 2943 Deus,

1861 2979 2088 3031 animam
2118 2978 2254 3030 illius
2285 2985 2533 3043 perpetuo
2556 2986 2605 3026 et
2640 2975 2915 3026 immortali
2951 2972 3167 3040 imperio
3197 2970 3326 3022 frui.
3355 2969 3421 3023 Et

1864 3070 1973 3122 haec
1993 3067 2202 3137 quidem
2226 3075 2370 3135 gesta
2391 3074 2511 3118 sunt
2541 3065 2589 3116 in
2615 3066 2749 3116 hunc
2778 3065 3006 3116 modum.

2412 3176 2634 3232 CAPUT
2670 3175 2891 3230 LXVIII.

1865 3270 2122 3336 Quomodo
2150 3271 2389 3325 exercitus
2409 3269 2625 3340 judicio,
2655 3269 2746 3334 ﬁlii
2771 3268 2876 3335 ejus
2907 3265 3114 3334 Augusti
3141 3273 3255 3317 sunt
3287 3280 3420 3316 mm-

2564 3372 2746 3428 cupan.

1935 3481 2136 3533 Interea
2165 3478 2357 3531 tribuni
2402 3476 2567 3528 lectos
2596 3472 2846 3540 quosdam
2881 3487 2941 3524 ex
2975 3469 3289 3522 militaribus
3321 3483 3420 3520 nu-

1863 3572 2043 3634 meris,
2075 3571 2160 3637 qui
2203 3569 2322 3621 lidei
2352 3583 2411 3620 ac
2453 3566 2832 3619 benevolentia:
2858 3578 3013 3615 causa
3042 3563 3164 3614 olim
3199 3562 3420 3629 principi

1864 3661 2063 3727 accepti
2093 3659 2312 3712 fuissent
2334 3700 2346 3721 ,
2379 3660 2441 3710 ad
2471 3657 2705 3709 Czesares
2734 3657 2964 3716 mittunt,
2994 3663 3178 3704 cmieta
3201 3653 3277 3704 eis
3306 3668 3421 3718 qua:

1863 3761 2005 3819 gesta
2035 3759 2182 3800 erant
2208 3749 2553 3799 ntttttiatttros.
2589 3745 2649 3797 Et
2677 3744 2786 3796 lucc
2810 3742 3014 3809 quidem
3047 3741 3116 3792 illi
3149 3749 3269 3791 tunc
3291 3755 3414 3807 ege-

1865 3849 2004 3891 runt.
2039 3839 2232 3891 Omnes
2265 3852 2389 3889 vero
2419 3836 2730 3902 ubicumque
2752 3834 3032 3890 exercitus,
3065 3830 3211 3896 quasi
3240 3829 3415 3880 divino

1865 3928 2088 3996 quodam
2116 3929 2298 3994 spiritu
2333 3926 2528 3978 incitati
2557 3965 2570 3989 ,
2619 3924 2769 3976 situul
2805 3933 2958 3989 atque
2984 3921 3047 3972 tle
3095 3920 3419 3986 imperaturis

1867 4030 2032 4072 morte
2081 4017 2369 4069 nuntiatum
2415 4027 2494 4068 est
2522 4056 2534 4077 ,
2589 4030 2688 4064 uno
2727 4025 2984 4064 censensu
3034 4009 3416 4070 decreverunt,

1869 4122 2079 4174 prorsus
2108 4109 2252 4173 quasi
2285 4107 2539 4157 maximus
2569 4105 2850 4170 imperator
2889 4099 3062 4152 adhuc
3089 4108 3408 4164 superesset,

1868 4197 2125 4250 neminem
2154 4211 2209 4247 se
2241 4206 2428 4262 prieter
2451 4195 2560 4261 ejus
2587 4193 2778 4245 liberos
2802 4190 3004 4256 Imperii
3035 4189 3252 4240 Ilotnani
3278 4188 3420 4255 prin-

1866 4287 2033 4354 cipem
2065 4286 2355 4338 habituros.
2391 4283 2496 4335 Nec
2527 4289 2688 4334 multo
2710 4291 2845 4346 post,
2873 4279 3084 4333 eosdem
3113 4293 3215 4330 non
3243 4277 3419 4329 Caesa-

1867 4394 1952 4433 res
1973 4377 2222 4446 appellari
2273 4377 2567 4435 voluerunt,
2604 4373 2692 4423 sed
2724 4373 3016 4439 Augustos;
3061 4369 3199 4437 qund
3229 4382 3419 4421 nomen

239 4463 470 4528 Quomodo
491 4468 638 4537 [unus
670 4466 968 4520 Nicomedia
993 4468 1476 4535 (.‘onstantianiolim
1498 4468 1762 4522 deductum
1787 4493 1840 4550 υ
1866 4470 2057 4523 summi
2081 4468 2280 4534 imperii
2314 4467 2453 4517 velut
2484 4461 2742 4532 quoddam
2771 4462 2970 4528 insigne
2993 4470 3091 4512 est.
3133 4459 3193 4511 Et
3223 4460 3419 4512 exerci—

760 4568 830 4609 est
861 4559 910 4608 in
941 4557 1201 4625 palatium.

301 4664 515 4721 Postluec
544 4667 736 4722 milites
772 4668 1034 4721 sublatum
1073 4685 1101 4720 e
1142 4668 1277 4721 lecto
1315 4683 1508 4735 corpus
1550 4671 1599 4721 in
1642 4685 1761 4723 arca

239 4768 372 4809 aurea
397 4759 762 4828 deposuerunt,
791 4773 1013 4825 eamque
1043 4773 1300 4827 purpurea
1329 4760 1586 4812 obtectam
1624 4769 1764 4813 veste

238 4843 710 4914 (lotistantinopolim
763 4847 1130 4914 deportarunt,
1181 4857 1337 4913 atque
1393 4849 1441 4900 in
1503 4851 1762 4918 przecipuo

242 4932 488 5000 imperialis
519 4936 694 5003 palatii
737 4935 978 4988 cubiculo
1027 4937 1302 4989 sublimem
1352 4939 1759 4991 collocaverunt.

243 5021 411 5077 Dehinc
439 5039 585 5078 aurea
641 5039 800 5091 Super
846 5025 1159 5078 candelabra
1207 5027 1491 5079 luminibus
1533 5027 1764 5094 undique

243 5121 469 5182 accensis,
492 5119 798 5174 admirabile
825 5120 1184 5186 spectaculum
1213 5120 1536 5174 intuentibus
1559 5120 1762 5188 praebe-

245 5206 390 5271 batur,
419 5221 466 5266 et
494 5212 642 5279 quale
683 5214 733 5264 in
779 5211 924 5263 nullo
951 5226 1178 5278 unquam
1227 5213 1521 5264 mortalium
1551 5213 1615 5264 ab
1649 5214 1762 5277 ipso

246 5300 366 5353 orbis
384 5303 580 5357 conditu
608 5304 777 5355 visum
804 5302 855 5355 in
882 5302 1036 5355 terris
1060 5301 1247 5354 fuerat.
1275 5304 1476 5369 Quippe
1509 5303 1560 5353 in
1593 5301 1765 5353 medio

247 5393 446 5444 conclavi
475 5395 657 5461 regalis
684 5392 882 5461 palatii,
918 5391 1074 5444 funus
1101 5393 1436 5460 imperatoris
1457 5394 1506 5446 in
1539 5408 1656 5446 arca
1678 5403 1767 5446 aut

248 5491 345 5534 area
364 5483 566 5536 sublime
587 5485 786 5552 jacens,
803 5484 960 5550 regiis
981 5484 1290 5546 insignibus,
1310 5499 1537 5551 purpura
1556 5486 1756 5537 scilicet

249 5581 298 5618 ac
330 5569 597 5626 diademate
631 5582 974 5631 exornatum,
1017 5573 1162 5623 multi
1196 5573 1579 5627 eircumdantcs
1608 5586 1762 5628 uoetu

227 5667 369 5727 atque
400 5659 612 5717 interdiu
645 5661 829 5729 vigiles
857 5661 1237 5716 custodit-nant.

1868 4570 1948 4613 tus
1974 4558 2182 4628 quidem
2207 4555 2449 4623 suffragia
2470 4568 2559 4604 sua
2585 4561 2740 4618 atque
2766 4549 3168 4601 acclamationes
3189 4547 3284 4599 sibi
3310 4562 3422 4598 mu-

1868 4659 1955 4703 tuo
1999 4663 2090 4714 per
2117 4647 2319 4698 litteras
2345 4643 2704 4711 signiticarunt
2739 4656 2749 4688 :
2781 4648 2832 4691 et
2877 4636 3134 4689 unanimis
3164 4635 3420 4701 legionum

1865 4755 2174 4801 coasensus,
2204 4752 2307 4790 uno
2335 4735 2623 4800 eodemque
2654 4730 2902 4797 temporis
2929 4736 3194 4781 momento
3215 4727 3416 4779 cunctis

1868 4831 2180 4896 ubicumque
2209 4826 2482 4895 agentibus
2515 4822 2756 4875 innotuit.

2419 4930 2642 4984 CAPUT
2673 4927 2854 4981 LXIX.

1866 5031 2040 5084 Romae
2085 5029 2245 5080 luctus
2296 5026 2354 5077 ob
2406 5031 2612 5074 mortem
2664 5016 2996 5076 Constantini,
3026 5023 3072 5065 et
3107 5013 3342 5081 imagines
3381 5013 3425 5064 ei

2520 5114 2747 5163 decretae.

1941 5215 2007 5266 At
2039 5212 2089 5264 in
2129 5210 2259 5261 urbe
2301 5206 2478 5274 regia,
2529 5212 2742 5255 senatus
2791 5195 3114 5274 populusque
3159 5194 3426 5246 Romanus

1867 5311 2134 5371 comperta
2161 5296 2490 5365 imperatoris
2517 5301 2704 5356 morte,
2735 5288 3101 5357 gravissimum
3135 5287 3272 5338 hunc
3294 5301 3428 5335 nun-

1867 5396 1993 5447 tium
2010 5401 2060 5446 et
2074 5389 2254 5458 quavis
2269 5386 2566 5440 calamitate
2580 5381 2904 5434 acerbiorem
2925 5377 3018 5428 rati
3032 5374 3246 5436 .nullunt
3264 5374 3426 5428 luctui

1866 5481 2077 5536 modum
2110 5479 2302 5530 fecere.
2353 5475 2552 5538 Quippe
2583 5472 2765 5522 balnea
2811 5475 2863 5516 et
2909 5466 3016 5516 fora
3063 5479 3235 5516 rerum
3265 5478 3428 5517 vena-

1863 5572 1990 5625 lium
2019 5569 2192 5621 clausa
2225 5582 2235 5616 :
2271 5564 2476 5631 publica
2507 5563 2630 5613 item
2660 5553 2979 5623 spectacula,
3007 5562 3058 5605 et
3083 5566 3432 5621 dumcumque

1865 5659 1978 5713 alia:
2027 5656 2144 5709 vitm
2193 5655 2574 5709 oblectamenta
2628 5643 2868 5700 homines
2923 5640 2974 5698 in
3022 5640 3128 5696 etio
3175 5641 3432 5708 degentes
