3876 6218
400 362 463 418 91
575 413 599 422 -
1128 359 1388 418 EUSEBII
1427 357 1749 416 PAMPIIILI
1791 353 1877 410 DE
1916 351 2071 407 VITA
2116 352 2559 413 CONS'I'ANTINI
2601 356 2797 415 LIBER
2834 358 2923 414 IV.
3566 366 3623 422 93

398 475 688 527 consectari
728 474 937 539 solent,
973 483 1193 528 remota.
1228 474 1293 527 Et
1321 473 1408 543 qui
1442 474 1585 542 prius
1626 470 1828 524 deliciis
1857 465 1955 520 dik
1988 464 2038 525 Α
2064 465 2178 535 ejus
2238 474 2446 537 generis
2508 472 2655 527 unica
2714 474 2814 541 sit,
2862 489 3023 545 super
3084 485 3377 532 aromatum
3430 480 3623 534 cumulo

400 566 693 633 ﬂuxerant,
726 568 896 622 maesti
932 576 1055 621 tunc
1086 581 1181 635 per
1231 566 1343 621 vias
1394 565 1730 621 incedebant.
1773 561 1967 615 Omnes

397 656 771 726 imperatorem
805 657 1015 711 beatum
1039 697 1052 721 ,
1084 657 1191 710 Deo
1232 670 1442 720 earum,
1475 665 1525 708 et
1559 667 1775 723 prorsus
1805 651 1970 718 impe-

395 750 477 804 rio
513 750 875 819 dignissimum
918 750 1295 817 prtcdicabant.
1339 748 1517 817 Neque
1556 746 1667 799 haec
1698 759 1825 799 voce
1856 754 1970 796 tan-

398 848 510 893 tum
561 838 697 892 nuda
761 838 1141 902 declarabant,
1196 837 1290 891 sed
1346 835 1662 905 imaginibus
1715 833 1968 888 dedicatis

400 940 665 986 mortuum
699 930 917 999 perinde
944 945 1005 983 ac
1027 930 1361 999 superstitem
1396 927 1741 980 honorabant.
1770 924 1825 979 In
1852 924 1969 994 qui-

400 1022 501 1077 bus
528 1037 645 1077 cum
676 1022 794 1077 caali
827 1020 1222 1075 similitudinem
1253 1019 1640 1088 expressissent
1680 1017 1730 1070 in
1773 1015 1966 1079 tabula,

402 1114 573 1185 ipsum
602 1127 759 1182 supra
786 1112 1038 1168 caelestes
1068 1111 1332 1175 fornices,
1360 1110 1412 1164 in
1445 1110 1677 1163 azthereo
1702 1107 1970 1161 domicilio

403 1204 823 1272 requiescentem
854 1205 1095 1272 pinxere.
1140 1203 1439 1269 Quinetiam
1486 1201 1583 1270 ipsi
1611 1200 1805 1253 liberos
1831 1198 1967 1267 ejus,

404 1294 754 1362 imperatores
798 1304 956 1363 atque
998 1293 1264 1363 Augustos
1309 1291 1453 1348 solos
1498 1293 1612 1346 sine
1661 1290 1971 1359 cujusquam

409 1382 625 1438 alterius
651 1384 918 1439 consortio
946 1383 1320 1452 nuncupabant
1351 1398 1365 1434 :
1389 1381 1700 1451 magnisque
1729 1380 1969 1433 clamori-

404 1473 500 1527 bus
522 1473 881 1541 postulabant,
906 1483 961 1526 ut
983 1472 1313 1542 imperatoris
1338 1472 1418 1524 sui
1448 1470 1602 1525 funus
1624 1469 1759 1540 apud
1784 1484 1843 1524 se
1873 1469 1966 1524 ba-

405 1563 613 1629 berent,
645 1572 697 1619 et
720 1562 771 1617 in
796 1562 935 1633 regia
968 1563 1097 1615 urbe
1123 1562 1473 1631 deponerent.

967 1674 1193 1731 CAPUT
1220 1674 1380 1730 LXX.

480 1767 743 1835 Quomodo
782 1768 937 1837 [unus
979 1765 1410 1835 Constantinopoli
1454 1764 1737 1834 depositum
1764 1764 1829 1816 sit
1869 1778 1901 1816 α

1027 1856 1338 1911 Constantio.

481 1970 631 2025 Hunc
663 1970 883 2039 principi
920 1985 948 2024 a
984 1970 1091 2024 Deo
1122 1968 1414 2034 honorato,
1446 1968 1604 2021 etiam
1630 1966 1849 2021 Romani
1875 1966 1971 2019 ho-

416 2076 597 2115 norem
636 2061 1007 2115 exhibuerunt.
1052 2062 1119 2114 At
1148 2059 1410 2115 secundus
1450 2074 1512 2111 ex
1558 2058 1677 2111 filiis
1716 2057 1779 2110 ad
1808 2057 1972 2125 patris

410 2152 563 2205 funus
591 2165 709 2204 cum
740 2152 1075 2215 advenisset,
1110 2151 1159 2204 in
1191 2151 1371 2204 urbem
1426 2150 1555 2218 patri
1607 2150 1969 2217 cognominem

414 2241 541 2295 illud
582 2241 820 2305 devexit,
866 2242 977 2310 ipse
1037 2241 1287 2309 exequias
1336 2240 1659 2309 praecedens.
1711 2238 1973 2291 Praeibant

411 2347 507 2402 per
552 2342 788 2386 catervas
816 2341 869 2386 et
898 2332 1107 2402 agmina
1156 2330 1395 2399 dispositi
1443 2330 1647 2383 numeri
1693 2328 1969 2381 militares.

410 2422 557 2477 Pone
577 2421 892 2491 sequebatur
920 2420 1314 2475 innumerabilis
1360 2421 1628 2474 hominum
1672 2417 1969 2471 multitudo.

413 2515 612 2569 llastatt
643 2528 769 2569 vero
817 2523 871 2568 et
913 2514 1130 2568 scutarii
1182 2514 1351 2582 ipsum
1398 2510 1737 2581 Imperatoris
1778 2523 1972 2578 corpus

413 2605 570 2659 medii
598 2605 893 2673 cingebant.
918 2604 1201 2673 Postquam
1230 2603 1294 2656 ad
1320 2602 1679 2671 apostolorum
1726 2601 1975 2654 Servato-

411 2695 485 2749 ris
514 2695 679 2748 nostri
711 2694 985 2749 ecclesiam
1016 2706 1328 2763 perventum
1356 2700 1452 2756 est,
1486 2707 1659 2746 arcam
1684 2691 1789 2744 illic
1814 2692 1973 2760 depo-

413 2796 652 2839 suerunt.
671 2785 816 2839 Hunc
834 2786 882 2839 in
898 2784 1112 2838 modum
1132 2799 1301 2839 novus
1314 2784 1597 2851 imperator
1610 2781 1971 2843 Constantius,

416 2887 524 2929 tum
553 2876 779 2930 adventu
807 2892 922 2942 suo,
956 2888 1061 2931 tum
1092 2876 1308 2945 reliquis
1334 2875 1521 2929 officiis
1550 2874 1683 2944 patri
1717 2874 1971 2927 honorem

412 2969 688 3038 exhibens,
718 2973 855 3041 justa
881 2979 935 3024 ut
962 2986 1055 3040 par
1084 2978 1197 3025 erat
1228 2969 1495 3040 persolvit.

978 3084 1200 3141 CAPUT
1227 3083 1410 3138 LXXI.

2069 560 2234 613 emori
2284 562 2497 627 dicitur,
2544 565 2773 633 scipsam
2815 568 2963 635 quasi
3007 568 3267 622 victimam
3313 569 3621 623 immolans:

2069 666 2294 721 moxque
2323 670 2385 709 ex
2437 656 2563 725 ipsis
2605 657 2791 711 favillis
2821 659 3023 713 renasci
3048 698 3062 721 ,
3092 668 3145 713 et
3170 661 3356 728 pennis
3400 661 3451 715 in
3479 661 3624 715 altqu

2068 742 2316 797 subvecta
2338 785 2350 806 ,
2395 749 2577 801 eadem
2605 763 2705 817 qua
2746 749 2893 817 prius
2918 751 3093 819 specie
3134 752 3275 805 cerni
3308 769 3321 803 :
3354 753 3448 806 sed
3472 753 3627 822 ponus

2068 834 2312 903 exemplo
2335 833 2627 891 Servatoris
2665 838 2775 901 sui,
2808 839 2895 907 qui
2924 840 3088 894 instar
3115 842 3271 895 tritici
3295 842 3416 904 sati,
3450 858 3511 897 ex
3536 859 3629 899 uno

2067 924 2269 977 semine
2292 926 2341 977 in
2374 928 2533 980 multa
2564 942 2681 983 sese
2716 928 3035 995 diffundens,
3064 945 3165 999 Ope
3190 947 3250 985 ac
3278 932 3629 989 benedictione

2072 1015 2162 1068 Dei
2209 1018 2407 1084 Spicam
2454 1020 2689 1087 protulit,
2721 1031 2773 1075 et
2802 1020 3104 1076 universum
3156 1032 3414 1078 terrarum
3460 1026 3629 1080 orbem

2070 1103 2327 1161 fructibus
2367 1110 2475 1162 suis
2502 1109 2757 1177 implevit.
2790 1111 2867 1167 Ad
2898 1113 3035 1167 hunc
3061 1113 3271 1168 modum
3312 1116 3631 1171 beatissimus

2071 1197 2318 1265 princeps
2339 1213 2430 1266 per
2447 1201 2836 1256 successionem
2860 1201 3145 1257 liberorum
3170 1204 3447 1272 multiplex
3480 1203 3632 1259 factus

2071 1296 2152 1340 est
2181 1302 2243 1341 ex
2288 1304 2438 1342 uno:
2480 1292 2614 1344 adeo
2643 1300 2701 1346 ut
2740 1293 2931 1359 passim
2981 1293 3030 1347 in
3076 1294 3318 1348 omnibus
3362 1296 3633 1364 provinciis

2071 1377 2323 1447 imagines
2353 1382 2398 1435 ei
2422 1383 2574 1435 simul
2604 1398 2720 1437 cum
2751 1382 2870 1437 ﬁliis
2896 1384 3112 1439 honoris
3138 1401 3294 1442 causa
3324 1397 3631 1455 statuantur,

2071 1476 2125 1522 et
2155 1467 2410 1525 familiare
2438 1487 2626 1527 nomen
2644 1474 2967 1528 Constantini
2986 1476 3143 1530 etiam
3170 1486 3286 1545 post
3305 1476 3424 1547 ejus
3446 1477 3633 1532 obitum

2072 1567 2372 1628 usurpetur.

2599 1670 2825 1730 CAPUT
2849 1673 3082 1729 LXXIll.

2000 1826 2047 1886 Β
2146 1796 2406 1861 Quomodo
2430 1800 2480 1852 in
2510 1802 2744 1865 nummis,
2762 1802 3141 1856 Constantinum
3164 1807 3294 1859 velut
3316 1808 3372 1861 in
3400 1808 3575 1861 calum

2480 1892 2828 1947 ascendentem
2861 1895 3215 1963 expresserim.

2145 2002 2440 2069 Quinetiam
2480 2006 2677 2057 nummi
2726 2006 3022 2073 bujusmodi
3058 2006 3220 2060 forma
3269 2008 3460 2077 signati
3490 2018 3638 2073 sunt,

2074 2095 2341 2147 anteriore
2385 2093 2592 2161 quidem
2636 2104 2783 2163 parte
2828 2096 3038 2149 beatum
3104 2099 3392 2166 principem
3439 2099 3641 2151 obtecto

2075 2183 2245 2251 capite
2288 2182 2628 2253 prmferentes
2663 2202 2674 2236 :
2703 2185 2866 2239 altera
2899 2201 3023 2241 vero
3057 2197 3200 2255 parte
3244 2188 3293 2239 in
3337 2187 3642 2256 quadriiugo

2074 2288 2235 2328 curru
2258 2275 2453 2340 aurigae
2470 2275 2634 2327 instar
2659 2274 2951 2341 sedentem;
2972 2285 3025 2331 et
3047 2285 3285 2345 porrecta
3315 2277 3414 2345 ipsi
3442 2278 3643 2332 ctelitus

2074 2365 2258 2420 dextra
2291 2364 2354 2418 ad
2371 2363 2603 2435 Superos
2631 2376 2978 2434 assumptum.

2621 2500 2843 2556 CAPUT
2874 2500 3104 2557 LXXIV.

2184 2614 2329 2679 Quod
2358 2631 2473 2668 cum
2505 2613 2662 2669 Deum
2692 2615 2923 2668 coluisset
2950 2655 2963 2680 ,
2991 2617 3163 2668 merito
3199 2616 3347 2669 etiam
3376 2633 3407 2669 a
3436 2616 3543 2671 Deo

2662 2705 2936 2758 honoratus
2964 2715 3054 2758 est.

2150 2817 2270 2871 Hrcc
2289 2816 2537 2872 miracula
2559 2831 2794 2871 summus
2807 2819 3041 2871 omnium
3063 2818 3198 2871 Deus
3216 2820 3262 2871 in
3279 2818 3643 2888 Constantino,

2077 2908 2165 2977 qui
2196 2910 2338 2962 solus
2380 2923 2442 2961 ex
2484 2908 2726 2962 omnibus
2770 2917 2913 2960 retro
2958 2907 3365 2976 imperatoribus
3401 2910 3644 2964 christia-

2078 3014 2201 3052 num
2228 3016 2284 3052 se
2314 2999 2479 3067 palam
2510 2998 2777 3067 professus
2809 2998 2997 3062 fuerat,
3024 3000 3219 3052 nostris
3247 3001 3412 3054 oculis
3453 3016 3645 3070 prOpo-

2078 3104 2228 3154 nens,
2252 3089 2377 3143 satis
2399 3103 2660 3158 superque
2676 3088 2984 3153 declaravit,
3003 3102 3253 3158 quantum
3273 3091 3553 3145 interesset
3567 3092 3645 3144 in-

414 3174 577 3229 Missa
623 3177 673 3229 in
720 3178 1066 3247 apostolorum
1095 3175 1347 3246 Martyrio
1394 3174 1639 3227 celebrata
1667 3174 1716 3228 in
1753 3173 1970 3243 exequiis
1996 3193 2040 3255 (ς
2076 3197 2153 3240 ter
2171 3180 2359 3249 eosqui
2381 3182 2549 3248 ipsum
2566 3179 2936 3249 Christumque
2950 3179 3135 3233 Filium
3158 3182 3317 3248 ipsius
3334 3182 3515 3237 colere
3540 3199 3648 3237 me-

1025 3267 1357 3320 Constantini.

483 3377 579 3432 Ubi
618 3392 741 3431 vero
774 3378 865 3431 ille
907 3392 1025 3431 cum
1082 3377 1395 3431 militaribus
1439 3375 1672 3429 numeris
1725 3374 1969 3441 abcessit,

410 3468 635 3521 ministri
678 3468 767 3521 Dei
814 3484 932 3522 cum
986 3466 1152 3521 turbis
1192 3480 1243 3520 et
1289 3476 1392 3519 tota
1439 3465 1669 3519 tidelium
1715 3464 1887 3534 plebe,
1921 3466 1971 3517 in

411 3556 640 3609 medium
669 3557 931 3623 prodiere,
961 3565 1012 3608 et
1034 3554 1194 3609 divini
1221 3554 1391 3607 eultus
1422 3554 1765 3607 caeremonias
1787 3566 1971 3620 preca-

413 3644 641 3697 tionibus
670 3653 1005 3713 peregerunt.
1036 3644 1111 3697 Ac
1135 3645 1320 3697 beatus
1351 3643 1561 3710 quidem
1597 3642 1842 3709 princeps
1866 3640 1974 3693 alto

421 3735 473 3789 in
502 3743 746 3805 suggestu
764 3736 969 3804 jacens,
996 3734 1239 3789 laudibus
1268 3743 1377 3788 tum
1399 3733 1785 3788 celebrabatur.
1816 3732 1975 3786 Innu-

417 3826 685 3879 merahilis
713 3836 888 3879 autem
937 3827 1160 3894 populus
1189 3841 1293 3879 una
1324 3842 1441 3878 cum
1471 3825 1835 3878 sacerdotibus
1860 3826 1969 3889 Dei,

412 3931 517 3969 non
546 3916 659 3970 sine
688 3916 884 3987 gemitu
916 3931 976 3970 ac
1009 3917 1274 3987 lacrymis,
1308 3931 1404 3985 pro
1434 3917 1769 3985 imperatoris
1798 3915 1972 3968 anima

410 4022 594 4076 preces
620 4008 911 4063 ofl‘ervbant
933 4010 1069 4074 Deo,
1100 4009 1455 4079 gratissimum
1495 4010 1580 4077 pio
1609 4008 1826 4077 principi
1857 4006 1973 4060 offl-

409 4100 548 4151 cium
570 4097 901 4153 exhibentes.
937 4099 1100 4152 Porro
1136 4099 1186 4152 in
1229 4098 1327 4152 hoc
1353 4098 1508 4151 etiam
1552 4098 1688 4151 Deus
1716 4098 1972 4167 prolixam

408 4202 530 4257 erga
602 4189 850 4241 famulum
920 4203 1071 4243 suum
1140 4189 1565 4244 benevolentiam
1628 4190 1972 4243 declaravit:

408 4280 603 4348 quippe
633 4281 721 4348 qui
759 4279 1044 4335 carissimis
1084 4295 1143 4334 ac
1169 4284 1435 4347 germanis
1465 4284 1579 4350 ejus
1620 4282 1740 4336 filiis
1769 4283 1973 4352 paterni

409 4370 615 4436 imperii
643 4371 1033 4425 successionem
1067 4370 1342 4437 tribuerit;
1371 4372 1583 4441 etquod
1613 4374 1841 4425 maxime
1861 4387 1975 4426 am-

409 4459 597 4522 bierat,
633 4458 806 4513 locum
838 4462 985 4529 juxta
1025 4463 1383 4530 apostolorum
1430 4464 1739 4517 memoriam
1768 4465 1816 4518 ei
1847 4478 1973 4518 con-

408 4551 661 4614 cesserit;
696 4561 753 4605 ut
773 4552 979 4607 scilicet
1004 4552 1322 4607 beatissima:
1352 4555 1487 4607 illius
1510 4555 1700 4608 animm
1730 4554 1976 4608 taberna-
2000 4562 2051 4621 1)

406 4640 585 4693 culum
648 4641 923 4709 apostolici
965 4644 1191 4696 nominis
1242 4653 1399 4712 atque
1443 4643 1659 4699 honoris
1706 4646 1973 4698 consortio

408 4729 703 4795 frueretur;
738 4742 790 4785 et
816 4733 1006 4802 populo
1038 4733 1129 4785 Dei
1162 4734 1213 4786 in
1242 4735 1461 4789 ecclesia
1486 4735 1809 4799 sociarelur;
1840 4733 1976 4787 divi-

410 4822 596 4890 nisque
616 4824 932 4877 ceremoniis
952 4840 1014 4878 ac
1037 4826 1259 4894 mystico
1282 4824 1566 4890 sacrificio,
1592 4834 1646 4879 et
1671 4833 1969 4878 sanctarum

408 4926 621 4980 precum
640 4916 1007 4970 communione
1028 4918 1181 4985 potiri
1200 4927 1521 4972 mereretur:
1549 4918 1659 4986 ipse
1672 4931 1797 4970 vero
1812 4917 1973 4969 etiam

405 5010 526 5069 post
549 5014 773 5057 mortem
805 5006 1079 5074 imperium
1114 5008 1367 5072 retinens,
1396 5008 1541 5076 quasi
1567 5006 1831 5061 redivivus
1858 5006 1973 5058 uni-

409 5107 620 5147 versum
643 5096 823 5150 orbem
847 5098 1164 5168 gubernans,
1196 5100 1375 5155 Victor
1406 5100 1664 5153 Maximus
1681 5101 1973 5167 Augustus,

410 5199 507 5239 suo
534 5186 707 5243 adhuc
733 5190 947 5245 nomine
970 5191 1350 5259 rempublicam
1380 5200 1607 5262 regeret.

964 5301 1186 5357 CAPUT
1209 5300 1413 5357 LXXII.

956 5392 1033 5447 De
1055 5392 1291 5449 Pltmnice
1317 5409 1425 5447 ave.

468 5504 581 5561 Non
618 5506 1062 5575 quemadmodum
1100 5508 1212 5563 avis
1256 5508 1343 5562 illa
1387 5507 1662 5578 Egyptia,
1692 5522 1808 5577 quae
1851 5522 1970 5562 cum

2077 3272 2338 3331 ruissent,
2371 3278 2525 3338 atque
2558 3271 2693 3322 inter
2722 3269 2840 3323 illos
2870 3271 2957 3339 qui
2988 3271 3303 3324 contrariam
3347 3283 3548 3326 sectam
3586 3288 3645 3327 ac

2075 3362 2391 3416 sententiam
2439 3360 2662 3428 amplexi
2707 3370 2904 3414 es:ent.
2947 3360 3044 3427 Qui
3088 3375 3205 3413 cum
3253 3360 3506 3414 Ecclesia:
3555 3364 3640 3418 Dei

2076 3455 2270 3510 bellum
2301 3456 2618 3521 intulissent,
2647 3456 2806 3508 Deum
2839 3456 2939 3508 sibi
2964 3457 3167 3509 hostem
3194 3464 3349 3524 atque
3374 3457 3641 3511 inimicum

2075 3546 2435 3601 reddiderunt.
2468 3547 2544 3601 Ac
2573 3547 2807 3615 profecto
2835 3547 3241 3614 uniuscujusque
3272 3547 3480 3601 illorum
3518 3548 3646 3602 intc-

2076 3638 2227 3702 ritus,
2260 3650 2510 3705 quantum
2542 3652 2664 3707 erga
2691 3653 2783 3691 eos
2809 3648 2949 3690 esset
2994 3637 3156 3690 divini
3188 3637 3417 3691 numinis
3443 3639 3644 3703 odium,

2075 3729 2372 3782 certissimo
2436 3736 2744 3797 argumento
2801 3727 3086 3781 declaravit
3140 3745 3153 3781 :
3200 3728 3646 3796 quemadmodum

2075 3818 2403 3872 Constantini
2465 3820 2646 3880 obitu,
2699 3818 2790 3872 Dei
2856 3834 2979 3888 erga
3036 3819 3205 3886 ipsum
3263 3818 3649 3874 benevolenti-.0

2075 3908 2313 3978 quaedam
2344 3908 2491 3978 quasi
2517 3908 2734 3979 pignora
2758 3950 2771 3973 ,
2813 3909 3057 3967 omnibus
3088 3908 3365 3963 manifesto
3391 3924 3651 3978 apparue-

2076 4010 2217 4055 runt.

2626 4099 2850 4156 CAPUT
2885 4097 3090 4154 LXXV.

2080 4212 2227 4279 Quod
2250 4212 2608 4267 Constantinus
2630 4212 2914 4281 superiores
2932 4227 3100 4265 omnes
3116 4212 3443 4282 imperatores
3466 4214 3654 4281 pietate

2718 4304 2991 4373 superavit.

2147 4414 2245 4479 Qui
2290 4428 2409 4468 cum
2456 4414 2601 4468 solus
2632 4428 2694 4468 ex
2724 4414 2978 4468 Romanis
3007 4414 3441 4483 imperatoribus,
3482 4415 3651 4470 Deum

2076 4505 2311 4559 omnium
2340 4505 2537 4573 Regem
2569 4505 2845 4558 excellenti
2869 4505 3094 4573 quadam
3140 4505 3333 4571 pietate
3356 4504 3611 4559 coluisset
3636 4523 3649 4570 ;

2081 4598 2332 4666 solusque
2358 4596 2651 4650 doctrinam
2679 4594 2872 4649 Christi
2902 4596 3162 4651 universis
3192 4612 3284 4650 ore
3316 4597 3485 4650 libero
3518 4614 3651 4667 prm-

2075 4688 2304 4741 dicasset
2336 4706 2347 4739 :
2374 4702 2598 4756 cumque
2626 4688 2912 4741 Ecclesiam
2959 4688 3048 4741 Dei
3080 4688 3280 4741 honore
3322 4696 3375 4741 et
3400 4688 3571 4757 gloria
3600 4690 3649 4742 in

2075 4788 2274 4831 tantum
2324 4778 2557 4831 auxisset
2587 4790 2836 4847 quantum
2881 4788 3035 4831 antea
3080 4792 3273 4842 nemo,
3319 4789 3373 4832 et
3406 4793 3648 4834 errorem

2075 4869 2347 4922 hominum
2370 4868 2543 4937 plures
2571 4868 2857 4922 colentium
2886 4869 3014 4923 deos
3039 4870 3182 4923 solus
3208 4872 3509 4936 evertisset,
3534 4887 3650 4926 om-

2074 4973 2272 5027 nesque
2300 4958 2599 5027 bujusmodi
2630 4958 3015 5026 superstitionis
3054 4960 3185 5013 ritus
3211 4974 3271 5014 ac
3298 4960 3482 5015 modos
3513 4977 3648 5018 con-

2082 5049 2342 5104 futasset:
2381 5050 2528 5103 solus
2575 5065 2784 5119 quoque
2815 5061 2923 5103 tum
2956 5050 3004 5102 in
3050 5049 3147 5103 hac
3186 5052 3321 5113 vita,
3374 5061 3482 5106 tum
3532 5064 3651 5123 post

2076 5149 2325 5205 mortem,
2353 5154 2413 5193 ea
2441 5140 2693 5209 consequi
2738 5140 2948 5203 meruit,
2980 5141 3151 5209 qualia
3198 5141 3372 5194 nullus
3414 5158 3649 5212 unquam

2078 5246 2173 5286 nec
2212 5232 2350 5301 apud
2397 5232 2610 5287 Grazcos
2659 5247 2757 5286 nec
2791 5231 2927 5301 apud
2974 5231 3232 5285 Barbaros
3261 5233 3483 5302 adeptus
3531 5250 3650 5290 esse

2076 5325 2402 5394 perhibetur.
2434 5324 2537 5379 Sed
2563 5340 2733 5394 neque
2756 5324 2895 5394 apud
2916 5325 3239 5393 priscosillos
3264 5324 3553 5387 Romanos,
3580 5327 3650 5380 ab

2075 5418 2273 5471 ultimis
2302 5432 2467 5485 usque
2499 5416 2821 5483 temporibus
2854 5416 3130 5485 quisquam
3157 5416 3421 5470 recenseri
3452 5424 3646 5485 potest,

2072 5510 2306 5579 quicum
2340 5510 2439 5562 hoc
2463 5515 2646 5562 nostro
2682 5508 2749 5561 sit
2777 5505 3184 5577 comparandus.
