  <div class='ocr_page' id='page_1' title='image "/cluster/home/n/w/nwhite01/storage/ocr_20150623/8/uva.x000826528/061.png"; bbox 0 0 3876 6218; ppageno 0'>
   <div class='ocr_carea' id='block_1_1' title="bbox 303 353 404 410">
    <p class='ocr_par' dir='ltr' id='par_1_1' title="bbox 303 353 404 410">
     <span class='ocr_line' id='line_1_1' title="bbox 303 353 404 410; baseline -0.02 0"><span class='ocrx_word' id='word_1_1' title='bbox 303 353 404 410; x_wconf 71' lang='grc'><strong>107</strong></span> 
     </span>
    </p>
   </div>
   <div class='ocr_carea' id='block_1_2' title="bbox 1605 347 2301 411">
    <p class='ocr_par' dir='ltr' id='par_1_2' title="bbox 1605 347 2301 411">
     <span class='ocr_line' id='line_1_2' title="bbox 1605 347 2301 411; baseline -0.004 -4"><span class='ocrx_word' id='word_1_2' title='bbox 1605 347 2049 411; x_wconf 74' lang='lat' dir='ltr'><strong>CONSTANTINI</strong></span> <span class='ocrx_word' id='word_1_3' title='bbox 2088 347 2301 405; x_wconf 73' lang='lat' dir='ltr'><strong>MAGNI</strong></span> 
     </span>
    </p>
   </div>
   <div class='ocr_carea' id='block_1_3' title="bbox 3448 348 3554 405">
    <p class='ocr_par' dir='ltr' id='par_1_3' title="bbox 3448 348 3554 405">
     <span class='ocr_line' id='line_1_3' title="bbox 3448 348 3554 405; baseline 0.019 -2"><span class='ocrx_word' id='word_1_4' title='bbox 3448 348 3554 405; x_wconf 64' lang='lat'><strong>108</strong></span> 
     </span>
    </p>
   </div>
   <div class='ocr_carea' id='block_1_4' title="bbox 296 460 1877 539">
    <p class='ocr_par' dir='ltr' id='par_1_4' title="bbox 296 461 1868 539">
     <span class='ocr_line' id='line_1_4' title="bbox 296 461 1868 539; baseline 0.002 -19"><span class='ocrx_word' id='word_1_5' title='bbox 296 465 430 539; x_wconf 85' lang='grc' dir='ltr'>πρὸς</span> <span class='ocrx_word' id='word_1_6' title='bbox 477 464 534 519; x_wconf 89' lang='grc' dir='ltr'><strong>τό</strong></span> <span class='ocrx_word' id='word_1_7' title='bbox 570 463 697 519; x_wconf 87' lang='grc' dir='ltr'>θεῖον</span> <span class='ocrx_word' id='word_1_8' title='bbox 738 461 891 526; x_wconf 74' lang='grc' dir='ltr'>αἰδώς</span> <span class='ocrx_word' id='word_1_9' title='bbox 923 485 977 519; x_wconf 89' lang='grc' dir='ltr'><strong>τε</strong></span> <span class='ocrx_word' id='word_1_10' title='bbox 1016 464 1102 518; x_wconf 82' lang='grc' dir='ltr'><strong>καί</strong></span> <span class='ocrx_word' id='word_1_11' title='bbox 1137 464 1194 519; x_wconf 86' lang='grc' dir='ltr'><strong>τό</strong></span> <span class='ocrx_word' id='word_1_12' title='bbox 1247 464 1400 527; x_wconf 76' lang='grc' dir='ltr'>σέϐας</span> <span class='ocrx_word' id='word_1_13' title='bbox 1449 466 1696 537; x_wconf 75' lang='grc' dir='ltr'><strong>ἐνείχετο.</strong></span> <span class='ocrx_word' id='word_1_14' title='bbox 1728 469 1868 523; x_wconf 79' lang='grc' dir='ltr'>τοῦτ’</span> 
     </span>
    </p>
   </div>
   <div class='ocr_carea' id='block_1_5' title="bbox 1982 460 3549 539">
    <p class='ocr_par' dir='ltr' id='par_1_5' title="bbox 1982 460 3549 532">
     <span class='ocr_line' id='line_1_5' title="bbox 1982 460 3549 532; baseline 0.001 -16"><span class='ocrx_word' id='word_1_15' title='bbox 1982 476 2091 517; x_wconf 70' lang='lat' dir='ltr'><strong>esse</strong></span> <span class='ocrx_word' id='word_1_16' title='bbox 2119 462 2426 517; x_wconf 83' lang='lat' dir='ltr'><strong>censuimus</strong></span> <span class='ocrx_word' id='word_1_17' title='bbox 2444 501 2459 529; x_wconf 92' lang='lat'><strong>,</strong></span> <span class='ocrx_word' id='word_1_18' title='bbox 2485 461 2676 532; x_wconf 79' lang='lat' dir='ltr'><strong>quibus</strong></span> <span class='ocrx_word' id='word_1_19' title='bbox 2703 461 2865 517; x_wconf 77' lang='lat' dir='ltr'><strong>divini</strong></span> <span class='ocrx_word' id='word_1_20' title='bbox 2895 460 3136 518; x_wconf 87' lang='lat' dir='ltr'><strong>Numinis</strong></span> <span class='ocrx_word' id='word_1_21' title='bbox 3162 462 3338 518; x_wconf 86' lang='lat' dir='ltr'><strong>cultus</strong></span> <span class='ocrx_word' id='word_1_22' title='bbox 3366 476 3431 517; x_wconf 88' lang='lat' dir='ltr'><strong>ac</strong></span> <span class='ocrx_word' id='word_1_23' title='bbox 3452 478 3549 517; x_wconf 81' lang='lat' dir='ltr'><strong>vc-</strong></span> 
     </span>
    </p>
   </div>
   <div class='ocr_carea' id='block_1_6' title="bbox 294 551 1868 627">
    <p class='ocr_par' dir='ltr' id='par_1_6' title="bbox 294 551 1868 627">
     <span class='ocr_line' id='line_1_6' title="bbox 294 551 1868 627; baseline 0 -18"><span class='ocrx_word' id='word_1_24' title='bbox 294 552 436 609; x_wconf 76' lang='grc' dir='ltr'>ἴστιν</span> <span class='ocrx_word' id='word_1_25' title='bbox 465 551 602 614; x_wconf 84' lang='grc' dir='ltr'>ὅπως</span> <span class='ocrx_word' id='word_1_26' title='bbox 626 551 787 626; x_wconf 87' lang='grc' dir='ltr'>δῶμεν</span> <span class='ocrx_word' id='word_1_27' title='bbox 808 555 895 608; x_wconf 86' lang='grc' dir='ltr'><strong>καί</strong></span> <span class='ocrx_word' id='word_1_28' title='bbox 921 567 1029 615; x_wconf 75' lang='grc' dir='ltr'>τοῖς</span> <span class='ocrx_word' id='word_1_29' title='bbox 1055 562 1382 627; x_wconf 87' lang='grc' dir='ltr'>χριστιανοῖς</span> <span class='ocrx_word' id='word_1_30' title='bbox 1416 557 1502 609; x_wconf 81' lang='grc' dir='ltr'><strong>καί</strong></span> <span class='ocrx_word' id='word_1_31' title='bbox 1538 562 1695 611; x_wconf 80' lang='grc' dir='ltr'>πᾶσιν</span> <span class='ocrx_word' id='word_1_32' title='bbox 1729 557 1868 611; x_wconf 78' lang='grc' dir='ltr'>ἕλευ-</span> 
     </span>
    </p>
   </div>
   <div class='ocr_carea' id='block_1_7' title="bbox 295 642 1867 722">
    <p class='ocr_par' dir='ltr' id='par_1_7' title="bbox 295 642 1867 722">
     <span class='ocr_line' id='line_1_7' title="bbox 295 642 1867 722; baseline 0.003 -25"><span class='ocrx_word' id='word_1_33' title='bbox 295 645 445 718; x_wconf 85' lang='grc' dir='ltr'>θέραν</span> <span class='ocrx_word' id='word_1_34' title='bbox 475 645 686 720; x_wconf 78' lang='grc' dir='ltr'>αἵρεσιν,</span> <span class='ocrx_word' id='word_1_35' title='bbox 731 651 822 699; x_wconf 83' lang='grc' dir='ltr'>τοῦ</span> <span class='ocrx_word' id='word_1_36' title='bbox 852 646 1127 700; x_wconf 74' lang='grc' dir='ltr'><strong>ἀκολουθεῖν</strong></span> <span class='ocrx_word' id='word_1_37' title='bbox 1168 653 1230 720; x_wconf 78' lang='grc' dir='ltr'><strong>τῇ</strong></span> <span class='ocrx_word' id='word_1_38' title='bbox 1267 649 1510 722; x_wconf 73' lang='grc' dir='ltr'><strong>θρησκείᾳ</strong></span> <span class='ocrx_word' id='word_1_39' title='bbox 1535 644 1566 721; x_wconf 77' lang='grc' dir='ltr'><em>ἦ</em></span> <span class='ocrx_word' id='word_1_40' title='bbox 1590 644 1635 701; x_wconf 79' lang='grc' dir='ltr'>δ’</span> <span class='ocrx_word' id='word_1_41' title='bbox 1663 642 1721 701; x_wconf 78' lang='grc' dir='ltr'><strong>ἂν</strong></span> <span class='ocrx_word' id='word_1_42' title='bbox 1744 647 1867 722; x_wconf 79' lang='grc' dir='ltr'>βου·</span> 
     </span>
    </p>
   </div>
   <div class='ocr_carea' id='block_1_8' title="bbox 293 732 1867 810">
    <p class='ocr_par' dir='ltr' id='par_1_8' title="bbox 293 732 1867 810">
     <span class='ocr_line' id='line_1_8' title="bbox 293 732 1867 810; baseline 0.002 -21"><span class='ocrx_word' id='word_1_43' title='bbox 293 734 526 794; x_wconf 84' lang='grc' dir='ltr'>ληθῶσιν.</span> <span class='ocrx_word' id='word_1_44' title='bbox 575 732 712 796; x_wconf 83' lang='grc' dir='ltr'>ὅπως</span> <span class='ocrx_word' id='word_1_45' title='bbox 755 732 800 797; x_wconf 85' lang='grc' dir='ltr'>ὅ,</span> <span class='ocrx_word' id='word_1_46' title='bbox 838 737 889 790; x_wconf 90' lang='grc' dir='ltr'><strong>τί</strong></span> <span class='ocrx_word' id='word_1_47' title='bbox 933 736 1055 791; x_wconf 87' lang='grc' dir='ltr'>ποτέ</span> <span class='ocrx_word' id='word_1_48' title='bbox 1105 737 1215 791; x_wconf 77' lang='grc' dir='ltr'>έστι</span> <span class='ocrx_word' id='word_1_49' title='bbox 1270 737 1460 798; x_wconf 77' lang='grc' dir='ltr'><strong>θειότης</strong></span> <span class='ocrx_word' id='word_1_50' title='bbox 1510 739 1597 791; x_wconf 81' lang='grc' dir='ltr'><strong>καί</strong></span> <span class='ocrx_word' id='word_1_51' title='bbox 1635 739 1867 810; x_wconf 81' lang='grc' dir='ltr'>οὐρανίου</span> 
     </span>
    </p>
   </div>
   <div class='ocr_carea' id='block_1_9' title="bbox 289 829 1869 908">
    <p class='ocr_par' dir='ltr' id='par_1_9' title="bbox 289 829 1869 908">
     <span class='ocr_line' id='line_1_9' title="bbox 289 829 1869 908; baseline 0.001 -25"><span class='ocrx_word' id='word_1_52' title='bbox 289 829 616 903; x_wconf 75' lang='grc' dir='ltr'>πράγματος,</span> <span class='ocrx_word' id='word_1_53' title='bbox 660 829 775 900; x_wconf 76' lang='grc' dir='ltr'>ἡμῖν</span> <span class='ocrx_word' id='word_1_54' title='bbox 804 830 883 883; x_wconf 82' lang='grc' dir='ltr'><strong>καί</strong></span> <span class='ocrx_word' id='word_1_55' title='bbox 908 833 1041 885; x_wconf 83' lang='grc' dir='ltr'>πᾶσι</span> <span class='ocrx_word' id='word_1_56' title='bbox 1068 838 1176 890; x_wconf 88' lang='grc' dir='ltr'>τοῖς</span> <span class='ocrx_word' id='word_1_57' title='bbox 1204 830 1304 884; x_wconf 78' lang='grc' dir='ltr'><strong>ὑπὸ</strong></span> <span class='ocrx_word' id='word_1_58' title='bbox 1338 835 1430 889; x_wconf 82' lang='grc' dir='ltr'><strong>τήν</strong></span> <span class='ocrx_word' id='word_1_59' title='bbox 1453 830 1701 908; x_wconf 73' lang='grc' dir='ltr'><strong>ἡμετέραν</strong></span> <span class='ocrx_word' id='word_1_60' title='bbox 1729 831 1869 895; x_wconf 71' lang='grc' dir='ltr'>ἕξου-</span> 
     </span>
    </p>
   </div>
   <div class='ocr_carea' id='block_1_10' title="bbox 294 915 1869 996">
    <p class='ocr_par' dir='ltr' id='par_1_10' title="bbox 294 915 1869 996">
     <span class='ocr_line' id='line_1_10' title="bbox 294 915 1869 996; baseline 0.001 -20"><span class='ocrx_word' id='word_1_61' title='bbox 294 921 414 976; x_wconf 85' lang='grc' dir='ltr'>σίαν</span> <span class='ocrx_word' id='word_1_62' title='bbox 440 917 699 992; x_wconf 70' lang='grc' dir='ltr'>διάγουσιν</span> <span class='ocrx_word' id='word_1_63' title='bbox 738 920 939 992; x_wconf 84' lang='grc' dir='ltr'>εύμενίς</span> <span class='ocrx_word' id='word_1_64' title='bbox 976 915 1100 976; x_wconf 78' lang='grc' dir='ltr'>εἶναι</span> <span class='ocrx_word' id='word_1_65' title='bbox 1128 919 1325 996; x_wconf 76' lang='grc' dir='ltr'>δυνηθῇ.</span> <span class='ocrx_word' id='word_1_66' title='bbox 1352 923 1518 977; x_wconf 82' lang='grc' dir='ltr'>τοίνυν</span> <span class='ocrx_word' id='word_1_67' title='bbox 1553 923 1745 981; x_wconf 85' lang='grc' dir='ltr'>ταύτην</span> <span class='ocrx_word' id='word_1_68' title='bbox 1780 926 1869 981; x_wconf 79' lang='grc' dir='ltr'><strong>τήν</strong></span> 
     </span>
    </p>
   </div>
   <div class='ocr_carea' id='block_1_11' title="bbox 295 1009 1869 1088">
    <p class='ocr_par' dir='ltr' id='par_1_11' title="bbox 295 1009 1869 1088">
     <span class='ocr_line' id='line_1_11' title="bbox 295 1009 1869 1088; baseline 0.002 -26"><span class='ocrx_word' id='word_1_69' title='bbox 295 1009 527 1081; x_wconf 81' lang='grc' dir='ltr'>βούληξεν</span> <span class='ocrx_word' id='word_1_70' title='bbox 568 1014 660 1069; x_wconf 70' lang='grc' dir='ltr'><strong>τήν</strong></span> <span class='ocrx_word' id='word_1_71' title='bbox 704 1011 951 1085; x_wconf 74' lang='grc' dir='ltr'>ἡμετέραν</span> <span class='ocrx_word' id='word_1_72' title='bbox 974 1050 988 1072; x_wconf 84' lang='grc'><strong>,</strong></span> <span class='ocrx_word' id='word_1_73' title='bbox 1020 1010 1221 1084; x_wconf 74' lang='grc' dir='ltr'>ύγιεινῷ</span> <span class='ocrx_word' id='word_1_74' title='bbox 1246 1015 1324 1065; x_wconf 85' lang='grc' dir='ltr'><strong>καί</strong></span> <span class='ocrx_word' id='word_1_75' title='bbox 1352 1010 1599 1088; x_wconf 75' lang='grc' dir='ltr'>ὄρθοτάτῳ</span> <span class='ocrx_word' id='word_1_76' title='bbox 1641 1010 1869 1085; x_wconf 66' lang='grc' dir='ltr'>λογισμῶ</span> 
     </span>
    </p>
   </div>
   <div class='ocr_carea' id='block_1_12' title="bbox 289 1099 1869 1178">
    <p class='ocr_par' dir='ltr' id='par_1_12' title="bbox 289 1099 1869 1178">
     <span class='ocr_line' id='line_1_12' title="bbox 289 1099 1869 1178; baseline 0.002 -22"><span class='ocrx_word' id='word_1_77' title='bbox 289 1100 693 1177; x_wconf 68' lang='grc' dir='ltr'>ἕδογματίσαμεν</span> <span class='ocrx_word' id='word_1_78' title='bbox 711 1143 723 1164; x_wconf 91' lang='grc'><strong>.</strong></span> <span class='ocrx_word' id='word_1_79' title='bbox 763 1099 901 1163; x_wconf 84' lang='grc' dir='ltr'>ὅπως</span> <span class='ocrx_word' id='word_1_80' title='bbox 928 1101 1102 1175; x_wconf 84' lang='grc' dir='ltr'>μηδενί</span> <span class='ocrx_word' id='word_1_81' title='bbox 1125 1104 1382 1165; x_wconf 72' lang='grc' dir='ltr'>παντελῶς</span> <span class='ocrx_word' id='word_1_82' title='bbox 1422 1105 1625 1170; x_wconf 78' lang='grc' dir='ltr'>ἔξουσία</span> <span class='ocrx_word' id='word_1_83' title='bbox 1651 1104 1869 1178; x_wconf 82' lang='grc' dir='ltr'>ἀρνητέα</span> 
     </span>
    </p>
   </div>
   <div class='ocr_carea' id='block_1_13' title="bbox 290 1190 1867 1272">
    <p class='ocr_par' dir='ltr' id='par_1_13' title="bbox 290 1190 1867 1272">
     <span class='ocr_line' id='line_1_13' title="bbox 290 1190 1867 1272; baseline 0.002 -23"><span class='ocrx_word' id='word_1_84' title='bbox 290 1190 346 1270; x_wconf 74' lang='grc' dir='ltr'><strong>ᾖ,</strong></span> <span class='ocrx_word' id='word_1_85' title='bbox 376 1202 465 1249; x_wconf 83' lang='grc' dir='ltr'>τοῦ</span> <span class='ocrx_word' id='word_1_86' title='bbox 493 1195 771 1251; x_wconf 77' lang='grc' dir='ltr'>ἀκολουθεῖν</span> <span class='ocrx_word' id='word_1_87' title='bbox 795 1197 882 1250; x_wconf 83' lang='grc' dir='ltr'><strong>καί</strong></span> <span class='ocrx_word' id='word_1_88' title='bbox 904 1194 1160 1272; x_wconf 75' lang='grc' dir='ltr'>αἱρεῖσθαι</span> <span class='ocrx_word' id='word_1_89' title='bbox 1187 1200 1276 1255; x_wconf 83' lang='grc' dir='ltr'><strong>τήν</strong></span> <span class='ocrx_word' id='word_1_90' title='bbox 1300 1203 1398 1251; x_wconf 89' lang='grc' dir='ltr'><strong>τῶν</strong></span> <span class='ocrx_word' id='word_1_91' title='bbox 1430 1203 1742 1271; x_wconf 79' lang='grc' dir='ltr'>χριστιανῶν</span> <span class='ocrx_word' id='word_1_92' title='bbox 1766 1217 1867 1252; x_wconf 87' lang='grc' dir='ltr'>πα-</span> 
     </span>
    </p>
   </div>
   <div class='ocr_carea' id='block_1_14' title="bbox 288 1284 1867 1361">
    <p class='ocr_par' dir='ltr' id='par_1_14' title="bbox 288 1284 1867 1361">
     <span class='ocr_line' id='line_1_14' title="bbox 288 1284 1867 1361; baseline -0.001 -19"><span class='ocrx_word' id='word_1_93' title='bbox 288 1284 565 1361; x_wconf 81' lang='grc' dir='ltr'>ραφύλαξιν</span> <span class='ocrx_word' id='word_1_94' title='bbox 607 1285 638 1346; x_wconf 71' lang='grc' dir='ltr'><em>ἢ</em></span> <span class='ocrx_word' id='word_1_95' title='bbox 679 1287 967 1360; x_wconf 80' lang='grc' dir='ltr'>θρησκείαν.</span> <span class='ocrx_word' id='word_1_96' title='bbox 1011 1286 1212 1359; x_wconf 82' lang='grc' dir='ltr'>ίκάστῳ</span> <span class='ocrx_word' id='word_1_97' title='bbox 1238 1306 1293 1341; x_wconf 89' lang='grc' dir='ltr'><strong>τε</strong></span> <span class='ocrx_word' id='word_1_98' title='bbox 1323 1287 1532 1352; x_wconf 66' lang='grc' dir='ltr'>ἐξουσία</span> <span class='ocrx_word' id='word_1_99' title='bbox 1573 1284 1741 1345; x_wconf 80' lang='grc' dir='ltr'>δοθείη</span> <span class='ocrx_word' id='word_1_100' title='bbox 1777 1292 1867 1343; x_wconf 80' lang='grc' dir='ltr'>τοῦ</span> 
     </span>
    </p>
   </div>
   <div class='ocr_carea' id='block_1_15' title="bbox 291 1374 1871 1453">
    <p class='ocr_par' dir='ltr' id='par_1_15' title="bbox 291 1374 1871 1453">
     <span class='ocr_line' id='line_1_15' title="bbox 291 1374 1871 1453; baseline 0.002 -23"><span class='ocrx_word' id='word_1_101' title='bbox 291 1374 485 1431; x_wconf 81' lang='grc' dir='ltr'>διδόναι</span> <span class='ocrx_word' id='word_1_102' title='bbox 503 1376 688 1432; x_wconf 83' lang='grc' dir='ltr'>έαυτοῦ</span> <span class='ocrx_word' id='word_1_103' title='bbox 718 1381 806 1434; x_wconf 82' lang='grc' dir='ltr'><strong>τήν</strong></span> <span class='ocrx_word' id='word_1_104' title='bbox 844 1374 1064 1431; x_wconf 75' lang='grc' dir='ltr'>διάνοιαν</span> <span class='ocrx_word' id='word_1_105' title='bbox 1111 1377 1157 1430; x_wconf 81' lang='grc' dir='ltr'>ἐν</span> <span class='ocrx_word' id='word_1_106' title='bbox 1208 1378 1365 1449; x_wconf 68' lang='grc' dir='ltr'>ἐκείνῃ</span> <span class='ocrx_word' id='word_1_107' title='bbox 1406 1386 1468 1453; x_wconf 78' lang='grc' dir='ltr'><strong>τῇ</strong></span> <span class='ocrx_word' id='word_1_108' title='bbox 1506 1379 1767 1453; x_wconf 75' lang='grc' dir='ltr'>θρησκείᾳ,</span> <span class='ocrx_word' id='word_1_109' title='bbox 1814 1379 1871 1437; x_wconf 77' lang='grc' dir='ltr'>ἢν</span> 
     </span>
    </p>
   </div>
   <div class='ocr_carea' id='block_1_16' title="bbox 288 1464 1871 1543">
    <p class='ocr_par' dir='ltr' id='par_1_16' title="bbox 288 1464 1871 1543">
     <span class='ocr_line' id='line_1_16' title="bbox 288 1464 1871 1543; baseline 0.001 -20"><span class='ocrx_word' id='word_1_110' title='bbox 288 1469 444 1528; x_wconf 77' lang='grc' dir='ltr'>αὐτὸς</span> <span class='ocrx_word' id='word_1_111' title='bbox 491 1467 659 1540; x_wconf 75' lang='grc' dir='ltr'>ἑαυτῷ</span> <span class='ocrx_word' id='word_1_112' title='bbox 702 1465 939 1542; x_wconf 82' lang='grc' dir='ltr'>ἁρμόζειν</span> <span class='ocrx_word' id='word_1_113' title='bbox 980 1471 1174 1540; x_wconf 75' lang='grc' dir='ltr'>νομίζῃ.</span> <span class='ocrx_word' id='word_1_114' title='bbox 1224 1464 1361 1528; x_wconf 84' lang='grc' dir='ltr'>ὅπως</span> <span class='ocrx_word' id='word_1_115' title='bbox 1409 1470 1528 1541; x_wconf 74' lang='grc' dir='ltr'>ἡμῖν</span> <span class='ocrx_word' id='word_1_116' title='bbox 1582 1466 1763 1543; x_wconf 74' lang='grc' dir='ltr'>δυνηθῇ</span> <span class='ocrx_word' id='word_1_117' title='bbox 1812 1469 1871 1524; x_wconf 80' lang='grc' dir='ltr'><strong>τό</strong></span> 
     </span>
    </p>
   </div>
   <div class='ocr_carea' id='block_1_17' title="bbox 288 1554 1868 1633">
    <p class='ocr_par' dir='ltr' id='par_1_17' title="bbox 288 1554 1868 1633">
     <span class='ocr_line' id='line_1_17' title="bbox 288 1554 1868 1633; baseline 0.001 -23"><span class='ocrx_word' id='word_1_118' title='bbox 288 1559 417 1613; x_wconf 84' lang='grc' dir='ltr'>θεῖον</span> <span class='ocrx_word' id='word_1_119' title='bbox 438 1558 485 1610; x_wconf 76' lang='grc' dir='ltr'>ἐν</span> <span class='ocrx_word' id='word_1_120' title='bbox 509 1562 639 1612; x_wconf 85' lang='grc' dir='ltr'>πᾶσι</span> <span class='ocrx_word' id='word_1_121' title='bbox 663 1562 752 1616; x_wconf 76' lang='grc' dir='ltr'>τὴν</span> <span class='ocrx_word' id='word_1_122' title='bbox 778 1555 945 1628; x_wconf 73' lang='grc' dir='ltr'>ἔθιμον</span> <span class='ocrx_word' id='word_1_123' title='bbox 974 1554 1199 1615; x_wconf 73' lang='grc' dir='ltr'>σπουδήν</span> <span class='ocrx_word' id='word_1_124' title='bbox 1230 1560 1315 1611; x_wconf 82' lang='grc' dir='ltr'><strong>καί</strong></span> <span class='ocrx_word' id='word_1_125' title='bbox 1339 1556 1704 1632; x_wconf 71' lang='grc' dir='ltr'>καλοκαγαθίαν</span> <span class='ocrx_word' id='word_1_126' title='bbox 1729 1577 1868 1633; x_wconf 84' lang='grc' dir='ltr'>παρ-</span> 
     </span>
    </p>
   </div>
   <div class='ocr_carea' id='block_1_18' title="bbox 286 1644 1871 1722">
    <p class='ocr_par' dir='ltr' id='par_1_18' title="bbox 286 1644 1871 1722">
     <span class='ocr_line' id='line_1_18' title="bbox 286 1644 1871 1722; baseline 0 -20"><span class='ocrx_word' id='word_1_127' title='bbox 286 1648 450 1720; x_wconf 80' lang='grc' dir='ltr'>έχειν.</span> <span class='ocrx_word' id='word_1_128' title='bbox 496 1644 641 1701; x_wconf 79' lang='grc' dir='ltr'>ἅτινα</span> <span class='ocrx_word' id='word_1_129' title='bbox 672 1644 831 1706; x_wconf 76' lang='grc' dir='ltr'>οὕτως</span> <span class='ocrx_word' id='word_1_130' title='bbox 873 1648 1105 1722; x_wconf 72' lang='grc' dir='ltr'>ἀρέσκειν</span> <span class='ocrx_word' id='word_1_131' title='bbox 1140 1648 1259 1719; x_wconf 75' lang='grc' dir='ltr'>ἡμῖν</span> <span class='ocrx_word' id='word_1_132' title='bbox 1285 1646 1584 1722; x_wconf 69' lang='grc' dir='ltr'>ἀντιγράψαι</span> <span class='ocrx_word' id='word_1_133' title='bbox 1613 1647 1871 1702; x_wconf 80' lang='grc' dir='ltr'>ἀκόλουθον</span> 
     </span>
    </p>
   </div>
   <div class='ocr_carea' id='block_1_19' title="bbox 287 1737 1870 1815">
    <p class='ocr_par' dir='ltr' id='par_1_19' title="bbox 287 1737 1870 1815">
     <span class='ocr_line' id='line_1_19' title="bbox 287 1737 1870 1815; baseline 0.001 -21"><span class='ocrx_word' id='word_1_134' title='bbox 287 1739 365 1803; x_wconf 74' lang='grc' dir='ltr'>ἦν,</span> <span class='ocrx_word' id='word_1_135' title='bbox 410 1740 469 1793; x_wconf 78' lang='grc' dir='ltr'><strong>’ἶν’</strong></span> <span class='ocrx_word' id='word_1_136' title='bbox 517 1740 873 1815; x_wconf 72' lang='grc' dir='ltr'>ἀφαιρεθεισῶν</span> <span class='ocrx_word' id='word_1_137' title='bbox 918 1737 1171 1799; x_wconf 79' lang='grc' dir='ltr'>παντελῶς</span> <span class='ocrx_word' id='word_1_138' title='bbox 1212 1745 1311 1793; x_wconf 91' lang='grc' dir='ltr'><strong>τῶν</strong></span> <span class='ocrx_word' id='word_1_139' title='bbox 1368 1738 1631 1814; x_wconf 85' lang='grc' dir='ltr'>αίρέσεων,</span> <span class='ocrx_word' id='word_1_140' title='bbox 1686 1740 1870 1801; x_wconf 86' lang='grc' dir='ltr'>α’ίτινες</span> 
     </span>
    </p>
   </div>
   <div class='ocr_carea' id='block_1_20' title="bbox 1971 551 3551 615">
    <p class='ocr_par' dir='ltr' id='par_1_20' title="bbox 1971 551 3551 615">
     <span class='ocr_line' id='line_1_20' title="bbox 1971 551 3551 615; baseline -0.001 -8"><span class='ocrx_word' id='word_1_141' title='bbox 1971 553 2176 607; x_wconf 89' lang='lat' dir='ltr'><strong>neratio</strong></span> <span class='ocrx_word' id='word_1_142' title='bbox 2215 554 2614 609; x_wconf 89' lang='lat' dir='ltr'><strong>contineretur:</strong></span> <span class='ocrx_word' id='word_1_143' title='bbox 2641 551 2742 607; x_wconf 91' lang='lat' dir='ltr'><strong>hoc</strong></span> <span class='ocrx_word' id='word_1_144' title='bbox 2768 562 2883 615; x_wconf 80' lang='lat' dir='ltr'><strong>est.</strong></span> <span class='ocrx_word' id='word_1_145' title='bbox 2926 562 2983 607; x_wconf 91' lang='lat' dir='ltr'><strong>ut</strong></span> <span class='ocrx_word' id='word_1_146' title='bbox 3019 552 3335 608; x_wconf 76' lang='lat' dir='ltr'><strong>Christianis</strong></span> <span class='ocrx_word' id='word_1_147' title='bbox 3370 562 3424 609; x_wconf 88' lang='lat' dir='ltr'><strong>et</strong></span> <span class='ocrx_word' id='word_1_148' title='bbox 3458 568 3551 607; x_wconf 87' lang='lat' dir='ltr'><strong>re-</strong></span> 
     </span>
    </p>
   </div>
   <div class='ocr_carea' id='block_1_21' title="bbox 1970 643 3552 714">
    <p class='ocr_par' dir='ltr' id='par_1_21' title="bbox 1970 643 3552 714">
     <span class='ocr_line' id='line_1_21' title="bbox 1970 643 3552 714; baseline -0.001 -16"><span class='ocrx_word' id='word_1_149' title='bbox 1970 643 2128 714; x_wconf 83' lang='lat' dir='ltr'><strong>liquis</strong></span> <span class='ocrx_word' id='word_1_150' title='bbox 2150 645 2397 699; x_wconf 90' lang='lat' dir='ltr'><strong>omnibus</strong></span> <span class='ocrx_word' id='word_1_151' title='bbox 2418 644 2584 701; x_wconf 89' lang='lat' dir='ltr'><strong>libera</strong></span> <span class='ocrx_word' id='word_1_152' title='bbox 2610 645 2834 700; x_wconf 76' lang='lat' dir='ltr'><strong>facultas</strong></span> <span class='ocrx_word' id='word_1_153' title='bbox 2856 660 2881 696; x_wconf 87' lang='lat' dir='ltr'><strong>a</strong></span> <span class='ocrx_word' id='word_1_154' title='bbox 2902 644 3052 700; x_wconf 88' lang='lat' dir='ltr'><strong>nobis</strong></span> <span class='ocrx_word' id='word_1_155' title='bbox 3075 644 3338 699; x_wconf 75' lang='lat' dir='ltr'><strong>tribuatur</strong></span> <span class='ocrx_word' id='word_1_156' title='bbox 3364 659 3552 713; x_wconf 84' lang='lat' dir='ltr'><strong>quam-</strong></span> 
     </span>
    </p>
   </div>
   <div class='ocr_carea' id='block_1_22' title="bbox 1968 735 3550 807">
    <p class='ocr_par' dir='ltr' id='par_1_22' title="bbox 1968 735 3550 807">
     <span class='ocr_line' id='line_1_22' title="bbox 1968 735 3550 807; baseline -0.001 -16"><span class='ocrx_word' id='word_1_157' title='bbox 1968 752 2196 807; x_wconf 89' lang='lat' dir='ltr'><strong>cumque</strong></span> <span class='ocrx_word' id='word_1_158' title='bbox 2224 738 2487 791; x_wconf 79' lang='lat' dir='ltr'><strong>voluerim</strong></span> <span class='ocrx_word' id='word_1_159' title='bbox 2529 737 2835 805; x_wconf 87' lang='lat' dir='ltr'><strong>religionem</strong></span> <span class='ocrx_word' id='word_1_160' title='bbox 2874 735 3209 791; x_wconf 75' lang='lat' dir='ltr'><strong>consectandi</strong></span> <span class='ocrx_word' id='word_1_161' title='bbox 3242 754 3255 789; x_wconf 86' lang='lat'><strong>:</strong></span> <span class='ocrx_word' id='word_1_162' title='bbox 3288 750 3393 805; x_wconf 91' lang='lat' dir='ltr'><strong>quo</strong></span> <span class='ocrx_word' id='word_1_163' title='bbox 3437 735 3550 790; x_wconf 85' lang='lat' dir='ltr'><strong>sei—</strong></span> 
     </span>
    </p>
   </div>
   <div class='ocr_carea' id='block_1_23' title="bbox 1966 826 3547 899">
    <p class='ocr_par' dir='ltr' id='par_1_23' title="bbox 1966 826 3547 899">
     <span class='ocr_line' id='line_1_23' title="bbox 1966 826 3547 899; baseline -0.002 -15"><span class='ocrx_word' id='word_1_164' title='bbox 1966 827 2092 884; x_wconf 89' lang='lat' dir='ltr'><strong>licet</strong></span> <span class='ocrx_word' id='word_1_165' title='bbox 2120 828 2373 899; x_wconf 86' lang='lat' dir='ltr'><strong>quidquid</strong></span> <span class='ocrx_word' id='word_1_166' title='bbox 2412 828 2537 883; x_wconf 91' lang='lat' dir='ltr'><strong>illud</strong></span> <span class='ocrx_word' id='word_1_167' title='bbox 2580 839 2661 883; x_wconf 90' lang='lat' dir='ltr'><strong>est</strong></span> <span class='ocrx_word' id='word_1_168' title='bbox 2690 828 2923 883; x_wconf 90' lang='lat' dir='ltr'><strong>divinum</strong></span> <span class='ocrx_word' id='word_1_169' title='bbox 2965 843 3026 883; x_wconf 90' lang='lat' dir='ltr'><strong>ac</strong></span> <span class='ocrx_word' id='word_1_170' title='bbox 3055 828 3273 883; x_wconf 75' lang='lat' dir='ltr'><strong>cteleste</strong></span> <span class='ocrx_word' id='word_1_171' title='bbox 3297 826 3498 881; x_wconf 83' lang='lat' dir='ltr'><strong>Numen</strong></span> <span class='ocrx_word' id='word_1_172' title='bbox 3530 868 3547 893; x_wconf 93' lang='lat'><strong>,</strong></span> 
     </span>
    </p>
   </div>
   <div class='ocr_carea' id='block_1_24' title="bbox 1970 918 3548 989">
    <p class='ocr_par' dir='ltr' id='par_1_24' title="bbox 1970 918 3548 989">
     <span class='ocr_line' id='line_1_24' title="bbox 1970 918 3548 989; baseline -0.001 -16"><span class='ocrx_word' id='word_1_173' title='bbox 1970 918 2125 973; x_wconf 89' lang='lat' dir='ltr'><strong>nobis</strong></span> <span class='ocrx_word' id='word_1_174' title='bbox 2144 928 2193 975; x_wconf 87' lang='lat' dir='ltr'><strong>et</strong></span> <span class='ocrx_word' id='word_1_175' title='bbox 2220 921 2477 974; x_wconf 87' lang='lat' dir='ltr'><strong>universis</strong></span> <span class='ocrx_word' id='word_1_176' title='bbox 2492 919 2577 989; x_wconf 92' lang='lat' dir='ltr'><strong>qui</strong></span> <span class='ocrx_word' id='word_1_177' title='bbox 2596 920 2694 975; x_wconf 87' lang='lat' dir='ltr'><strong>sub</strong></span> <span class='ocrx_word' id='word_1_178' title='bbox 2716 920 2936 989; x_wconf 86' lang='lat' dir='ltr'><strong>imperio</strong></span> <span class='ocrx_word' id='word_1_179' title='bbox 2961 930 3143 974; x_wconf 91' lang='lat' dir='ltr'><strong>nostro</strong></span> <span class='ocrx_word' id='word_1_180' title='bbox 3163 918 3356 989; x_wconf 87' lang='lat' dir='ltr'><strong>degunt</strong></span> <span class='ocrx_word' id='word_1_181' title='bbox 3377 961 3391 984; x_wconf 88' lang='lat'><strong>,</strong></span> <span class='ocrx_word' id='word_1_182' title='bbox 3418 932 3548 987; x_wconf 86' lang='lat' dir='ltr'><strong>pro-</strong></span> 
     </span>
    </p>
   </div>
   <div class='ocr_carea' id='block_1_25' title="bbox 1970 1010 3547 1082">
    <p class='ocr_par' dir='ltr' id='par_1_25' title="bbox 1970 1010 3547 1082">
     <span class='ocr_line' id='line_1_25' title="bbox 1970 1010 3547 1082; baseline -0.002 -17"><span class='ocrx_word' id='word_1_183' title='bbox 1970 1011 2155 1080; x_wconf 90' lang='lat' dir='ltr'><strong>pitium</strong></span> <span class='ocrx_word' id='word_1_184' title='bbox 2184 1026 2301 1066; x_wconf 83' lang='lat' dir='ltr'><strong>esse</strong></span> <span class='ocrx_word' id='word_1_185' title='bbox 2316 1011 2502 1082; x_wconf 87' lang='lat' dir='ltr'><strong>possit.</strong></span> <span class='ocrx_word' id='word_1_186' title='bbox 2528 1010 2674 1066; x_wconf 85' lang='lat' dir='ltr'><strong>Hanc</strong></span> <span class='ocrx_word' id='word_1_187' title='bbox 2699 1013 2854 1080; x_wconf 91' lang='lat' dir='ltr'><strong>igitur</strong></span> <span class='ocrx_word' id='word_1_188' title='bbox 2870 1020 3101 1065; x_wconf 88' lang='lat' dir='ltr'><strong>nostram</strong></span> <span class='ocrx_word' id='word_1_189' title='bbox 3121 1011 3439 1065; x_wconf 79' lang='lat' dir='ltr'><strong>voluntatem</strong></span> <span class='ocrx_word' id='word_1_190' title='bbox 3456 1024 3547 1063; x_wconf 79' lang='lat' dir='ltr'><strong>sa-</strong></span> 
     </span>
    </p>
   </div>
   <div class='ocr_carea' id='block_1_26' title="bbox 1970 1100 3545 1172">
    <p class='ocr_par' dir='ltr' id='par_1_26' title="bbox 1970 1100 3545 1172">
     <span class='ocr_line' id='line_1_26' title="bbox 1970 1100 3545 1172; baseline -0.001 -16"><span class='ocrx_word' id='word_1_191' title='bbox 1970 1100 2104 1157; x_wconf 91' lang='lat' dir='ltr'><strong>lubri</strong></span> <span class='ocrx_word' id='word_1_192' title='bbox 2121 1110 2173 1157; x_wconf 87' lang='lat' dir='ltr'><strong>et</strong></span> <span class='ocrx_word' id='word_1_193' title='bbox 2188 1102 2720 1158; x_wconf 86' lang='lat' dir='ltr'><strong>rectissimoconsilio</strong></span> <span class='ocrx_word' id='word_1_194' title='bbox 2747 1102 3220 1172; x_wconf 83' lang='lat' dir='ltr'><strong>promulgavimus,</strong></span> <span class='ocrx_word' id='word_1_195' title='bbox 3254 1111 3312 1156; x_wconf 90' lang='lat' dir='ltr'><strong>ut</strong></span> <span class='ocrx_word' id='word_1_196' title='bbox 3349 1101 3545 1155; x_wconf 88' lang='lat' dir='ltr'><strong>nemini</strong></span> 
     </span>
    </p>
   </div>
   <div class='ocr_carea' id='block_1_27' title="bbox 1970 1190 3549 1263">
    <p class='ocr_par' dir='ltr' id='par_1_27' title="bbox 1970 1190 3549 1263">
     <span class='ocr_line' id='line_1_27' title="bbox 1970 1190 3549 1263; baseline 0.001 -16"><span class='ocrx_word' id='word_1_197' title='bbox 1970 1206 2186 1263; x_wconf 82' lang='lat' dir='ltr'><strong>prorsus</strong></span> <span class='ocrx_word' id='word_1_198' title='bbox 2224 1190 2578 1248; x_wconf 88' lang='lat' dir='ltr'><strong>Christianam</strong></span> <span class='ocrx_word' id='word_1_199' title='bbox 2619 1193 3008 1249; x_wconf 84' lang='lat' dir='ltr'><strong>observantiam</strong></span> <span class='ocrx_word' id='word_1_200' title='bbox 3035 1208 3097 1247; x_wconf 88' lang='lat' dir='ltr'><strong>ac</strong></span> <span class='ocrx_word' id='word_1_201' title='bbox 3126 1193 3429 1262; x_wconf 76' lang='lat' dir='ltr'><strong>religionem</strong></span> <span class='ocrx_word' id='word_1_202' title='bbox 3460 1207 3549 1248; x_wconf 83' lang='lat' dir='ltr'><strong>se-</strong></span> 
     </span>
    </p>
   </div>
   <div class='ocr_carea' id='block_1_28' title="bbox 1970 1282 3548 1359">
    <p class='ocr_par' dir='ltr' id='par_1_28' title="bbox 1970 1282 3548 1359">
     <span class='ocr_line' id='line_1_28' title="bbox 1970 1282 3548 1359; baseline -0.002 -20"><span class='ocrx_word' id='word_1_203' title='bbox 1970 1285 2163 1359; x_wconf 92' lang='lat' dir='ltr'><strong>quendi</strong></span> <span class='ocrx_word' id='word_1_204' title='bbox 2182 1294 2272 1339; x_wconf 88' lang='lat' dir='ltr'><strong>aut</strong></span> <span class='ocrx_word' id='word_1_205' title='bbox 2284 1285 2509 1356; x_wconf 79' lang='lat' dir='ltr'><strong>eligendi</strong></span> <span class='ocrx_word' id='word_1_206' title='bbox 2524 1283 2732 1339; x_wconf 85' lang='lat' dir='ltr'><strong>licentia</strong></span> <span class='ocrx_word' id='word_1_207' title='bbox 2748 1285 3054 1355; x_wconf 85' lang='lat' dir='ltr'><strong>deuegetur.</strong></span> <span class='ocrx_word' id='word_1_208' title='bbox 3072 1283 3175 1340; x_wconf 89' lang='lat' dir='ltr'><strong>Sed</strong></span> <span class='ocrx_word' id='word_1_209' title='bbox 3188 1283 3466 1352; x_wconf 88' lang='lat' dir='ltr'><strong>unicuique</strong></span> <span class='ocrx_word' id='word_1_210' title='bbox 3480 1282 3548 1336; x_wconf 86' lang='lat' dir='ltr'><strong>li-</strong></span> 
     </span>
    </p>
   </div>
   <div class='ocr_carea' id='block_1_29' title="bbox 1971 1373 3541 1445">
    <p class='ocr_par' dir='ltr' id='par_1_29' title="bbox 1971 1373 3541 1445">
     <span class='ocr_line' id='line_1_29' title="bbox 1971 1373 3541 1445; baseline -0.002 -13"><span class='ocrx_word' id='word_1_211' title='bbox 1971 1387 2087 1432; x_wconf 89' lang='lat' dir='ltr'><strong>ceat</strong></span> <span class='ocrx_word' id='word_1_212' title='bbox 2118 1376 2181 1429; x_wconf 89' lang='lat' dir='ltr'><strong>ad</strong></span> <span class='ocrx_word' id='word_1_213' title='bbox 2199 1390 2314 1431; x_wconf 89' lang='lat' dir='ltr'><strong>eam</strong></span> <span class='ocrx_word' id='word_1_214' title='bbox 2338 1374 2649 1445; x_wconf 76' lang='lat' dir='ltr'><strong>religionem</strong></span> <span class='ocrx_word' id='word_1_215' title='bbox 2664 1389 2818 1445; x_wconf 88' lang='lat' dir='ltr'><strong>quam</strong></span> <span class='ocrx_word' id='word_1_216' title='bbox 2836 1374 2931 1428; x_wconf 88' lang='lat' dir='ltr'><strong>sibi</strong></span> <span class='ocrx_word' id='word_1_217' title='bbox 2948 1373 3244 1429; x_wconf 88' lang='lat' dir='ltr'><strong>conducere</strong></span> <span class='ocrx_word' id='word_1_218' title='bbox 3258 1374 3541 1439; x_wconf 85' lang='lat' dir='ltr'><strong>censuerit,</strong></span> 
     </span>
    </p>
   </div>
   <div class='ocr_carea' id='block_1_30' title="bbox 1970 1463 3545 1535">
    <p class='ocr_par' dir='ltr' id='par_1_30' title="bbox 1970 1463 3545 1535">
     <span class='ocr_line' id='line_1_30' title="bbox 1970 1463 3545 1535; baseline -0.002 -15"><span class='ocrx_word' id='word_1_219' title='bbox 1970 1467 2207 1521; x_wconf 90' lang='lat' dir='ltr'><strong>animum</strong></span> <span class='ocrx_word' id='word_1_220' title='bbox 2245 1465 2542 1535; x_wconf 84' lang='lat' dir='ltr'><strong>applicare;</strong></span> <span class='ocrx_word' id='word_1_221' title='bbox 2573 1480 2679 1534; x_wconf 89' lang='lat' dir='ltr'><strong>quo</strong></span> <span class='ocrx_word' id='word_1_222' title='bbox 2715 1464 2950 1518; x_wconf 87' lang='lat' dir='ltr'><strong>divinum</strong></span> <span class='ocrx_word' id='word_1_223' title='bbox 2978 1463 3183 1518; x_wconf 85' lang='lat' dir='ltr'><strong>Numen</strong></span> <span class='ocrx_word' id='word_1_224' title='bbox 3224 1479 3545 1534; x_wconf 82' lang='lat' dir='ltr'><strong>propensum</strong></span> 
     </span>
    </p>
   </div>
   <div class='ocr_carea' id='block_1_31' title="bbox 1970 1553 3546 1625">
    <p class='ocr_par' dir='ltr' id='par_1_31' title="bbox 1970 1553 3546 1625">
     <span class='ocr_line' id='line_1_31' title="bbox 1970 1553 3546 1625; baseline -0.003 -13"><span class='ocrx_word' id='word_1_225' title='bbox 1970 1570 2094 1625; x_wconf 87' lang='lat' dir='ltr'><strong>erga</strong></span> <span class='ocrx_word' id='word_1_226' title='bbox 2121 1569 2218 1611; x_wconf 89' lang='lat' dir='ltr'><strong>nos</strong></span> <span class='ocrx_word' id='word_1_227' title='bbox 2250 1554 2480 1610; x_wconf 87' lang='lat' dir='ltr'><strong>studium</strong></span> <span class='ocrx_word' id='word_1_228' title='bbox 2519 1570 2581 1609; x_wconf 89' lang='lat' dir='ltr'><strong>ac</strong></span> <span class='ocrx_word' id='word_1_229' title='bbox 2611 1554 2987 1625; x_wconf 84' lang='lat' dir='ltr'><strong>benignitatem</strong></span> <span class='ocrx_word' id='word_1_230' title='bbox 3024 1554 3074 1607; x_wconf 92' lang='lat' dir='ltr'><strong>in</strong></span> <span class='ocrx_word' id='word_1_231' title='bbox 3102 1553 3348 1608; x_wconf 85' lang='lat' dir='ltr'><strong>omnibus</strong></span> <span class='ocrx_word' id='word_1_232' title='bbox 3378 1554 3546 1623; x_wconf 86' lang='lat' dir='ltr'><strong>possit</strong></span> 
     </span>
    </p>
   </div>
   <div class='ocr_carea' id='block_1_32' title="bbox 1972 1645 3541 1703">
    <p class='ocr_par' dir='ltr' id='par_1_32' title="bbox 1972 1645 3541 1703">
     <span class='ocr_line' id='line_1_32' title="bbox 1972 1645 3541 1703; baseline -0.001 -2"><span class='ocrx_word' id='word_1_233' title='bbox 1972 1646 2275 1703; x_wconf 90' lang='lat' dir='ltr'><strong>ostendere.</strong></span> <span class='ocrx_word' id='word_1_234' title='bbox 2316 1646 2484 1702; x_wconf 84' lang='lat' dir='ltr'><strong>Porro</strong></span> <span class='ocrx_word' id='word_1_235' title='bbox 2506 1655 2921 1701; x_wconf 85' lang='lat' dir='ltr'><strong>consentaneum</strong></span> <span class='ocrx_word' id='word_1_236' title='bbox 2946 1645 3042 1699; x_wconf 92' lang='lat' dir='ltr'><strong>l&#39;uit</strong></span> <span class='ocrx_word' id='word_1_237' title='bbox 3068 1655 3124 1700; x_wconf 93' lang='lat' dir='ltr'><strong>ut</strong></span> <span class='ocrx_word' id='word_1_238' title='bbox 3155 1645 3269 1701; x_wconf 73' lang='lat' dir='ltr'><strong>lucc</strong></span> <span class='ocrx_word' id='word_1_239' title='bbox 3299 1646 3448 1700; x_wconf 90' lang='lat' dir='ltr'><strong>nobis</strong></span> <span class='ocrx_word' id='word_1_240' title='bbox 3470 1646 3541 1699; x_wconf 87' lang='lat' dir='ltr'><strong>ita</strong></span> 
     </span>
    </p>
   </div>
   <div class='ocr_carea' id='block_1_33' title="bbox 1970 1735 3545 1806">
    <p class='ocr_par' dir='ltr' id='par_1_33' title="bbox 1970 1735 3545 1806">
     <span class='ocr_line' id='line_1_33' title="bbox 1970 1735 3545 1806; baseline -0.001 -15"><span class='ocrx_word' id='word_1_241' title='bbox 1970 1736 2183 1806; x_wconf 82' lang='lat' dir='ltr'><strong>placere</strong></span> <span class='ocrx_word' id='word_1_242' title='bbox 2210 1736 2647 1802; x_wconf 83' lang='lat' dir='ltr'><strong>rcscriberemus,</strong></span> <span class='ocrx_word' id='word_1_243' title='bbox 2680 1751 2785 1806; x_wconf 87' lang='lat' dir='ltr'><strong>quo</strong></span> <span class='ocrx_word' id='word_1_244' title='bbox 2812 1736 3033 1791; x_wconf 83' lang='lat' dir='ltr'><strong>sublatis</strong></span> <span class='ocrx_word' id='word_1_245' title='bbox 3059 1737 3269 1805; x_wconf 88' lang='lat' dir='ltr'><strong>penitus</strong></span> <span class='ocrx_word' id='word_1_246' title='bbox 3298 1735 3545 1790; x_wconf 89' lang='lat' dir='ltr'><strong>omnibus</strong></span> 
     </span>
    </p>
   </div>
   <div class='ocr_carea' id='block_1_34' title="bbox 286 1824 1877 1904">
    <p class='ocr_par' dir='ltr' id='par_1_34' title="bbox 286 1830 1862 1904">
     <span class='ocr_line' id='line_1_34' title="bbox 286 1830 1862 1904; baseline 0 -20"><span class='ocrx_word' id='word_1_247' title='bbox 286 1837 401 1889; x_wconf 83' lang='grc' dir='ltr'>τοῖς</span> <span class='ocrx_word' id='word_1_248' title='bbox 442 1830 712 1904; x_wconf 75' lang='grc' dir='ltr'>προτέροις</span> <span class='ocrx_word' id='word_1_249' title='bbox 756 1830 892 1899; x_wconf 79' lang='grc' dir='ltr'>ἡμῶν</span> <span class='ocrx_word' id='word_1_250' title='bbox 926 1830 1195 1903; x_wconf 80' lang='grc' dir='ltr'>γράμμασι</span> <span class='ocrx_word' id='word_1_251' title='bbox 1234 1835 1346 1889; x_wconf 89' lang='grc' dir='ltr'>τοῖς</span> <span class='ocrx_word' id='word_1_252' title='bbox 1374 1831 1505 1904; x_wconf 84' lang='grc' dir='ltr'>πρὸς</span> <span class='ocrx_word' id='word_1_253' title='bbox 1543 1833 1751 1889; x_wconf 58' lang='grc' dir='ltr'>τήνπσήν</span> <span class='ocrx_word' id='word_1_254' title='bbox 1775 1851 1862 1885; x_wconf 83' lang='grc' dir='ltr'>κα-</span> 
     </span>
    </p>
   </div>
   <div class='ocr_carea' id='block_1_35' title="bbox 1982 1824 3543 1904">
    <p class='ocr_par' dir='ltr' id='par_1_35' title="bbox 1982 1824 3543 1898">
     <span class='ocr_line' id='line_1_35' title="bbox 1982 1824 3543 1898; baseline -0.003 -15"><span class='ocrx_word' id='word_1_255' title='bbox 1982 1829 2127 1883; x_wconf 78' lang='lat' dir='ltr'><strong>tectis</strong></span> <span class='ocrx_word' id='word_1_256' title='bbox 2170 1843 2287 1896; x_wconf 71' lang='lat' dir='ltr'><strong>quae</strong></span> <span class='ocrx_word' id='word_1_257' title='bbox 2332 1828 2383 1881; x_wconf 89' lang='lat' dir='ltr'><strong>in</strong></span> <span class='ocrx_word' id='word_1_258' title='bbox 2418 1827 2596 1898; x_wconf 85' lang='lat' dir='ltr'><strong>priore</strong></span> <span class='ocrx_word' id='word_1_259' title='bbox 2636 1838 2817 1881; x_wconf 79' lang='lat' dir='ltr'><strong>nostra</strong></span> <span class='ocrx_word' id='word_1_260' title='bbox 2848 1826 2915 1881; x_wconf 89' lang='lat' dir='ltr'><strong>de</strong></span> <span class='ocrx_word' id='word_1_261' title='bbox 2958 1824 3276 1882; x_wconf 85' lang='lat' dir='ltr'><strong>Christianis</strong></span> <span class='ocrx_word' id='word_1_262' title='bbox 3320 1826 3543 1896; x_wconf 82' lang='lat' dir='ltr'><strong>epistola</strong></span> 
     </span>
    </p>
   </div>
   <div class='ocr_carea' id='block_1_36' title="bbox 288 1920 1861 1994">
    <p class='ocr_par' dir='ltr' id='par_1_36' title="bbox 288 1920 1861 1994">
     <span class='ocr_line' id='line_1_36' title="bbox 288 1920 1861 1994; baseline 0.001 -21"><span class='ocrx_word' id='word_1_263' title='bbox 288 1922 526 1976; x_wconf 78' lang='grc' dir='ltr'>θοσίωσιν</span> <span class='ocrx_word' id='word_1_264' title='bbox 553 1920 883 1973; x_wconf 81' lang='grc' dir='ltr'>ἀποσταλεῖσι</span> <span class='ocrx_word' id='word_1_265' title='bbox 907 1922 1028 1994; x_wconf 86' lang='grc' dir='ltr'>περί</span> <span class='ocrx_word' id='word_1_266' title='bbox 1070 1926 1168 1974; x_wconf 87' lang='grc' dir='ltr'><strong>τῶν</strong></span> <span class='ocrx_word' id='word_1_267' title='bbox 1211 1927 1526 1994; x_wconf 85' lang='grc' dir='ltr'>χριστιανῶν</span> <span class='ocrx_word' id='word_1_268' title='bbox 1570 1921 1824 1991; x_wconf 84' lang='grc' dir='ltr'>ένείχοντο</span> <span class='ocrx_word' id='word_1_269' title='bbox 1845 1960 1861 1987; x_wconf 85' lang='grc'><strong>,</strong></span> 
     </span>
    </p>
   </div>
   <div class='ocr_carea' id='block_1_37' title="bbox 294 2011 1868 2089">
    <p class='ocr_par' dir='ltr' id='par_1_37' title="bbox 294 2011 1868 2089">
     <span class='ocr_line' id='line_1_37' title="bbox 294 2011 1868 2089; baseline -0.001 -22"><span class='ocrx_word' id='word_1_270' title='bbox 294 2016 379 2067; x_wconf 85' lang='grc' dir='ltr'><strong>καί</strong></span> <span class='ocrx_word' id='word_1_271' title='bbox 407 2011 554 2067; x_wconf 78' lang='grc' dir='ltr'>ἅτινα</span> <span class='ocrx_word' id='word_1_272' title='bbox 575 2012 710 2065; x_wconf 81' lang='grc' dir='ltr'>πάνυ</span> <span class='ocrx_word' id='word_1_273' title='bbox 740 2012 893 2066; x_wconf 77' lang='grc' dir='ltr'>σκαιά</span> <span class='ocrx_word' id='word_1_274' title='bbox 916 2014 999 2065; x_wconf 84' lang='grc' dir='ltr'><strong>καί</strong></span> <span class='ocrx_word' id='word_1_275' title='bbox 1025 2020 1115 2071; x_wconf 80' lang='grc' dir='ltr'>τῆς</span> <span class='ocrx_word' id='word_1_276' title='bbox 1143 2012 1392 2088; x_wconf 74' lang='grc' dir='ltr'>ἡμετέρας</span> <span class='ocrx_word' id='word_1_277' title='bbox 1420 2012 1706 2089; x_wconf 78' lang='grc' dir='ltr'>πρᾳότητος</span> <span class='ocrx_word' id='word_1_278' title='bbox 1728 2012 1868 2069; x_wconf 86' lang='grc' dir='ltr'>ἀλλό-</span> 
     </span>
    </p>
   </div>
   <div class='ocr_carea' id='block_1_38' title="bbox 288 2098 1865 2181">
    <p class='ocr_par' dir='ltr' id='par_1_38' title="bbox 288 2098 1865 2181">
     <span class='ocr_line' id='line_1_38' title="bbox 288 2098 1865 2181; baseline 0.003 -24"><span class='ocrx_word' id='word_1_279' title='bbox 288 2124 409 2178; x_wconf 89' lang='grc' dir='ltr'>τρια</span> <span class='ocrx_word' id='word_1_280' title='bbox 436 2098 557 2157; x_wconf 85' lang='grc' dir='ltr'>εἶναι</span> <span class='ocrx_word' id='word_1_281' title='bbox 582 2101 760 2166; x_wconf 74' lang='grc' dir='ltr'>ἐδόκει,</span> <span class='ocrx_word' id='word_1_282' title='bbox 788 2108 954 2159; x_wconf 82' lang='grc' dir='ltr'>ταῦτα</span> <span class='ocrx_word' id='word_1_283' title='bbox 977 2103 1234 2178; x_wconf 75' lang='grc' dir='ltr'>ὑφαιρεθῇ,</span> <span class='ocrx_word' id='word_1_284' title='bbox 1278 2106 1360 2159; x_wconf 83' lang='grc' dir='ltr'><strong>καί</strong></span> <span class='ocrx_word' id='word_1_285' title='bbox 1394 2111 1480 2159; x_wconf 82' lang='grc' dir='ltr'>νῦν</span> <span class='ocrx_word' id='word_1_286' title='bbox 1518 2106 1788 2181; x_wconf 78' lang='grc' dir='ltr'>έλευθέρως</span> <span class='ocrx_word' id='word_1_287' title='bbox 1812 2127 1865 2161; x_wconf 87' lang='grc' dir='ltr'><strong>τε</strong></span> 
     </span>
    </p>
   </div>
   <div class='ocr_carea' id='block_1_39' title="bbox 286 2194 1865 2271">
    <p class='ocr_par' dir='ltr' id='par_1_39' title="bbox 286 2194 1865 2271">
     <span class='ocr_line' id='line_1_39' title="bbox 286 2194 1865 2271; baseline 0.003 -23"><span class='ocrx_word' id='word_1_288' title='bbox 286 2198 373 2249; x_wconf 83' lang='grc' dir='ltr'><strong>καί</strong></span> <span class='ocrx_word' id='word_1_289' title='bbox 420 2195 653 2254; x_wconf 82' lang='grc' dir='ltr'>ἀπλανῶς</span> <span class='ocrx_word' id='word_1_290' title='bbox 683 2194 895 2254; x_wconf 72' lang='grc' dir='ltr'>ἕκαστος</span> <span class='ocrx_word' id='word_1_291' title='bbox 919 2201 1016 2248; x_wconf 85' lang='grc' dir='ltr'><strong>τῶν</strong></span> <span class='ocrx_word' id='word_1_292' title='bbox 1041 2201 1129 2253; x_wconf 82' lang='grc' dir='ltr'><strong>τήν</strong></span> <span class='ocrx_word' id='word_1_293' title='bbox 1166 2196 1324 2255; x_wconf 78' lang='grc' dir='ltr'>αὑτήν</span> <span class='ocrx_word' id='word_1_294' title='bbox 1366 2198 1663 2271; x_wconf 88' lang='grc' dir='ltr'>προαίρεσεν</span> <span class='ocrx_word' id='word_1_295' title='bbox 1694 2198 1865 2269; x_wconf 77' lang='grc' dir='ltr'>ίσχη·</span> 
     </span>
    </p>
   </div>
   <div class='ocr_carea' id='block_1_40' title="bbox 288 2286 1865 2363">
    <p class='ocr_par' dir='ltr' id='par_1_40' title="bbox 288 2286 1865 2363">
     <span class='ocr_line' id='line_1_40' title="bbox 288 2286 1865 2363; baseline 0.001 -22"><span class='ocrx_word' id='word_1_296' title='bbox 288 2288 444 2342; x_wconf 90' lang='grc' dir='ltr'>κότων</span> <span class='ocrx_word' id='word_1_297' title='bbox 473 2293 563 2342; x_wconf 83' lang='grc' dir='ltr'>τοῦ</span> <span class='ocrx_word' id='word_1_298' title='bbox 609 2286 870 2357; x_wconf 80' lang='grc' dir='ltr'>φυλάττειν</span> <span class='ocrx_word' id='word_1_299' title='bbox 915 2290 1005 2345; x_wconf 84' lang='grc' dir='ltr'><strong>τήν</strong></span> <span class='ocrx_word' id='word_1_300' title='bbox 1047 2292 1145 2340; x_wconf 88' lang='grc' dir='ltr'><strong>τῶν</strong></span> <span class='ocrx_word' id='word_1_301' title='bbox 1192 2294 1503 2359; x_wconf 88' lang='grc' dir='ltr'>χριστιανῶν</span> <span class='ocrx_word' id='word_1_302' title='bbox 1554 2289 1818 2363; x_wconf 87' lang='grc' dir='ltr'>Ορησκείαν</span> <span class='ocrx_word' id='word_1_303' title='bbox 1850 2329 1865 2354; x_wconf 92' lang='grc'><strong>,</strong></span> 
     </span>
    </p>
   </div>
   <div class='ocr_carea' id='block_1_41' title="bbox 288 2373 1871 2450">
    <p class='ocr_par' dir='ltr' id='par_1_41' title="bbox 288 2373 1871 2450">
     <span class='ocr_line' id='line_1_41' title="bbox 288 2373 1871 2450; baseline 0.003 -19"><span class='ocrx_word' id='word_1_304' title='bbox 288 2373 407 2431; x_wconf 73' lang='grc' dir='ltr'>ἄνευ</span> <span class='ocrx_word' id='word_1_305' title='bbox 442 2377 575 2437; x_wconf 86' lang='grc' dir='ltr'>τινός</span> <span class='ocrx_word' id='word_1_306' title='bbox 602 2377 865 2446; x_wconf 74' lang='grc' dir='ltr'>ὀχλήσεως</span> <span class='ocrx_word' id='word_1_307' title='bbox 925 2382 1074 2432; x_wconf 81' lang='grc' dir='ltr'>τοῦτο</span> <span class='ocrx_word' id='word_1_308' title='bbox 1119 2378 1240 2432; x_wconf 73' lang='grc' dir='ltr'>αὐτὸ</span> <span class='ocrx_word' id='word_1_309' title='bbox 1280 2378 1679 2450; x_wconf 76' lang='grc' dir='ltr'>παραφυλάττοι.</span> <span class='ocrx_word' id='word_1_310' title='bbox 1724 2377 1871 2436; x_wconf 82' lang='grc' dir='ltr'>ἅτινα</span> 
     </span>
    </p>
   </div>
   <div class='ocr_carea' id='block_1_42' title="bbox 288 2465 1866 2541">
    <p class='ocr_par' dir='ltr' id='par_1_42' title="bbox 288 2465 1866 2541">
     <span class='ocr_line' id='line_1_42' title="bbox 288 2465 1866 2541; baseline 0.003 -21"><span class='ocrx_word' id='word_1_311' title='bbox 288 2474 353 2541; x_wconf 79' lang='grc' dir='ltr'><strong>τῇ</strong></span> <span class='ocrx_word' id='word_1_312' title='bbox 379 2475 445 2537; x_wconf 76' lang='grc' dir='ltr'><strong>σῇ</strong></span> <span class='ocrx_word' id='word_1_313' title='bbox 476 2467 730 2540; x_wconf 74' lang='grc' dir='ltr'>ἐπιμελείᾳ</span> <span class='ocrx_word' id='word_1_314' title='bbox 766 2467 1094 2541; x_wconf 80' lang='grc' dir='ltr'>πληρέστατα</span> <span class='ocrx_word' id='word_1_315' title='bbox 1134 2465 1362 2525; x_wconf 83' lang='grc' dir='ltr'>δηλῶσαι</span> <span class='ocrx_word' id='word_1_316' title='bbox 1418 2466 1822 2540; x_wconf 69' lang='grc' dir='ltr'>ἔδογματίσαμεν</span> <span class='ocrx_word' id='word_1_317' title='bbox 1851 2511 1866 2535; x_wconf 95' lang='grc'><strong>,</strong></span> 
     </span>
    </p>
   </div>
   <div class='ocr_carea' id='block_1_43' title="bbox 290 2554 1866 2629">
    <p class='ocr_par' dir='ltr' id='par_1_43' title="bbox 290 2554 1866 2629">
     <span class='ocr_line' id='line_1_43' title="bbox 290 2554 1866 2629; baseline 0 -16"><span class='ocrx_word' id='word_1_318' title='bbox 290 2554 430 2619; x_wconf 80' lang='grc' dir='ltr'>ὅπως</span> <span class='ocrx_word' id='word_1_319' title='bbox 456 2555 632 2618; x_wconf 76' lang='grc' dir='ltr'>εἰδείης</span> <span class='ocrx_word' id='word_1_320' title='bbox 659 2560 793 2627; x_wconf 72' lang='grc' dir='ltr'>ἡμᾶς</span> <span class='ocrx_word' id='word_1_321' title='bbox 822 2557 1078 2629; x_wconf 71' lang='grc' dir='ltr'>ἐλευθέραν</span> <span class='ocrx_word' id='word_1_322' title='bbox 1104 2560 1189 2612; x_wconf 81' lang='grc' dir='ltr'><strong>καί</strong></span> <span class='ocrx_word' id='word_1_323' title='bbox 1228 2558 1592 2628; x_wconf 69' lang='grc' dir='ltr'>ἀπολελυμένην</span> <span class='ocrx_word' id='word_1_324' title='bbox 1634 2562 1866 2624; x_wconf 84' lang='grc' dir='ltr'>ἐξουσίαν</span> 
     </span>
    </p>
   </div>
   <div class='ocr_carea' id='block_1_44' title="bbox 296 2647 1872 2724">
    <p class='ocr_par' dir='ltr' id='par_1_44' title="bbox 296 2647 1872 2724">
     <span class='ocr_line' id='line_1_44' title="bbox 296 2647 1872 2724; baseline 0 -19"><span class='ocrx_word' id='word_1_325' title='bbox 296 2654 388 2705; x_wconf 85' lang='grc' dir='ltr'><strong>τοῦ</strong></span> <span class='ocrx_word' id='word_1_326' title='bbox 418 2648 644 2720; x_wconf 81' lang='grc' dir='ltr'>τημελεῖν</span> <span class='ocrx_word' id='word_1_327' title='bbox 671 2652 759 2706; x_wconf 82' lang='grc' dir='ltr'><strong>τήν</strong></span> <span class='ocrx_word' id='word_1_328' title='bbox 785 2647 977 2702; x_wconf 69' lang='grc' dir='ltr'>ἑαυτῶν</span> <span class='ocrx_word' id='word_1_329' title='bbox 1003 2650 1270 2723; x_wconf 73' lang='grc' dir='ltr'>θρησκείαν</span> <span class='ocrx_word' id='word_1_330' title='bbox 1296 2656 1399 2708; x_wconf 84' lang='grc' dir='ltr'>τοῖς</span> <span class='ocrx_word' id='word_1_331' title='bbox 1428 2650 1603 2712; x_wconf 79' lang='grc' dir='ltr'>αὐτοῖς</span> <span class='ocrx_word' id='word_1_332' title='bbox 1630 2671 1872 2724; x_wconf 77' lang='grc' dir='ltr'>χριστια-</span> 
     </span>
    </p>
   </div>
   <div class='ocr_carea' id='block_1_45' title="bbox 291 2738 1871 2815">
    <p class='ocr_par' dir='ltr' id='par_1_45' title="bbox 291 2738 1871 2815">
     <span class='ocr_line' id='line_1_45' title="bbox 291 2738 1871 2815; baseline 0 -20"><span class='ocrx_word' id='word_1_333' title='bbox 291 2750 395 2802; x_wconf 85' lang='grc' dir='ltr'>νοῖς</span> <span class='ocrx_word' id='word_1_334' title='bbox 436 2740 719 2797; x_wconf 73' lang='grc' dir='ltr'>δεδωκέναι.</span> <span class='ocrx_word' id='word_1_335' title='bbox 775 2738 900 2815; x_wconf 84' lang='grc' dir='ltr'>ὅπερ</span> <span class='ocrx_word' id='word_1_336' title='bbox 940 2740 1109 2800; x_wconf 74' lang='grc' dir='ltr'>ἐπειδὴ</span> <span class='ocrx_word' id='word_1_337' title='bbox 1155 2740 1531 2812; x_wconf 80' lang='grc' dir='ltr'>ἀπολελυμένως</span> <span class='ocrx_word' id='word_1_338' title='bbox 1577 2743 1753 2802; x_wconf 82' lang='grc' dir='ltr'>αὐτοῖς</span> <span class='ocrx_word' id='word_1_339' title='bbox 1790 2742 1871 2813; x_wconf 79' lang='grc' dir='ltr'><strong>ὑφ’</strong></span> 
     </span>
    </p>
   </div>
   <div class='ocr_carea' id='block_1_46' title="bbox 289 2830 1873 2907">
    <p class='ocr_par' dir='ltr' id='par_1_46' title="bbox 289 2830 1873 2907">
     <span class='ocr_line' id='line_1_46' title="bbox 289 2830 1873 2907; baseline 0.002 -24"><span class='ocrx_word' id='word_1_340' title='bbox 289 2833 430 2902; x_wconf 87' lang='grc' dir='ltr'>ήμῶν</span> <span class='ocrx_word' id='word_1_341' title='bbox 466 2830 794 2907; x_wconf 83' lang='grc' dir='ltr'>κεχωρῆσθαι</span> <span class='ocrx_word' id='word_1_342' title='bbox 816 2833 992 2906; x_wconf 85' lang='grc' dir='ltr'>θεωρεῖ</span> <span class='ocrx_word' id='word_1_343' title='bbox 1030 2832 1060 2889; x_wconf 75' lang='lat' dir='ltr'><strong>ri</strong></span> <span class='ocrx_word' id='word_1_344' title='bbox 1110 2836 1175 2889; x_wconf 79' lang='grc' dir='ltr'><strong><em>σή</em></strong></span> <span class='ocrx_word' id='word_1_345' title='bbox 1210 2833 1527 2893; x_wconf 84' lang='grc' dir='ltr'>καθοσίωσις,</span> <span class='ocrx_word' id='word_1_346' title='bbox 1559 2835 1644 2885; x_wconf 82' lang='grc' dir='ltr'><strong>καί</strong></span> <span class='ocrx_word' id='word_1_347' title='bbox 1685 2830 1873 2907; x_wconf 78' lang='grc' dir='ltr'>ίτέροις</span> 
     </span>
    </p>
   </div>
   <div class='ocr_carea' id='block_1_47' title="bbox 290 2922 1873 2999">
    <p class='ocr_par' dir='ltr' id='par_1_47' title="bbox 290 2922 1873 2999">
     <span class='ocr_line' id='line_1_47' title="bbox 290 2922 1873 2999; baseline 0 -21"><span class='ocrx_word' id='word_1_348' title='bbox 290 2922 523 2979; x_wconf 82' lang='grc' dir='ltr'>δεδόσθαι</span> <span class='ocrx_word' id='word_1_349' title='bbox 564 2925 793 2988; x_wconf 79' lang='grc' dir='ltr'>ἐξουσίαν</span> <span class='ocrx_word' id='word_1_350' title='bbox 832 2931 934 2983; x_wconf 86' lang='grc' dir='ltr'>τοῖς</span> <span class='ocrx_word' id='word_1_351' title='bbox 964 2923 1280 2995; x_wconf 74' lang='grc' dir='ltr'>βουλομένοις</span> <span class='ocrx_word' id='word_1_352' title='bbox 1305 2929 1391 2977; x_wconf 82' lang='grc' dir='ltr'>τοῦ</span> <span class='ocrx_word' id='word_1_353' title='bbox 1412 2924 1757 2999; x_wconf 83' lang='grc' dir='ltr'>μετέρχεσθαι</span> <span class='ocrx_word' id='word_1_354' title='bbox 1785 2930 1873 2983; x_wconf 85' lang='grc' dir='ltr'><strong>τήν</strong></span> 
     </span>
    </p>
   </div>
   <div class='ocr_carea' id='block_1_48' title="bbox 291 3012 1874 3090">
    <p class='ocr_par' dir='ltr' id='par_1_48' title="bbox 291 3012 1874 3090">
     <span class='ocr_line' id='line_1_48' title="bbox 291 3012 1874 3090; baseline 0.001 -21"><span class='ocrx_word' id='word_1_355' title='bbox 291 3020 652 3090; x_wconf 81' lang='grc' dir='ltr'>παρατήρησιν</span> <span class='ocrx_word' id='word_1_356' title='bbox 691 3018 772 3069; x_wconf 80' lang='grc' dir='ltr'><strong>καί</strong></span> <span class='ocrx_word' id='word_1_357' title='bbox 800 3016 1066 3089; x_wconf 82' lang='grc' dir='ltr'>θρησκείαν</span> <span class='ocrx_word' id='word_1_358' title='bbox 1108 3015 1319 3071; x_wconf 75' lang='grc' dir='ltr'>ἑαυτῶν.</span> <span class='ocrx_word' id='word_1_359' title='bbox 1358 3012 1481 3090; x_wconf 82' lang='grc' dir='ltr'>ὅπερ</span> <span class='ocrx_word' id='word_1_360' title='bbox 1504 3017 1785 3075; x_wconf 78' lang='grc' dir='ltr'>ἀκολούθως</span> <span class='ocrx_word' id='word_1_361' title='bbox 1810 3025 1874 3090; x_wconf 72' lang='grc' dir='ltr'>τῇ</span> 
     </span>
    </p>
   </div>
   <div class='ocr_carea' id='block_1_49' title="bbox 291 3106 1871 3180">
    <p class='ocr_par' dir='ltr' id='par_1_49' title="bbox 291 3106 1871 3180">
     <span class='ocr_line' id='line_1_49' title="bbox 291 3106 1871 3180; baseline -0.002 -20"><span class='ocrx_word' id='word_1_362' title='bbox 291 3108 499 3180; x_wconf 86' lang='grc' dir='ltr'>ἀσυχίᾳ</span> <span class='ocrx_word' id='word_1_363' title='bbox 527 3114 624 3161; x_wconf 89' lang='grc' dir='ltr'><strong>τῶν</strong></span> <span class='ocrx_word' id='word_1_364' title='bbox 670 3106 926 3179; x_wconf 75' lang='grc' dir='ltr'>ἡμετέρων</span> <span class='ocrx_word' id='word_1_365' title='bbox 974 3112 1158 3178; x_wconf 82' lang='grc' dir='ltr'>καιρῶν</span> <span class='ocrx_word' id='word_1_366' title='bbox 1198 3107 1416 3177; x_wconf 73' lang='grc' dir='ltr'>’γίνεσθαι</span> <span class='ocrx_word' id='word_1_367' title='bbox 1459 3106 1661 3180; x_wconf 87' lang='grc' dir='ltr'>φανερόν</span> <span class='ocrx_word' id='word_1_368' title='bbox 1698 3108 1871 3170; x_wconf 80' lang='grc' dir='ltr'>έστιν,</span> 
     </span>
    </p>
   </div>
   <div class='ocr_carea' id='block_1_50' title="bbox 1968 1919 3544 1984">
    <p class='ocr_par' dir='ltr' id='par_1_50' title="bbox 1968 1919 3544 1984">
     <span class='ocr_line' id='line_1_50' title="bbox 1968 1919 3544 1984; baseline 0.001 -11"><span class='ocrx_word' id='word_1_369' title='bbox 1968 1919 2035 1973; x_wconf 85' lang='lat' dir='ltr'><strong>ad</strong></span> <span class='ocrx_word' id='word_1_370' title='bbox 2074 1928 2214 1976; x_wconf 87' lang='lat' dir='ltr'><strong>tuam</strong></span> <span class='ocrx_word' id='word_1_371' title='bbox 2248 1920 2590 1975; x_wconf 89' lang='lat' dir='ltr'><strong>Devotionem</strong></span> <span class='ocrx_word' id='word_1_372' title='bbox 2631 1919 2790 1974; x_wconf 88' lang='lat' dir='ltr'><strong>missa</strong></span> <span class='ocrx_word' id='word_1_373' title='bbox 2828 1921 3265 1984; x_wconf 82' lang='lat' dir='ltr'><strong>continebantur,</strong></span> <span class='ocrx_word' id='word_1_374' title='bbox 3308 1936 3427 1975; x_wconf 91' lang='lat' dir='ltr'><strong>cum</strong></span> <span class='ocrx_word' id='word_1_375' title='bbox 3455 1921 3544 1975; x_wconf 85' lang='lat' dir='ltr'><strong>illa</strong></span> 
     </span>
    </p>
   </div>
   <div class='ocr_carea' id='block_1_51' title="bbox 1968 2011 3538 2080">
    <p class='ocr_par' dir='ltr' id='par_1_51' title="bbox 1968 2011 3538 2080">
     <span class='ocr_line' id='line_1_51' title="bbox 1968 2011 3538 2080; baseline 0 -15"><span class='ocrx_word' id='word_1_376' title='bbox 1968 2023 2088 2080; x_wconf 68' lang='lat' dir='ltr'><strong>quae</strong></span> <span class='ocrx_word' id='word_1_377' title='bbox 2114 2024 2334 2080; x_wconf 81' lang='lat' dir='ltr'><strong>prorsus</strong></span> <span class='ocrx_word' id='word_1_378' title='bbox 2360 2011 2575 2065; x_wconf 88' lang='lat' dir='ltr'><strong>sinistra</strong></span> <span class='ocrx_word' id='word_1_379' title='bbox 2597 2021 2650 2064; x_wconf 90' lang='lat' dir='ltr'><strong>et</strong></span> <span class='ocrx_word' id='word_1_380' title='bbox 2674 2026 2705 2064; x_wconf 85' lang='lat' dir='ltr'><strong>a</strong></span> <span class='ocrx_word' id='word_1_381' title='bbox 2732 2020 2909 2065; x_wconf 88' lang='lat' dir='ltr'><strong>nostra</strong></span> <span class='ocrx_word' id='word_1_382' title='bbox 2940 2011 3341 2067; x_wconf 87' lang='lat' dir='ltr'><strong>mansuetudine</strong></span> <span class='ocrx_word' id='word_1_383' title='bbox 3366 2012 3538 2066; x_wconf 84' lang='lat' dir='ltr'><strong>aliena</strong></span> 
     </span>
    </p>
   </div>
   <div class='ocr_carea' id='block_1_52' title="bbox 1967 2101 3547 2167">
    <p class='ocr_par' dir='ltr' id='par_1_52' title="bbox 1967 2101 3547 2167">
     <span class='ocr_line' id='line_1_52' title="bbox 1967 2101 3547 2167; baseline 0.001 -11"><span class='ocrx_word' id='word_1_384' title='bbox 1967 2114 2087 2156; x_wconf 82' lang='lat' dir='ltr'><strong>esse</strong></span> <span class='ocrx_word' id='word_1_385' title='bbox 2126 2102 2441 2156; x_wconf 83' lang='lat' dir='ltr'><strong>videbantur</strong></span> <span class='ocrx_word' id='word_1_386' title='bbox 2465 2141 2482 2167; x_wconf 92' lang='lat'><strong>,</strong></span> <span class='ocrx_word' id='word_1_387' title='bbox 2524 2101 2741 2156; x_wconf 89' lang='lat' dir='ltr'><strong>omnino</strong></span> <span class='ocrx_word' id='word_1_388' title='bbox 2783 2111 3157 2157; x_wconf 86' lang='lat' dir='ltr'><strong>removeantur</strong></span> <span class='ocrx_word' id='word_1_389' title='bbox 3187 2121 3201 2157; x_wconf 93' lang='lat'><strong>:</strong></span> <span class='ocrx_word' id='word_1_390' title='bbox 3234 2112 3343 2156; x_wconf 91' lang='lat' dir='ltr'><strong>tum</strong></span> <span class='ocrx_word' id='word_1_391' title='bbox 3381 2113 3437 2155; x_wconf 92' lang='lat' dir='ltr'><strong>ut</strong></span> <span class='ocrx_word' id='word_1_392' title='bbox 3466 2103 3547 2157; x_wconf 90' lang='lat' dir='ltr'><strong>in-</strong></span> 
     </span>
    </p>
   </div>
   <div class='ocr_carea' id='block_1_53' title="bbox 1971 2189 3546 2262">
    <p class='ocr_par' dir='ltr' id='par_1_53' title="bbox 1971 2189 3546 2262">
     <span class='ocr_line' id='line_1_53' title="bbox 1971 2189 3546 2262; baseline 0.001 -17"><span class='ocrx_word' id='word_1_393' title='bbox 1971 2200 2239 2262; x_wconf 85' lang='lat' dir='ltr'><strong>posterum</strong></span> <span class='ocrx_word' id='word_1_394' title='bbox 2281 2192 2598 2262; x_wconf 89' lang='lat' dir='ltr'><strong>quicumque</strong></span> <span class='ocrx_word' id='word_1_395' title='bbox 2624 2189 2975 2245; x_wconf 82' lang='lat' dir='ltr'><strong>Christianam</strong></span> <span class='ocrx_word' id='word_1_396' title='bbox 3006 2192 3317 2262; x_wconf 84' lang='lat' dir='ltr'><strong>religionem</strong></span> <span class='ocrx_word' id='word_1_397' title='bbox 3355 2193 3546 2248; x_wconf 84' lang='lat' dir='ltr'><strong>obser-</strong></span> 
     </span>
    </p>
   </div>
   <div class='ocr_carea' id='block_1_54' title="bbox 1970 2282 3550 2351">
    <p class='ocr_par' dir='ltr' id='par_1_54' title="bbox 1970 2282 3550 2351">
     <span class='ocr_line' id='line_1_54' title="bbox 1970 2282 3550 2351; baseline 0.003 -14"><span class='ocrx_word' id='word_1_398' title='bbox 1970 2282 2197 2339; x_wconf 89' lang='lat' dir='ltr'><strong>vandam</strong></span> <span class='ocrx_word' id='word_1_399' title='bbox 2238 2284 2337 2339; x_wconf 87' lang='lat' dir='ltr'><strong>sibi</strong></span> <span class='ocrx_word' id='word_1_400' title='bbox 2366 2299 2485 2340; x_wconf 88' lang='lat' dir='ltr'><strong>esse</strong></span> <span class='ocrx_word' id='word_1_401' title='bbox 2512 2292 2845 2351; x_wconf 83' lang='lat' dir='ltr'><strong>statuerunt,</strong></span> <span class='ocrx_word' id='word_1_402' title='bbox 2876 2299 2991 2339; x_wconf 92' lang='lat' dir='ltr'><strong>eam</strong></span> <span class='ocrx_word' id='word_1_403' title='bbox 3021 2284 3187 2340; x_wconf 88' lang='lat' dir='ltr'><strong>libere</strong></span> <span class='ocrx_word' id='word_1_404' title='bbox 3212 2296 3266 2339; x_wconf 91' lang='lat' dir='ltr'><strong>et</strong></span> <span class='ocrx_word' id='word_1_405' title='bbox 3298 2298 3550 2341; x_wconf 79' lang='lat' dir='ltr'><strong>constan-</strong></span> 
     </span>
    </p>
   </div>
   <div class='ocr_carea' id='block_1_55' title="bbox 1971 2374 3543 2445">
    <p class='ocr_par' dir='ltr' id='par_1_55' title="bbox 1971 2374 3543 2445">
     <span class='ocr_line' id='line_1_55' title="bbox 1971 2374 3543 2445; baseline 0.003 -18"><span class='ocrx_word' id='word_1_406' title='bbox 1971 2382 2056 2428; x_wconf 89' lang='lat' dir='ltr'><strong>ter</strong></span> <span class='ocrx_word' id='word_1_407' title='bbox 2096 2374 2299 2445; x_wconf 87' lang='lat' dir='ltr'><strong>absque</strong></span> <span class='ocrx_word' id='word_1_408' title='bbox 2338 2375 2442 2429; x_wconf 88' lang='lat' dir='ltr'><strong>ulla</strong></span> <span class='ocrx_word' id='word_1_409' title='bbox 2479 2375 2721 2429; x_wconf 85' lang='lat' dir='ltr'><strong>molestia</strong></span> <span class='ocrx_word' id='word_1_410' title='bbox 2761 2386 2812 2429; x_wconf 92' lang='lat' dir='ltr'><strong>et</strong></span> <span class='ocrx_word' id='word_1_411' title='bbox 2849 2376 3226 2445; x_wconf 88' lang='lat' dir='ltr'><strong>impedimento</strong></span> <span class='ocrx_word' id='word_1_412' title='bbox 3257 2378 3543 2432; x_wconf 89' lang='lat' dir='ltr'><strong>retineant.</strong></span> 
     </span>
    </p>
   </div>
   <div class='ocr_carea' id='block_1_56' title="bbox 1971 2464 3548 2544">
    <p class='ocr_par' dir='ltr' id='par_1_56' title="bbox 1971 2464 3548 2544">
     <span class='ocr_line' id='line_1_56' title="bbox 1971 2464 3548 2544; baseline 0.001 -25"><span class='ocrx_word' id='word_1_413' title='bbox 1971 2464 2101 2531; x_wconf 65' lang='lat' dir='ltr'><strong>Quae</strong></span> <span class='ocrx_word' id='word_1_414' title='bbox 2129 2465 2341 2544; x_wconf 88' lang='lat' dir='ltr'><strong>quidem</strong></span> <span class='ocrx_word' id='word_1_415' title='bbox 2384 2465 2583 2521; x_wconf 90' lang='lat' dir='ltr'><strong>idcirco</strong></span> <span class='ocrx_word' id='word_1_416' title='bbox 2620 2473 2723 2521; x_wconf 84' lang='lat' dir='ltr'><strong>tuae</strong></span> <span class='ocrx_word' id='word_1_417' title='bbox 2761 2466 2989 2521; x_wconf 67' lang='lat' dir='ltr'><strong>solertia:</strong></span> <span class='ocrx_word' id='word_1_418' title='bbox 3014 2467 3297 2535; x_wconf 89' lang='lat' dir='ltr'><strong>judicanda</strong></span> <span class='ocrx_word' id='word_1_419' title='bbox 3333 2468 3548 2522; x_wconf 90' lang='lat' dir='ltr'><strong>censui-</strong></span> 
     </span>
    </p>
   </div>
   <div class='ocr_carea' id='block_1_57' title="bbox 1971 2558 3551 2629">
    <p class='ocr_par' dir='ltr' id='par_1_57' title="bbox 1971 2558 3551 2629">
     <span class='ocr_line' id='line_1_57' title="bbox 1971 2558 3551 2629; baseline 0.001 -17"><span class='ocrx_word' id='word_1_420' title='bbox 1971 2573 2132 2623; x_wconf 88' lang='lat' dir='ltr'><strong>mus,</strong></span> <span class='ocrx_word' id='word_1_421' title='bbox 2174 2568 2232 2613; x_wconf 92' lang='lat' dir='ltr'><strong>ut</strong></span> <span class='ocrx_word' id='word_1_422' title='bbox 2271 2559 2490 2614; x_wconf 84' lang='lat' dir='ltr'><strong>liberam</strong></span> <span class='ocrx_word' id='word_1_423' title='bbox 2525 2567 2580 2614; x_wconf 92' lang='lat' dir='ltr'><strong>et</strong></span> <span class='ocrx_word' id='word_1_424' title='bbox 2627 2559 2920 2613; x_wconf 76' lang='lat' dir='ltr'><strong>absolutam</strong></span> <span class='ocrx_word' id='word_1_425' title='bbox 2964 2558 3229 2613; x_wconf 86' lang='lat' dir='ltr'><strong>licentiam</strong></span> <span class='ocrx_word' id='word_1_426' title='bbox 3276 2558 3551 2629; x_wconf 87' lang='lat' dir='ltr'><strong>religionis</strong></span> 
     </span>
    </p>
   </div>
   <div class='ocr_carea' id='block_1_58' title="bbox 1972 2648 3551 2705">
    <p class='ocr_par' dir='ltr' id='par_1_58' title="bbox 1972 2648 3551 2705">
     <span class='ocr_line' id='line_1_58' title="bbox 1972 2648 3551 2705; baseline -0.003 0"><span class='ocrx_word' id='word_1_427' title='bbox 1972 2665 2084 2705; x_wconf 68' lang='lat' dir='ltr'><strong>sua:</strong></span> <span class='ocrx_word' id='word_1_428' title='bbox 2113 2649 2353 2705; x_wconf 83' lang='lat' dir='ltr'><strong>colendae</strong></span> <span class='ocrx_word' id='word_1_429' title='bbox 2378 2648 2694 2705; x_wconf 87' lang='lat' dir='ltr'><strong>Christianis</strong></span> <span class='ocrx_word' id='word_1_430' title='bbox 2722 2665 3028 2705; x_wconf 87' lang='lat' dir='ltr'><strong>concessam</strong></span> <span class='ocrx_word' id='word_1_431' title='bbox 3061 2665 3089 2703; x_wconf 92' lang='lat' dir='ltr'><strong>a</strong></span> <span class='ocrx_word' id='word_1_432' title='bbox 3121 2649 3272 2703; x_wconf 91' lang='lat' dir='ltr'><strong>nobis</strong></span> <span class='ocrx_word' id='word_1_433' title='bbox 3309 2664 3427 2704; x_wconf 89' lang='lat' dir='ltr'><strong>esse</strong></span> <span class='ocrx_word' id='word_1_434' title='bbox 3458 2666 3551 2703; x_wconf 85' lang='lat' dir='ltr'><strong>co-</strong></span> 
     </span>
    </p>
   </div>
   <div class='ocr_carea' id='block_1_59' title="bbox 1972 2739 3547 2809">
    <p class='ocr_par' dir='ltr' id='par_1_59' title="bbox 1972 2739 3547 2809">
     <span class='ocr_line' id='line_1_59' title="bbox 1972 2739 3547 2809; baseline 0.002 -17"><span class='ocrx_word' id='word_1_435' title='bbox 1972 2754 2215 2809; x_wconf 87' lang='lat' dir='ltr'><strong>gnoscas.</strong></span> <span class='ocrx_word' id='word_1_436' title='bbox 2255 2740 2404 2807; x_wconf 85' lang='lat' dir='ltr'><strong>Quod</strong></span> <span class='ocrx_word' id='word_1_437' title='bbox 2432 2740 2678 2809; x_wconf 90' lang='lat' dir='ltr'><strong>quoniam</strong></span> <span class='ocrx_word' id='word_1_438' title='bbox 2708 2756 2734 2792; x_wconf 91' lang='lat' dir='ltr'><strong>a</strong></span> <span class='ocrx_word' id='word_1_439' title='bbox 2768 2740 2919 2793; x_wconf 84' lang='lat' dir='ltr'><strong>nubis</strong></span> <span class='ocrx_word' id='word_1_440' title='bbox 2954 2739 3265 2809; x_wconf 86' lang='lat' dir='ltr'><strong>simpliciter</strong></span> <span class='ocrx_word' id='word_1_441' title='bbox 3303 2750 3355 2794; x_wconf 92' lang='lat' dir='ltr'><strong>et</strong></span> <span class='ocrx_word' id='word_1_442' title='bbox 3385 2741 3547 2795; x_wconf 88' lang='lat' dir='ltr'><strong>abso-</strong></span> 
     </span>
    </p>
   </div>
   <div class='ocr_carea' id='block_1_60' title="bbox 1975 2831 3548 2896">
    <p class='ocr_par' dir='ltr' id='par_1_60' title="bbox 1975 2831 3548 2896">
     <span class='ocr_line' id='line_1_60' title="bbox 1975 2831 3548 2896; baseline 0 -10"><span class='ocrx_word' id='word_1_443' title='bbox 1975 2831 2083 2886; x_wconf 89' lang='lat' dir='ltr'><strong>lute</strong></span> <span class='ocrx_word' id='word_1_444' title='bbox 2112 2832 2215 2886; x_wconf 92' lang='lat' dir='ltr'><strong>illis</strong></span> <span class='ocrx_word' id='word_1_445' title='bbox 2244 2846 2553 2886; x_wconf 88' lang='lat' dir='ltr'><strong>concessum</strong></span> <span class='ocrx_word' id='word_1_446' title='bbox 2585 2841 2698 2896; x_wconf 90' lang='lat' dir='ltr'><strong>est,</strong></span> <span class='ocrx_word' id='word_1_447' title='bbox 2731 2832 2887 2885; x_wconf 88' lang='lat' dir='ltr'><strong>simul</strong></span> <span class='ocrx_word' id='word_1_448' title='bbox 2914 2832 3076 2886; x_wconf 88' lang='lat' dir='ltr'><strong>etiam</strong></span> <span class='ocrx_word' id='word_1_449' title='bbox 3102 2832 3221 2885; x_wconf 90' lang='lat' dir='ltr'><strong>aliis</strong></span> <span class='ocrx_word' id='word_1_450' title='bbox 3248 2831 3548 2887; x_wconf 81' lang='lat' dir='ltr'><strong>observan-</strong></span> 
     </span>
    </p>
   </div>
   <div class='ocr_carea' id='block_1_61' title="bbox 1976 2921 3551 2988">
    <p class='ocr_par' dir='ltr' id='par_1_61' title="bbox 1976 2921 3551 2988">
     <span class='ocr_line' id='line_1_61' title="bbox 1976 2921 3551 2988; baseline -0.001 -12"><span class='ocrx_word' id='word_1_451' title='bbox 1976 2924 2101 2977; x_wconf 85' lang='lat' dir='ltr'><strong>tiam</strong></span> <span class='ocrx_word' id='word_1_452' title='bbox 2134 2932 2188 2978; x_wconf 90' lang='lat' dir='ltr'><strong>et</strong></span> <span class='ocrx_word' id='word_1_453' title='bbox 2226 2923 2425 2977; x_wconf 87' lang='lat' dir='ltr'><strong>cultum</strong></span> <span class='ocrx_word' id='word_1_454' title='bbox 2466 2938 2620 2977; x_wconf 91' lang='lat' dir='ltr'><strong>suum</strong></span> <span class='ocrx_word' id='word_1_455' title='bbox 2660 2923 2852 2977; x_wconf 90' lang='lat' dir='ltr'><strong>sectari</strong></span> <span class='ocrx_word' id='word_1_456' title='bbox 2882 2922 3178 2977; x_wconf 89' lang='lat' dir='ltr'><strong>volentibus</strong></span> <span class='ocrx_word' id='word_1_457' title='bbox 3200 2962 3214 2988; x_wconf 91' lang='lat'><strong>,</strong></span> <span class='ocrx_word' id='word_1_458' title='bbox 3246 2921 3295 2975; x_wconf 89' lang='lat' dir='ltr'><strong>id</strong></span> <span class='ocrx_word' id='word_1_459' title='bbox 3323 2936 3551 2977; x_wconf 89' lang='lat' dir='ltr'><strong>conces-</strong></span> 
     </span>
    </p>
   </div>
   <div class='ocr_carea' id='block_1_62' title="bbox 1975 3011 3549 3081">
    <p class='ocr_par' dir='ltr' id='par_1_62' title="bbox 1975 3011 3549 3081">
     <span class='ocr_line' id='line_1_62' title="bbox 1975 3011 3549 3081; baseline -0.001 -14"><span class='ocrx_word' id='word_1_460' title='bbox 1975 3028 2091 3067; x_wconf 87' lang='lat' dir='ltr'><strong>sum</strong></span> <span class='ocrx_word' id='word_1_461' title='bbox 2120 3026 2239 3067; x_wconf 89' lang='lat' dir='ltr'><strong>esse</strong></span> <span class='ocrx_word' id='word_1_462' title='bbox 2286 3024 2373 3065; x_wconf 88' lang='lat' dir='ltr'><strong>tua</strong></span> <span class='ocrx_word' id='word_1_463' title='bbox 2410 3012 2632 3068; x_wconf 88' lang='lat' dir='ltr'><strong>Devotio</strong></span> <span class='ocrx_word' id='word_1_464' title='bbox 2672 3013 2931 3081; x_wconf 85' lang='lat' dir='ltr'><strong>intelligit.</strong></span> <span class='ocrx_word' id='word_1_465' title='bbox 2963 3011 3110 3078; x_wconf 85' lang='lat' dir='ltr'><strong>Quod</strong></span> <span class='ocrx_word' id='word_1_466' title='bbox 3148 3012 3380 3080; x_wconf 79' lang='lat' dir='ltr'><strong>profecto</strong></span> <span class='ocrx_word' id='word_1_467' title='bbox 3412 3023 3549 3067; x_wconf 85' lang='lat' dir='ltr'><strong>tem-</strong></span> 
     </span>
    </p>
   </div>
   <div class='ocr_carea' id='block_1_63' title="bbox 1978 3103 3548 3172">
    <p class='ocr_par' dir='ltr' id='par_1_63' title="bbox 1978 3103 3548 3172">
     <span class='ocr_line' id='line_1_63' title="bbox 1978 3103 3548 3172; baseline 0 -15"><span class='ocrx_word' id='word_1_468' title='bbox 1978 3118 2166 3171; x_wconf 84' lang='lat' dir='ltr'><strong>porum</strong></span> <span class='ocrx_word' id='word_1_469' title='bbox 2191 3112 2491 3156; x_wconf 89' lang='lat' dir='ltr'><strong>nostrorum</strong></span> <span class='ocrx_word' id='word_1_470' title='bbox 2517 3103 2879 3169; x_wconf 86' lang='lat' dir='ltr'><strong>tranquillitati</strong></span> <span class='ocrx_word' id='word_1_471' title='bbox 2901 3103 3185 3157; x_wconf 86' lang='lat' dir='ltr'><strong>convenire</strong></span> <span class='ocrx_word' id='word_1_472' title='bbox 3211 3103 3548 3172; x_wconf 87' lang='lat' dir='ltr'><strong>perspicuum</strong></span> 
     </span>
    </p>
   </div>
   <div class='ocr_carea' id='block_1_64' title="bbox 291 3188 1877 3267">
    <p class='ocr_par' dir='ltr' id='par_1_64' title="bbox 291 3193 1872 3267">
     <span class='ocr_line' id='line_1_64' title="bbox 291 3193 1872 3267; baseline -0.003 -16"><span class='ocrx_word' id='word_1_473' title='bbox 291 3195 433 3257; x_wconf 82' lang='grc' dir='ltr'>ὅπως</span> <span class='ocrx_word' id='word_1_474' title='bbox 460 3199 691 3262; x_wconf 77' lang='grc' dir='ltr'>ἐξουσίαν</span> <span class='ocrx_word' id='word_1_475' title='bbox 718 3197 934 3255; x_wconf 82' lang='grc' dir='ltr'>ἕκαστος</span> <span class='ocrx_word' id='word_1_476' title='bbox 955 3193 1057 3267; x_wconf 68' lang='grc' dir='ltr'>ἔχη</span> <span class='ocrx_word' id='word_1_477' title='bbox 1083 3201 1171 3249; x_wconf 80' lang='grc' dir='ltr'>τοῦ</span> <span class='ocrx_word' id='word_1_478' title='bbox 1210 3196 1460 3267; x_wconf 77' lang='grc' dir='ltr'>αἱρεῖσθαι</span> <span class='ocrx_word' id='word_1_479' title='bbox 1489 3199 1575 3249; x_wconf 84' lang='grc' dir='ltr'><strong>καί</strong></span> <span class='ocrx_word' id='word_1_480' title='bbox 1598 3196 1829 3267; x_wconf 84' lang='grc' dir='ltr'>τημελεῖν</span> <span class='ocrx_word' id='word_1_481' title='bbox 1857 3234 1872 3260; x_wconf 90' lang='grc'><strong>,</strong></span> 
     </span>
    </p>
   </div>
   <div class='ocr_carea' id='block_1_65' title="bbox 1982 3188 3551 3267">
    <p class='ocr_par' dir='ltr' id='par_1_65' title="bbox 1982 3191 3551 3263">
     <span class='ocr_line' id='line_1_65' title="bbox 1982 3191 3551 3263; baseline 0.001 -17"><span class='ocrx_word' id='word_1_482' title='bbox 1982 3201 2061 3246; x_wconf 91' lang='lat' dir='ltr'><strong>est</strong></span> <span class='ocrx_word' id='word_1_483' title='bbox 2091 3209 2102 3242; x_wconf 96' lang='lat'>:</span> <span class='ocrx_word' id='word_1_484' title='bbox 2139 3202 2193 3245; x_wconf 93' lang='lat' dir='ltr'><strong>ut</strong></span> <span class='ocrx_word' id='word_1_485' title='bbox 2223 3192 2505 3259; x_wconf 89' lang='lat' dir='ltr'><strong>unicuique</strong></span> <span class='ocrx_word' id='word_1_486' title='bbox 2544 3191 2767 3245; x_wconf 89' lang='lat' dir='ltr'><strong>liberum</strong></span> <span class='ocrx_word' id='word_1_487' title='bbox 2798 3194 2866 3245; x_wconf 85' lang='lat' dir='ltr'><strong>sit</strong></span> <span class='ocrx_word' id='word_1_488' title='bbox 2900 3205 3283 3263; x_wconf 87' lang='lat' dir='ltr'><strong>quamcumque</strong></span> <span class='ocrx_word' id='word_1_489' title='bbox 3322 3193 3551 3248; x_wconf 83' lang='lat' dir='ltr'><strong>voluerit</strong></span> 
     </span>
    </p>
   </div>
   <div class='ocr_carea' id='block_1_66' title="bbox 292 3282 1870 3359">
    <p class='ocr_par' dir='ltr' id='par_1_66' title="bbox 292 3282 1870 3359">
     <span class='ocr_line' id='line_1_66' title="bbox 292 3282 1870 3359; baseline -0.001 -17"><span class='ocrx_word' id='word_1_490' title='bbox 292 3288 465 3342; x_wconf 84' lang='grc' dir='ltr'>ὁποῖον</span> <span class='ocrx_word' id='word_1_491' title='bbox 494 3286 538 3342; x_wconf 73' lang='grc' dir='ltr'>δ’</span> <span class='ocrx_word' id='word_1_492' title='bbox 562 3282 619 3341; x_wconf 80' lang='grc' dir='ltr'><strong>ἂν</strong></span> <span class='ocrx_word' id='word_1_493' title='bbox 649 3287 898 3358; x_wconf 85' lang='grc' dir='ltr'>βούληται</span> <span class='ocrx_word' id='word_1_494' title='bbox 921 3287 1063 3339; x_wconf 88' lang='grc' dir='ltr'>θεῖον.</span> <span class='ocrx_word' id='word_1_495' title='bbox 1086 3292 1237 3341; x_wconf 76' lang='grc' dir='ltr'>τοῦτο</span> <span class='ocrx_word' id='word_1_496' title='bbox 1266 3284 1319 3340; x_wconf 81' lang='grc' dir='ltr'><strong>δέ</strong></span> <span class='ocrx_word' id='word_1_497' title='bbox 1344 3285 1426 3358; x_wconf 75' lang='grc' dir='ltr'><strong>ὐφ’</strong></span> <span class='ocrx_word' id='word_1_498' title='bbox 1460 3288 1596 3357; x_wconf 76' lang='grc' dir='ltr'>ἡμῶν</span> <span class='ocrx_word' id='word_1_499' title='bbox 1636 3288 1831 3359; x_wconf 68' lang='grc' dir='ltr'>γέγονεν</span> <span class='ocrx_word' id='word_1_500' title='bbox 1855 3327 1870 3351; x_wconf 93' lang='grc'><strong>,</strong></span> 
     </span>
    </p>
   </div>
   <div class='ocr_carea' id='block_1_67' title="bbox 292 3375 1875 3452">
    <p class='ocr_par' dir='ltr' id='par_1_67' title="bbox 292 3375 1875 3452">
     <span class='ocr_line' id='line_1_67' title="bbox 292 3375 1875 3452; baseline 0.001 -19"><span class='ocrx_word' id='word_1_501' title='bbox 292 3378 431 3438; x_wconf 84' lang='grc' dir='ltr'>ὅπως</span> <span class='ocrx_word' id='word_1_502' title='bbox 458 3376 677 3450; x_wconf 82' lang='grc' dir='ltr'>μηδεμιᾶ</span> <span class='ocrx_word' id='word_1_503' title='bbox 703 3386 822 3451; x_wconf 78' lang='grc' dir='ltr'>τιμῇ</span> <span class='ocrx_word' id='word_1_504' title='bbox 848 3399 917 3447; x_wconf 83' lang='grc' dir='ltr'><strong>μη</strong></span> <span class='ocrx_word' id='word_1_505' title='bbox 945 3375 997 3431; x_wconf 81' lang='grc' dir='ltr'>δὲ</span> <span class='ocrx_word' id='word_1_506' title='bbox 1017 3378 1260 3452; x_wconf 82' lang='grc' dir='ltr'>θρησκείᾳ</span> <span class='ocrx_word' id='word_1_507' title='bbox 1287 3381 1384 3432; x_wconf 81' lang='grc' dir='ltr'>τινί</span> <span class='ocrx_word' id='word_1_508' title='bbox 1407 3381 1708 3450; x_wconf 86' lang='grc' dir='ltr'>μεμειῶσθαί</span> <span class='ocrx_word' id='word_1_509' title='bbox 1721 3400 1770 3434; x_wconf 91' lang='grc' dir='ltr'><strong>τι</strong></span> <span class='ocrx_word' id='word_1_510' title='bbox 1792 3376 1875 3451; x_wconf 76' lang='grc' dir='ltr'><strong>ὑφ’</strong></span> 
     </span>
    </p>
   </div>
   <div class='ocr_carea' id='block_1_68' title="bbox 298 3467 1868 3544">
    <p class='ocr_par' dir='ltr' id='par_1_68' title="bbox 298 3467 1868 3544">
     <span class='ocr_line' id='line_1_68' title="bbox 298 3467 1868 3544; baseline 0 -21"><span class='ocrx_word' id='word_1_511' title='bbox 298 3472 435 3539; x_wconf 86' lang='grc' dir='ltr'>ήμῶν</span> <span class='ocrx_word' id='word_1_512' title='bbox 464 3468 647 3526; x_wconf 76' lang='grc' dir='ltr'>δοκοίη.</span> <span class='ocrx_word' id='word_1_513' title='bbox 670 3471 759 3521; x_wconf 80' lang='grc' dir='ltr'><strong>καί</strong></span> <span class='ocrx_word' id='word_1_514' title='bbox 786 3475 934 3523; x_wconf 80' lang='grc' dir='ltr'>τοῦτο</span> <span class='ocrx_word' id='word_1_515' title='bbox 961 3467 1013 3521; x_wconf 82' lang='grc' dir='ltr'>δὲ</span> <span class='ocrx_word' id='word_1_516' title='bbox 1041 3469 1170 3542; x_wconf 86' lang='grc' dir='ltr'>πρὸς</span> <span class='ocrx_word' id='word_1_517' title='bbox 1197 3478 1299 3530; x_wconf 88' lang='grc' dir='ltr'>τοῖς</span> <span class='ocrx_word' id='word_1_518' title='bbox 1318 3470 1512 3529; x_wconf 84' lang='grc' dir='ltr'>λοιποῖς</span> <span class='ocrx_word' id='word_1_519' title='bbox 1535 3472 1606 3530; x_wconf 82' lang='grc' dir='ltr'><strong>είς</strong></span> <span class='ocrx_word' id='word_1_520' title='bbox 1630 3470 1686 3524; x_wconf 89' lang='grc' dir='ltr'><strong>τό</strong></span> <span class='ocrx_word' id='word_1_521' title='bbox 1713 3471 1868 3544; x_wconf 89' lang='grc' dir='ltr'>πρόσ-</span> 
     </span>
    </p>
   </div>
   <div class='ocr_carea' id='block_1_69' title="bbox 296 3557 1876 3634">
    <p class='ocr_par' dir='ltr' id='par_1_69' title="bbox 296 3557 1876 3634">
     <span class='ocr_line' id='line_1_69' title="bbox 296 3557 1876 3634; baseline -0.001 -21"><span class='ocrx_word' id='word_1_522' title='bbox 296 3581 431 3615; x_wconf 88' lang='grc' dir='ltr'>ωπον</span> <span class='ocrx_word' id='word_1_523' title='bbox 462 3566 559 3613; x_wconf 89' lang='grc' dir='ltr'><strong>τῶν</strong></span> <span class='ocrx_word' id='word_1_524' title='bbox 609 3566 917 3634; x_wconf 86' lang='grc' dir='ltr'>χριστιανῶν</span> <span class='ocrx_word' id='word_1_525' title='bbox 958 3557 1332 3631; x_wconf 67' lang='grc' dir='ltr'>δογματίζομεν,</span> <span class='ocrx_word' id='word_1_526' title='bbox 1387 3561 1466 3614; x_wconf 78' lang='grc' dir='ltr'>ἶνα</span> <span class='ocrx_word' id='word_1_527' title='bbox 1512 3562 1630 3619; x_wconf 83' lang='grc' dir='ltr'>τούς</span> <span class='ocrx_word' id='word_1_528' title='bbox 1684 3560 1876 3619; x_wconf 88' lang='grc' dir='ltr'>τόπους</span> 
     </span>
    </p>
   </div>
   <div class='ocr_carea' id='block_1_70' title="bbox 299 3648 1872 3724">
    <p class='ocr_par' dir='ltr' id='par_1_70' title="bbox 299 3648 1872 3724">
     <span class='ocr_line' id='line_1_70' title="bbox 299 3648 1872 3724; baseline -0.002 -17"><span class='ocrx_word' id='word_1_529' title='bbox 299 3654 466 3707; x_wconf 78' lang='grc' dir='ltr'>αὐτῶν</span> <span class='ocrx_word' id='word_1_530' title='bbox 512 3650 580 3709; x_wconf 89' lang='grc' dir='ltr'><strong>είς</strong></span> <span class='ocrx_word' id='word_1_531' title='bbox 616 3649 702 3709; x_wconf 72' lang='grc' dir='ltr'>οὓς</span> <span class='ocrx_word' id='word_1_532' title='bbox 730 3651 786 3705; x_wconf 88' lang='grc' dir='ltr'><strong>τό</strong></span> <span class='ocrx_word' id='word_1_533' title='bbox 822 3649 1064 3724; x_wconf 88' lang='grc' dir='ltr'>πρότερον</span> <span class='ocrx_word' id='word_1_534' title='bbox 1090 3651 1431 3724; x_wconf 83' lang='grc' dir='ltr'>συνέρχεσθαι</span> <span class='ocrx_word' id='word_1_535' title='bbox 1452 3648 1555 3710; x_wconf 73' lang='grc' dir='ltr'>ἔθος</span> <span class='ocrx_word' id='word_1_536' title='bbox 1582 3648 1640 3709; x_wconf 78' lang='grc' dir='ltr'><strong>ἧν</strong></span> <span class='ocrx_word' id='word_1_537' title='bbox 1667 3652 1833 3709; x_wconf 81' lang='grc' dir='ltr'>αὐτοῖς</span> <span class='ocrx_word' id='word_1_538' title='bbox 1856 3689 1872 3715; x_wconf 89' lang='grc'><strong>,</strong></span> 
     </span>
    </p>
   </div>
   <div class='ocr_carea' id='block_1_71' title="bbox 300 3736 1875 3817">
    <p class='ocr_par' dir='ltr' id='par_1_71' title="bbox 300 3736 1875 3817">
     <span class='ocr_line' id='line_1_71' title="bbox 300 3736 1875 3817; baseline -0.001 -21"><span class='ocrx_word' id='word_1_539' title='bbox 300 3744 422 3817; x_wconf 77' lang='grc' dir='ltr'>περὶ</span> <span class='ocrx_word' id='word_1_540' title='bbox 465 3736 530 3793; x_wconf 81' lang='grc' dir='ltr'>ὧν</span> <span class='ocrx_word' id='word_1_541' title='bbox 576 3742 660 3794; x_wconf 84' lang='grc' dir='ltr'><strong>καί</strong></span> <span class='ocrx_word' id='word_1_542' title='bbox 696 3747 807 3800; x_wconf 90' lang='grc' dir='ltr'>τοῖς</span> <span class='ocrx_word' id='word_1_543' title='bbox 848 3740 1083 3815; x_wconf 80' lang='grc' dir='ltr'>πρότερον</span> <span class='ocrx_word' id='word_1_544' title='bbox 1109 3739 1297 3794; x_wconf 80' lang='grc' dir='ltr'>δοθεῖσι</span> <span class='ocrx_word' id='word_1_545' title='bbox 1326 3742 1455 3816; x_wconf 88' lang='grc' dir='ltr'>πρὸς</span> <span class='ocrx_word' id='word_1_546' title='bbox 1488 3746 1577 3800; x_wconf 84' lang='grc' dir='ltr'><strong>τήν</strong></span> <span class='ocrx_word' id='word_1_547' title='bbox 1604 3746 1697 3799; x_wconf 82' lang='grc' dir='ltr'><strong>σήν</strong></span> <span class='ocrx_word' id='word_1_548' title='bbox 1735 3743 1875 3795; x_wconf 66' lang='grc' dir='ltr'>καθοο-</span> 
     </span>
    </p>
   </div>
   <div class='ocr_carea' id='block_1_72' title="bbox 301 3827 1877 3908">
    <p class='ocr_par' dir='ltr' id='par_1_72' title="bbox 301 3827 1877 3908">
     <span class='ocr_line' id='line_1_72' title="bbox 301 3827 1877 3908; baseline 0 -23"><span class='ocrx_word' id='word_1_549' title='bbox 301 3835 479 3888; x_wconf 88' lang='grc' dir='ltr'>σίωσιν</span> <span class='ocrx_word' id='word_1_550' title='bbox 500 3834 787 3903; x_wconf 67' lang='grc' dir='ltr'>γράμμασι,</span> <span class='ocrx_word' id='word_1_551' title='bbox 817 3831 978 3889; x_wconf 84' lang='grc' dir='ltr'>τύπος</span> <span class='ocrx_word' id='word_1_552' title='bbox 1021 3830 1190 3904; x_wconf 79' lang='grc' dir='ltr'>ἔτερος</span> <span class='ocrx_word' id='word_1_553' title='bbox 1226 3827 1282 3888; x_wconf 72' lang='grc' dir='ltr'><strong>ἧν</strong></span> <span class='ocrx_word' id='word_1_554' title='bbox 1309 3832 1584 3908; x_wconf 85' lang='grc' dir='ltr'>ὡρισμένος</span> <span class='ocrx_word' id='word_1_555' title='bbox 1626 3839 1699 3903; x_wconf 87' lang='grc' dir='ltr'>τῷ</span> <span class='ocrx_word' id='word_1_556' title='bbox 1747 3851 1877 3904; x_wconf 89' lang='grc' dir='ltr'>προ-</span> 
     </span>
    </p>
   </div>
   <div class='ocr_carea' id='block_1_73' title="bbox 305 3916 1878 3997">
    <p class='ocr_par' dir='ltr' id='par_1_73' title="bbox 305 3916 1878 3997">
     <span class='ocr_line' id='line_1_73' title="bbox 305 3916 1878 3997; baseline 0.003 -26"><span class='ocrx_word' id='word_1_557' title='bbox 305 3925 437 3996; x_wconf 75' lang='grc' dir='ltr'>τέρῳ</span> <span class='ocrx_word' id='word_1_558' title='bbox 465 3922 655 3997; x_wconf 85' lang='grc' dir='ltr'>χρόνῳ.</span> <span class='ocrx_word' id='word_1_559' title='bbox 681 3919 743 3973; x_wconf 76' lang='grc' dir='ltr'><strong>ἶν’</strong></span> <span class='ocrx_word' id='word_1_560' title='bbox 774 3916 823 3973; x_wconf 76' lang='grc' dir='ltr'>εἴ</span> <span class='ocrx_word' id='word_1_561' title='bbox 839 3940 969 3979; x_wconf 85' lang='grc' dir='ltr'>τινες</span> <span class='ocrx_word' id='word_1_562' title='bbox 995 3918 1025 3978; x_wconf 74' lang='grc' dir='ltr'>ἦ</span> <span class='ocrx_word' id='word_1_563' title='bbox 1053 3922 1198 3991; x_wconf 80' lang='grc' dir='ltr'>παρὰ</span> <span class='ocrx_word' id='word_1_564' title='bbox 1237 3927 1323 3975; x_wconf 82' lang='grc' dir='ltr'>τοῦ</span> <span class='ocrx_word' id='word_1_565' title='bbox 1355 3923 1562 3992; x_wconf 87' lang='grc' dir='ltr'>ταμείου</span> <span class='ocrx_word' id='word_1_566' title='bbox 1580 3926 1672 3975; x_wconf 78' lang='grc' dir='ltr'>τοῦ</span> <span class='ocrx_word' id='word_1_567' title='bbox 1700 3922 1878 3990; x_wconf 74' lang='grc' dir='ltr'>ἡμετέ-</span> 
     </span>
    </p>
   </div>
   <div class='ocr_carea' id='block_1_74' title="bbox 308 4010 1876 4087">
    <p class='ocr_par' dir='ltr' id='par_1_74' title="bbox 308 4010 1876 4087">
     <span class='ocr_line' id='line_1_74' title="bbox 308 4010 1876 4087; baseline -0.001 -22"><span class='ocrx_word' id='word_1_568' title='bbox 308 4033 418 4087; x_wconf 87' lang='grc' dir='ltr'>ρου,</span> <span class='ocrx_word' id='word_1_569' title='bbox 448 4011 477 4070; x_wconf 77' lang='grc' dir='ltr'><strong>ἣ</strong></span> <span class='ocrx_word' id='word_1_570' title='bbox 501 4013 641 4085; x_wconf 88' lang='grc' dir='ltr'><strong>παρά</strong></span> <span class='ocrx_word' id='word_1_571' title='bbox 664 4031 794 4072; x_wconf 89' lang='grc' dir='ltr'>τινος</span> <span class='ocrx_word' id='word_1_572' title='bbox 820 4010 993 4083; x_wconf 84' lang='grc' dir='ltr'>έτέρου</span> <span class='ocrx_word' id='word_1_573' title='bbox 1029 4012 1267 4082; x_wconf 79' lang='grc' dir='ltr'>φαίνοιντο</span> <span class='ocrx_word' id='word_1_574' title='bbox 1292 4011 1595 4085; x_wconf 74' lang='grc' dir='ltr'>ἠγορακότες</span> <span class='ocrx_word' id='word_1_575' title='bbox 1624 4013 1837 4072; x_wconf 79' lang='grc' dir='ltr'>τούτους</span> <span class='ocrx_word' id='word_1_576' title='bbox 1860 4050 1876 4075; x_wconf 94' lang='grc'><strong>,</strong></span> 
     </span>
    </p>
   </div>
   <div class='ocr_carea' id='block_1_75' title="bbox 308 4097 1880 4176">
    <p class='ocr_par' dir='ltr' id='par_1_75' title="bbox 308 4097 1880 4176">
     <span class='ocr_line' id='line_1_75' title="bbox 308 4097 1880 4176; baseline -0.001 -19"><span class='ocrx_word' id='word_1_577' title='bbox 308 4111 416 4163; x_wconf 87' lang='grc' dir='ltr'>τοῖς</span> <span class='ocrx_word' id='word_1_578' title='bbox 442 4102 614 4160; x_wconf 74' lang='grc' dir='ltr'>αὐτοῖς</span> <span class='ocrx_word' id='word_1_579' title='bbox 660 4108 979 4172; x_wconf 85' lang='grc' dir='ltr'>χριστιανοῖς</span> <span class='ocrx_word' id='word_1_580' title='bbox 1028 4097 1140 4154; x_wconf 75' lang='grc' dir='ltr'>ἄνευ</span> <span class='ocrx_word' id='word_1_581' title='bbox 1188 4103 1431 4176; x_wconf 69' lang='grc' dir='ltr'>ἀργυρίου</span> <span class='ocrx_word' id='word_1_582' title='bbox 1476 4105 1561 4155; x_wconf 86' lang='grc' dir='ltr'><strong>καί</strong></span> <span class='ocrx_word' id='word_1_583' title='bbox 1599 4099 1712 4156; x_wconf 80' lang='grc' dir='ltr'>ἄνευ</span> <span class='ocrx_word' id='word_1_584' title='bbox 1752 4101 1880 4160; x_wconf 85' lang='grc' dir='ltr'>τινός</span> 
     </span>
    </p>
   </div>
   <div class='ocr_carea' id='block_1_76' title="bbox 310 4190 1881 4264">
    <p class='ocr_par' dir='ltr' id='par_1_76' title="bbox 310 4190 1881 4264">
     <span class='ocr_line' id='line_1_76' title="bbox 310 4190 1881 4264; baseline -0.002 -17"><span class='ocrx_word' id='word_1_585' title='bbox 310 4195 630 4251; x_wconf 73' lang='grc' dir='ltr'>ἀπαιτήσεως</span> <span class='ocrx_word' id='word_1_586' title='bbox 654 4200 743 4249; x_wconf 74' lang='grc' dir='ltr'>τῆς</span> <span class='ocrx_word' id='word_1_587' title='bbox 772 4199 919 4260; x_wconf 82' lang='grc' dir='ltr'>τιμῆς</span> <span class='ocrx_word' id='word_1_588' title='bbox 962 4190 1336 4264; x_wconf 85' lang='grc' dir='ltr'>ύπερτεθείσης,</span> <span class='ocrx_word' id='word_1_589' title='bbox 1384 4190 1513 4261; x_wconf 87' lang='grc' dir='ltr'>δίχα</span> <span class='ocrx_word' id='word_1_590' title='bbox 1555 4195 1725 4251; x_wconf 80' lang='grc' dir='ltr'>πάσης</span> <span class='ocrx_word' id='word_1_591' title='bbox 1757 4193 1881 4262; x_wconf 88' lang='grc' dir='ltr'>ἀμε-</span> 
     </span>
    </p>
   </div>
   <div class='ocr_carea' id='block_1_77' title="bbox 310 4281 1882 4353">
    <p class='ocr_par' dir='ltr' id='par_1_77' title="bbox 310 4281 1882 4353">
     <span class='ocr_line' id='line_1_77' title="bbox 310 4281 1882 4353; baseline 0.001 -17"><span class='ocrx_word' id='word_1_592' title='bbox 310 4285 443 4343; x_wconf 83' lang='grc' dir='ltr'>λείας</span> <span class='ocrx_word' id='word_1_593' title='bbox 473 4286 555 4336; x_wconf 89' lang='grc' dir='ltr'><strong>καί</strong></span> <span class='ocrx_word' id='word_1_594' title='bbox 582 4282 876 4353; x_wconf 78' lang='grc' dir='ltr'>ἀμφιϐολίας</span> <span class='ocrx_word' id='word_1_595' title='bbox 904 4284 1390 4339; x_wconf 79' lang='grc' dir='ltr'>ἀποκαταστήσωσε.</span> <span class='ocrx_word' id='word_1_596' title='bbox 1424 4287 1509 4336; x_wconf 79' lang='grc' dir='ltr'><strong>καί</strong></span> <span class='ocrx_word' id='word_1_597' title='bbox 1534 4281 1724 4342; x_wconf 80' lang='grc' dir='ltr'>εἴτινες</span> <span class='ocrx_word' id='word_1_598' title='bbox 1751 4284 1882 4337; x_wconf 87' lang='grc' dir='ltr'><strong>κατὰ</strong></span> 
     </span>
    </p>
   </div>
   <div class='ocr_carea' id='block_1_78' title="bbox 314 4372 1883 4448">
    <p class='ocr_par' dir='ltr' id='par_1_78' title="bbox 314 4372 1883 4448">
     <span class='ocr_line' id='line_1_78' title="bbox 314 4372 1883 4448; baseline -0.001 -20"><span class='ocrx_word' id='word_1_599' title='bbox 314 4373 471 4448; x_wconf 84' lang='grc' dir='ltr'>δῶρον</span> <span class='ocrx_word' id='word_1_600' title='bbox 500 4374 827 4443; x_wconf 71' lang='grc' dir='ltr'>τυγχάνωσιν</span> <span class='ocrx_word' id='word_1_601' title='bbox 856 4372 1104 4442; x_wconf 79' lang='grc' dir='ltr'>εἰληφότες</span> <span class='ocrx_word' id='word_1_602' title='bbox 1129 4374 1247 4433; x_wconf 81' lang='grc' dir='ltr'>τοὺς</span> <span class='ocrx_word' id='word_1_603' title='bbox 1286 4374 1468 4432; x_wconf 82' lang='grc' dir='ltr'>αύτούς</span> <span class='ocrx_word' id='word_1_604' title='bbox 1494 4374 1704 4437; x_wconf 86' lang='grc' dir='ltr'>τόπους,</span> <span class='ocrx_word' id='word_1_605' title='bbox 1746 4373 1883 4434; x_wconf 82' lang='grc' dir='ltr'>ὅπως</span> 
     </span>
    </p>
   </div>
   <div class='ocr_carea' id='block_1_79' title="bbox 318 4465 1884 4536">
    <p class='ocr_par' dir='ltr' id='par_1_79' title="bbox 318 4465 1884 4536">
     <span class='ocr_line' id='line_1_79' title="bbox 318 4465 1884 4536; baseline 0.001 -19"><span class='ocrx_word' id='word_1_606' title='bbox 318 4467 359 4517; x_wconf 86' lang='grc' dir='ltr'><strong>εί</strong></span> <span class='ocrx_word' id='word_1_607' title='bbox 390 4473 495 4523; x_wconf 88' lang='grc' dir='ltr'>τοῖς</span> <span class='ocrx_word' id='word_1_608' title='bbox 525 4465 699 4521; x_wconf 82' lang='grc' dir='ltr'>αὐτοῖς</span> <span class='ocrx_word' id='word_1_609' title='bbox 734 4469 1059 4536; x_wconf 75' lang='grc' dir='ltr'>χριστεανοῖς</span> <span class='ocrx_word' id='word_1_610' title='bbox 1100 4467 1187 4519; x_wconf 82' lang='grc' dir='ltr'><strong>τήν</strong></span> <span class='ocrx_word' id='word_1_611' title='bbox 1233 4467 1492 4532; x_wconf 87' lang='grc' dir='ltr'>ταχίστην</span> <span class='ocrx_word' id='word_1_612' title='bbox 1536 4466 1884 4523; x_wconf 82' lang='grc' dir='ltr'>ἀποκαταστή-</span> 
     </span>
    </p>
   </div>
   <div class='ocr_carea' id='block_1_80' title="bbox 1979 3282 3547 3354">
    <p class='ocr_par' dir='ltr' id='par_1_80' title="bbox 1979 3282 3547 3354">
     <span class='ocr_line' id='line_1_80' title="bbox 1979 3282 3547 3354; baseline 0.004 -18"><span class='ocrx_word' id='word_1_613' title='bbox 1979 3283 2186 3337; x_wconf 89' lang='lat' dir='ltr'><strong>colendi</strong></span> <span class='ocrx_word' id='word_1_614' title='bbox 2232 3282 2470 3337; x_wconf 86' lang='lat' dir='ltr'><strong>Numinis</strong></span> <span class='ocrx_word' id='word_1_615' title='bbox 2519 3284 2774 3337; x_wconf 86' lang='lat' dir='ltr'><strong>rationem</strong></span> <span class='ocrx_word' id='word_1_616' title='bbox 2816 3285 3008 3353; x_wconf 71' lang='lat' dir='ltr'><strong>eligere</strong></span> <span class='ocrx_word' id='word_1_617' title='bbox 3045 3295 3203 3354; x_wconf 87' lang='lat' dir='ltr'><strong>atque</strong></span> <span class='ocrx_word' id='word_1_618' title='bbox 3240 3286 3547 3342; x_wconf 86' lang='lat' dir='ltr'><strong>observare.</strong></span> 
     </span>
    </p>
   </div>
   <div class='ocr_carea' id='block_1_81' title="bbox 1979 3371 3551 3443">
    <p class='ocr_par' dir='ltr' id='par_1_81' title="bbox 1979 3371 3551 3443">
     <span class='ocr_line' id='line_1_81' title="bbox 1979 3371 3551 3443; baseline 0.003 -17"><span class='ocrx_word' id='word_1_619' title='bbox 1979 3376 2149 3443; x_wconf 81' lang='lat' dir='ltr'><strong>Atque</strong></span> <span class='ocrx_word' id='word_1_620' title='bbox 2174 3371 2227 3427; x_wconf 89' lang='lat' dir='ltr'><strong>id</strong></span> <span class='ocrx_word' id='word_1_621' title='bbox 2255 3388 2282 3425; x_wconf 87' lang='lat' dir='ltr'><strong>a</strong></span> <span class='ocrx_word' id='word_1_622' title='bbox 2310 3374 2462 3429; x_wconf 88' lang='lat' dir='ltr'><strong>nobis</strong></span> <span class='ocrx_word' id='word_1_623' title='bbox 2495 3389 2560 3429; x_wconf 90' lang='lat' dir='ltr'><strong>eo</strong></span> <span class='ocrx_word' id='word_1_624' title='bbox 2593 3376 2784 3428; x_wconf 77' lang='lat' dir='ltr'><strong>factum</strong></span> <span class='ocrx_word' id='word_1_625' title='bbox 2811 3384 2920 3441; x_wconf 91' lang='lat' dir='ltr'><strong>est,</strong></span> <span class='ocrx_word' id='word_1_626' title='bbox 2952 3385 3007 3429; x_wconf 90' lang='lat' dir='ltr'><strong>ut</strong></span> <span class='ocrx_word' id='word_1_627' title='bbox 3038 3392 3102 3430; x_wconf 91' lang='lat' dir='ltr'><strong>ue</strong></span> <span class='ocrx_word' id='word_1_628' title='bbox 3128 3378 3208 3431; x_wconf 91' lang='lat' dir='ltr'><strong>cui</strong></span> <span class='ocrx_word' id='word_1_629' title='bbox 3231 3377 3410 3431; x_wconf 86' lang='lat' dir='ltr'><strong>divino</strong></span> <span class='ocrx_word' id='word_1_630' title='bbox 3438 3378 3551 3431; x_wconf 84' lang='lat' dir='ltr'><strong>cul-</strong></span> 
     </span>
    </p>
   </div>
   <div class='ocr_carea' id='block_1_82' title="bbox 1980 3466 3554 3535">
    <p class='ocr_par' dir='ltr' id='par_1_82' title="bbox 1980 3466 3554 3535">
     <span class='ocr_line' id='line_1_82' title="bbox 1980 3466 3554 3535; baseline 0.005 -17"><span class='ocrx_word' id='word_1_631' title='bbox 1980 3466 2054 3519; x_wconf 92' lang='lat' dir='ltr'><strong>tui</strong></span> <span class='ocrx_word' id='word_1_632' title='bbox 2083 3475 2240 3535; x_wconf 84' lang='lat' dir='ltr'><strong>atque</strong></span> <span class='ocrx_word' id='word_1_633' title='bbox 2291 3466 2477 3519; x_wconf 87' lang='lat' dir='ltr'><strong>honori</strong></span> <span class='ocrx_word' id='word_1_634' title='bbox 2523 3466 2806 3535; x_wconf 86' lang='lat' dir='ltr'><strong>quidquam</strong></span> <span class='ocrx_word' id='word_1_635' title='bbox 2850 3468 2879 3521; x_wconf 72' lang='lat' dir='ltr'><strong>a</strong></span> <span class='ocrx_word' id='word_1_636' title='bbox 2918 3470 3069 3524; x_wconf 87' lang='lat' dir='ltr'><strong>nobis</strong></span> <span class='ocrx_word' id='word_1_637' title='bbox 3096 3469 3389 3524; x_wconf 86' lang='lat' dir='ltr'><strong>detractum</strong></span> <span class='ocrx_word' id='word_1_638' title='bbox 3432 3486 3554 3526; x_wconf 85' lang='lat' dir='ltr'><strong>esse</strong></span> 
     </span>
    </p>
   </div>
   <div class='ocr_carea' id='block_1_83' title="bbox 1980 3554 3554 3629">
    <p class='ocr_par' dir='ltr' id='par_1_83' title="bbox 1980 3554 3554 3629">
     <span class='ocr_line' id='line_1_83' title="bbox 1980 3554 3554 3629; baseline 0.006 -22"><span class='ocrx_word' id='word_1_639' title='bbox 1980 3554 2268 3609; x_wconf 79' lang='lat' dir='ltr'><strong>videretur.</strong></span> <span class='ocrx_word' id='word_1_640' title='bbox 2294 3555 2406 3609; x_wconf 84' lang='lat' dir='ltr'><strong>Hoc</strong></span> <span class='ocrx_word' id='word_1_641' title='bbox 2432 3565 2607 3611; x_wconf 89' lang='lat' dir='ltr'><strong>autem</strong></span> <span class='ocrx_word' id='word_1_642' title='bbox 2638 3558 2861 3626; x_wconf 87' lang='lat' dir='ltr'><strong>amplius</strong></span> <span class='ocrx_word' id='word_1_643' title='bbox 2890 3560 2940 3613; x_wconf 91' lang='lat' dir='ltr'><strong>in</strong></span> <span class='ocrx_word' id='word_1_644' title='bbox 2972 3561 3192 3629; x_wconf 83' lang='lat' dir='ltr'><strong>gratiam</strong></span> <span class='ocrx_word' id='word_1_645' title='bbox 3220 3560 3554 3616; x_wconf 86' lang='lat' dir='ltr'><strong>Christiano-</strong></span> 
     </span>
    </p>
   </div>
   <div class='ocr_carea' id='block_1_84' title="bbox 1981 3645 3557 3721">
    <p class='ocr_par' dir='ltr' id='par_1_84' title="bbox 1981 3645 3557 3721">
     <span class='ocr_line' id='line_1_84' title="bbox 1981 3645 3557 3721; baseline 0.006 -23"><span class='ocrx_word' id='word_1_646' title='bbox 1981 3661 2097 3698; x_wconf 90' lang='lat' dir='ltr'><strong>rum</strong></span> <span class='ocrx_word' id='word_1_647' title='bbox 2127 3645 2496 3711; x_wconf 88' lang='lat' dir='ltr'><strong>decernimus,</strong></span> <span class='ocrx_word' id='word_1_648' title='bbox 2531 3656 2587 3700; x_wconf 91' lang='lat' dir='ltr'><strong>ut</strong></span> <span class='ocrx_word' id='word_1_649' title='bbox 2613 3648 2723 3702; x_wconf 91' lang='lat' dir='ltr'><strong>loca</strong></span> <span class='ocrx_word' id='word_1_650' title='bbox 2761 3648 2991 3716; x_wconf 87' lang='lat' dir='ltr'><strong>ipsorum</strong></span> <span class='ocrx_word' id='word_1_651' title='bbox 3029 3654 3078 3705; x_wconf 91' lang='lat' dir='ltr'><strong>in</strong></span> <span class='ocrx_word' id='word_1_652' title='bbox 3113 3653 3303 3721; x_wconf 88' lang='lat' dir='ltr'><strong>quibus</strong></span> <span class='ocrx_word' id='word_1_653' title='bbox 3327 3654 3557 3708; x_wconf 86' lang='lat' dir='ltr'><strong>antehac</strong></span> 
     </span>
    </p>
   </div>
   <div class='ocr_carea' id='block_1_85' title="bbox 1980 3735 3557 3811">
    <p class='ocr_par' dir='ltr' id='par_1_85' title="bbox 1980 3735 3557 3811">
     <span class='ocr_line' id='line_1_85' title="bbox 1980 3735 3557 3811; baseline 0.008 -24"><span class='ocrx_word' id='word_1_654' title='bbox 1980 3735 2267 3790; x_wconf 86' lang='lat' dir='ltr'><strong>convenire</strong></span> <span class='ocrx_word' id='word_1_655' title='bbox 2294 3748 2705 3803; x_wconf 83' lang='lat' dir='ltr'><strong>consueverant,</strong></span> <span class='ocrx_word' id='word_1_656' title='bbox 2730 3738 2794 3792; x_wconf 90' lang='lat' dir='ltr'><strong>de</strong></span> <span class='ocrx_word' id='word_1_657' title='bbox 2822 3739 3009 3809; x_wconf 87' lang='lat' dir='ltr'><strong>quibus</strong></span> <span class='ocrx_word' id='word_1_658' title='bbox 3035 3744 3086 3795; x_wconf 89' lang='lat' dir='ltr'><strong>in</strong></span> <span class='ocrx_word' id='word_1_659' title='bbox 3108 3743 3293 3796; x_wconf 88' lang='lat' dir='ltr'><strong>litteris</strong></span> <span class='ocrx_word' id='word_1_660' title='bbox 3317 3745 3463 3811; x_wconf 91' lang='lat' dir='ltr'><strong>prius</strong></span> <span class='ocrx_word' id='word_1_661' title='bbox 3488 3744 3557 3799; x_wconf 88' lang='lat' dir='ltr'><strong>ad</strong></span> 
     </span>
    </p>
   </div>
   <div class='ocr_carea' id='block_1_86' title="bbox 1984 3823 3558 3900">
    <p class='ocr_par' dir='ltr' id='par_1_86' title="bbox 1984 3823 3558 3900">
     <span class='ocr_line' id='line_1_86' title="bbox 1984 3823 3558 3900; baseline 0.007 -23"><span class='ocrx_word' id='word_1_662' title='bbox 1984 3823 2327 3879; x_wconf 83' lang='lat' dir='ltr'><strong>Devotionem</strong></span> <span class='ocrx_word' id='word_1_663' title='bbox 2358 3835 2498 3879; x_wconf 90' lang='lat' dir='ltr'><strong>tuam</strong></span> <span class='ocrx_word' id='word_1_664' title='bbox 2522 3827 2658 3881; x_wconf 90' lang='lat' dir='ltr'><strong>datis</strong></span> <span class='ocrx_word' id='word_1_665' title='bbox 2677 3828 2777 3880; x_wconf 86' lang='lat' dir='ltr'><strong>alia</strong></span> <span class='ocrx_word' id='word_1_666' title='bbox 2794 3838 2908 3882; x_wconf 88' lang='lat' dir='ltr'><strong>erat</strong></span> <span class='ocrx_word' id='word_1_667' title='bbox 2936 3829 3099 3884; x_wconf 81' lang='lat' dir='ltr'><strong>forma</strong></span> <span class='ocrx_word' id='word_1_668' title='bbox 3124 3833 3384 3900; x_wconf 87' lang='lat' dir='ltr'><strong>superiori</strong></span> <span class='ocrx_word' id='word_1_669' title='bbox 3419 3843 3558 3888; x_wconf 88' lang='lat' dir='ltr'><strong>tem-</strong></span> 
     </span>
    </p>
   </div>
   <div class='ocr_carea' id='block_1_87' title="bbox 1985 3916 3561 3985">
    <p class='ocr_par' dir='ltr' id='par_1_87' title="bbox 1985 3916 3561 3985">
     <span class='ocr_line' id='line_1_87' title="bbox 1985 3916 3561 3985; baseline 0.007 -19"><span class='ocrx_word' id='word_1_670' title='bbox 1985 3930 2113 3984; x_wconf 88' lang='lat' dir='ltr'><strong>pore</strong></span> <span class='ocrx_word' id='word_1_671' title='bbox 2139 3916 2421 3969; x_wconf 74' lang='lat' dir='ltr'><strong>conStituta</strong></span> <span class='ocrx_word' id='word_1_672' title='bbox 2446 3958 2460 3982; x_wconf 89' lang='lat'><strong>,</strong></span> <span class='ocrx_word' id='word_1_673' title='bbox 2488 3917 2529 3968; x_wconf 88' lang='lat' dir='ltr'><strong>si</strong></span> <span class='ocrx_word' id='word_1_674' title='bbox 2558 3916 2646 3985; x_wconf 90' lang='lat' dir='ltr'><strong>qui</strong></span> <span class='ocrx_word' id='word_1_675' title='bbox 2676 3928 2766 3971; x_wconf 91' lang='lat' dir='ltr'><strong>aut</strong></span> <span class='ocrx_word' id='word_1_676' title='bbox 2806 3933 2836 3971; x_wconf 88' lang='lat' dir='ltr'><strong>a</strong></span> <span class='ocrx_word' id='word_1_677' title='bbox 2872 3917 3002 3973; x_wconf 80' lang='lat' dir='ltr'><strong>ﬁsco</strong></span> <span class='ocrx_word' id='word_1_678' title='bbox 3030 3928 3212 3974; x_wconf 90' lang='lat' dir='ltr'><strong>nostro</strong></span> <span class='ocrx_word' id='word_1_679' title='bbox 3243 3930 3331 3974; x_wconf 87' lang='lat' dir='ltr'><strong>aut</strong></span> <span class='ocrx_word' id='word_1_680' title='bbox 3360 3923 3426 3976; x_wconf 88' lang='lat' dir='ltr'><strong>ab</strong></span> <span class='ocrx_word' id='word_1_681' title='bbox 3452 3925 3561 3977; x_wconf 89' lang='lat' dir='ltr'><strong>alio</strong></span> 
     </span>
    </p>
   </div>
   <div class='ocr_carea' id='block_1_88' title="bbox 1983 4006 3564 4078">
    <p class='ocr_par' dir='ltr' id='par_1_88' title="bbox 1983 4006 3564 4078">
     <span class='ocr_line' id='line_1_88' title="bbox 1983 4006 3564 4078; baseline 0.005 -20"><span class='ocrx_word' id='word_1_682' title='bbox 1983 4006 2230 4075; x_wconf 88' lang='lat' dir='ltr'><strong>quopiam</strong></span> <span class='ocrx_word' id='word_1_683' title='bbox 2254 4020 2313 4060; x_wconf 89' lang='lat' dir='ltr'><strong>ea</strong></span> <span class='ocrx_word' id='word_1_684' title='bbox 2346 4008 2539 4060; x_wconf 83' lang='lat' dir='ltr'><strong>emisse</strong></span> <span class='ocrx_word' id='word_1_685' title='bbox 2561 4006 2658 4060; x_wconf 90' lang='lat' dir='ltr'><strong>visi</strong></span> <span class='ocrx_word' id='word_1_686' title='bbox 2682 4006 2907 4074; x_wconf 82' lang='lat' dir='ltr'><strong>fuerint,</strong></span> <span class='ocrx_word' id='word_1_687' title='bbox 2937 4009 3064 4078; x_wconf 90' lang='lat' dir='ltr'><strong>ipsis</strong></span> <span class='ocrx_word' id='word_1_688' title='bbox 3093 4008 3409 4065; x_wconf 85' lang='lat' dir='ltr'><strong>Christianis</strong></span> <span class='ocrx_word' id='word_1_689' title='bbox 3439 4012 3564 4066; x_wconf 89' lang='lat' dir='ltr'><strong>abs-</strong></span> 
     </span>
    </p>
   </div>
   <div class='ocr_carea' id='block_1_89' title="bbox 1983 4095 3563 4169">
    <p class='ocr_par' dir='ltr' id='par_1_89' title="bbox 1983 4095 3563 4169">
     <span class='ocr_line' id='line_1_89' title="bbox 1983 4095 3563 4169; baseline 0.008 -24"><span class='ocrx_word' id='word_1_690' title='bbox 1983 4112 2087 4163; x_wconf 89' lang='lat' dir='ltr'><strong>que</strong></span> <span class='ocrx_word' id='word_1_691' title='bbox 2109 4096 2210 4149; x_wconf 85' lang='lat' dir='ltr'><strong>ulla</strong></span> <span class='ocrx_word' id='word_1_692' title='bbox 2240 4095 2459 4163; x_wconf 89' lang='lat' dir='ltr'><strong>pecunia</strong></span> <span class='ocrx_word' id='word_1_693' title='bbox 2483 4105 2536 4150; x_wconf 91' lang='lat' dir='ltr'><strong>et</strong></span> <span class='ocrx_word' id='word_1_694' title='bbox 2554 4097 2671 4151; x_wconf 84' lang='lat' dir='ltr'><strong>sine</strong></span> <span class='ocrx_word' id='word_1_695' title='bbox 2702 4099 3015 4167; x_wconf 86' lang='lat' dir='ltr'><strong>repetitione</strong></span> <span class='ocrx_word' id='word_1_696' title='bbox 3046 4098 3148 4153; x_wconf 88' lang='lat' dir='ltr'><strong>ulla</strong></span> <span class='ocrx_word' id='word_1_697' title='bbox 3176 4115 3334 4167; x_wconf 87' lang='lat' dir='ltr'><strong>super</strong></span> <span class='ocrx_word' id='word_1_698' title='bbox 3360 4101 3563 4169; x_wconf 88' lang='lat' dir='ltr'><strong>adjecti</strong></span> 
     </span>
    </p>
   </div>
   <div class='ocr_carea' id='block_1_90' title="bbox 1986 4186 3563 4261">
    <p class='ocr_par' dir='ltr' id='par_1_90' title="bbox 1986 4186 3563 4261">
     <span class='ocr_line' id='line_1_90' title="bbox 1986 4186 3563 4261; baseline 0.005 -22"><span class='ocrx_word' id='word_1_699' title='bbox 1986 4186 2171 4254; x_wconf 89' lang='lat' dir='ltr'><strong>pretii,</strong></span> <span class='ocrx_word' id='word_1_700' title='bbox 2206 4187 2576 4241; x_wconf 89' lang='lat' dir='ltr'><strong>incunctanter</strong></span> <span class='ocrx_word' id='word_1_701' title='bbox 2601 4203 2662 4241; x_wconf 88' lang='lat' dir='ltr'><strong>ac</strong></span> <span class='ocrx_word' id='word_1_702' title='bbox 2706 4190 2819 4243; x_wconf 87' lang='lat' dir='ltr'><strong>sine</strong></span> <span class='ocrx_word' id='word_1_703' title='bbox 2846 4189 2947 4243; x_wconf 89' lang='lat' dir='ltr'><strong>ulla</strong></span> <span class='ocrx_word' id='word_1_704' title='bbox 2988 4191 3209 4261; x_wconf 87' lang='lat' dir='ltr'><strong>ambage</strong></span> <span class='ocrx_word' id='word_1_705' title='bbox 3240 4193 3563 4258; x_wconf 86' lang='lat' dir='ltr'><strong>restituant;</strong></span> 
     </span>
    </p>
   </div>
   <div class='ocr_carea' id='block_1_91' title="bbox 1986 4275 3569 4352">
    <p class='ocr_par' dir='ltr' id='par_1_91' title="bbox 1986 4275 3569 4352">
     <span class='ocr_line' id='line_1_91' title="bbox 1986 4275 3569 4352; baseline 0.006 -22"><span class='ocrx_word' id='word_1_706' title='bbox 1986 4283 2039 4330; x_wconf 92' lang='lat' dir='ltr'><strong>et</strong></span> <span class='ocrx_word' id='word_1_707' title='bbox 2068 4277 2109 4330; x_wconf 90' lang='lat' dir='ltr'><strong>si</strong></span> <span class='ocrx_word' id='word_1_708' title='bbox 2140 4277 2226 4345; x_wconf 92' lang='lat' dir='ltr'><strong>qui</strong></span> <span class='ocrx_word' id='word_1_709' title='bbox 2258 4275 2444 4330; x_wconf 87' lang='lat' dir='ltr'><strong>eadem</strong></span> <span class='ocrx_word' id='word_1_710' title='bbox 2473 4277 2583 4331; x_wconf 88' lang='lat' dir='ltr'><strong>loca</strong></span> <span class='ocrx_word' id='word_1_711' title='bbox 2614 4279 2751 4332; x_wconf 73' lang='lat' dir='ltr'><strong>dOIIO</strong></span> <span class='ocrx_word' id='word_1_712' title='bbox 2779 4283 3110 4350; x_wconf 87' lang='lat' dir='ltr'><strong>acceperint,</strong></span> <span class='ocrx_word' id='word_1_713' title='bbox 3140 4293 3194 4335; x_wconf 92' lang='lat' dir='ltr'><strong>ut</strong></span> <span class='ocrx_word' id='word_1_714' title='bbox 3224 4298 3283 4337; x_wconf 89' lang='lat' dir='ltr'><strong>ea</strong></span> <span class='ocrx_word' id='word_1_715' title='bbox 3323 4285 3569 4352; x_wconf 89' lang='lat' dir='ltr'><strong>protinus</strong></span> 
     </span>
    </p>
   </div>
   <div class='ocr_carea' id='block_1_92' title="bbox 1987 4366 3569 4440">
    <p class='ocr_par' dir='ltr' id='par_1_92' title="bbox 1987 4366 3569 4440">
     <span class='ocr_line' id='line_1_92' title="bbox 1987 4366 3569 4440; baseline 0.006 -20"><span class='ocrx_word' id='word_1_716' title='bbox 1987 4366 2299 4421; x_wconf 88' lang='lat' dir='ltr'><strong>Christianis</strong></span> <span class='ocrx_word' id='word_1_717' title='bbox 2328 4367 2569 4422; x_wconf 87' lang='lat' dir='ltr'><strong>reddant.</strong></span> <span class='ocrx_word' id='word_1_718' title='bbox 2599 4368 2749 4436; x_wconf 86' lang='lat' dir='ltr'><strong>Quod</strong></span> <span class='ocrx_word' id='word_1_719' title='bbox 2770 4370 2814 4423; x_wconf 91' lang='lat' dir='ltr'><strong>si</strong></span> <span class='ocrx_word' id='word_1_720' title='bbox 2846 4373 2933 4440; x_wconf 91' lang='lat' dir='ltr'><strong>qui</strong></span> <span class='ocrx_word' id='word_1_721' title='bbox 2962 4386 3025 4425; x_wconf 89' lang='lat' dir='ltr'><strong>ea</strong></span> <span class='ocrx_word' id='word_1_722' title='bbox 3058 4373 3170 4425; x_wconf 88' lang='lat' dir='ltr'><strong>loca</strong></span> <span class='ocrx_word' id='word_1_723' title='bbox 3201 4386 3445 4427; x_wconf 85' lang='lat' dir='ltr'><strong>emerunt</strong></span> <span class='ocrx_word' id='word_1_724' title='bbox 3474 4386 3569 4430; x_wconf 90' lang='lat' dir='ltr'><strong>aut</strong></span> 
     </span>
    </p>
   </div>
   <div class='ocr_carea' id='block_1_93' title="bbox 1989 4453 3569 4531">
    <p class='ocr_par' dir='ltr' id='par_1_93' title="bbox 1989 4453 3569 4531">
     <span class='ocr_line' id='line_1_93' title="bbox 1989 4453 3569 4531; baseline 0.008 -24"><span class='ocrx_word' id='word_1_725' title='bbox 1989 4453 2181 4508; x_wconf 83' lang='lat' dir='ltr'><strong>donata</strong></span> <span class='ocrx_word' id='word_1_726' title='bbox 2208 4466 2558 4525; x_wconf 89' lang='lat' dir='ltr'><strong>acceperunt,</strong></span> <span class='ocrx_word' id='word_1_727' title='bbox 2582 4458 2779 4527; x_wconf 89' lang='lat' dir='ltr'><strong>aliquid</strong></span> <span class='ocrx_word' id='word_1_728' title='bbox 2807 4473 2837 4512; x_wconf 87' lang='lat' dir='ltr'><strong>a</strong></span> <span class='ocrx_word' id='word_1_729' title='bbox 2866 4471 3046 4514; x_wconf 89' lang='lat' dir='ltr'><strong>nostra</strong></span> <span class='ocrx_word' id='word_1_730' title='bbox 3072 4462 3353 4516; x_wconf 83' lang='lat' dir='ltr'><strong>clementia</strong></span> <span class='ocrx_word' id='word_1_731' title='bbox 3382 4475 3569 4531; x_wconf 80' lang='lat' dir='ltr'><strong>petere</strong></span> 
     </span>
    </p>
   </div>
   <div class='ocr_carea' id='block_1_94' title="bbox 325 4544 1877 4627">
    <p class='ocr_par' dir='ltr' id='par_1_94' title="bbox 325 4553 1877 4627">
     <span class='ocr_line' id='line_1_94' title="bbox 325 4553 1877 4627; baseline -0.001 -19"><span class='ocrx_word' id='word_1_732' title='bbox 325 4577 484 4609; x_wconf 82' lang='grc' dir='ltr'>σωσιν</span> <span class='ocrx_word' id='word_1_733' title='bbox 512 4553 691 4614; x_wconf 73' lang='grc' dir='ltr'>οὕτως.</span> <span class='ocrx_word' id='word_1_734' title='bbox 724 4554 752 4611; x_wconf 78' lang='grc' dir='ltr'>ἦ</span> <span class='ocrx_word' id='word_1_735' title='bbox 784 4553 826 4606; x_wconf 87' lang='grc' dir='ltr'><strong>οί</strong></span> <span class='ocrx_word' id='word_1_736' title='bbox 852 4553 1147 4627; x_wconf 74' lang='grc' dir='ltr'>ήγορακότες</span> <span class='ocrx_word' id='word_1_737' title='bbox 1183 4555 1299 4612; x_wconf 81' lang='grc' dir='ltr'>τοὺς</span> <span class='ocrx_word' id='word_1_738' title='bbox 1330 4556 1517 4613; x_wconf 80' lang='grc' dir='ltr'>αὐτούς</span> <span class='ocrx_word' id='word_1_739' title='bbox 1550 4555 1758 4620; x_wconf 83' lang='grc' dir='ltr'>τόπους,</span> <span class='ocrx_word' id='word_1_740' title='bbox 1790 4555 1819 4614; x_wconf 77' lang='grc' dir='ltr'><em>ἧ</em></span> <span class='ocrx_word' id='word_1_741' title='bbox 1845 4578 1877 4609; x_wconf 53' lang='grc' dir='ltr'><strong>οι</strong></span> 
     </span>
    </p>
   </div>
   <div class='ocr_carea' id='block_1_95' title="bbox 1982 4544 3570 4627">
    <p class='ocr_par' dir='ltr' id='par_1_95' title="bbox 1996 4544 3570 4624">
     <span class='ocr_line' id='line_1_95' title="bbox 1996 4544 3570 4624; baseline 0.008 -27"><span class='ocrx_word' id='word_1_742' title='bbox 1996 4544 2178 4609; x_wconf 82' lang='lat' dir='ltr'><strong>velint,</strong></span> <span class='ocrx_word' id='word_1_743' title='bbox 2209 4544 2242 4597; x_wconf 88' lang='lat' dir='ltr'><strong>ii</strong></span> <span class='ocrx_word' id='word_1_744' title='bbox 2272 4545 2582 4600; x_wconf 76' lang='lat' dir='ltr'><strong>Praefectum</strong></span> <span class='ocrx_word' id='word_1_745' title='bbox 2606 4587 2621 4613; x_wconf 89' lang='lat'><strong>,</strong></span> <span class='ocrx_word' id='word_1_746' title='bbox 2650 4550 2737 4617; x_wconf 89' lang='lat' dir='ltr'><strong>qui</strong></span> <span class='ocrx_word' id='word_1_747' title='bbox 2784 4549 2833 4601; x_wconf 89' lang='lat' dir='ltr'><strong>in</strong></span> <span class='ocrx_word' id='word_1_748' title='bbox 2876 4550 2960 4602; x_wconf 88' lang='lat' dir='ltr'><strong>illa</strong></span> <span class='ocrx_word' id='word_1_749' title='bbox 3006 4552 3271 4619; x_wconf 85' lang='lat' dir='ltr'><strong>provincia</strong></span> <span class='ocrx_word' id='word_1_750' title='bbox 3303 4552 3390 4622; x_wconf 84' lang='lat' dir='ltr'><strong>jus</strong></span> <span class='ocrx_word' id='word_1_751' title='bbox 3416 4554 3570 4624; x_wconf 85' lang='lat' dir='ltr'><strong>dicit,</strong></span> 
     </span>
    </p>
   </div>
   <div class='ocr_carea' id='block_1_96' title="bbox 322 4644 1889 4721">
    <p class='ocr_par' dir='ltr' id='par_1_96' title="bbox 322 4644 1889 4721">
     <span class='ocr_line' id='line_1_96' title="bbox 322 4644 1889 4721; baseline 0.003 -24"><span class='ocrx_word' id='word_1_752' title='bbox 322 4648 447 4699; x_wconf 85' lang='grc' dir='ltr'><strong>κατά</strong></span> <span class='ocrx_word' id='word_1_753' title='bbox 476 4644 665 4717; x_wconf 83' lang='grc' dir='ltr'>δωρεὰν</span> <span class='ocrx_word' id='word_1_754' title='bbox 691 4646 935 4716; x_wconf 77' lang='grc' dir='ltr'>εἰληφότες</span> <span class='ocrx_word' id='word_1_755' title='bbox 962 4646 1142 4698; x_wconf 84' lang='grc' dir='ltr'>αίτῶσί</span> <span class='ocrx_word' id='word_1_756' title='bbox 1161 4666 1209 4697; x_wconf 89' lang='grc' dir='ltr'><strong>τι</strong></span> <span class='ocrx_word' id='word_1_757' title='bbox 1237 4648 1379 4714; x_wconf 86' lang='grc' dir='ltr'><strong>παρά</strong></span> <span class='ocrx_word' id='word_1_758' title='bbox 1411 4655 1503 4707; x_wconf 82' lang='grc' dir='ltr'>τῆς</span> <span class='ocrx_word' id='word_1_759' title='bbox 1525 4649 1772 4721; x_wconf 71' lang='grc' dir='ltr'>ἡμετέρας</span> <span class='ocrx_word' id='word_1_760' title='bbox 1792 4670 1889 4703; x_wconf 84' lang='grc' dir='ltr'>κα·-</span> 
     </span>
    </p>
   </div>
   <div class='ocr_carea' id='block_1_97' title="bbox 315 4734 1889 4812">
    <p class='ocr_par' dir='ltr' id='par_1_97' title="bbox 315 4734 1889 4812">
     <span class='ocr_line' id='line_1_97' title="bbox 315 4734 1889 4812; baseline 0.005 -26"><span class='ocrx_word' id='word_1_761' title='bbox 315 4734 632 4807; x_wconf 72' lang='grc' dir='ltr'>λοκᾳγαθίας,</span> <span class='ocrx_word' id='word_1_762' title='bbox 658 4736 968 4810; x_wconf 78' lang='grc' dir='ltr'>προσέλθωσι</span> <span class='ocrx_word' id='word_1_763' title='bbox 986 4744 1059 4805; x_wconf 81' lang='grc' dir='ltr'>τῷ</span> <span class='ocrx_word' id='word_1_764' title='bbox 1093 4737 1175 4789; x_wconf 76' lang='grc' dir='ltr'>ἐπί</span> <span class='ocrx_word' id='word_1_765' title='bbox 1194 4735 1358 4789; x_wconf 85' lang='grc' dir='ltr'>τόπων</span> <span class='ocrx_word' id='word_1_766' title='bbox 1384 4738 1602 4812; x_wconf 77' lang='grc' dir='ltr'>ἐπάρχῳ</span> <span class='ocrx_word' id='word_1_767' title='bbox 1624 4737 1889 4802; x_wconf 77' lang='grc' dir='ltr'>δικάζοντι,</span> 
     </span>
    </p>
   </div>
   <div class='ocr_carea' id='block_1_98' title="bbox 321 4822 1893 4903">
    <p class='ocr_par' dir='ltr' id='par_1_98' title="bbox 321 4822 1893 4903">
     <span class='ocr_line' id='line_1_98' title="bbox 321 4822 1893 4903; baseline 0.004 -26"><span class='ocrx_word' id='word_1_768' title='bbox 321 4822 458 4886; x_wconf 81' lang='grc' dir='ltr'>ὅπως</span> <span class='ocrx_word' id='word_1_769' title='bbox 487 4827 573 4879; x_wconf 83' lang='grc' dir='ltr'>καὶ</span> <span class='ocrx_word' id='word_1_770' title='bbox 611 4826 775 4877; x_wconf 81' lang='grc' dir='ltr'>αὐτῶν</span> <span class='ocrx_word' id='word_1_771' title='bbox 804 4823 889 4877; x_wconf 81' lang='grc' dir='ltr'>διὰ</span> <span class='ocrx_word' id='word_1_772' title='bbox 915 4833 1003 4883; x_wconf 79' lang='grc' dir='ltr'><strong>τῆς</strong></span> <span class='ocrx_word' id='word_1_773' title='bbox 1030 4826 1275 4897; x_wconf 74' lang='grc' dir='ltr'>ἡμετέρας</span> <span class='ocrx_word' id='word_1_774' title='bbox 1307 4828 1660 4902; x_wconf 87' lang='grc' dir='ltr'>χρηστότητος</span> <span class='ocrx_word' id='word_1_775' title='bbox 1690 4829 1893 4903; x_wconf 83' lang='grc' dir='ltr'>πρόνοια</span> 
     </span>
    </p>
   </div>
   <div class='ocr_carea' id='block_1_99' title="bbox 320 4914 1892 4993">
    <p class='ocr_par' dir='ltr' id='par_1_99' title="bbox 320 4914 1892 4993">
     <span class='ocr_line' id='line_1_99' title="bbox 320 4914 1892 4993; baseline 0.003 -26"><span class='ocrx_word' id='word_1_776' title='bbox 320 4916 540 4985; x_wconf 73' lang='grc' dir='ltr'>γίνηται.</span> <span class='ocrx_word' id='word_1_777' title='bbox 572 4914 716 4969; x_wconf 78' lang='grc' dir='ltr'>ἅτινα</span> <span class='ocrx_word' id='word_1_778' title='bbox 744 4916 909 4969; x_wconf 81' lang='grc' dir='ltr'>πάντα</span> <span class='ocrx_word' id='word_1_779' title='bbox 930 4922 1001 4986; x_wconf 82' lang='grc' dir='ltr'>τῷ</span> <span class='ocrx_word' id='word_1_780' title='bbox 1031 4920 1272 4986; x_wconf 86' lang='grc' dir='ltr'>σωματίῳ</span> <span class='ocrx_word' id='word_1_781' title='bbox 1297 4924 1392 4970; x_wconf 87' lang='grc' dir='ltr'><strong>τῶν</strong></span> <span class='ocrx_word' id='word_1_782' title='bbox 1421 4928 1725 4992; x_wconf 83' lang='grc' dir='ltr'>χριστιανῶν</span> <span class='ocrx_word' id='word_1_783' title='bbox 1771 4919 1892 4993; x_wconf 77' lang='grc' dir='ltr'>παρ’</span> 
     </span>
    </p>
   </div>
   <div class='ocr_carea' id='block_1_100' title="bbox 324 5002 1893 5084">
    <p class='ocr_par' dir='ltr' id='par_1_100' title="bbox 324 5002 1893 5084">
     <span class='ocr_line' id='line_1_100' title="bbox 324 5002 1893 5084; baseline 0.005 -28"><span class='ocrx_word' id='word_1_784' title='bbox 324 5006 452 5060; x_wconf 84' lang='grc' dir='ltr'><strong>αύτά</strong></span> <span class='ocrx_word' id='word_1_785' title='bbox 479 5003 560 5060; x_wconf 81' lang='grc' dir='ltr'>διὰ</span> <span class='ocrx_word' id='word_1_786' title='bbox 591 5015 680 5064; x_wconf 76' lang='grc' dir='ltr'>τῆς</span> <span class='ocrx_word' id='word_1_787' title='bbox 718 5015 810 5065; x_wconf 79' lang='grc' dir='ltr'><strong>σῆς</strong></span> <span class='ocrx_word' id='word_1_788' title='bbox 859 5003 1087 5065; x_wconf 80' lang='grc' dir='ltr'>σπουδῆς</span> <span class='ocrx_word' id='word_1_789' title='bbox 1112 5002 1227 5060; x_wconf 78' lang='grc' dir='ltr'>ἄνευ</span> <span class='ocrx_word' id='word_1_790' title='bbox 1249 5010 1381 5068; x_wconf 88' lang='grc' dir='ltr'>τινός</span> <span class='ocrx_word' id='word_1_791' title='bbox 1406 5012 1654 5084; x_wconf 81' lang='grc' dir='ltr'>παρολκῆς</span> <span class='ocrx_word' id='word_1_792' title='bbox 1674 5008 1893 5084; x_wconf 81' lang='grc' dir='ltr'>παραδί-</span> 
     </span>
    </p>
   </div>
   <div class='ocr_carea' id='block_1_101' title="bbox 324 5091 1900 5170">
    <p class='ocr_par' dir='ltr' id='par_1_101' title="bbox 324 5091 1900 5170">
     <span class='ocr_line' id='line_1_101' title="bbox 324 5091 1900 5170; baseline 0.004 -24"><span class='ocrx_word' id='word_1_793' title='bbox 324 5091 499 5147; x_wconf 85' lang='grc' dir='ltr'>δοσθαι</span> <span class='ocrx_word' id='word_1_794' title='bbox 532 5091 713 5155; x_wconf 81' lang='grc' dir='ltr'>δεήσει,</span> <span class='ocrx_word' id='word_1_795' title='bbox 749 5097 832 5147; x_wconf 85' lang='grc' dir='ltr'><strong>καί</strong></span> <span class='ocrx_word' id='word_1_796' title='bbox 875 5093 1043 5152; x_wconf 79' lang='grc' dir='ltr'>ἐπειδὴ</span> <span class='ocrx_word' id='word_1_797' title='bbox 1091 5095 1135 5148; x_wconf 79' lang='lat' dir='ltr'><strong>oi</strong></span> <span class='ocrx_word' id='word_1_798' title='bbox 1180 5097 1320 5150; x_wconf 81' lang='grc' dir='ltr'>αὐτοί</span> <span class='ocrx_word' id='word_1_799' title='bbox 1354 5102 1642 5168; x_wconf 85' lang='grc' dir='ltr'>χριστιανοί</span> <span class='ocrx_word' id='word_1_800' title='bbox 1671 5102 1726 5151; x_wconf 87' lang='grc' dir='ltr'><strong>ού</strong></span> <span class='ocrx_word' id='word_1_801' title='bbox 1752 5101 1900 5170; x_wconf 86' lang='grc' dir='ltr'>μόνον</span> 
     </span>
    </p>
   </div>
   <div class='ocr_carea' id='block_1_102' title="bbox 327 5181 1899 5264">
    <p class='ocr_par' dir='ltr' id='par_1_102' title="bbox 327 5181 1899 5264">
     <span class='ocr_line' id='line_1_102' title="bbox 327 5181 1899 5264; baseline 0.005 -29"><span class='ocrx_word' id='word_1_802' title='bbox 327 5183 537 5243; x_wconf 78' lang='grc' dir='ltr'>ἐκείνους</span> <span class='ocrx_word' id='word_1_803' title='bbox 566 5186 634 5243; x_wconf 85' lang='grc' dir='ltr'><strong>είς</strong></span> <span class='ocrx_word' id='word_1_804' title='bbox 664 5183 746 5244; x_wconf 75' lang='grc' dir='ltr'>οὓς</span> <span class='ocrx_word' id='word_1_805' title='bbox 774 5187 1106 5257; x_wconf 85' lang='grc' dir='ltr'>συνέρχεσθαι</span> <span class='ocrx_word' id='word_1_806' title='bbox 1124 5184 1227 5245; x_wconf 67' lang='grc' dir='ltr'>ἔθος</span> <span class='ocrx_word' id='word_1_807' title='bbox 1252 5181 1419 5255; x_wconf 78' lang='grc' dir='ltr'>εἶχον,</span> <span class='ocrx_word' id='word_1_808' title='bbox 1442 5189 1562 5242; x_wconf 83' lang='grc' dir='ltr'>ἀλλὰ</span> <span class='ocrx_word' id='word_1_809' title='bbox 1590 5194 1674 5244; x_wconf 88' lang='grc' dir='ltr'><strong>καί</strong></span> <span class='ocrx_word' id='word_1_810' title='bbox 1696 5190 1899 5264; x_wconf 79' lang='grc' dir='ltr'>ἐτέρους</span> 
     </span>
    </p>
   </div>
   <div class='ocr_carea' id='block_1_103' title="bbox 327 5273 1898 5350">
    <p class='ocr_par' dir='ltr' id='par_1_103' title="bbox 327 5273 1898 5350">
     <span class='ocr_line' id='line_1_103' title="bbox 327 5273 1898 5350; baseline 0.004 -25"><span class='ocrx_word' id='word_1_811' title='bbox 327 5273 515 5332; x_wconf 85' lang='grc' dir='ltr'>τόπους</span> <span class='ocrx_word' id='word_1_812' title='bbox 559 5274 831 5342; x_wconf 74' lang='grc' dir='ltr'>ἐσχηκέναι</span> <span class='ocrx_word' id='word_1_813' title='bbox 867 5276 1209 5343; x_wconf 68' lang='grc' dir='ltr'>γινώσκονται,</span> <span class='ocrx_word' id='word_1_814' title='bbox 1262 5273 1580 5349; x_wconf 79' lang='grc' dir='ltr'>διαφέροντας</span> <span class='ocrx_word' id='word_1_815' title='bbox 1641 5281 1697 5331; x_wconf 90' lang='grc' dir='ltr'><strong>ού</strong></span> <span class='ocrx_word' id='word_1_816' title='bbox 1766 5282 1898 5350; x_wconf 85' lang='grc' dir='ltr'>πρὸς</span> 
     </span>
    </p>
   </div>
   <div class='ocr_carea' id='block_1_104' title="bbox 330 5363 1894 5439">
    <p class='ocr_par' dir='ltr' id='par_1_104' title="bbox 330 5363 1894 5439">
     <span class='ocr_line' id='line_1_104' title="bbox 330 5363 1894 5439; baseline 0.004 -22"><span class='ocrx_word' id='word_1_817' title='bbox 330 5365 538 5417; x_wconf 84' lang='grc' dir='ltr'>ἕκαστον</span> <span class='ocrx_word' id='word_1_818' title='bbox 564 5367 740 5427; x_wconf 78' lang='grc' dir='ltr'>αὐτῶν,</span> <span class='ocrx_word' id='word_1_819' title='bbox 759 5364 881 5417; x_wconf 84' lang='grc' dir='ltr'><strong>ἀλλά</strong></span> <span class='ocrx_word' id='word_1_820' title='bbox 908 5365 1035 5437; x_wconf 84' lang='grc' dir='ltr'>πρὸς</span> <span class='ocrx_word' id='word_1_821' title='bbox 1060 5367 1115 5419; x_wconf 81' lang='grc' dir='ltr'><strong>τό</strong></span> <span class='ocrx_word' id='word_1_822' title='bbox 1142 5363 1325 5419; x_wconf 82' lang='grc' dir='ltr'>δίκαιον</span> <span class='ocrx_word' id='word_1_823' title='bbox 1353 5372 1440 5421; x_wconf 83' lang='grc' dir='ltr'>τοῦ</span> <span class='ocrx_word' id='word_1_824' title='bbox 1461 5370 1618 5421; x_wconf 74' lang='grc' dir='ltr'>αὐτῶν</span> <span class='ocrx_word' id='word_1_825' title='bbox 1638 5372 1894 5439; x_wconf 77' lang='grc' dir='ltr'>σώματος,</span> 
     </span>
    </p>
   </div>
   <div class='ocr_carea' id='block_1_105' title="bbox 328 5454 1899 5531">
    <p class='ocr_par' dir='ltr' id='par_1_105' title="bbox 328 5454 1899 5531">
     <span class='ocr_line' id='line_1_105' title="bbox 328 5454 1899 5531; baseline 0.004 -25"><span class='ocrx_word' id='word_1_826' title='bbox 328 5454 463 5508; x_wconf 69' lang='grc' dir='ltr'>τοῦτ’</span> <span class='ocrx_word' id='word_1_827' title='bbox 490 5456 601 5509; x_wconf 85' lang='grc' dir='ltr'>ἐστι</span> <span class='ocrx_word' id='word_1_828' title='bbox 630 5460 1089 5527; x_wconf 83' lang='grc' dir='ltr'>τῶν’χριστιανῶν,</span> <span class='ocrx_word' id='word_1_829' title='bbox 1133 5461 1299 5510; x_wconf 81' lang='grc' dir='ltr'>ταῦτα</span> <span class='ocrx_word' id='word_1_830' title='bbox 1336 5457 1501 5509; x_wconf 81' lang='grc' dir='ltr'>πάντα</span> <span class='ocrx_word' id='word_1_831' title='bbox 1541 5458 1625 5510; x_wconf 77' lang='grc' dir='ltr'><strong>έπί</strong></span> <span class='ocrx_word' id='word_1_832' title='bbox 1662 5466 1734 5528; x_wconf 85' lang='grc' dir='ltr'>τῷ</span> <span class='ocrx_word' id='word_1_833' title='bbox 1765 5460 1899 5531; x_wconf 88' lang='grc' dir='ltr'>νόμῳ</span> 
     </span>
    </p>
   </div>
   <div class='ocr_carea' id='block_1_106' title="bbox 325 5541 1902 5619">
    <p class='ocr_par' dir='ltr' id='par_1_106' title="bbox 325 5541 1902 5619">
     <span class='ocr_line' id='line_1_106' title="bbox 325 5541 1902 5619; baseline 0.003 -22"><span class='ocrx_word' id='word_1_834' title='bbox 325 5541 375 5597; x_wconf 74' lang='grc' dir='ltr'>ὅν</span> <span class='ocrx_word' id='word_1_835' title='bbox 398 5548 783 5619; x_wconf 78' lang='grc' dir='ltr'>προειρήκαμεν,</span> <span class='ocrx_word' id='word_1_836' title='bbox 816 5541 944 5613; x_wconf 83' lang='grc' dir='ltr'>δίχα</span> <span class='ocrx_word' id='word_1_837' title='bbox 978 5544 1249 5604; x_wconf 82' lang='grc' dir='ltr'>παντελοῦς</span> <span class='ocrx_word' id='word_1_838' title='bbox 1294 5565 1426 5603; x_wconf 90' lang='grc' dir='ltr'>τινος</span> <span class='ocrx_word' id='word_1_839' title='bbox 1473 5547 1902 5617; x_wconf 81' lang='grc' dir='ltr'>ἀμφισϐητήσεως</span> 
     </span>
    </p>
   </div>
   <div class='ocr_carea' id='block_1_107' title="bbox 326 5629 1902 5707">
    <p class='ocr_par' dir='ltr' id='par_1_107' title="bbox 326 5629 1902 5707">
     <span class='ocr_line' id='line_1_107' title="bbox 326 5629 1902 5707; baseline 0.003 -18"><span class='ocrx_word' id='word_1_840' title='bbox 326 5645 433 5694; x_wconf 86' lang='grc' dir='ltr'>τοῖς</span> <span class='ocrx_word' id='word_1_841' title='bbox 477 5637 647 5693; x_wconf 70' lang='grc' dir='ltr'>αὐτοῖς</span> <span class='ocrx_word' id='word_1_842' title='bbox 690 5642 1037 5705; x_wconf 86' lang='grc' dir='ltr'>χριστιανοῖς,</span> <span class='ocrx_word' id='word_1_843' title='bbox 1081 5635 1219 5687; x_wconf 75' lang='grc' dir='ltr'>τοῦτ’</span> <span class='ocrx_word' id='word_1_844' title='bbox 1260 5629 1369 5689; x_wconf 68' lang='grc' dir='ltr'>ἴστε</span> <span class='ocrx_word' id='word_1_845' title='bbox 1403 5642 1474 5707; x_wconf 86' lang='grc' dir='ltr'>τῷ</span> <span class='ocrx_word' id='word_1_846' title='bbox 1515 5640 1716 5706; x_wconf 84' lang='grc' dir='ltr'>σώματι</span> <span class='ocrx_word' id='word_1_847' title='bbox 1742 5641 1902 5694; x_wconf 78' lang='grc' dir='ltr'>αὐτῶν</span> 
     </span>
    </p>
   </div>
   <div class='ocr_carea' id='block_1_108' title="bbox 325 5721 1895 5795">
    <p class='ocr_par' dir='ltr' id='par_1_108' title="bbox 325 5721 1895 5795">
     <span class='ocr_line' id='line_1_108' title="bbox 325 5721 1895 5795; baseline 0.002 -16"><span class='ocrx_word' id='word_1_848' title='bbox 325 5730 407 5780; x_wconf 79' lang='grc' dir='ltr'>καὶ</span> <span class='ocrx_word' id='word_1_849' title='bbox 450 5736 509 5795; x_wconf 75' lang='grc' dir='ltr'>τῇ</span> <span class='ocrx_word' id='word_1_850' title='bbox 543 5721 735 5793; x_wconf 83' lang='grc' dir='ltr'>συνόδῳ</span> <span class='ocrx_word' id='word_1_851' title='bbox 766 5722 962 5794; x_wconf 74' lang='grc' dir='ltr'>ἑκάστῳ</span> <span class='ocrx_word' id='word_1_852' title='bbox 989 5725 1147 5779; x_wconf 72' lang='grc' dir='ltr'>αὐτῶν</span> <span class='ocrx_word' id='word_1_853' title='bbox 1182 5724 1593 5783; x_wconf 81' lang='grc' dir='ltr'>ἀποκαταστῆναι</span> <span class='ocrx_word' id='word_1_854' title='bbox 1621 5727 1895 5788; x_wconf 80' lang='grc' dir='ltr'>κελεύσεις.</span> 
     </span>
    </p>
   </div>
   <div class='ocr_carea' id='block_1_109' title="bbox 2001 4636 3578 4713">
    <p class='ocr_par' dir='ltr' id='par_1_109' title="bbox 2001 4636 3578 4713">
     <span class='ocr_line' id='line_1_109' title="bbox 2001 4636 3578 4713; baseline 0.01 -25"><span class='ocrx_word' id='word_1_855' title='bbox 2001 4636 2225 4703; x_wconf 68' lang='lat' dir='ltr'><strong>adeant,</strong></span> <span class='ocrx_word' id='word_1_856' title='bbox 2256 4646 2363 4690; x_wconf 92' lang='lat' dir='ltr'><strong>uta</strong></span> <span class='ocrx_word' id='word_1_857' title='bbox 2388 4637 2576 4693; x_wconf 82' lang='lat' dir='ltr'><strong>Nostra</strong></span> <span class='ocrx_word' id='word_1_858' title='bbox 2606 4641 2902 4697; x_wconf 86' lang='lat' dir='ltr'><strong>Serenitate</strong></span> <span class='ocrx_word' id='word_1_859' title='bbox 2934 4644 3071 4697; x_wconf 88' lang='lat' dir='ltr'><strong>ratio</strong></span> <span class='ocrx_word' id='word_1_860' title='bbox 3110 4644 3341 4713; x_wconf 88' lang='lat' dir='ltr'><strong>ipsorum</strong></span> <span class='ocrx_word' id='word_1_861' title='bbox 3372 4647 3578 4703; x_wconf 85' lang='lat' dir='ltr'><strong>habea-</strong></span> 
     </span>
    </p>
   </div>
   <div class='ocr_carea' id='block_1_110' title="bbox 2002 4730 3577 4802">
    <p class='ocr_par' dir='ltr' id='par_1_110' title="bbox 2002 4730 3577 4802">
     <span class='ocr_line' id='line_1_110' title="bbox 2002 4730 3577 4802; baseline 0.009 -19"><span class='ocrx_word' id='word_1_862' title='bbox 2002 4739 2106 4784; x_wconf 86' lang='lat' dir='ltr'><strong>tur.</strong></span> <span class='ocrx_word' id='word_1_863' title='bbox 2139 4730 2304 4796; x_wconf 91' lang='lat' dir='ltr'><strong>Quem</strong></span> <span class='ocrx_word' id='word_1_864' title='bbox 2333 4732 2544 4799; x_wconf 87' lang='lat' dir='ltr'><strong>quidem</strong></span> <span class='ocrx_word' id='word_1_865' title='bbox 2573 4734 2749 4786; x_wconf 89' lang='lat' dir='ltr'><strong>omnia</strong></span> <span class='ocrx_word' id='word_1_866' title='bbox 2780 4736 3014 4802; x_wconf 87' lang='lat' dir='ltr'><strong>protinus</strong></span> <span class='ocrx_word' id='word_1_867' title='bbox 3044 4739 3161 4790; x_wconf 87' lang='lat' dir='ltr'><strong>sine</strong></span> <span class='ocrx_word' id='word_1_868' title='bbox 3192 4739 3291 4791; x_wconf 90' lang='lat' dir='ltr'><strong>ulla</strong></span> <span class='ocrx_word' id='word_1_869' title='bbox 3316 4739 3577 4797; x_wconf 81' lang='lat' dir='ltr'><strong>dilatione</strong></span> 
     </span>
    </p>
   </div>
   <div class='ocr_carea' id='block_1_111' title="bbox 2002 4819 3577 4898">
    <p class='ocr_par' dir='ltr' id='par_1_111' title="bbox 2002 4819 3577 4898">
     <span class='ocr_line' id='line_1_111' title="bbox 2002 4819 3577 4898; baseline 0.008 -25"><span class='ocrx_word' id='word_1_870' title='bbox 2002 4821 2211 4887; x_wconf 88' lang='lat' dir='ltr'><strong>corpori</strong></span> <span class='ocrx_word' id='word_1_871' title='bbox 2236 4819 2655 4875; x_wconf 77' lang='lat' dir='ltr'><strong>Christianorum</strong></span> <span class='ocrx_word' id='word_1_872' title='bbox 2697 4826 2901 4878; x_wconf 89' lang='lat' dir='ltr'><strong>restitui</strong></span> <span class='ocrx_word' id='word_1_873' title='bbox 2947 4836 3031 4879; x_wconf 88' lang='lat' dir='ltr'><strong>tua</strong></span> <span class='ocrx_word' id='word_1_874' title='bbox 3058 4841 3181 4880; x_wconf 85' lang='lat' dir='ltr'><strong>cura</strong></span> <span class='ocrx_word' id='word_1_875' title='bbox 3214 4842 3274 4881; x_wconf 88' lang='lat' dir='ltr'><strong>ac</strong></span> <span class='ocrx_word' id='word_1_876' title='bbox 3300 4829 3577 4898; x_wconf 73' lang='lat' dir='ltr'><strong>diligentia</strong></span> 
     </span>
    </p>
   </div>
   <div class='ocr_carea' id='block_1_112' title="bbox 2002 4912 3577 4982">
    <p class='ocr_par' dir='ltr' id='par_1_112' title="bbox 2002 4912 3577 4982">
     <span class='ocr_line' id='line_1_112' title="bbox 2002 4912 3577 4982; baseline 0.007 -17"><span class='ocrx_word' id='word_1_877' title='bbox 2002 4913 2284 4980; x_wconf 88' lang='lat' dir='ltr'><strong>oportebit.</strong></span> <span class='ocrx_word' id='word_1_878' title='bbox 2314 4912 2382 4965; x_wconf 83' lang='lat' dir='ltr'><strong>Et</strong></span> <span class='ocrx_word' id='word_1_879' title='bbox 2406 4915 2652 4982; x_wconf 91' lang='lat' dir='ltr'><strong>quoniam</strong></span> <span class='ocrx_word' id='word_1_880' title='bbox 2682 4915 2839 4968; x_wconf 89' lang='lat' dir='ltr'><strong>iidem</strong></span> <span class='ocrx_word' id='word_1_881' title='bbox 2864 4916 3147 4971; x_wconf 87' lang='lat' dir='ltr'><strong>Chirstiani</strong></span> <span class='ocrx_word' id='word_1_882' title='bbox 3179 4934 3278 4972; x_wconf 89' lang='lat' dir='ltr'><strong>non</strong></span> <span class='ocrx_word' id='word_1_883' title='bbox 3309 4920 3481 4975; x_wconf 89' lang='lat' dir='ltr'><strong>solum</strong></span> <span class='ocrx_word' id='word_1_884' title='bbox 3510 4936 3577 4977; x_wconf 80' lang='lat' dir='ltr'><strong>ea</strong></span> 
     </span>
    </p>
   </div>
   <div class='ocr_carea' id='block_1_113' title="bbox 2002 5003 3581 5073">
    <p class='ocr_par' dir='ltr' id='par_1_113' title="bbox 2002 5003 3581 5073">
     <span class='ocr_line' id='line_1_113' title="bbox 2002 5003 3581 5073; baseline 0.008 -18"><span class='ocrx_word' id='word_1_885' title='bbox 2002 5003 2116 5056; x_wconf 81' lang='lat' dir='ltr'><strong>loca</strong></span> <span class='ocrx_word' id='word_1_886' title='bbox 2170 5004 2222 5055; x_wconf 91' lang='lat' dir='ltr'><strong>in</strong></span> <span class='ocrx_word' id='word_1_887' title='bbox 2268 5003 2453 5071; x_wconf 90' lang='lat' dir='ltr'><strong>quibus</strong></span> <span class='ocrx_word' id='word_1_888' title='bbox 2492 5007 2775 5060; x_wconf 81' lang='lat' dir='ltr'><strong>convenire</strong></span> <span class='ocrx_word' id='word_1_889' title='bbox 2823 5008 3102 5073; x_wconf 78' lang='lat' dir='ltr'><strong>solebant,</strong></span> <span class='ocrx_word' id='word_1_890' title='bbox 3148 5013 3240 5065; x_wconf 87' lang='lat' dir='ltr'><strong>sed</strong></span> <span class='ocrx_word' id='word_1_891' title='bbox 3271 5013 3428 5065; x_wconf 87' lang='lat' dir='ltr'><strong>etiam</strong></span> <span class='ocrx_word' id='word_1_892' title='bbox 3470 5014 3581 5069; x_wconf 82' lang='lat' dir='ltr'><strong>alia</strong></span> 
     </span>
    </p>
   </div>
   <div class='ocr_carea' id='block_1_114' title="bbox 2007 5092 3582 5171">
    <p class='ocr_par' dir='ltr' id='par_1_114' title="bbox 2007 5092 3582 5171">
     <span class='ocr_line' id='line_1_114' title="bbox 2007 5092 3582 5171; baseline 0.01 -26"><span class='ocrx_word' id='word_1_893' title='bbox 2007 5092 2307 5161; x_wconf 85' lang='lat' dir='ltr'><strong>possedisse</strong></span> <span class='ocrx_word' id='word_1_894' title='bbox 2336 5105 2625 5148; x_wconf 88' lang='lat' dir='ltr'><strong>noscuntur</strong></span> <span class='ocrx_word' id='word_1_895' title='bbox 2648 5136 2661 5159; x_wconf 93' lang='lat'><strong>,</strong></span> <span class='ocrx_word' id='word_1_896' title='bbox 2691 5111 2805 5164; x_wconf 72' lang='lat' dir='ltr'><strong>qua:</strong></span> <span class='ocrx_word' id='word_1_897' title='bbox 2829 5112 2931 5150; x_wconf 90' lang='lat' dir='ltr'><strong>non</strong></span> <span class='ocrx_word' id='word_1_898' title='bbox 2964 5099 3206 5166; x_wconf 86' lang='lat' dir='ltr'><strong>privatim</strong></span> <span class='ocrx_word' id='word_1_899' title='bbox 3240 5101 3304 5156; x_wconf 87' lang='lat' dir='ltr'><strong>ad</strong></span> <span class='ocrx_word' id='word_1_900' title='bbox 3332 5103 3582 5171; x_wconf 83' lang='lat' dir='ltr'><strong>singulos</strong></span> 
     </span>
    </p>
   </div>
   <div class='ocr_carea' id='block_1_115' title="bbox 2006 5184 3584 5257">
    <p class='ocr_par' dir='ltr' id='par_1_115' title="bbox 2006 5184 3584 5257">
     <span class='ocr_line' id='line_1_115' title="bbox 2006 5184 3584 5257; baseline 0.01 -21"><span class='ocrx_word' id='word_1_901' title='bbox 2006 5184 2239 5251; x_wconf 85' lang='lat' dir='ltr'><strong>ipsorqu</strong></span> <span class='ocrx_word' id='word_1_902' title='bbox 2266 5225 2280 5249; x_wconf 89' lang='lat'><strong>,</strong></span> <span class='ocrx_word' id='word_1_903' title='bbox 2313 5184 2405 5238; x_wconf 88' lang='lat' dir='ltr'><strong>sed</strong></span> <span class='ocrx_word' id='word_1_904' title='bbox 2446 5184 2510 5238; x_wconf 90' lang='lat' dir='ltr'><strong>ad</strong></span> <span class='ocrx_word' id='word_1_905' title='bbox 2545 5184 2634 5253; x_wconf 84' lang='lat' dir='ltr'><strong>jus</strong></span> <span class='ocrx_word' id='word_1_906' title='bbox 2661 5191 2899 5255; x_wconf 81' lang='lat' dir='ltr'><strong>corporis</strong></span> <span class='ocrx_word' id='word_1_907' title='bbox 2934 5190 3291 5257; x_wconf 87' lang='lat' dir='ltr'><strong>pertinerent,</strong></span> <span class='ocrx_word' id='word_1_908' title='bbox 3323 5192 3434 5247; x_wconf 61' lang='lat' dir='ltr'><strong>haec</strong></span> <span class='ocrx_word' id='word_1_909' title='bbox 3460 5210 3584 5251; x_wconf 84' lang='lat' dir='ltr'><strong>om-</strong></span> 
     </span>
    </p>
   </div>
   <div class='ocr_carea' id='block_1_116' title="bbox 2006 5275 3587 5350">
    <p class='ocr_par' dir='ltr' id='par_1_116' title="bbox 2006 5275 3587 5350">
     <span class='ocr_line' id='line_1_116' title="bbox 2006 5275 3587 5350; baseline 0.009 -24"><span class='ocrx_word' id='word_1_910' title='bbox 2006 5275 2112 5338; x_wconf 88' lang='lat' dir='ltr'><strong>nia,</strong></span> <span class='ocrx_word' id='word_1_911' title='bbox 2143 5283 2262 5342; x_wconf 85' lang='lat' dir='ltr'><strong>post</strong></span> <span class='ocrx_word' id='word_1_912' title='bbox 2288 5275 2456 5344; x_wconf 88' lang='lat' dir='ltr'><strong>legem</strong></span> <span class='ocrx_word' id='word_1_913' title='bbox 2482 5291 2510 5329; x_wconf 86' lang='lat' dir='ltr'><strong>a</strong></span> <span class='ocrx_word' id='word_1_914' title='bbox 2541 5278 2691 5330; x_wconf 91' lang='lat' dir='ltr'><strong>nobis</strong></span> <span class='ocrx_word' id='word_1_915' title='bbox 2723 5288 3099 5347; x_wconf 87' lang='lat' dir='ltr'><strong>memoratam,</strong></span> <span class='ocrx_word' id='word_1_916' title='bbox 3125 5282 3323 5350; x_wconf 89' lang='lat' dir='ltr'><strong>absque</strong></span> <span class='ocrx_word' id='word_1_917' title='bbox 3346 5282 3447 5337; x_wconf 85' lang='lat' dir='ltr'><strong>ulla</strong></span> <span class='ocrx_word' id='word_1_918' title='bbox 3479 5284 3587 5340; x_wconf 78' lang='lat' dir='ltr'><strong>du—</strong></span> 
     </span>
    </p>
   </div>
   <div class='ocr_carea' id='block_1_117' title="bbox 2006 5367 3590 5445">
    <p class='ocr_par' dir='ltr' id='par_1_117' title="bbox 2006 5367 3590 5445">
     <span class='ocr_line' id='line_1_117' title="bbox 2006 5367 3590 5445; baseline 0.008 -25"><span class='ocrx_word' id='word_1_919' title='bbox 2006 5367 2259 5422; x_wconf 86' lang='lat' dir='ltr'><strong>bitatione</strong></span> <span class='ocrx_word' id='word_1_920' title='bbox 2301 5368 2486 5422; x_wconf 90' lang='lat' dir='ltr'><strong>iisdem</strong></span> <span class='ocrx_word' id='word_1_921' title='bbox 2519 5368 2863 5436; x_wconf 87' lang='lat' dir='ltr'><strong>Christianis,</strong></span> <span class='ocrx_word' id='word_1_922' title='bbox 2898 5372 2995 5425; x_wconf 91' lang='lat' dir='ltr'><strong>hoc</strong></span> <span class='ocrx_word' id='word_1_923' title='bbox 3020 5381 3102 5426; x_wconf 88' lang='lat' dir='ltr'><strong>est</strong></span> <span class='ocrx_word' id='word_1_924' title='bbox 3123 5374 3339 5429; x_wconf 86' lang='lat' dir='ltr'><strong>cuilibet</strong></span> <span class='ocrx_word' id='word_1_925' title='bbox 3363 5378 3590 5445; x_wconf 81' lang='lat' dir='ltr'><strong>corpori</strong></span> 
     </span>
    </p>
   </div>
   <div class='ocr_carea' id='block_1_118' title="bbox 2007 5461 3588 5535">
    <p class='ocr_par' dir='ltr' id='par_1_118' title="bbox 2007 5461 3588 5535">
     <span class='ocr_line' id='line_1_118' title="bbox 2007 5461 3588 5535; baseline 0.008 -23"><span class='ocrx_word' id='word_1_926' title='bbox 2007 5468 2061 5513; x_wconf 91' lang='lat' dir='ltr'><strong>et</strong></span> <span class='ocrx_word' id='word_1_927' title='bbox 2083 5461 2453 5514; x_wconf 88' lang='lat' dir='ltr'><strong>conventiculo</strong></span> <span class='ocrx_word' id='word_1_928' title='bbox 2482 5461 2714 5529; x_wconf 92' lang='lat' dir='ltr'><strong>ipsorum</strong></span> <span class='ocrx_word' id='word_1_929' title='bbox 2758 5466 2961 5517; x_wconf 89' lang='lat' dir='ltr'><strong>restitui</strong></span> <span class='ocrx_word' id='word_1_930' title='bbox 3000 5464 3209 5532; x_wconf 85' lang='lat' dir='ltr'><strong>jubebis</strong></span> <span class='ocrx_word' id='word_1_931' title='bbox 3236 5486 3247 5518; x_wconf 86' lang='lat'><strong>:</strong></span> <span class='ocrx_word' id='word_1_932' title='bbox 3275 5468 3588 5535; x_wconf 79' lang='lat' dir='ltr'><strong>supradicta</strong></span> 
     </span>
    </p>
   </div>
   <div class='ocr_carea' id='block_1_119' title="bbox 2008 5550 3589 5625">
    <p class='ocr_par' dir='ltr' id='par_1_119' title="bbox 2008 5550 3589 5625">
     <span class='ocr_line' id='line_1_119' title="bbox 2008 5550 3589 5625; baseline 0.006 -23"><span class='ocrx_word' id='word_1_933' title='bbox 2008 5550 2210 5603; x_wconf 91' lang='lat' dir='ltr'><strong>scilicet</strong></span> <span class='ocrx_word' id='word_1_934' title='bbox 2236 5552 2440 5604; x_wconf 89' lang='lat' dir='ltr'><strong>ratione</strong></span> <span class='ocrx_word' id='word_1_935' title='bbox 2477 5562 2716 5618; x_wconf 88' lang='lat' dir='ltr'><strong>servata,</strong></span> <span class='ocrx_word' id='word_1_936' title='bbox 2747 5563 2801 5606; x_wconf 91' lang='lat' dir='ltr'><strong>ut</strong></span> <span class='ocrx_word' id='word_1_937' title='bbox 2825 5555 2911 5623; x_wconf 88' lang='lat' dir='ltr'><strong>qui</strong></span> <span class='ocrx_word' id='word_1_938' title='bbox 2943 5570 3001 5607; x_wconf 89' lang='lat' dir='ltr'><strong>ea</strong></span> <span class='ocrx_word' id='word_1_939' title='bbox 3033 5555 3141 5609; x_wconf 90' lang='lat' dir='ltr'><strong>loca</strong></span> <span class='ocrx_word' id='word_1_940' title='bbox 3170 5557 3368 5625; x_wconf 84' lang='lat' dir='ltr'><strong>absque</strong></span> <span class='ocrx_word' id='word_1_941' title='bbox 3398 5558 3589 5612; x_wconf 87' lang='lat' dir='ltr'><strong>redhi-</strong></span> 
     </span>
    </p>
   </div>
   <div class='ocr_carea' id='block_1_120' title="bbox 2012 5640 3595 5709">
    <p class='ocr_par' dir='ltr' id='par_1_120' title="bbox 2012 5640 3595 5709">
     <span class='ocr_line' id='line_1_120' title="bbox 2012 5640 3595 5709; baseline 0.007 -17"><span class='ocrx_word' id='word_1_942' title='bbox 2012 5640 2211 5695; x_wconf 84' lang='lat' dir='ltr'><strong>bitione</strong></span> <span class='ocrx_word' id='word_1_943' title='bbox 2242 5642 2415 5709; x_wconf 90' lang='lat' dir='ltr'><strong>pretii,</strong></span> <span class='ocrx_word' id='word_1_944' title='bbox 2452 5642 2590 5695; x_wconf 82' lang='lat' dir='ltr'><strong>sicut</strong></span> <span class='ocrx_word' id='word_1_945' title='bbox 2618 5642 2812 5696; x_wconf 86' lang='lat' dir='ltr'><strong>dictum</strong></span> <span class='ocrx_word' id='word_1_946' title='bbox 2840 5653 2921 5697; x_wconf 88' lang='lat' dir='ltr'><strong>est</strong></span> <span class='ocrx_word' id='word_1_947' title='bbox 2941 5685 2954 5707; x_wconf 94' lang='lat'><strong>,</strong></span> <span class='ocrx_word' id='word_1_948' title='bbox 2985 5647 3344 5709; x_wconf 83' lang='lat' dir='ltr'><strong>restituerint,</strong></span> <span class='ocrx_word' id='word_1_949' title='bbox 3376 5648 3595 5704; x_wconf 85' lang='lat' dir='ltr'><strong>indem-</strong></span> 
     </span>
    </p>
   </div>
   <div class='ocr_carea' id='block_1_121' title="bbox 2011 5730 3592 5809">
    <p class='ocr_par' dir='ltr' id='par_1_121' title="bbox 2011 5730 3592 5809">
     <span class='ocr_line' id='line_1_121' title="bbox 2011 5730 3592 5809; baseline 0.008 -27"><span class='ocrx_word' id='word_1_950' title='bbox 2011 5730 2225 5784; x_wconf 81' lang='lat' dir='ltr'><strong>uitatem</strong></span> <span class='ocrx_word' id='word_1_951' title='bbox 2253 5745 2400 5785; x_wconf 89' lang='lat' dir='ltr'><strong>suam</strong></span> <span class='ocrx_word' id='word_1_952' title='bbox 2432 5745 2459 5784; x_wconf 85' lang='lat' dir='ltr'><strong>a</strong></span> <span class='ocrx_word' id='word_1_953' title='bbox 2489 5740 2668 5786; x_wconf 86' lang='lat' dir='ltr'><strong>nostra</strong></span> <span class='ocrx_word' id='word_1_954' title='bbox 2709 5732 3031 5802; x_wconf 87' lang='lat' dir='ltr'><strong>benignitate</strong></span> <span class='ocrx_word' id='word_1_955' title='bbox 3057 5744 3383 5805; x_wconf 82' lang='lat' dir='ltr'><strong>exspectent.</strong></span> <span class='ocrx_word' id='word_1_956' title='bbox 3408 5738 3592 5809; x_wconf 76' lang='lat' dir='ltr'><strong>Atque</strong></span> 
     </span>
    </p>
   </div>
  </div>
