3876 6218
445 302 539 358 111

1694 284 2135 346 CONSTANTINI
2172 283 2381 342 MAGNI

3551 289 3644 342 ιη

440 409 751 481 pervideris,
783 409 867 462 vel
897 420 1118 476 quorum
1147 404 1384 459 lineredes
1410 401 1692 458 incolumia
1717 404 1944 458 retinent
1965 412 1990 439 α
2020 406 2065 464 Α
2095 409 2240 454 rant'1
2281 398 2569 464 debitoris,
2609 413 2726 451 cum
2767 398 3039 467 pecuniam
3074 397 3152 453 rei
3201 396 3450 467 publica“
3478 413 3644 454 suine-

447 501 778 570 patrimonia,
829 505 1000 551 sortes
1056 493 1398 549 Kalendariib
1449 508 1790 562 perseverare
1841 492 2000 546 debe-

447 593 598 655 bunt,
650 590 719 643 ita
771 597 942 642 tamen
985 597 1039 639 ut
1082 586 1280 641 annuas
1328 600 1511 638 usuras
1549 585 1657 638 suis
1709 583 2000 652 quibusque

451 681 776 750 temporibus
803 679 1095 744 exsolvant,
1127 693 1246 731 cum
1274 678 1425 730 sitnul
1458 685 1510 731 et
1531 677 1605 730 rei
1629 676 1846 744 publica:
1874 676 2001 730 utile

449 774 536 836 sit,
581 771 805 824 retinere
837 770 1051 823 idoneos
1080 767 1343 821 debitores
1385 774 1439 821 et
1477 767 1571 834 ipsi
1612 764 1998 829 commodunw,

449 861 715 916 cumulum
747 859 905 912 debiti
938 858 1151 911 minimc
1182 856 1386 909 nutriri.
1421 855 1447 925 §
1477 856 1522 906 1.
1553 853 1656 908 litd
1694 855 1814 923 quia
1855 853 2000 908 nefas

453 961 556 1017 est,
585 949 825 1005 obnoxiis
851 949 1156 1018 corporibus
1195 946 1434 1000 alienatis
1477 943 1836 998 circumscribi
1875 944 2000 996 civi-

453 1051 606 1105 tates,
653 1041 868 1109 placuit,
909 1040 951 1093 si
993 1040 1118 1107 qui°
1160 1036 1366 1090 debitor
1412 1035 1488 1088 rei
1528 1034 1744 1103 publica:
1779 1034 2001 1087 civitatis

454 1131 716 1200 quidpiam
742 1144 806 1184 ex
831 1144 895 1184 eo
916 1125 1251 1196 patrimonio,
1284 1123 1422 1194 quod
1453 1123 1650 1186 habuit,
1680 1139 1798 1177 cum
1838 1137 2001 1191 pecu-

453 1222 594 1275 niam
622 1220 696 1274 rei
728 1220 944 1287 publicze
970 1227 1222 1281 sumeret,
1247 1214 1539 1277 donaverit,
1569 1215 1650 1269 vel
1680 1212 1996 1279 distraxerit,

452 1311 536 1364 vel
565 1309 794 1378 qualibet
823 1309 874 1363 in
903 1308 1060 1362 alium
1083 1307 1286 1362 ratione
1323 1305 1622 1368 contulerit,
1651 1304 1900 1374 qualitate
1924 1305 2002 1358 rei

451 1398 725 1456 alienata:f
757 1407 1225 1469 perspecta,atque
1244 1397 1484 1451 omnibus
1514 1395 1761 1449 debitoris
1788 1394 2004 1448 faculta-

453 1493 590 1546 tibus
616 1490 977 1555 consideratis,
1019 1503 1148 1558 quas
1182 1486 1384 1552 habuit,
1409 1501 1526 1540 cum
1567 1485 1614 1539 ei
1644 1484 1862 1553 pecunia
1889 1499 2004 1539 cre-

453 1582 730 1644 dereturs,
768 1597 862 1649 pro
889 1591 999 1634 rata
1028 1582 1095 1634 ab
1122 1594 1204 1643 eo,
1235 1576 1326 1647 qui
1353 1591 1418 1631 ex
1460 1576 1712 1631 debitoris
1737 1574 2004 1629 facultati-

450 1671 552 1724 bus
577 1670 774 1734 aliquid
795 1668 1013 1733 detinet,
1041 1683 1107 1722 ex
1133 1677 1276 1721 sorte
1296 1665 1323 1703 ιι
1346 1677 1500 1735 atque
1526 1666 1700 1719 usuris
1726 1665 2001 1734 postulari.

447 1760 631 1829 Itaque
678 1761 880 1828 quoties
929 1759 1101 1812 minus
1147 1757 1389 1812 idoneum
1436 1755 1843 1824 deprehenditur
1888 1755 2001 1823 ejus
2031 1763 2076 1822 Β

449 1850 823 1920 patrimonium
846 1889 860 1914 ,
901 1848 1051 1916 cujus
1082 1863 1272 1901 nomen
1312 1845 1623 1900 Kalendario
1653 1845 1876 1899 civitatis
1906 1845 1996 1897 ali-

450 1941 602 2008 cujus
643 1938 946 1994 invenituri
992 1939 1274 1993 obnoxium
1299 1978 1313 2004 ,
1349 1937 1510 2006 judex
1547 1936 1692 1990 omni
1720 1935 2001 2005 diligentia

448 2032 820 2088 sollicitudinei
860 2030 1073 2085 debebit
1098 2030 1380 2098 inquirere,
1425 2029 1488 2082 ad
1521 2043 1650 2096 quos
1679 2044 1741 2080 ex
1772 2027 2006 2096 qualibet

449 2123 753 2177 conditione
797 2121 1097 2174 transierint
1144 2120 1393 2172 debitoris
1417 2109 1442 2154 ¹έ
1488 2117 1783 2181 facultates,
1813 2127 1869 2170 ut
1896 2117 2004 2171 sin-

448 2213 560 2282 guli
597 2224 746 2280 aequa
784 2209 1127 2264 mstimatione
1169 2208 1343 2262 habita
1379 2222 1472 2275 pro
1511 2217 1620 2260 rata
1660 2222 1835 2260 rerum
1878 2221 2006 2274 quas

448 2303 740 2373 possident.
756 2300 1154 2363 conveniantur,
1167 2298 1496 2366 personalem
1517 2295 1528 2333 ¹
1553 2297 1808 2350 actionem
1825 2306 2004 2350 contra

449 2408 571 2447 eum
601 2389 824 2444 habituri
845 2389 1160 2451 debitorem,
1189 2388 1278 2456 qui
1304 2387 1431 2457 ipsis
1461 2386 1784 2441 solventibus
1811 2387 2007 2441 libera.

449 2491 573 2546 tur;
607 2481 672 2533 ab
697 2494 761 2533 eo
789 2489 963 2532 autem
1008 2493 1038 2530 a
1063 2493 1166 2546 quo
1201 2486 1405 2530 constat
1432 2477 1756 2530 fortunarum
1793 2490 2005 2530 suarum

446 2579 652 2643 partem
682 2568 960 2622 maximam
991 2566 1294 2629 recessisse,
1325 2566 1482 2620 etiam
1512 2567 1767 2635 reliquam
1807 2566 2008 2636 portio-

448 2677 595 2724 nem,
616 2675 730 2723 qua:
755 2658 890 2726 apud
917 2674 1035 2712 eum
1064 2657 1338 2721 resederit,
1371 2657 1645 2711 transferri
1673 2658 1736 2711 ad
1765 2658 2006 2710 idoneum

451 2749 733 2819 oportebit.
765 2748 790 2816 §
815 2748 867 2800 2.
897 2747 1044 2814 Quod
1071 2746 1116 2799 si
1143 2745 1442 2816 quispiam!n
1457 2745 1662 2800 debitor
1688 2747 1762 2799 rei
1793 2744 2010 2814 publica:

453 2839 677 2895 civitatis
703 2839 829 2891 [isco
852 2849 1031 2890 nostro
1058 2839 1226 2889 locum
1258 2837 1460 2901 fecerit,
1490 2849 1754 2905 emptores
1774 2836 2006 2904 quidem,

454 2929 547 3000 qui
575 2944 638 2982 ex
671 2929 797 2982 fisco
839 2927 1050 2980 nostro”
1079 2927 1519 2994 comparaverint,
1563 2926 1894 2980 manifestum
1931 2935 2013 2980 est

452 3019 743 3075 secundum
767 3019 853 3086 jus
897 3024 1043 3070 vetus
1087 3025 1141 3070 et
1180 3016 1435 3084 rescripta
1463 3015 1731 3069 divorum°
1763 3015 2016 3069 conSIitu-

455 3109 730 3179 tionesque
781 3116 987 3163 nostras
1045 3108 1238 3162 nullam
1279 3109 1473 3162 debere
1520 3107 1812 3162 molestiam
1855 3108 2013 3162 susti-
2039 3109 2083 3170 C

456 3213 586 3252 nere
604 3208 650 3257 ν,
682 3213 798 3250 eum
850 3197 1003 3263 hujus
1042 3196 1185 3250 modi
1229 3196 1436 3250 casibus
1463 3213 1569 3250 rent
1613 3197 1872 3264 publicam
1905 3198 2014 3266 plao

463 3287 633 3343 cuerit
660 3286 875 3340 fortuita
903 3287 1175 3353 dispendia
1207 3288 1501 3349 sustinere;
1542 3288 1628 3356 qui
1667 3303 1792 3341 vero
1821 3288 2015 3356 aliquid

461 3393 526 3432 ex
549 3377 782 3443 ejusdem
806 3377 955 3429 bonis
979 3375 1245 3444 principali
1276 3376 1584 3429 liberalitate
1611 3376 1800 3429 fuerint
1826 3392 2015 3431 conse-

464 3466 573 3520 cuti
605 3466 750 3533 juxta
794 3465 959 3533 lcgetn
1002 3465 1156 3517 latam
1204 3464 1414 3518 obnoxii
1461 3472 1614 3517 erunt
1655 3464 1731 3517 rei
1777 3466 2015 3532 publicae,

464 3554 643 3608 habita
671 3553 953 3608 solidarum
979 3554 1276 3607 facultatum
1314 3553 1736 3608 consideratione
1761 3569 1877 3623 quae
1907 3553 2021 3608 fue-

539 3754 562 3781 ιι
601 3745 672 3798 lta
713 3745 744 3798 ι
778 3746 908 3799 Cod.
935 3747 1066 3799 Just.
1099 3745 1230 3799 Edd.
1263 3747 1492 3810 retinere,
1525 3761 1601 3798 sc.
1647 3747 1934 3812 pervideris.
1964 3747 2018 3799 In

463 3815 581 3869 cod.
611 3815 644 3868 4
670 3831 718 3866 ν.
748 3817 953 3868 retinent
985 3817 1122 3868 clare
1155 3814 1486 3876 discernitur,
1519 3814 1608 3868 sed
1641 3816 1752 3869 lere
1773 3817 2016 3880 evanuit;

471 3894 739 3938 corrector
763 3886 922 3937 rubro
942 3885 1115 3938 colore
1137 3883 1443 3950 superduxit
1467 3886 1693 3946 retinere,
1722 3888 1876 3939 male.

536 3952 562 3990 δ
604 3953 730 4005 Cod.
754 3953 888 4006 Just.
917 3954 1217 4020 reipublicae.

539 4031 560 4058 ε
589 4021 716 4073 Cod.
773 4021 906 4074 Just.
947 4022 1067 4088 ipsis
1109 4023 1172 4074 sit
1218 4022 1549 4076 commodum.
1593 4022 1714 4078 Go.:
1751 4041 1768 4073 ι
1805 4024 2020 4079 Scilicet

466 4091 549 4150 sit,
578 4093 676 4144 ἀπὸ
699 4097 788 4145 τοῦ
816 4097 997 4144 κοινοῦ.
1036 4109 1053 4141 s

536 4157 560 4196 ά
602 4159 712 4213 Fol.
744 4161 876 4214 “286*!l
905 4160 1024 4213 cod.
1052 4161 1103 4212 4.
1134 4160 1312 4214 Rubro
1336 4161 1434 4213 col.
1478 4160 1530 4213 in
1561 4161 1678 4215 cod.
1721 4162 1756 4215 4
1795 4177 1898 4216 em.
1933 4179 2020 4216 nec

502 4242 575 4283 σε.

476 4230 575 4368 fug:-
601 4298 724 4368 Cod
753 4298 884 4351 Just.
909 4298 950 4350 si
975 4298 1103 4368 quis.
1127 4297 1404 4368 Go.-—Rif.
1430 4299 1619 4351 debitor
1642 4299 1944 4368 Republicaz.

542 4365 561 4402 ί
602 4367 635 4420 4
674 4366 906 4430 alienata,
935 4382 965 4419 a
997 4367 1118 4420 libr.
1154 4382 1291 4421 corr.
1322 4367 1565 4420 alienatur.
1598 4365 1783 4436 Cujﬂ,
1814 4371 1866 4422 2·
1896 4370 2020 4423 alie-

474 4451 614 4489 nare.

540 4514 565 4549 8
606 4506 636 4558 4
665 4506 1018 4568 credideretur,
1036 4506 1196 4559 rubro
1225 4506 1326 4560 col.
1355 4521 1457 4559 em.
1486 4508 1785 4561 crederetur.

538 4571 564 4608 ιι
602 4577 635 4626 lt
674 4575 886 4628 detinent
932 4590 993 4627 ea:
1037 4586 1171 4640 orte,
1214 4575 1373 4629 rubro
1412 4577 1513 4630 col.
1557 4592 1696 4631 corr.
1731 4580 1911 4633 detinet
1964 4596 2024 4634 ea:

473 4653 620 4696 δοντα.

545 4712 558 4748 ί
605 4712 734 4784 God.
775 4711 910 4766 Just.
956 4715 1098 4784 cujus
1142 4729 1317 4767 nomen
1358 4715 1542 4767 civitati
1581 4717 1735 4769 alicui
1776 4719 2024 4771 invenitur

477 4783 764 4835 obnoxium.

549 4855 560 4899 t
595 4851 725 4923 Cod.
765 4851 900 4923 Just.
923 4852 1085 4919 judea:
1120 4854 1251 4905 omni
1291 4853 1548 4923 diligentia
1587 4863 1630 4907 et
1658 4856 2018 4910 sollicitudine.

471 4919 570 4974 Co.
595 4919 678 4972 Ri.
704 4921 986 4987 iniquirere.

471 5057 506 5109 ὀ
537 4987 637 5109 :14
670 4991 923 5069 transierit
958 4990 1221 5056 debitores,
1261 4991 1424 5046 rubro
1456 4993 1556 5046 col.
1594 5007 1705 5061 rep.
1734 4996 2022 5049 transierint

510 5074 534 5109 ε
567 5076 580 5109 ι
606 5075 725 5109 οτη.

510 5066 725 5110 ebitoris.

545 5125 564 5164 ι
607 5126 704 5181 Go.
734 5129 1064 5195 porsanalem,
1096 5131 1363 5185 mendose.

544 5225 583 5252 ιη
618 5216 733 5270 Fol.
758 5217 890 5271 “286b
914 5218 1028 5272 cod.
1058 5220 1109 5273 4.

537 5316 582 5382 τι-
604 5308 733 5362 Cod.
765 5309 898 5363 Just.
931 5322 1170 5382 emptores
1199 5315 1281 5382 qui
1306 5331 1336 5365 α
1363 5315 1484 5381 ﬁsco
1512 5324 1696 5369 nostra.
1726 5317 1893 5372 Etiam
1920 5319 2026 5374 Go.

478 5392 540 5430 ea:
569 5377 943 5443 interpretatur
965 5377 1081 5434 eSse
1103 5398 1152 5433 a.

540 5476 564 5502 ο
606 5467 816 5547 lnNCod.
852 5469 989 5547 Just.
1021 5470 1141 5524 add.
1201 5473 1509 5547 principum,
1540 5475 1630 5529 sed
1650 5490 1758 5547 om.
1789 5493 1873 5546 ap.
1909 5477 2023 5547 Cuj.

474 5536 612 5591 ltaro
638 5537 880 5591 dicuntur
904 5538 1251 5605 imperatores
1277 5536 1583 5609 simpliciter
1608 5545 1727 5596 divi.

535 5637 563 5680 1)
601 5626 730 5682 Cod.
755 5628 889 5682 Just.
923 5642 1029 5684 om.
1057 5644 1174 5699 sqq.
1205 5645 1370 5700 usque
1395 5631 1459 5685 ad
1485 5647 1531 5685 ν.
1566 5635 1845 5704 exigantur.

2099 499 2199 555 ret,
2230 498 2284 541 ut
2315 503 2406 556 pro
2433 497 2544 540 rata
2573 485 2835 555 corporis,
2866 501 2969 555 quo
2998 502 3060 541 ex
3095 487 3334 556 largitate
3361 497 3535 541 nostra
3563 503 3643 542 rc-

2099 577 2287 642 tiuent,
2316 584 2700 644 competentem
2745 575 2904 630 sortis
2945 576 3103 644 atque
3133 590 3409 629 usurarum
3455 587 3643 644 partem

2100 668 2394 738 exigantur.
2424 667 2450 737 §
2481 669 2532 721 5.
2567 667 2714 733 Quod
2744 668 2786 720 si
2811 667 2930 736 quis
2960 666 3202 720 debitorc
3230 682 3334 720 non
3357 681 3649 734 comparue-

2089 755 2218 824 ritd,
2241 759 2322 812 vel
2346 765 2491 812 certe
2515 759 2585 811 ita
2608 756 2782 811 omnia
2812 772 2904 810 sua
2934 767 2955 794 ο
2987 755 3392 825 cmusutnpserit,
3422 765 3478 809 ut
3502 769 3646 811 nemo

2100 850 2323 917 aliquam
2353 865 2461 903 rem
2494 865 2556 903 ex
2587 848 2700 917 ejus
2734 849 2885 902 bonis
2916 849 3199 917 possideat,
3225 848 3273 900 id
3296 846 3531 917 quoquer
3560 847 3646 901 de-

2100 937 2262 992 bitum
2289 938 2534 992 convenit
2551 938 2616 992 ad
2639 937 2965 1007 dispendium
2993 937 3071 991 rei
3098 937 3348 1006 publicas
3372 937 3645 1005 pertinere.

2105 1028 2328 1097 Ideoque
2365 1029 2597 1096 periculo
2636 1028 2894 1083 curatoris
2942 1026 3274 1083 Kalendariill
3303 1038 3356 1083 et
3385 1025 3650 1096 magistra-

2102 1129 2244 1172 tuum
2274 1127 2327 1172 et
2349 1127 2643 1176 creatorum
2670 1118 2804 1188 apud
2836 1117 3085 1173 idoneosi
3119 1117 3201 1172 vel
3230 1118 3472 1172 dominos
3500 1117 3652 1171 rusti-

2101 1220 2280 1262 corum
2324 1207 2637 1274 przediorum
2686 1209 2905 1277 pecunia
2947 1209 3250 1265 collocanda
3278 1218 3378 1264 est.
3412 1209 3527 1264 PP.
3567 1208 3649 1276 lll,

2102 1294 2226 1350 Kal.
2257 1295 2409 1350 Febr.
2452 1296 2743 1351 Volusianoi
2787 1306 2832 1350 et
2860 1298 3088 1352 Anniana
3117 1313 3246 1353 coss.
3275 1297 3446 1368 (5M).

2645 1425 2711 1465 DE
2738 1423 3112 1465 DlLATIONlBUS.‘

2172 1521 2200 1574 1
2208 1539 2310 1594 mp.
2328 1521 2685 1578 Constantinus
2700 1526 2760 1577 Α.
2779 1524 2847 1576 ad
2864 1523 3047 1578 Ursum
3058 1523 3366 1578 Vicariumk.
3382 1524 3437 1580 Si
3457 1525 3654 1594 quando

2104 1612 2220 1680 quis
2243 1612 2554 1682 rescriptum
2583 1614 2649 1670 ad
2675 1613 3147 1669 extraordinarium
3172 1615 3400 1683 judicem
3426 1625 3656 1684 reporta—

2105 1703 2269 1768 verit,
2302 1705 2482 1760 dilatio
2508 1706 2555 1760 ei
2585 1707 2793 1775 penitus
2820 1706 3121 1776 deneganda
3161 1705 3180 1744 ι
3216 1717 3317 1762 est.
3347 1707 3425 1761 Illi
3455 1718 3623 1762 autem
3642 1748 3655 1771 ,

2104 1792 2190 1860 qui
2219 1793 2271 1846 in
2323 1793 2578 1862 judicium
2622 1804 2857 1859 vocatur,
2907 1795 3076 1849 danda
3115 1805 3195 1850 est
3239 1796 3304 1850 ad
3351 1797 3657 1864 probandaIn

2102 1898 2316 1952 precum
2350 1886 2619 1940 mendacia
2641 1887 2723 1940 vel
2758 1886 3068 1954 proferenda
3098 1887 3272 1957 aliqua
3313 1888 3657 1943 instrumenta

2101 1974 2406 2038 vel-testes,
2439 1977 2683 2044 quoniam
2714 1978 2998 2031 instructus
3041 1993 3156 2033 esse
3187 1995 3289 2032 non
3343 1981 3545 2046 potuit,
3573 1978 3657 2046 qui

2102 2072 2294 2132 printer
2316 2079 2462 2132 spem
2491 2066 2553 2118 ad
2592 2066 2822 2120 alienum
2861 2066 3090 2134 judiccm
3114 2077 3140 2102 η
3174 2068 3419 2121 trahitur.
3448 2067 3568 2122 Dat.
3600 2069 3658 2123 ll.

2106 2151 2246 2206 Non.
2279 2153 2432 2206 Mart.
2463 2155 2736 2208 Volusiano
2761 2163 2783 2190 ο
2819 2164 2862 2209 et
2892 2156 3126 2209 Anniana
3153 2154 3295 2210 Cass.
3325 2156 3496 2227 (3H).

2177 2242 2626 2298 INTERPRETATIO.
2677 2245 2886 2309 Quando
2933 2247 2993 2299 ab
3022 2248 3187 2315 aliquo
3233 2247 3462 2315 principe
3491 2259 3518 2297 Ρ
3545 2264 3667 2316 prte-

2107 2333 2265 2402 ceptio
2291 2335 2441 2400 fuerit
2465 2345 2664 2402 sperata
2691 2375 2703 2398 ,
2737 2343 2788 2386 ut
2821 2335 2887 2388 ad
2926 2338 3082 2388 alium
3106 2337 3327 2405 judicent
3348 2377 3363 2401 ,
3407 2354 3559 2406 quant
3590 2337 3668 2390 cui

2105 2423 2403 2475 commissus
2430 2434 2536 2486 est,
2583 2423 2923 2478 adversarium
2967 2442 3116 2479 suum
3143 2427 3399 2497 pertraltat
3452 2428 3662 2481 audien-

2108 2511 2228 2562 dum
2254 2553 2266 2575 ,
2298 2513 2423 2564 sicut
2449 2514 2534 2566 ille
2593 2516 2678 2581 qui
2709 2520 2888 2582 petitor
2915 2525 3016 2582 est,
3061 2517 3289 2570 inducias
3341 2519 3384 2570 si
3433 2520 3660 2587 petierit,

2109 2603 2334 2670 accipere
2357 2619 2456 2655 non
2483 2604 2623 2656 debet
2653 2615 2701 2669 (ι,
2727 2607 2797 2658 ita
2821 2607 2935 2671 illi,
2967 2608 3052 2674 qui
3071 2608 3137 2660 ad
3167 2609 3422 2679 judicium
3464 2610 3674 2664 adduci-

2111 2699 2211 2754 tur,
2244 2691 2420 2744 dilatio
2450 2695 2602 2760 petita
2632 2703 2652 2732 τ
2693 2711 2791 2747 non
2835 2705 3058 2766 negetur,
3109 2708 3161 2750 ut
3207 2699 3410 2767 facilius
3460 2708 3549 2752 aut
3593 2716 3675 2769 per

2111 2781 2411 2850 scripturam
2443 2795 2530 2837 (tut
2559 2801 2645 2854 per
2690 2795 2832 2839 testes
2860 2788 3068 2854 probare
3095 2789 3286 2854 valeat,
3329 2791 3475 2844 illum
3512 2811 3544 2844 ιι
3584 2807 3674 2860 quo

2112 2872 2340 2939 pulsatus
2376 2883 2447 2926 est
2475 2914 2488 2938 ,
2519 2875 2651 2941 falsa
2672 2877 3036 2944 supplicatione
3057 2881 3294 2933 meruisse
3311 2920 3325 2944 ,
3351 2882 3488 2948 quod
3514 2882 3670 2952 petiit.

2607 3004 2673 3040 ne
2715 3004 3079 3044 NAVICULARIIS
3115 2989 3185 3044 ίε.

2187 3074 2320 3144 Imp.
2347 3076 2700 3132 Constantinus
2735 3079 2752 3113 ί
2791 3079 2848 3130 Α.
2894 3080 2960 3132 ad
3004 3078 3405 3136 Volusianum...
3444 3091 3472 3118 υ
3498 3082 3558 3139 Si
3588 3098 3678 3139 na-

2187 3225 2228 3299 °_
2252 3219 2303 3282 4,
2336 3220 2434 3273 Til.
2457 3250 2528 3259 —
2552 3220 2665 3273 Ri“.
2700 3220 2884 3288 fuerat,
2910 3222 3063 3277 male.
3098 3222 3258 3278 flecte
3287 3222 3382 3280 Be.
3415 3239 3530 3295 rep.
3571 3230 3677 3299 (ue:

2115 3297 2284 3429 Mitt-lt
2311 3358 2524 3423 publice.
2554 3359 2710 3413 rubro
2738 3361 2842 3413 col.
2871 3375 2974 3415 em.
3011 3362 3240 3429 publicae.

2194 3436 2214 3460 ε
2255 3426 2352 3481 Go.
2382 3429 2624 3481 debitores
2651 3444 2754 3482 err.

2189 3493 2214 3528 ιι
2253 3496 2562 3579 Ιιαόητὶοὶ.
2604 3498 2695 3579 B‘e.
2724 3498 2855 3579 God:
2887 3499 3045 3579 Justl‘,
3076 3513 3239 3554 recte.
3272 3501 3390 3569 Cuj.
3427 3503 3673 3579 l—_Ri‘.

2120 3568 2483 3630 conparaverit,
2516 3567 2710 3633 inepte,
2739 3578 2790 3619 ct
2815 3567 2967 3621 Rein.
3003 3569 3103 3624 Go.
3131 3585 3235 3624 em.
3263 3567 3607 3639 con'paruerit.

2195 3642 2217 3668 ε’
2260 3634 2385 3686 Cod.
2411 3634 2544 3687 Just.
2569 3635 2735 3687 omnia
2763 3653 2854 3688 sua
2882 3639 2972 3689 ita.

2198 3699 2215 3737 τ
2259 3702 2385 3755 Cod.
2417 3704 2549 3775 Just.
2581 3719 2685 3757 om.
2718 3721 2926 3775 quoque.

2193 3780 2216 3816 ὅ
2258 3776 2290 3823 4
2328 3774 2538 3835 publice.

2195 3837 2222 3874 ἰ
2257 3842 2290 3893 4
2328 3841 2604 3905 kalendari,
2629 3844 2787 3896 rubro
2809 3847 2910 3898 col.
2939 3860 3042 3899 em.
3076 3849 3374 3904 kalendarii.

2202 3907 2215 3944 ί
2249 3907 2387 3989 Cod.
2419 3911 2553 3965 Just.
2584 3922 2736 3966 tnutt.
2763 3929 2849 3966 vv.
2878 3914 3100 3985 Ideoque
3137 3935 3256 3971 cura
3284 3920 3442 3989 patris
3469 3920 3684 3975 civitatis

2123 3980 2257 4045 apud
2284 3980 2504 4032 idoneos.

2196 4048 2209 4095 i
2260 4049 2348 4101 Be.
2376 4049 2495 4101 addi
2524 4050 2651 4102 vult.
2684 4051 2746 4104 ll.
2769 4053 3050 4107 Go.—Ri'.
3078 4057 3290 4109 Aniano.

2191 4116 2213 4153 ¹ί
2252 4118 2312 4170 15
2370 4116 2499 4170 Ursa
2555 4118 2769 4173 Vicario.
2826 4122 2893 4176 27
2946 4126 3011 4176 ad
3049 4127 3307 4179 adversum
3354 4128 3446 4180 uic.
3503 4126 3608 4183 Go.
3633 4129 3684 4182 in

2123 4203 2315 4263 cernat.
2348 4189 2526 4263 reponi
2549 4191 2734 4263 vultad
2765 4190 2948 4263 Verani
2979 4193 3061 4245 Vi.
3087 4194 3536 4263 Clariuleirum
3563 4198 3687 4252 Cla-

2121 4256 2406 4328 rissinium)
2430 4297 2443 4319 ,
2471 4265 2561 4328 aut
2588 4259 2652 4328 ad
2682 4258 2864 4311 Verum
2897 4261 3156 4315 Vicarium
3179 4305 3193 4328 ,
3239 4265 3288 4316 in
3338 4256 3476 4319 notis
3505 4275 3682 4322 autem

2128 4326 2210 4378 Vi.
2235 4324 2511 4397 Cl_ar_um._i.
2528 4343 2574 4379 e.
2603 4327 2780 4380 Virum
2793 4324 3242 4397 Clarissimum,’e.
3259 4341 3311 4386 et
3329 4336 3378 4385 in
3392 4333 3595 4388 Chron.
3621 4335 3686 4389 ad

2121 4411 2171 4466 a_.
2206 4393 2307 4466 alii
2344 4393 2406 4445 V.
2445 4392 2503 4446 C.
2530 4435 2542 4457 ,
2587 4404 2776 4466 putans
2833 4407 3047 4463 propter
3091 4392 3175 4466 ep'.
3232 4403 3572 4458 Constantini
3621 4404 3685 4458 ad

2041 4460 2093 4518 D
2117 4463 2434 4534 Cecilianuun
2465 4479 2551 4534 ap.
2586 4460 2867 4522 Eusebium
2891 4460 2941 4520 Χ
2963 4509 2976 4534 ,
3006 4469 3058 4533 6,
3103 4460 3244 4525 hunc
3292 4471 3485 4526 Ursum
3519 4477 3685 4528 ratio-

2125 4533 2294 4587 nalem
2321 4531 2510 4585 Africae
2536 4533 2715 4588 fuisse.

2199 4602 2215 4639 1
2254 4602 2317 4654 15
2345 4603 2590 4671 neganda.

2193 4681 2230 4708 ιιι
2261 4671 2389 4724 Cod.
2423 4671 2554 4724 Just.
2603 4673 2947 4738 improbanda,
2995 4690 3196 4733 errore.
3227 4678 3309 4733 Cf.
3359 4681 3608 4738 Gebaner
3633 4692 3689 4739 et

2123 4741 2343 4794 Dirksen
2371 4740 2406 4792 l.
2433 4755 2479 4792 c.
2511 4743 2706 4806 p.417.

2194 4819 2220 4845 ιι
2247 4809 2373 4883 Cod.
2402 4808 2540 4883 Just.
2546 4813 2830 4883 judicium.
2859 4815 2924 4870 15
2943 4817 3062 4883 jud.
3088 4818 3394 4873 trahebatur.

2195 4888 2218 4913 ο
2246 4878 2360 4954 Cuj.
2394 4878 2418 4930 1
2451 4878 2636 4954 -—_-__Be.
2660 4880 2851 4954 Volusi
2872 4923 2886 4944 ,
2917 4878 3008 4954 sed
3039 4885 3152 4954 Cuj.
3185 4889 3219 4939 2
3250 4889 3299 4941 in
3345 4904 3486 4943 corr.
3523 4890 3692 4945 Volu-

2123 4949 2284 5018 siano.
2315 4948 2404 5001 Bc.
2436 4949 2554 5002 addi
2586 4951 2700 5003 vult
2729 4951 2788 5004 Il.
2819 4953 2906 5018 15,
2938 4953 3024 5007 W.
3056 4948 3184 5010 Cdtl.
3209 4957 3344 5011 Just.
3381 4959 3686 5015 Volusiano.

2123 5017 2189 5070 27
2229 5017 2518 5074 Volosiano.

2200 5097 2225 5134 ρ
2339 5087 2678 5166 n_l._principis
2697 5109 2749 5162 p.
2774 5092 2814 5160 ί.
2840 5106 3072 5166 surrepta
3097 5105 3150 5151 et
3176 5111 3282 5151 om.
3309 5099 3393 5152 ab.

2198 5167 2224 5204 τι
2252 5157 2316 5209 15
2344 5155 2528 5211 debuit.

2202 5235 2222 5261 ι’
2254 5225 2317 5278 15
2344 5226 2523 5279 debita.

2204 5303 2223 5330 ε
2268 5293 2396 5376 Cod.
2438 5295 2570 5376 Just.
2618 5296 2781 5376 De_n.
2825 5318 2910 5376 seu
2946 5305 3191 5376 naucleris
3227 5307 3451 5375 publicas
3495 5309 3689 5376 species

2129 5367 2596 5431 trnnsporlantibus,
2619 5377 2665 5419 et
2686 5371 2747 5422 de
2768 5371 2984 5424 tollenda
3007 5367 3363 5429 lustralis'auri
3391 5367 3680 5432 collatione.

2204 5434 2221 5467 ί
2251 5436 2302 5496 4,
2333 5434 2453 5484 edd.
2486 5435 2823 5492 Constantius.
2861 5440 2957 5494 Go.
3001 5442 3149 5495 licin.
3180 5444 3272 5497 Be.
3301 5461 3405 5498 em.
3435 5445 3686 5501 Constan-

2129 5503 2446 5577 tinum-quod
2480 5520 2615 5571 rep.,
2645 5509 2760 5577 quia
2790 5510 3117 5577 manifestum
3144 5523 3247 5577 est,
3273 5529 3479 5570 errasse
3501 5516 3624 5571 cod.
3650 5518 3685 5570 4

2128 5570 2421 5634 librarium,
2455 5570 2573 5626 cum
2600 5570 2852 5629 scriberet
2874 5576 3215 5634 Constantius.

2199 5647 2223 5674 ιι
2257 5641 2487 5708 Dignitas
2511 5657 2616 5696 om.
2647 5645 2699 5697 in
2735 5645 2853 5699 cod.
2881 5645 2916 5699 4
2954 5656 3007 5701 et
3039 5648 3091 5703 in
3125 5650 3281 5716 edd.;
3319 5650 3420 5708 Go.
3452 5682 3523 5694 --
3548 5654 3614 5710 Ri
3640 5659 3680 5708 '.
