3876 6218
200 321 292 374 HS

1276 293 1582 388 neuneu
1619 331 1706 387 nr
1740 332 2328 396 CONSTITUTIONES.

3305 343 3408 398 111-

204 437 470 492 vicularius
507 439 796 507 originalis
823 440 1227 495 levamentarius
1255 442 1431 509 fuerit,
1461 445 1630 499 nihilo
1657 445 1758 499 mi-
1786 447 1836 506 A
1863 448 1930 501 sit
1973 451 2249 507 immemor
2293 453 2612 518 honestatis,
2646 454 2937 510 libertatem
2985 456 3216 520 amittat,
3250 463 3408 522 atque

207 539 293 579 nus
321 534 342 561 ε
369 526 504 595 apud
529 529 780 595 eosdem,
805 530 941 599 apud
963 546 1093 600 quos
1114 541 1167 586 ct
1189 543 1432 599 parentes
1460 535 1573 601 ejus
1601 533 1762 589 fuisse
1859 536 1972 607 ejus
1997 539 2088 593 lilii
2114 541 2249 596 servi
2295 541 2399 594 sint
2437 542 2670 608 domini,
2701 544 2849 612 cujus
2897 559 2954 598 se
3005 543 3350 598 contubernio
3379 550 3406 579 ει

207 615 452 680 videntur,
484 619 716 673 firmiter
746 621 1092 686 permanebit.
1137 622 1258 675 Dat.
1287 622 1424 678 XIV.
1453 624 1554 677 Ital.
1594 625 1756 693 April.

220 703 478 761 Volusiano
502 708 530 748 δ
557 721 604 763 et
639 711 877 766 Anniano
905 712 1043 765 Cass.
1076 713 1246 784 (5H).

337 835 402 874 DE
448 837 936 878 Λοιωιδτιιλτιοιεε
978 841 1043 878 ΕΤ
1084 839 1336 880 γεωρυιο
1373 841 1621 880 TUTORUII

743 930 813 968 Ετ
838 930 1149 971 ϐυΒΑΤΟΒυΗ
1183 928 1228 972 ε.

276 1022 405 1094 Imp.
446 1022 816 1082 Constantinus
845 1028 906 1082 A.
940 1026 965 1064 ἀ
1002 1068 1013 1081 .
1049 1069 1062 1082 .
1092 1069 1104 1082 .
1143 1070 1154 1082 .
1211 1070 1223 1082 .

216 1113 679 1172 administrationis
709 1118 896 1172 tutoris
922 1120 1004 1174 vel
1031 1121 1289 1174 curatoris
1321 1122 1453 1176 bona
1486 1163 1498 1182 .
1545 1122 1587 1176 si
1610 1123 1758 1177 debi-

217 1213 343 1258 tores
367 1207 594 1260 existant
619 1249 632 1269 ,
663 1218 928 1275 tamquam
954 1210 1182 1278 pignoris
1210 1211 1360 1264 titulo
1383 1211 1601 1280 obligata
1621 1253 1634 1275 ,
1662 1213 1762 1266 mi-

216 1309 356 1350 nores
399 1298 616 1354 sibimet
662 1297 682 1336 ί
733 1301 1011 1355 vendicare
1060 1301 1274 1356 minime
1325 1303 1665 1370 prohibentur
1710 1314 1756 1358 Β.

213 1386 320 1439 Dat.
367 1387 471 1442 V'll.
513 1385 543 1424 δ
583 1387 713 1443 Kal.
765 1390 930 1460 April.
964 1389 1175 1446 Treviris
1209 1391 1252 1459 ί,
1283 1391 1551 1447 Volusiano
1579 1404 1623 1447 et
1656 1395 1762 1449 An-

213 1478 351 1530 niana
375 1476 516 1532 Cass.
545 1480 728 1551 (514).

271 1567 710 1626 ἰκτειιραετιτιο.
739 1571 1047 1640 Quicumque
1075 1582 1230 1640 tutor,
1261 1575 1361 1629 sive
1390 1585 1589 1629 curator
1605 1577 1759 1647 negli-

211 1663 362 1728 gentia
405 1664 862 1718 administrationis
905 1682 1011 1719 sure
1067 1667 1255 1720 debitor
1302 1669 1573 1722 minoribus
1625 1685 1761 1722 com-

210 1750 446 1821 probatur,
469 1755 664 1807 noverit
692 1755 953 1824 facultates
980 1771 1096 1808 suas
1116 1757 1185 1809 ita
1215 1755 1456 1826 obligatas
1482 1767 1553 1820 ut,
1585 1759 1629 1810 si
1658 1773 1757 1810 non

1859 629 2149 697 conjunxit.
2203 631 2367 698 Quam
2423 633 2592 701 legem
2644 643 2696 687 et
2739 633 2803 686 de
2852 635 3115 701 praeterito
3157 631 3409 687 custodiri

1858 729 2081 787 oportet.
2117 720 2231 773 PP.
2265 721 2385 775 Kal.
2439 722 2599 791 April.
2657 722 2973 776 Volusianob
3030 733 3074 776 et
3125 723 3402 776 Anniana°

1863 809 2003 864 Cass.
2029 811 2198 882 (3M).

1929 919 2361 978 lurenpnsrit'rto.
2421 923 2519 977 Per
2563 926 2660 977 vim
2706 936 2880 978 contra
2931 927 3231 978 voluntatem
3270 939 3411 978 servo

1255 1070 1268 1082 θ
1304 1070 1316 1084 ι
1351 1039 1373 1068 ο
1419 1031 1518 1084 pro
1585 1031 1760 1086 ofﬁcio
1850 1013 2030 1080 juncta
2050 1015 2211 1067 alieno
2242 1025 2286 1066 et
2313 1015 2575 1068 vindictam
2612 1017 2941 1085 consequitur.
2995 1015 3054 1071 Si
3100 1033 3212 1069 vero
3238 1027 3414 1085 sponte

1863 1103 1915 1158 ﬁt
1937 1103 2151 1166 ancilla,
2179 1113 2224 1156 et
2252 1105 2358 1169 eius
2387 1105 2480 1173 ﬁlii
2508 1107 2632 1159 servi
2661 1117 2792 1160 sunt.

1895 1249 1962 1288 DE
1998 1250 2238 1292 INGENUIS
2279 1252 2366 1301 QUI
2403 1255 2641 1294 TEIPORE
2671 1255 2896 1295 TYRANNI
2936 1238 2960 1276 ἀ
2999 1256 3350 1302 SERVIERUN'I'.

1931 1368 2067 1440 Imp.
2118 1371 2471 1428 Constantinus
2513 1377 2556 1428 A
2600 1377 2666 1428 ad
2707 1376 3025 1431 Volusianum
3068 1387 3112 1429 ο.
3165 1377 3409 1433 Universi

1860 1458 2154 1516 devotionis
2187 1464 2358 1518 studio
2383 1467 2733 1531 contendant,
2766 1468 2808 1521 si
2837 1484 2966 1536 quos
2997 1468 3015 1506 τ
3053 1470 3287 1538 ingenuis
3317 1485 3411 1524 na-

1862 1550 2050 1605 talibus
2077 1564 2378 1620 procreatos
2405 1557 2501 1611 sub
2539 1565 2759 1627 tyranno
2798 1559 3166 1628 ingenuitatem
3206 1561 3410 1616 amisis-

1859 1655 1918 1698 se
1944 1652 1990 1707 8,
2019 1654 2109 1698 aut
2139 1648 2348 1715 propria
2381 1645 2406 1683 ¹ι
2437 1651 2671 1702 contenti
2709 1649 2720 1686 ί
2754 1652 3072 1705 conscientia
3093 1693 3107 1716 ,
3147 1661 3236 1705 aut
3271 1653 3405 1706 alio-

1861 1749 1974 1786 rum
2016 1735 2218 1790 indiciis
2253 1740 2265 1787 l
2304 1750 2718 1808 recognoscunt,
2759 1741 3016 1796 natalibus
3047 1743 3071 1779 ιι
3108 1745 3216 1796 suis
3254 1745 3408 1798 resti~

212 1840 504 1907 satisfecerit,
536 1845 736 1897 ratione
763 1845 994 1911 deducta,
1019 1846 1149 1899 bona
1179 1863 1270 1900 sua
1299 1863 1329 1899 a
1351 1848 1623 1902 minoribus
1644 1849 1741 1902 l0t‘t.

1869 1834 2026 1890 tuere,
2057 1841 2152 1880 nec
2181 1839 2452 1896 expectata
2480 1830 2669 1896 judicis
2695 1832 3173 1899 interpellationel.
3206 1834 3333 1887 Nam
3360 1836 3405 1888 si

211 1932 413 2002 pignoris
433 1942 722 1989 teneantur.

677 2065 743 2103 an
771 2065 847 2104 sc.
878 2065 1206 2106 cuunttuvn
1232 2053 1276 2105 i.

270 2156 398 2225 lmp.
431 2158 798 2214 Constantinus
823 2165 885 2214 A.
915 2164 982 2215 ad
1013 2163 1254 2217 Probum.
1286 2165 1342 2220 Si
1373 2179 1489 2233 qum
1508 2163 1753 2219 mulieres

209 2245 406 2315 liberte,
437 2253 520 2305 vel
552 2267 579 2304 a
610 2254 803 2318 servis,
831 2255 910 2308 vel
931 2270 957 2307 a
984 2257 1217 2324 quolibet
1236 2257 1340 2310 alio
1364 2257 1465 2310 \ini
1486 2272 1748 2325 perpessa:

208 2350 373 2394 contra
397 2344 721 2398 voluntatem
754 2359 899 2398 suam
937 2347 1142 2400 senilis
1182 2347 1499 2402 conditionis
1529 2347 1754 2401 homini-

209 2429 296 2484 bus
314 2432 504 2500 junctae
534 2436 682 2500 sint,
714 2438 1033 2505 competenti
1070 2440 1239 2507 legum
1280 2440 1559 2492 severitate
1588 2436 1610 2474 ἰ
1644 2439 1752 2492 vin-

211 2521 384 2578 dictam
410 2538 824 2597 consequantur.
853 2528 879 2599 §
906 2531 949 2583 1.
1005 2529 1057 2584 Si
1081 2545 1180 2599 qua
1205 2540 1378 2583 autem
1413 2529 1600 2583 mulier
1641 2545 1752 2586 sua:

211 2700 427 2824 Eumque
457 2706 686 2773 punctis,
717 2707 834 2760 rell.
869 2708 1010 2759 nullo
1041 2707 1190 2775 signo
1229 2708 1468 2761 lacunam
1500 2707 1750 2760 indicant.

253 2787 297 2822 ο.
348 2773 436 2824 Be.
486 2775 539 2824 in
587 2786 699 2824 not.
742 2777 861 2824 add.
891 2776 979 2824 Pt’.
1009 2776 1071 2824 Π.
1111 2778 1224 2824 Vid.
1256 2777 1314 2824 C-
1340 2777 1440 2824 Th.
1487 2776 1546 2824 ν-
1598 2777 1648 2824 6-
1690 2780 1749 2824 1-

253 2787 297 2822 ο.
348 2773 436 2826 Be.
486 2775 539 2827 in
587 2786 699 2829 not.
742 2777 861 2829 add.
890 2776 979 2846 Pf.
1009 2773 1224 2831 UfVid.
1256 2777 1314 2830 C.
1340 2777 1440 2830 Th.
1487 2776 1547 2842 V,
1598 2777 1649 2842 6,
1690 2780 1750 2844 1,

209 2851 309 2892 not.
339 2859 384 2893 ι.

210 2977 249 2980 η
273 2919 294 2946 ι
321 2911 414 2965 ϐο.
445 2927 575 2966 ann.
604 2930 616 2966 :
648 2933 666 2965 ι
697 2914 910 2968 Divisim
935 2915 1002 2968 ita
1031 2916 1364 2970 scribendum
1390 2916 1546 2969 nihilo
1570 2917 1752 2980 minus,

209 2977 356 3053 idest
376 2983 588 3053 pariter,
621 2984 865 3038 similiter
893 2999 954 3037 ac
986 2998 1226 3052 parentes
1256 2987 1388 3053 ejus.
1426 3004 1443 3035 ι

203 3115 235 3168 2
268 3047 449 3173 “amid.
484 3051 567 3117 Il,
599 3054 740 3120 quod
764 3054 892 3122 jam.
925 3047 1015 3108 Bé.
1045 3056 1229 3110 voluit.
1262 3047 1388 3107 A'ur.
1425 3054 1596 3123 Lugd.
1629 3054 1750 3123 Cuj.

242 3158 254 3181 ,
330 3125 342 3142 ‘
411 3138 522 3176 ons.

1854 1915 1971 1983 quis
1999 1924 2234 1970 contram
2264 1918 2636 1972 conscientiam
2675 1934 2820 1973 suam
2853 1922 2929 1974 vel
2970 1922 3260 1975 certissima
3301 1931 3404 1976 tes-

1855 2005 2069 2058 timonia
2107 2007 2448 2074 plurimorum
2493 2008 2546 2062 in
2576 2009 2756 2062 eadem
2799 2011 3030 2064 avaritiae
3074 2012 3351 2066 tenacitate
3375 2021 3401 2048 ιι

1854 2099 2230 2166 permanserit,
2256 2099 2588 2153 severissima
2614 2109 2638 2134 ο
2667 2115 2820 2168 poena
2846 2103 3198 2164 mulctabitur.
3232 2101 3406 2156 Placet

1849 2197 2024 2241 autem
2057 2198 2102 2254 Ρ,
2133 2189 2286 2242 etiam
2312 2204 2403 2243 eos
2427 2191 2662 2260 periculo
2685 2192 2949 2261 subjugari
2975 2203 2998 2240 (ι
3019 2234 3032 2258 ,
3062 2193 3149 2261 qui
3176 2193 3403 2247 scientes

1854 2277 2105 2347 ingenuos
2125 2280 2392 2334 servitutis
2417 2291 2436 2318 τ
2462 2283 2825 2336 necessitatem
2851 2298 2943 2351 per
2965 2283 3208 2352 injt'triam
3235 2293 3255 2319 ⁸
3289 2297 3406 2338 sus-

1925 2484 1948 2511 "
1971 2474 2226 2544 Georgius
2249 2475 2545 2540 d'Arnaud,
2575 2475 2694 2530 Var.
2725 2475 2875 2531 Coni.
2907 2477 2994 2530 lib.
3022 2477 3071 2536 Ι.
3115 2491 3162 2530 c.
3189 2477 3258 2531 20
3289 2487 3406 2532 ten-

1854 2545 1980 2597 tavit
2009 2548 2155 2612 cujus
2178 2548 2304 2598 servi
2331 2563 2383 2599 se
2419 2545 2771 2608 contubernio;
2797 2548 2886 2601 sed
2923 2546 3293 2600 contubernium
3315 2549 3407 2615 hic

1854 2628 2046 2666 servum
2070 2616 2344 2677 denotare,
2372 2617 2556 2684 probb.
2584 2615 2681 2668 ϐο.
2735 2618 2785 2669 in
2832 2627 2965 2684 nutu
3000 2618 3049 2667 Ιι.
3098 2634 3144 2670 c.
3171 2625 3223 2669 et
3276 2615 3405 2671 Cra-

1856 2698 2062 2755 merus,
2106 2685 2155 2736 in
2190 2669 2458 2751 Dispudet.
2486 2686 2588 2754 jur.
2621 2687 2720 2739 civ.
2762 2700 2878 2755 cap.
2903 2669 3038 2752 Xill,
3068 2669 3118 2754 p.
3149 2687 3267 2740 117.

1925 2750 1951 2789 δ
1985 2753 2073 2806 Bc.
2100 2755 2216 2806 addi
2245 2750 2431 2808 vnltll.

1929 2833 1949 2889 ς
1981 2823 2096 2889 Cuj.
2125 2823 2152 2875 1
2175 2853 2242 2862 —
2269 2824 2326 2876 Ri
2353 2830 2386 2875 ‘.
2416 2825 2630 2878 Aniana.

1929 2887 1952 2925 ά
1986 2887 2290 2960 Ιιιῐθιιὶςίιυι·
2315 2893 2600 2948 Maxentius
2625 2909 2762 2947 anno
2787 2895 2890 2948 512
2909 2895 3291 2950 aConstantino
3311 2896 3404 2951 de-

1860 2958 2099 3012 bellatus.
2142 2958 2308 3014 Noun.
2344 2963 2496 3016 codd.
2539 2964 2773 3018 Tirannis
2803 2965 3094 3019 Servierint.
3127 2967 3190 3030 6,
3222 2969 3250 3020 Ἰ
3282 2966 3405 3019 Ser-

1857 3032 2051 3102 meruit;
2176 3048 2279 3083 om.
2314 3030 2483 3098 Temp.
2520 3032 2641 3102 Tyt'.

1933 3108 1955 3134 ο
1987 3100 2052 3152 57
2097 3099 2379 3154 Voluerunt.
2412 3099 2581 3155 Noun:
2615 3101 2769 3156 codd.
2801 3103 2842 3154 A
2878 3102 3167 3157 Volusiano.
3196 3103 3264 3158 40
3290 3119 3398 3160 om.

271 3167 522 3244 ἕδοᾜέἱῖἶ
559 3190 626 3243 Et
660 3192 892 3245 Pericula
916 3233 930 3256 ,
980 3193 1044 3247 15
1074 3193 1134 3247 Et
1159 3195 1472 3247 Curatorum.
1521 3193 1592 3246 De
1618 3194 1752 3246 adnt.
1785 3187 1829 3248 C
1859 3173 1927 3219 ad
1961 3167 2136 3256 ῩἚΨΫᾹ
2165 3170 2678 3256 νρὲᾳδνίηηίίέίδηίωδ
2703 3173 2850 3256 ¹¹θΞ⁸ί
2878 3175 2926 3256 ᾖ)
2953 3174 3193 3256 °_'.m'ib."s
3222 3174 3401 3256 θθᾳίθζν

207 3259 481 3328 tradictione
502 3271 547 3313 et
577 3278 682 3328 per.
717 3273 819 3314 etc.
864 3263 932 3315 ‘28
959 3273 1001 3314 et
1041 3266 1276 3316 virorum.
1322 3265 1379 3315 31
1409 3273 1452 3314 et
1474 3265 1739 3316 viatorum.

206 3324 287 3402 Pu.
315 3327 534 3402 Taurum
558 3324 586 3402 ,’
607 3345 713 3384 err.
749 3342 854 3400 typ.
890 3331 1016 3402 ϐοά.
1044 3332 1178 3386 Just.
1230 3331 1317 3402 (ν,
1345 3334 1433 3397 57)
1484 3331 1558 3383 De
1590 3332 1738 3384 Adm.

205 3395 405 3471 (eludit
429 3398 575 3471 Per.)
604 3395 824 3471 tutorum
851 3395 1291 3471 velcuratoi°uutet
1326 3395 1532 3470 pecunia
1564 3403 1739 3471 pupil-

203 3463 289 3535 lari
311 3463 594 3535 [teneranda
616 3470 691 3522 vel
714 3470 1026 3534 deponenda.

266 3534 288 3569 δ
319 3536 458 3590 Sich.
485 3567 550 3577 —-
579 3538 746 3607 Lugd.
773 3555 879 3592 om.
916 3539 975 3591 Α.
1007 3539 1151 3594 Sich.
1179 3539 1296 3608 Cuj.
1326 3543 1350 3595 1
1377 3568 1444 3580 ——
1470 3540 1560 3595 Be.
1586 3539 1741 3594 Cons-

207 3611 320 3655 ιοηι.

268 3682 288 3708 ε
315 3675 604 3740 8,12,21,
636 3675 778 3730 Sich.
817 3677 932 3745 Cuj.
962 3680 983 3731 1
1017 3708 1088 3718 -
1122 3679 1225 3732 Ri'.
1277 3677 1397 3730 add.
1430 3688 1476 3730 et
1500 3677 1738 3732 Julianus

205 3736 342 3815 Cas,
366 3736 514 3811 ’quo'd
560 3736 678 3800 cum
710 3747 833 3800 ferri
864 3736 964 3799 nim
995 3749 1161 3815 possit
1192 3789 1205 3810 ,
1253 3747 1349 3802 ϐο.
1397 3761 1489 3814 pro
1528 3746 1738 3800 Juliano

203 3813 518 3868 scribendum
548 3830 666 3870 esse
686 3828 865 3870 censet
891 3813 1138 3868 Licinium
1166 3859 1179 3881 ,
1204 3818 1285 3870 cui
1314 3817 1384 3883 cj.
1402 3813 1623 3869 codices
1654 3818 1738 3868 ad-

203 3892 476 3950 versantur.
508 3886 540 3938 6
570 3925 584 3948 ,
612 3887 641 3937 7
673 3926 688 3947 ,
718 3887 751 3941 9
777 3886 886 3949 ,15
910 3885 1021 3948 ,14
1049 3888 1272 3950 ,16,17
1299 3928 1312 3950 ,
1337 3884 1498 3938 25-
1525 3885 1614 3948 29,
1645 3886 1733 3950 52,

203 3947 264 4001 55
283 3952 476 4026 ..ὃϐ-
503 3947 604 4018 407,
632 3953 702 4026 42
723 3996 739 4019 ,
768 3947 1016 4026 Tilnadd.
1047 3947 1091 4007 et
1121 3973 1146 4007 c
1167 3947 1240 4026 (ει
1268 3947 1371 4026 eos.
1406 3964 1493 4006 aut
1533 3965 1576 4006 ct
1627 3947 1735 4008 Cie;

204 4020 322 4087 sar.)
347 4021 414 4074 54
439 4034 480 4075 et
512 4024 669 4076 consl.
707 4026 770 4079 10
797 4066 811 4086 ,
838 4025 902 4078 18
920 4026 1040 4076 add.
1069 4035 1112 4076 et
1141 4020 1232 4077 cet.
1263 4023 1508 4077 Fortasse
1542 4025 1736 4077 intelli-

203 4087 333 4162 gitur
382 4091 578 4159 Crispus
607 4091 758 4162 Cum,
789 4109 944 4162 quem
978 4095 1348 4147 Constantinus
1371 4104 1550 4146 contra
1595 4093 1732 4147 Lici-

203 4159 334 4210 nium
368 4163 697 4226 proﬁciscens
723 4159 903 4216 Gallia:
935 4204 948 4223 ,
981 4163 1065 4214 ubi
1105 4162 1284 4216 Const.
1312 4165 1430 4214 data
1454 4172 1533 4214 est
1561 4203 1573 4222 ,
1605 4179 1735 4228 pra:-

202 4237 450 4298 posuerut.
472 4231 662 4284 Veram
693 4232 1081 4298 inscriptionem
1109 4248 1209 4285 non
1241 4233 1442 4292 dubito.
1471 4233 1592 4298 quin
1612 4245 1733 4298 sup-

203 4295 387 4370 peditet
403 4301 517 4352 cod.
546 4303 610 4354 15
631 4342 643 4362 ,
664 4301 751 4370 qui
769 4304 845 4353 sic
861 4295 878 4353 ⁷;
898 4299 1228 4370 Ιηιρ.ίϐοη.ςι.
1252 4301 1383 4368 Aug.
1413 4295 1569 4354 Basso
1591 4295 1693 4367 ι)ρό
1714 4319 1727 4365 ;

200 4365 285 4415 sed
307 4379 418 4420 cum
463 4373 614 4422 unius
651 4365 849 4422 tantum
881 4369 1080 4422 codicis
1124 4365 1378 4437 scriptura
1407 4371 1516 4434 sit,
1560 4365 1730 4438 ncilue

201 4445 392 4507 constet
419 4478 433 4500 ,
463 4455 582 4492 num
613 4440 805 4492 Bassus
836 4440 933 4491 hoc
955 4454 1007 4507 a.
1051 4452 1201 4507 prset.
1228 4441 1412 4503 luerit,
1443 4442 1580 4492 nolui
1610 4456 1726 4494 eam

198 4503 440 4595 recipere.
470 4509 597 4595 Cod".
622 4508 759 4589 Just.
789 4508 923 4587 Imp.
948 4503 1119 4562 Const.
1145 4511 1208 4564 A.
1232 4509 1564 4578 Eufemianw,
1588 4513 1727 4580 quod
1755 4536 1809 4595 Ι)

201 4585 380 4645 nomen
406 4580 536 4630 unde
565 4579 770 4630 (luxerit
798 4620 810 4640 ,
835 4581 1038 4645 ignoro.

271 4639 287 4676 ί
325 4644 400 4702 10.
429 4649 488 4699 18
509 4656 695 4701 tutores
725 4665 768 4699 υ.
796 4639 1047 4700 curatores
1071 4677 1138 4685 —
1159 4649 1402 4701 tit.oblita
1425 4650 1629 4701 minoris
1655 4666 1733 4702 se-

199 4720 308 4763 ruet.
343 4714 400 4765 11
434 4733 534 4769 om.
561 4722 635 4770 vel
658 4717 910 4770 curatoris
929 4717 991 4769 21
1022 4725 1206 4770 tutores
1233 4719 1310 4770 vel
1333 4728 1583 4772 curatores
1604 4718 1656 4771 b.
1679 4735 1731 4772 se

200 4777 340 4832 dabit.
360 4785 421 4838 ‘26
440 4786 545 4838 eleb.
580 4796 624 4840 et
651 4789 795 4840 exist.

267 4850 419 4927 SCod.
436 4856 566 4910 Just.
593 4857 714 4909 add.
744 4855 887 4908 Idem
913 4864 1005 4917 est,
1031 4857 1137 4927 etsi
1159 4865 1291 4909 tutor
1304 4857 1378 4910 vel
1401 4867 1603 4910 curator
1621 4860 1731 4927 quis

200 4923 470 4977 constitutus
490 4943 564 4979 res
590 4928 841 4978 minorum
869 4942 966 4977 non
993 4926 1430 4980 administraverit.

268 4987 290 5024 ιι
312 4995 353 5043 s.
380 4995 475 5063 is.
502 4995 608 5056 28,
636 4997 724 5058 2.6,
751 4995 838 5056 to.
864 4993 1004 5047 Sich.
1031 4994 1084 5047 in
1107 5010 1178 5048 ω.
1202 4995 1337 5050 v.51
1361 4995 1486 5050 vut.
1510 4996 1595 5063 52,
1629 4999 1730 5063 38,

200 5055 340 5132 29g
361 5062 467 5116 libri
494 5055 622 5118 mss.
649 5055 747 5118 ϐό.
788 5064 869 5118 γι.

273 5128 459 5201 iCodd.
510 5137 817 5200 plerumque
844 5132 980 5185 Trio.
1014 5135 1081 5188 15
1109 5135 1279 5188 trium.
1320 5137 1410 5201 55,
1440 5137 1505 5190 3i
1552 5137 1726 5192 tribus.

201 5195 334 5250 Sicb.
377 5231 443 5241 —
484 5195 588 5256 ΗΓ.
634 5195 768 5257 Cod.
815 5201 947 5255 Just.
996 5201 1238 5257 Treveris.
1263 5205 1380 5258 Mox
1398 5195 1549 5258 inulti
1572 5207 1726 5261 codd.

214 5263 455 5340 falasiano
476 5285 526 5326 et
556 5273 776 5338 Aniano,
811 5273 949 5340 quod
974 5274 1227 5339 posterius
1255 5283 1338 5327 est
1358 5279 1407 5327 in
1435 5277 1554 5328 edd.
1581 5275 1724 5330 Sich.

201 5334 308 5402 Cuj.
348 5341 366 5391 1
397 5370 463 5380 -
491 5343 548 5395 Ιὶί
574 5349 610 5393 ⁸.
641 5334 931 5395 ΑΙὶἱόόόά.
955 5334 1062 5394 om.
1089 5341 1234 5395 Trev.
1264 5353 1372 5396 aut.
1405 5353 1449 5396 et
1477 5345 1726 5399 Anniana.

202 5400 289 5456 Bel
317 5421 422 5474 post
459 5409 780 5464 Volusianum
807 5411 905 5462 ius.
936 5412 1044 5463 vult
1068 5410 1131 5465 11.

273 5473 368 5528 iP.
419 5493 520 5532 om.
555 5482 848 5539 rubricam;
893 5494 976 5545 ap.
1032 5480 1125 5532 Pu.
1184 5479 1330 5533 uncis
1377 5482 1572 5536 inclusa
1620 5493 1735 5547 est;

204 5541 335 5596 deest
363 5549 508 5599 etiam
541 5550 592 5602 in
640 5550 770 5604 Cod.
807 5552 866 5611 1,
905 5541 990 5616 qui
1025 5560 1310 5604 extremam
1356 5559 1552 5605 tantum
1602 5541 1735 5607 tituli

207 5622 383 5676 partem
411 5617 633 5670 exhibet.

272 5677 290 5712 ί
316 5682 432 5736 Aur.
465 5683 626 5750 Lugd.
659 5685 964 5742 severitatem
987 5697 1039 5742 et
1065 5703 1186 5741 mox
1213 5689 1476 5743 custodire.

1862 3249 2050 3311 praeter
2071 3239 2282 3311 biubi
2311 3240 2604 3311 appellatur
2627 3259 2738 3311 prp.
2773 3242 2927 3294 Deest
2947 3243 3101 3294 etiam
3132 3244 3181 3295 in
3209 3257 3256 3296 c.
3288 3245 3310 3296 1
3339 3244 3397 3296 (3.

1846 3304 1942 3359 Th.
1979 3308 2042 3361 de
2071 3308 2300 3360 Navicul.
2333 3307 2502 3375 (XIII,
2535 3304 2696 3376 5).'lti
2727 3326 2774 3363 c.
2806 3311 2840 3361 2
2869 3311 2995 3363 (λαιά.
3038 3312 3169 3364 Just.
3203 3313 3268 3365 de
3312 3314 3400 3366 Di-

1845 3376 1998 3448 gnitt.
2036 3377 2179 3443 (XII,
2229 3376 2278 3446 1)
2314 3381 2611 3432 nominatur
2638 3379 2694 3432 P.
2732 3379 2816 3442 P.;
2845 3380 2936 3432 sed
2967 3395 3146 3447 reptnt.
3184 3380 3270 3448 Pf.
3308 3381 3398 3447 U.,

1843 3446 1981 3512 quini
2006 3448 2192 3520 ῥίς-1ου]
2222 3449 2376 3520 habet
2401 3449 2511 3520 et?
2612 3449 2714 3520 :l‘h.
2735 3448 2906 3520 Quor.
2937 3446 3130 3520 appell.
3165 3446 3400 3520 (H.756)

1842 3528 1981 3567 anno
2006 3517 2106 3569 515
2137 3518 2420 3583 ρτονοείιτι.
2453 3517 2571 3569 Vid.
2600 3517 2698 3569 ϐο.
2731 3518 2783 3569 in
2811 3531 3003 3570 comm.
3035 3518 3086 3568 h.
3115 3517 3244 3571 c.'et
3269 3517 3402 3572 Cor;-

1842 3583 2031 3636 sinium
2056 3585 2088 3635 I.
2112 3599 2158 3636 c.
2187 3600 2235 3650 p.
2262 3585 2380 3638 169.
2410 3584 2529 3638 Sec.
2557 3586 2654 3639 ϐο.
2683 3595 2733 3638 et
2761 3586 2846 3639 W.
2877 3586 3188 3640 Volusianus
3209 3589 3396 3641 eodem

1841 3666 1979 3723 anno
2005 3653 2106 3705 5M
2131 3654 2360 3707 consulis
2401 3663 2454 3707 et
2480 3655 2709 3723 praefecti
2740 3670 2954 3710 munere
2999 3656 3207 3709 functus
3237 3655 3399 3712 fuisse

1841 3721 2066 3774 videtur.

1915 3790 1933 3827 ί
1963 3790 2029 3844 20
2053 3791 2265 3855 Siquis.
2290 3791 2401 3843 Mox
2429 3791 2514 3856 1'2,
2542 3793 2604 3845 16
2625 3795 2910 3858 procreatis.

1911 3870 1934 3905 8
1969 3861 2052 3926 10,
2089 3859 2150 3930 18
2182 3860 2513 3928 lngenuitatis
2553 3865 2767 3916 amissio.
2793 3863 2847 3930 6,
2878 3865 2908 3917 7
2933 3864 3148 3917 amissas.
3184 3864 3250 3917 16
3284 3880 3390 3917 nta-

1839 3931 2074 3998 nuniisse.
2103 3929 2245 3982 Sich.
2277 3931 2580 3998 ingenuitate
2607 3935 2808 3984 amissa.

1910 3995 1935 4034 ¹³
1966 3999 1997 4052 9
2030 3998 2258 4065 Proprie.

1915 4067 1926 4143 ξ
1961 4067 2236 4143 innot.
2265 4067 2726 4143 (nonmutandum
2759 4071 2809 4123 in
2841 4073 3113 4143 convicti).

1909 4137 1922 4184 i
1971 4137 2040 4189 20
2071 4137 2294 4188 Aliarum
2321 4138 2505 4191 indices
2535 4151 2907 4208 recognoscant.
2947 4137 3089 4196 Sich.
3120 4143 3218 4198 Til.
3263 4147 3390 4200 Aur.

1834 4203 1998 4257 Lnad.
2026 4207 2242 4257 iudiciis.

1881 4207 1998 4260 uad.
2026 4207 2242 4260 iudiciis.

1906 4221 2441 4349 ξῗξῖζᾝῗιιιιιέξαίὶὁηδ,
2471 4293 2573 4330 crr.
2605 4287 2713 4349 lyp.

1910 4343 1932 4421 i_
1960 4345 2045 4421 i_9,
2078 4345 2305 4421 21._l\_lec
2334 4343 2724 4421 exspectanti?!
2757 4348 3062 4421 exspectant)
3086 4353 3204 4421 jud.
3233 4354 3389 4407 inter-

1831 4413 2140 4485 pellationes.
2171 4415 2191 4466 1
2221 4413 2735 4485 interpellationem—
2750 4413 3102 4485 certissimam,
3120 4424 3387 4480 mendose.

1835 4482 1934 4536 ϐο.
1963 4499 2049 4534 nec
2074 4497 2169 4550 pro
2193 4500 2291 4535 non
2318 4484 2492 4537 habet.

1908 4561 1945 4623 ’τι
1976 4552 2142 4623 (ie-8,
2181 4553 2263 4619 10,
2297 4554 2377 4612 15,
2408 4554 2492 4616 14,
2523 4555 2611 4619 16,
2643 4556 2726 4620 18,
2754 4558 2842 4623 20,
2870 4559 2931 4612 21
2961 4560 3083 4614 add.
3113 4562 3182 4613 id.
3203 4560 3316 4614 Mox
3338 4564 3390 4617 in

1836 4621 1956 4698 c_od.
1985 4621 2054 4673 20
2083 4636 2111 4673 a
2141 4637 2248 4698 sec.
2283 4638 2437 4676 manu
2467 4629 2675 4692 ponitur
2705 4644 2793 4694 per
2824 4621 2981 4698 Supra
3010 4646 3094 4683 vv.
3129 4635 3388 4686 conscien-

1837 4691 1957 4742 tiam
1985 4699 2037 4743 et
2057 4692 2347 4744 certissima.

1908 4767 1933 4793 η
1961 4758 2111 4841 [ιο-1.
2131 4760 2182 4822 6,
2203 4762 2252 4841 7,
2278 4761 2363 4841 1Q,
2385 4763 2610 4841 9,
2628 4764 2717 4828 21,
2749 4765 2893 4841 Sich.
2918 4766 3391 4841 Til.,quamscrip-

1836 4828 2113 4910 turamdv.
2145 4839 2287 4883 recte
2312 4831 2544 4884 defendit
2562 4845 2742 4910 contra
2769 4828 3100 4910 vulgatam-in
3123 4840 3244 4893 edd.
3269 4828 3383 4910 Ctij.

1839 4899 1864 4950 1
1890 4926 1958 4937 --
1988 4898 2080 4950 Pu.
2110 4910 2371 4966 receptam
2395 4919 2408 4954 :
2435 4904 2645 4954 avaritia
2666 4915 2710 4955 et
2731 4898 3008 4959 tenacitate.
3034 4909 3293 4964 Caeterum
3325 4898 3388 4965 1’2

1836 4967 2097 5020 avaritiam
2124 4970 2433 5048 tenacitatem
2471 4980 2524 5025 et
2561 4971 2628 5027 ‘20
2665 4983 2817 5028 antea
2842 4977 3047 5029 avaritie
3073 4989 3116 5030 et
3143 4993 3265 5046 ten.,
3294 4983 3387 5036 sed

1836 5051 1974 5090 001⁵1⁸.
2003 5048 2233 5092 avaritia.

1905 5138 1928 5164 ο
1960 5131 1981 5181 1
2012 5129 2411 5196 Siverissimam,
2443 5132 2535 5187 sed
2565 5147 2702 5188 corr.
2734 5137 3060 5192 severissima.
3091 5140 3159 5195 12
3182 5144 3383 5197 severis-

1832 5199 1959 5252 sima
1985 5201 2262 5252 testimonia
2289 5203 2432 5255 mult.

1902 5297 1929 5335 ρ
1958 5287 2050 5340 Pu.
2083 5303 2190 5342 om.
2222 5300 2405 5345 autem.

1902 5390 1928 5429 ει
1955 5381 1978 5433 1
2009 5381 2314 5452 Subjudari,
2346 5385 2614 5441 mendose.
2639 5387 2754 5442 Mox
2775 5388 2915 5442 Sich.
2943 5391 3170 5444 scienter.

1913 5481 1935 5508 τ
1959 5471 2013 5544 In
2037 5472 2200 5544 literis
2220 5475 2364 5544 servit
2385 5476 2709 5544 abrumpitur
2729 5477 2905 5530 folium
2928 5488 3167 5533 octavum
3192 5483 3389 5540 codicis

1840 5541 1868 5594 1
1897 5551 1950 5594 et
1971 5541 2216 5594 desinunt
2245 5543 2301 5595 P.
2333 5545 2424 5597 Pu.
2456 5541 2596 5599 Sich.
2626 5549 2930 5599 necessitate.

1838 5628 2194 5750 Ms’rﬁilzfich.
2223 5631 2341 5699 Cuj.
2376 5635 2396 5684 1
2427 5660 2490 5672 -
2520 5632 2682 5700 Lugd.
2711 5635 2986 5700 incuriam,
3021 5637 3292 5694 mendose.
3322 5642 3396 5696 20
