3876 6218
161 329 245 387 129
1199 325 1510 380 DECRETA
1552 324 1637 378 ET
1679 319 2263 378 CONSTITUTIONES.

649 450 722 488 DE
755 448 1231 488 Αριδειιλτιοκιιιυδ.

230 543 353 613 Intp.
384 543 759 597 Constantinus
790 545 850 596 Α.
881 545 944 595 ad
980 544 1283 597 Probfanum
1307 553 1328 579 °
1363 543 1722 596 Proconsnlrm

170 635 353 702 Africae.
373 633 812 700 Appellatiouutn
840 648 1068 697 caussas,
1093 633 1357 701 quaabper
1383 647 1474 685 vos
1503 633 1551 684 in
1571 631 1722 684 audi-

173 724 291 778 torio
329 733 574 787 nostrae,
613 724 815 793 quibus
847 725 1008 778 vicem
1057 724 1218 777 nostri
1265 723 1570 775 mandamus
1599 737 1724 774 exa-

175 815 330 877 minis,
354 813 732 881 dijudicantur,
767 811 880 866 itad
906 813 1086 867 audire
1116 813 1299 876 debes,
1325 823 1379 864 ut
1405 813 1566 875 edito,
1586 810 1724 879 quod

179 919 319 974 super
337 905 758 972 appellationum
782 904 1001 973 negotiis
1024 904 1263 956 finiendis
1281 907 1386 971 jam
1409 901 1726 971 generaliter

181 996 498 1048 constitutum
525 1004 610 1049 est
630 1037 644 1060 ,
678 1010 900 1064 pareas.
934 1003 1088 1062 atque
1115 993 1296 1047 eadem
1336 993 1539 1060 negotia
1571 1006 1724 1058 quam

181 1083 509 1138 maturissime
562 1086 824 1153 explices.
859 1083 978 1136 Dat.
1011 1083 1141 1137 Vlll.
1175 1081 1296 1135 Kal.
1330 1082 1472 1150 Sept.
1503 1081 1652 1134 Rom.
1677 1088 1724 1146 ο,

181 1171 482 1227 Constantina
508 1174 573 1226 A.
607 1173 703 1229 IV.
730 1184 778 1228 et
800 1174 995 1226 Licinio
1021 1171 1106 1226 IV.
1131 1171 1269 1226 Cass.
1302 1171 1472 1240 (315).

754 1303 818 1342 οε
843 1302 970 1342 JUBE
1000 1301 1147 1341 FISCI.

244 1377 368 1448 Imp.
400 1378 765 1433 Constantinus
803 1380 863 1431 Α.
892 1389 937 1432 et
965 1376 1024 1433 ϐ.
1061 1376 1078 1415 ί
1110 1378 1174 1430 ad
1210 1375 1485 1444 Papnlum.
1517 1373 1570 1428 Si
1601 1372 1727 1442 quid

183 1485 210 1523 a
235 1469 348 1526 fisco
374 1471 528 1525 fuerit
569 1470 941 1540 occupandum
965 1479 988 1515 8
1017 1469 1097 1523 vel
1123 1484 1152 1522 a
1196 1468 1346 1522 nobis
1375 1467 1438 1520 de
1482 1474 1676 1520 caetero
1703 1465 1730 1499 ιι

189 1579 271 1634 pro
297 1566 708 1634 uniuscujusque
739 1563 941 1619 meritis
985 1563 1358 1629 obscquiisque
1386 1559 1686 1612 donandum
1714 1598 1726 1620 ,

188 1657 262 1709 vel
289 1658 349 1709 ab
375 1657 560 1710 eodem
596 1655 992 1710 distrahendum
1020 1693 1034 1717 ,
1070 1655 1200 1705 intra
1233 1669 1424 1705 annum
1449 1691 1462 1713 ,
1489 1649 1731 1703 omnibus

188 1746 306 1800 vel'a
341 1745 592 1814 petitione
629 1746 711 1799 vel
741 1760 769 1797 a
799 1744 1193 1812 comparatione
1222 1757 1278 1795 se
1308 1739 1690 1793 abstinentibus
1713 1779 1727 1803 ,

193 1834 268 1900 hi,
297 1839 381 1904 qui
409 1845 599 1904 putant
637 1836 829 1904 injuste
857 1851 939 1889 res
965 1834 1204 1903 proprias
1233 1847 1261 1884 a
1290 1832 1416 1884 fisco
1443 1845 1559 1884 esse
1582 1846 1728 1883 com-

191 1937 378 1996 paratas
399 1927 411 1963 ί
432 1967 446 1993 ,
470 1938 659 1982 contra
692 1928 932 1981 eumdem
959 1941 1114 1995 agere
1137 1925 1478 1987 contendant,
1507 1925 1735 1977 scientes

195 2017 639 2084 gratulanteSque,
671 2015 809 2083 quod
841 2031 1008 2069 annua
1033 2014 1197 2083 spatia
1222 2055 1235 2078 ,
1267 2015 1404 2067 intra
1440 2030 1555 2083 qua:
1581 2027 1734 2066 suum

197 2116 444 2175 repetant,
471 2107 582 2160 sint
622 2106 853 2168 indulta;
902 2120 961 2158 ac
990 2106 1032 2158 si
1064 2105 1398 2172 probaverint
1421 2144 1434 2166 ,
1477 2102 1733 2170 justitiam

195 2196 411 2263 petitioni
459 2211 572 2249 sua:
599 2195 783 2249 adesse
805 2235 818 2259 ,
849 2195 1136 2263 recipiant,
1170 2203 1223 2246 et
1263 2203 1444 2246 nostro
1481 2192 1736 2246 beneficio

199 2284 408 2340 habeant
430 2289 696 2342 restituta.
731 2286 846 2338 Dat.
886 2287 899 2335 i
966 2284 1050 2339 Id.
1083 2285 1223 2351 Sept.
1263 2284 1423 2337 Roma
1446 2325 1459 2348 ,
1490 2283 1737 2337 Constan-

197 2378 285 2431 tina
308 2380 366 2430 Α.
410 2379 496 2433 1V.
525 2390 568 2432 et
597 2378 790 2431 Licinio
820 2378 904 2433 lV.
933 2375 1073 2432 Cass.
1103 2379 1270 2447 (515).

434 2506 496 2543 οε
525 2504 868 2544 οεδτοκλιιιιε
895 2506 957 2543 ετ
985 2504 1372 2544 nsanaopnoms
1399 2488 1444 2541 ιι.

261 2579 384 2650 Imp.
409 2580 765 2634 Constantinus
796 2582 855 2633 Α.
890 2582 955 2633 ad
998 2580 1272 2650 Evagrium
1299 2580 1387 2649 Pl.
1423 2580 1485 2632 Ρ.
1519 2581 1596 2634 Ad
1623 2596 1739 2634 om-

201 2672 500 2738 nesjudices
548 2673 749 2725 litteras
796 2673 921 2725 dare
952 2680 1092 2724 tuam
1143 2671 1737 2739 convenitgravitatem,

199 2760 327 2823 ut,in
345 2760 757 2829 quibuscumque
782 2760 989 2828 Oppidis
1013 2760 1366 2829 dendrophori
1390 2760 1600 2824 fuerint,
1617 2773 1740 2813 cen-

213 2851 515 2904 tonariorum
543 2863 700 2920 atque
743 2849 1010 2903 fabrorum
1040 2850 1273 2919 collegiis
1312 2847 1331 2886 ι
1376 2863 1739 2915 anneclanmr,

201 2940 426 3007 quoniam
471 2940 584 2994 haec
611 2955 835 3008 corpora
865 2949 903 2974 ιι
933 2940 1224 3007 frequentia
1271 2940 1538 2993 hominum
1566 2942 1742 2993 multi-

203 3026 368 3095 plicari
397 3029 660 3099 expediet.
695 3029 812 3080 Dat.
860 3027 997 3082 XlV.
1047 3027 1168 3081 Kal.
1207 3028 1317 3081 Oct.
1378 3028 1584 3082 Naisso.
1619 3029 1736 3083 Acc.

267 3189 289 3216 ι
325 3179 440 3232 Vid.
470 3179 529 3232 C.
555 3179 657 3233 Th.
688 3195 736 3232 c.
762 3180 794 3232 5
821 3180 926 3233 etG
955 3180 1006 3233 h.
1035 3188 1072 3232 t.

266 3247 289 3284 ιι
326 3250 355 3300 1
383 3266 585 3302 caussas
609 3251 697 3300 has
737 3266 885 3317 quar;
913 3260 1019 3301 aut.
1065 3263 1227 3315 man.,
1257 3249 1473 3303 fortasse
1515 3251 1739 3314 librarii,

206 3316 389 3371 deletur
410 3320 498 3370 has
531 3316 918 3384 punctissupra
939 3318 1148 3371 additis.

272 3398 291 3424 ε
331 3388 399 3439 Ita
419 3389 470 3450 4,
493 3388 628 3449 Til.;
668 3388 782 3441 rell.
809 3399 985 3440 vestra.
1011 3388 1214 3440 Primus
1238 3398 1393 3441 vestro
1417 3389 1572 3440 tacite
1601 3403 1739 3441 corr.

209 3454 430 3523 Cujacius
451 3459 498 3508 in
521 3455 638 3524 Cuj.
670 3463 716 3508 1.
749 3457 906 3510 [tecte
934 3467 1101 3509 nostra
1130 3466 1343 3525 propter
1383 3473 1528 3526 seqq.
1570 3458 1743 3525 quibus

209 3527 347 3577 uicem
380 3527 531 3577 nostri
571 3526 868 3577 mandamus
898 3527 1178 3578 examinis:
1207 3544 1370 3594 neque
1395 3537 1565 3578 tamen
1608 3527 1744 3579 accio

215 3595 438 3662 piendum
465 3595 529 3646 de
560 3596 818 3647 auditorio
848 3598 927 3647 cui
962 3597 1200 3661 princeps
1227 3595 1337 3662 ipse
1387 3606 1599 3662 pfiL'tBSl,
1651 3595 1742 3647 sed

211 3661 269 3714 de
287 3663 560 3722 auditmio,
605 3664 970 3731 quodcumque
1011 3661 1304 3718 nomines.
1349 3661 1463 3717 vice
1497 3664 1742 3731 principis

215 3731 439 3792 habetur,
463 3734 544 3785 hic
565 3746 592 3784 a
617 3737 926 3799 proronsule
950 3733 1138 3785 Africa:
1170 3735 1218 3784 in
1244 3735 1526 3799 provincia.
1553 3733 1610 3786 C.
1637 3731 1738 3785 Th.

212 3813 258 3851 c.
300 3801 375 3854 11.
419 3803 467 3854 lt.
536 3810 574 3853 t.
625 3803 974 3853 sublimitatem
1018 3812 1189 3871 tuam,
1239 3805 1324 3869 qui
1377 3802 1743 3871 cognitionibus

212 3881 420 3937 nostram
439 3873 586 3923 uicem
607 3881 959 3937 repraesentes,
983 3879 1035 3924 et
1059 3870 1144 3931 XI.
1168 3871 1257 3933 36,
1280 3872 1331 3923 3.

273 3936 298 3974 ά
334 3939 386 4000 4,
409 3939 501 3992 Til.
545 3936 618 3990 id.
665 3940 864 3991 I'rimus
885 3939 1126 4007 Cujacius
1150 3941 1199 3992 iu
1222 3942 1334 4008 Cuj.
1366 3942 1388 3994 1
1416 3940 1571 3994 tacite
1602 3955 1738 3994 corr.

211 4006 304 4069 ita,
333 4017 484 4078 recte.
519 4009 637 4061 Mox
663 4008 750 4060 Be.
777 4006 1002 4078 negotiis.

279 4087 300 4112 ο
341 4077 423 4129 Bc.
447 4094 529 4130 an.
564 4095 578 4129 :
611 4096 629 4128 ι
658 4076 1048 4131 Romansianum
1074 4092 1231 4146 prope
1253 4076 1494 4131 Naissum
1527 4077 1638 4131 Gfr.
1667 4079 1743 4130 iu—

213 4145 398 4215 telligit.
437 4147 572 4200 ldem
607 4151 828 4200 fortasse
868 4148 1035 4199 innuit
1074 4147 1217 4199 Itoni.
1265 4150 1314 4200 in
1339 4147 1399 4202 'l‘.
1434 4147 1494 4200 C.
1539 4149 1601 4211 l.,
1627 4162 1742 4215 quae

214 4213 413 4267 Romam
443 4230 705 4283 nunquam
749 4217 816 4268 ita
855 4217 1171 4282 exprimunt.
1197 4216 1454 4268 Czeterum
1499 4213 1654 4268 llom.
1693 4223 1746 4268 et

213 4283 358 4335 Rutn.
399 4285 651 4337 interdum
680 4285 978 4337 Ravennam
1025 4285 1252 4338 indicare
1294 4293 1436 4351 puto.
1463 4305 1482 4336 υ
1517 4287 1614 4339 ϐο.
1643 4286 1744 4338 Ro-

214 4355 501 4406 mmtsianam
521 4393 534 4414 ,
560 4367 660 4406 non
687 4354 1076 4406 Ilumansianum
1105 4368 1274 4420 prop.,
1304 4355 1395 4406 sed
1426 4357 1474 4406 in
1501 4354 1696 4406 Chron.
1728 4371 1738 4404 :

221 4439 238 4470 ι
263 4421 390 4489 Ergo
415 4423 504 4475 fuit
544 4423 644 4476 hoc
678 4431 913 4488 tempore
949 4422 1322 4474 Constantinus
1352 4421 1549 4474 Romae.
1575 4442 1592 4473 ι
1631 4424 1742 4474 Dis-

3279 309 3380 366 150

1746 437 1794 490 Α
1825 427 1956 480 ῊΙΙ.
1987 428 2070 479 Id.
2099 425 2230 480 Nov.
2260 421 2581 478 Constantina
2610 421 2669 472 A.
2703 419 2787 472 l\".
2813 427 2858 471 et
2888 417 3081 470 Licinio
3113 414 3200 469 IV.
3232 415 3375 469 Cass.

1824 517 1994 588 (διδ).

2344 617 2408 655 DE
2438 615 2567 653 DECU
2579 611 2831 684 RIONWUS;

1895 725 2030 794 Imp.
2062 723 2416 779 Constantinus
2453 723 2514 774 Α.
2561 721 2627 772 ad
2656 719 3084 788 Crispiuunt.....0
3127 715 3384 780 Quoniam

1824 814 2092 878 dubitasti,
2119 813 2144 850 ιι
2165 825 2336 866 mrum
2359 827 2422 865 ex
2445 824 2665 863 numero
2691 809 2892 861 dierum
2911 816 2931 842 ο
2963 820 3029 858 an
3056 820 3122 860 ex
3150 803 3387 857 nomina-

1829 904 1968 958 tioiie
1995 902 2346 956 Kalendarum
2374 899 2662 966 computari
2690 898 2910 951 duorum
2937 894 3196 950 mensium
3224 894 3248 928 δ
3268 908 3386 962 spa-

1829 996 1898 1049 tia
1929 995 2172 1058 debeant,
2204 993 2368 1045 forma
2397 990 2589 1059 publici
2618 989 2751 1057 juris
2777 987 3103 1042 observanda
3130 994 3234 1049 est,
3269 998 3387 1053 qua:

1829 1085 2106 1140 manifeste
2134 1095 2156 1120 ο
2188 1084 2443 1146 declarat,
2491 1081 2614 1149 quid
2660 1095 2755 1149 pro
2801 1079 3004 1133 dierum
3034 1076 3050 1114 ί
3085 1075 3392 1130 diversitate

1831 1176 2141 1246 praeceperit
2180 1172 2577 1242 comprehendi.
2612 1171 2726 1222 Dat.
2764 1168 2886 1222 Kal.
2921 1168 3033 1222 Oct.
3065 1165 3392 1222 Constantino

1830 1269 1894 1322 Α.
1926 1265 2013 1320 IV.
2043 1275 2089 1319 et
2110 1265 2304 1317 Licinia
2334 1263 2421 1316 IV.
2453 1261 2592 1316 Cass.
2634 1260 2806 1331 (315).

1998 1415 2064 1454 DE
2099 1413 2286 1453 JUDIEIS
2313 1439 2326 1463 ,
2367 1410 2654 1451 οωιιεοωε
2692 1410 2759 1448 ΕΤ
2799 1407 3145 1447 SAHARITANIS
3172 1401 3217 1443 ὅ.

1903 1531 2038 1602 Imp.
2065 1529 2421 1584 Constantinus
2443 1529 2505 1581 Α.
2527 1526 2552 1562 h
2576 1528 2640 1578 ad
2663 1525 2934 1595 Euagrium
2961 1524 3044 1594 ΡῙ.
3073 1524 3138 1577 Ρ.
3161 1522 3175 1560 ί
3195 1521 3394 1578 Judazis

1841 1632 1894 1676 et
1922 1622 2205 1690 majoribus
2252 1635 2433 1675 eorum
2478 1629 2530 1672 et
2583 1615 2933 1686 patriarchisi
3003 1614 3249 1668 volumus
3276 1612 3395 1665 inti-

1836 1713 1965 1765 mari
1988 1752 2000 1773 ,
2026 1712 2163 1780 quod
2192 1752 2205 1775 ,
2236 1711 2278 1763 si
2307 1712 2422 1776 quis
2443 1707 2491 1770 ιι,
2528 1717 2642 1775 post
2675 1706 2808 1759 hanc
2837 1707 3027 1774 legem,
3051 1704 3275 1770 aliquem
3304 1702 3392 1770 qui

1762 1793 1807 1851 B
1833 1817 2013 1855 eorum
2043 1801 2257 1854 feralem
2288 1799 2476 1866 fugerit
2502 1795 2517 1834 ι
2551 1805 2746 1850 sectam
2776 1805 2829 1848 et
2858 1795 2922 1848 ad
2951 1795 3040 1848 Dei
3064 1794 3259 1846 cultum
3286 1807 3396 1845 res-

1836 1891 2036 1961 pexerit
2056 1901 2115 1955 ιη,
2145 1892 2271 1942 satis
2297 1898 2385 1940 aut
2422 1888 2526 1940 alio
2557 1886 2746 1938 furoris
2773 1899 2966 1952 genere
2993 1893 3018 1918 η
3041 1924 3056 1948 ,
3089 1881 3227 1951 quod
3256 1896 3394 1934 nunc

1837 1983 1948 2036 fieri
1979 1983 2321 2048 cognovimus
2342 1987 2389 2044 θ,
2439 1991 2599 2029 ausus
2620 1976 2775 2027 fuerit
2795 1982 3074 2037 attentare,
3099 1987 3221 2024 mox
3243 1972 3395 2024 llam-

1835 2073 1932 2125 mis
1962 2071 2232 2124 dedendus
2255 2078 2336 2122 est
2359 2077 2382 2116 P
2412 2076 2464 2121 ct
2493 2082 2611 2120 cum
2654 2065 2898 2119 omnibus
2948 2064 3055 2116 suis
3077 2073 3102 2110 τι
3129 2060 3398 2130 participi-

1834 2161 1933 2215 bus
1962 2158 2380 2213 concremandus
2408 2166 2452 2209 τ.
2485 2155 2511 2224 §
2564 2158 2612 2208 1.
2645 2155 2698 2208 Si
2727 2155 2844 2221 quis
2873 2168 2996 2206 vero
3019 2167 3080 2205 ex
3114 2151 3305 2219 populo
3328 2150 3393 2202 ad

1837 2265 2019 2305 eorum
2067 2248 2320 2303 nefariam
2367 2255 2563 2300 sectam
2605 2243 2892 2298 accesserit
2935 2249 2988 2295 et
3035 2239 3398 2294 conciliabulis

1838 2357 2020 2396 eorum
2051 2357 2108 2396 se
2131 2340 2470 2408 applicaverit
2493 2379 2506 2401 ,
2536 2353 2652 2390 cum
2680 2337 2806 2405 ipsis
2838 2349 3018 2404 poenas
3040 2333 3252 2386 meritas
3283 2348 3400 2386 sus-

1841 2432 2044 2486 tinebit.
2078 2430 2191 2482 Dat.
2219 2428 2332 2481 XV.
2358 2437 2377 2464 ε
2411 2426 2534 2479 Καί.
2565 2425 2699 2478 Nov.
2722 2425 2965 2493 Mitt-gillo
2992 2424 3038 2490 ί,
3071 2421 3399 2476 Constantino

1839 2521 1902 2575 A.
1937 2520 2062 2574 IV.“
2091 2529 2134 2571 et
2157 2518 2351 2570 Licinia
2373 2515 2458 2569 IV.
2486 2514 2625 2568 Cass.
2661 2515 2828 2584 (515).

1912 2704 1937 2730 α
1972 2695 2201 2764 Dignitas
2228 2694 2375 2748 deest
2401 2702 2451 2747 et
2473 2693 2586 2764 sine
2609 2691 2714 2764 ulla
2744 2691 2952 2764 quidem
2968 2691 3183 2764 lacuum
3201 2688 3400 2764 judicio

1842 2765 1892 2817 in
1921 2759 2057 2818 cod:
2073 2767 2125 2827 ι1,
2153 2765 2273 2817 edd.
2309 2764 2409 2816 Til.
2435 2791 2504 2801 —
2532 2762 2648 2827 Cuj.
2681 2762 2756 2813 2⁸.
2804 2762 2927 2822 11ο.;
2957 2759 3055 2814 ϐο.
3112 2760 3194 2811 lli.
3241 2761 3402 2812 omis-

1843 2781 1892 2817 ιη
1921 2779 2039 2818 cou.
2073 2779 2125 2827 ιι,
2153 2779 2273 2817 eun.
2310 2779 2409 2816 tu.
2435 2791 2504 2801 —
2532 2779 2648 2883 cui.
2681 2779 2756 2813 τ.
2804 2779 2927 2822 ue.;
2957 2779 3055 2814 υο.
3112 2779 3194 2811 iu.
3241 2779 3399 2812 uinis-

1843 2849 1954 2914 sam
2009 2834 2239 2887 indicant
2289 2835 2541 2902 quinque,
2621 2832 2705 2884 ii‘.
2769 2846 2860 2884 sex
2903 2830 3138 2897 punctis;
3190 2828 3399 2895 reposui

1883 2919 2094 2970 tuoque.

1844 2920 2094 2971 quinque.

1916 2971 1941 3008 δ
1968 2971 2077 3025 Fol.
2102 2973 2203 3026 9.10
2235 2971 2349 3026 cod.
2378 2971 2432 3023 4.

1919 3052 1938 3077 θ
1970 3040 2066 3095 ϐο.
2100 3057 2220 3094 ann.
2253 3058 2264 3093 :
2295 3059 2311 3092 ‹
2349 3039 2492 3093 XXX
2516 3039 2628 3093 scil.
2662 3057 2680 3089 ι
2713 3037 2946 3093 Vid.Go.
2981 3037 3032 3090 in
3059 3051 3252 3090 comm.
3281 3035 3399 3091 h.c.

1915 3108 1940 3144 ἀ
1970 3112 2022 3175 4,
2054 3111 2174 3164 edd.
2204 3120 2322 3164 ante
2345 3111 2435 3162 Bc.
2464 3111 2618 3161 duum
2662 3125 2902 3172 mensum,
2946 3106 3035 3160 scd
3077 3107 3174 3159 Co.
3223 3108 3400 3175 duum.

1844 3180 1962 3231 Vitl.
1991 3174 2051 3232 C.
2081 3179 2177 3232 Th.
2213 3181 2297 3241 ιν,
2327 3180 2380 3243 6,
2405 3180 2456 3237 3.
2491 3189 2598 3230 not.
2631 3194 2678 3240 ο,
2713 3177 2820 3237 VII,
2860 3179 2942 3238 l2,
2965 3177 3034 3238 2,
3071 3175 3161 3238 Xl,
3191 3176 3276 3239 30,
3312 3174 3398 3235 10,

1846 3249 1932 3314 65,
1967 3250 2052 3313 67,
2088 3249 2173 3308 XI,
2208 3252 2296 3310 31,
2328 3250 2380 3302 4.
2410 3249 2506 3302 Co.
2534 3263 2655 3300 ann.
2696 3263 2708 3300 :
2745 3265 2760 3296 t
2793 3246 3401 3314 lnlraquosnominatus

1843 3320 1906 3370 ad
1943 3333 2128 3370 munus
2164 3319 2425 3385 publicum
2470 3317 2889 3384 (Duntnviratum
2941 3313 3082 3382 puta)
3129 3313 3402 3380 appellare

1882 3397 2035 3440 olest.
2068 3405 2084 3437 ι

1845 3403 1876 3455 p
1918 3467 1939 3533 ς
2030 3458 2322 3522 manifesta},
2356 3455 2514 3507 rubro
2540 3453 2642 3533 col.
2674 3468 2814 3506 corr.
2845 3452 3125 3521 manifeste.

1921 3524 1937 3560 ί
1972 3526 2071 3578 Gn.
2105 3527 2214 3578 vult
2243 3542 2407 3578 rerum
2440 3538 2532 3591 pro
2563 3526 2773 3583 dierum,
2806 3538 2904 3575 non
2935 3533 3095 3591 recte.

1917 3594 2038 3646 815
2067 3610 2174 3646 om.
2204 3589 2454 3646 Cwlicolis
2499 3603 2544 3645 et
2591 3591 2944 3645 Samaritanis.
2989 3589 3118 3642 Cod.
3167 3590 3300 3643 Just.
3342 3591 3404 3644 de

1843 3662 2038 3716 Iudicis
2064 3673 2106 3714 et
2136 3663 2383 3715 Caelicolis
2407 3703 2420 3721 .
2477 3678 2584 3714 om.
2627 3661 2984 3714 Samaritunis.
3015 3661 3172 3712 Facta
3202 3671 3283 3712 est
3311 3676 3405 3712 aus

1846 3740 1948 3784 tem
1985 3733 2180 3785 tnentio
2213 3733 2646 3786 Samaritanorum
2674 3735 2722 3782 in
2759 3731 2835 3781 tit.
2869 3729 2998 3782 Cod.
3028 3728 3161 3781 Just.
3191 3729 3256 3780 de
3287 3729 3403 3782 lla:-

1846 3803 2022 3854 reticis
2064 3811 2117 3854 et
2161 3801 2456 3854 Manichteis
2484 3809 2538 3854 et
2562 3799 2833 3854 Satnaritis
2863 3799 2953 3864 (l,
2986 3798 3071 3865 5).
3107 3800 3272 3849 Noun.
3308 3799 3397 3850 llr.

1845 3872 1928 3923 Al.
1959 3871 2110 3924 codd.
2145 3869 2415 3924 Cellicolis.
2450 3869 2565 3938 Cuj.
2620 3871 2642 3922 1
2675 3896 2744 3906 --
2771 3867 2888 3935 Cuj.
2919 3869 2954 3919 2
2975 3872 2990 3888 ·
3021 3866 3217 3920 Judwis
3267 3869 3404 3920 ειειὶ-

1844 3941 1983 3991 colis.

1919 4007 1943 4044 ιλ
1977 4009 2031 4060 11
2061 4026 2175 4060 aaa.

1923 4076 1936 4113 ί
1975 4079 2059 4141 11,
2097 4080 2183 4142 15,
2215 4080 2312 4142 50,
2341 4078 2402 4130 51
2434 4118 2447 4139 ,
2477 4077 2597 4131 edd.
2624 4084 2744 4129 ante
2772 4075 2861 4129 Be.
2893 4089 2999 4128 om.
3035 4073 3121 4143 ΡῙ.
3159 4073 3258 4140 Ρ.;
3291 4091 3399 4129 rec.

1845 4145 1936 4199 Be.
1971 4148 2069 4200 hoc
2096 4150 2281 4215 siglum
2310 4162 2372 4199 ex
2403 4147 2501 4200 ϐο.
2533 4155 2642 4199 not.
2677 4156 2830 4215 etuex
2871 4145 3000 4198 Cod.
3029 4144 3188 4209 Just.,
3239 4154 3400 4200 recte.

1849 4215 1962 4268 Vid.
1994 4215 2052 4267 c.
2085 4213 2183 4268 Tli.
2215 4215 2349 4276 xlv,
2379 4216 2432 4279 8,
2467 4216 2512 4266 1.
2548 4215 2612 4267 is
2639 4215 2680 4266 A
2712 4213 2946 4281 Evagrio.

1919 4285 1930 4332 i
1975 4284 2220 4337 lllendose
2247 4286 2374 4336 Aur.
2411 4285 2575 4352 Lugd.
2608 4284 2901 4350 patiare/tis.

1918 4352 1941 4422 ξε
1980 4355 2062 4417 11,
2098 4355 2184 4418 15,
2209 4355 2335 4406 Cod.
2364 4353 2495 4406 Just.
2526 4356 2567 4405 si
2590 4355 2732 4422 quis;
2764 4352 2878 4404 rell.
2899 4353 2953 4422 si
2974 4352 3079 4419 qui.

1918 4420 1935 4457 1
1972 4423 2100 4474 lline
2144 4427 2376 4490 pergitur
2403 4424 2456 4475 in
2484 4420 2608 4476 cod.
2630 4423 2661 4474 4
2690 4431 2742 4474 et
2772 4421 2908 4486 apud
2933 4422 3032 4474 Til.
3062 4422 3180 4474 Vid.
3210 4423 3269 4476 C.
3296 4422 3397 4476 Th.

214 4499 366 4559 sentit
400 4493 547 4559 igitur
587 4508 616 4544 a
659 4507 716 4545 se
757 4493 886 4558 ipso.
929 4491 1054 4556 Qtue
1099 4491 1188 4545 Be.
1214 4491 1279 4543 de
1316 4493 1570 4558 scriptura
1595 4491 1741 4543 Ilom.
1771 4496 1821 4553 υ
1848 4490 1995 4554 XVI,
2026 4491 2078 4556 5,
2109 4491 2197 4554 66,
2228 4503 2336 4545 ηοι.
2363 4509 2412 4543 a.
2446 4491 2635 4558 Incipit
2660 4501 2833 4544 autem
2863 4505 2982 4545 cum
3018 4507 3065 4545 ν.
3096 4503 3279 4545 sectam
3307 4491 3400 4546 fol.

217 4557 355 4629 dicit,
375 4557 433 4612 ea
455 4563 606 4629 plane
630 4560 757 4614 falsa
778 4557 920 4613 Sunt.

286 4627 304 4664 ί
337 4627 564 4683 See—Co.
599 4629 746 4698 "Pag.
789 4629 1007 4684 Reland.
1052 4645 1103 4698 p.
1155 4629 1259 4683 295
1301 4627 1527 4682 Licinius
1562 4629 1745 4684 Cwsar.

216 4694 349 4749 Mox.
375 4698 462 4752 ϐο.
496 4701 559 4750 ad
585 4694 772 4750 Polum
791 4738 805 4759 ,
829 4713 936 4752 err.

287 4775 310 4810 ε
340 4766 425 4820 ϐο.
455 4784 599 4836 prop.
630 4776 962 4834 occupatum,
987 4782 1158 4836 neque
1194 4777 1368 4822 tamen
1401 4769 1631 4836 spernit,
1665 4784 1748 4820 ac~

221 4839 483 4901 cupandum
513 4846 602 4890 aut
645 4837 991 4905 occupandum
1031 4838 1281 4905 deinceps.
1313 4837 1452 4891 Idem
1496 4840 1652 4896 habet
1680 4838 1754 4890 vel

222 4917 314 4959 Dro
332 4915 397 4959 et.
417 4907 588 4959 idaue.

222 4917 314 4970 pro
332 4915 397 4969 et,
417 4907 588 4970 idque.

291 4973 452 5046 Laur.
483 4973 650 5046 Lugd.
678 4976 739 5028 de
765 4991 819 5028 ce
842 4985 1024 5029 cetera.

298 5039 312 5113 ξ
339 5043 426 5098 ϐο.
457 5039 879 5113 ειη.ἐονροταιαε
907 5047 986 5099 vel
1013 5053 1296 5113 occupatas.

298 5109 445 5168 iSec.
491 5114 586 5169 ϐο.
621 5109 717 5183 pro
774 5113 931 5184 PP.;
973 5109 1144 5184 neque
1188 5115 1328 5169 enim
1377 5114 1753 5169 Constantinus

228 5176 318 5234 hac
341 5194 481 5238 aetate
510 5176 689 5237 Romae
716 5183 969 5236 consulit.

298 5247 316 5285 ¹ί
341 5256 388 5316 3,
409 5253 457 5315 4,
490 5252 728 5306 Til.—Ri
749 5256 786 5304 ‘.
815 5251 1148 5321 Dendrofaris
1176 5261 1229 5307 et
1258 5251 1387 5306 infra
1434 5253 1746 5322 dendrafori.

235 5316 321 5390 Ge.
347 5323 392 5390 in
414 5337 597 5375 comm.
627 5323 697 5390 ej.
725 5316 1041 5376 centenariis'.

303 5386 321 5461 1_
341 5389 409 5461 Es
435 5395 548 5461 cod.
590 5386 669 5452 ὅ(
692 5392 953 5461 quidvero
979 5392 1225 5461 icolligiis.
1258 5392 1311 5455 4,
1336 5391 1618 5461 Til.—Bc.
1642 5405 1746 5461 om.

237 5458 447 5532 cullegiis.
470 5460 580 5514 Jam
604 5461 764 5532 Panc_.
786 5459 946 5514 Thes.
973 5460 1014 5520 1.
1041 5458 1129 5524 52,
1156 5461 1304 5532 prob.
1334 5459 1486 5514 Rein.
1511 5460 1750 5528 probabi—

240 5522 421 5601 liter'cj.
451 5531 672 5601 collegio:
718 5528 816 5583 ϐο.
858 5537 1033 5601 autem
1081 5522 1371 5598 corporibus
1413 5545 1458 5584 ε.
1511 5522 1745 5598 corpora,

242 5597 433 5660 improb.
461 5597 609 5662 Maio,
644 5599 732 5651 Be.
761 5600 1068 5662 corporibus.

302 5670 335 5699 '“
359 5665 461 5721 Fel.
483 5666 603 5734 3M,
623 5667 742 5722 cod.
769 5668 823 5721 1.
846 5665 962 5721 Mox
989 5668 1078 5724 Be.
1104 5667 1296 5722 Naissi.

1850 4563 1954 4614 455
1980 4570 2004 4596 ⁸
2033 4561 2152 4614 cod.
2181 4561 2233 4613 4.
2965 4602 2973 4609 .

1921 4640 1958 4665 ω
1982 4631 2039 4682 11
2069 4641 2251 4682 sectam
2279 4629 2426 4681 etiam
2455 4627 2550 4681 Dei
2578 4629 2717 4682 cultu
2743 4630 3017 4683 recesserit.

1921 4708 1948 4733 η
1979 4699 2011 4751 4
2043 4709 2220 4759 tenere,
2248 4700 2404 4750 rubro
2424 4701 2526 4752 col.
2557 4714 2662 4754 em.
2685 4715 2881 4768 genere.

1926 4776 1948 4802 ο
1982 4769 2078 4820 ϐο.
2105 4769 2466 4834 cognoscimus.

1926 4845 1952 4884 ιι
1981 4837 2076 4890 ϐο.
2111 4853 2216 4901 om,
2241 4848 2330 4890 est.

1926 4915 1952 4954 (ι
1987 4906 2048 4959 15
2070 4921 2176 4958 om.
2206 4908 2328 4959 suis.

1927 4983 1947 5010 τ
1980 4975 2104 5044 Sqq.
2136 4976 2248 5029 des.
2275 4979 2324 5028 ln
2353 4977 2480 5030 Cod.
2509 4976 2642 5032 Just.

1924 5053 1942 5078 υ
1976 5045 2033 5096 11
2071 5047 2363 5117 accesserint
2379 5056 2430 5117 et
2458 5048 2796 5117 conciliabalis
2833 5063 3004 5100 eorum
3039 5065 3093 5102 se
3118 5050 3405 5117 applicave-

1854 5115 2044 5234 rint
2069 5115 2320 5168 sustineri.
2366 5115 2486 5169 Dat.
2529 5115 2598 5170 X.
2643 5115 2760 5185 Cuj.
2785 5117 2819 5168 2
2842 5157 2856 5182 ,
2882 5118 2918 5170 2
2941 5122 2957 5140 ⁶
2988 5115 3236 5173 mendOSe
3262 5119 3401 5174 Non.

1856 5199 1948 5234 nro
2026 5199 2101 5234 ου.

1855 5199 1948 5252 pro
1973 5199 2101 5252 [νου.

1931 5254 1944 5288 ι
1977 5252 2046 5322 Ita
2068 5251 2122 5317 t,
2158 5253 2354 5317 11,
2387 5254 2474 5317 50,
2504 5253 2592 5319 51,
2624 5253 2754 5308 Cod.
2777 5255 2911 5308 Just.
2945 5256 3068 5309 Lab.
3093 5255 3401 5322 Til.—Ri’.;

1851 5322 1944 5376 Be.
1977 5321 2223 5390 Murgilli.
2250 5323 2346 5376 Gn.
2379 5325 2448 5391 cj.
2481 5323 2737 5385 Mursilla,
2769 5326 2905 5390 quod
2933 5325 2982 5377 in
3016 5327 3282 5379 Pannoiiia
3309 5321 3400 5381 su?

1853 5393 2059 5474 periore
2092 5407 2250 5474 prope
2292 5392 2515 5474 Murs-am
2545 5395 2703 5474 situm
2736 5394 2896 5474 fuisse
2921 5395 3068 5474 dicit.
3121 5395 3400 5448 llerrmau-

1853 5459 1952 5513 nus
1971 5460 2034 5513 de
2061 5459 2125 5528 cj.
2164 5459 2259 5516 ϐο.
2291 5463 2375 5514 ed.
2411 5461 2650 5515 Mars-illo
2677 5463 2727 5515 in
2754 5462 2881 5514 Cod.
2912 5461 3046 5515 Just.
3069 5473 3260 5517 etante
3281 5480 3399 5518 eum

1851 5529 1944 5601 lle.
1994 5529 2275 5594 llfursillw,
2323 5531 2414 5601 sed
2459 5547 2524 5584 ne
2568 5530 2959 5601 unusquidem
3001 5533 3135 5587 liber
3181 5550 3280 5586 ηις.
3312 5549 3396 5601 ap.

1852 5598 2235 5653 Herrmannum
2257 5598 2531 5652 confirmat
2555 5597 2652 5652 ϐο.
2684 5600 2751 5666 cj.

1923 5676 1948 5704 ιι
1978 5668 2041 5721 Ri
2065 5672 2102 5719 ‘.
2137 5666 2456 5722 Constantina
2496 5669 2556 5721 Α.
2585 5666 2720 5735 XV.,
2749 5681 2929 5724 errore
2957 5685 3024 5724 an
3051 5670 3288 5725 inductus
3311 5686 3405 5741 per
