3876 6218
435 320 540 378 139

1665 304 2109 368 CONSTANTINI
2144 304 2358 361 MAGNI

3553 272 3646 342 tto

434 432 671 505 possibile
675 432 953 505 judicetur,
977 438 1063 484 aut
1091 429 1223 498 quod
1253 437 1280 467 ι
1309 427 1553 482 honestati
1582 425 1887 479 contrarium
1924 424 1996 477 υἱ-
2022 421 2071 485 Α
2100 419 2317 489 publice,
2348 434 2448 472 non
2475 413 2706 487 privatim
2720 411 2795 469 uel
2821 414 3073 505 secrete},
3098 404 3184 461 sed
3202 410 3287 458 aut
3314 401 3366 458 in
3407 399 3599 505 tabulis.
3620 397 3645 435 δ

436 526 645 588 deatur;
689 530 774 575 aut
815 522 858 575 si
899 520 952 573 id
982 518 1174 573 ordinet
1212 519 1324 585 fieri
1359 517 1493 583 quod
1531 518 1794 570 honestum
1832 523 1903 566 est
1949 520 1997 565 et

437 612 595 683 possit
624 609 652 648 ι)
682 610 878 679 impleri
900 625 919 674 ;
946 608 1063 679 quia
1089 617 1204 660 tunc
1226 607 1513 673 inﬁrmatur
1542 604 1769 669 aonatio,
1797 602 1997 671 quando

438 703 745 758 conditiones
770 701 1041 754 honestatis
1076 697 1327 769 possibilis
1365 708 1386 735 ο
1414 697 1631 765 impleta:
1659 710 1759 747 non
1786 693 1993 763 fuerint.

440 792 581 848 Nam
606 793 649 845 si
672 792 947 845 inbonestw
972 784 1001 827 ἀ
1041 798 1087 842 et
1113 787 1446 858 impossibiles
1465 786 1775 839 conditiones
1803 798 1999 852 ponan-

438 894 520 938 tur
547 893 590 947 ο,
614 881 813 937 remotis
840 879 1226 944 conditionibus,
1256 878 1400 943 ﬁrma
1416 876 1622 929 donatio
1647 884 1737 928 est.
1769 873 1862 928 Est
1882 874 2000 925 item

440 970 530 1028 etf
562 970 736 1025 aliain
774 986 873 1040 qua
923 969 1015 1023 sibi
1041 969 1254 1023 donator
1278 978 1468 1020 certum
1495 975 1690 1034 tempus
1725 962 2001 1031 possessio-

440 1067 519 1119 nis
545 1075 569 1109 κ
598 1072 811 1119 reservat
837 1059 887 1114 ιι.
922 1061 1047 1129 Quae
1091 1058 1107 1096 ί
1143 1068 1306 1112 tamen
1336 1073 1504 1111 omnes
1530 1056 1819 1110 donationes
1850 1069 2002 1123 supcv

437 1158 549 1211 rius
582 1155 951 1226 comprehensas
983 1153 1026 1206 si
1056 1151 1257 1206 modum
1286 1150 1581 1204 excesserint
1612 1149 1718 1217 lege
1746 1145 2002 1215 conscrip-

439 1257 565 1314 tum,
589 1246 722 1300 unde
752 1252 959 1315 possunt
984 1252 1130 1297 certat
1156 1256 1381 1311 personat
1411 1240 1471 1293 de
1498 1238 1765 1291 immodica
1795 1237 1807 1284 l
1844 1236 2003 1289 dona-

440 1340 571 1393 tione
600 1352 895 1407 proponere,
934 1337 1028 1388 Itoc
1054 1343 1125 1388 est
1152 1335 1195 1385 si
1223 1342 1452 1401 quartam
1484 1330 1577 1383 sibi
1609 1328 1868 1400 facultatis
1897 1340 2003 1379 sua!

438 1429 651 1484 donator
687 1444 788 1481 non
820 1426 1157 1489 reservaverit,
1196 1441 1295 1477 non
1332 1422 1580 1476 ualebunt.
1626 1420 1729 1475 Sed
1766 1426 2005 1488 praeterea

440 1520 533 1574 illa
562 1520 765 1573 donatio
792 1529 967 1573 contra
998 1518 1155 1588 legem
1185 1524 1277 1582 est,
1309 1516 1352 1569 si
1385 1515 1497 1585 quis
1530 1530 1634 1568 rem
1668 1513 1721 1567 in
1756 1512 1844 1567 lite
1866 1510 2006 1579 posi-

440 1623 564 1679 tam,
589 1629 702 1682 qutz
721 1610 1011 1681 repetituri,
1035 1606 1143 1663 aut1
1170 1617 1303 1663 recto
1319 1608 1495 1662 ordine
1518 1607 1687 1671 donet,
1721 1612 1807 1658 aut
1832 1603 2004 1658 condi-

444 1704 631 1757 tionem
659 1712 833 1756 contra
860 1703 1015 1755 bonos
1040 1716 1221 1765 mores,
1253 1699 1347 1753 ltoc
1372 1708 1443 1753 est
1478 1713 1710 1753 caussam
1738 1695 2004 1764 cujuslibet

440 1794 687 1859 criminis,
726 1795 939 1850 donator
973 1794 1024 1847 in
1067 1792 1335 1845 donatione
1373 1790 1671 1844 conscribat.
1717 1786 1998 1841 Minoribus
2026 1772 2076 1832 Β

437 1898 552 1938 vero
579 1885 621 1937 si
647 1883 765 1951 quid
794 1883 941 1953 fuerit
978 1899 1065 1954 per
1087 1882 1405 1936 donationem
1426 1897 1456 1932 a
1479 1893 1769 1948 quocunque
1788 1886 1827 1913 ω
1853 1875 1994 1931 obla-

441 1986 545 2030 tum
588 1975 689 2028 sive
717 1975 975 2041 collatum,
1009 1984 1194 2029 tutores
1229 1974 1308 2026 vel
1339 1981 1595 2026 curatores
1626 1985 1795 2024 eorum
1824 1967 1999 2022 debent

438 2068 637 2127 studere
673 2084 734 2122 ne
778 2067 897 2135 quid
927 2068 1153 2135 firmitati
1190 2066 1471 2121 donationis
1510 2073 1538 2100 η
1580 2064 1724 2117 desit.
1774 2061 1923 2129 Quod
1956 2060 2001 2116 si

440 2173 613 2211 eorum
655 2156 955 2227 negligentia
993 2156 1196 2209 donatio
1239 2154 1304 2207 ad
1343 2152 1573 2219 effectum
1617 2151 1858 2220 perducta
1900 2165 2003 2210 non

439 2250 608 2319 fuerit,
640 2250 705 2302 ad
732 2264 902 2301 eorum
928 2248 1245 2317 dispendium
1276 2244 1557 2315 pertinebit,
1583 2249 1655 2298 ita
1682 2253 1733 2296 ut
1758 2242 2000 2311 quicquid

435 2338 652 2394 minores
682 2339 741 2391 de
768 2336 1032 2390 donatione
1071 2336 1395 2406 perdiderint,
1431 2344 1681 2387 curatores
1707 2333 1783 2388 uel
1813 2341 2004 2389 tutores

436 2429 541 2485 illis
572 2436 595 2464 ο
627 2428 688 2481 de
716 2429 923 2498 propria
952 2428 1190 2497 facultate
1216 2427 1502 2478 restituant.
1537 2423 1603 2476 In
1629 2422 2002 2476 conscribendis

436 2528 603 2574 autem
629 2529 657 2568 ι)
683 2517 1033 2573 donationibus
1054 2518 1133 2570 hic
1162 2519 1284 2570 ordo
1312 2515 1585 2573 servandus
1605 2524 1697 2579 est,
1721 2522 1775 2566 ut
1798 2514 2004 2566 donatio

436 2628 618 2667 nomen
637 2612 778 2683 prius
794 2612 1043 2664 contineat
1063 2620 1089 2658 (ι
1103 2608 1363 2662 donator-is
1379 2606 1453 2660 vel
1472 2606 1611 2661 illius
1654 2605 1731 2659 cui
1752 2604 1970 2659 donatur
1982 2619 2001 2658 ε

436 2703 616 2756 deinde
634 2718 714 2755 res
737 2710 783 2767 ι’,
801 2715 914 2770 quae
940 2700 1212 2764 donantur,
1236 2697 1339 2751 sive
1357 2697 1410 2749 in
1434 2698 1570 2766 agris
1587 2703 1633 2762 ³,
1658 2695 1759 2749 sive
1786 2694 1838 2747 in
1857 2710 2003 2746 man—

434 2793 603 2862 cipiis,
630 2793 731 2846 sive
754 2792 806 2845 in
832 2790 1127 2861 quibuslibet
1152 2788 1297 2842 rebus
1322 2797 1469 2855 atque
1492 2785 1803 2856 corporibus,
1843 2784 2005 2842 nomi~

435 2885 591 2939 natim
606 2884 658 2941 in
680 2882 981 2941 donationet
1014 2878 1539 2945 conscribendtu,sunt,
1561 2891 1661 2935 non
1682 2875 1894 2944 occulte,
1916 2874 2004 2933 sed

509 3099 536 3161 9
565 3089 697 3161 quod
722 3088 907 3161 om._in
940 3085 1115 3161 multis
1137 3083 1291 3161 codd.

507 3159 535 3197 ι»
565 3134 907 3229 lassauit;
940 3134 1304 3221 gauisus.
1349 3162 1491 3210 recte
1534 3149 1657 3208 edd.
1704 3158 1889 3223 posset.
1934 3148 2001 3204 at
2030 3134 2076 3196 C

439 3244 547 3285 om.
570 3240 634 3283 et.

514 3310 537 3339 α
566 3297 708 3353 Multi
736 3298 889 3369 codd.
916 3295 1193 3369 possibites.
1221 3294 1291 3369 20
1319 3307 1427 3347 sec.
1460 3292 1852 3369 Rithonestates
1876 3304 1998 3369 pos-

437 3369 624 3433 sibiles,
650 3368 797 3437 prob.
818 3358 1201 3437 RL'Aliicodd.
1229 3362 1501 3437 honestate.
1531 3361 1675 3416 Sich.
1702 3361 1847 3437 inin.
1872 3358 1994 3414 add.

439 3448 487 3493 et
507 3429 631 3545 post
652 3429 779 3491 'hon.
805 3438 871 3491 21
900 3434 1201 3489 conditionis
1222 3432 1495 3513 [Ionestatis
1518 3441 1564 3513 et
1590 3429 1866 3510 possibiles.

564 3506 635 3545 θη
660 3509 877 3545 Ιιηηοιιω
927 3506 1016 3545 and
1045 3518 1150 3545 san-
1178 3503 1259 3545 Ri-
1291 3503 1511 3545 latinum-
1544 3515 1699 3545 tmnr-
1724 3499 1804 3545 Rt-
1830 3498 1865 3545 2

564 3506 635 3562 20
657 3509 898 3571 honestae,
926 3506 1017 3560 sed
1044 3518 1152 3558 sec.
1178 3501 1260 3557 Ri.
1290 3503 1513 3567 honesta,
1543 3498 1699 3572 impr.
1724 3498 1804 3552 Ri.
1830 3498 1895 3553 2i
1919 3498 1997 3552 in-

440 3579 762 3631 honestatem.

513 3658 537 3685 θ
567 3646 738 3700 Νοηη.
780 3643 935 3699 codd.
969 3642 1269 3695 donaciones
1315 3657 1433 3712 pon.
1469 3640 1615 3695 Sich.
1648 3646 1994 3709 componatur,

436 3716 532 3785 sed
557 3714 609 3769 in
638 3733 707 3769 m.
738 3724 1007 3785 ponantur.

515 3784 533 3823 ί
567 3786 660 3837 Est
689 3777 838 3838 deest
885 3786 934 3836 in
983 3781 1160 3835 multis
1190 3780 1368 3845 codd.,
1418 3789 1475 3833 ut
1514 3779 1567 3832 in
1601 3777 1690 3844 20,
1725 3787 1779 3833 et
1825 3785 1871 3829 et
1909 3790 1997 3844 ap.

439 3854 583 3910 Sich.
611 3856 725 3908 Cui.
759 3856 783 3907 1
818 3883 875 3893 -
914 3852 1075 3917 Lugd.
1102 3850 1164 3903 21
1196 3852 1423 3912 wstimet,
1447 3848 1540 3902 sed
1569 3849 1619 3901 in
1648 3863 1716 3902 m.
1747 3847 1879 3900 Item
1904 3855 1995 3900 est.

514 3934 539 3971 8
570 3924 638 3977 '20
666 3940 809 3991 supr.
843 3922 963 3985 lin.,
989 3921 1061 3973 45
1086 3930 1140 3991 et
1168 3920 1252 3991 alii
1282 3919 1435 3973 codd.
1465 3918 1781 3991 donacionis.

509 3992 537 4029 δ
565 3994 710 4048 Sich.
736 3986 867 4046 'Cui.
901 3992 927 4045 1
974 4018 1043 4030 -
1084 3989 1247 4059 Lugd.
1289 3998 1465 4043 servat.
1510 3988 1684 4042 Noun.
1716 3986 1871 4041 codd.
1917 4000 2001 4038 re-

441 4073 616 4118 servet.

517 4132 533 4169 ί
572 4132 693 4187 Haec
718 4131 977 4199 interpres
1005 4144 1113 4183 sec.
1147 4128 1243 4183 ϐο.
1271 4126 1337 4199 de
1363 4141 1462 4199 suo
1479 4126 1640 4199 addit.

516 4205 529 4251 t
568 4202 631 4255 21
677 4194 892 4264 ηιοάὶεᾱ,
930 4200 1021 4253 sed
1066 4200 1116 4251 in
1158 4213 1230 4251 ιη.
1261 4194 1548 4253 immodica.
1588 4196 1712 4251 Haec
1741 4196 2003 4265 interpres

446 4285 554 4325 sec.
575 4271 673 4326 ϐο.
705 4270 769 4323 de
791 4284 887 4322 suo
914 4270 1077 4322 addit.

514 4339 537 4408 ξ
570 4340 699 4394 Aur.
735 4340 898 4408 Lugd.
929 4339 1191 4405 reperitur,
1214 4352 1317 4393 err.

520 4407 537 4447 1
572 4410 669 4465 G0.
702 4405 986 4470 vult'ltaud,
1013 4408 1167 4466 male.
1199 4421 1296 4459 nec
1317 4406 1451 4460 ullus
1470 4405 1636 4460 codex
1660 4405 1819 4459 habet
1845 4405 2001 4458 haud.

443 4477 587 4534 Multi
619 4478 770 4549 codd.
803 4478 989 4529 directo
1011 4491 1106 4549 pro
1130 4486 1283 4549 recto,
1306 4476 1442 4549 quod
1471 4491 1574 4549 non
1600 4475 2001 4543 improbandum
2029 4488 2083 4549 Ι)

442 4560 541 4603 est.
568 4548 705 4602 Mox.
729 4547 828 4602 ϐο.
857 4545 1125 4600 conscribat
1147 4555 1199 4600 et
1223 4545 1291 4599 20
1312 4547 1364 4597 in
1386 4545 1721 4601 donationem.

479 4690 488 4701 .
515 4628 552 4655 ω
582 4633 921 4687 aquocunque
957 4616 1106 4670 deest
1145 4617 1197 4669 in
1226 4614 1379 4669 codd.
1413 4614 1465 4679 6,
1496 4615 1546 4669 7.
1579 4614 1697 4667 Mox
1726 4614 1787 4668 21
1821 4623 2005 4670 tutores

445 4705 635 4840 mf:
727 4757 975 4840 ﬁrmitatis
1005 4755 1288 4809 donationis
1318 4754 1588 4823 derogent;
1616 4753 1703 4807 alii
1730 4753 1885 4808 codd.
1916 4754 2005 4821 fir-

446 4828 632 4881 mitatis
657 4827 934 4881 donationi.

521 4906 545 4932 ο
571 4897 663 4961 20,
692 4898 750 4951 21
785 4906 969 4949 tutores
994 4894 1070 4949 uel
1098 4904 1355 4951 curatores
1379 4893 1585 4947 illorum
1607 4892 1689 4963 (21
1715 4893 1862 4962 illis).

516 4988 629 5111 prin
669 4988 739 5108 20
776 4987 895 5041 add.
920 5003 1092 5042 eorum
1116 4995 1170 5041 et
1199 4986 1356 5055 paulo
1406 4984 1539 5038 infra
1573 4985 1857 5038 donationis
1893 4992 2012 5053 post

516 5076 537 5111 η
562 5074 673 5111 mea
702 5098 713 5110 .

446 5074 713 5113 contineat.

517 5162 543 5200 τι
586 5153 707 5229 Aur.
738 5148 898 5229 Lugd.
934 5149 1206 5229 continuat.
1230 5146 1372 5229 Sich.
1404 5144 1524 5227 add.
1555 5161 1631 5199 ac.
1661 5144 1920 5229 Caeterum
1956 5145 2006 5197 in

445 5219 517 5275 20
545 5236 628 5273 vv.
663 5214 864 5273 donatio
891 5235 1066 5272 nomen
1094 5219 1235 5287 prius
1256 5217 1335 5271 bis
1366 5216 1555 5287 scripta
1585 5224 1727 5279 sunt,
1753 5214 1845 5268 sed
1873 5215 2005 5268 linea

447 5292 713 5358 supposita
747 5290 908 5342 semel
940 5285 1181 5341 videntur
1205 5301 1322 5340 esse
1353 5285 1541 5339 deleta.

518 5393 538 5419 ι’
572 5384 622 5442 6,
657 5383 687 5434 7
727 5382 904 5435 deinde
932 5381 992 5432 de
1020 5380 1115 5433 Itis.
1144 5378 1284 5444 Mox,
1314 5392 1380 5431 ex
1415 5376 1531 5430 aliis
1557 5375 1715 5431 codd.
1756 5377 2006 5432 donantur

448 5453 643 5519 recepi,
674 5453 757 5503 tibi
792 5452 942 5517 vulgo
972 5450 1205 5502 donatur.

515 5550 535 5575 ⁸
568 5541 631 5594 21
666 5541 888 5608 integris,
920 5538 1013 5593 sed
1036 5554 1139 5592 em.
1166 5538 1219 5591 in
1251 5552 1323 5590 τη.
1351 5536 1405 5588 in
1430 5536 1583 5606 agris.

516 5632 529 5663 ί
568 5628 664 5684 ϐυ.
694 5644 796 5683 em.
828 5628 1120 5682 nominatim
1157 5626 1470 5689 donationes,
1504 5632 1688 5679 contra
1722 5624 1838 5680 libr.
1875 5638 2002 5679 mss.

437 5709 575 5756 anet.

2095 520 2181 563 aut
2222 510 2277 561 in
2315 507 2499 561 chartis
2547 512 2634 557 aut
2660 502 2956 570 ubicumque
3002 498 3194 567 legatur
3246 498 3383 564 facta
3432 488 3647 543 donatio.

2101 599 2263 665 Quam
2289 607 2311 636 ι
2358 606 2521 650 tamen
2546 595 2885 655 donationem,
2920 590 2959 643 si
2990 589 3182 643 litteras
3206 585 3337 637 nouit
3369 579 3420 648 δ,
3448 581 3652 633 donator

2095 690 2204 761 ipse
2231 685 2507 743 subscribat
2531 702 2549 739 :
2590 686 2634 737 si
2654 698 2773 743 sera
2812 682 3029 752 ignorat,
3065 674 3389 748 praesentibus
3430 668 3653 742 plurimis

2097 782 2266 851 eligat,
2297 779 2383 851 qui
2408 793 2501 846 pro
2525 778 2635 848 ipso
2660 771 2935 829 subscribat
2959 786 2977 824 :
3002 778 3046 824 ct
3082 778 3106 806 °
3145 768 3271 824 lianc
3303 765 3465 835 ipsam
3500 762 3653 814 dona-

2098 873 2283 926 tionem
2315 868 2335 909 ί
2365 878 2619 939 gestorum
2645 864 2919 919 solennitas
2944 871 2989 915 et
3014 858 3290 929 corporalis
3318 856 3522 910 traditio
3546 851 3655 912 sub.

2098 971 2353 1034 sequatur,
2384 962 2455 1015 ita
2482 968 2535 1014 ut
2561 960 2605 1013 si
2624 958 2828 1011 mobilia
2844 956 3111 1017 donantur,
3146 948 3473 1023 pauentibus
3503 946 3658 1034 plurif

2099 1056 2195 1108 mis
2228 1052 2493 1107 tradantur
2516 1066 2535 1104 :
2579 1050 2623 1104 si
2650 1063 2762 1102 uero
2790 1061 2909 1117 ager
2947 1044 3023 1097 vel
3049 1042 3228 1096 domus
3265 1040 3500 1102 donatur,
3531 1033 3656 1105 quod

2100 1144 2285 1199 moveri
2310 1158 2413 1195 non
2448 1148 2628 1209 potest,
2658 1146 2713 1192 ut
2757 1146 2781 1184 Β
2813 1135 2930 1190 inde
2958 1134 3170 1186 donator
3209 1127 3439 1183 abscedat
3468 1136 3515 1180 et
3539 1132 3658 1179 navo

2101 1235 2305 1290 domino
2333 1240 2499 1304 pateat
2531 1247 2609 1284 res
2634 1228 2840 1291 donata,
2883 1225 2926 1279 si
2954 1222 2983 1262 ιι
3015 1233 3181 1276 tamen
3208 1219 3298 1274 sibi
3326 1218 3388 1272 de
3419 1218 3497 1270 liis
3520 1215 3659 1268 rebus

2101 1329 2471 1397 usumfructutu
2490 1323 2704 1377 donator
2730 1335 2830 1378 non
2862 1315 2879 1359 ἱ
2910 1314 3249 1370 reseruavsrit.
3274 1310 3424 1365 Gesta
3440 1324 3551 1363 vero
3574 1308 3663 1361 do-

2100 1419 2361 1473 nationum
2379 1423 2465 1470 aut
2490 1412 2628 1487 apud
2642 1411 2873 1485 judicem
2899 1416 2986 1461 aut
3015 1405 3152 1478 apud
3182 1403 3375 1458 curiam
3400 1399 3661 1471 allegando

2101 1519 2240 1564 sunt.

2626 1611 2693 1651 ως
2742 1608 2912 1656 DONAT
2920 1603 3137 1653 IONIBUS.

2175 1710 2578 1767 Cous'rmrtuus
2624 1707 2689 1760 Α.
2746 1702 2989 1759 Aconioi
3044 1697 3315 1755 Catulinok
3366 1696 3664 1751 Proconsuli

2101 1804 2305 1875 Africa.
2328 1802 2385 1858 Si
2419 1802 2536 1871 quis
2557 1799 2608 1854 in
2631 1797 3017 1867 emancipatum
3040 1793 3297 1847 minorem
3337 1790 3482 1858 prius
3508 1802 3663 1859 quam

2100 1894 2199 1951 fari
2230 1892 2418 1963 possit,
2460 1900 2551 1946 aut
2586 1889 2783 1945 habere
2831 1887 2908 1941 rei
2948 1900 3065 1956 quae
3116 1883 3215 1940 sibi
3252 1882 3475 1940 donatur
3511 1879 3665 1936 ασθαι

2102 1994 2235 2052 tum,
2279 1984 2513 2039 italicum
2558 1981 2670 2037 sive
2707 1965 3143 2047 stipendiariuml
3185 1973 3402 2028 fundum
3429 1969 3667 2026 credide-

2101 2077 2172 2133 rit
2216 2074 2624 2145 conlerendum,
2681 2086 2838 2125 omne
2872 2068 2958 2138 jus
2996 2066 3259 2141 compleat
3306 2060 3666 2118 instrumentis

2102 2176 2227 2223 ante
2254 2167 2563 2238 praemissis,
2606 2173 2661 2218 et
2702 2160 3005 2219 inductione
3043 2155 3392 2229 corporaliter
3431 2152 3665 2225 impleta.

2103 2257 2254 2324 Quod
2283 2264 2498 2327 propter
2526 2253 2917 2309 sttestationem
2939 2248 3059 2304 ﬁdei
3091 2262 3185 2317 per
3213 2261 3332 2301 eum
3357 2253 3397 2280 ω
3418 2257 3664 2307 servum,

2104 2364 2260 2419 quem
2280 2347 2525 2401 idoneum
2552 2359 2672 2400 esse
2682 2342 2999 2406 constiterit,
3024 2338 3239 2411 transigi
3258 2336 3489 2410 placuit"
3504 2334 3593 2407 qui
3605 2348 3666 2388 eo

2104 2454 2274 2508 usque
2318 2439 2371 2496 in
2419 2444 2556 2496 Statu
2598 2449 2694 2493 suo
2738 2431 3089 2503 permanebit,
3133 2429 3302 2488 donec
3323 2427 3388 2492 is,
3418 2425 3572 2495 cujus
3603 2424 3669 2479 [ι-

2105 2528 2388 2587 cultatibus
2423 2526 2666 2592 cesserit,
2697 2538 2865 2579 annos
2907 2520 3188 2578 Laetorite°
3220 2516 3351 2585 legis
3398 2528 3666 2585 egressus,

2105 2618 2396 2687 legitimam
2419 2614 2767 2685 compleverit
2813 2619 3042 2679 aetatem,
3072 2623 3174 2676 quo
3206 2617 3330 2660 tunc
3356 2604 3595 2665 domum,
3626 2601 3669 2655 si

2105 2709 2222 2777 ejus
2248 2706 2526 2777 integritas
2546 2718 2608 2758 ac
2634 2704 2766 2757 fides
2792 2701 2948 2755 luerit
2974 2696 3335 2770 comprobata,
3359 2696 3401 2749 si
3426 2694 3494 2747 ita
3519 2692 3672 2746 sede-

2105 2800 2176 2858 rit
2212 2797 2631 2869 possidentibus,
2674 2792 2933 2853 libertatis
2988 2788 3260 2859 praemium
3294 2792 3669 2855 consequatur.

2105 2891 2228 2945 Dat.
2256 2888 2366 2953 ιιι.
2398 2886 2519 2943 Kal.
2553 2886 2681 2942 Maii
2712 2884 2957 2947 Serdica,
2986 2881 3179 2937 Sabino
3197 2889 3242 2933 et
3266 2878 3448 2947 Rufino
3476 2874 3625 2931 Cass.
3645 2883 3672 2923 ιδ

2108 2981 2277 3053 (ste).

2179 3073 2535 3136 Constantinus
2559 3072 2623 3130 A.
2655 3071 2721 3125 ad
2745 3068 2977 3124 Cassium
3006 3065 3094 3139 Pf.
3127 3063 3248 3122 UA.
3272 3059 3670 3133 Promulgatum

2171 3262 2197 3292 ⁸
2229 3253 2355 3322 Aur.
2392 3249 2802 3322 Lugd.secrc_to.

2169 3322 2197 3362 δ
2226 3306 2279 3389 ὁ,
2309 3306 2378 3377 tt
2418 3306 2585 3376 etvalii
2606 3318 2758 3373 codd.
2786 3317 2899 3389 Cui.
2935 3315 2960 3368 t
2994 3342 3072 3389 —_
3098 3311 3347 3389 Lugd.__ttt
3375 3308 3429 3363 in
3461 3306 3669 3361 tabulis.

2099 3392 2170 3449 20
2198 3404 2251 3446 ut
2266 3381 2365 3446 'aut
2393 3390 2593 3445 tabulis.
2622 3392 2673 3456 6,
2699 3390 2750 3455 'l,
2773 3388 2835 3442 2|
2871 3395 2924 3441 ut
2942 3393 3030 3438 aut
3056 3385 3108 3437 in
3138 3381 3339 3435 tabulis.

2176 3474 2195 3530 (ἴ
2228 3463 2281 3527 6,
2314 3464 2342 3516 7
2372 3461 2436 3514 In
2456 3477 2626 3530 quam.

2170 3529 2197 3568 ἀ
2224 3532 2291 3587 21
2320 3528 2567 3601 cognouit,
2592 3530 2641 3601 in
2670 3543 2749 3601 m.
2765 3528 2921 3601 nouit.

2174 3611 2196 3638 θ
2218 3603 2284 3656 ~ln
2318 3597 2477 3654 nonn.
2508 3598 2661 3653 codd.
2688 3597 2811 3650 add.
2836 3598 2909 3649 in.

2176 3670 2194 3708 ί
2224 3672 2277 3736 9,
2302 3670 2392 3736 20,
2415 3670 2504 3735 21,
2532 3667 2601 3723 44
2624 3679 2669 3721 et
2690 3678 2964 3737 gestorum.

2174 3750 2199 3787 Β
2227 3740 2369 3795 Sich.
2400 3750 2467 3793 et.

2174 3808 2203 3847 ιι
2231 3811 2355 3865 Haec
2401 3824 2508 3863 sec.
2545 3807 2646 3862 ϐο.
2691 3806 2950 3875 interpres
2979 3803 3047 3875 de
3081 3815 3176 3875 suo
3205 3796 3333 3875 ad_d._
3461 3799 3679 3875 mutato

2103 3863 2489 3935 ordinetamen
2527 3881 2743 3946 usumfr.
2783 3863 2846 3929 ι’
2873 3875 2934 3927 de
2959 3872 3225 3946 (iisrebus.
3258 3863 3677 3946 ibidem‘dana:

2112 3934 2191 4003 tor
2221 3948 2365 4030 quod.
2385 3976 2458 3988 -—-
2484 3934 2703 4000 dominio
2733 3955 2916 4015 pateat.
2956 3945 2989 3998 9
3018 3943 3058 3997 si
3089 3956 3186 4012 pro
3225 3937 3337 3992 sibi.
3367 3934 3533 3991 Paulo
3555 3934 3679 4001 post

2104 4019 2201 4074 Go.
2227 4020 2289 4072 de
2314 4019 2390 4070 Itts
2411 4018 2538 4071 rebis
2568 4017 3005 4084 usumfrumctum.
3445 4075 3458 4084 _
3537 4073 3551 4084 _
3602 4069 3627 4084 _
3661 4083 3666 4084 γ

2153 4037 2201 4073 υ.
2227 4031 2289 4072 de
2314 4031 2390 4070 Itts
2411 4031 2538 4071 rents
2568 4031 3005 4073 usumtrumctum.

2182 4069 2200 4125 ί
2230 4069 2374 4157 ln2l
2409 4069 2577 4157 et'ap.
2603 4069 2746 4157 Sich.
2779 4088 2827 4139 in
2867 4102 2939 4140 m.
2972 4096 3207 4157 om._no_n
3242 4087 3295 4134 et
3340 4075 3500 4157 paulo
3536 4069 3679 4157 infra

2104 4174 2239 4213 vero.
2267 4146 2606 4213 Caeterum-in
2626 4155 2695 4213 20
2723 4171 2806 4209 vv.
2833 4165 2920 4210 aut
2958 4170 3042 4224 ap.
3068 4150 3290 4223 judicent
3318 4146 3440 4202 add.
3471 4159 3501 4198 a
3527 4155 3677 4198 man.

2106 4243 2195 4284 680
2203 4268 2216 4282 .

2180 4300 2193 4347 1'
2242 4296 2371 4352 Cod.
2402 4296 2538 4351 Just.
2570 4310 2678 4350 om.
2713 4293 2922 4350 Aconio.

2108 4365 2202 4509 (Hk
2224 4367 2441 4502 Sodg‘x,
2473 4364 2594 4422 edd.
2611 4362 2880 4419 Catullino.
2902 4361 3021 4418 Vid.
3044 4377 3090 4417 c.
3118 4362 3143 4417 1
3170 4359 3231 4415 C.
3255 4359 3364 4414 Th.-
3383 4357 3448 4413 de
3472 4353 3686 4412 Jurisd.

2182 4479 2194 4501 ,
2282 4478 2295 4499 ,
2318 4454 2348 4491 n
2413 4475 2425 4491 .
2458 4452 2508 4488 ο.

2182 4479 2194 4501 ,
2224 4446 2295 4501 1),
2318 4447 2425 4491 not.
2458 4452 2508 4488 ο.

2184 4494 2202 4543 Ῑ
2234 4494 2375 4560 Ῐιῖηε
2411 4505 2570 4573 incip.
2606 4518 2720 4573 pag.
2768 4502 2996 4558 secunda
3019 4543 3033 4567 ,
3066 4500 3176 4556 folii
3210 4500 3337 4565 111⁷)¹
3365 4496 3593 4553 codicis.
3627 4494 3688 4550 In

2108 4577 2239 4631 Cod.
2272 4576 2406 4631 Just.
2440 4590 2545 4630 om.
2575 4573 2686 4627 ital.
2714 4574 2814 4627 siue
2832 4574 2950 4640 stip.

2178 4656 2218 4682 ιιι
2257 4646 2386 4700 Cod.
2408 4644 2542 4725 Just.
2568 4642 2836 4725 prgntissis
2858 4637 2987 4714 (om.
3011 4637 3376 4711 et—impleta).
3403 4637 3559 4705 Quod
3566 4641 3687 4709 jus.

2111 4715 2242 4786 (om.
2242 4727 2473 4839 (propter
2494 4711 2582 4767 att.
2610 4711 2748 4793 ﬁdei)
2783 4711 2875 4779 per
2898 4729 3032 4765 eum.
3178 4781 3190 4793 .
3342 4779 3354 4789 θ
3524 4777 3535 4787 ,

2111 4866 2161 4913 et
2178 4784 2539 4911 lassati-alium.
2577 4783 2765 4853 placuit
2789 4823 2805 4848 ,
2832 4791 2887 4835 ut
2912 4797 2998 4849 per
3032 4796 3145 4833 eum
3172 4781 3353 4850 infanti
3391 4787 3692 4846 acquiratur

2108 4870 2161 4911 el
2189 4870 2303 4911 088.
2327 4870 2443 4909 Tell.

2181 4934 2205 4961 ο
2245 4926 2365 4980 Les.
2416 4923 2688 4977 Planci-ite.
2718 4920 2798 4975 Cf.
2842 4921 3093 4975 Zillmern
3136 4920 3173 4972 1.
3214 4916 3276 4973 C.
3306 4917 3370 4973 Τ.
3395 4916 3434 4970 1.
3466 4932 3520 4987 ρ.
3554 4916 3690 4984 ιδε,

2110 5002 2218 5049 not.
2240 4994 2295 5058 5,
2323 4995 2357 5046 4
2380 5004 2434 5075 ,οι
2466 4993 2614 5061 Hugo
2640 4991 2677 5044 l.
2700 5006 2749 5045 c.
2782 5008 2831 5060 p.
2865 4992 2967 5044 ’594
2997 4990 3088 5113 Pii
3112 4987 3244 5059 ed.).

2180 5074 2207 5112 P
2246 5066 2346 5113 ϐο.
2379 5080 2429 5113 tn
2450 5062 2646 5113 Chron.
2681 5062 2733 5113 h.
2762 5077 2812 5113 a.
2839 5078 2889 5113 ο.
2922 5060 2990 5113 XI
3022 5100 3033 5112 .
3068 5060 3123 5113 lt.
3156 5074 3244 5113 c.t

2180 5074 2207 5112 ι)
2246 5066 2346 5119 ϐο.
2379 5064 2429 5116 in
2450 5058 2646 5117 Chron.
2681 5062 2733 5113 h.
2762 5058 2812 5115 ά.
2839 5078 2889 5131 ρ.
2922 5058 3033 5114 ΧΠ.
3068 5060 3123 5115 ιι.
3156 5058 3208 5114 c.
3236 5058 3571 5131 adgnn.s_q._
3600 5070 3695 5111 re-

2110 5132 2240 5199 fert,
2270 5133 2597 5200 eandemque
2627 5125 2896 5200 coniungit
2937 5146 3054 5200 cum
3083 5145 3133 5183 c.
3167 5130 3190 5184 1
3226 5130 3287 5183 C.
3312 5128 3411 5200 Th.
3443 5126 3508 5179 ad
3548 5125 3689 5200 Leg.

2110 5198 2307 5273 Jul.tle
2334 5204 2401 5273 vi.
2434 5198 2548 5273 (IX.
2588 5199 2693 5273 10),
2724 5198 2980 5273 ὲρᾶϐοά.
3003 5198 3140 5273 Ju_s_t.
3172 5199 3434 5273 consentit
3458 5210 3592 5273 cum
3625 5198 3691 5273 (ξ.

2110 5271 2208 5326 Th.
2257 5264 2456 5329 Eodeni
2505 5272 2539 5323 l.
2577 5264 2691 5324 ϐοζ⁷
2724 5272 3024 5339 perstringit
3060 5270 3318 5339 Morinum
3359 5268 3408 5323 in
3458 5264 3698 5325 hismria

2112 5342 2386 5397 COnstant.
2420 5357 2468 5408 p.
2500 5341 2594 5393 561
2627 5340 2760 5393 hanc
2788 5355 2834 5393 c.
2869 5340 3069 5394 Licinio
3092 5338 3424 5408 ttibuentem_.

2184 5424 2208 5461 ιι
2251 5413 2341 5465 llis
2378 5403 2681 5463 consulibus
2722 5410 2950 5465 Vettium
3000 5407 3226 5464 Rut‘mun
3272 5407 3351 5459 Pl.
3398 5404 3463 5461 U.
3503 5403 3699 5462 adhuc

2113 5480 2274 5536 fuisse
2300 5522 2313 5544 ,
2348 5478 2466 5534 huic
2495 5480 2721 5532 ovinium
2754 5478 3078 5537 Gallicanum
3115 5477 3431 5531 successisse
3458 5482 3511 5528 et
3540 5488 3696 5530 anno

2115 5550 2322 5603 domum
2354 5549 2455 5607 518
2484 5547 2678 5601 Julinm
2704 5547 2941 5608 Cassium
2971 5548 3086 5601 vice
3115 5546 3259 5601 Bassi
3286 5544 3364 5598 Pl.
3393 5544 3458 5602 υ.
3481 5558 3697 5612 cogno-

2114 5621 2269 5683 vi~sc,
2302 5618 2399 5673 ϐο.
2435 5619 2483 5671 in
2512 5618 2708 5671 Chron.
2756 5631 2805 5684 p.
2840 5616 2949 5677 XII,
2983 5616 3106 5669 dicit
3133 5635 3145 5667 :
3170 5614 3282 5667 vult
3318 5616 3473 5680 igitur
3499 5612 3559 5684 in
3594 5629 3699 5671 an-

2116 5699 2223 5743 not.
2260 5682 2310 5742 h.
2338 5704 2387 5743 c.
2418 5686 2577 5742 scribi
2602 5682 2793 5740 PPVL.
2820 5686 2867 5740 id
2887 5695 2965 5742 cst
2988 5700 3081 5755 pro
3101 5685 3335 5754 prwfeclo
3358 5684 3491 5749 urbi,
3517 5682 3696 5754 impr.
