3944 6218
513 271 607 327 191

506 476 705 532 vandas
730 479 993 534 existimet
1019 481 1275 550 civitates,
1310 481 1387 540 fas
1407 485 1451 539 si
1472 486 1686 555 quidem
1726 502 1830 545 non
1856 499 1957 558 est,
1985 506 2073 549 ac-

505 577 715 637 ceptum
746 584 775 621 a
798 603 802 607 ‹
823 570 1087 626 veteribus
1130 572 1294 651 decus
1325 576 1545 645 perdere
1572 580 1864 648 civitatem,
1908 584 2073 642 veluti

507 656 573 710 ad
603 657 746 712 urbis
772 660 992 715 alterius
1010 664 1200 719 mmnia
1230 667 1672 725 transferendum.
1694 670 1812 726 Dat.
1842 672 2066 730 lV.nan.

511 748 638 819 febr.
659 747 968 808 Mediolano.
989 753 1107 809 Acc.
1135 753 1263 810 VIII.
1282 754 1368 811 Id.
1382 757 1497 813 Jul.
1517 758 1842 821 Constantina
1861 764 1922 819 Α.
1947 775 1992 820 et
2008 764 2066 823 ϐ.

505 839 648 899 Cass.
673 839 879 918 ⁸(520).

1029 999 1094 1039 DE
1116 1000 1505 1045 οεουιιιοιηιιυδ.
1528 1018 1533 1023 ·

574 1112 709 1189 Imp.
725 1115 1081 1174 Constantinus
1092 1120 1154 1174 Α.
1170 1121 1236 1174 ad
1251 1120 1507 1176 Edictum.
1525 1121 1686 1180 Filios
1698 1123 2067 1195 decurionum,

503 1206 591 1277 qui
632 1207 816 1263 decem
849 1218 897 1264 et
945 1218 1064 1265 octo
1113 1226 1368 1266 annorum
1406 1223 1561 1269 aelate
1604 1226 1933 1285 vegetamur,
1974 1234 2072 1289 per

506 1297 828 1366 provinciam
850 1298 1219 1370 Carthaginem
1255 1305 1559 1359 muneribus
1584 1305 1764 1361 civicis
1799 1309 2069 1379 aggregari

502 1389 860 1458 praecipimus.
890 1390 1069 1462 Neque
1095 1394 1283 1448 enimb
1328 1396 1671 1463 aperiendum
1716 1408 1819 1465 est,
1867 1410 1924 1453 ut
1966 1401 2071 1455 sol-

502 1488 692 1534 vantur
711 1478 929 1547 inutilia,
953 1492 1005 1537 et
1026 1485 1191 1539 sacris
1216 1487 1547 1556 explicentur
1563 1502 1609 1553 υ,
1632 1505 1752 1544 cum
1778 1492 2071 1547 voluntates

502 1582 707 1640 patrum
738 1573 1081 1643 prtejudicare
1127 1592 1230 1631 non
1278 1560 1501 1633 debeant
1542 1580 1852 1637 utilitatibus
1889 1584 2071 1638 civita-

503 1672 627 1718 tum.
662 1663 781 1719 PP.
815 1665 914 1720 ΧΑ
946 1666 1067 1722 Kal.
1088 1667 1244 1724 Hart.
1276 1668 1602 1727 Constantino
1630 1672 1691 1726 Α.
1730 1673 1812 1729 Vl.
1842 1684 1888 1729 et
1914 1674 2071 1731 Cons-

502 1756 696 1810 tantio°
725 1756 782 1811 C.
814 1755 957 1815 Cass.
981 1760 1153 1833 (520).

980 1910 1044 1951 DE
1074 1912 1293 1955 FAIOSIS
1320 1916 1575 1959 LIBELLIS.

573 2026 709 2100 Imp.
738 2026 1113 2086 Constantinus.
1146 2033 1210 2089 Α.
1242 2037 1312 2087 ad
1342 2034 1613 2090 .Elianum
1640 2035 1658 2075 ί
1698 2035 2065 2094 Proconsuletn

499 2118 708 2189 Africae.
736 2119 1241 2179 Licetserventurin
1268 2124 1443 2181 ofﬁcio
1466 2136 1553 2181 tuo
1574 2136 1626 2182 et
1648 2128 1860 2183 vicarii!
1889 2146 2068 2186 exem-

501 2208 663 2278 plaria
692 2208 1010 2279 libellorum,
1031 2213 1119 2284 qui
1139 2216 1189 2269 in
1202 2214 1374 2271 Africa
1388 2217 1551 2274 oblati
1574 2227 1715 2285 sunt,
1743 2229 1918 2276 tamen
1948 2238 2063 2289 eos,

502 2315 721 2371 quorum
742 2305 954 2360 nomina
976 2305 1289 2374 continent,
1323 2317 1467 2363 metu
1488 2310 1758 2366 absolutos
1783 2312 2066 2368 securitate

503 2392 706 2463 perfrui
734 2394 899 2461 sinas,
923 2396 1201 2468 solumque
1216 2413 1455 2465 moneas,
1476 2401 1760 2458 utabomni
1778 2406 2064 2461 nonsolum

499 2486 738 2554 crimine,
756 2486 849 2543 sed
863 2489 1019 2542 etiam
1041 2490 1343 2560 suspicione
1362 2492 1632 2547 verisimili
1648 2495 1808 2549 alieni
1821 2510 1940 2551 esse
1964 2497 2066 2553 ies-

500 2577 691 2633 tinent.
741 2579 871 2633 Nam
904 2582 991 2651 qui
1015 2578 1043 2618 h
1074 2583 1355 2638 accusandi
1386 2583 1629 2640 ﬁduciam
1660 2588 1826 2657 gerit,
1857 2600 2069 2658 oportet

499 2670 882 2740 comprobare,
930 2689 1029 2730 nec
1066 2676 1366 2743 occultare,
1417 2695 1533 2749 quae
1572 2681 1785 2747 scierit,
1816 2684 2064 2751 quoniam

505 2764 864 2834 praedicabilis
905 2768 1007 2821 erit
1043 2768 1109 2823 ad
1155 2769 1472 2825 dicationcm
1513 2771 1770 2840 publicam
1818 2772 1833 2811 ί
1877 2776 2067 2829 merito

497 2868 883 2926 perventurus.
918 2858 1033 2915 PP.
1065 2860 1128 2914 V.
1162 2860 1285 2915 Kal.
1337 2862 1515 2924 Mart..
1562 2862 1900 2934 Carthagine,
1935 2866 2068 2921 Con-

497 2950 720 3003 stantina
746 2950 807 3002 Α.
844 2949 930 3006 Vl.
972 2961 1015 3006 et
1046 2951 1377 3007 Constantini
1416 2953 1473 3009 C.
1505 2954 1651 3011 Cass.
1677 2956 1850 3027 (520).

568 3128 716 3207 ξϐο.
738 3129 905 3207 —Be.
934 3128 1581 3207 ottt._annum._Co._eoim
1618 3130 1841 3207 hzctad
1864 3147 2060 3188 annum
2089 3145 2131 3207 ρ

496 3198 598 3273 557
617 3197 911 3273 Constantio
933 3201 995 3253 Α.
1016 3198 1098 3253 IX
1124 3200 1188 3271 [et
1210 3200 1446 3273 Iuliano]
1466 3199 1595 3255 (λαις.
1620 3199 1645 3252 1
1656 3200 1701 3253 1.
1727 3201 1868 3257 Cass.
1888 3213 2060 3257 trans-

497 3268 639 3341 fert,
681 3272 801 3341 quia
857 3268 1142 3324 Flavianus
1193 3286 1262 3341 eo
1312 3268 1445 3326 fere'
1479 3281 1721 3339 tempore
1777 3275 2059 3341 proconsul

495 3339 709 3394 Africa!
732 3340 829 3395 fuit
863 3341 990 3410 (vid.
1024 3355 1070 3394 c.
1118 3344 1147 3393 4
1178 3339 1237 3393 ϐ.
1270 3341 1367 3394 'l'h.
1402 3343 1468 3395 de
1496 3340 1597 3395 ΟΠ.
1625 3339 1868 3410 procons.
1898 3360 1938 3409 t,
1972 3345 2058 3410 t2,

497 3421 608 3464 not.
641 3420 657 3463 t
686 3420 808 3467 ctc.
852 3412 917 3465 10
961 3409 1020 3465 ϐ.
1044 3410 1140 3463 'I‘It.
1168 3411 1234 3465 de
1259 3410 1426 3491 Cursu
1461 3412 1603 3492 βείω.
1628 3409 1744 3477 “νιιι,
1780 3413 1859 3535 5‘),
1889 3409 2062 3495 neque

497 3494 624 3534 vero
662 3491 785 3535 ante
813 3496 1004 3535 annum
1052 3480 1177 3535 521.
1201 3495 1351 3535 cutus
1386 3496 1509 3535 anni
1538 3496 1789 3535 sequens.
1831 3499 1867 3534 ι.
1898 3492 1976 3535 ut.
2008 3500 2056 3535 c.

497 3494 624 3534 vero
648 3491 785 3551 fante
813 3496 1004 3535 annum
1052 3480 1177 3545 521,
1201 3480 1351 3549 cujus
1386 3481 1509 3535 anni
1538 3496 1789 3551 sequens.
1814 3480 1867 3535 Ii.
1898 3480 1988 3537 tit!
2008 3500 2056 3538 c.

497 3560 600 3605 est.
631 3550 710 3605 ϐο
762 3551 1035 3605 sententia:
1066 3552 1379 3605 adversatur
1410 3551 1576 3605 series
1619 3552 2059 3606 constitutionum

496 3621 691 3690 quippe
717 3637 833 3691 qua:
877 3622 1191 3691 pervertitur
1228 3630 1282 3675 et
1309 3622 1673 3676 conturbatur.
1714 3622 1870 3676 Esset
1920 3625 2062 3678 enim

496 3690 551 3744 lt.
580 3705 627 3743 c.
672 3692 912 3756 ponenda
944 3701 1060 3758 post
1098 3708 1144 3745 c;
1182 3691 1213 3745 6
1258 3692 1309 3743 It.
1338 3702 1375 3743 t.
1430 3691 1517 3743 Bc.
1551 3706 1667 3746 eam
1716 3692 1897 3747 tribuit
1926 3708 2063 3747 anno

495 3759 1102 3832 52οςμὲοθωιαηιὶηο*Αζ
1147 3776 1196 3832 vt
1235 3771 1282 3813 et
1328 3759 1655 3832 Constantino
1703 3758 1831 3815 Caes.
1872 3762 2061 3832 Coss.),

495 3828 668 3896 recte,
693 3831 849 3885 modo
896 3829 1036 3900 quod
1073 3830 1228 3885 Rein.
1261 3845 1389 3895 em.,
1414 3832 1481 3882 ad
1508 3828 1796 3895 ίΕιξαηιιηι,
1832 3843 1976 3886 recte
2006 3828 2065 3888 s'e

471 3901 706 3966 .habeat,
735 3902 873 3972 quod
904 3903 1029 3971 quin
1060 3903 1129 3955 ita
1165 3904 1252 3970 sit,
1286 3901 1624 3972 nondultito,
1655 3916 1772 3972 cum
1825 3901 2062 3957 Flaviani

495 3986 560 4042 eo
592 3970 849 4037 tempore,
878 3970 983 4042 quo
1012 3972 1128 4035 lucc~
1170 3985 1217 4024 c.
1245 3981 1303 4024 ut
1330 3970 1611 4042 relet-atur,
1649 3970 1782 4042 o_rdo
1807 3972 2066 4025 constitu-

498 4040 695 4094 tionnm
726 4039 933 4104 suadet,
963 4042 1102 4095 nulla
1138 4042 1227 4093 liat
1278 4039 1496 4102 mentio.
1531 4040 1596 4093 ad
1646 4039 1913 4094 [Elianutu
1939 4057 2065 4096 vero

496 4110 765 4163 nonnullae
792 4112 933 4181 leges
966 4125 1104 4162 anno
1133 4110 1237 4164 520
1272 4111 1407 4181 data:
1430 4113 1558 4181 sint.
1590 4110 1703 4164 Vid.
1730 4111 1838 4181 ϐο.
1870 4113 1917 4164 in
1944 4128 2067 4181 pro—

495 4195 710 4304 ?oppegi'.
743 4197 791 4233 v.
826 4179 1071 4233 {Elimws
1096 4188 1149 4233 et
1177 4194 1225 4234 c.
1272 4182 1306 4235 5
1335 4180 1397 4235 C.
1428 4179 1529 4232 Tit.
1562 4181 1628 4233 de
1671 4179 1772 4235 Ull'.
1807 4179 2061 4251 procum.

522 4267 555 4304 ι.
688 4291 702 4304 .

522 4267 555 4313 l,
595 4253 702 4313 I2).

498 4250 718 4385 “hia...
745 4320 797 4375 in
826 4322 962 4376 notis
988 4338 999 4372 :
1030 4321 1141 4375 sive
1163 4320 1310 4372 etiam
1333 4334 1353 4382 ;
1380 4321 1430 4373 in
1459 4333 1655 4375 comm.
1697 4320 1751 4373 It.
1795 4336 1843 4375 c.
1886 4336 2010 4374 ann.
2050 4341 2063 4375 :

502 4409 519 4443 ι
557 4407 716 4460 neque
737 4390 839 4445 EN
845 4390 872 4444 I
884 4391 935 4444 ll!
962 4389 1319 4461 opperiendum
1347 4400 1441 4454 est,
1466 4397 1569 4444 etc.
1601 4391 1685 4443 ubi
1718 4390 1763 4443 si
1792 4405 1894 4445 vox
1924 4393 2066 4447 enim

496 4470 639 4515 recte
661 4461 840 4527 habet,
865 4473 973 4515 tum
999 4461 1171 4529 colligi
1196 4474 1261 4513 ex
1291 4460 1386 4512 hac
1410 4462 1446 4512 ι.
1475 4474 1626 4528 posse
1654 4460 2062 4515 videaturﬁlios-

1768 280 2214 341 CONSTANTINI
2252 286 2461 344 MAGNI

507 385 670 440 sulem
712 385 925 459 Africa.
954 387 1119 445 Nemo
1173 392 1401 462 propriis
1445 396 1771 452 ornamentis
1822 412 1941 454 esse
1969 400 2076 466 prl-
2102 405 2155 463 Α

2754 421 2821 460 DE
2859 420 3166 461 νετειιΑΜε.

2246 531 2383 604 Imp.
2412 532 2765 589 Constantinus
2792 534 2938 589 A...‘
2964 532 3094 589 Cum
3122 535 3436 592 introissetb
3460 538 3721 609 principia,

2174 632 2227 677 et
2246 623 2501 679 salutatus
2517 634 2676 690 esset,
2704 638 2733 678 a
2765 624 3025 693 praefectis
3038 634 3091 680 et
3116 627 3337 681 tribunis
3366 636 3419 682 et
3450 628 3575 682 viris
3602 628 3723 684 emi-

2172 715 2496 769 nentissimis
2545 715 2889 770 acclamatum
2931 724 3012 773 est
3051 726 3097 781 °,
3130 716 3355 787 Auguste
3397 714 3719 784 Constantiam,

2172 803 2261 857 Dii
2302 814 2347 858 te
2387 806 2529 859 nobis
2558 816 2747 860 servent
2775 804 2824 871 ά,
2870 816 3029 861 vestra
3064 808 3202 863 salus
3236 819 3407 879 nostra
3435 809 3603 876 salus;
3630 824 3725 866 vere

2173 898 2405 961 dicimus,
2427 901 2595 972 jurati
2624 900 2857 954 dicimus.
2889 900 3112 956 Adunati
3144 904 3379 958 veterani
3409 905 3725 961 exclamave-

2172 998 2293 1045 runt
2324 1009 2335 1043 :
2365 992 2688 1046 Constantine
2707 992 2947 1061 Auguste,
2977 1010 3075 1063 quo
3098 1011 3187 1049 nos
3213 1006 3466 1051 veteranos
3490 1003 3665 1068 factos,
3688 999 3726 1053 si

2171 1081 2365 1135 nullam
2390 1082 2755 1153 indulgentiam
2775 1085 3049 1139 habemus?
3067 1084 3440 1141 Constantinus
3474 1090 3535 1142 Α.
3565 1088 3686 1143 dixit
3706 1104 3721 1142 :

2172 1172 2339 1243 Magis
2380 1175 2635 1245 magisque
2661 1178 2995 1229 conveteranis
3038 1177 3159 1231 meis
3180 1177 3535 1233 beatitudinem
3560 1195 3724 1251 augere

2171 1266 2320 1318 debeo
2344 1282 2497 1334 quam
2526 1268 2761 1320 minuere.
2791 1268 3089 1323 Victorinus
3118 1277 3396 1323 veteranus
3421 1270 3558 1325 dixit
3583 1289 3596 1325 :
3620 1270 3722 1326 lfu-

2170 1356 2372 1409 neribus
2410 1366 2455 1410 et
2495 1358 2727 1412 oneribus
2765 1360 3010 1413 universis
3048 1360 3170 1415 locis
3205 1362 3457 1416 conveniri
3480 1378 3581 1416 non
3606 1362 3725 1415 sina-

2172 1463 2302 1499 mur.
2347 1447 2722 1502 Constantinus
2768 1449 2830 1503 A.
2876 1449 3013 1505 dixit
3060 1466 3074 1504 :
3124 1452 3356 1525 Apertius
3397 1453 3602 1519 indica;
3630 1468 3725 1522 quis

2171 1549 2285 1593 sunt
2311 1543 2527 1595 maxime
2554 1551 2577 1579 ε
2604 1558 2833 1607 munera,
2864 1558 2976 1612 qua:
2998 1558 3084 1597 vos
3120 1545 3479 1599 contumaciter
3500 1545 3727 1615 gravant?

2176 1627 2414 1685 Universi
2460 1633 2691 1686 veterani
2734 1631 2980 1687 dixerunt
3009 1649 3022 1685 :
3056 1631 3176 1701 Ipse
3203 1636 3444 1704 perspicis
3462 1636 3657 1689 scilicet
3687 1633 3724 1688 '.

2172 1719 2551 1775 Constantinus
2579 1724 2640 1776 A.
2670 1722 2801 1777 dixit
2841 1739 2854 1778 :
2884 1723 2999 1777 lant
3033 1738 3169 1778 nunc
3200 1725 3558 1779 muniﬁcentia
3582 1734 3727 1782 Elaea

2175 1812 2420 1867 omnibus
2449 1814 2714 1868 veteranis
2743 1813 2794 1867 id
2823 1829 2943 1869 esse
2973 1828 3283 1870 concessum
3313 1816 3645 1885 perspicuum
3669 1815 3729 1870 sit

2170 1920 2236 1959 ne
2262 1906 2377 1973 quis
2398 1920 2579 1959 eorum
2604 1906 2712 1959 ulla
2738 1902 2763 1940 δ
2790 1920 3009 1961 munere
3029 1905 3191 1971 civili,
3217 1921 3387 1976 neque
3411 1907 3465 1961 in
3490 1906 3725 1975 operibus

2169 1997 2391 2067 publicis
2438 1998 2805 2063 conveniatur,
2849 2013 3019 2068 neque
3046 1999 3097 2053 in
3123 1998 3229 2054 ulla
3259 1999 3275 2037 ί
3305 2000 3609 2066 collatione,
3639 2013 3719 2054 nev

2168 2108 2268 2159 quc
2297 2107 2327 2145 a
2359 2093 2773 2162 magistratibus,
2802 2108 2972 2163 neque
2999 2094 3341 2163 vectigalibus
3369 2093 3411 2145 i.
3444 2093 3498 2148 In
3528 2094 3729 2163 quibus-

2166 2200 2390 2254 cumque
2445 2185 2691 2240 nundinis
2740 2185 3092 2250 interfucrint,
3146 2186 3285 2241 nulla
3334 2183 3717 2254 proponendak

2166 2276 2292 2331 dare
2320 2276 2603 2331 debebunt.
2632 2276 2900 2332 Publicani
2930 2278 2944 2313 ι
2971 2293 3200 2349 quoque,
3230 2286 3285 2332 ut
3313 2278 3485 2333 solent
3512 2288 3553 2313 ω
3580 2292 3725 2348 agen-

2166 2367 2303 2421 tibus
2330 2368 2809 2438 supercompellere
2835 2378 2881 2435 υ,
2912 2369 2977 2423 ab
3004 2369 3083 2423 bis
3106 2378 3131 2405 ο
3159 2369 3420 2424 veteranis
3450 2384 3725 2424 amovean-

2168 2468 2280 2525 tur;
2307 2463 2484 2530 quiete
2509 2471 2629 2530 post
2658 2462 2869 2518 labores
2894 2476 3018 2518 suos
3045 2462 3347 2534 perenniter
3371 2461 3721 2534 perfruantur.

2168 2658 2335 2712 tiones
2364 2659 2455 2711 cit.
2496 2656 2608 2710 PP.
2642 2658 2729 2712 Vl.
2761 2657 2882 2711 Kal.
2924 2659 3050 2712 Maii
3097 2657 3272 2713 Carth.
3301 2656 3629 2713 Constantino
3670 2657 3725 2711 Α.

2166 2727 2276 2782 VII.
2308 2738 2353 2781 et
2380 2726 2674 2799 Constantio
2715 2727 2775 2799 C.
2804 2728 2943 2783 Cass.
2978 2728 3159 2799 (326.)
3186 2729 3364 2799 Neque
3390 2743 3519 2783 vero
3543 2743 3591 2783 c.
3620 2728 3654 2781 2
3678 2728 3727 2781 lt.

2168 2808 2204 2851 ι.
2237 2807 2452 2866 propter
2480 2797 2671 2851 seriem
2722 2798 2893 2867 legum
2941 2797 3111 2865 patest
3143 2797 3292 2852 trahi
3325 2799 3389 2851 ad
3434 2814 3563 2853 ann.
3596 2798 3726 2863 526,

2167 2869 2264 2921 nisi
2291 2869 2404 2937 quis
2429 2883 2547 2922 cum
2576 2867 2672 2923 ϐο.
2707 2868 2756 2921 in
2783 2868 2982 2922 Chron.
3007 2884 3055 2922 a.
3081 2867 3183 2923 326
3205 2884 3252 2922 c.
3282 2871 3316 2926 5
3344 2869 3435 2925 cit.
3484 2883 3729 2925 revocare

2167 2940 2314 2992 malit
2339 2938 2403 2991 ad
2431 2954 2555 2991 ann.
2586 2938 2711 3001 520,
2738 2948 2867 2992 mut.
2902 2953 3084 2993 mense
3113 2950 3166 2994 et
3194 2954 3335 2994 coss.

2239 3038 2264 3065 ει
2295 3028 2520 3101 Laeuine
2548 3028 2904 3101 signiﬁcanda:
2930 3045 3129 3101 caussa
3183 3030 3356 3085 addidi
3396 3040 3689 3101 punctaque
3713 3071 3727 3093 ,

2168 3108 2361 3169 praeter
2381 3098 2482 3153 ϐο.
2508 3101 2645 3152 nulla
2674 3098 2835 3153 editio
2858 3099 3033 3169 habet,
3062 3098 3564 3169 Magistratus’deest
3585 3098 3731 3155 etiam

2166 3166 2217 3223 in
2246 3169 2377 3222 Cod.
2408 3168 2567 3235 Just.,
2595 3171 2681 3238 qui
2712 3169 2871 3223 habet
2898 3166 3034 3238 Imp.
3068 3166 3419 3225 Constantinus
3449 3172 3515 3227 A.
3550 3171 3653 3226 Nec
3685 3171 3731 3225 in

2165 3239 2349 3295 codice
2376 3240 2535 3293 ullum
2567 3249 2649 3293 est
2675 3241 2874 3293 lacuna:
2904 3239 3174 3294 indicium.

2234 3308 2260 3347 1’
2290 3307 2420 3365 Cod.
2466 3309 2601 3364 Just.
2649 3311 2949 3374 introissent,
2980 3310 3072 3365 sed
3105 3312 3217 3379 Cc}.
3266 3313 3539 3365 introisset.

2240 3412 2260 3475 ξ
2299 3401 2413 3475 Vid_.
2447 3401 2609 3475 Gesta
2652 3401 2717 3475 de
2748 3401 2873 3475 Bac.
2912 3399 2974 3456 C.
3003 3401 3103 3475 Th.
3150 3418 3200 3470 p.
3248 3402 3335 3467 85,
3381 3414 3491 3457 not.
3526 3423 3581 3475 ει,
3628 3403 3733 3459 Rob

2167 3472 2553 3527 Scltneidcrutn
2601 3474 2649 3524 in
2686 3473 2859 3526 Indice
2888 3474 3122 3526 omnium
3155 3489 3328 3525 rerum
3359 3482 3409 3526 et
3454 3472 3732 3529 sententia.

2168 3558 2303 3608 tum,
2337 3558 2454 3610 qua:
2487 3544 2536 3593 in
2577 3557 2800 3607 corpore
2837 3542 2971 3609 juris
3019 3541 3329 3595 Justinianei
3376 3546 3729 3598 continentur.

2169 3610 2283 3664 Vol.
2318 3613 2368 3664 1.
2400 3610 2527 3666 fasc.
2565 3612 2612 3664 I.
2645 3611 2788 3679 Lips.
2822 3613 2977 3674 1857,
3007 3613 3058 3664 4.
3091 3627 3143 3679 p.
3177 3612 3243 3666 10
3276 3628 3324 3664 v.
3351 3613 3659 3667 Acclantatio
3684 3622 3734 3666 et

2167 3681 2395 3752 Iudicem
2451 3681 2747 3735 Latinitatis
2772 3722 2786 3744 ,
2818 3682 2985 3735 codici
3017 3681 3388 3735 Theodosiano
3416 3683 3731 3752 subjectum.

2168 3751 2429 3806 Praeterea
2446 3752 2854 3806 acclamationes
2875 3764 3359 3806 commemorantur
3379 3751 3560 3822 supra.
3582 3755 3622 3818 Ι,
3648 3754 3727 3820 16,

2177 3822 2233 3884 6;
2258 3822 2341 3888 VI,
2376 3824 2429 3884 9.
2461 3823 2514 3875 2.

2238 3890 2263 3927 ἀ
2303 3892 2433 3946 Cod.
2494 3892 2627 3946 Just.
2674 3892 2805 3945 Deus
2851 3902 2896 3944 te
2937 3893 3076 3947 nobis
3122 3900 3295 3947 servet.
3338 3890 3520 3948 Codex
3572 3908 3733 3947 serven

2166 3973 2329 4015 vestra
2356 3973 2407 4015 et
2433 3962 2567 4015 infra
2618 3961 2928 4016 Victurinus.

2240 4042 2262 4067 ι’
2303 4031 2433 4104 Cod.
2498 4033 2628 4085 Just.
2687 4033 2941 4099 nutantia,
3005 4031 3099 4087 sed
3144 4030 3261 4100 Cuj.
3322 4033 3731 4104 magniﬁcentia,

2170 4102 2593 4226 lmth‘de:Just.
2636 4189 2740 4226 οῖς.
2779 4174 2983 4227 scilicet.

2241 4252 2264 4289 Β
2307 4243 2378 4295 Ita
2403 4244 2484 4296 ed.
2514 4243 2604 4297 Bc.
2630 4253 2770 4296 a-ict.
2812 4242 2912 4297 ϐο.
2939 4252 2996 4297 ut
3022 4258 3137 4297 nos.

2240 4308 2265 4347 ¹¹
2302 4312 2433 4367 Cod.
2477 4314 2611 4367 Just.
2655 4329 2720 4367 ex
2756 4311 2885 4367 Cod.
2913 4313 3076 4378 Just.,
3116 4312 3203 4380 qui
3250 4322 3422 4368 tamen
3471 4331 3648 4370 eorum
3684 4319 3735 4371 in

2170 4382 2290 4438 ulla.
2337 4381 2535 4446 Codex,
2576 4384 2694 4451 Cuj.
2732 4385 2753 4438 1
2792 4412 2864 4423 —-
2901 4383 3018 4438 Bi'.
3061 4385 3219 4438 nullo.
3257 4384 3524 4454 Duplicem
3564 4398 3733 4440 tamen

2172 4456 2505 4522 negationem
2537 4455 2781 4522 exemplo
2815 4469 2916 4507 non
2949 4469 3156 4515 carere,
3188 4454 3295 4521 jam
3334 4454 3430 4507 ϐο.
3469 4457 3730 4510 concedit.

498 4512 840 4586 familiaswin'
870 4512 1152 4600 ilirovincia’
1184 4512 1525 4599 Karthagine
1549 4512 1723 4584 ferme
1753 4512 1784 4583 ξι
1818 4512 2065 4597 pati-ilibus
2092 4512 2145 4571 Ῑ)
2175 4512 2356 4600 γῶν-ἓ·
2388 4525 2437 4589 4.
2465 4526 2517 4577 ΙΙ·
2561 4540 2609 4600 εἰ·
2637 4512 3091 4600 [Ἶῖενζιζξίξὺζιυειηιιι
3121 4512 3313 4576 “unum
3339 4541 3398 4577 επ
3421 4525 3501 4580 hit
3531 4529 3733 4581 οηυιίηο

497 4602 698 4657 solutos
728 4614 780 4656 et
810 4603 975 4671 patria
1006 4610 1265 4670 potestate
1296 4600 1568 4667 liberatos,
1599 4600 1686 4655 ubi
1714 4600 1780 4653 ad
1811 4601 2065 4669 majorem

500 4680 705 4725 mtatem
741 4673 1121 4741 pervenissent.
1160 4689 1179 4723 ›

499 4809 517 4862 ι
557 4751 598 4862 lf‘
630 4737 782 4797 Rein.
812 4758 917 4797 em.
949 4742 1283 4813 applicentur.
1319 4737 1442 4794 Vat.
1476 4739 1543 4795 fr.
1575 4740 1625 4811 δ.
1650 4739 1755 4795 248
1782 4740 1938 4795 sacris
1957 4758 2071 4797 evo-

521 4828 550 4862 α
577 4828 611 4862 Ι.
1050 4840 1053 4841 ⁷

521 4811 611 4866 uti.
985 4811 991 4813 ⁷
1021 4811 1053 4841 Ὗ

566 4878 591 4918 α
625 4883 707 4937 Ri.
737 4913 808 4924 —
832 4884 923 4939 Be.
952 4898 1061 4937 om.
1088 4880 1184 4946 X.,
1218 4895 1327 4935 err.

570 4960 592 4989 ε
621 4954 711 5009 Be.
748 4955 797 5007 in
833 4965 940 5008 nol.
976 4952 1334 5017 CanStanlino,
1389 4959 1554 5007 recte.
1587 4950 1708 5007 Vid.
1768 4952 1880 5009 Rei.
1930 4951 1967 5007 Ι.
2016 4970 2065 5010 c.

496 5035 548 5090 ρ.
576 5023 696 5093 506.
732 5028 858 5079 Aur.
893 5024 1053 5093 Lugd.
1082 5019 1232 5093 Cons.

570 5091 587 5129 ί
620 5094 654 5147 4
682 5093 784 5159 Til.
806 5123 877 5135 -—
896 5096 955 5148 Ri
977 5091 1013 5147 ⁵.
1047 5092 1333 5147 Helianutn.

570 5172 593 5233 β
623 5164 676 5233 4.
716 5164 817 5219 Til.
839 5193 907 5205 —-
928 5164 1147 5233 Cuj.t2'
1180 5164 1399 5217 vicariis.

568 5230 593 5268 ¹³
625 5232 739 5287 Fol.
769 5234 839 5289 45
862 5243 888 5271 ι
915 5230 1033 5288 cod.
1065 5232 1118 5286 4.

575 5300 589 5338 ί
626 5304 744 5359 Sec.
776 5304 874 5359 ϐο.
901 5305 951 5357 in
981 5319 1173 5357 comm.
1217 5313 1340 5374 sunt
1366 5304 1453 5372 qui
1492 5305 1775 5359 restituant
1815 5306 2053 5374 quoniam

498 5374 835 5441 praedicabilis
861 5375 952 5427 erit
973 5373 1038 5425 ad
1064 5373 1445 5442 vindicationem
1471 5374 1745 5442 publicam.
1786 5373 1926 5429 inter
1964 5391 2057 5429 eos

496 5452 579 5496 est
626 5442 923 5514 Reinesius.
968 5443 1073 5497 Sed
1121 5452 1292 5514 tamen
1319 5441 1417 5497 ϐο.
1449 5441 1589 5513 vulg.
1623 5444 1859 5499 defendit
1884 5446 2055 5514 scrip-

500 5520 692 5566 turam.
728 5512 844 5568 Vid.
880 5528 929 5567 c.
956 5514 986 5565 7
1012 5514 1065 5566 li.
1098 5520 1135 5566 t.
1171 5513 1371 5566 Iaudem
1417 5512 1685 5567 maximam
1712 5529 1774 5565 ac
1796 5512 2059 5583 premium

500 5617 537 5637 ..
548 5618 561 5635 .
588 5592 932 5651 consequetur.

507 5652 585 5721 iret
630 5650 821 5721 βοέας
875 5653 961 5721 hic
1002 5660 1055 5705 et
1099 5650 1151 5705 in
1197 5666 1279 5721 sq.
1326 5664 1527 5721 curem.
1551 5650 2057 5721 Canstantino.Aur.

501 5710 663 5790 Lugd.
698 5717 847 5775 Com.
900 5720 1098 5776 ﬂultscr
1157 5734 1204 5773 ο.
1238 5710 1271 5774 3
1297 5721 1356 5775 ϐ.
1385 5710 1485 5775 Ἧι.
1535 5719 1767 5787 Quoer
1818 5723 2053 5789 appellat

2168 4594 2460 4661 inquietare:
2482 4603 2534 4648 et
2558 4592 2617 4646 C.
2637 4593 2737 4647 Th.
2765 4592 2874 4657 VII,
2899 4594 2951 4659 8,
2982 4595 3067 4659 10,
3090 4603 3200 4648 not.
3227 4610 3274 4648 0.

2248 4684 2261 4720 ί
2308 4684 2381 4738 Ita
2406 4686 2496 4739 Be.
2536 4701 2600 4741 ex
2625 4685 2756 4741 Cod.
2779 4684 2915 4739 Just.
2951 4694 3090 4740 anet.
3116 4684 3214 4745 ϐο.
3240 4686 3444 4749 Codex,
3468 4687 3593 4755 Cuj.
3622 4689 3645 4743 1
3670 4718 3734 4728 -—-

2173 4754 2290 4836 lli
2329 4757 2501 4838 “nulla.
2536 4756 2813 4838 ,κριὲ-1101.
2838 4763 3011 4838 aptec.
3040 4757 3093 4810 ltt
3122 4770 3214 4811 vv.
3240 4773 3270 4809 a
3298 4754 3633 4828 magistratib.
3659 4761 3735 4815 itt-

2174 4825 2302 4893 cipit
2328 4826 2509 4879 folium
2536 4824 2741 4880 LXXIV
2768 4826 2983 4880 codicis.
3382 4824 3397 4828 ⁷

2252 4894 2265 4943 ἱ
2314 4892 2445 4950 Cod.
2471 4896 2605 4950 Just.
2631 4913 2719 4949 nec
2748 4897 2868 4950 in...
2900 4897 3222 4950 conveniatur
3251 4913 3338 4950 nec
3366 4898 3473 4950 ulla
3494 4899 3617 4951 coll.
3650 4914 3735 4951 nec

2174 4981 2205 5016 a
2226 4981 2358 5038 mag.
2392 4982 2481 5038 nec
2507 4966 2850 5038 vectigalibus.
2870 4964 3131 5020 Cancrum
3164 4968 3214 5020 in
3247 4968 3364 5038 Cttj.
3394 4968 3417 5021 1
3442 4997 3517 5007 -—
3539 4966 3657 5038 Cuj.
3680 4973 3731 5020 2'

2172 5035 2311 5119 nulla
2338 5044 2418 5116 est
2440 5035 2795 5119 interpunctio
2838 5036 2977 5090 inter
3001 5052 3049 5091 ν.
3096 5037 3413 5119 vectigalibus
3454 5047 3523 5119 et.
3555 5035 3629 5090 νζ
3652 5040 3723 5102 in,

2169 5105 2263 5159 sed
2285 5107 2453 5160 oratio
2477 5108 2543 5160 ita
2573 5106 2806 5176 procedit
2828 5122 2983 5177 neque
3004 5105 3325 5177 vectigalibus
3361 5108 3734 5177 inquibuscum—

2197 5190 2275 5240 ue,
2304 5187 2405 5229 etc.

2162 5190 2275 5321 qi?
2455 5246 2592 5301 Just.
2635 5247 2974 5321 interfuerunt,
3011 5247 3170 5301 ullam
3192 5246 3328 5321 (Cuj.
3355 5247 3483 5318 ulla)
3528 5250 3590 5304 ob
3620 5266 3732 5305 ven-

2161 5315 2397 5369 ditionem
2436 5315 2815 5383 prOponendam
2842 5318 2982 5371 dare.

2238 5384 2266 5460 1__
2299 5386 2369 5439 Ita
2399 5387 2489 5460 lie.
2516 5395 2653 5460 auct.
2680 5386 2777 5460 ϐο.
2823 5403 2890 5443 ex
2920 5387 3050 5443 Cod.
3074 5387 3209 5445 Just.
3234 5387 3432 5445 Codex.
3456 5388 3582 5460 Cuj.
3612 5391 3636 5445 1
3664 5418 3730 5431 -

2162 5454 2223 5508 Ri
2241 5457 2290 5511 *.
2322 5456 2457 5515 male
2479 5458 2778 5523 publicanis.

2232 5535 2271 5562 ιη
2307 5524 2436 5579 Cod.
2465 5528 2600 5580 Just.
2640 5526 2866 5581 adso.eat

2237 5603 2263 5630 ιι
2302 5594 2430 5671 Cod.
2456 5596 2593 5671 .Lust.
2618 5598 2869 5664 supplere,
2894 5600 2986 5671 sed
3026 5611 3135 5656 not.
3160 5600 3277 5671 Cuj.
3304 5611 3452 5659 vetus
3479 5601 3621 5659 liber
3643 5618 3726 5657 su-

2163 5664 2570 5738 perpeltere._Go.
2595 5679 2743 5738 super
2769 5669 3082 5738 compellere.

2234 5732 2260 5765 ’ί
2293 5733 2420 5789 Cod.
2448 5734 2583 5790 luet.
2608 5732 2810 5788 eisdem.
