3944 6218
213 268 304 331 19⁸1

1299 290 1608 350 DECRETA
1652 289 1738 348 ET
1774 287 2371 350 CONSTITUTIONES.

3394 289 3494 348 198

229 400 422 446 cuntur.
457 391 576 447 illa:
608 410 755 463 vero,
781 412 896 468 ante
930 400 1198 469 rapiuntur
1225 403 1411 468 invitae,
1458 421 1570 474 qua:
1596 421 1695 459 non
1723 421 1812 459 vo-
1843 405 1894 465 Α
1919 419 2016 459 nus
2045 403 2262 469 luerent,
2295 404 2661 475 deportttionc
2687 403 2946 474 plectitur
2973 412 3020 469 ε,
3046 409 3200 474 atque
3223 403 3491 461 universa:

232 482 364 535 cibus
411 484 513 536 suis
559 485 625 538 de
663 497 876 557 raptore
923 490 1282 559 clamaverint,
1327 503 1380 545 ut
1428 494 1706 548 vicinorum
1750 496 1826 549 vel

242 571 498 644 parentum
547 578 736 631 solatio
786 580 984 649 adjutaz
1026 581 1231 638 liberari
1273 594 1511 653 possent,
1561 595 1823 655 parentum

246 682 451 721 suorum
491 668 564 722 eis
587 672 841 726 successio
881 673 1168 744 denegetur.
1219 675 1432 747 Raptori
1461 678 1687 730 convicto
1729 695 1825 746 ap-

249 758 436 826 pellere
461 767 488 795 ⁸
520 776 619 813 non
645 760 818 825 liceat,
850 763 938 816 sed
962 765 1132 818 statim
1159 766 1287 820 inter
1313 767 1425 832 ipsa
1446 768 1770 822 discussionis
1796 767 1822 806 δ

249 851 394 905 initia
421 870 453 906 ο
469 854 645 924 judice
683 857 944 924 puniatur.
996 858 1144 923 Quod
1187 859 1231 913 si
1260 863 1472 930 fortasse
1495 871 1670 931 raptor
1714 878 1824 915 cum

251 944 541 1012 parentibus
568 946 746 1011 puella:
769 956 790 983 ο
821 947 1126 1015 paciscatur,
1157 958 1202 1002 et
1234 959 1410 1018 raptus
1450 949 1572 1003 ultio
1595 947 1620 985 ἀ
1644 966 1825 1017 paren-

253 1041 361 1084 tum
387 1033 588 1087 silentio
610 1036 757 1103 fuerit
787 1039 1145 1106 prattermissa,
1174 1040 1217 1091 si
1245 1056 1412 1093 servus
1440 1041 1538 1093 ista
1566 1041 1820 1106 detulerit,

251 1120 468 1175 latinam
511 1125 753 1193 percipiat
793 1125 1128 1193 libertatem,
1159 1128 1204 1180 si
1246 1127 1458 1183 Latinus
1501 1132 1672 1199 fuerit,
1706 1132 1825 1205 civis

253 1212 348 1280 ﬁat
374 1213 650 1268 Romanus.
695 1213 937 1269 Parentes
961 1232 1097 1281 vero,
1129 1218 1214 1287 qui
1256 1220 1449 1289 raptori
1491 1220 1546 1273 in
1589 1237 1648 1274 ea
1685 1231 1826 1290 parte

251 1305 610 1370 consenserint,
639 1305 786 1359 exilio
810 1305 1127 1374 deputentur.
1160 1306 1257 1374 Qui
1283 1324 1396 1362 vero
1421 1311 1613 1379 raptori
1643 1312 1828 1366 solatia

251 1391 559 1459 praebuerint
581 1401 628 1458 °,
657 1394 756 1447 sive
782 1394 875 1447 viri
901 1395 1002 1449 sive
1034 1396 1231 1466 femina:
1267 1398 1366 1452 sint
1393 1396 1438 1466 ί,
1466 1399 1664 1470 ignibus
1706 1417 1830 1457 con-

251 1493 538 1538 crementur
565 1492 614 1538 8.

341 1607 387 1648 δι
425 1609 543 1656 oms
580 1611 684 1652 esu
718 1612 872 1656 cosas
909 1615 1083 1657 roron
1120 1617 1312 1658 ruenrr
1340 1600 1369 1640 ¹ι
1392 1617 1741 1661 οοιηιορειιιτ.

325 1707 465 1778 Imp.
491 1708 847 1768 Constantinus
871 1713 933 1768 A.
955 1715 1022 1769 ad
1043 1715 1278 1772 Bassum.
1309 1717 1325 1756 ί
1363 1718 1615 1775 Vicariunt
1641 1720 1666 1774 1
1673 1724 1827 1777 ιαιὶιε.

257 1797 385 1852 Post
411 1801 514 1854 alia
547 1820 563 1854 :
596 1804 610 1852 t
651 1801 747 1858 Ubi
790 1805 961 1874 puella
1008 1807 1072 1861 ad
1112 1823 1278 1864 annos
1309 1809 1502 1865 adultze
1533 1814 1704 1867 aetatis
1743 1827 1828 1867 ac-

254 1890 496 1956 cesserit,
538 1903 592 1946 et
611 1892 635 1931 ι
665 1895 934 1964 adspirare
961 1897 1025 1950 ad
1057 1900 1264 1968 nuptias
1293 1903 1515 1970 coeperit
1541 1902 1585 1967 ι,
1629 1911 1829 1960 tutores

257 1997 479 2038 necesse
522 1985 746 2042 habeant
783 1989 1162 2057 comprobare,
1202 1986 1341 2062 quod
1374 1994 1562 2061 puellze
1588 1995 1658 2049 sit
1692 1996 1809 2050 into

257 2085 460 2127 morata
492 2077 784 2146 virginitas,
815 2079 965 2148 cujus
993 2081 1297 2151 cunjunctio
1333 2085 1647 2153 postulatur.
1677 2086 1831 2153 Quod

257 2179 328 2219 ne
360 2167 582 2221 mlatius
626 2170 957 2240 porrigatur,
1006 2171 1089 2227 hic
1141 2174 1287 2228 solus
1339 2174 1497 2230 debet
1551 2186 1831 2233 tutorem”

258 2269 430 2309 nexus
476 2256 833 2329 adstringere,
865 2271 924 2316 ut
951 2276 1010 2317 se
1039 2270 1063 2298 ο
1090 2262 1262 2334 ipsum
1310 2265 1498 2334 probet.
1539 2267 1605 2322 ab
1641 2267 1832 2336 injuria

258 2345 376 2400 laesi
409 2347 627 2416 pudoris
655 2349 962 2405 immunem.
995 2352 1147 2419 Quod
1190 2353 1278 2408 ubi
1307 2358 1647 2422 constiterit,
1688 2361 1832 2412 omni

259 2447 412 2490 metu
439 2437 572 2492 liber
593 2448 620 2487 Ρ
640 2449 815 2508 optata
842 2443 1214 2512 conjunctione
1239 2445 1340 2500 frui
1364 2446 1596 2510 debebit;
1617 2447 1833 2505 ofﬁcim

259 2537 566 2596 servatura,
601 2538 678 2598 ut,
706 2532 750 2586 si
779 2533 984 2590 violatae
1009 2543 1028 2571 τ
1053 2536 1312 2592 castitatis
1337 2538 1476 2608 apud
1506 2539 1676 2611 ipsum
1708 2541 1835 2597 laci-

339 2691 366 2754 f‘
393 2683 448 2754 6ο
477 2684 531 2754 Ἰν
552 2682 622 2754 20
647 2685 924 2754 Appellari.

337 2751 366 2790 ι’
401 2752 456 2826 0,
480 2753 510 2805 7
538 2751 876 2826 Discu'rsionis
903 2757 1033 2812 Aur.
1056 2757 1223 2826 Lugd.
1255 2759 1571 2814 discutionis.

343 2834 365 2898 ιξ
399 2824 652 2898 fermulti
682 2824 836 2898 codd.
867 2841 981 2898 cum
1007 2824 1190 2898 puella:
1213 2832 1517 2898 parentibus.

338 2891 367 2929 ἀ
396 2893 482 2948 Ri.
514 2892 648 2970 male
675 2894 870 2949 ultimo.
891 2891 1052 2970 _Pejus
1081 2897 1142 2970 Ri
1166 2901 1185 2921 ⁴
1207 2891 1331 2953 ultio
1363 2901 1540 2953 ultimo
1575 2917 1685 2970 par.
1715 2900 1834 2957 Mox

265 2964 625 3035 nonn.codd.
655 2964 988 3035 prmtermissa
1014 2968 1184 3035 fuerit.

346 3044 381 3109 θ’
406 3033 473 3109 20
515 3031 670 3109 Cons:
711 3036 762 3088 in
802 3037 950 3091 exilio
977 3031 1042 3077 -ὲ
1066 3038 1302 3092 solatium
1341 3044 1639 3109 prwbuerint
1674 3052 1726 3098 et
1764 3044 1835 3098 ita

270 3104 426 3158 multi
449 3104 605 3158 codd.

307 3151 659 3249 ξῖῖζῖῖῇἷῖ,
690 3176 846 3249 prazb.
878 3179 982 3249 sint
1001 3181 1100 3232 sive
1116 3194 1162 3232 v.
1189 3196 1230 3233 s.
1263 3183 1302 3249 ι’,
1335 3181 1465 3249 ign.,
1497 3182 1654 3235 male.
1683 3182 1834 3237 Sich.
1869 3151 1914 3214 Ο

268 3245 375 3298 sive
394 3247 470 3318 air
498 3246 598 3318 sive
623 3245 825 3318 [canina
844 3248 926 3301 sit.
952 3249 1069 3318 Cuj.
1097 3249 1131 3302 2
1151 3277 1220 3288 -—-
1247 3245 1455 3304 Gofom
1488 3252 1596 3305 sint.

345 3325 370 3361 8
405 3315 659 3370 Similiter
703 3317 996 3372 Suminaria
1030 3315 1099 3373 ’(3.
1143 3319 1243 3373 Th.
1300 3319 1390 3384 IX,
1440 3321 1529 3387 29,
1559 3323 1593 3374 2
1633 3337 1838 3376 concre-

272 3397 434 3439 utetur
459 3387 707 3439 incendio.
742 3387 885 3441 Sich.
911 3402 1268 3442 concremetur.
1302 3390 1410 3443 Ri'.
1429 3408 1835 3446 concremeneur.

307 3528 318 3536 .
346 3455 375 3492 ιι
412 3455 557 3512 Sich.
586 3461 825 3526 fueratet
851 3459 900 3511 in
928 3460 1033 3512 ind.
1067 3461 1198 3514 titul.
1227 3462 1468 3528 corrupit.
1489 3462 1557 3515 20
1583 3466 1841 3532 corripue—

274 3536 360 3581 rit.

353 3596 366 3632 ί
412 3596 503 3661 28,
531 3597 621 3660 56,
644 3596 711 3651 40
736 3595 878 3652 Sich.
903 3598 955 3654 in
977 3615 1048 3654 m.
1079 3598 1387 3656 Catulinum.
1419 3601 1476 3657 In
1497 3615 1656 3656 noun.
1681 3601 1837 3656 codd.

275 3682 383 3720 om.
416 3666 542 3722 Ital.
575 3677 662 3720 aut
694 3664 801 3720 Vic.
826 3667 949 3724 Ital.

350 3739 381 3811 i_
417 3737 694 3811 Post_atia
726 3740 933 3811 01min
958 3738 1136 3795 multis
1175 3740 1356 3807 codd.,
1403 3740 1561 3796 etiam
1588 3740 1623 3796 1
1659 3750 1714 3797 et
1752 3756 1839 3811 ap.

279 3807 426 3876 Sich.
457 3837 528 3849 ——-
553 3807 716 3876 Lugd.
746 3806 876 3862 Cod.
907 3809 1042 3864 Just.

350 3875 376 3914 ¹ι
416 3879 470 3942 Δ,
501 3878 598 3932 Til.
631 3875 737 3931 em.
770 3888 835 3930 et.

357 3946 373 3984 ι
417 3948 668 4002 Breviarii
699 3949 780 4000 AI.
805 3947 960 4003 codd.
995 3949 1139 4005 Sich.
1185 3949 1431 4018 puellm...
1479 3952 1840 4006 accesserint...

279 4020 540 4087 coeperint.
570 4019 636 4071 21
669 4018 816 4090 adsp.
863 4037 908 4072 c.
960 4021 1041 4072 ad.
1099 4036 1152 4075 n.
1185 4021 1541 4090 Go.propter
1586 4038 1671 4075 vv.
1712 4023 1847 4076 omni

279 4101 424 4161 metu
441 4088 880 4161 liber...rdebebit,
908 4105 1023 4158 quae
1052 4091 1208 4158 paulo
1240 4089 1372 4144 intra
1403 4088 1663 4161 leguntur,
1703 4093 1771 4160 ej.
1802 4103 1848 4144 et

280 4160 549 4228 adspirare
581 4160 648 4211 ad
685 4161 885 4227 nuptias
911 4160 1116 4228 ceperit
1163 4170 1328 4222 tutor,
1359 4161 1402 4214 is
1441 4160 1638 4216 necesse
1671 4161 1847 4215 habeat

279 4230 644 4298 comprobare,
673 4229 827 4298 impr.
860 4231 942 4283 Ri.
976 4228 1078 4282 Sed
1110 4237 1287 4298 tamen
1318 4245 1423 4283 non
1459 4231 1640 4285 dubito
1668 4232 1847 4285 calcu-

281 4300 393 4354 lum
433 4314 608 4352 meum
638 4297 1039 4354 Go.'sententire
1067 4297 1313 4366 adjicere.
1355 4300 1466 4354 Hoc
1503 4298 1641 4354 enim
1683 4302 1849 4369 impe-

282 4377 435 4424 rator
453 4369 552 4423 hac
579 4369 690 4437 lege
714 4370 839 4438 agit,
864 4381 919 4423 ut
945 4385 1009 4423 ne
1038 4376 1237 4424 tutores
1266 4372 1847 4440 corrumpantpupillas

283 4453 486 4509 easque
507 4440 890 4509 corrumpendo
914 4440 1230 4505 compellant
1249 4440 1314 4493 ad
1339 4442 1545 4508 nuptias
1571 4455 1689 4494 cum
1721 4442 1848 4509 ipsis

1926 499 2040 567 ejus
2071 497 2346 552 facultates
2374 497 2480 550 tlsci
2513 497 2710 550 viribus
2740 495 2768 532 δ
2808 495 3174 561 vindicentur,
3206 496 3443 564 quamvis
3470 507 3490 532 η

1926 600 2041 640 eam
2074 603 2281 657 poenam
2311 587 2549 642 debuerit
2578 591 2840 642 sustinere
2862 628 2875 651 ,
2899 601 3056 657 quam
3086 586 3282 655 raptori
3301 583 3327 623 ά
3355 588 3497 656 leges

1927 678 2223 746 imponunt.
2266 678 2386 730 Dat.
2435 678 2570 745 prid.
2607 675 2747 731 Non.
2780 677 2948 746 April.
2979 685 3003 713 θ
3034 675 3284 745 Aquileia,
3318 675 3337 714 ι
3367 673 3499 731 Con-

1927 769 2148 821 stantino
2179 768 2238 822 Α.
2274 767 2336 822 Vl
2365 777 2408 820 et
2432 765 2757 821 Constantino
2787 764 2845 821 C.
2877 766 3018 821 Coss.
3053 764 3220 836 (520).

2000 859 2439 913 lurenpnen'no.
2487 856 2585 911 Ubi
2613 859 2831 925 primum
2854 866 2878 903 κ
2910 858 3090 926 puella:
3118 858 3208 910 sub
3233 865 3392 911 tutore
3420 857 3498 911 vi-

1925 960 2088 1002 ventes
2109 948 2177 1001 ad
2199 965 2358 1002 annos
2382 948 2690 1016 pervenerint
2715 946 2986 1015 nuptiales,
3015 955 3063 1002 et
3089 948 3382 1016 quicumque
3409 963 3498 1016 pe-

1927 1042 2046 1094 titor
2079 1042 2372 1105 accesserit,
2401 1056 2501 1094 non
2540 1040 2680 1109 prius
2717 1041 2885 1109 puella
2907 1035 2933 1074 ιι
2960 1039 3210 1108 jungatur
3231 1079 3246 1105 ,
3275 1039 3372 1092 nisi
3396 1038 3501 1092 vir-

1927 1131 2109 1199 ginitas
2133 1131 2273 1184 illius
2294 1171 2307 1195 ,
2337 1131 2468 1198 quod
2496 1145 2526 1183 a
2556 1138 2718 1182 tutore
2741 1137 2938 1182 servata
2973 1129 3066 1192 sit,
3114 1129 3265 1198 fuerit
3315 1144 3501 1198 appro-

1928 1219 2044 1273 bata
2074 1217 2089 1256 ί
2118 1236 2132 1285 ;
2164 1236 2278 1273 nam
2303 1220 2344 1274 si
2367 1220 2427 1272 ab
2453 1220 2562 1288 ipso
2590 1228 2754 1272 tutore
2778 1219 3091 1273 convincitur
3117 1219 3226 1287 ejus
3255 1217 3270 1268 i
3310 1219 3494 1272 violata

1929 1311 2210 1380 virginitas,
2248 1311 2418 1365 statim
2438 1311 2588 1366 exilio
2617 1313 2877 1381 deputetur
2898 1307 2948 1377 ιι,
2978 1319 3024 1364 et
3053 1326 3131 1365 res
3155 1308 3299 1364 illius
3328 1327 3498 1366 omnes

1932 1401 2084 1470 ﬁscus
2105 1413 2331 1472 usurpet.

2523 1552 2588 1592 »ε
2617 1551 2743 1592 JURE
2764 1551 2913 1592 FISCI.

2010 1669 2142 1740 Imp.
2167 1668 2521 1724 Constantinus
2543 1669 2605 1724 A.
2631 1670 2698 1722 ad
2721 1669 3002 1723 Dometium
3025 1667 3351 1723 Dracontium
3379 1669 3499 1722 Ma-

1859 1775 1908 1836 B
1936 1761 2146 1830 gistrum
2175 1759 2386 1829 privata:
2414 1760 2484 1813 rei
2512 1759 2720 1831 Arriae.
2750 1757 2880 1814 Cum
2914 1760 3071 1814 ﬁscus
3101 1760 3243 1813 litem
3275 1757 3502 1828 pa’tiatur

1930 1859 2022 1906 aut
2051 1851 2239 1906 inferat
2269 1849 2315 1917 ι,
2361 1852 2483 1905 anni
2508 1851 2734 1921 spatium
2765 1851 2830 1905 ad
2860 1851 3310 1905 determinandam
3353 1865 3502 1905 caus-

1933 1959 2048 2000 sam
2077 1944 2306 2014 spectari
2347 1951 2592 2012 oportet,
2641 1943 2760 2013 quia
2789 1943 2888 1998 hoc
2917 1942 2982 1996 ad
3024 1942 3388 1997 inStruendum
3416 1956 3504 1996 sa-

1933 2039 2000 2092 tis
2029 2046 2140 2104 est,
2195 2045 2249 2093 et
2299 2037 2497 2091 diutius
2545 2051 2650 2090 non
2697 2043 2907 2106 oportet
2954 2035 3279 2103 privatorum
3323 2043 3361 2069 ιιι
3385 2032 3505 2087 sine

1934 2128 2043 2181 lisci
2076 2129 2430 2183 emolumenta
2459 2124 2685 2197 fatigari.
2714 2123 2837 2179 Dat.
2869 2123 3007 2179 XIV.
3054 2123 3176 2178 Kal.
3210 2123 3337 2178 Jun.
3383 2121 3505 2178 Ser-

1934 2220 2060 2274 dica:
2083 2260 2097 2285 ,
2121 2217 2447 2274 Constantino
2467 2215 2530 2271 Α.
2561 2216 2646 2271 γι.
2676 2225 2725 2271 et
2745 2215 3015 2271 Constante
3033 2223 3061 2252 τι
3083 2212 3141 2269 C.
3162 2212 3299 2270 Coss.
3326 2212 3502 2287 (320).

2422 2384 2489 2425 οε
2519 2383 2776 2425 ουετοοιλ
2797 2382 3007 2423 11801101
3018 2407 3032 2421 .

2008 2515 2144 2588 Imp.
2191 2514 2549 2569 Constantinus
2595 2513 2658 2566 Α.
2698 2512 2764 2565 ad
2792 2505 3116 2565 Florentium
3165 2508 3504 2564 Rationalem.

1938 2605 1994 2659 In
2043 2617 2374 2674 quacumque
2431 2617 2586 2658 causa
2633 2616 2723 2657 reo
2750 2601 2986 2656 exhibito
3021 2641 3035 2665 ,
3079 2599 3192 2654 sive
3229 2609 3507 2655 accusator

1939 2697 2134 2752 existat
2154 2736 2168 2760 ,
2211 2694 2325 2749 sive
2355 2693 2576 2763 publicae
2605 2701 2629 2729 ο
2678 2691 3047 2749 sollicitudinis
3082 2705 3206 2746 cura
3238 2690 3506 2761 produxe-

1940 2788 2008 2841 rit
2035 2797 2096 2852 Ρ,
2137 2787 2313 2840 statim
2338 2784 2492 2839 debet
2519 2784 2742 2853 quaestio
2764 2782 2908 2847 ﬁeri,
2945 2782 3206 2836 utuoxius
3239 2782 3506 2850 puniatur,

1940 2876 2197 2931 innocens
2216 2874 2538 2929 absolvatur.
2561 2873 2711 2940 Quod
2733 2873 2777 2928 si
2806 2881 3082 2927 accusator
3098 2872 3266 2928 aberit
3293 2871 3354 2926 ad
3375 2881 3511 2926 tem-

1943 2982 2040 3037 pus
2070 3007 2084 3031 ,
2117 2976 2206 3022 ant
2226 2967 2490 3021 sociorum
2516 2966 2797 3034 przesentia
2825 2965 3121 3019 necessaria
3150 2963 3384 3019 videatur
3407 3003 3422 3029 ,
3456 2965 3508 3018 id

1943 3058 2153 3128 quidem
2175 3057 2332 3113 debet
2360 3071 2519 3127 quam
2545 3057 2826 3112 celerrime
2852 3053 3142 3126 procurari.
3170 3040 3370 3110 Interea
3399 3053 3514 3109 viro

1943 3261 2060 3312 dant
2081 3273 2221 3312 suam
2246 3257 2429 3311 violata
2448 3255 2674 3310 castitate
2699 3252 3018 3323 stupraverit,
3042 3251 3377 3322 deportationi
3402 3251 3516 3304 sub-

1932 3333 2142 3402 iugetur
2173 3338 2385 3402 {atque
2414 3336 2516 3402 91°-

2019 3408 2044 3435 ει
2087 3400 2138 3462 8,
2175 3399 2258 3456 15,
2283 3392 2380 3457 14,
2415 3395 2477 3448 17
2505 3396 2753 3464 ﬂectatur.
2777 3393 2867 3458 20,
2899 3392 2963 3445 21
2992 3393 3250 3464 plectatur.

2015 3467 2042 3506 δ
2081 3467 2210 3537 Cod.
2250 3465 2386 3537 Just.
2423 3462 2643 3537 juribus.
2748 3466 3100 3537 adgregantur.
3141 3463 3228 3537 10,
3277 3463 3342 3519 18
3365 3462 3514 3532 judi-

1945 3550 2140 3594 centur.
2169 3536 2239 3591 25
2267 3532 2586 3600 addicuntur.
2621 3533 2720 3587 Alii
2743 3532 3197 3603 codd.’{acultatis.

2022 3621 2042 3647 ε
2087 3609 2172 3670 10,
2203 3607 2267 3662 18
2293 3622 2441 3674 quam
2468 3614 2520 3658 ct
2547 3619 2656 3656 om.
2683 3604 2774 3655 vis.

2019 3676 2042 3714 δ
2089 3677 2174 3740 19,
2207 3676 2276 3730 20
2305 3670 2922 3740 debuerat—raptoribus.

2024 3758 2046 3783 ο
2094 3748 2145 3808 9,
2166 3739 2250 3799 '42
2279 3761 2394 3813 aug.
2424 3743 2494 3796 21
2524 3742 2651 3795 Mai.
2680 3739 2756 3813 'L_.
2863 3739 2941 3813 _U.
2983 3739 3103 3813 _Dat.
3133 3739 3212 3813 II,
3243 3739 3345 3795 kal.
3387 3739 3511 3810 Apr.

1951 3816 2006 3871 In
2029 3815 2144 3882 Cuj.
2175 3816 2229 3877 2,
2258 3815 2312 3866 2‘
2344 3810 2448 3866 om.
2474 3813 2625 3881 Apr.,
2653 3811 2748 3882 sed
2779 3812 2828 3882 i_n
2850 3810 3055 3882 Corrig.
3083 3811 3257 3882 _l‘eSlil.

2026 3885 2043 3923 ι
2088 3879 2160 3939 lia
2188 3885 2423 3952 plerique
2446 3879 2600 3937 codd.
2624 3891 2678 3935 et
2694 3879 2842 3934 Lich.
2870 3880 3048 3952 in_m.,
3082 3879 3136 3932 li.
3161 3895 3210 3934 e.
3241 3895 3366 3933 ann.
3391 3879 3518 3952 2129,

1950 3972 2105 4025 quem
2143 3947 2482 4025 annum-jam
2517 3952 2615 4006 ϐο.
2647 3964 2758 4019 rep.
2801 3948 3002 4025 voluit,
3044 3964 3363 4025 neque_rep.
3402 3947 3518 4025 PP.

1952 3972 2105 4025 quem
2143 3969 2335 4008 annum
2358 3969 2482 4075 (tam
2517 3969 2615 4006 ϐο.
2647 3969 2758 4019 rep.
2801 3969 2966 4002 νοιυιι
2989 3989 3002 4012 ,
3044 3969 3212 4016 neque
3250 3969 3363 4017 rep.
3402 3969 3518 4001 ΓΓ.

1952 4042 2048 4098 pro
2081 4025 2221 4088 Dat.,
2251 4037 2382 4098 quo_
2431 4019 2528 4098 ϐο.
2558 4030 2708 4089 prop.
2739 4018 2949 4098 quidem
2985 4018 3037 4098 in
3073 4026 3187 4098 _not.
3221 4017 3275 4072 h.
3319 4033 3393 4098 ολ,
3427 4016 3521 4097 sed

1953 4087 2067 4160 ipse
2108 4087 2410 4147 retractavit
2453 4091 2503 4144 in
2546 4087 2835 4160 comment.
2871 4087 3035 4160 R_ect_e
3063 4087 3228 4160 igitur
3271 4101 3310 4160 a_
3339 4087 3438 4160 ϐο.
3459 4087 3522 4160 _i_n

1954 4154 2149 4217 Chron.
2183 4161 2344 4216 relata
2385 4168 2465 4215 est
2496 4158 2561 4212 ad
2589 4173 2711 4211 ann.
2743 4157 2864 4212 520.
2899 4155 2952 4219 6,
2988 4157 3020 4210 7
3051 4154 3342 4210 Constantio
3368 4156 3431 4211 Α.
3459 4154 3522 4208 ll.

1953 4234 2024 4289 20
2052 4234 2114 4285 A.
2144 4233 2266 4299 1,4.
2298 4230 2419 4286 edd.
2447 4239 2501 4283 et
2528 4227 2659 4282 Cod.
2691 4227 2826 4299 Just.
2862 4225 2949 4299 illi
2986 4226 3273 4299 (326).}:1
3295 4225 3415 4280 cod.
3457 4225 3527 4299 83

1958 4293 2398 4372 ροηίψτέυϋεοιι.
2427 4299 2534 4372 c._8
2553 4306 2727 4372 autec.
2754 4297 2836 4372 tit.
2863 4293 3039 4372 Nonii.
3055 4293 3525 4372 co'dd.’_Cons_tantio

1956 4362 2052 4443 pro
2083 4366 2754 4443 Qanstantinoiﬂonstantio
2783 4366 2879 4433 (ita
2902 4366 2953 4418 4.
2975 4365 3097 4443 _edd.
3115 4373 3168 4419 et
3197 4362 3328 4443 Cod.
3356 4363 3526 4443 Just.)

1958 4433 2047 4495 aut
2080 4439 2349 4494 Constante
2374 4452 2469 4505 pro
2494 4435 2822 4505 Constantino
2840 4475 2855 4502 ,
2881 4434 3071 4489 crebro
3099 4449 3203 4488 err.
3236 4434 3417 4488 librar.
3447 4433 3480 4487 6
3508 4473 3522 4498 ,

283 4503 654 4564 celebrandas.
681 4503 789 4562 Hac
807 4509 874 4562 de
899 4503 1082 4563 caussa
1108 4509 1241 4561 intra
1261 4503 1456 4563 dicitur
1482 4531 1494 4564 :
1523 4520 1577 4564 ut
1611 4526 1663 4563 se
1683 4503 1848 4578 ipium
1874 4512 1928 4572 D
1955 4514 2011 4576 7,
2042 4511 2133 4573 20,
2165 4510 2226 4563 21
2256 4503 2401 4578 Βίου.
2428 4521 2537 4578 om.
2557 4503 2625 4578 κε.

285 4578 463 4649 probet
501 4581 563 4632 ab
584 4578 769 4650 injuria
789 4579 896 4631 ltesi
916 4577 1121 4649 pudoris
1153 4578 1444 4650 immunem,
1463 4579 1652 4648 quibus
1677 4577 1851 4650 verbis

284 4647 434 4714 nunc
463 4663 573 4702 non
599 4647 1051 4718 repugnant,'qu:e
1083 4649 1237 4715 paulo
1266 4647 1398 4702 infra
1422 4647 1694 4718 leguntur:
1717 4649 1854 4701 omni

285 4726 427 4771 metu
472 4719 596 4771 liber
624 4729 794 4786 aptata
841 4717 1187 4789 conjunctione
1231 4719 1334 4788 frui
1360 4717 1568 4789 debebit.
1607 4717 1854 4772 Fortasse

285 4789 454 4847 igitur
477 4789 726 4843 adhibitis
756 4789 841 4841 Br.
866 4791 948 4842 Al.
968 4788 1248 4847 Codicibus
1279 4789 1347 4841 ita
1376 4788 1705 4843 scribendum
1735 4797 1852 4843 est:

290 4804 302 4843 I
343 4803 454 4841 itur
477 4803 726 4843 admotus
757 4803 841 4841 ur.
866 4803 948 4842 Al.
968 4803 1248 4847 boatmuus
1279 4803 1347 4841 ita
1376 4803 1705 4843 scribendum
1735 4803 1852 4843 esu

290 4803 464 4912 ῧὺὶ...
505 4861 791 4918 accesserit.
847 4869 892 4911 et
941 4858 1202 4926 adspirare
1251 4857 1319 4910 ad
1372 4859 1572 4927 nuptias
1621 4860 1857 4928 eruperint

289 4937 506 4992 tutores,
549 4945 742 4983 necesse
764 4929 994 4982 habeant.

359 5007 406 5036 ω
449 4998 534 5062 19,
561 4999 630 5053 20
659 5009 704 5053 et
729 5017 808 5052 ne.
839 4999 874 5056 9
900 5016 958 5053 ne
984 4999 1155 5053 latius.

362 5076 391 5104 ³³
432 5067 505 5123 20
543 5080 838 5132 curatorem,
866 5069 959 5124 sed
983 5084 1089 5125 em.
1120 5076 1354 5123 tutorem.

365 5147 392 5176 ο
438 5138 526 5202 10,
558 5140 642 5202 12,
681 5141 742 5194 18
769 5150 815 5193 et
843 5155 911 5193 se.
948 5140 1012 5194 19
1038 5154 1144 5194 om.
1171 5149 1248 5192 ut.

365 5219 396 5259 Ρ
437 5207 518 5263 Ad
547 5208 600 5261 h.
634 5210 669 5262 ι.
701 5210 809 5264 vid.
838 5209 962 5274 Go.,
994 5211 1157 5263 not..i
1182 5217 1236 5264 et
1262 5209 1315 5263 in
1341 5223 1536 5264 comm.

364 5291 395 5330 ιι
437 5279 538 5335 ϐο.
572 5282 620 5332 in
646 5289 755 5335 not.
787 5297 798 5331 :
836 5297 854 5330 ι
886 5289 975 5333 tuo
994 5280 1106 5333 sive
1129 5279 1337 5349 judicis.
1371 5296 1389 5329 ι
1420 5279 1485 5334 15
1505 5276 1693 5349 debebit
1720 5293 1859 5331 ama-

289 5362 376 5406 tor
408 5361 460 5404 at
483 5351 529 5403 si
557 5350 784 5416 violatae,
815 5351 942 5403 mira
966 5348 1245 5419 scriptura,
1277 5363 1396 5419 qum
1424 5349 1610 5419 probat
1631 5348 1740 5419 jam
1768 5363 1862 5401 au-

290 5421 518 5489 tiquitus
551 5419 845 5473 haesitatum
867 5434 984 5474 esse
1008 5420 1059 5473 in
1077 5418 1210 5489 legis
1233 5418 1598 5489 explicatione.
1630 5418 1691 5472 γ.
1724 5434 1864 5470 ama-

293 5488 379 5546 tor
407 5492 524 5544 sine
549 5489 978 5569 dubiolibrarius
994 5489 1060 5544 de
1082 5488 1178 5569 suo
1200 5488 1409 5569 adjecit,
1434 5488 1571 5558 quod
1600 5488 1865 5569 quomodo

293 5577 422 5616 cum
465 5576 548 5612 vv.
581 5561 721 5612 omni
758 5568 889 5612 metu
925 5560 1168 5628 componi
1215 5559 1415 5627 possit,
1452 5557 1554 5612 non
1583 5557 1756 5613 video.
1803 5557 1868 5613 19

295 5640 614 5699 servatorum
641 5629 736 5699 (ita
766 5631 925 5683 etiam
1139 5629 1182 5683 si
1202 5628 1382 5699 ablata
1406 5628 1666 5699 castitatis.

373 5703 397 5733 ι’
441 5700 577 5756 llinc
594 5694 706 5754 inc.
735 5713 783 5753 c.
808 5699 833 5754 1
863 5697 990 5755 Cod.
1020 5694 1187 5755 Iusta
1220 5698 1279 5755 Si
1301 5708 1433 5757 tutor
1445 5697 1692 5770 pupile
1716 5713 1876 5770 quon-

2033 4589 2058 4626 8
2100 4580 2274 4634 Nonn.
2305 4576 2458 4632 codd.
2475 4577 2671 4646 primo.

2031 4647 2058 4686 ιι
2095 4649 2185 4712 20,
2213 4650 2302 4714 Μ,
2333 4647 2529 4716 puellae.

2038 4717 2052 4755 ί
2097 4720 2150 4787 6,
2182 4721 2233 4781 7,
2262 4711 2432 4782 9,20,
2456 4717 2551 4787 21,
2575 4717 2664 4782 43,
2687 4715 2776 4783 44,
2803 4716 2888 4771 alii
2915 4715 3034 4771 cod.
3063 4712 3418 4784 approbatum,
3437 4711 3531 4768 sed

1961 4789 2032 4844 20
2060 4786 2207 4859 fuerit
2227 4789 2289 4843 sit
2309 4800 2422 4855 apr.
2451 4798 2502 4840 et
2626 4801 2732 4841 om.
2765 4787 2937 4859 fuerit.

2042 4851 2068 4908 i'
2103 4851 2441 4981 geéerfmnes
2465 4856 2621 4911 codd.
2643 4851 2775 4929 ejus.
2795 4855 2928 4911 Edd.
2952 4871 3074 4921 esse,
3106 4853 3244 4925 quod
3265 4868 3372 4910 non
3399 4851 3535 4908 mul-

2042 4945 2076 4981 η
2144 4945 2153 4980 I
2196 4943 2226 4981 Θ
2283 4967 2295 4979 .

1967 4939 2076 4983 tum
2103 4931 2295 4982 diﬂen.

2038 4998 2064 5034 ¹ί
2104 4998 2296 5062 6-10,
2328 4996 2414 5064 12,
2449 4998 2535 5062 15,
2574 4997 2636 5052 18
2660 4997 2966 5065 deportatur.

2039 5068 2057 5105 ι
2091 5067 2190 5122 ϐο.
2234 5068 2284 5120 in
2308 5077 2454 5120 not.:
2488 5085 2507 5118 ι
2546 5067 2649 5122 Pro
2678 5067 2870 5138 patitur
2894 5075 2982 5138 aut
3008 5065 3212 5134 infert.)

2039 5147 2078 5174 ω
2109 5137 2206 5192 ϐο.
2240 5151 2391 5206 pr0p.
2422 5134 2732 5206 privatarum
2760 5137 2867 5206 (Ri.
2895 5137 3248 5207 privatorum).
3280 5134 3527 5207 Voluitne

1970 5207 2204 5279 scribere
2242 5207 2342 5262 ϐο.
2389 5205 2730 5279 privatarum.
2764 5205 2799 5261 i.
2833 5205 2903 5261 e.'
2930 5221 3106 5261 rerum
3160 5205 3483 5277 privatarum
3511 5205 3535 5260 ?

1971 5279 2088 5333 Mox
2120 5277 2218 5332 ϐο.
2244 5292 2348 5331 err.
2371 5276 2723 5331 emolumenta.

2042 5357 2068 5384 η
2091 5346 2244 5402 Reiu.
2280 5346 2370 5401 Be.
2404 5361 2510 5402 em.
2538 5345 2888 5412 Constantino,
2913 5355 3080 5403 recte.

2043 5426 2067 5453 ο
2104 5419 2138 5472 4
2157 5417 2370 5488 publice.

2043 5498 2070 5560 Ρ
2096 5485 2440 5560 Restituimus
2466 5502 2529 5541 ex
2550 5485 2700 5560 Cod,
2730 5485 2865 5542 Just.
2903 5487 3235 5560 produxerit,
3285 5488 3387 5543 levi
3419 5502 3532 5560 me:-

1973 5559 2090 5613 tlela
2123 5598 2137 5622 ,
2193 5572 2310 5612 cum
2341 5557 2550 5626 vulgata
2601 5557 2858 5626 scriptura
2901 5556 3192 5626 perduxerit
3237 5575 3303 5613 ex
3349 5557 3470 5612 cod.
3499 5556 3535 5612 4

1980 5636 2189 5696 recepta
2212 5633 2386 5696 aptam
2416 5627 2732 5696 sententiam
2754 5641 2858 5681 non
2891 5627 3099 5683 habeat.
3128 5629 3326 5685 Crebra
3353 5635 3436 5684 est
3459 5627 3533 5683 si-

1981 5695 2184 5769 glorum
2213 5695 2264 5766 ρ.
2290 5705 2344 5752 et
2369 5716 2420 5768 p.
2456 5697 2508 5752 in
2536 5695 2689 5753 codd.
2721 5695 2984 5753 conlusio.
