3944 6218
450 305 552 361 199

1676 294 2121 355 CONSTANTINI
2157 293 2367 352 MAGNI

3583 296 3686 352 200

450 415 684 470 exhibito
707 430 810 470 non
835 415 1033 470 ferreas
1060 423 1080 451 ο
1116 411 1346 468 manicas
1373 420 1426 467 ct
1454 409 1769 465 inhmrentes
1800 408 2008 462 ossibus
2036 409 2087 467 Α
2114 407 2372 459 mensium
2420 408 2643 474 spatium
2662 417 2686 444 ιι
2729 407 3044 477 computari.
3084 406 3200 460 Dat.
3229 406 3358 462 VIll.
3385 404 3411 445 ι
3454 406 3544 461 1d.
3572 407 3685 461 Jul.

452 508 590 561 mitti
616 506 642 544 ι)
672 513 918 573 oportet,
942 505 1033 559 sed
1058 503 1377 573 prolixiores
1403 512 1619 557 catenas
1654 511 1673 537 ε
1704 541 1717 562 ,
1742 509 1793 552 ut
1816 508 1869 551 et
1895 511 2011 550 cru-

450 599 607 653 ciatio
631 599 766 653 desit
791 608 844 653 et
869 608 1175 667 permaneat
1202 592 1341 650 tidad
1370 594 1627 649 custodia.
1648 592 1755 647 Nec
1779 607 1905 645 vero
1932 604 2016 643 se-

450 688 531 743 dis
557 690 753 742 intimte
780 688 1024 743 tenebras
1054 687 1160 757 pati
1192 686 1406 741 debebit
1433 685 1672 739 inclusus
1698 724 1712 749 ,
1739 682 1829 737 sed
1859 696 2013 735 usur-

451 790 570 850 pata
596 782 707 835 lucc
732 779 967 849 vegetari
996 790 1018 816 ο
1050 820 1063 843 ,
1096 788 1148 833 et
1173 820 1186 841 ,
1220 779 1305 833 ubi
1339 791 1441 831 nox
1465 775 1813 845 geminaverit
1838 780 2017 826 custo-

450 872 589 926 diam
612 914 627 938 ,
653 872 931 927 vestibulis
960 887 1232 926 carcerum
1262 881 1313 926 et
1342 869 1644 925 salubribus
1669 870 1798 922 locis
1827 864 2012 934 recipi,

449 977 513 1017 ac
540 972 840 1017 revertente
859 962 1047 1016 iterum
1077 961 1183 1024 die,
1211 960 1275 1015 ad
1301 960 1526 1029 primum
1553 958 1677 1011 solis
1709 964 1883 1011 ortum
1904 996 1918 1019 ,
1954 956 2016 1009 il«

449 1054 553 1109 lia-0
573 1053 636 1107 ad
663 1053 925 1122 publicum
953 1054 1131 1107 lumen
1162 1052 1311 1108 educi
1337 1093 1351 1118 ,
1379 1068 1445 1106 ne
1471 1050 1641 1121 poenis
1669 1050 1894 1105 carceris
1925 1062 2016 1117 pe-

452 1145 710 1209 rimatur;
742 1143 881 1213 quod
912 1143 1283 1198 innocentibus
1311 1143 1565 1196 miserum
1598 1140 1767 1195 noxiis
1788 1153 1893 1193 non
1925 1152 2014 1192 sa-

453 1236 518 1289 tis
542 1250 781 1289 severum
811 1249 927 1290 esse
956 1234 1291 1305 cognoscitur
1324 1232 1367 1287 τ.
1408 1232 1435 1303 §
1478 1232 1527 1286 1.
1563 1230 1692 1285 Illud
1723 1231 1878 1285 etiam
1924 1230 2017 1283 oh-

452 1325 747 1381 servabitur
781 1368 793 1390 ,
844 1336 895 1378 ut
926 1342 1096 1395 neque
1124 1326 1205 1380 his
1229 1366 1244 1391 ,
1290 1326 1379 1395 qui
1401 1332 1685 1377 stratarum
1736 1320 2017 1389 funguntur

450 1416 626 1473 officio
655 1459 667 1483 ,
701 1432 871 1487 neque
896 1416 1152 1471 ministris
1191 1431 1375 1470 eorum
1397 1414 1594 1469 Iiceats
1649 1412 2013 1467 crudelitatem

450 1524 599 1564 suam
655 1508 1053 1563 accusatoribus
1084 1508 1311 1561 vendere
1340 1550 1355 1571 ,
1423 1517 1475 1560 et
1523 1506 1833 1561 innocentes
1878 1505 2013 1558 intra

456 1614 726 1654 carcerum
758 1605 907 1668 septa
934 1599 1077 1652 letho
1117 1597 1265 1661 dare,
1294 1608 1381 1651 aut
1408 1598 1707 1652 subtractos
1736 1596 2015 1650 audientiae

456 1689 613 1759 longa
686 1690 806 1744 tabe
849 1704 1181 1744 consumere.
1239 1688 1351 1743 Non
1411 1690 1549 1744 enim
1616 1685 2017 1742 existimationis

2118 494 2444 550 Constantino
2470 497 2531 550 Α.
2556 496 2639 551 VI.
2665 508 2709 550 et
2738 496 3028 551 Constantio
3049 507 3069 536 τ
3096 496 3154 552 C.
3181 496 3321 553 Cass.
3352 496 3529 569 (520).

2718 626 2783 664 DE
2804 624 2989 665 CLERIC
2998 626 3060 665 IS.

2152 694 2290 767 Imp.
2312 697 2662 751 Constantinus
2676 699 2737 753 Α.
2757 701 2823 751 ad
2840 695 3082 753 Bassumd
3100 698 3188 769 Pf.
3210 697 3274 753 P.
3290 698 3422 753 Cum
3436 699 3693 753 constitu-

2118 786 2190 840 tio
2220 787 2441 842 emi-ssac
2461 788 2729 857 prmcipiat
2746 789 2943 843 nullum
2964 789 3212 857 deinceps
3229 789 3571 843 decurionem
3611 790 3694 843 vel

2117 893 2181 930 ex
2196 877 2481 956 decurione
2505 877 2834 947 progenitum
2860 880 2941 933 vel
2964 878 3120 932 etiam
3147 879 3462 933 instructum
3486 878 3699 932 idoneis

2117 967 2453 1023 facultatibus
2475 980 2630 1037 atque
2653 970 2907 1024 obeundis
2924 971 3142 1040 publicis
3161 971 3467 1026 muneribus
3493 986 3692 1041 oppor-

2119 1068 2300 1113 tunum
2319 1060 2383 1115 ad
2407 1061 2718 1115 clericorum
2736 1076 2923 1116 nomen
2945 1063 3359 1132 obsequiumque
3377 1063 3687 1133 confugere,

2119 1153 2212 1208 sed
2237 1168 2334 1209 eos
2349 1155 2414 1209 de
2430 1164 2624 1209 caetero
2647 1154 2698 1208 in
2718 1154 3081 1209 defunctorum
3103 1155 3354 1209 duntaxat
3378 1155 3695 1209 clericorum

2119 1242 2234 1298 loca
2262 1244 2551 1314 surrOgari,
2577 1244 2665 1314 qui
2699 1244 2907 1299 fortuna
2951 1257 3154 1311 tenues,
3187 1262 3357 1315 neque
3385 1247 3698 1302 muneribus

2117 1322 2400 1390 civilibus‘
2427 1345 2701 1390 teneantur
2721 1337 2957 1392 obstricti
2981 1336 3369 1407 :cognoviutus,
3390 1339 3512 1393 illos
3533 1340 3697 1394 etiam

2118 1424 2403 1495 inquietari
2426 1436 2449 1473 δέ
2486 1427 2593 1495 ,qui
2618 1437 2739 1481 ante
2762 1428 2893 1497 legis
2917 1429 3386 1499 promulgationem
3416 1428 3440 1465 ¹¹
3462 1430 3697 1485 clerico-

2118 1531 2235 1570 rum
2253 1531 2310 1570 se
2325 1517 2593 1571 consortio
2618 1517 2953 1573 sociaverint.
2986 1519 3208 1589 Ideoque
3232 1522 3587 1590 prteripimns,
3618 1521 3699 1578 his

2118 1608 2185 1662 ab
2207 1607 2349 1661 omni
2379 1608 2615 1663 mOleSlit
2637 1608 2891 1675 liberatis,
2916 1611 3054 1674 illos,
3082 1610 3170 1679 qui
3200 1623 3313 1679 post
3331 1612 3503 1681 legem
3534 1613 3694 1667 latam

2120 1700 2371 1769 obsequia
2405 1702 2607 1769 publica
2639 1701 2967 1757 declinantes
2989 1702 3053 1757 ad
3071 1703 3380 1758 clericorum
3411 1721 3694 1760 numerum

452 1789 678 1845 ιθηιυητ,
710 1781 802 1835 80d
837 1782 993 1837 etiam
1041 1781 1259 1850 pericu“
1306 1790 1475 1835 melus
1512 1779 1672 1848 5ηάἱεὶ
1704 1775 1729 1815 δ
1774 1779 2014 1832 immillc-
2046 1780 2090 1839 Β
2119 1790 2484 1861 confugerunt,
2517 1794 2696 1861 procul
2727 1792 2794 1847 ab
2828 1809 2891 1847 eo
2920 1808 3141 1864 corpore
3171 1806 3501 1865 segregatos,
3531 1798 3698 1851 CUriI!

450 1870 527 1925 hit
552 1911 569 1938 ,
626 1871 671 1926 si
715 1871 943 1940 aliquem
976 1870 1109 1924 ultra
1142 1869 1382 1924 debitum
1414 1878 1619 1937 tempus
1657 1867 1670 1905 ί
1714 1867 1887 1923 inedia
1928 1876 2019 1920 aut

451 1978 785 2033 quocumque
807 1962 962 2017 modo
984 1962 1171 2030 aliquis
1187 1970 1471 2035 stratarum
1503 1958 1823 2023 exhauserit,
1843 1968 1896 2011 et
1913 1972 2014 2011 nou

452 2056 630 2109 statim
660 2070 779 2108 eum
815 2093 830 2117 ,
881 2067 1041 2121 penes
1071 2066 1223 2120 quem
1269 2048 1541 2105 officinmi
1579 2049 1834 2103 custodiae
1890 2058 1971 2103 est
2001 2088 2015 2114 ,

450 2152 607 2214 atque
634 2144 747 2213 ejus
780 2142 1050 2197 ministros
1071 2141 1280 2209 capitali
1309 2154 1478 2205 paena:
1500 2137 1525 2175 ¹ί
1557 2138 1860 2206 subiecerit.
1895 2137 2013 2191 Dat.

451 2235 587 2305 prid.
611 2234 731 2289 Kal.
761 2232 873 2288 Jul.
904 2233 1144 2298 Serdicae,
1166 2232 1493 2285 Constantina
1522 2231 1585 2283 A.
1616 2230 1682 2285 VI
1700 2241 1745 2284 et
1767 2229 2015 2283 Constan-

452 2326 522 2380 tio
554 2323 572 2364 ι
599 2325 656 2380 C.
683 2324 824 2379 Cass.
854 2321 1029 2393 (39-0).

944 2471 1010 2510 DE
1033 2467 1525 2510 APPELLATIONIBUS.

514 2592 648 2667 Imp.
666 2590 1018 2648 Constantinus
1031 2589 1095 2643 Α.
1110 2590 1175 2641 ad
1188 2587 1473 2660 Crispinum
1487 2588 1520 2609 "'
1531 2628 1544 2642 .
1556 2624 1591 2641 ..
1615 2586 1671 2643 Si
1691 2586 1807 2657 quis
1824 2599 1916 2655 per
1929 2584 2020 2639 ab-

450 2688 672 2744 sentiam
717 2684 1016 2740 nominatus
1050 2690 1075 2717 η
1113 2681 1176 2734 ad
1210 2679 1598 2750 provocationis
1632 2678 1880 2732 auxilium
1923 2690 2017 2731 cu-

451 2778 698 2843 currerit,
714 2793 777 2831 ex
798 2790 862 2829 co
880 2774 964 2828 die
993 2771 1387 2841 interponendae
1408 2770 1773 2839 appellationis
1794 2768 2016 2821 duorum

454 2870 713 2926 mensium
734 2876 758 2903 ο
794 2875 1026 2936 tempora
1057 2863 1104 2920 ei
1126 2862 1474 2931 computanda
1516 2868 1656 2923 sunt,
1684 2874 1746 2913 ex
1768 2873 1871 2927 quo
1893 2872 2019 2911 con-

451 2970 531 3015 tra
572 2976 629 3015 se
664 2960 981 3015 celebratam
1026 2955 1434 3010 nominationem
1478 2950 1723 3006 didicisse
1754 2955 2016 3003 monstra-

450 3050 605 3106 verit.
652 3049 782 3103 Nam
828 3047 1097 3118 prmscnti,
1131 3046 1217 3115 qui
1264 3046 1450 3098 factam
1491 3041 1902 3097 nominationem
1930 3052 2019 3093 co-

451 3143 663 3213 gnovit,
693 3148 747 3197 et
784 3140 1051 3210 appellare
1078 3138 1335 3202 voluerit,
1378 3134 1553 3190 statim
1596 3133 1754 3189 debet
1789 3135 2013 3188 duorum
2046 3151 2091 3214 ρ

522 3343 548 3373 ⁸
578 3333 708 3390 Cod.
740 3334 876 3389 Just.
895 3332 1000 3387 Int.
1026 3347 1139 3386 vero
1164 3345 1303 3384 reum
1330 3327 1603 3384 exhibitum
1630 3343 1727 3381 non
1754 3342 1842 3395 per
1868 3330 2011 3396 fern,

451 3404 607 3477 impr.
631 3405 731 3461 ϐο.
751 3414 803 3460 et
824 3403 1091 3458 Reinesio.
1116 3402 1211 3458 Hic
1230 3402 1338 3456 vult
1364 3415 1447 3453 reo
1479 3413 1573 3468 pro
1600 3398 1705 3452 viro
1735 3439 1749 3463 ,
1796 3412 1859 3450 ex
1881 3395 2013 3450 Cod.

502 3488 587 3529 πει.

451 3475 500 3531 ἰ
574 3544 850 3628 Reinesius
877 3552 1025 3615 putat
1048 3542 1298 3610 scriptum
1329 3539 1490 3594 fuisse
1511 3541 1563 3592 in
1593 3537 1654 3593 C.
1683 3537 1781 3591 Th.
1806 3537 1947 3603 inici,
1978 3535 2012 3590 i.

455 3631 487 3673 Θ
731 3684 867 3740 Just.
896 3684 959 3739 ad
982 3684 1026 3738 si
1053 3681 1274 3737 criminis
1302 3680 1523 3751 qualitas
1554 3679 1701 3732 etiam
1729 3685 2017 3731 catenarum

450 3757 770 3810 acerbitatem
790 3755 1135 3824 postulaverit.

522 3826 548 3862 ἀ
570 3825 699 3880 Cod.
724 3818 860 3882 Just.
886 3825 975 3878 sub
1002 3823 1105 3893 ﬁda
1130 3863 1145 3888 ,
1200 3820 1340 3891 quod
1368 3834 1477 3876 sec.
1506 3818 1603 3875 Go.
1638 3818 1849 3871 minime
1878 3830 2010 3886 apus

454 3905 555 3953 851.

528 3977 551 4004 ε
581 3966 615 4020 4
636 3967 877 4037 evegetari
902 4005 943 4037 ,ί
966 3963 1056 4019 sed
1088 3978 1193 4018 em.
1215 3961 1456 4037 Avegetari.
1488 3958 1545 4013 In
1568 3956 1697 4014 Cod.
1726 3956 1865 4013 Just.
1889 3955 2009 4011 add.

455 4053 515 4090 ac
541 4033 805 4091 sublevari.
835 4035 1034 4089 Ibidem
1058 4050 1175 4088 mox
1209 4033 1259 4086 in
1280 4041 1403 4085 vast.

532 4106 551 4146 ί
578 4108 707 4160 Cod.
736 4106 870 4159 Just.
894 4105 1226 4160 dianascitur.

528 4187 553 4223 κ
582 4175 694 4298 Ἦ.
738 4176 789 4231 8.
870 4170 992 4229 cod.
1017 4173 1150 4227 4.1a
1180 4174 1282 4226 ima
1312 4171 1498 4242 pagina
1522 4179 1603 4226 est
1634 4170 1841 4238 signum
1883 4180 2016 4237 qua~

528 4262 590 4298 ⁵η.
676 4286 687 4298 .

457 4255 590 4301 tern.
623 4251 687 4298 B.
826 4251 841 4264 ’

526 4317 551 4352 h
584 4319 637 4383 4,
668 4314 767 4369 Til.
790 4342 859 4354 ——
883 4313 945 4368 Ri
969 4313 1208 4386 '.judicii
1232 4354 1247 4380 ,
1272 4310 1366 4367 sed
1396 4310 1487 4365 Bc.
1516 4310 1629 4379 jub.
1649 4309 1747 4365 (ἕο.
1792 4322 1856 4363 ex
1883 4307 2014 4363 Cod.

456 4385 592 4442 JuSt.
635 4395 777 4441 recte
805 4393 933 4439 rest.
957 4384 1144 4455 judici.

532 4456 545 4493 ί
578 4461 703 4512 Aur.
737 4456 906 4525 Lugd.
933 4455 1121 4525 tempui
1148 4468 1299 4525 ,crr.
1323 4461 1434 4525 typ.

2121 1882 2497 1951 ordinibusque
2536 1882 2550 1919 ί
2574 1882 2777 1937 restitui
2794 1885 3098 1939 etcivilibus
3124 1885 3390 1955 obsequiis
3413 1886 3695 1941 inservire.

2121 1971 2236 2025 PP.
2264 1973 2377 2027 XV.
2404 1972 2529 2028 Kal.
2560 1974 2692 2044 Aug.
2710 1974 3032 2029 Constantina
3056 1978 3115 2029 A.
3146 1976 3208 2030 Vl
3233 1982 3246 2026 Ι
3283 1987 3327 2030 et
3350 1977 3650 2032 Constantio
3673 1977 3699 2015 λ

2120 2064 2179 2118 C.
2215 2062 2230 2100 1
2267 2063 2408 2119 Cass.
2435 2064 2608 2135 (520).

2451 2178 2519 2215 DE
2557 2178 2843 2219 ERRORIBUS
2873 2178 3253 2220 ADVOCATORCI
3283 2176 3340 2218 ιη.

2190 2253 2328 2324 Imp.
2375 2252 2728 2309 Constantinus
2764 2257 2827 2309 Α.
2874 2254 3036 2309 Furia
3058 2266 3084 2293 ιι
3126 2256 3286 2311 Felici
3313 2267 3358 2311 ο.
3391 2257 3697 2314 Advocato-

2122 2361 2236 2400 rum
2268 2360 2475 2400 errores
2500 2346 2595 2400 inp
2632 2348 2951 2414 competenti
2972 2348 3170 2415 judicio
3209 2348 3560 2418 litigatoribus
3593 2366 3697 2406 non

2123 2436 2485 2507 praeiudicant.
2527 2436 2642 2489 Dat.
2677 2437 2718 2491 V
2742 2447 2767 2485 tt
2825 2436 3024 2491 kalend.
3054 2438 3185 2509 Aug.
3222 2438 3553 2494 Constantina
3577 2450 3598 2477 τ
3636 2442 3697 2494 Α.

2124 2529 2190 2585 Vl
2216 2541 2234 2566 υ
2271 2540 2313 2583 et
2342 2529 2666 2583 Constantina
2693 2532 2710 2565 ί
2747 2527 2873 2583 διεδ.
2898 2539 2926 2566 ιι
2958 2530 3097 2584 Cass.
3130 2531 3299 2601 (520).

2193 2620 2633 2675 ΙΝτειιῐιηετΑτιο.
2676 2621 2992 2685 Advocatus,
3035 2621 3078 2674 si
3117 2620 3169 2675 in
3206 2623 3474 2691 suscepti'
3515 2640 3700 2677 caussa

2122 2714 2315 2783 aliquid
2338 2714 2391 2766 in
2412 2712 2762 2783 prtejudicium
2783 2730 2869 2782 per
2890 2729 3109 2767 errarent
3131 2714 3332 2779 dixerit,
3359 2718 3699 2788 prtejudicare

2122 2805 2188 2868 ei,
2221 2822 2251 2856 a
2274 2820 2372 2873 qua
2400 2804 2654 2857 adhibitus
2676 2814 2765 2865 est,
2792 2804 3080 2859 nullatenus
3109 2806 3245 2859 debet
3266 2822 3283 2858 :
3301 2806 3344 2859 si
3359 2808 3605 2861 continua
3627 2807 3689 2861 de

2122 2893 2233 2962 ipsa
2256 2908 2425 2947 errare
2450 2894 2601 2961 fuerit
2623 2894 2955 2946 reclamatum
2976 2901 3022 2945 ι.

2435 3021 2499 3060 DE
2552 3020 2814 3059 HETALLIS
2850 3020 2918 3058 ΕΤ
2958 3020 3303 3061 κετΑιιΑιιιιε
3320 3016 3371 3059 3'.

2193 3096 2331 3167 Imp.
2391 3095 2745 3149 Constantinus
2799 3097 2861 3150 .4.
2926 3097 2994 3150 ad
3043 3096 3324 3152 Maximum
3372 3099 3698 3157 Rationalem

2196 3264 2220 3291 ⁸
2261 3254 2393 3310 Cod.
2435 3254 2568 3309 Just.
2609 3256 2975 3324 cagnoverit—
3000 3256 3173 3308 debent
3200 3256 3416 3311 duarum
3446 3262 3699 3314 mensium

2120 3325 2138 3393 (
2166 3324 2269 3399 bis.
2291 3326 2481 3379 Veron.
2529 3325 2666 3378 debet
2692 3341 2903 3394 quorum
2948 3326 3243 3396 mensuum)
3286 3331 3470 3399 spatia.
3500 3332 3557 3395 4,
3585 3331 3692 3385 Til.

2118 3425 2187 3436 --
2208 3396 2271 3449 Ri
2288 3398 2304 3418 ⁴
2336 3412 2583 3448 mensum.

2188 3464 2216 3503 ι)
2257 3466 2353 3519 Ms.
2386 3465 2579 3519 Veron.
2609 3465 2712 3518 VII.

2195 3546 2215 3573 ε
2258 3536 2329 3589 Ita
2355 3536 2508 3589 etiam
2535 3534 2665 3589 Cod.
2688 3534 2860 3599 Just;
2893 3535 2983 3589 Bc.
3014 3551 3117 3589 em.
3144 3533 3493 3603 Constantina,
3520 3548 3689 3596 recte.

2118 3604 2237 3659 Vid.
2268 3604 2486 3659 Rcland.
2521 3606 2556 3658 I.
2581 3620 2628 3660 c.
2662 3621 2713 3674 p.
2739 3605 2860 3661 506.
2888 3607 2984 3660 Ms.
3010 3604 3203 3662 Veron.
3235 3607 3405 3661 Const.
3432 3625 3485 3661 a.
3526 3606 3592 3663 V.
3626 3611 3697 3680 (.9)

2122 3683 2166 3729 at
2192 3684 2286 3728 ast.
2312 3692 2383 3728 cc.
2418 3692 2513 3727 css.

2188 3742 2215 3781 ἀ
2256 3745 2322 3799 15
2355 3744 2530 3798 Basso.

2120 3886 2153 3937 ά
2194 3824 2215 3851 ε
2241 3815 2392 3937 (Hauc
2433 3831 2482 3869 c.
2526 3814 2743 3884 periisse
2767 3814 2865 3870 Go.
2896 3812 3143 3869 affirmat.
3174 3815 3291 3871 Mox
3314 3816 3417 3871 Til.
3447 3847 3519 3859 --
3548 3820 3615 3874 Ri
3642 3822 3691 3872 ⁸.

2157 3901 2236 3937 εεε
2261 3901 2362 3937 cra.

2157 3895 2362 3939 εεειετο.

2194 3954 2211 3992 ἲ
2247 3957 2277 4008 4
2304 3955 2491 4008 civibus
2515 3997 2528 4023 ,
2562 3969 2669 4010 rec.
2711 3971 2852 4009 man.
2886 3968 3024 4009 corr.
3078 3956 3325 4011 civilibus.
3365 3956 3431 4013 15
3458 3958 3693 4014 civilibus

2118 4026 2427 4079 muneribus.

2192 4105 2214 4165 β
2246 4094 2311 4150 15
2342 4096 2659 4165 cognovimus
2684 4096 2833 4149 etiam
2858 4111 2940 4149 eos
2967 4096 3252 4165 inquietari.

2189 4162 2216 4200 ¹³
2265 4167 2347 4230 15,
2376 4162 2461 4228 50,
2492 4164 2551 4219 51
2600 4166 2720 4235 legis
2766 4162 3130 4219 oblicatianettt.
3173 4166 3288 4221 [τοι.
3318 4167 3423 4224 596
3455 4167 3481 4196 ⁸
3510 4169 3634 4224 cod.
3664 4169 3696 4225 4

2119 4235 2278 4303 incip.
2302 4252 2421 4289 cum
2452 4252 2503 4289 v.
2545 4236 2857 4289 clericorum.

2196 4304 2209 4341 ί
2249 4307 2335 4360 15.
2367 4306 2454 4360 50.
2483 4306 2543 4358 51
2576 4320 2684 4358 om.
2707 4322 2820 4360 aue.

2196 4318 2209 4341 ι
2249 4318 2335 4367 1:),
2367 4318 2454 4369 ou,
2483 4318 2543 4358 at
2576 4320 2684 4358 om.
2707 4322 2820 4369 que.

2196 4322 2209 4341 ι
2249 4322 2454 4369 13,00,
2483 4322 2543 4358 δι
2576 4322 2684 4358 om.
2707 4322 2738 4375 q

2194 4376 2206 4423 i
2245 4375 2331 4438 15,
2366 4374 2453 4439 fit),
2478 4375 2541 4429 51
2578 4372 2640 4426 V.

2188 4442 2211 4512 15
2251 4445 2314 4498 15
2342 4442 2630 4497 Constante.
2663 4444 2751 4497 Be.
2779 4459 2883 4498 cm.
2918 4442 3267 4512 Constantina,
3299 4456 3464 4502 recte.

526 4527 540 4575 i
573 4511 608 4581 1
628 4568 643 4592 ,
672 4526 775 4580 Til.
801 4511 870 4565 ἔ
896 4525 1013 4577 Ri‘.
1036 4511 1213 4592 'oﬂicii,
1246 4511 1507 4592 sed'r'ecte
1534 4520 1625 4573 Be.
1658 4527 1795 4573 auct.
1823 4517 1922 4571 Go.
1952 4532 2016 4592 ex
2043 4525 2097 4585 1)
2196 4511 2211 4550 ¹
2240 4514 2327 4592 59,
2350 4512 2556 4592 §5I_ont.
2665 4512 2792 4592 aur.
2824 4513 2990 4592 Lugd.
3020 4513 3169 4592 Cons.

452 4595 581 4651 Cod.
604 4587 738 4651 Just.
770 4604 899 4648 rest.
928 4587 1165 4661 aniciu'm.
1185 4591 1427 4661 AliaAGo.
1446 4590 1527 4661 ej.
1557 4606 1704 4661 penes
1730 4603 1875 4655 quens
1900 4587 2013 4661 ρης-

450 4665 534 4719 cii.
565 4666 630 4737 (i.
654 4682 705 4737 e.
729 4657 1031 4737 officitditim
1060 4676 1242 4737 senex
1265 4658 1463 4737 ofﬁcio)
1491 4657 1722 4737 custodia
1749 4666 1817 4709 est
1842 4657 2016 4709 minus

453 4727 738 4805 probabilis
755 4741 853 4789 est.
884 4729 1486 4805 Etiam_Reines_ius_em.
1512 4727 1744 4805 ofﬁcium.

524 4804 550 4842 κ
582 4807 652 4859 Ita
689 4806 777 4859 Be.
801 4819 863 4857 ex
886 4802 1017 4856 Cod.
1049 4801 1183 4855 Just.
1210 4815 1224 4864 ;
1254 4802 1283 4853 4
1313 4840 1328 4863 ,
1354 4797 1455 4851 Til.
1480 4827 1547 4836 —
1568 4798 1629 4850 Ri
1656 4800 1695 4867 ξ.
1719 4812 1884 4867 pruna.

530 4877 546 4913 ι
580 4876 678 4951 Bc:
696 4877 751 4951 in
764 4882 883 4951 not.
913 4883 1056 4926 recte
1071 4885 1195 4951 rep.
1228 4868 1557 4951 Constantina
1575 4866 1694 4951 Vild.
1721 4865 1944 4946 Reland.
1971 4865 2011 4919 Ι.

453 4962 501 5002 c.
536 4962 587 5016 p.
616 4946 739 5001 506.
764 4944 1047 5024 Ιξθψθιιεηι
1071 4936 1190 4993 ΒΡ.
1216 4955 1322 4992 om.
1347 4938 1412 4992 Α.
1438 4937 1520 4991 VI.
1553 4948 1597 4989 et
1614 4936 1963 5017 Constantia.‘

522 5027 561 5054 ω
593 5016 759 5070 Etiam
790 5029 841 5066 tn
864 5011 993 5065 Cod.
1017 5010 1151 5063 Just.
1178 5008 1337 5076 (Imp.
1365 5007 1678 5060 Constantia.
1704 5008 1764 5076 ᾼ.
1791 5006 1857 5076 ad
1881 5005 2017 5076 Cris-

492 5086 660 5157 inum)
686 5080 959 5157 etCZTh.
988 5080 1102 5141 ΧΠ,
1131 5074 1488 5157 1,2”dignitas
1510 5076 1682 5157 deest.
1711 5074 1766 5128 In
1791 5074 1923 5157 God.
1944 5075 2011 5157 4,

492 5105 660 5157 mum)
693 5105 745 5138 ει
774 5105 832 5138 υ.
867 5105 959 5136 Ill.
992 5105 1102 5141 All,
1131 5105 1181 5144 ‘l,
1208 5105 1238 5131 Ζ
1264 5105 1488 5146 υιιςυιωο
1516 5105 1682 5129 uacat.
1711 5105 1766 5128 ιιι
1791 5105 1923 5129 υυυ.
1944 5105 1976 5128 ιι
1997 5114 2011 5136 ς

452 5105 787 5221 ξιιμ-ειη.
830 5152 883 5204 2“
926 5150 1125 5204 lacuum
1169 5149 1368 5221 nullum
1399 5155 1479 5200 est
1510 5145 1778 5221 iu_dicium.
1820 5144 1920 5198 Go.
1964 5151 2017 5199 et

451 5227 537 5281 Ri.
559 5215 784 5296 quatuor
808 5228 994 5296 puncta
1018 5226 1236 5296 ponunt,
1261 5217 1324 5296 Ri
1405 5231 1516 5296 sex.
1544 5215 1634 5296 Bc.
1664 5224 1723 5296 ut
1753 5229 1866 5296 nos.

526 5306 552 5333 ³³
577 5285 648 5349 ’1η
679 5285 820 5350 Cod;
840 5292 975 5347 Just.
1012 5285 1132 5341 add.
1162 5304 1174 5339 :
1200 5288 1272 5341 uel
1297 5287 1364 5339 ad
1388 5286 1734 5338 duumviratus
1763 5285 2011 5335 aliorum-

452 5382 547 5437 que
576 5368 820 5437 Itanarum
850 5362 1059 5432 infulas,
1082 5358 1156 5411 vel
1190 5372 1378 5437 nt‘unus
1411 5355 1613 5437 aliquod
1639 5352 1783 5437 3M5.
1815 5352 2007 5406 Veron.

454 5426 738 5504 etuacatus)
770 5426 1163 5504 evocatus_ex_c.
1189 5427 1255 5481 19
1285 5426 1335 5477 lt.
1357 5435 1430 5504 _t.,
1455 5426 1610 5504 proh.
1636 5426 1733 5477 Go.

524 5516 548 5542 ο
588 5505 663 5559 Ita
691 5494 780 5558 Bc.
824 5517 891 5556 ex
917 5498 1046 5556 Cod.
1076 5497 1240 5560 Just.,
1281 5495 1372 5549 sed
1401 5494 1499 5548 ms.
1526 5494 1722 5547 Veron.
1754 5507 2014 5544 mensuum

453 5574 550 5631 eti
566 5578 718 5629 duum
735 5588 925 5626 mensu.
957 5578 1011 5624 et
1037 5566 1156 5623 cdd.
1188 5574 1309 5620 ante
1336 5565 1425 5620 Be.
1452 5566 1608 5617 duum
1634 5577 1892 5631 mensum,
1924 5576 2016 5631 att--

456 5629 597 5765 ti‘qua
626 5643 903 5713 scriptura.
933 5639 1051 5694 Vid.
1088 5647 1201 5691 not.
1257 5651 1374 5704 sq.;
1509 5633 1608 5711 Th.
1658 5629 1782 5713 .Xll,
1839 5632 1890 5697 1,
1946 5630 2011 5695 2;

454 5719 470 5771 I
531 5756 546 5771 .
576 5715 628 5771 6.
662 5715 716 5771 5.
745 5720 853 5768 not.
886 5728 934 5765 ο.
958 5708 1085 5765 Cod.
1109 5707 1245 5763 Just.
1269 5721 1512 5761 mensium
1540 5713 1701 5771 spatia
1731 5719 1797 5756 es.

519 5703 546 5784 ‘7,
576 5715 628 5778 6,
662 5715 716 5781 5,
738 5703 853 5768 'not.
886 5728 934 5765 ο.
958 5708 1085 5765 Cod.
1109 5707 1245 5763 Just.
1269 5703 1512 5761 mensium
1540 5703 1701 5773 spatia
1731 5703 1797 5756 ei.

2189 4593 2229 4620 ιιι
2254 4582 2385 4664 Cod.
2404 4583 2553 4666 dust.
2583 4584 2643 4637 de
2671 4582 2942 4638 Erroribus
2971 4583 3085 4639 adu.
3118 4587 3193 4639 vel
3220 4585 3412 4639 libellos
3440 4603 3532 4641 seu
3573 4606 3693 4660 pre-

2118 4671 2197 4709 ces
2221 4662 2623 4722 caneipienttum.

2189 4733 2215 4760 ιι
2251 4723 2337 4786 10,
2366 4724 2430 4790 18
2456 4721 2621 4775 Jorio.
2655 4722 2723 4776 '53
2744 4721 2949 4790 Rufina.

2192 4803 2213 4828 ο
2244 4791 2309 4868 1.5
2364 4789 2578 4844 Vicario.
2617 4791 2738 4845 Vid.
2783 4789 2835 4847 c.
2878 4792 2914 4846 2
2950 4792 3009 4849 C.
3064 4793 3163 4847 Th.
3210 4794 3277 4851 de
3324 4804 3484 4868 temp.
3530 4812 3694 4855 cursu

2124 4862 2215 4980 ("ti
2436 4931 2521 4997 to,
2558 4932 2644 4998 17,
2673 4931 2773 4986 Til.
2805 4935 2930 4988 sine.

2188 5011 2214 5050 τι
2245 5002 2311 5055 38
2335 5000 2447 5054 XV.

2191 5081 2211 5107 ι’
2235 5070 2323 5132 20,
2355 5070 2499 5125 Sich.
2530 5068 2984 5138 Constantiuapali.
3025 5071 3115 5137 21,
3154 5073 3258 5129 Til.
3292 5074 3689 5138 Caustantinau.

2192 5099 2203 5107 -
2238 5099 2323 5132 .w,
2355 5099 2499 5125 orent.
2530 5099 2984 5138 uoruummwpuu.
3029 5099 3115 5137 zu,
3165 5099 3258 5129 ιιι.
3292 5099 3631 5132 ιοηδιαηιιηο
3673 5119 3689 5135 .

2190 5150 2209 5175 ⁸
2246 5141 2330 5204 19,
2359 5141 2391 5193 5
2416 5167 2446 5204 ν,
2475 5141 2540 5195 58
2568 5139 2673 5194 VII.
2702 5143 2897 5205 90.9.1,
2921 5140 3121 5210 94,36,
3150 5145 3295 5200 Sich.
3321 5147 3419 5200 Til.
3448 5163 3562 5202 om.

2117 5219 2181 5273 et,
2211 5212 2300 5263 sed
2329 5210 2474 5263 Sich.
2506 5213 2555 5263 in
2586 5229 2657 5265 m.
2687 5212 2806 5263 add.
2832 5211 2899 5263 V.
2924 5221 2976 5264 et
2997 5212 3097 5265 Til.
3128 5214 3179 5267 in
3210 5232 3279 5268 m.
3312 5217 3394 5270 Vl.

2192 5281 2208 5314 τ
2240 5278 2375 5333 Fere
2402 5295 2587 5333 omnes
2610 5280 2788 5339 codd.,
2817 5280 2934 5347 an.
2967 5282 2991 5335 1
3018 5312 3086 5322 —-
3110 5284 3217 5338 Ri'.
3257 5285 3399 5340 Sich.
3444 5288 3495 5341 in
3528 5304 3605 5341 m.
3641 5297 3692 5342 et

2119 5349 2219 5402 Til.
2251 5350 2301 5401 iu
2326 5365 2397 5403 m.
2432 5349 2737 5403 Constantia.
2766 5350 2862 5403 Gn.
2897 5351 2948 5404 in
2974 5352 3566 5411 annott..Canstantino.

2187 5427 2215 5453 ιι
2244 5417 2509 5494 Caunum.
2539 5419 2974 5494 inmultiscodd.
2996 5432 3049 5494 et
3071 5425 3123 5494 in
3143 5422 3257 5494 Cuj.
3289 5427 3338 5479 1.
3364 5426 3492 5480 Aur.
3517 5427 3686 5493 Lugd.

2192 5497 2216 5524 ν
2243 5488 2331 5549 ἳΟ,
2374 5490 2439 5543 21
2478 5498 2531 5543 et
2570 5490 2656 5543 alii
2702 5490 2881 5555 codd.,
2922 5488 3289 5563 Sich.Cuj.'1.
3333 5497 3464 5551 Aur.
3514 5488 3685 5568 Lugd.

2121 5568 2366 5614 suscepta.

2195 5638 2221 5664 κ
2249 5628 2419 5698 Nonn.
2447 5629 2601 5684 eodd.
2634 5628 3014 5698 praclamatunt.

2194 5709 2217 5747 γ
2256 5698 2326 5753 25
2356 5697 2431 5751 De
2483 5697 2694 5753 ttetallis
2732 5709 2778 5753 et
2823 5712 2915 5755 cet.
2953 5702 3128 5758 Noun.
3158 5700 3325 5762 Codd.
3367 5706 3686 5766 metaliariis.
