3944 6218
221 288 313 349 299

247 499 286 555 si
309 499 524 554 maritos
547 498 632 553 eis
662 509 690 537 ι
723 509 917 554 natura
937 542 951 565 ,
992 515 1095 555 non
1126 516 1275 569 pinna
1304 501 1609 556 subduxerit
1641 500 1699 565 b;
1726 514 1816 555 ca-

254 590 484 662 pacitatis
501 590 795 660 privilegio
819 592 1067 645 videlicet
1089 599 1143 645 et
1162 591 1318 647 modo
1340 593 1600 661 inspecto,
1616 601 1673 646 ut
1692 607 1817 645 con-

256 681 530 746 sideretur,
559 681 685 751 quid
710 694 909 750 capere
953 682 1139 751 potuit.
1171 680 1198 752 δ
1231 682 1278 734 1.
1314 692 1335 720 ο
1363 682 1417 737 Si
1440 681 1566 751 quid
1591 682 1817 737 etiamin

257 776 609 845 emancipatus
635 774 837 841 liberos
866 782 989 828 ante
1016 782 1225 842 tempus
1256 774 1497 828 criminis
1535 788 1597 828 ac
1640 780 1819 827 reatus

257 874 455 935 patrem
499 864 792 919 contulisse
836 864 1105 929 claruerit,
1151 863 1411 933 integrum
1464 862 1648 917 iisdem
1692 861 1720 900 ἀ
1766 872 1819 916 et

256 959 384 1013 citra
426 958 841 1027 inquietudinem
876 967 1198 1011 reservetur.
1231 954 1257 1025 ᾗ
1284 956 1338 1009 2.
1368 955 1519 1023 Quod
1547 951 1673 1009 v'ero
1720 970 1819 1009 nec

259 1065 396 1106 uxor
442 1059 465 1088 ε
506 1064 609 1105 nec
650 1047 970 1117 emaneipati
1013 1047 1162 1103 liberi
1211 1048 1479 1117 potuerim
1527 1047 1815 1113 vindicare,

255 1151 466 1211 captum
494 1147 549 1194 et
576 1140 969 1208 incorporatum
998 1138 1068 1191 ita
1102 1136 1119 1176 ί
1150 1137 1216 1191 ad
1246 1153 1331 1192 me
1357 1136 1541 1193 referri
1572 1136 1818 1207 speciali-

255 1242 340 1288 ter
363 1245 580 1299 censeo,
604 1238 665 1285 ut
688 1230 815 1285 illud
844 1245 1053 1300 quoque
1078 1230 1322 1294 addatur,
1355 1238 1528 1283 utrum
1559 1229 1694 1283 filios
1726 1228 1821 1282 ha-

256 1323 404 1389 beat,
437 1321 529 1392 qui
571 1321 849 1377 damnatus
877 1327 995 1385 est,
1024 1318 1282 1389 simulque
1310 1319 1606 1388 adjiciatur,
1643 1328 1817 1372 utrum

253 1410 416 1467 iidem
441 1421 467 1459 σ
496 1410 636 1482 apud
665 1426 725 1467 se
759 1424 823 1466 ex
848 1423 1006 1465 causa
1030 1408 1332 1464 donationis
1360 1409 1554 1479 aliquid
1581 1408 1817 1463 vindica-

248 1502 380 1557 rint.
430 1500 459 1571 ς
499 1501 554 1555 3.
586 1496 618 1538 λ
644 1498 747 1555 Sed
786 1500 839 1553 in
874 1498 977 1565 bis,
1017 1499 1105 1568 qui
1141 1497 1411 1553 fiscalibus
1448 1497 1651 1553 actibus
1696 1499 1819 1553 nexi

249 1602 398 1659 sunt,
426 1602 481 1647 et
508 1608 605 1663 pro
628 1592 916 1647 ratiociniis
939 1591 1339 1661 proscribuntur
1374 1598 1435 1646 et
1457 1590 1818 1646 condemnan-

249 1694 341 1742 tur
357 1685 575 1757 placuit,
603 1685 647 1739 sl
669 1684 792 1755 quid
822 1684 1086 1754 preprium
1117 1697 1252 1737 uxor
1277 1682 1460 1737 habuit
1486 1681 1501 1720 ί
1537 1682 1620 1736 vel
1652 1697 1680 1736 a
1708 1696 1820 1735 ma-

1330 293 1641 351 DECRETA
1679 293 1766 350 ΕΤ
1804 292 2398 353 CONSTITUTIONES.

239 407 345 478 quia
362 405 640 477 pudicitiae
659 408 899 478 premio
917 409 1081 465 cessit
1103 408 1431 464 observanda
1446 418 1547 475 est,
1569 418 1817 479 tanquam
1844 415 1897 475 Α

3379 285 3483 351 210

2380 426 2447 464 DE
2476 425 2790 467 PRIYILEGIIS
2810 424 2985 466 εοιιυιι
2997 454 3008 466 .

1990 497 2126 568 Imp.
2161 500 2517 555 Constantinus
2554 504 2624 556 Α.
2671 504 2739 555 ad
2789 501 2988 555 Iulium
3017 500 3201 556 Verum
3229 500 3484 555 Vicnrinnt

1918 584 2106 645 Italica.
2138 591 2387 646 Palatinis
2428 594 2653 659 nostris,
2686 596 2772 665 qui
2805 596 2873 648 ob
2926 604 3215 663 spectatum
3247 594 3481 648 laborem

1918 682 2027 737 otio
2056 682 2233 736 donati
2261 692 2385 735 sunt
2406 724 2417 745 ,
2443 684 2539 737 sub
2566 684 2783 739 obtentu
2807 684 3238 752 pensitationum,
3262 700 3378 754 quc
3398 698 3483 739 re-

1919 773 2230 842 praesentari
2273 783 2623 840 consuerunt,
2666 774 2944 828 tolerantia
2987 789 3265 828 munerum
3307 774 3481 829 sordi-

1917 863 2105 917 dorum
2146 872 2304 933 atque
2344 864 2543 932 indigni
2589 865 2767 920 oneris
2804 864 3149 934 quorumdam
3188 866 3485 920 temeritate

1918 953 2221 1021 imponitur.
2252 952 2401 1020 Quod
2425 952 2647 1019 facinus,
2664 954 2787 1009 licet
2814 954 3053 1020 graviore
3078 970 3229 1023 ptena
3251 956 3486 1023 plecten-

1917 1042 2044 1096 dum
2074 1052 2185 1106 est,
2220 1052 2394 1096 tamen
2417 1044 2487 1096 ita
2522 1044 2765 1098 volumus
2793 1045 3099 1110 emendari,
3149 1055 3206 1099 ut
3254 1046 3486 1115 gravitas

1918 1140 2004 1186 tua
2035 1147 2099 1186 ex
2126 1130 2303 1187 ofﬁcio
2341 1134 2601 1187 rationum
2632 1134 2754 1190 teris
2782 1136 3011 1204 speciem
3044 1135 3304 1204 postulet,
3337 1145 3389 1188 et
3431 1136 3485 1191 in

1919 1222 2126 1277 tabulas
2166 1222 2215 1275 ei
2257 1222 2492 1276 formatae
2523 1230 2550 1259 ι
2578 1223 2707 1292 legis
2735 1223 2891 1292 hujus
2948 1224 3123 1293 apices
3180 1225 3485 1293 imprimat,

1919 1322 1996 1377 ut,
2025 1313 2067 1365 si
2097 1311 2219 1381 quid
2244 1311 2356 1365 tale
2368 1302 2682 1378 sustineant,
2706 1312 2769 1366 ad
2791 1327 2881 1366 eas
2908 1313 3068 1377 illico,
3093 1314 3243 1382 quasi
3270 1315 3335 1368 ad
3358 1329 3488 1383 pra-

1919 1403 2088 1457 sentia
2116 1403 2371 1469 remedia,
2400 1403 2726 1472 perfugiant,
2767 1413 2927 1473 atque
2946 1404 3013 1457 ab
3033 1403 3294 1459 intentato
3318 1419 3487 1462 utere

1919 1492 2230 1548 liberentur.
2263 1492 2367 1547 PP.
2402 1492 2468 1545 Id
2491 1492 2646 1547 Mart.
2679 1491 2859 1562 Crispo
2888 1491 2953 1557 ll,
2984 1502 3029 1546 et
3058 1491 3388 1548 Constantino
3414 1495 3479 1550 ll.

1918 1582 2023 1639 cc.
2047 1582 2189 1638 Cass.
2206 1582 2234 1621 δ
2264 1582 2435 1651 (εει).

2036 1691 2102 1730 DE
2139 1691 2567 1743 SUSCEPTOBIBUS,
2609 1692 2921 1733 PREPOSITIS
2958 1695 3024 1733 ET
3062 1695 3300 1734 ABCARHS
3332 1691 3379 1735 θ.

249 1775 357 1831 rito
394 1776 602 1842 datum,
629 1775 680 1829 in
712 1783 964 1841 quantum
994 1788 1185 1842 capere
1211 1774 1425 1842 potuitl
1460 1782 1584 1827 ante
1610 1773 1814 1827 initium
1847 1796 1894 1855 Β
1992 1765 2127 1835 Ιηιρ.
2164 1766 2520 1822 Constantinus
2554 1772 2613 1820 Α.
2647 1770 2714 1822 ad
2742 1769 2979 1855 Edictum
3007 1767 3053 1823 ἀ.
3089 1772 3142 1825 Si
3173 1787 3327 1841 quem
3367 1786 3485 1826 sus-

252 1875 404 1921 actus
427 1865 477 1929 ι,
509 1880 573 1919 ex
596 1880 702 1935 quo
736 1864 883 1934 origo
928 1862 1123 1917 fraudis
1152 1877 1213 1917 ac
1238 1863 1347 1915 vitii
1370 1862 1420 1915 in
1441 1862 1697 1931 judicium
1728 1864 1821 1919 de—

257 1956 416 2010 ducta
446 1962 550 2019 est,
579 1954 621 2008 si
648 1953 773 2024 quid
804 1952 994 2007 deinde
1020 1953 1071 2006 in
1096 1952 1458 2020 emancipatos
1486 1951 1621 2005 ﬁlios
1653 1952 1817 2005 dona-

254 2044 403 2099 tione
442 2044 691 2097 collatum
719 2083 734 2109 ,
780 2050 1061 2110 antequam
1118 2039 1137 2079 ι
1187 2049 1306 2099 orto
1349 2055 1485 2097 nexu
1538 2039 1818 2109 sutl‘ugium

255 2134 435 2206 potius
454 2148 611 2204 quam
643 2130 1001 2187 munificentia
1038 2131 1283 2199 frausque
1320 2138 1568 2197 tentetur,
1598 2131 1821 2186 inteme-

254 2235 431 2282 ratum
450 2224 585 2295 apud
602 2223 969 2293 accipientium
980 2224 1093 2292 jura
1115 2222 1413 2290 persistere;
1435 2224 1819 2293 necquicquam

254 2319 387 2374 fisco
417 2319 470 2372 in
516 2318 753 2388 qualibet
775 2330 931 2371 causa
959 2325 1195 2372 teneatur
1219 2316 1528 2381 obnoxium,
1558 2313 1657 2369 nisi
1682 2312 1823 2383 quod

257 2409 313 2464 in
341 2407 578 2463 dominio
606 2410 839 2478 proprio,
869 2422 986 2462 cum
1009 2407 1228 2477 obligari
1254 2413 1401 2461 ortus
1422 2414 1523 2470 est,
1558 2405 1740 2459 habuit
1759 2414 1819 2469 ιη,

258 2501 345 2556 vel
373 2500 513 2570 quod
550 2514 713 2568 agens
742 2509 768 2536 ιι
796 2508 903 2553 tam
940 2514 1035 2553 suo
1059 2514 1214 2569 quam
1256 2498 1436 2552 uxoris
1474 2496 1559 2552 vel
1595 2496 1820 2550 llliorum

260 2594 346 2648 vel
364 2592 743 2661 cujuscumque
763 2599 1015 2659 praterca
1034 2590 1245 2644 nomine
1260 2589 1631 2657 comparavltO.
1663 2587 1690 2658 ς
1716 2588 1769 2641 4.
1795 2597 1822 2635 ι)

256 2682 514 2752 Exceptis
556 2682 812 2736 duntaxat
851 2680 1163 2734 Caesarianis
1187 2689 1237 2745 tt,
1272 2678 1360 2748 qui
1403 2680 1469 2731 ab
1510 2678 1654 2732 omni
1688 2676 1823 2745 juris

260 2775 521 2831 beneﬂcio
554 2773 904 2828 excluduntur
930 2783 979 2838 τ,
1016 2771 1112 2825 nisi
1144 2771 1358 2840 probata
1389 2784 1418 2821 a
1449 2784 1533 2824 me
1573 2776 1821 2838 purgata-

262 2881 369 2937 que
394 2864 671 2919 ratiocinia
707 2864 920 2925 fuerint,
954 2872 1029 2924 ut,
1058 2861 1195 2931 quod
1228 2861 1441 2915 innoxie
1468 2867 1488 2894 ·
1520 2859 1819 2923 habuerint,

261 2953 657 3009 transmittendi
677 2954 881 3022 capiam
907 2952 1152 3007 habeant.
1173 2950 1293 3004 Dat.
1318 2951 1402 3004 ΙΙΙ.
1418 2951 1519 3003 kal.
1542 2948 1824 3003 κατιδεῖ-

264 3045 431 3110 dica‘,
455 3041 635 3112 Crispo
650 3042 710 3097 II.
740 3041 1132 3097 etConstantino
1152 3041 1216 3095 ll.
1245 3038 1413 3094 Caess.
1447 3045 1588 3093 Loss.
1616 3038 1819 3111 (521)“.

333 3206 361 3233 ⁸
390 3212 440 3252 e.
463 3194 680 3250 2$Cod.
703 3194 837 3249 Just.
856 3196 948 3250 cit.
974 3192 1280 3247 observanda
1295 3193 1665 3246 sit—maritum
1692 3193 1819 3260 ejus.
1851 3160 1895 3223 C

330 3266 360 3306 δ
382 3282 429 3320 c.
457 3264 530 3319 24
553 3264 682 3319 Cod.
724 3264 860 3319 Just.
903 3266 996 3317 cit.
1026 3264 1335 3317 subduxerit.
1369 3261 1463 3331 Sin
1506 3270 1671 3314 autem
1695 3278 1826 3331 aqua

263 3347 310 3391 es
331 3337 439 3405 igni
466 3337 511 3388 ei
537 3335 852 3387 interdictum
869 3336 985 3399 erit,
1013 3334 1088 3386 uel
1114 3332 1393 3405 deportatio
1419 3330 1559 3405 illata
1580 3372 1593 3393 ,
1624 3346 1721 3405 non
1742 3330 1825 3383 ta-

262 3400 375 3459 men
402 3420 539 3459 mors
558 3420 620 3457 ea:
643 3420 786 3473 pcna
810 3406 1069 3456 subsecuta
1084 3418 1101 3455 :
1118 3400 1417 3473 donationes
1442 3418 1473 3452 a
1497 3402 1601 3452 viro
1625 3400 1678 3473 in
1697 3416 1827 3453 utco-

259 3491 365 3529 rent
400 3471 650 3537 cottatc,‘
680 3475 843 3525 adhuc
888 3473 941 3524 in
994 3472 1227 3539 pendenti
1271 3479 1503 3522 maneant
1534 3485 1551 3521 :
1578 3471 1693 3537 quia
1739 3484 1827 3521 nec

261 3544 639 3597 matrimonium
661 3544 713 3595 in
744 3542 1030 3614 Itujusmodi
1058 3540 1253 3614 casibus
1279 3539 1586 3600 dissolvitur,
1610 3539 1681 3592 ita
1705 3539 1828 3614 utsi

260 3630 419 3683 usque
438 3614 505 3666 ad
531 3618 643 3666 vita
668 3628 773 3665 sua:
794 3610 990 3683 iempus
1027 3612 1234 3683 maritus
1267 3626 1348 3662 eas
1376 3624 1474 3661 non
1493 3610 1822 3683 revocaverit,

261 3677 516 3736 ez'morte
541 3683 648 3753 ejus
673 3677 1032 3749 conﬁrmentur
1051 3681 1216 3753 :_ﬁsco
1238 3690 1410 3753 nosiro
1435 3678 1503 3729 ad
1529 3677 1725 3730 easdem
1748 3691 1827 3729 res

262 3754 459 3805 nullam
481 3753 537 3805 in
561 3748 814 3821 posterum
838 3751 1229 3821 communionem
1259 3748 1508 3821 habitura.

336 3833 359 3860 ε
386 3821 523 3875 Hinc
546 3817 630 3875 inc
652 3819 703 3876 ἐ.
737 3822 758 3875 1
791 3834 839 3874 c.
864 3820 897 3874 9
921 3817 1051 3873 Cod.
1081 3818 1213 3872 Just.
1248 3818 1341 3871 cit.
1369 3818 1400 3845 "

332 3890 361 3929 ἀ
383 3896 419 3947 4
444 3889 549 3946 ΤίΙ.
574 3883 767 3945 —-Ri‘.
794 3889 1003 3943 Itide.
1052 3902 1101 3942 ο.
1141 3888 1175 3943 9
1200 3886 1334 3941 Cod.
1360 3884 1496 3943 Just.
1523 3883 1619 3941 cit.
1650 3884 1827 3937 iisdem

262 3961 412 4015 citra.

337 4042 362 4068 ε
386 4031 503 4085 Fol.
536 4030 604 4085 62
625 4038 651 4067 ι
679 4028 799 4084 cod.
824 4030 879 4083 4.

338 4103 359 4138 τ
391 4117 440 4155 c.
470 4100 505 4154 9
524 4099 655 4153 Cod.
682 4099 819 4152 Just.
842 4100 935 4167 cit,
964 4106 1161 4167 captum
1187 4112 1217 4167 tt
1247 4095 1457 4167 publicis
1484 4094 1708 4167 personis
1733 4094 1825 4167 ita.

335 4179 361 4216 ε
392 4170 446 4235 4,
477 4167 772 4237 Til.—Cuj.
795 4168 870 4220 2'.
913 4159 997 4220 ιιι.
1024 4159 1134 4220 ΗΓ.
1165 4159 1315 4218 idem.
1359 4163 1455 4217 ϐο.
1484 4165 1620 4227 item,
1655 4163 1745 4216 sed
1774 4162 1825 4214 in

261 4248 375 4293 not.
399 4241 572 4291 iidem.

332 4308 360 4346 1³
392 4311 530 4363 llinc
554 4307 657 4362 inc.
684 4308 712 4363 ε
741 4305 776 4359 2
796 4320 842 4359 c.
870 4306 904 4360 9
930 4302 1061 4358 Cod.
1091 4303 1225 4359 Just.
1252 4303 1346 4357 cit.

340 4380 355 4418 ί
388 4394 437 4434 c.
462 4379 496 4433 9
527 4378 659 4431 Cod.
686 4375 823 4431 Just.
850 4375 1093 4429 habuerit.

338 4461 353 4499 t
389 4449 448 4503 In
474 4446 606 4502 Cod.
633 4446 768 4502 Just.
806 4446 855 4508 1.
884 4460 931 4500 ο.
957 4458 1062 4497 om.
1090 4444 1140 4496 in
1165 4460 1215 4505 q.
1242 4458 1289 4495 ε.
1320 4459 1373 4510 p.

334 4518 361 4556 ¹ι
398 4518 470 4571 Ita
499 4516 593 4571 Be.
637 4532 699 4570 ex
733 4515 866 4569 Cod.
906 4514 1039 4569 Just.
1065 4528 1078 4574 ;
1110 4510 1144 4565 4
1169 4509 1409 4567 Til.-élii
1432 4514 1473 4566 '.
1500 4521 1689 4563 actum.
1724 4509 1825 4565 ϐο.
1854 4518 1907 4576 Ῑ)
1931 4519 2049 4576 esse
2079 4515 2201 4572 puta

262 4604 373 4645 em.
397 4590 596 4641 initum.
628 4584 919 4641 Summaria
940 4581 1072 4637 Cod.
1098 4581 1301 4636 Theod.
1335 4596 1385 4650 p.
1415 4581 1471 4633 11
1499 4591 1613 4633 ante
1636 4580 1832 4633 initium

263 4660 498 4713 actionis.

343 4727 360 4766 ι
396 4726 531 4782 ϐοά.
562 4724 703 4780 Just.
731 4725 766 4777 Ι.
819 4740 867 4777 c.
911 4722 1150 4799 collatum
1190 4729 1283 4799 esi.
1302 4728 1421 4799 ante
1455 4734 1605 4799 quam
1646 4718 1832 4799 crimen

264 4800 460 4854 oriatur
501 4799 855 4849 intemeratum
874 4835 889 4857 ,
915 4792 1106 4845 omissa
1127 4831 1140 4852 ,
1166 4798 1225 4843 ut
1245 4788 1343 4844 ϐο.
1373 4786 1527 4852 dicit,
1555 4786 1832 4855 elegantis-

264 4870 400 4922 sima
426 4867 657 4929 ratione,
683 4880 800 4931 qua:
832 4865 915 4915 hic
947 4860 1264 4914 continetur.
1304 4857 1649 4925 Tib—Lugd.
1672 4858 1832 4908 colla-

267 4948 372 4992 tum
398 4947 537 5001 ante,
634 4949 736 4986 am.
766 4932 850 4985 Ri.
882 4931 994 4984 lli".
1020 4931 1278 4993 collatum,
1308 4936 1441 4991 ante,
1470 4942 1639 4996 quam.

334 5018 374 5043 ω
407 5005 541 5060 ϐοά.
566 4951 705 5059 thst.
722 5002 763 5055 Ἰ.
785 5017 836 5055 c.
861 4999 1070 5060 obligari
1097 4998 1261 5060 carpit,
1293 4997 1534 5049 habuerit.

336 5018 374 5043 ¹¹³
407 5014 541 5060 ϐοά.
566 5014 705 5059 Just.
728 5014 763 5055 Ι.
785 5017 836 5055 c.
861 5014 1069 5069 obligari
1097 5014 1261 5066 coepti,
1293 5014 1534 5049 naouerts.

336 5087 364 5113 ιι
390 5075 427 5129 4
447 5092 589 5145 ages,
613 5073 705 5126 sed
727 5086 832 5145 em.
860 5066 1095 5145 agens-ab
1118 5066 1563 5145 ipso,_u‘tlvidetur
1588 5063 1824 5145 librario.

338 5156 365 5183 ο
398 5134 531 5200 ϐοά.
561 5143 696 5197 Just.
726 5142 765 5193 Ι.
797 5154 847 5195 c.
876 5134 1047 5193 uxoris
1070 5134 1175 5189 sum
1201 5134 1277 5189 vel
1295 5134 1826 5203 ﬁl.-—comparaoerit.

336 5227 365 5265 Ρ
391 5215 508 5269 Fol.
542 5213 612 5268 62
633 5210 660 5249 δ
688 5210 809 5264 cod.
838 5209 891 5262 4.

336 5297 364 5335 ει
390 5285 445 5339 In
466 5283 601 5337 Cod.
620 5281 757 5335 Just.
784 5279 822 5331 Ι.
846 5292 894 5332 ο.
924 5275 1045 5330 add.
1069 5275 1144 5329 vel
1169 5273 1546 5329 Catholicianis.

339 5365 362 5393 ι’
395 5355 516 5421 Cuj.
548 5353 602 5415 2,
634 5353 690 5421 2‘
712 5350 1044 5421 caeduntur,
1072 5344 1343 5421 mendose.

336 5432 359 5459 ⁸
382 5422 417 5477 4
432 5414 635 5476 innoxie
665 5420 886 5481 buerint,
904 5418 997 5470 sed
1020 5429 1123 5468 em.
1147 5414 1214 5468 ab
1234 5423 1344 5468 ant.
1372 5429 1527 5468 manu
1546 5415 1827 5467 habuerint.

340 5496 360 5529 ³
401 5508 451 5548 c.
492 5490 563 5545 Ἃ
585 5490 718 5546 ϐοά.
747 5488 885 5543 Just.
912 5485 1005 5540 cit.
1035 5484 1310 5548 Sardinia,
1335 5484 1489 5539 male.
1527 5483 1581 5550 4,
1619 5483 1739 5539 edd.
1767 5482 1828 5539 C.

263 5566 367 5622 Th.
400 5562 645 5619 Serdicae.

335 5645 364 5673 ι
388 5648 438 5687 c.
463 5629 536 5687 24
555 5630 682 5687 ϐοά.
719 5629 859 5685 Just.
889 5640 995 5681 om.
1030 5625 1191 5679 Cass.
1220 5637 1267 5678 c.
1294 5622 1327 5677 9
1354 5621 1487 5680 ϐοά.
1507 5622 1643 5681 Just.
1676 5622 1834 5680 habet

268 5706 473 5761 subscr.
504 5715 551 5757 c.
586 5700 655 5758 15
680 5701 737 5755 Ιι.
775 5707 815 5753 t.
845 5696 976 5751 Aur.
1004 5693 1170 5764 Lugd.
1199 5706 1347 5749 cons.

1923 1868 2189 1927 ceptorem
2212 1860 2470 1913 evertisse
2496 1854 2793 1914 constiterit
2816 1862 3093 1925 rationem,
3120 1872 3172 1915 et
3196 1863 3260 1915 ad
3281 1862 3493 1917 solven-

1922 1946 2046 2001 dum
2069 1963 2173 2001 non
2197 1962 2315 2003 esse
2340 1948 2607 2011 idoneum,
2635 1963 2843 2004 crcator
2861 1951 2978 2018 ejus
3006 1953 3102 2004 hac
3130 1960 3153 1988 θ
3178 1952 3492 2007 necessitate

1921 2044 2186 2102 teneatur,
2210 2048 2286 2104 ut,
2310 2038 2553 2107 quicquid
2575 2039 2665 2093 ille
2683 2038 3009 2109 dilapidavit,
3037 2042 3150 2109 ipse
3174 2040 3240 2095 de
3267 2042 3491 2110 propriis

1921 2127 2082 2182 rebus
2108 2128 2383 2190 instauret,
2416 2129 2869 2199 compellaturque
2909 2131 3156 2185 damnum
3188 2146 3344 2185 omne
3373 2146 3489 2185 sar-

1924 2217 2054 2282 cire,
2083 2217 2221 2287 quod
2256 2216 2298 2297 ί,
2313 2227 2455 2272 esset
2494 2218 2718 2283 illatum,
2751 2220 2794 2273 si
2836 2219 2887 2273 iu
2926 2220 3128 2273 idoneis
3162 2221 3494 2274 nominandis

1923 2318 2234 2379 competens
2275 2311 2564 2365 adhibitum
2592 2319 2733 2365 esset
2776 2320 2801 2358 8
2830 2326 3072 2367 examen.
3105 2311 3224 2365 Dat.
3261 2312 3365 2366 Vll.
3402 2311 3488 2365 Id.

1922 2402 2091 2470 April.
2121 2399 2297 2471 Crispo
2325 2402 2385 2456 ll.
2412 2413 2461 2457 et
2481 2402 2809 2457 Constantino
2834 2403 2894 2458 ll.
2926 2406 3034 2457 AA.
3070 2402 3095 2441 ιι
3136 2403 3277 2457 Cass.
3322 2404 3492 2475 (524.)

2052 2509 2117 2549 ΒΕ
2154 2510 2270 2561 HIS,
2313 2510 2397 2558 QUI
2437 2510 2628 2549 VENIAI
2667 2511 2869 2550 ETATIS
2905 2511 3273 2551 IIIPB'I‘RARUN‘I'
3314 2493 3356 2549 ⁸.

1996 2584 2133 2655 Imp.
2174 2582 2535 2639 Constantinus
2562 2587 2625 2638 A.
2655 2586 2723 2639 ad
2772 2585 3016 2639 Verinum
3041 2587 3085 2638 ἱ.
3113 2583 3309 2640 Omnes
3353 2586 3483 2641 ado-

1997 2706 2022 2757 ".
2051 2696 2149 2752 ϐο.
2190 2712 2293 2771 ctu.
2334 2697 2628 2765 e/j‘ormatw.
2668 2696 2793 2752 Mihi
2831 2698 3007 2768 placet
3042 2702 3151 2771 ejus
3190 2698 3301 2770 (sc.
3342 2702 3493 2769 teris)

1927 2770 2154 2838 formata
2182 2767 2323 2838 legis.

1997 2835 2024 2874 ι)
2044 2837 2160 2910 Cuj.
2198 2835 2399 2910 i}—Be.
2436 2836 2691 2910 Consulib.
2714 2837 2891 2910 codex
2920 2848 3067 2892 otenu
3082 2839 3245 2908 (corr.
3271 2840 3495 2910 obtentu)

1924 2935 1994 2946 —
2014 2905 2322 2977 plectendum
2352 2936 2421 2946 —
2446 2908 2603 2975 iliq‘uo
2628 2937 2698 2947 —-
2718 2909 2829 2977 abq.
2862 2910 2923 2961 ab
2938 2910 3037 2961 int.

2000 2986 2021 3013 ο
2053 2974 2086 3027 4
2115 2978 2397 3043 propositis.
2428 2974 2599 3030 Nonn.
2640 2974 2802 3031 codd:
2840 2977 3148 3040 Propositis,
3181 2979 3265 3030 alii
3297 2979 3489 3030 Archa-

1926 3047 2035 3116 riis.
2063 3044 2179 3116 Cuj.
2208 3045 2270 3116 2,
2294 3045 2350 3097 2'
2389 3046 2438 3098 in
2480 3046 2588 3098 ind.
2638 3049 2717 3099 tit.
2750 3048 2962 3101 arcaris.
3004 3048 3070 3101 54
3100 3061 3207 3099 om.
3244 3047 3415 3116 Prwp.
3450 3058 3496 3101 et

1927 3115 2049 3168 Arc.
2078 3114 2223 3169 Sich.
2262 3115 2312 3167 in
2345 3130 2417 3167 m.
2449 3116 2634 3184 indicis
2674 3117 2776 3169 titt.
2814 3116 2937 3169 huic
2966 3116 3100 3169 libro
3134 3117 3333 3184 praeﬁxi
3359 3114 3412 3170 et
3443 3118 3493 3171 in

1928 3200 2000 3237 tu.
2024 3184 2248 3237 rubricae
2283 3184 2437 3251 hujus
2488 3183 2622 3236 tituli
2648 3186 2713 3238 ad
2738 3200 2787 3237 ν.
2817 3184 3115 3247 Pm‘positis
3139 3183 3222 3238 tet
3270 3185 3491 3240 Exacta-

1926 3254 2068 3307 ribus
2097 3261 2141 3307 et
2195 3254 2416 3306 Arcarit‘s
2455 3254 2582 3320 reip.
2640 3254 2691 3307 In
2725 3253 2843 3307 cod.
2886 3254 2955 3307 45
2994 3269 3056 3307 ex
3093 3254 3316 3321 Explan.
3366 3256 3490 3320 adit,

1927 3323 2021 3375 hoc
2040 3338 2088 3443 ei.
2104 3332 2389 3443 factorum
2412 3321 2624 3390 publicat
2647 3324 2771 3377 citra
2794 3324 3145 3377 conscientiam
3166 3325 3356 3389 iudicis
3382 3326 3495 3393 ﬁeri

1927 3408 2027 3443 non
2084 3410 2108 3443 e
2143 3408 2240 3443 ere.

1927 3408 2027 3445 non
2048 3408 2240 3445 αευεη.

1996 3458 2022 3497 ἀ
2048 3461 2203 3515 Reiu.
2226 3476 2349 3514 ann.
2378 3478 2391 3513 :
2422 3461 2457 3514 ι.
2477 3461 2542 3513 ad
2571 3460 2832 3514 Ecdicium
2860 3477 2879 3513 :
2906 3462 2981 3514 vel
3008 3460 3233 3517 Ecducu.
3266 3477 3285 3516 :
3332 3460 3395 3515 ν.
3426 3463 3493 3514 ad

1928 3531 1965 3602 ι,
2001 3530 2054 3583 2.
2086 3531 2144 3602 (l.
2173 3534 2253 3602 75.}
2288 3532 2350 3584 de
2375 3532 2629 3602 extraord.
2662 3540 2707 3583 et
2732 3532 3086 3602 sordgnuner.
3131 3530 3249 3602 Vici.
3274 3545 3322 3585 c.
3348 3531 3493 3602 _3de

1931 3598 2207 3724 Exlttgsord.
2238 3598 2311 3653 's.
2365 3600 2506 3653 sord.
2549 3614 2755 3654 muner.
2801 3598 2914 3670 (XI,
2962 3598 3055 3668 16)
3097 3609 3150 3654 et
3196 3599 3261 3665 ν,
3301 3600 3387 3663 14,
3434 3601 3488 3665 1,

1931 3684 1996 3723 uo
2082 3710 2092 3723 .

1927 3681 2018 3723 llOI.
2045 3681 2073 3723 υ
2082 3710 2092 3723 .

2002 3749 2026 3814 ξ
2051 3742 2089 3814 4
2107 3758 2185 3814 ac,
2218 3742 2394 3814 rubro
2406 3741 2508 3797 col.
2536 3739 2655 3793 add.
2690 3740 2721 3791 It
2750 3754 2895 3809 supr.
2927 3757 2979 3792 a.

2003 3807 2023 3845 ί
2052 3807 2292 3866 ϐο.ὀάάί
2316 3812 2422 3864 vult
2446 3818 2536 3863 aut
2564 3826 2661 3861 non
2684 3818 2773 3863 aut
2793 3807 2955 3865 rescr.
2976 3809 3206 3863 dilatum.
3235 3808 3364 3864 Illud
3385 3808 3485 3865 ϐο.

1928 3879 2162 3947 praefert,
2196 3880 2382 3949 probat
2412 3882 2501 3935 Be.
2534 3889 2585 3933 et
2612 3894 2729 3947 ego.

2000 3957 2028 4018 β
2058 3950 2176 4005 Sec.
2204 3949 2302 4005 ϐο.
2334 3965 2428 4018 pro
2458 3950 2649 4017 fuisset.

1996 4015 2024 4088 ξι
2057 4018 2159 4072 Til.
2188 4048 2258 4060 —
2286 4015 2465 4088 Lugd.
2484 4019 2545 4088 A.
2581 4018 2739 4073 Recte
2768 4019 2859 4074 Be.
2891 4033 2984 4086 pro
3010 4019 3119 4073 AA.
3153 4034 3267 4088 rep.
3292 4020 3344 4073 in
3373 4030 3485 4075 not.

1996 4034 2024 4052 ⁸⁸
2058 4034 2159 4072 ἸΙΙ.
2188 4048 2258 4060 -
2286 4034 2358 4072 ιλιι
2398 4034 2451 4072 α.
2484 4034 2545 4071 Α.
2581 4034 2739 4073 necte
2768 4034 2859 4074 ue.
2891 4034 2984 4086 pro

1930 4084 2028 4140 cc.
2059 4088 2174 4155 Cuj.
2208 4089 2242 4141 2
2269 4118 2339 4129 —
2363 4034 2449 4141 iu.
2477 4084 2626 4140 Cons.
2651 4097 2702 4141 et
2726 4088 2787 4140 Ri
2802 4098 2838 4141 t.
2863 4088 2986 4141 tat.

2008 4155 2022 4192 ί
2057 4154 2366 4225 Complures
2395 4158 2573 4221 codd.,
2606 4157 2656 4210 in
2689 4158 2790 4210 titt.
2829 4158 2937 4210 ind.
2968 4156 3088 4211 edd.
3123 4158 3267 4213 Sich.
3300 4168 3354 4212 et
3383 4159 3484 4213 Til.

1929 4225 2059 4280 Cod.
2088 4226 2222 4298 Just.
2255 4228 2659 4298 impetraverunt.
2702 4227 2756 4292 9,
2779 4225 2848 4280 42
2872 4228 3156 4290 impetrant.
3218 4228 3283 4281 19
3331 4228 3485 4298 impe-

1931 4297 2189 4367 traverint.
2222 4298 2291 4352 20
2306 4366 2311 4367 ί
2336 4297 2667 4367 imper-abun}.

2007 4377 2020 4415 ι
2042 4365 2129 4437 458
2147 4382 2262 4437 ppo.
2286 4364 2419 4437 Cod.
2443 4366 2584 4437 Just.
2610 4364 2748 4430 PP.,
2774 4365 2999 4437 improb.
3031 4365 3156 4429 ϐο.,
3179 4366 3267 4434 qui
3299 4365 3389 4437 ΡῙ.
3415 4366 3483 4420 II.

1934 4435 2055 4503 poni
2085 4434 2212 4497 vult,
2244 4435 2382 4505 quod
2410 4434 2685 4505 tShabet1
2712 4444 2765 4489 et
2794 4436 2845 4487 in
2877 4436 3081 4505 subscr.
3115 4436 3486 4505 corrigendum

2291 4505 2426 4570 rispo
2455 4503 2538 4557 Ill.
2568 4514 2613 4556 et
2647 4502 2973 4558 Constantino
3000 4504 3088 4559 Ill.
3122 4502 3299 4568 Cossi,
3328 4506 3377 4559 id
3404 4513 3489 4559 est

1937 4574 2060 4637 524,
2089 4573 2228 4642 quod
2256 4583 2308 4627 et
2345 4574 2443 4626 hoc
2468 4588 2605 4625 anno
2628 4616 2641 4639 ,
2672 4589 2775 4626 non
2814 4584 2989 4627 autem
3033 4590 3174 4628 anno
3203 4575 3299 4629 521
3343 4574 3486 4642 Con-

1937 4641 2609 4714 stantiitusi'i‘bessalmiicgc
2639 4651 2994 4714 commoratus
3019 4655 3101 4714 est
3128 4643 3257 4714 (vid.
3289 4659 3336 4714 ο.
3369 4642 3403 4695 4
3419 4641 3483 4714 ϐ.

1935 4711 2035 4766 Th.
2086 4713 2151 4765 de
2198 4712 2433 4766 Navicul.
2465 4711 2615 4777 Xlll,
2662 4711 2770 4781 5),
2800 4721 2852 4764 et
2878 4712 3002 4766 Luc.
3036 4711 3261 4766 Ver'inus
3293 4712 3382 4779 ΡΙ.
3418 4712 3485 4767 γ.

1935 4782 2050 4845 fuit,
2085 4780 2224 4837 unde
2252 4784 2408 4835 etiam
2440 4781 2600 4835 inscr.
2626 4793 2679 4835 et
2707 4780 2911 4835 subscr.
2937 4795 2984 4834 c.
3016 4783 3035 4835 1
3071 4783 3128 4835 ϐ.
3161 4782 3262 4836 Th.
3295 4782 3482 4836 Famil.

1936 4852 2081 4905 lterc.
2116 4850 2228 4919 (ll,
2268 4849 2376 4918 24)
2420 4849 2799 4904 emendandum
2838 4864 2959 4904 esse
3000 4862 3202 4906 censet.
3244 4854 3371 4917 Quae
3411 4853 3481 4920 t-j.

1933 4934 2249 4989 quamquam
2280 4920 2564 4985 probabilis
2587 4934 2664 4973 est
2693 4962 2707 4983 ,
2738 4930 2909 4973 tamen
2934 4934 3037 4974 nou
3072 4922 3239 4988 potuit
3264 4936 3349 4974 me
3374 4935 3490 4975 mo-

1933 5004 2077 5053 vere,
2100 5000 2159 5043 ut
2182 4989 2460 5057 quicquam
2506 4999 2760 5043 mutarem
2787 5029 2800 5051 ,
2846 5003 2967 5059 cum
3004 5005 3072 5044 ne
3110 5005 3248 5043 unus
3276 4990 3488 5059 quidem

1933 5059 2111 5141 codex.
2136 5056 2309 5127 neque
2328 5056 2430 5141 hic
2463 5073 2634 5126 neque
2664 5060 2788 5140 in_c.
2817 5060 2842 5112 1
2879 5056 3026 5141 Fam“.
3061 5059 3203 5114 herc.
3238 5056 3490 5141 cit._sub-

1932 5126 2275 5196 scriptionem
2318 5142 2347 5181 a
2391 5126 2488 5209 ϐο.
2521 5128 2845 5209 pr0positam
2885 5128 3189 5209 confirmet;
3224 5129 3365 5198 quod
3394 5145 3490 5184 au-

1933 5207 2039 5252 tem
2064 5197 2138 5278 .15
2165 5214 2304 5278 ppm:
2327 5200 2481 5278 _urbts
2519 5198 2731 5278 exhibet
2752 5212 2857 5250 non
2879 5205 3023 5278 .tauu
3048 5206 3175 5278 _est,
3207 5207 3265 5252 ut
3304 5208 3490 5278 contra

1936 5268 2168 5321 omnium
2201 5265 2386 5336 'cod_d_.,
2432 5267 2795 5336 auctoritatem
2831 5266 2943 5336 alia
2980 5269 3165 5321 subscr
3189 5306 3204 5320 .
3246 5271 3491 5336 ponenda

1937 5337 2025 5390 sit.
2050 5336 2142 5391 Be.
2166 5346 2254 5389 aut
2278 5333 2417 5404 PPf.
2454 5334 2517 5389 U.
2550 5334 2669 5404 addi
2699 5344 2787 5389 aut
2814 5333 2957 5389 Cass.
2989 5337 3181 5391 mutari
3209 5333 3321 5390 vult
3344 5378 3359 5402 ,
3390 5338 3488 5392 sed

1936 5405 2163 5461 Verinus
2201 5404 2357 5473 hujus
2380 5403 2521 5474 anni
2548 5403 2614 5457 Ρ.
2648 5404 2738 5474 Pf.
2773 5404 2838 5459 U.
2884 5420 3139 5474 nusquam
3167 5421 3491 5460 commemo-

1938 5486 2104 5537 ratur.
2127 5474 2353 5529 Maxime
2385 5473 2754 5528 l’rtefectura'm
2784 5474 2931 5545 urbis
2954 5473 3012 5529 ll.
3042 5491 3092 5529 a.
3124 5486 3360 5545 gerente.
3386 5476 3491 5531 blo-

1939 5545 2171 5602 nendum
2203 5553 2455 5613 praeterea
2482 5555 2563 5597 est
2584 5585 2599 5609 ,
2632 5545 2683 5598 in
2718 5559 2767 5599 c.
2809 5544 2834 5597 1
2863 5544 2951 5598 cit.
2982 5543 3168 5599 deesse
3190 5543 3486 5600 Thessalon.

1942 5615 2202 5670 Caeterum
2248 5623 2568 5668 memoratur
2613 5613 2946 5669 Constantini
2988 5614 3055 5668 ad
3104 5614 3343 5669 Verinum
3374 5614 3489 5670 Vic.

1945 5684 2132 5753 Africa:
2154 5684 2467 5752 rescriptum
2507 5681 2571 5738 Α.
2606 5683 2671 5743 D.
2696 5683 2795 5739 32i
2827 5684 2878 5738 in
2915 5681 3197 5742 collatione
3225 5681 3500 5753 Carthagi-
