3944 6218
428 259 533 315 211

1699 248 2135 309 CONSTANTINI
2164 249 2371 305 MACNI

3568 241 3674 297 912

430 375 696 431 lescentes
720 418 733 442 ,
763 375 851 445 qui
878 376 1153 430 honestate
1192 386 1396 430 morum
1438 368 1641 441 prtediti
1668 379 1689 405 α
1717 379 1987 439 paternam
2016 368 2065 426 Α
2089 365 2174 435 jus
2206 364 2372 418 aetatis
2413 364 2657 433 legitima:
2700 363 2889 417 mereri
2934 374 3088 431 posse
3132 358 3395 414 sancimus
3425 367 3447 391 π
3484 375 3497 411 :
3529 356 3619 411 sed
3646 353 3673 392 ιι

432 468 635 539 frugem
670 468 755 523 vel
792 468 1048 538 majorum
1072 466 1099 505 δ
1125 464 1436 537 patrimonia
1463 464 1662 518 urbana
1689 461 1771 515 vel
1798 460 1994 515 ruStica

434 558 841 613 conversatione
872 558 1067 613 rectius
1092 568 1113 595 ε
1142 556 1437 627 gubernare
1465 554 1716 623 cupiunt,
1762 560 1815 605 et
1835 548 1862 585 ἀ
1891 550 1962 604 im

436 647 622 719 periin
675 648 871 704 auxilio
911 657 934 686 ο
981 645 1267 718 indigere1
1310 646 1609 716 coeperint,
1660 645 1731 699 ita
1782 642 1995 697 demum

434 740 606 794 relatis
632 742 839 795 veniam
862 742 1146 809 impetrare
1168 739 1436 803 audeant,
1464 753 1585 793 cum
1608 737 1846 791 vicesimi
1875 734 1997 789 anni

439 828 618 887 clausa
644 840 667 877 Β
696 839 825 885 retas
871 829 1243 885 adolescentia:
1290 826 1589 898 patefacere
1634 826 1733 880 sibi
1781 826 1997 895 januam

440 921 663 991 ceperit
707 920 769 974 ad
803 918 831 959 ιι
868 920 1185 975 ﬁrmissima:
1228 917 1517 987 juventutis
1561 917 1853 985 ingressum
1883 933 1897 967 :
1932 917 2002 970 ita

442 1023 540 1081 ut,
593 1022 711 1083 post
757 1014 1089 1083 impetratam
1133 1010 1305 1065 aetatis
1350 1010 1597 1074 veniam,
1651 1006 1810 1063 iidem
1846 1004 1861 1043 ί
1903 1006 2003 1076 ipsi

446 1105 736 1175 principale
782 1104 1095 1160 beneficium
1142 1103 1470 1172 allegantes,
1517 1114 1621 1154 non
1662 1099 1831 1153 solum
1868 1113 2007 1168 prae-

450 1196 765 1263 scriptorum
793 1197 806 1246 t
833 1208 1091 1249 annorum
1109 1206 1386 1248 numerum
1411 1189 1438 1228 ιι
1457 1190 1700 1260 probent,
1724 1188 1817 1243 sed
1846 1189 2007 1242 etiam

451 1286 676 1342 testibus
722 1286 1021 1352 advocatis,
1071 1284 1289 1338 honesta
1339 1289 1431 1336 aut
1468 1281 1633 1337 simili
1675 1288 1765 1333 aut
1807 1278 2011 1347 potiore

452 1379 707 1451 dignitate
732 1379 965 1449 praditis
989 1377 1008 1415 1
1034 1419 1048 1443 ,
1079 1391 1284 1431 morum
1313 1390 1531 1430 suorum
1559 1375 1796 1429 instituta
1828 1374 2012 1443 probi-

453 1480 723 1541 talemque
750 1470 911 1525 animi
939 1467 1241 1525 testimonio
1268 1476 1307 1503 ω
1335 1468 1457 1520 vitae
1483 1464 1806 1520 bonestioris
1826 1473 1852 1500 ιι
1880 1463 2013 1519 edo-

455 1572 627 1619 ceant.
658 1562 807 1630 Quod
838 1576 955 1617 cum
982 1575 1044 1615 ea
1070 1558 1371 1614 conditione
1395 1556 1669 1611 effecerint
1690 1563 1713 1591 ο
1732 1596 1747 1621 ,
1790 1554 1841 1608 in
1888 1554 2018 1609 alie-

456 1654 670 1708 natione
716 1651 1033 1722 prtediorum
1059 1649 1146 1719 jus
1191 1657 1389 1703 tantum
1415 1656 1442 1697 Ρ
1471 1645 1641 1701 aetatis
1666 1644 2014 1712 obtinebunt,

2098 470 2227 520 cas,
2274 469 2403 524 quas
2448 469 2653 508 morum
2702 452 2951 508 honestas
3002 461 3023 489 ο
3072 451 3367 520 mentisque
3420 447 3679 513 solertia,

2098 560 2229 615 quas
2275 552 2417 600 certa
2468 543 2605 596 fama
2644 540 2672 579 ἀ
2716 539 3072 596 commendat.
3125 539 3230 593 Has
3286 552 3414 593 vero
3465 545 3682 607 propter

2101 637 2355 709 pudorem
2388 646 2441 691 et
2465 646 2486 673 ε
2522 633 2896 690 verecundiam
2935 633 2988 687 in
3018 640 3159 687 coetu
3205 630 3415 701 publico
3458 630 3685 685 demon-

2101 730 2257 785 strari
2305 728 2527 783 testibus
2575 742 2678 781 non
2728 726 2964 795 cogimus
2993 723 3040 790 1,
3076 723 3170 780 sed
3214 731 3461 792 percepta
3512 721 3684 776 :ctatis

2103 822 2258 876 venia
2304 835 2472 875 annos
2518 828 2720 874 tantum
2776 819 3002 888 probare
3048 815 3237 871 tabulis
3280 816 3365 871 vel
3410 814 3683 870 testibuss

2104 914 2269 966 misso
2309 920 2650 979 procuratore
2690 908 3072 963 concedimus:
3106 918 3162 961 ut
3203 906 3362 961 etiam
3403 903 3583 974 ipsazh
3632 905 3685 959 in

2106 1003 2349 1059 omnibus
2368 1002 2722 1057 contractibus
2752 999 2767 1038 ί
2800 1001 2905 1056 tale
2921 1000 3008 1070 jus
3031 999 3281 1065 habeant,
3303 998 3461 1069 quale
3486 998 3631 1054 viros
3660 998 3675 1051 i

2108 1094 2305 1150 habere
2345 1094 2761 1165 praeseripsimus
2784 1091 2830 1145 ιι.
2865 1092 2893 1164 §
2934 1092 2988 1147 2.
3021 1091 3093 1147 Ita
3138 1102 3197 1146 ut
3241 1101 3521 1147 senatores
3549 1092 3687 1160 apud

2109 1185 2384 1255 gravitatis
2429 1192 2531 1238 tua:
2578 1182 2807 1238 ofﬁciunt
2838 1183 2904 1237 de
2930 1184 3040 1238 suis
3085 1183 3322 1238 moribus
3350 1192 3404 1238 et
3438 1180 3457 1221 1
3491 1184 3687 1239 bones-

2113 1284 2223 1329 tate
2249 1272 2600 1343 perdoceant,
2631 1272 3002 1342 perfectissimi
3030 1272 3168 1341 apud
3196 1273 3448 1327 vicariam
3471 1273 3690 1343 praelec-

2115 1375 2327 1438 turam_,
2360 1364 2563 1434 equites
2604 1364 2826 1419 Romani
2855 1373 2909 1419 et
2950 1365 3127 1419 ceteri
3149 1373 3189 1400 ω
3212 1364 3350 1434 apud
3382 1366 3690 1434 praefectum

2118 1457 2353 1526 vigilum,
2383 1455 2693 1510 navicularii
2718 1463 2743 1491 υ
2783 1455 2921 1524 apud
2947 1455 3254 1525 praefectum
3298 1471 3546 1512 annonze.
3579 1456 3605 1528 θ
3632 1457 3689 1513 5.

2119 1547 2214 1602 Cui
2238 1547 2381 1601 aetati
2405 1554 2429 1583 ο
2457 1545 2711 1615 quoniam
2735 1546 2874 1600 inter
2900 1546 3108 1615 plenam
3138 1544 3535 1615 perfectamque
3559 1546 3691 1602 ado-

2121 1638 2432 1694 lescentiam
2460 1646 2513 1691 et
2533 1646 2559 1685 Ρ
2589 1636 3013 1691 robustissimam
3042 1636 3379 1705 iuventutem
3413 1636 3584 1692 media
3612 1646 3696 1693 est

459 1753 710 1816 quantum
739 1758 832 1813 per
856 1757 1114 1796 annorum
1152 1740 1508 1795 dimensiones
1538 1752 1600 1793 ac
1627 1747 1919 1807 temporum
1948 1737 2023 1793 le-
2049 1734 2098 1796 B
2127 1731 2349 1785 ﬁrmata:
2378 1740 2407 1779 (ι
2445 1728 2615 1783 aetatis
2670 1728 3075 1798 appellationem
3117 1737 3137 1765 τ
3187 1728 3507 1797 imponimus
3531 1767 3549 1793 ,
3582 1738 3637 1784 ut
3665 1735 3690 1763 ⁸

462 1851 553 1907 ges
578 1846 632 1891 et
660 1846 845 1891 natura
868 1844 895 1885 (ι
925 1832 1145 1903 singulis
1185 1832 1481 1902 quibusque
1514 1829 1723 1885 deferre
1748 1840 1769 1867 τ
1799 1844 2025 1885 consue-

463 1926 555 1981 vit.
589 1924 616 1995 ᾗ
647 1926 672 1981 1
708 1924 955 1980 Femin‘as
979 1936 1210 1993 quoque,
1239 1935 1460 1991 quarum
1505 1928 1636 1974 aetas
1661 1920 1873 1974 biennio
1894 1928 1915 1954 '
1949 1920 2028 1975 vi-

465 2030 554 2072 ros
582 2031 683 2070 non
704 2030 823 2071 sera
852 2016 1127 2085 pubertate
1147 2011 1415 2082 prtecedit,
1441 2019 1650 2066 servato
1670 2011 1827 2067 etiam
1851 2012 1902 2066 in
1926 2010 2029 2067 hoc

466 2106 720 2176 temporis
746 2104 1028 2161 intervallo
1046 2144 1062 2171 ,
1094 2103 1279 2158 decem
1314 2111 1369 2159 et
1392 2112 1514 2157 octo
1542 2116 1710 2156 annos
1735 2115 1977 2171 egressas
2001 2104 2020 2138 ί

466 2307 635 2361 niensi
682 2305 733 2359 in
778 2304 949 2359 iudice
992 2302 1171 2359 collat.
1213 2302 1275 2365 5,
1316 2315 1432 2368 cap.
1471 2297 1770 2354 548—552.
1807 2298 1959 2353 Tom.
1984 2297 2025 2354 Ι.

469 2376 668 2430 Concil.
724 2390 775 2443 p.
829 2372 999 2439 1145,
1053 2373 1137 2427 ed.
1159 2442 1164 2443 γ
1189 2371 1440 2443 Hardniui
1470 2380 1524 2424 et
1551 2370 1618 2422 ab
1644 2370 1937 2443 Augustino
1974 2371 2027 2423 in

470 2444 584 2513 eius
638 2438 888 2499 bre'vicnli
934 2445 1018 2498 die
1051 2442 1206 2513 tertio
1245 2441 1352 2513 sub
1383 2440 1427 2513 l._
1449 2450 1499 2494 et
1532 2449 1651 2513 post
1684 2438 1861 2513 collat.
1905 2453 2024 2513 cap.

472 2508 533 2571 5i
560 2558 571 2579 ,
597 2515 665 2569 55
698 2522 750 2568 et
787 2514 940 2583 epist.
970 2513 1058 2568 52.
1086 2512 1206 2565 Vid.
1233 2510 1428 2583 Go.__:_id
1455 2524 1501 2563 c.
1521 2511 1669 2583 _l”C.
1700 2508 1800 2562 Th.
1830 2509 1896 2563 de
1924 2508 2028 2562 Fa-

474 2586 634 2641 mosis
664 2579 852 2665 libellis
879 2582 994 2705 5|X,
1024 2584 1133 2648 54).
1166 2590 1292 2634 lom.
1322 2579 1407 2641 Ill,
1437 2595 1486 2647 p.
1516 2579 1636 2632 262.

544 2664 569 2692 ι
599 2654 668 2705 20
687 2670 770 2705 aut
800 2670 851 2705 tn
896 2662 1103 2705 tonesta.
1136 2660 1412 2705 temporum
1434 2665 1513 2705 vr.
1537 2649 1636 2705 331

544 2664 569 2692 ⁸
599 2654 668 2709 90
687 2654 771 2722 qui
800 2654 851 2705 in
879 2648 1103 2706 honesta.
1136 2660 1412 2719 temporum
1434 2665 1513 2717 pr.
1537 2649 1605 2703 55
1628 2648 1873 2717 ρνωάέειὶ.

541 2723 569 2763 δ
597 2723 727 2778 Cod.
752 2722 885 2777 Just.
912 2738 1138 2775 avorum.

547 2804 569 2831 ο
602 2792 729 2849 Cod.
760 2791 897 2847 Just.
926 2807 1032 2845 om.
1061 2808 1106 2844 v.
1140 2799 1266 2844 rust.
1299 2804 1441 2842 conv.
1469 2788 1671 2842 rectius.
1701 2786 1770 2840 20
1820 2802 2027 2840 conver-

474 2863 665 2932 satione
691 2864 850 2917 secius
876 2861 1228 2932 gubernatione
1249 2859 1473 2932 cupiunt.
1511 2859 1576 2913 19
1604 2858 2028 2928 gubernationem.

544 2930 570 2971 ἀ
598 2932 727 2987 Cod.
756 2930 891 2986 Just;
919 2930 1039 2985 add.
1067 2947 1216 2987 super
1238 2930 1348 2981 hoc.

551 3014 573 3040 θ
602 3004 671 3058 55
697 3001 955 3069 imperiale
974 2998 1234 3053 consilium
1259 3008 1313 3053 et
1339 3013 1457 3051 mox
1482 2998 1746 3050 nudentur.

552 3072 572 3111 ί
604 3073 673 3129 20
701 3074 875 3141 degere
899 3071 1133 3140 ceperint.

554 3099 568 3111 ⁸
607 3099 673 3129 Ζυ
701 3099 875 3141 uagae
899 3099 1031 3140 εὕρω
1044 3099 1133 3151 lfu-
1381 3138 1391 3149 .
1483 3138 1494 3149 .
2061 3099 2106 3163 C

552 3152 576 3189 8
605 3142 674 3197 20
715 3143 897 3210 vigenti
944 3157 1088 3193 annis
1133 3139 1200 3210 cl.
1232 3138 1313 3210 15
1346 3153 1579 3189 vicesimo
1615 3154 1748 3191 anno
1778 3138 1971 3192 clauso.
2001 3140 2032 3194 9

479 3216 677 3273 clause,
713 3207 809 3273 1ἱ,
838 3210 903 3264 16
932 3226 1105 3263 causa.
1134 3208 1265 3262 Cod.
1288 3207 1422 3261 Just.
1451 3224 1564 3260 cum
1589 3224 1635 3260 v.
1666 3226 1715 3261 a.
1750 3220 1906 3262 metas
1937 3210 2037 3262 im-

480 3282 722 3388 plivgrgnt
750 3296 843 3348 pro
868 3280 1369 3347 cunt—ingressum.

697 3367 756 3388 nr

602 3352 671 3405 ΞΟ
696 3367 773 3403 ac.

555 3418 569 3458 ί
606 3421 659 3484 6,
690 3421 739 3484 7,
772 3420 858 3483 10,
889 3419 972 3482 11,
1000 3419 1087 3478 16,
1120 3417 1183 3469 17
1206 3431 1311 3469 om.
1340 3417 1849 3484 ingressum—iidem
1866 3426 1918 3471 et
1948 3418 2035 3483 10,

481 3492 548 3547 18
572 3492 850 3571 ingressum
876 3517 946 3529 ——
970 3488 1104 3571 ipsi;
1130 3486 1223 3540 Be.
1252 3486 1511 3571 Ritterunt
1538 3500 1764 3566 .secntus
1800 3485 1915 3540 haec
1948 3503 2033 3541 vv.

480 3555 651 3615 omitti
675 3560 800 3612 dicit
830 3560 881 3612 in
924 3555 1044 3611 cod.
1074 3556 1105 3611 6
1132 3571 1297 3624 usque
1326 3555 1391 3608 ad
1423 3571 1504 3607 vv.
1532 3556 1601 3607 ita
1630 3567 1705 3622 ut,
1736 3571 1936 3610 errore.
1968 3588 2039 3600 --

483 3630 532 3693 6,
561 3632 592 3685 7
612 3671 626 3696 ,
658 3628 723 3682 16
753 3629 803 3681 in
831 3644 899 3682 se.
930 3627 1102 3683 Noun.
1125 3624 1278 3680 codd.
1312 3625 1446 3679 idem
1468 3625 1597 3694 ipsi,
1628 3637 1718 3680 aut
1743 3626 1868 3696 ipse.
1899 3626 2031 3683 Cod.

477 3700 614 3755 Just.
642 3697 764 3751 add.
794 3714 880 3767 per
906 3713 976 3751 se.

554 3770 567 3819 i
608 3769 729 3824 6-
754 3764 808 3833 8,
856 3768 943 3831 14,
986 3764 1070 3833 19,
1107 3765 1175 3819 55
1217 3764 1627 3834 perscriptorum.
1674 3764 1744 3820 20
1786 3767 2036 3834 pscripto-

476 3840 634 3894 ribus.
668 3838 734 3892 10
758 3880 772 3899 ,
808 3838 870 3891 18
906 3833 1376 3905 perscripturarum.
1396 3833 1535 3905 Cod.
1571 3833 1711 3905 Just.
1774 3833 1869 3905 per,
1906 3833 2035 3889 scri-

473 3919 715 4032 ptuli-am,
757 3903 921 3971 male,
951 3905 1045 3960 sed
1071 3905 1121 3959 in
1161 3918 1322 3959 nonn.
1356 3904 1472 3971 ejus
1520 3903 1640 3958 edd.
1684 3914 1738 3959 et
1775 3904 1929 3959 codd.
1980 3914 2037 3961 ut

549 4048 573 4085 κ
604 4047 672 4100 55
700 4060 806 4101 om.
839 4060 1122 4099 numerum.

548 4114 568 4154 1
602 4116 667 4171 16
696 4130 802 4168 om.
835 4116 1249 4169 sed—honesta.
1281 4142 1351 4152 —
1378 4110 1509 4167 Cod.
1538 4111 1673 4166 Just.
1697 4127 1805 4168 om.
1828 4114 2033 4170 honesta

473 4186 800 4255 __pra:ditis.
835 4184 888 4250 6,
924 4186 976 4255 7,
1100 4182 1284 4255 similia
1310 4191 1399 4255 aut
1426 4182 1610 4255 potior.
1640 4182 1695 4245 8,
1730 4183 1793 4236 16
1820 4184 2025 4239 similia.

2126 1822 2295 1891 prima
2324 1830 2453 1874 aetas
2482 1819 2721 1888 pueritia:
2748 1820 2848 1883 sit,
2876 1832 3105 1888 sequens
3126 1817 3503 1873 adolescentia
3529 1818 3576 1883 ί,
3607 1818 3698 1873 lir-

2126 1918 2267 1964 mata
2295 1910 2408 1963 haec
2434 1908 2586 1964 tertia
2608 1916 2636 1944 ιι
2662 1915 2847 1978 quarta
2885 1907 3119 1977 legitima
3142 1947 3158 1973 ,
3187 1908 3367 1977 quinta
3397 1918 3645 1963 senectus
3664 1916 3694 1948 τ

2201 2098 2225 2127 ιι
2254 2087 2453 2143 Omnes
2487 2087 2645 2142 codd.
2668 2128 2683 2152 ,
2715 2087 2861 2143 Sich.
2890 2115 2957 2126 —-
2986 2086 3049 2140 Ri
3070 2086 3122 2139 4.
3155 2086 3437 2147 sanximus,
3474 2083 3569 2139 sed
3599 2085 3695 2140 Be.

2128 2158 2219 2214 W.
2251 2160 2501 2212 sancimus
2547 2173 2613 2212 ex
2647 2155 2779 2215 Cod.
2821 2156 2955 2211 Just.
2979 2198 2993 2218 ,
3024 2156 3111 2225 qui
3157 2156 3233 2210 sic
3265 2173 3278 2209 :
3310 2153 3542 2225 Fem.iq.
3573 2171 3699 2224 quas

2130 2245 2260 2282 mor.
2294 2230 2413 2281 Itan.
2456 2243 2523 2280 m.
2560 2227 2657 2281 sol.
2698 2244 2879 2280 comm.
2906 2267 2920 2287 ,
2952 2224 3065 2280 cum
3101 2235 3326 2278 octavum
3363 2234 3409 2277 et
3448 2224 3699 2279 decimum

2131 2308 2318 2352 annum
2344 2313 2556 2367 egressa:
2583 2298 2772 2364 fuerint
2797 2297 2989 2350 veniam
3021 2296 3182 2350 atatis
3221 2297 3496 2364 impetrare
3523 2296 3700 2349 sanci-

2130 2384 2259 2422 mus.
2294 2368 2400 2422 Sed
2428 2385 2512 2421 eas
2543 2378 2763 2436 propter.

2201 2437 2229 2476 δ
2256 2438 2326 2491 90
2351 2437 2495 2492 Sich.
2530 2439 2580 2492 iu
2613 2454 2681 2491 tu.
2714 2438 2777 2492 si.

2205 2518 2227 2545 ο
2263 2507 2346 2573 19,
2370 2508 2440 2562 20
2462 2518 2583 2564 etas.

2200 2573 2228 2613 ά
2261 2577 2333 2631 Ita
2363 2575 2568 2643 64-10,
2604 2579 2690 2646 ﬂ,
2722 2582 2785 2636 18
2806 2618 2820 2645 ,
2850 2579 2942 2645 20,
2970 2579 3055 2633 15.
3090 2579 3210 2631 lion.
3233 2591 3355 2646 quas
3376 2592 3446 2646 mA.
3480 2576 3703 2646 solguas

2131 2656 2284 2701 certa.
2313 2643 2701 2719 Sich.—Lugd.
2731 2643 2904 2721 quasi,
2930 2643 3089 2719 prob.
3118 2647 3203 2701 Ri.
3223 2643 3384 2714 ;'Cuj.
3409 2644 3445 2698 2
3470 2643 3629 2699 —W.
3652 2653 3700 2698 et

2132 2725 2266 2770 certa
2297 2722 2336 2789 f.

2206 2797 2229 2824 ο
2259 2788 2323 2851 6.
2354 2790 2407 2854 7,
2436 2791 2529 2853 l0,
2563 2789 2648 2851 15.
2676 2790 2761 2853 16,
2789 2791 2875 2853 18,
2904 2787 3033 2843 Cod.
3061 2786 3196 2841 Just.
3226 2804 3304 2839 ac.

2208 2855 2227 2895 ‘
2261 2860 2323 2914 16
2343 2904 2356 2926 ,
2386 2862 2486 2925 20,
2526 2860 2670 2916 Sich.
2703 2876 2952 2931 cogemus.
2984 2858 3052 2913 55
3076 2873 3481 2931 nunc_coge_ntus.
3516 2856 3606 2920 10,
3634 2857 3701 2912 18

2134 2944 2239 3000 non
2274 2934 2590 2993 cognovimus
2624 2930 2710 2981 sed
2751 2926 3005 3000 procepta.
3038 2932 3176 3000 ‘Aur.
3206 2926 3372 3000 Lugd.
3421 2940 3697 2995 pmcepta.

2136 2996 2281 3051 Sich.
2317 3000 2417 3054 Til.
2459 2996 2819 3053 demonstrare.
2844 2996 2974 3051 ΟόιΙ.
3031 2996 3166 3052 Just.
3199 2997 3285 3049 sed
3313 3012 3397 3048 eas
3426 3014 3507 3061 pr.
3550 3014 3599 3063 p.
3640 3015 3703 3050 ac

2136 3081 2237 3120 ver.
2283 3072 2580 3138 feminarum
2615 3072 2761 3123 ctetui
2800 3068 3004 3139 puplico
3042 3070 3173 3119 dem.
3204 3081 3303 3118 non
3344 3066 3595 3135 cogimus.
3634 3067 3701 3121 15

2140 3153 2238 3190 non
2266 3155 2375 3209 cog.
2403 3149 2513 3194 test.

2151 3218 2236 3285 ___8
2268 3209 2427 3285 €378,
2459 3207 2905 3285 illabellisuvelAtA.
2936 3206 3000 3285 $3,
3028 3207 3091 3285 16
3121 3204 3440 3285 probaret-ab-
3468 3204 3697 3285 illisJO,

2143 3277 2207 3331 15
2230 3319 2242 3339 ,
2275 3279 2338 3331 18
2366 3280 2573 3348 probare
2600 3280 2661 3330 ab
2685 3279 2803 3332 illis.
2830 3276 2899 3348 9.0
2936 3276 3080 3348 Sich.
3112 3292 3191 3344 pr.
3226 3285 3260 3326 t.
3288 3276 3366 3348 vel
3390 3275 3450 3325 ab
3479 3276 3585 3327 illis
3622 3274 3703 3326 vel

2140 3356 2178 3400 t.
2209 3348 2278 3416 55
2303 3346 2379 3416 ρνᾎ
2412 3350 2602 3403 tabellis
2630 3349 2703 3401 vel
2728 3347 2957 3400 vestibus.
2994 3346 3059 3399 19
3086 3361 3170 3399 om
3183 3385 3199 3416 ,Α
3220 3347 3293 3416 vel
3321 3352 3431 3395 test.

2208 3414 2235 3452 11
2265 3412 2396 3471 Cod.
2421 3419 2554 3473 Just.
2579 3434 2698 3470 ann.
2736 3425 2860 3469 tant.
2901 3417 3063 3469 anatis
3089 3413 3291 3482 probari
3326 3429 3470 3479 posse
3492 3412 3701 3466 testibus

2138 3487 2385 3555 quinque,
2433 3488 2507 3541 vel
2546 3487 2918 3549 instrumentis,
2966 3502 3032 3538 m.
3082 3500 3224 3554 proc.
3272 3498 3413 3536 conc.
3450 3500 3462 3534 :
3496 3493 3550 3535 ut
3591 3485 3702 3553 ipse

2138 3556 2309 3625 etiam,
2336 3560 2368 3612 9
2394 3558 2708 3611 concedimus
2731 3558 2889 3625 ipsam
2910 3557 2982 3609 in.

2216 3624 2229 3661 ί
2264 3626 2393 3681 Cod.
2425 3628 2557 3681 Just.
2590 3624 2815 3693 negotiis.

2212 3693 2225 3765 l
2263 3697 2389 3750 Cod.
2412 3696 2546 3752 Jnst.
2572 3691 2717 3765 quale
2745 3705 2789 3749 et
2817 3712 2995 3765 mares.
3031 3693 3096 3765 15
3123 3708 3231 3765 om.
3257 3691 3457 3765 habere.

2208 3762 2232 3835 ’ξ
2264 3765 2297 3819 6
2320 3796 2390 3808 --
2412 3769 2445 3821 8
2476 3761 2873 3835 perscripsimus.
2903 3764 2967 3818 10
2988 3804 3018 3835 ,ᾉ
3037 3763 3101 3817 18
3122 3804 3135 3829 ,
3167 3761 3660 3835 5_5_proscripsimus
3680 3805 3697 3828 ,

2137 3832 2230 3887 sed
2259 3836 2345 3899 19,
2376 3836 2445 3891 ’20
2476 3831 2809 3904 pracipimus.
2832 3835 2963 3888 Cod.
2992 3833 3134 3904 Just1
3159 3831 3282 3904 add.
3308 3832 3379 3884 ita
3402 3840 3571 3884 tamen
3594 3873 3609 3897 ,
3644 3844 3701 3885 ut

2138 3906 2331 3972 prtedia
2349 3908 2456 3958 sine
2477 3901 2677 3958 decreto
2697 3920 2795 3957 non
2821 3906 3036 3957 alienent
3055 3920 3082 3957 e
3113 3901 3139 3972 ς
3165 3902 3258 3955 ult.

2210 3971 2227 4011 1
2253 3973 2341 4039 10,
2373 3974 2515 4031 Sich.
2548 3984 2592 4028 et
2616 3974 2679 4027 de
2700 3973 2816 4027 lion.

2205 4052 2242 4080 ω
2272 4043 2325 4105 6,
2352 4044 2728 4110 7,14,16.17
2751 4058 2858 4098 om.
2882 4052 2925 4096 et
2952 4052 3005 4097 et
3028 4040 3092 4095 15
3118 4050 3162 4095 et
3184 4042 3369 4095 ueteri.

2203 4120 2230 4147 ιι
2259 4113 2488 4195 15ῃτωί.
2509 4116 2643 4195 urbis
2668 4116 2829 4195 navie.
2945 4128 3023 4195 pr.
3048 4112 3146 4181 vig.
3176 4111 3506 4195 cubiculariis.
3522 4111 3597 4164 20
3610 4127 3696 4195 pr;

2134 4180 2462 4264 prtevigiliuni
2504 4184 2832 4264 cubiculariu.
2862 4180 3122 4237 Caeterum
3149 4180 3303 4235 codd.
3335 4182 3581 4251 vigilium.
3611 4180 3699 4237 ⁷55

472 4257 507 4311 9
536 4251 720 4310 similia
753 4255 803 4309 in
829 4273 880 4326 p.
910 4254 997 4319 10,
1025 4252 1089 4309 18
1121 4252 1302 4325 potior.
1332 4252 1402 4307 20
1425 4251 1612 4306 similia
1641 4260 1692 4304 ut
1713 4263 1913 4323 potuere
1954 4255 2031 4308 vel
2133 4251 2860 4326 om.vigilum—-prte{ect_um.

470 4336 902 4449 ααξυρὲιὲῖίείῐυει.
929 4393 1048 4447 add.
1070 4392 1281 4446 idoneis.

2204 4329 2227 4356 ο
2248 4317 2322 4375 20
2336 4317 2799 4377 αηηοηωέἱυῖιαιὶε.
2839 4322 2903 4377 19
2930 4320 3023 4376 Cui
3053 4321 3217 4375 etatis.
3249 4317 3380 4373 Cod.
3412 4320 3549 4375 Just.
3588 4321 3700 4376 Sed

2129 4400 2381 4447 senatores
2401 4394 2600 4462 quidem
2644 4394 2908 4446 clarissimi
2934 4393 3028 4445 viri
3054 4392 3105 4444 in
3133 4392 3225 4442 hac
3251 4390 3388 4462 regia
3412 4392 3534 4442 urbe
3556 4408 3698 4444 cont-

539 4472 567 4500 τι
595 4463 666 4517 20
691 4464 1027 4532 probitateque
1054 4480 1103 4514 a.
1135 4463 1490 4515 testimonium.
1520 4460 1651 4515 Cod.
1678 4458 1813 4515 Just.
1847 4470 1893 4514 et
1922 4471 2023 4516 tes-
2054 4455 2104 4517 Ι)
2129 4455 2565 4534 Μοταηιεε,ἀριια
2612 4462 2965 4534 sublimitatem
3012 4472 3169 4525 tuam,
3208 4455 3372 4534 ueteri
3402 4476 3515 4513 vero
3552 4463 3697 4531 apud

470 4535 749 4587 timonium.
774 4534 843 4587 55
869 4534 985 4586 anni
1012 4542 1047 4585 t.

2128 4540 2409 4603 pratorcm,
2426 4530 2476 4586 in
2496 4533 2763 4603 provinciis
2782 4543 2944 4585 autent
2970 4546 3138 4603 omne_s
3165 4530 3301 4600 apud
3322 4545 3495 4603 earum
3524 4530 3697 4585 recto-

541 4613 564 4638 ο
597 4600 743 4656 Multi
783 4603 938 4658 codd.
968 4599 1259 4656 honestiori.
1302 4600 1372 4655 55
1414 4602 1533 4653 lion.
1584 4600 1809 4654 edocent.
1837 4599 2023 4655 20/10-
2127 4615 2203 4652 res
2229 4600 2290 4652 de
2318 4602 2420 4654 suis
2450 4599 2579 4655 mor.
2626 4612 2669 4656 ct
2708 4607 2825 4656 non.
2859 4601 3055 4670 perdoc.
3090 4599 3475 4670 Tuni__c:rleris
3519 4615 3693 4670 omni.

464 4672 723 4726 nestiores.

534 4752 561 4792 P
593 4742 661 4798 55
686 4739 967 4807 επεοεταηι.

535 4822 563 4861 q
594 4806 766 4878 9,15,
797 4812 885 4875 19,
915 4810 1005 4875 20,
1038 4810 1131 4879 ss,
1158 4806 1306 4879 _Sich.
1333 4808 1454 4863 add.
1484 4809 1735 4879 legitima.

536 4891 558 4918 τ
594 4877 664 4951 Ita
708 4881 775 4947 9,
810 4877 1180 4951 107,185—20
1207 4888 1262 4933 et
1291 4880 1342 4933 in
1371 4894 1443 4933 m.
1477 4877 1593 4951 (ξύ).
1630 4879 1745 4933 1-
1773 4879 1888 4951 Cuj.
1919 4882 2013 4937 2°.

464 4949 659 5012 6ο-8.
694 4951 758 5006 14
779 4991 794 5012 ,
826 4950 910 5008 16.
940 4949 1002 5004 17
1035 4948 1155 5019 legis
1183 4957 1227 5019 et
1254 4965 1305 5003 n.
1332 4989 1346 5013 ,
1375 4948 1512 5018 quod
1541 4948 1798 5016 frequenti
1833 4948 2015 5007 errore

461 5020 603 5089 idem
633 5031 731 5074 est.
774 5018 1093 5089 Explicandi
1116 5018 1372 5072 rationem
1405 5029 1663 5071 monstrat
1688 5020 1779 5089 55,
1807 5022 1893 5089 qui
1924 5024 2015 5075 tia-

461 5088 553 5144 bet
575 5090 705 5159 leges
718 5090 902 5159 etianL
908 5106 959 5159 ῃ.
987 5088 1052 5159 15
1093 5089 1221 5155 leges
1260 5096 1305 5141 et
1348 5098 1576 5141 naturas.
1608 5088 1753 5143 Sich.
1782 5120 1851 5130 —
1885 5090 2008 5144 Ri‘.

456 5157 671 5282 figit“
716 5157 811 5214 Be.
856 5157 945 5213 W.
993 5158 1123 5227 leges
1161 5166 1343 5210 natura
1368 5166 1551 5212 contra
1578 5160 1813 5213 omnium
1854 5160 2012 5214 codd.

521 5296 1012 5422 gittaruqu
1033 5292 1259 5361 (li/ferre.
1279 5293 1411 5350 Cod.
1433 5293 1571 5351 Jnst.
1596 5312 1706 5352 om.
1732 5299 1879 5365 Quod
1897 5316 2011 5353 cum

747 5385 761 5420 i
790 5406 804 5422 ο

450 5392 522 5405 ·-
534 5385 804 5422 consuevit.

484 5504 496 5516 .
525 5446 546 5473 ⁸
576 5435 749 5492 Noun.
804 5434 960 5493 codd.
1014 5435 1264 5490 biennium
1309 5437 1417 5490 viro
1465 5446 1554 5493 aut
1600 5452 1738 5492 vero.
1784 5438 1852 5494 55
1894 5454 2003 5494 om.

447 5518 579 5560 viros
585 5545 598 5559 .

444 5575 705 5717 ericii],
732 5574 797 5631 16
820 5590 1061 5646 egressos.
1090 5572 1155 5629 ﬂ
1181 5589 1429 5645 egressus.
1456 5576 1545 5642 10,
1572 5578 1657 5645 18,
1684 5581 1813 5635 Aur.
1826 5578 1995 5650 Lugd.

2128 4680 2321 4736 printer
2348 4673 2578 4737 subser.,
2608 4671 2720 4725 lucc
2739 4667 2867 4726 add.
2886 4671 3144 4725 sententia
3171 4685 3184 4722 :
3212 4667 3279 4720 Hi
3297 4685 3430 4731 vero,
3454 4669 3540 4736 qui
3572 4687 3698 4723 can-

2127 4747 2203 4812 tra
2227 4752 2548 4794 memoratam
2568 4740 2941 4812 dispositionem
2955 4742 3147 4792 veniam
3167 4738 3327 4812 (etatis
3340 4755 3386 4812 _a
3414 4740 3696 4812 principali

2123 4809 2381 4862 clementia
2408 4808 2791 4880 impetraverint,
2819 4812 2976 4864 sciant
2993 4824 3101 4862 eam
3126 4808 3293 4861 nullas
3305 4808 3430 4861 vires
3443 4808 3689 4864 obtinere.

2194 4888 2220 4926 ρ
2254 4880 2455 4942 10,14,
2492 4881 2573 4946 l7,
2601 4880 2760 4934 tsac.

2202 4958 2228 4997 (ι
2258 4948 2310 5014 6,
2340 4946 2395 5014 7,
2428 4949 2570 5016 Sich.
2604 4950 2858 5016 ﬁrmitate.
2888 4948 2973 5012 10,
3030 4947 3095 5002 18
3126 4947 3308 5015 firma.
3338 4948 3404 5003 19
3429 4948 3691 5002 robustis-

2120 5024 2248 5077 sima
2266 5014 2575 5084 iucunditate
2600 5014 2759 5074 medie
2775 5020 2910 5088 ﬁrm.
2935 5017 3004 5073 20
3020 5018 3176 5071 medie
3197 5017 3452 5085 ﬁrmitate.
3485 5018 3555 5072 55
3580 5035 3690 5072 me-

2120 5094 2257 5147 diam
2288 5091 2593 5155 ﬁrmitatem.

2172 5173 2215 5201 ’τ
2251 5162 2317 5215 15
2340 5160 2530 5229 appell.
2553 5159 2736 5213 (etatis.
2765 5158 2831 5214 19
2846 5158 3198 5229 appellatione.
3231 5156 3297 5212 ﬂ
3316 5157 3507 5228 appell.
3532 5160 3688 5227 poni—

2118 5249 2231 5287 mus

2186 5271 2310 5355 1°35
2332 5313 2439 5351 om.
2464 5308 2538 5351 ut.

2186 5375 2205 5409 ί
2243 5370 2331 5433 l5,
2359 5369 2449 5435 55,
2491 5368 2638 5422 Sich.
2682 5369 2896 5433 pueritia
2934 5385 3001 5435 s.,
3034 5384 3079 5421 s.
3105 5367 3464 5423 adolescentia.
3516 5368 3593 5423 20
3634 5387 3689 5424 se

2105 5440 2698 5568 qujsigcgrr.“sc:g’uj:2l
2719 5438 3075 5569 ἓέειξῗὲεηιίω
3111 5438 3279 5506 ﬁrma.
3322 5438 3467 5495 Sich.
3505 5439 3681 5506 ﬁrma,

2105 5529 2163 5569 se
2362 5549 2373 5561 ι
2928 5546 2942 5561 .

2101 5529 2196 5572 sea
2230 5529 2279 5564 In
2301 5529 2373 5562 m.
2406 5529 2623 5560 secunau
2648 5529 2698 5560 et
2719 5529 2942 5569 ﬁrmata.

2173 5592 2200 5621 α
2233 5579 2297 5634 19
2325 5580 2522 5646 [inuata
2546 5579 2611 5630 sit
2630 5578 2790 5633 tertia.

2172 5664 2198 5692 ν
2230 5650 2281 5716 6,
2314 5649 2343 5702 7
2374 5647 2655 5701 senectutis.
