3944 6218
454 305 549 369 251

1729 288 2170 352 CONSTANTINI
2207 285 2417 346 MAGNI

3575 288 3683 347 252

464 425 647 485 petuas
686 413 1042 486 prudentium,
1089 411 1456 467 contentiones
1515 422 1701 463 eruere
1748 408 2021 477 cupientes
2047 408 2096 466 Α
2124 403 2283 467 bitur,
2314 399 2581 469 deportari
2609 411 2729 454 eum
2774 398 2825 452 in
2867 396 3101 452 inSulam
3137 397 3433 467 oportebit.
3476 401 3679 454 eunetis

467 507 668 577 Ulpiani
714 520 776 559 ac
808 506 955 559 Pauli
985 506 1038 557 in
1064 503 1411 572 Papinianum
1442 510 1617 565 notas,
1648 500 1759 569 qui,
1790 499 1910 552 dum
1944 500 2019 551 in-

474 596 613 666 genii
655 595 863 649 laudem
903 602 1190 658 sectantur,
1234 606 1340 646 non
1380 601 1484 645 tam
1516 591 1781 657 corrigere
1817 596 1842 623 α
1878 603 2022 650 eum,

468 700 623 753 quam
655 685 941 753 depravare
966 682 993 721 δ
1040 683 1353 745 maluerunt,
1386 679 1585 734 aboleri
1612 678 1944 748 prmcipimus
1976 688 2021 730 ε.

469 772 585 825 Dat.
631 772 715 827 IV.
750 770 775 808 ά
801 771 926 826 Kal.
959 772 1073 826 Oct.
1114 780 1136 807 ε
1167 769 1487 824 Constantino
1516 769 1577 824 ll.
1613 777 1658 821 et
1691 766 1867 835 Crispo
1901 762 1919 802 ί
1963 764 2022 818 ll.

472 862 569 917 CC.
598 863 738 917 Cass.
761 863 877 934 (521
891 862 930 933 ).

994 1030 1060 1070 DE
1088 1029 1250 1069 FALSA
1280 1027 1510 1069 ΙΟΝΕΤΔ.

546 1145 682 1219 Imp.
721 1146 1096 1203 Constantinus.
1141 1147 1203 1201 Α.
1237 1149 1304 1201 ad
1324 1147 1659 1200 Januarinum
1691 1154 1736 1197 Β.
1770 1144 2026 1210 Quoniam

476 1238 711 1292 nonnulli
730 1238 1001 1293 monetarii
1031 1237 1376 1292 adulterinam
1407 1247 1669 1291 monetam
1691 1232 1719 1271 ιι
1746 1233 2029 1288 clandesti-

478 1330 560 1383 nis
591 1328 880 1384 sceleribus
905 1338 1171 1392 exerceut,
1201 1330 1376 1383 cuncti
1414 1336 1755 1397 cognoscant,
1798 1324 2029 1379 necessi-

479 1428 637 1474 tatem
666 1420 763 1474 sibi
786 1420 1090 1473 incumbere
1113 1418 1268 1486 hujus
1290 1417 1431 1472 ntodi
1455 1417 1692 1471 homines
1709 1412 2028 1482 inquirendi,

478 1516 537 1563 ut
561 1509 856 1577 investigati
894 1509 1164 1562 tradantur
1185 1507 1393 1576 judiciis
1424 1505 1467 1573 ί,
1499 1506 1619 1561 facti
1665 1503 1911 1559 conscios
1941 1516 2033 1570 per

480 1607 742 1652 tormenta
764 1597 901 1650 illico
919 1596 1218 1665 prodituri,i
1243 1610 1306 1649 ac
1327 1595 1403 1649 sic
1416 1594 1585 1664 dignis
1602 1592 1867 1661 suppliciis
1887 1590 2035 1645 addi-

479 1686 652 1741 cendi.
687 1686 713 1755 ς
748 1688 796 1739 1.
819 1686 1220 1739 Accusatoribus
1248 1685 1404 1739 etiam
1432 1698 1612 1737 eorum
1652 1681 2032 1735 immunitatem

2127 494 2239 563 ejus
2265 493 2419 547 rebus
2453 490 2691 560 protinus
2727 487 3107 551 eontiscandis;
3149 491 3191 541 si
3232 502 3360 541 vero
3394 501 3462 541 eo
3496 487 3680 558 ignaro

2124 585 2320 639 crimen
2344 584 2683 639 commissum
2716 591 2796 635 est
2825 587 2881 644 ⁸,
2911 578 3295 648 possessionem
3338 588 3431 632 aut
3464 578 3679 633 domum

2126 675 2281 731 debet
2301 676 2567 739 amittere,
2596 676 2646 727 in
2678 688 2779 743 qua
2810 670 2860 725 id
2889 670 3063 724 scelus
3090 669 3377 725 admissum
3395 680 3495 726 est.
3522 673 3685 726 Actor

2123 765 2267 820 fundi
2298 766 2377 819 vel
2403 780 2616 829 servus,
2650 763 2733 817 vel
2762 762 2933 815 incola
2952 799 2966 825 ,
2995 760 3078 814 vel
3103 761 3322 815 colonus
3350 802 3364 826 ,
3407 761 3498 830 qui
3528 762 3630 817 hoc
3654 761 3683 800 ι’

2128 858 2477 913 ministerium
2515 858 2774 927 praebuit,
2805 871 2924 913 cum
2948 872 3011 913 eo
3036 856 3121 926 qui
3152 853 3273 909 fecit
3297 854 3561 924 supplicio
3592 869 3685 908 ca-

2126 948 2271 1018 pitali
2295 949 2571 1016 plectetur,
2601 946 2941 1001 nihilominus
2966 945 3127 1001 fundo
3152 944 3234 997 vel
3285 944 3447 998 domo
3470 943 3585 997 tisci
3612 942 3690 995 vi-

2128 1039 2273 1093 ribus
2299 1038 2630 1092 vindicanda.
2676 1037 2702 1108 §
2753 1040 2803 1091 5.
2836 1037 2984 1103 Quod
3020 1037 3063 1090 si
3102 1035 3345 1090 dominus
3384 1043 3512 1088 ante
3542 1032 3688 1102 igno-

2129 1142 2284 1192 rans,
2305 1138 2364 1181 ut
2394 1128 2617 1194 primum
2650 1128 2867 1195 reperit,
2898 1137 2920 1164 ο
2953 1126 3124 1180 scelus
3152 1122 3381 1193 prodidit
3406 1130 3689 1193 perpetra-

2132 1228 2261 1282 tum,
2286 1216 2500 1271 minime
2531 1218 2794 1285 possessio
2827 1216 2909 1271 vel
2937 1216 3122 1269 domus
3153 1214 3315 1283 ipsius
3344 1212 3692 1281 proscriptio-

2132 1311 2214 1364 nis
2242 1308 2268 1347 ἀ
2293 1309 2498 1377 injuriae
2532 1308 2855 1377 subjacebit,
2889 1307 2980 1361 sed
3008 1316 3271 1361 auctorem
3294 1320 3357 1359 ac
3386 1305 3693 1359 ministrum

2135 1416 2286 1470 poena
2314 1398 2550 1467 capitalis
2572 1397 2961 1466 excipiet..Dat.
2994 1396 3104 1451 ΧΠ.
3138 1395 3259 1451 Kal.
3291 1394 3414 1447 Dec.
3454 1404 3476 1432 ο
3504 1394 3692 1460 Roma,

2134 1488 2310 1558 Crispo
2337 1488 2398 1542 ll.
2423 1497 2467 1541 et
2493 1487 2816 1541 Constantino
2842 1485 2905 1541 ll.
2936 1483 3037 1539 CC.
3061 1483 3201 1539 Coss.
3232 1483 3406 1557 (521).

2769 1614 2834 1652 DE
2854 1612 3047 1652 JUDEIS.

2184 1690 2321 1760 Imp.
2339 1690 2696 1744 Constantinus
2710 1690 2746 1741 Α
2757 1729 2770 1742 .
2796 1688 3153 1742 Decurionibus
3168 1685 3695 1758 Agrippiniensibusl.

480 1773 901 1843 Permillimusk,
928 1789 1079 1843 Culus
1096 1774 1302 1839 ωοάυεν
1333 1774 1579 1842 quoniam
1607 1772 1786 1835 disp"
1805 1764 2026 1825 Census]
2064 1770 2110 1829 B
2136 1778 2350 1835 Cunctis
2376 1780 2647 1833 ordinibus
2674 1778 2904 1847 generali
2933 1778 3048 1845 lege
3074 1775 3446 1841 concedimus,
3480 1776 3697 1830 Jud.eos

484 1876 585 1931 est,
620 1881 648 1918 a
673 1867 825 1921 nobis
846 1881 940 1935 per
960 1866 1193 1936 singulos
1219 1874 1478 1919 statuetur
1504 1872 1565 1917 ω.
1613 1862 1808 1917 Servos
1838 1860 1994 1915 etiam
2016 1899 2031 1925 ,

480 1956 569 2023 qui
601 1954 701 2008 hoc
745 1955 1029 2010 detulerint
1064 1964 1113 2019 ιι,
1141 1955 1350 2012 civitate
1383 1952 1617 2007 Romana
1657 1952 1946 2014 donamus,
1980 1957 2039 2002 ut

483 2059 666 2098 eorum
700 2046 903 2098 Domini
937 2046 1158 2113 pretium
1186 2060 1214 2097 a
1244 2044 1370 2098 ﬁsco
1416 2043 1711 2113 percipiant
1756 2050 1801 2091 ο.
1845 2038 1951 2110 §2.
1981 2037 2037 2093 Si

483 2134 602 2202 quis
626 2142 801 2188 autem
823 2134 1043 2187 militum
1071 2134 1223 2201 hujus
1248 2133 1387 2185 modi
1409 2146 1682 2200 personam
1701 2136 1994 2195 susceptam
2012 2137 2037 2176 ιτ

483 2224 548 2277 de
572 2224 816 2278 custodia
847 2225 992 2277 exire
1038 2221 1243 2288 fecerit,
1276 2222 1450 2289 capite
1477 2220 1719 2288 puniatur
1766 2217 1793 2287 ς
1839 2218 1890 2271 5.
1924 2217 2035 2284 Ap-

484 2314 715 2382 pellandi
742 2318 897 2369 etiam
930 2315 1132 2384 privato
1161 2313 1367 2368 licentia
1397 2312 1701 2381 denegctur;
1724 2309 1768 2364 si
1796 2323 1921 2363 vero
1944 2309 2039 2361 mi-

483 2405 560 2459 les
590 2416 679 2459 aut
716 2415 986 2473 promotus
1007 2416 1033 2454 ει
1062 2404 1216 2474 hujus
1246 2403 1387 2458 modi
1428 2402 1628 2456 crimen
1658 2398 1939 2456 incurrerit
1974 2407 1991 2434 τ
2019 2437 2034 2463 ,

490 2508 649 2562 super
675 2493 786 2563 ejus
812 2495 1024 2548 nomine
1056 2503 1109 2547 et
1142 2492 1304 2561 gradu
1328 2491 1395 2545 ad
1422 2506 1519 2545 nos
1547 2499 1567 2526 ⁸
1614 2488 1886 2544 referatur.
1932 2485 1959 2556 §
1983 2484 2036 2538 4.

486 2587 504 2621 ί
544 2585 600 2642 Si
631 2587 898 2641 dominum
926 2586 1069 2640 fundi
1097 2585 1177 2639 vel
1208 2586 1395 2639 domus
1415 2582 1683 2637 conscium
1710 2594 1827 2635 esse
1850 2577 2038 2648 proba-

553 2751 579 2779 α
618 2741 650 2795 5
676 2739 980 2806 Papianum,
1008 2738 1191 2809 ingenti
1218 2767 1288 2779 —
1316 2745 1532 2792 sectatur
1556 2763 1625 2775 -
1650 2746 1868 2803 corgere.

551 2810 578 2849 ι’
619 2809 834 2863 Themis
861 2812 1140 2880 depravari.

554 2890 577 2948 (ξ
617 2880 649 2948 ξ
680 2881 1021 2948 praecepimus.

551 2946 578 2985 ά
615 2946 943 3002 ΤὴεωὶεἸΙΙ.

554 3028 577 3055 θ
618 3018 752 3070 Add.
784 3018 995 3071 Sirmio.

555 3086 575 3125 ί
617 3087 711 3141 Pu.
757 3088 967 3158 Crispio.
1001 3087 1261 3158 570ctob.
1303 3096 1350 3142 et
1382 3084 1707 3141 Constantino
1730 3086 2037 3158 _consul.-_et

482 3128 732 3227 ρτίερέίέι
756 3128 967 3210 ἕὲὲῖἼῙῙ
991 3128 1704 3212 ὅσΫῖὶινῖιῐίίξίιῗῖίῗὲῖἑὶἐὶὶῖ
1730 3128 2037 3224 ιὶεξίῐιῖὲὀῖἶ
2066 3128 2107 3189 C

482 3224 545 3279 ll.
569 3224 613 3278 et
640 3224 809 3278 Const.

554 3305 578 3341 ε
612 3294 779 3349 Codd.
833 3295 875 3360 1,
925 3294 985 3363 4,)
1017 3293 1393 3358 Januarinum,
1444 3294 1586 3363 quod
1650 3294 1845 3361 recepi.
1900 3293 2033 3347 Edd.

480 3364 813 3434 Ianuarium,
848 3374 902 3434 ut
941 3362 1076 3434 Cod.
1108 3365 1242 3418 Just.
1283 3362 1516 3434 Dignitas
1539 3366 1701 3434 deest
1729 3363 1906 3434 etiam
1978 3366 2036 3417 in

482 3444 704 3501 utraque
752 3431 879 3487 Cod.
933 3433 1066 3487 Just.
1134 3435 1249 3503 lege
1296 3431 1370 3487 et'
1406 3434 1459 3486 in
1524 3433 1662 3485 Coll.
1712 3433 1839 3503 (Jan.
1903 3436 2031 3487 Ans.

482 3504 603 3558 ded.
628 3503 725 3557 Go.
760 3518 876 3556 eum
904 3518 1044 3557 anno
1065 3502 1322 3571 superiori
1346 3505 1597 3570 Agentem
1623 3502 1867 3571 vicariam
1886 3517 2037 3571 pra;-

488 3572 738 3626 feeturam
769 3572 1019 3639 appellari
1053 3574 1113 3628 in
1132 3569 1179 3625 ο.
1210 3574 1242 3625 5
1270 3573 1328 3626 C.
1364 3569 1462 3624 Th.
1495 3572 1559 3624 de
1587 3571 1821 3639 Famosis
1847 3569 2037 3624 libellis

509 3640 597 3704 IX,
629 3640 717 3710 54)
743 3651 886 3695 recte
906 3651 1102 3701 monet.
1134 3642 1227 3695 sed
1258 3641 1554 3710 nominatur
1576 3640 1652 3693 Pl.
1674 3638 1884 3710 ,UrAb._iu
1925 3653 1972 3710 ο.
2010 3640 2033 3691 1

481 3707 1179 3834 (ἐρἷιιῡᾱορὺοιὶιίοηίὒυε
1201 3709 1363 3781 (XIX,
1397 3709 1486 3779 57)
1518 3724 1641 3763 ann.
1669 3707 2034 3762 319data.Be.

608 3816 623 3832 .
706 3818 719 3832 .
742 3794 811 3834 ct.

608 3816 623 3832 ο
655 3794 811 3832 υ.οι.

552 3783 886 3902 vigilia.”
928 3858 1149 3917 utroque
1187 3848 1318 3903 Cod.
1359 3848 1495 3902 Just.
1534 3849 1647 3901 loco
1671 3891 1683 3913 ,
1728 3862 1896 3915 neque
1936 3847 2033 3901 Go.

482 3919 785 3986 displicuit;
822 3920 869 3982 l,
900 3919 953 3979 4,
987 3919 1087 3971 Til.
1117 3948 1186 3957 —
1212 3918 1327 3972 Ri‘.
1357 3918 1640 3971 adulterina
1668 3928 1884 3971 moneta.
1917 3918 2035 3970 Mox

484 3989 521 4043 1.
549 3998 757 4050 exercet,
793 3988 1061 4041 mendose.

562 4058 577 4093 ί
609 4058 739 4111 Cod.
771 4056 904 4110 Just.
930 4058 1116 4124 judici.

559 4125 572 4175 i
612 4127 726 4181 Fol.
761 4126 827 4179 52
856 4125 882 4162 b
909 4127 1027 4180 cod.
1062 4129 1113 4182 4.
1146 4128 1196 4179 In
1228 4128 1331 4181 ima
1361 4129 1543 4197 pagina
1574 4128 1722 4182 litera
1777 4128 2035 4183 indicatur

486 4212 736 4266 numerus
763 4196 1140 4263 quaternionis.
1166 4198 1302 4249 Mox.
1330 4196 1379 4252 1.
1411 4196 1547 4266 digni
1580 4198 1588 4265 ι
1730 4198 1875 4250 liciis.

558 4265 583 4302 ¹ί
613 4264 709 4319 G0.
758 4266 867 4318 vult
918 4266 1280 4329 promittimus,
1325 4264 1562 4334 speciese
1610 4267 1817 4333 quidem
1870 4281 2035 4334 neque

489 4345 660 4389 tamen
692 4348 849 4387 reete.
879 4334 971 4386 Est
999 4336 1137 4387 enim
1169 4337 1493 4401 permittimus
1524 4350 1615 4402 pro
1641 4336 1949 4398 remittimus,
1984 4336 2033 4387 id

488 4415 581 4526 es:j
588 4404 861 4484 largimur,
892 4403 1165 4467 donamus,
1193 4404 1550 4468 concedimus,
1578 4414 1633 4456 ut
1653 4404 1748 4458 Co.
1778 4405 1889 4473 ipse
1909 4419 2036 4458 con-

488 4487 547 4526 ce
586 4484 641 4526 tt.

488 4484 641 4527 09.0”.

561 4540 579 4580 ι
610 4542 743 4613 Cod.
770 4542 905 4598 Just.
939 4542 1320 4613 patrimonium,
1350 4542 1443 4597 sed
1473 4552 1704 4598 nostrum
1750 4544 2039 4612 elegantius

486 4612 693 4667 videtur
718 4612 816 4668 G0.

560 4691 600 4719 ω
626 4684 754 4737 Cod.
781 4683 916 4737 Just.
947 4681 1198 4745 statuitur,
1229 4683 1381 4750 impr.
1408 4682 1505 4737 ϐο.

556 4760 582 4787 ιι
614 4753 639 4806 1
668 4754 751 4821 qui
780 4754 838 4807 de
864 4754 956 4807 hoc
982 4752 1250 4817 detulerit,
1277 4754 1544 4806 mendose.

536 4831 582 4883 νο
606 4822 735 4877 Cod.
766 4823 900 4877 Just.
930 4840 1034 4877 om.
1068 4822 1596 4890 Servos—percipiant
1620 4864 1634 4886 ,
1677 4822 1768 4876 sed
1800 4822 2035 4890 conjecta

487 4901 569 4945 est
598 4893 710 4945 haec
734 4895 989 4947 sententia
1014 4894 1063 4945 in
1091 4907 1138 4944 c.
1168 4891 1202 4943 2
1230 4890 1359 4944 Cod.
1394 4891 1526 4943 JuSI.
1561 4892 1662 4943 Pro
1701 4892 1843 4957 quib.
1889 4906 2039 4944 caus-

488 4963 563 5015 sis
588 4962 725 5016 servi
754 4961 883 5031 (VII,
916 4964 1003 5029 15)
1035 4980 1046 5013 :
1080 4961 1223 5014 Servi
1250 4962 1333 5028 qui
1355 4961 1655 5013 monetarios
1703 4961 2037 5031 adulterinam

486 5043 732 5085 monetam
762 5030 1081 5084 clandestinis
1106 5031 1372 5082 sceleribus
1401 5039 1677 5081 exercentes
1705 5030 1756 5080 in
1786 5030 2037 5095 publicum

486 5099 779 5165 detulerint,
810 5101 1002 5154 civitate
1026 5099 1252 5151 Romana
1280 5101 1551 5163 donentur,
1576 5106 1629 5149 ut
1652 5112 1821 5149 eorum
1848 5099 2035 5151 domini

486 5173 701 5238 pretium
730 5187 760 5222 a
790 5171 906 5228 ﬁsco
926 5170 1202 5238 percipiant
1221 5206 1237 5233 ,
1260 5177 1312 5220 et
1339 5183 1417 5238 sq.
1452 5167 1743 5238 subscrlh.
1772 5181 1819 5221 c.

555 5250 583 5289 P
608 5240 737 5294 Cod.
768 5239 901 5293 Just.
926 5234 1226 5306 suspectam,
1260 5237 1351 5289 sed
1382 5234 1621 5291 nostrum
1649 5234 1746 5289 Go.
1780 5244 1833 5288 ut
1858 5236 2031 5305 legiti-

484 5322 638 5432 ilium5
654 5308 903 5431 dgfendit.
931 5307 1262 5375 Receptarum
1288 5321 1611 5374 personarum
1629 5306 1854 5357 custodia
1875 5321 2031 5373 supra

773 5444 907 5500 Just.
937 5445 1059 5501 add.
1088 5443 1141 5497 in
1168 5443 1399 5513 gradum.

556 5523 579 5552 τ
600 5515 698 5570 Go.
730 5517 961 5582 incurrit,
983 5530 1088 5570 err.

556 5582 738 5655 "Cod.
766 5584 901 5655 Just.
933 5587 999 5638 ad
1024 5593 1349 5655 competentes
1366 5582 1566 5655 judices
1592 5586 1688 5652 ref.

561 5655 579 5690 ι
607 5653 767 5724 Seqq.
796 5655 849 5709 in
876 5654 1007 5711 Cod.
1040 5654 1175 5711 Just.
1202 5653 1392 5724 partim
1418 5663 1637 5720 mutata,
1667 5653 1856 5723 partim
1881 5668 1944 5711 ex
1981 5669 2029 5711 c.

2064 4478 2115 4535 D

2138 1890 2326 1930 vocare
2350 1884 2373 1921 ϐ
2402 1875 2465 1929 ad
2493 1875 2709 1929 curiam.
2742 1872 2933 1927 Verum
2974 1878 3030 1925 ut
3062 1871 3251 1941 aliquid
3299 1871 3426 1939 ipsis
3455 1869 3523 1925 ad
3561 1869 3585 1905 ιι
3612 1884 3699 1923 so-

2141 1969 2321 2023 latium
2371 1969 2606 2037 pristina:
2653 1966 3035 2021 observationis
3077 1964 3091 2000 ί
3127 1964 3494 2034 relinquatur,
3544 1961 3697 2017 binos

2138 2062 2220 2114 vel
2250 2069 2429 2114 ternos
2472 2058 2743 2127 privilegio
2788 2056 2988 2126 perpeti
3030 2055 3291 2124 patimuri
3335 2055 3498 2109 nullis
3528 2053 3698 2107 nomi-

2140 2149 2442 2204 nationibus
2469 2146 2734 2214 occupari.
2767 2146 2887 2198 Dat.
2922 2145 3003 2199 Ill.
3032 2143 3054 2182 ιε
3089 2144 3173 2198 Id.
3200 2144 3321 2199 Dec.
3352 2142 3531 2213 Crispo
3557 2142 3619 2197 ll.
3650 2148 3697 2195 et

2139 2238 2461 2294 Constantino
2489 2239 2552 2292 ll.
2579 2236 2735 2291 Cn’ss.
2769 2236 2908 2291 Cass.
2945 2235 3112 2305 (521).

2662 2363 2729 2401 DE
2772 2360 3162 2402 DONATIOMBUS.

2208 2441 2343 2510 Imp.
2368 2439 2719 2495 Constantinus
2741 2440 2801 2491 Α.
2834 2437 3072 2492 Petronio
3098 2437 3336 2491 Probino.
3366 2436 3473 2490 Res
3493 2436 3697 2501 uxoris,

2139 2547 2257 2600 qua:
2290 2532 2373 2585 Vel
2416 2531 2750 2585 successione
2797 2529 3068 2599 qualibet,
3113 2529 3190 2582 vel
3241 2529 3509 2596 emptione
3538 2565 3553 2593 ,
3608 2525 3699 2581 vel

2140 2620 2342 2692 (etiam)
2378 2621 2654 2690 largitione
2680 2618 2775 2671 viri
2805 2620 2855 2672 in
2887 2634 3003 2673 eam
3031 2627 3152 2675 ante
3182 2628 3383 2675 reatum
3416 2619 3536 2688 jure
3576 2633 3701 2688 per-

2140 2719 2412 2774 venerant,
2436 2710 2682 2763 damnato
2704 2711 2787 2779 (ac
2805 2719 3014 2763 mortuo
3042 2724 3102 2764 ex
3123 2723 3273 2778 paena
3298 2709 3511 2773 marito,
3540 2708 3622 2762 vel
3642 2707 3698 2763 in

2139 2804 2383 2858 servilem
2429 2802 2780 2856 conditionem
2835 2816 2899 2855 ex
2938 2815 3106 2869 pinnae
3145 2800 3396 2869 qualitate
3434 2797 3695 2866 deducto)

2140 2953 2173 3006 4
2202 2953 2255 3006 h.
2291 2962 2329 3006 t.
2359 2962 2509 3007 aucta
2540 2961 2661 3005 sunt
2686 2967 2700 3003 :
2732 2947 2922 3004 Domus
2942 2966 3054 3005 vero
3075 2952 3151 3005 vel
3174 2951 3381 3021 fundus,
3401 2951 3454 3003 in
3474 2966 3569 3018 quo
3587 2950 3701 3004 haec

2141 3034 2424 3094 perpetrata
2445 3032 2575 3094 sunt,
2604 3022 2645 3094 si
2673 3021 2978 3094 dominusin
3008 3022 3233 3094 proximo
3264 3022 3564 3094 constitutus
3592 3022 3695 3085 sit,

2142 3090 2286 3171 cujus
2315 3093 2527 3171 incuria,
2556 3092 2629 3144 vel
2656 3091 2956 3171 negligentia
2984 3090 3235 3171 punienda
3258 3101 3350 3154 est,
3371 3091 3460 3143 etsi
3478 3090 3696 3171 ignoret,

2141 3158 2261 3229 ﬁsco
2288 3162 2563 3214 vindicetur
2588 3177 2604 3213 :
2639 3158 2733 3212 nisi
2761 3158 2990 3212 dominus
3018 3171 3130 3211 ante
3158 3161 3396 3227 ignorans
3416 3199 3429 3220 ,
3462 3158 3516 3210 ut
3554 3158 3693 3213 Coll.

2135 3234 2265 3284 Can.
2299 3236 2423 3284 Ans.
2455 3232 2573 3283 ded.
2606 3231 2675 3281 ita
2701 3242 2751 3282 ut
2782 3230 2998 3298 primum
3020 3230 3251 3297 repererit
3272 3231 3431 3281 scelus
3460 3229 3700 3297 prodide-

2137 3302 2199 3353 rit
2227 3310 2555 3369 perpetratum
2588 3315 2603 3350 :
2633 3310 2746 3350 tunc
2774 3298 2902 3369 enim
2927 3300 3188 3366 possessio,
3213 3300 3292 3369 vel
3311 3300 3490 3351 domus
3517 3300 3696 3367 ipsius,

2137 3368 2511 3439 proscriptionis
2528 3369 2711 3438 injurie
2732 3368 2929 3419 minime
2953 3368 3239 3437 sultjacebit.
3269 3368 3362 3422 Sin
3386 3382 3500 3420 vero
3531 3376 3616 3429 (ex
3645 3384 3697 3422 c.

2136 3438 2168 3493 4
2188 3440 2237 3491 h.
2262 3444 2321 3504 t.)
2342 3439 2625 3507 longissime
2640 3438 2697 3488 ab
2715 3454 2770 3489 ea
2788 3439 2934 3488 domo
2951 3438 3024 3489 vel
3044 3453 3105 3507 ea;
3128 3440 3436 3504 possessione
3462 3439 3698 3506 abfuerit,

2138 3509 2328 3560 nullum
2347 3506 2583 3560 sustineat
2628 3508 2972 3558 detrimentum
3020 3522 3036 3558 :
3088 3506 3187 3574 (ex
3216 3522 3266 3559 c.
3295 3507 3329 3558 2
3354 3510 3404 3557 h.
3439 3506 3505 3575 t.)
3533 3517 3703 3561 actore

2138 3578 2361 3629 videlicet
2385 3577 2527 3645 fundi
2552 3616 2565 3639 ,
2597 3576 2673 3627 vel
2701 3578 2851 3628 servis
2874 3615 2887 3639 ,
2919 3574 2992 3626 vel
3021 3576 3226 3639 incolis,
3262 3575 3338 3629 vel
3358 3574 3548 3629 colonis
3572 3618 3585 3640 ,
3612 3578 3700 3644 qui

2138 3648 2203 3699 ad
2230 3648 2322 3698 ltoc
2345 3647 2673 3697 ministerium
2698 3645 3018 3714 prwbuerint,
3042 3661 3153 3696 cum
3174 3661 3231 3697 eo
3258 3686 3268 3704 .
3298 3647 3381 3712 qui
3407 3648 3544 3714 fecit,
3577 3662 3701 3713 sup-

2141 3716 2287 3782 plicio
2317 3716 2520 3784 capituli
2548 3714 2843 3784 plectendis._
2863 3737 2919 3759 =
2962 3712 3429 3784 Viduas-credimus
3451 3755 3465 3778 ,
3490 3712 3699 3768 ut—re-

2138 3786 2295 3838 sidcat
2322 3782 2448 3852 (vid.
2478 3800 2525 3836 c.
2558 3783 2667 3835 411.
2704 3786 2789 3851 t.).
2819 3782 3106 3849 lmpuberes
3133 3800 3245 3836 vero
3264 3814 3332 3823 —
3358 3795 3480 3837 celas
3526 3801 3701 3838 eorum

2140 3859 2155 3921 (
2186 3871 2292 3906 om.
2322 3857 2365 3905 si
2394 3866 2555 3905 tamen
2594 3858 2631 3921 f.
2664 3855 2786 3921 imp.
2831 3867 2895 3905 ex
2923 3867 2971 3904 c.
3005 3853 3111 3905 41).
3144 3862 3178 3903 t.
3205 3855 3222 3920 )
3273 3855 3392 3919 quid
3444 3854 3608 3921 videat
3630 3881 3701 3893 —-

2138 3924 2366 3992 proximo
2394 3924 2599 3991 fuerint,
2626 3922 2857 3992 quoniam
2882 3922 3095 3975 —rebus
3123 3923 3302 3987 pupilli
3331 3954 3400 3963 —-
3436 3933 3489 3974 ut
3530 3930 3591 3976 de
3620 3939 3703 3976 re-

2138 3990 2226 4045 bus
2246 4022 2315 4031 ——-
2336 3990 2569 4063 quantum
2595 4007 2624 4043 a
2645 3990 2838 4063 pupillo
2862 3994 3023 4059 fuerat
3048 3992 3359 4063 inferendum
3385 3992 3697 4063 (impnGg.

2134 4064 2194 4186 ilnl
2216 4077 2336 4116 ann.
2365 4076 2410 4115 c.
2441 4062 2473 4114 4
2504 4061 2556 4113 h.
2590 4065 2656 4127 t.)
2687 4060 2832 4126 Dat.,
2867 4069 2919 4113 et
2939 4061 3174 4127 sequitur
3216 4060 3422 4116 subscr.
3469 4077 3516 4114 c.
3562 4062 3596 4114 2
3632 4060 3697 4116 C.

2197 4148 2232 4184 ι.

2197 4148 2232 4184 1.

2208 4210 2231 4236 α
2264 4201 2300 4252 1.
2334 4200 2683 4267 conﬁscandisi
2709 4228 2779 4239 --
2806 4200 2989 4252 crimen
3016 4198 3294 4252 admissum
3315 4210 3385 4254 est
3412 4242 3425 4266 ,
3475 4211 3533 4255 ut
3562 4201 3701 4255 infra

2135 4271 2187 4322 id
2212 4271 2374 4322 scelus
2395 4271 2666 4321 admissum
2692 4280 2760 4321 est
2782 4270 2990 4321 dicitur.

2206 4338 2232 4376 ι)
2265 4339 2360 4393 Go.
2396 4340 2445 4390 in
2478 4348 2589 4391 not.
2618 4340 2666 4389 in
2698 4340 2810 4403 hoc,
2839 4339 2903 4390 ad
2934 4339 3045 4391 hoc.
3074 4339 3244 4392 Etiam
3277 4339 3409 4393 Cod.
3435 4339 3569 4394 Just.
3603 4339 3702 4396 ha-

2141 4408 2231 4461 bet
2250 4412 2314 4460 ad
2344 4409 2455 4459 hoc.

2215 4488 2236 4550 ς
2266 4478 2380 4550 lj'ol.
2410 4480 2475 4531 55
2499 4486 2523 4512 τι
2552 4476 2751 4550 σοφιχι.
2788 4478 2922 4533 Mox.
2960 4479 3009 4531 1.
3041 4478 3311 4545 prodiderit
3333 4489 3697 4550 perpatratum.

2210 4544 2235 4581 ά
2268 4548 2383 4618 l_ii'.
2416 4548 2805 4618 proscribitionis
2829 4550 2871 4618 Ι.
2899 4544 3105 4618 injuria.

2214 4624 2235 4650 ο
2264 4615 2511 4688 DatLGu,
2547 4619 2704 4688 habet
2730 4632 2824 4684 pro
2848 4615 3061 4669 Reddita
3078 4634 3134 4688 is.
3162 4618 3453 4683 Proposita.
3486 4619 3614 4673 Cod.
3649 4618 3695 4673 Ι.

2141 4683 2335 4737 Dat.——
2364 4683 2539 4750 Crispo
2565 4697 2607 4737 et
2639 4683 2960 4738 Constantino
2978 4704 3049 4738 cc.
3071 4687 3112 4739 ll
3139 4704 3228 4740 css.
3256 4689 3391 4741 Coll;
3412 4689 3541 4743 Cati.
3562 4693 3696 4743 Ans.

2141 4754 2259 4807 ded.
2284 4754 2404 4805 Dat.
2437 4754 2548 4807 XII.
2584 4753 2705 4807 Kal.
2740 4755 2912 4808 Roma:
2938 4754 3111 4823 Crispo
3133 4766 3177 4807 et
3205 4758 3493 4810 Constantio
3515 4756 3696 4813 Conss.

2217 4823 2232 4859 ί
2269 4827 2323 4897 11
2357 4823 2499 4897 Idem
2530 4825 2593 4897 ad
2620 4825 3218 4897 Ag_ripiuiensium.7Cuj.r
3246 4826 3279 4883 2
3301 4866 3315 4888 ,
3342 4828 3417 4879 2⁸.
3450 4830 3698 4897 Agrippi-

2140 4892 2403 4963 niensium.
2436 4892 2532 4945 Gn.
2566 4893 2616 4944 in
2645 4894 2840 4945 Chron.
2873 4894 3335 4963 Agrippinensibus.

2212 4972 2236 5007 κ
2264 4961 2318 5027 4,
2344 4962 2444 5014 'l'il.
2473 4962 2659 5024 vocari,
2682 4964 2819 5029 quod
2855 4961 2993 5017 recte
3015 4978 3071 5015 se
3101 4964 3274 5017 habet.

2210 5028 2237 5065 ιι
2264 5031 2392 5083 Aur.
2428 5031 2588 5098 Lugd.
2618 5048 2695 5083 ac.

2218 5100 2231 5135 ί
2271 5100 2329 5151 11
2361 5100 2735 5153 observationes.

2212 5170 2236 5248 i_
2268 5169 2327 5221 11
2361 5170 2615 5251 priuilegio
2641 5171 2939 5251 perpetimus
2957 5169 3107 5249 nullis
3128 5179 3187 5251 et;
3204 5170 3321 5241 Cuj.
3349 5172 3404 5251 ᾖ,
3420 5172 3467 5251 ’2
3490 5179 3505 5199 ⁶
3537 5177 3698 5245 privi-

2141 5237 2268 5312 legio
2293 5240 2591 5312 perpetimur
2613 5237 2941 5312 n’ullis,_etc.,
2974 5240 3125 5308 impr.
3151 5237 3391 5309 G0.,'qui
3420 5237 3702 5312 interpun-

2137 5310 2209 5376 git
2234 5308 2443 5378 perpeti,
2471 5310 2687 5378 patimur
2717 5310 2869 5378 nullis
2893 5326 2984 5377 pro
3006 5326 3103 5361 non
3130 5308 3347 5378 patimur
3371 5313 3507 5367 ullis.
3541 5308 3699 5371 (Sol-

2138 5377 2442 5430 licitandutn
2472 5416 2486 5441 ,
2518 5377 2720 5445 inquit,
2751 5377 2889 5431 hunc
2920 5381 3088 5431 locum
3115 5377 3136 5444 ,
3160 5379 3277 5431 ideo
3307 5383 3548 5437 nonnulli
3575 5401 3702 5441 cre-

2139 5445 2403 5519 diderunt,
2432 5447 2551 5514 quia
2580 5449 2769 5519 perpeti
2794 5449 2881 5519 hic
2910 5462 3003 5516 pro
3038 5449 3145 5519 pati
3165 5462 3442 5517 accepere.
3471 5470 3489 5503 ›
3508 5456 3702 5510 Omnia

2139 5516 2256 5587 h.-l.
2277 5530 2412 5587 sana
2440 5525 2580 5587 sunt.
2613 5516 2956 5587 Til_.—-7Lugd.
2991 5516 3178 5586 perpeti
3207 5516 3450 5587 patimur,
3481 5525 3662 5578 nullis.

2210 5582 2231 5619 ¹ί
2264 5583 2362 5640 Go.
2392 5587 2444 5638 in
2482 5585 2730 5639 Chronol.
2764 5582 2895 5653 ιγ.;
2922 5582 3013 5643 sed
3051 5582 3171 5641 ann.
3207 5582 3240 5639 ἐ
3292 5605 3309 5638 ‹
3338 5590 3409 5643 al.
3446 5591 3537 5646 ﬁl.
3564 5612 3584 5645 ι
3614 5594 3677 5651 ln

2142 5653 2218 5708 ira
2244 5654 2304 5708 11
2337 5669 2444 5710 om.
2475 5653 2627 5710 Cass.
2655 5653 2795 5710 Coss.
