3944 6218
251 308 339 360 335
1307 317 1614 374 DECRETA
1656 319 1744 375 ET
1781 318 2367 383 CONSTITUTIONES.

249 414 451 472 illibatas
470 432 586 474 esse
615 422 892 492 praecipio,
925 439 1020 481 nec
1046 425 1203 482 alieni
1233 431 1467 485 criminis
1497 432 1781 488 infortunio
1808 438 1860 494 Α
1927 449 1930 451 ‘

249 508 476 578 adstringi
497 527 718 567 uxorem
743 532 755 566 :
779 531 900 570 cum
929 520 1160 585 paternis
1183 522 1504 577 maternisve
1527 563 1540 585 ,
1570 538 1633 578 ac
1663 539 1786 592 pro-

245 598 356 667 priis
382 599 528 655 bonis
553 601 658 658 frui
684 620 804 660 eam
832 608 1034 677 integro
1057 609 1250 678 Legum
1271 621 1466 668 statuto
1486 614 1785 683 religiosum

246 688 348 741 sit:
384 699 436 743 et
467 690 683 749 donatio
737 698 993 752 maritalis
1021 710 1143 755 ante
1187 710 1394 772 tempus
1438 705 1674 760 criminis
1724 721 1786 761 ac

244 787 402 834 reatus
420 783 601 836 collata
625 784 678 838 in
702 801 920 842 uxorem
945 829 960 855 ,
982 791 1102 859 quia
1124 791 1388 859 pudicitia:
1422 795 1643 862 praemio
1672 810 1788 850 ces-

245 868 321 930 sit,
349 870 668 928 observanda
694 876 780 942 sit,
819 869 1065 947 tanquam
1095 882 1138 934 si
1167 883 1410 937 maritum
1430 885 1545 950 ejus
1575 893 1783 952 natura,

244 974 335 1013 non
364 976 508 1029 pinna
538 966 870 1023 subduxerit.
903 970 994 1025 Sin
1025 981 1202 1026 autem
1242 989 1376 1044 aqua
1405 983 1459 1030 et
1487 977 1590 1044 igni
1623 978 1669 1030 ei
1702 978 1786 1031 in-

245 1050 499 1106 terdictum
531 1056 655 1121 erit,
685 1058 770 1112 vel
792 1058 1088 1127 deportatio
1111 1062 1274 1127 illata,
1309 1078 1413 1119 non
1440 1073 1612 1120 tamen
1641 1081 1786 1121 mors

243 1152 298 1193 ex
338 1155 482 1210 pinna
525 1145 849 1201 subsecuta:
881 1148 1193 1206 donationes
1231 1168 1261 1205 a
1307 1153 1420 1207 viro
1471 1155 1519 1207 in
1568 1171 1782 1210 uxorem

243 1231 442 1296 collata,
471 1235 646 1291 adhuc
693 1239 744 1291 in
790 1241 1034 1308 pendenti
1080 1253 1329 1298 maneant
1357 1262 1369 1297 :
1403 1246 1521 1314 quia
1553 1262 1650 1302 nec
1676 1263 1786 1302 ma-

243 1320 520 1376 trimouium
547 1325 598 1378 in
631 1328 928 1396 hujusmodi
969 1331 1178 1385 casibus
1205 1333 1530 1400 dissolvitur,
1559 1335 1627 1389 ita
1656 1346 1711 1388 ut
1739 1337 1783 1390 si

241 1424 388 1481 usque
409 1415 470 1467 ad
493 1416 612 1470 vita:
634 1433 747 1472 suae
769 1428 973 1488 tempus
1001 1423 1222 1475 maritus
1248 1438 1339 1477 eas
1368 1441 1471 1478 non
1501 1428 1782 1491 revocarit,

240 1515 293 1554 es
321 1516 476 1559 morte
502 1507 615 1574 ejus
644 1511 1026 1565 confirmentur
1053 1530 1066 1563 ε
1094 1512 1221 1568 fisco
1253 1524 1434 1569 nostro
1464 1516 1529 1570 ad
1568 1517 1780 1572 easdem

238 1606 315 1646 res
334 1596 514 1650 nullam
541 1599 596 1652 in
622 1610 890 1668 posterum
915 1604 1339 1675 communionem
1369 1606 1630 1662 habituro.
1657 1607 1779 1661 Dat.

239 1681 312 1737 III.
340 1684 537 1740 Caiend.
575 1688 733 1743 Mart.
767 1691 1040 1757 Sardiniae,
1070 1693 1231 1748 Crisio
1256 1695 1298 1748 II
1325 1706 1371 1749 et
1400 1693 1688 1751 Constantio
1715 1699 1778 1753 Il.

239 1770 361 1829 Cass.
384 1775 549 1848 (32L)
593 1779 703 1849 (Ea;
728 1779 852 1834 Cod.
883 1781 1046 1851 Just.)

791 1888 855 1928 D8
893 1888 1211 1930 CONCUBINIS.

295 1956 422 2029 Imp.
453 1960 810 2018 Constantinus
836 1965 899 2018 Α.
930 1967 997 2019 ad
1029 1965 1308 2037 Populum.
1335 1967 1542 2024 Nemini
1571 1971 1778 2026 licentia

235 2049 549 2119 concedatur,
568 2063 851 2110 constante
875 2057 1213 2112 matrimonio
1241 2060 1588 2115 concubinam
1618 2077 1780 2130 penes

233 2153 284 2195 se
311 2141 514 2198 habere.
566 2143 690 2198 Dat.
723 2144 906 2200 XVIII.
945 2145 1055 2200 Cal.
1084 2146 1195 2200 Jul.
1242 2148 1609 2218 Constantinis,
1640 2162 1781 2223 patre

234 2239 276 2282 st
296 2231 414 2298 ﬁlia,
444 2232 584 2288 Cass.
616 2233 740 2304 (321
765 2245 854 2290 aut
873 2235 1023 2307 524.)
1055 2236 1160 2307 (Ea:
1188 2238 1312 2292 Cod.
1334 2238 1501 2308 Just.)

600 2340 649 2380 SI
678 2342 947 2381 PUDENTE
975 2343 1384 2385 APPELLATIONE.

293 2411 418 2482 Imp.
439 2413 794 2470 Constantinus
815 2416 878 2471 Α.
902 2418 968 2470 ad
990 2417 1202 2487 Bassum
1223 2420 1369 2488 prtef.
1388 2421 1502 2475 urbi
1521 2431 1630 2492 post
1652 2424 1773 2476 alia.

235 2502 280 2559 Si
310 2521 434 2561 unus
458 2523 521 2562 ex
553 2509 906 2579 litigatoribus
926 2509 1100 2565 adhuc
1126 2511 1391 2580 pendente
1419 2514 1776 2582 appellatione

229 2593 488 2651 defunctus
517 2598 616 2652 sit:
654 2615 760 2653 non
789 2601 1058 2655 residuum
1092 2609 1292 2656 tantum
1307 2583 1573 2672 temporis
1603 2603 1774 2658 haere-

231 2683 312 2739 des
337 2687 442 2755 ejus
471 2688 738 2754 habeant,
788 2690 880 2745 sed
909 2693 1064 2745 etiam
1105 2693 1238 2748 alios
1269 2704 1494 2763 quatuor
1542 2711 1770 2750 menses.

229 2773 309 2830 Sin
328 2789 491 2832 autem
507 2779 574 2832 ad
596 2781 1036 2837 deliberationem
1061 2785 1384 2840 haereditatis
1414 2797 1613 2841 certum
1639 2797 1773 2841 tem-

231 2878 317 2932 pus
351 2867 647 2938 indulgetur
671 2910 684 2935 ,
717 2879 837 2941 post
864 2873 1065 2941 lapsum
1111 2875 1223 2943 ejus
1271 2878 1523 2945 temporis
1552 2885 1774 2946 quatuor

228 2961 464 3015 mensium
492 2964 857 3019 numerabitur
886 2964 1156 3036 (spatium)
1181 2983 1194 3019 :
1226 2982 1295 3023 ne
1339 2969 1642 3037 ignorantes
1671 2985 1769 3025 ne-

229 3049 405 3117 gotium
424 3091 436 3114 ,
464 3052 546 3119 vel
568 3054 730 3107 etiam
753 3055 1152 3123 superadeunda
1198 3056 1508 3113 inmeditate
1529 3059 1773 3114 dubitan-

3341 343 3450 400 254

2290 438 2293 441 ’
2322 444 2548 495 Mutua
2585 456 2936 501 ssetscuunaz.

1959 523 2095 592 Imp.
2145 525 2406 582 Constant.
2451 532 2514 583 Α.
2561 533 2627 584 ad
2651 532 2882 589 Bassum.
2933 536 3048 597 PP.
3078 538 3221 596 Inter
3258 556 3446 600 omnes

1887 613 2139 669 duntaxat
2181 618 2421 675 haeredes
2470 637 2594 676 suos
2616 665 2629 688 ,
2654 627 2758 694 qui
2809 641 2870 681 ex
2901 629 3136 697 quolibet
3170 634 3444 691 venientes

1887 703 2080 771 gradu,
2114 715 2289 761 tamen
2321 723 2474 777 pares
2498 712 2747 768 videntur
2766 730 2884 771 esse
2905 757 2918 782 ,
2951 720 3034 772 vel
3057 724 3440 792 emancipatos,

1888 808 2020 861 quos
2071 795 2275 852 Praetor
2319 799 2384 854 ad
2428 803 2816 860 successionem
2854 819 3042 863 vocat:
3073 812 3184 866 sive
3209 825 3444 884 emptum

1886 900 2057 955 neque
2107 889 2377 957 impletum
2432 902 2837 964 testamentum,
2885 901 2967 954 vel
2993 903 3297 969 codicillus,
3347 922 3443 963 seu

1886 979 2104 1047 epistola
2133 985 2366 1050 parentis
2393 1001 2515 1042 esse
2543 1000 2898 1056 memoretur,
2949 994 3059 1049 sive
3106 1012 3441 1068 quocumque

1885 1069 1988 1122 alio
2013 1071 2169 1126 modo
2198 1075 2474 1143 scriptura:
2503 1079 2926 1149 quibuscumque
2955 1085 3131 1138 verbis
3157 1127 3171 1148 ,
3201 1089 3283 1141 vel
3307 1089 3442 1142 indi-

1885 1156 1980 1211 ciis
2010 1159 2344 1216 inveniantur
2378 1166 2580 1221 relicta:
2611 1208 2625 1232 ,
2663 1169 2862 1238 judicio
2882 1171 3094 1228 familia:
3116 1176 3440 1234 erciscundae

1890 1243 1908 1316 (
1931 1247 2048 1302 licet
2078 1250 2143 1302 ab
2173 1251 2421 1308 intestato
2450 1256 2515 1309 ad
2544 1261 2932 1315 successionem
2964 1264 3113 1318 liberi
3145 1269 3435 1338 vocentur)

1885 1347 2092 1391 servato
2120 1337 2217 1394 SC.
2247 1344 2444 1398 auxilio
2464 1386 2476 1409 ,
2505 1346 2735 1403 defuncti
2763 1349 3038 1419 dispositio
3059 1337 3434 1427 custodiatur,

1884 1428 2041 1481 etiam
2073 1431 2115 1483 si
2140 1433 2473 1490 solemnitate
2505 1438 2676 1507 legum
2708 1441 3002 1510 ltnjusmodi
3025 1446 3300 1515 dispositio
3323 1451 3438 1505 fue-

1884 1518 1951 1571 rit
1978 1519 2246 1576 destituta.
2269 1525 2320 1580 Si
2353 1542 2479 1581 vero
2505 1529 2555 1582 in
2590 1531 2883 1598 bujusniodi
2903 1536 3169 1592 voluntate
3197 1539 3437 1610 designa-

1885 1609 1952 1661 tls
1979 1609 2157 1665 liberis
2205 1613 2308 1668 alia
2345 1616 2413 1669 sit
2440 1618 2599 1672 mixta
2629 1618 2860 1690 ‘persoua
2888 1663 2901 1688 ,
2954 1637 3159 1681 certum
3187 1639 3269 1683 cst
3322 1609 3441 1686 eam

1883 1698 2206 1755 voluntatem
2234 1743 2248 1768 ,
2292 1717 2543 1774 quantum
2593 1711 2658 1764 ad
2687 1713 2827 1766 illam
2875 1715 3128 1772 duntaxat
3157 1735 3436 1788 personam

1812 1790 1858 1849 Β
1885 1789 2198 1853 permixtam
2226 1832 2239 1858 ,
2272 1808 2368 1862 pro
2394 1798 2534 1851 nulla
2557 1797 2758 1854 haberi.
2786 1801 2906 1856 Dat.
2941 1803 3136 1860 Roma.
3189 1809 3288 1863 kal.
3323 1813 3435 1866 Cri-

1878 1893 1970 1948 spo
1998 1879 2061 1933 II.
2091 1891 2139 1935 ct
2157 1876 2484 1943 Constantino
2509 1889 2638 1946 Caes.
2670 1891 2734 1946 II.
2768 1893 2908 1950 Cass.
2936 1896 2994 1965 (5
3008 1897 3109 1967 21).

1952 1969 2008 2024 In
2037 1971 2290 2028 Autlient.
2323 1975 2387 2030 de
2417 1978 2595 2033 trient.
2627 1989 2680 2036 et
2709 1985 2920 2038 semiss.
2966 1986 2993 2057 ᾗ
3025 1998 3080 2042 et
3107 1991 3246 2058 quod
3269 2008 3434 2064 sa‘pe,

1878 2061 1982 2116 col.
2014 2063 2066 2118 3.
2093 2065 2171 2118 tit.
2201 2064 2254 2119 5.
2281 2069 2476 2124 novell.
2512 2071 2596 2146 18.
2628 2087 2754 2143 cap.
2783 2076 2831 2129 7.

1949 2155 2010 2210 Si
2035 2158 2182 2211 modo
2209 2161 2510 2231 subjiciatur
2538 2164 2653 2218 huic
2679 2167 2946 2236 scriptum
2967 2211 2981 2236 ,
3039 2175 3117 2228 uel
3146 2175 3303 2247 ipsius
3342 2197 3435 2248 pa-

1876 2248 2031 2302 rentis
2053 2289 2067 2314 ,
2097 2250 2175 2303 vel
2201 2253 2421 2305 omnium
2444 2293 2459 2319 ,
2491 2255 2620 2308 inter
2639 2272 2761 2325 quas
2789 2260 2847 2327 ﬁt
2869 2265 3075 2331 partitio
3098 2305 3115 2334 ,
3161 2269 3435 2326 liberarunt

1878 2339 2198 2410 subscriptio.
2228 2341 2344 2410 (Ex
2368 2343 2487 2397 cod.
2510 2343 2645 2400 Just.
2671 2345 2690 2416 )

2426 2431 2562 2483 Anno
2583 2433 2775 2487 Domini
2791 2438 2896 2490 322.

2281 2509 2540 2568 Probiano
2568 2525 2613 2569 et
2645 2517 2853 2574 Juliano
2880 2521 3020 2578 Cass.

2379 2618 2446 2659 DE
2470 2621 2919 2667 ACCUSATIONIBUS.

1945 2688 2081 2760 Imp.
2100 2689 2454 2751 Constantinus
2468 2700 2528 2750 Α.
2543 2701 2610 2752 ad
2629 2701 2988 2770 Agricolanum
3003 2718 3095 2762 ο...
3121 2711 3250 2766 Cum
3264 2712 3291 2752 ι)
3312 2714 3428 2784 jusc

1874 2780 2090 2836 evidens
2112 2791 2268 2852 atque
2290 2786 2620 2843 manifestum
2643 2792 2730 2856 sit,
2753 2801 2811 2846 ut
2828 2796 3128 2858 intendendi
3144 2799 3169 2837 τί
3198 2780 3432 2863 criminis

1875 2871 2068 2939 publici
2090 2874 2404 2932 facultatem
2430 2894 2530 2933 non
2555 2881 2652 2935 nisi
2675 2898 2741 2937 ex
2761 2889 2922 2942 certis
2957 2893 3157 2946 caussis
3185 2897 3434 2953 mulieres

1874 2959 2133 3028 habeant,
2163 2964 2262 3020 hoc
2293 2976 2372 3020 est
2400 2968 2444 3020 si
2473 2983 2621 3023 suam
2653 2987 2977 3046 suorumque
3023 2980 3263 3049 injuriam
3311 3000 3433 3053 per-

1873 3062 2158 3121 sequantur
2189 3093 2204 3119 ,
2276 3056 2544 3112 observari
2612 3063 2900 3132 antiquitus
2954 3077 3144 3124 statuta
3198 3084 3429 3142 oportet.

229 3145 298 3193 tes
317 3181 331 3204 ,
362 3142 662 3213 priusquam
688 3144 898 3214 aliquod
923 3147 1257 3201 commodum
1283 3149 1531 3214 sentiant,
1563 3149 1768 3203 damnis
1797 3138 1842 3200 C
1872 3141 2051 3213 Neque
2086 3146 2224 3200 enim
2262 3146 2338 3201 fas
2368 3161 2468 3215 est,
2496 3159 2554 3204 ut
2581 3155 2775 3222 passim
2800 3158 3106 3216 mulieribus
3148 3138 3433 3222 accusandi

227 3224 352 3279 afﬁci
379 3229 778 3298 compellantur.
813 3219 914 3284 P13.
957 3231 1041 3286 15.
1073 3231 1186 3286 Cal.
1218 3232 1344 3286 Jun.
1373 3233 1551 3286 Sirmii
1594 3233 1770 3303 Crispo

227 3315 281 3372 Il.
305 3328 346 3373 ct
374 3319 699 3376 Constantino
726 3323 792 3377 II.
816 3323 914 3378 CC.
943 3322 1084 3378 Cass.
1118 3325 1290 3396 (521.)
1313 3325 1421 3394 (Ea:
1449 3324 1574 3379 Cod.
1607 3324 1771 3396 Just.)

683 3454 750 3495 DE
779 3454 1030 3499 ΕΒΗ-’10115
1049 3456 1283 3495 ιηιινλτιε
1292 3480 1305 3492 .

287 3547 414 3619 Imp.
443 3551 802 3612 Constantinus
831 3552 894 3606 Α.
925 3553 1130 3619 Elpidio
1168 3554 1334 3624 agenti
1372 3553 1525 3606 uicem
1556 3553 1669 3606 PP.
1713 3553 1766 3608 Si

227 3639 331 3706 quis
348 3651 458 3709 post
484 3642 622 3698 hanc
649 3643 816 3712 legem
848 3644 1062 3698 civitate
1092 3644 1338 3713 spoliata,
1368 3655 1611 3698 ornatum
1642 3645 1769 3710 (hoc

227 3738 298 3782 est
330 3746 628 3800 marmora,
676 3735 759 3789 vel
801 3734 1095 3805 columnas)
1135 3735 1199 3788 ad
1241 3750 1362 3788 rura
1403 3735 1764 3801 transtulerit,

229 3819 438 3886 privetur
467 3838 528 3877 ea
565 3825 924 3892 possessione,
950 3839 1105 3894 quam
1135 3825 1206 3878 ita
1248 3826 1534 3879 ornaverit.
1566 3825 1618 3880 Si
1649 3826 1766 3895 quis

226 3919 381 3964 autem
407 3926 470 3966 ex
497 3913 602 3966 alia
633 3913 687 3966 in
715 3913 871 3966 aliam
894 3915 1158 3968 civitatem
1189 3914 1476 3969 labentium
1508 3916 1762 3984 parietum

226 4010 470 4053 marmora
503 4001 586 4055 vel
617 4001 891 4056 columnas
925 4002 990 4056 de
1028 4002 1254 4072 propriis
1282 4004 1525 4057 domibus
1561 4003 1612 4056 in
1642 4019 1766 4074 pro-

225 4087 350 4155 prias
391 4092 678 4148 transferre
729 4094 990 4160 voluerit,
1036 4096 1282 4162 quoniam
1333 4096 1608 4165 utrobique
1649 4095 1764 4150 hrnc

225 4193 329 4235 esse
365 4183 629 4249 publicum
658 4186 819 4239 decus
845 4195 946 4251 est,
974 4186 1194 4241 licenter
1215 4185 1314 4241 hoc
1340 4187 1513 4242 faciat.
1545 4190 1673 4242 Data
1693 4190 1764 4243 si-

221 4269 400 4324 militer
423 4273 671 4327 facultate
688 4274 846 4327 etiam
866 4275 932 4329 de
964 4276 1297 4343 possessione
1317 4285 1558 4331 ornatum
1581 4278 1762 4346 hujus-

220 4352 345 4406 modi
382 4356 444 4406 ad
483 4357 872 4424 possessionem
909 4358 1064 4410 aliam
1103 4358 1480 4419 transferendi,
1519 4361 1760 4428 quamvis

220 4454 304 4511 per
329 4460 521 4511 muros,
551 4447 633 4500 vel
659 4449 815 4500 etiam
842 4462 934 4517 per
964 4447 1188 4501 mediam
1218 4447 1482 4502 civitatem
1503 4463 1562 4502 ea
1587 4458 1757 4501 trans

219 4531 331 4587 ferri
351 4551 566 4591 necesse
589 4537 658 4591 sit
682 4554 694 4589 :
723 4539 869 4591 itaut
893 4553 954 4592 ea
974 4538 1328 4602 solummodo,
1349 4555 1465 4605 quae
1487 4541 1626 4594 illata
1649 4540 1760 4595 fne—

219 4622 313 4676 rint
341 4626 661 4689 civitatibus,
707 4636 1070 4695 esportentur.
1119 4626 1237 4680 Dat.
1282 4627 1333 4681 6.
1381 4628 1590 4682 Calend.
1629 4627 1753 4683 Jun.

224 4705 494 4780 Viminscii,
525 4704 702 4784 Crispo
724 4715 782 4768 II.
814 4723 858 4767 et
886 4712 1056 4769 Const.
1082 4714 1146 4769 Il.
1175 4703 1316 4767 Cass.
1345 4713 1511 4783 (521).

651 4844 717 4883 νε
738 4843 1077 4891 REQUIRENDIS
1096 4840 1232 4883 πω.

280 4938 781 5007 Imp.Constantinus
809 4941 869 4992 Α.
894 4939 962 4991 ad
989 4938 1310 4992 Ianuarium.
1343 4937 1666 5009 Quicumque
1692 4953 1757 4994 ex

217 5039 273 5081 eo
295 5029 394 5096 die,
438 5045 541 5100 quo
571 5046 692 5086 rcus
718 5029 874 5084 fuerit
897 5030 946 5083 iu
987 5029 1187 5098 judicio
1214 5029 1427 5098 petitus,
1472 5030 1606 5083 intra
1630 5031 1756 5083 anni

218 5119 424 5185 spatium
449 5120 680 5174 noluerit
706 5117 893 5173 adesse
923 5117 1144 5186 judicio,
1171 5133 1259 5172 res
1296 5117 1410 5184 ejus
1442 5117 1568 5172 fisco
1587 5116 1756 5170 vindi-

217 5209 528 5264 centur.Etsi
553 5218 732 5278 postea
761 5217 1022 5278 repertus,
1045 5222 1242 5262 nocens
1274 5208 1431 5263 fuerit
1457 5207 1753 5278 deprehen-

212 5305 312 5358 sus,
332 5299 583 5352 severiori
605 5297 882 5352 sententia
898 5297 1223 5366 subjugetur.
1247 5297 1350 5352 Sed
1367 5299 1409 5351 si
1432 5297 1754 5366 argumentis

214 5385 524 5444 evidentibus
542 5398 596 5444 et
622 5389 933 5456 probatione
958 5387 1187 5442 dilucida
1216 5389 1573 5443 innocentiam
1602 5403 1751 5442 suam

214 5481 519 5548 purgaverit,
560 5479 904 5534 nihilominus
934 5478 1206 5534 facultates
1234 5479 1350 5546 ejus
1377 5495 1540 5548 penes
1565 5479 1748 5532 fiscum

216 5579 525 5625 remaneant.
560 5570 680 5624 Dat.
714 5570 800 5623 Id.
845 5569 965 5624 Jan.
999 5568 1326 5624 Constantina
1356 5571 1418 5626 A.
1462 5571 1513 5626 5.
1543 5579 1588 5624 et
1614 5567 1752 5623 Lici-

215 5657 398 5716 uioCC.
422 5661 562 5716 Cass.
595 5661 770 5731 (321.)
799 5661 899 5731 (Ex
923 5661 1052 5716 Cod.
1074 5661 1256 5730 Iust.).

468 5754 738 5812 Ρηιιοι.
788 5750 950 5812 VIII.

1871 3235 2128 3300 permissa
2179 3236 2396 3291 facultas
2448 3241 2562 3306 sit;
2627 3243 2860 3315 alioquin
2920 3250 2970 3303 in
3027 3253 3246 3319 publicis
3303 3257 3430 3312 olim

1870 3325 2248 3390 qumstionibus
2295 3328 2554 3382 interdum
2605 3341 2695 3386 aut
2748 3335 3017 3391 admissao
3068 3343 3308 3409 probatio
3351 3358 3435 3402 est

1870 3421 1958 3464 aut
1997 3416 2293 3470 accusantis
2329 3419 2633 3474 auctoritas.
2668 3422 2897 3494 Patroni;
2924 3428 3080 3483 etiam
3126 3449 3431 3492 caussarum

1870 3504 2118 3558 monendi
2146 3514 2298 3570 sunt,
2343 3521 2408 3561 ne
2438 3519 2681 3576 respectu
2708 3516 3006 3581 compendii
3038 3517 3259 3576 feminas
3294 3523 3313 3561 τ
3346 3540 3430 3579 sc-

1869 3594 2090 3648 curitate
2134 3596 2352 3650 forsitan
2386 3612 2543 3651 sexus
2587 3600 2638 3653 in
2688 3601 2994 3658 actioncms
3034 3609 3267 3669 illicitam
3307 3631 3429 3684 pro-

1868 3694 2079 3742 ruentes
2119 3694 2317 3741 temere
2365 3690 2674 3759 suscipiant.
2707 3691 2823 3746 PP.
2871 3694 2934 3748 V.
2958 3698 3043 3750 Id.
3064 3696 3088 3736 ιι
3123 3700 3269 3757 Febr.
3297 3704 3428 3759 Pro-

1868 3772 2015 3827 biauo
2042 3785 2086 3828 et
2110 3773 2317 3829 Iuliana
2337 3775 2475 3832 Cass.
2507 3777 2522 3814 ί
2559 3778 2726 3851 (522).

1935 3866 2378 3923 lavsupnsruto.
2400 3868 2624 3926 Feminis
2652 3874 2751 3927 nisi
2772 3876 2825 3928 in
2848 3892 2941 3932 sua
2960 3895 3256 3949 suarumque
3279 3905 3428 3945 caus-

1937 4005 1960 4089 ς
2000 3996 2055 4063 4,
2079 3995 2178 4089 Til.
2205 3998 2675 4089 Αρξεοίξιηιςηιλὲο,
2702 4001 3160 4089 ξ5“ρ9τίεξιαιτῃηι.
3191 4015 3261 4070 42
3289 4021 3427 4089 agri-

1865 4067 2050 4138 cuiam.
2079 4069 2191 4138 An.
2211 4068 2333 4122 add.
2367 4068 2520 4124 Recte
2543 4069 2740 4125 Prom?
2775 4067 2888 4128 Vid.
2922 4077 3020 4132 Go.
3063 4083 3113 4133 in
3152 4067 3259 4138 not—.

1935 4134 1962 4174 b
2001 4137 2153 4190 Prior
2181 4136 2485 4226 h.jc‘._-pars
2509 4139 2648 4226 iuno.
2683 4141 2895 4226 12.0051.
2928 4147 3063 4226 Just.
3093 4134 3302 4226 dell—liis,
3336 4160 3425 4226 qui

1863 4220 1977 4282 acc1
2002 4223 2053 4259 n.
2103 4221 2154 4282 ρ.
2181 4206 2388 4282 videtur
2417 4209 2716 4282 transiisse;
2752 4212 2940 4282 legitur
2967 4220 3106 4273 enim
3137 4206 3302 4280 ibi—ab,
3322 4206 3426 4282 εἰὶῖὶ

1865 4221 1974 4260 acc.
2002 4223 2053 4259 n.
2143 4245 2154 4257 .
2181 4221 2388 4260 vnnetur
2417 4221 2716 4272 transusse;
2752 4221 2940 4282 legitur
2967 4221 3106 4273 enim
3137 4223 3203 4276 ibi
3226 4227 3293 4280 ab
3322 4221 3419 4282 ini-

1865 4276 1938 4329 lio
1958 4276 2033 4364 ita
2053 4294 2071 4358 ,ε
2095 4221 2170 4328 Bc
2188 4278 2395 4329 crimine
2416 4279 2550 4345 quod
2576 4280 2888 4364 pubiicorum
2914 4289 3066 4364 fuerit
3084 4294 3419 4364 judiciorum,

1863 4347 2080 4422 mulieri.
2106 4361 2342 4398 accusare
2369 4363 2466 4400 non
2511 4350 2809 4416 permittitur
2833 4369 2849 4406 :
2872 4347 2969 4407 nisi.
2997 4347 3141 4412 ceriis
3170 4378 3230 4416 ex
3256 4347 3423 4422 transi;

1862 4413 1915 4494 id
1941 4422 2009 4466 est
2038 4415 2080 4466 si
2107 4430 2249 4494 suam
2288 4413 2585 4494 suorumque
2615 4432 2936 4488 persequatur
2965 4413 3422 4494 bifariam—secuit:

1863 4481 1984 4534 dum
2012 4485 2203 4551 antiqui
2221 4481 2564 4552 jurisstatu'ta
2587 4481 2798 4552 tantum,
2826 4502 2926 4545 ctc.

1935 4561 1956 4631 ε
1997 4555 2051 4616 4,
2075 4548 2176 4606 τῑι.
2207 4548 2570 4631 ppt._jus,_sed
2606 4557 2656 4609 in
2678 4548 2855 4631 cod-L4
2889 4577 3032 4630 supr.
3061 4565 3153 4622 lin.
3175 4571 3297 4626 add.
3352 4576 3420 4631 ab

1860 4628 1970 4703 ant.
1997 4621 2265 4703 21899.12
2286 4621 2600 4703 ejus..Paulo
2634 4637 2752 4703 post
2774 4621 3241 4703 (Humani/cuum:

1929 4687 1954 4726 d
1994 4690 2160 4772 Codd.
2190 4690 2275 4772 Br.
2303 4687 2383 4781 ξι.
2415 4687 2692 4781 internuntii
2721 4706 2776 4749 ut
2797 4697 2964 4781 Sich.,
2994 4687 3049 4781 sl...
3068 4687 3418 4781 inrteniptandi,

1859 4759 2137 4850 intenttanti
2164 4770 2216 4814 et
2243 4761 2583 4850 illdittdaﬂdt'l.
2616 4782 2737 4848 quae.
2771 4759 3416 4850 Ouinia'ndivcrsmrejusdz

1860 4843 1910 4908 v_.
1945 4829 2418 4908 formse_sunt_._R_i.
2456 4833 2606 4908 prob.
2634 4829 2686 4887 v.
2719 4837 3018 4908 intentandi.
3053 4829 3226 4901 Retiti.
3250 4829 3422 4908 i352;

1860 4898 2417 4990 άεηέὶκνίἀὶξκηιιιῖ
2445 4898 2483 4990 ιλ.
2526 4904 2604 4990 si,
2642 4906 3086 4990 quodintendcrit,
3109 4898 3420 4990 esset;

1859 4967 1980 5020 verit
2001 4977 2060 5042 et
2080 4968 2230 5042 c115;
2248 4969 2300 5042 lt.
2335 4967 2683 5042 t.intend_endi
2707 4978 2904 5042 quidem
2923 4967 3186 5040 examinis.

1931 5046 1955 5074 ο
1995 5037 2047 5100 9,
2081 5038 2164 5132 1L9:
2203 5038 2272 5091 20
2301 5040 2505 5132 amissa.
2534 5037 2838 5132 ‘ImprCGo.
2886 5047 2943 5101 in
2965 5037 3296 5126 commaeos,
3325 5063 3415 5132 qui

1859 5119 1962 5212 emf.
1999 5107 2634 5265 ﬁre-ttmsigroigrfggii’ia
2653 5190 2705 5236 et
2727 5183 2789 5238 16
2817 5186 3023 5255 femina.
3053 5190 3123 5246 20
3148 5209 3293 5265 supr.
3319 5202 3412 5261 Iin.

1857 5255 2112 5299 severitate
2135 5261 2227 5310 pro
2248 5255 2523 5301 securitate.

1928 5323 1953 5359 κ
1988 5314 2058 5402 22
2077 5316 2622 5402 accﬁuione_,3ed:em.
2646 5323 2854 5377 actione.
2879 5324 2944 5380 I5
2976 5329 3026 5380 in
3047 5339 3143 5385 act.
3167 5338 3419 5402 publicam

1855 5399 1994 5455 pror.
2019 5384 2315 5455 6‘inclitam.
2342 5386 2406 5440 19
2433 5388 2643 5443 inlicita.

1926 5451 2024 5538 ut;
2048 5451 2422 5538 k-l..provid.n2i
2447 5459 2580 5526 prid.
2606 5459 2673 5515 40
2693 5467 2768 5532 pf.
2788 5463 2887 5531 [τὸ.
2911 5464 2999 5530 28,
3021 5467 3092 5524 40
3116 5485 3223 5528 om.
3246 5477 3307 5532 ν.
3323 5480 3409 5538 Id.

1855 5523 1920 5578 19
1949 5522 2032 5576 Id.
2064 5526 2188 5592 febr.
2210 5521 2282 5575 Χ.
2306 5523 2402 5578 Pr.

1930 5594 1955 5681 ξ,
1988 5593 2058 5674 {2
2079 5605 2122 5647 et
2148 5592 2495 5681 l’latcntiniano
2520 5614 2564 5651 c.
2589 5598 2686 5654 (ἑο.
2716 5604 2960 5660 consulto
2982 5607 3259 5681 adscripsit
3279 5633 3403 5677 ann.

1855 5661 1977 5729 525,
2001 5664 2154 5731 impr.
2182 5662 2264 5717 lti.

2857 5760 2895 5822 8
