3944 6218
433 358 541 420 2δ5

1706 359 1964 417 CONSTA
1973 357 2152 415 NTINI
2192 358 2403 416 MAGNI

3570 365 3674 422 236

435 486 811 543 saquemquam
854 486 1092 526 accusare
1134 470 1612 541 nonliceat,quia
1654 470 2479 542 susceptioneeA.......
2527 511 2539 527 .

444 564 727 619 alienarum
776 577 1068 615 caussarunt
1125 561 1314 632 legibus
1378 562 1715 630 prohibentur.
1771 559 2010 613 Advocati

442 656 592 709 etiam
630 652 976 708 commonendi
1004 651 1179 716 sunt-5,
1221 669 1283 706 ne
1326 662 1502 706 contra
1529 652 1661 723 leges
1692 651 2007 723 suscipiant°

441 749 495 802 in
521 745 699 800 alienis
733 745 925 798 caussis
956 744 1166 813 feminas
1195 743 1393 812 litigare
1422 743 1695 813 cupientes.

566 851 632 891 »ε
661 847 1100 889 DENUNTIA‘I'IONB-
1132 848 1253 887 νει.
1286 846 1583 887 ευιετιοιικ.
1616 845 1901 886 ιιεθοιιηνη.

514 926 571 980 2.
603 924 738 991 Imp.
764 921 1090 977 Constantius
1121 924 1251 993 Aug.
1279 924 1347 976 ad
1372 923 1649 977 Maximum
1671 921 1763 991 Pf.
1801 920 1870 976 U.
1908 919 2012 975 De-

456 1014 689 1074 nuntiari
702 1016 785 1067 vel
799 1012 935 1083 apud
953 1012 1340 1081 provinciarum
1358 1008 1630 1069 rectores“
1644 998 1724 1066 vel
1745 1011 1881 1081 apud
1895 1026 2009 1077 eos,

447 1107 637 1179 quibus
654 1112 894 1160 actorum
914 1103 1365 1159 contieiendorum
1389 1104 1513 1174 ejus
1527 1114 1631 1170 est,
1650 1102 2009 1168 decernimus,

444 1217 515 1258 no
541 1201 741 1272 privata
771 1194 792 1236 ί
838 1196 1052 1252 testatio
1080 1204 1128 1264 8,
1159 1205 1487 1252 mortuorum
1517 1203 1608 1250 aut
1654 1196 1706 1249 in
1733 1192 1760 1230 ιι
1788 1191 2012 1249 diversis

442 1291 600 1348 terris
641 1287 934 1346 absentium
976 1293 1065 1340 aut
1109 1301 1293 1342 eorum
1326 1288 1413 1356 qui
1461 1300 1721 1356 nusquam
1775 1282 2010 1354 gentium

445 1383 556 1438 sint
580 1381 623 1447 ί,
650 1380 844 1449 scripta
872 1376 1192 1443 nominibus,
1242 1377 1430 1431 falsam
1460 1375 1617 1429 tidem
1664 1373 1821 1429 rebus
1848 1387 1952 1427 non
1987 1372 2002 1423 i

446 1472 611 1545 gestis
660 1464 942 1539 afﬁngatk.
992 1467 1109 1521 Dat.
1174 1466 1288 1522 1οι
1324 1464 1447 1518 Kal.
1485 1466 1666 1536 inn.“
1714 1463 1904 1518 Sirmio
1951 1472 2010 1529 ιι,

453 1560 713 1618 Probiano
736 1572 778 1615 et
798 1560 1008 1615 Iuliano
1039 1567 1064 1595 ο
1087 1556 1225 1612 Coss.
1258 1555 1429 1628 (522).

526 1655 969 1708 Ismarus-ruta.
1000 1650 1279 1705 Contestari
1305 1652 1333 1693 ι)
1359 1645 1497 1717 apud
1507 1654 1721 1701 rectores
1746 1643 2015 1715 provincias

446 1747 522 1802 uel
538 1747 823 1815 defensores
852 1754 938 1799 aut
965 1760 1135 1799 omnes
1162 1740 1301 1811 apud
1338 1755 1461 1810 quos
1490 1748 1628 1809 gesta
1655 1738 2011 1805 conﬁciuntur,

2112 688 2128 705 .
2172 689 2186 703 .
2237 688 2251 704 .
2280 659 2307 688 ει
2331 652 2541 718 inisset,
2565 668 2748 709 eorum
2769 655 3005 709 omnium
3025 654 3224 723 judicio
3266 652 3464 710 ﬂerctb
3500 655 3671 727 copia.

2110 740 2260 808 Quod
2298 742 2507 813 quidem
2534 754 2557 783 ο
2580 744 2651 797 ita
2671 743 2695 782 ά
2720 743 3053 817 interpretati
3090 754 3235 812 sunt,
3261 754 3346 811 nt,
3388 745 3675 801 contractis

2113 833 2163 887 in
2189 832 2333 888 litem
2356 833 2602 890 omnibus
2626 875 2641 902 ,
2682 841 2737 890 et
2755 836 3133 892 assertionibus
3162 837 3272 907 jam
3293 835 3554 891 ordinatis
3577 844 3676 890 set

2114 922 2421 994 proﬂigatis,
2446 926 2749 996 exactisque
2771 942 2925 997 paene
2944 927 3155 995 iudicis,
3180 925 3226 980 si
3245 925 3333 997 qui
3353 941 3533 981 earum
3555 940 3675 995 per-

2110 1030 2358 1071 sonarum
2394 1031 2511 1087 qua
2550 1018 2602 1072 in
2626 1018 2916 1087 quaestione
2937 1022 3078 1084 sunt,
3103 1025 3283 1089 partus
3302 1018 3603 1073 accidissent
3628 1013 3674 1083 ι,

2112 1106 2259 1178 quasi
2300 1108 2633 1163 accessiones
2675 1109 2927 1165 absentia:
2966 1110 3280 1165 necessaria:
3317 1117 3675 1179 spectatreque

2115 1212 2378 1268 personas,
2404 1198 2588 1253 novari
2610 1204 2851 1268 tempora
2885 1200 3020 1269 juris
3058 1214 3177 1255 esse
3216 1200 3482 1256 amrment
3502 1199 3677 1255 8.Sed

2114 1302 2231 1343 eum
2253 1288 2394 1344 aliud
2435 1290 2504 1344 sit
2538 1290 2747 1353 abesse,
2770 1290 2909 1344 aliud
2948 1290 3173 1345 necdum
3194 1299 3368 1345 natum
3390 1305 3511 1346 esse
3529 1332 3543 1357 ,
3566 1291 3679 1362 pla-

2114 1377 2383 1435 cuitheos
2420 1381 2509 1451 qui
2559 1387 2885 1447 nascuntur,
2928 1392 3153 1436 matrum
3193 1380 3586 1437 conditionibus
3626 1389 3681 1437 et

2110 1469 2232 1540 jure
2259 1468 2275 1506 ί
2303 1469 2399 1536 uti,
2422 1485 2643 1540 quarum
2667 1487 2786 1526 mox
2809 1472 3097 1527 visceribus
3118 1480 3452 1541 exponuntur
3468 1513 3482 1538 ,
3508 1484 3679 1541 neque

2116 1564 2255 1629 ideo,
2281 1564 2421 1634 quod
2444 1570 2601 1619 natus
2622 1563 2834 1633 quidam
2858 1571 2958 1628 est,
2985 1574 3218 1635 tempora
3237 1563 3419 1634 judicii
3456 1578 3682 1619 renova-

2115 1655 2161 1711 ri
2185 1655 2230 1708 l.
2267 1656 2405 1711 Ante
2426 1653 2571 1709 litem
2596 1671 2721 1711 vero
2760 1655 2810 1710 id
2853 1657 2959 1711 nati
2996 1672 3091 1711 suo
3124 1671 3306 1711 omnes
3342 1654 3604 1710 nominek
3628 1655 3681 1708 in

2116 1748 2462 1817 quaestionem
2486 1756 2771 1813 vocentur;
2795 1748 3039 1817 quoniam
3065 1747 3162 1802 bos
3199 1748 3342 1802 solos
3374 1748 3462 1816 qni
3484 1745 3537 1799 in
3560 1740 3678 1799 lite1

452 1840 591 1894 litem
630 1837 890 1909 jubentus,
938 1852 999 1891 ne
1021 1846 1047 1885 τι
1070 1835 1205 1889 ullus
1244 1848 1420 1887 nomen
1461 1830 1681 1884 absentis
1707 1838 1793 1883 aut
1833 1827 2019 1882 mortui
2046 1840 2093 1901 Β
2120 1838 2227 1893 nali
2268 1845 2439 1901 erum,
2474 1839 2525 1892 in
2558 1853 2765 1893 omnem
2796 1838 3057 1894 fortuna."
3094 1841 3317 1892 matrum
3340 1836 3684 1907 οοηιριθοιίιιι

461 1932 537 1986 uel
561 1933 664 2000 qui,
717 1947 818 1985 non
858 1929 1076 1996 potuerit
1109 1930 1131 1957 τ
1151 1926 1383 1990 inveniri,
1412 1925 1463 1977 in
1481 1924 1583 1976 litis
1613 1930 1634 1958 ⁸
1668 1922 2025 1977 contestatione

462 2023 669 2093 recipiat
703 2022 748 2088 ⁸,
780 2036 842 2075 ne
872 2018 1109 2089 falsitatis
1130 2024 1159 2053 ιι
1185 2014 1465 2069 inveniatur
1492 2012 1689 2067 occasio
1710 2020 1760 2064 ν.

1064 2124 1129 2164 DE
1156 2120 1382 2161 JUDICIIS.

522 2202 661 2271 Imp.
677 2200 1032 2255 Constantinus
1046 2198 1105 2251 Α.
1121 2197 1188 2250 ad
1206 2196 1487 2249 Maximum
1499 2191 1590 2262 Pf.
1614 2190 1678 2246 U.
1701 2200 1728 2228 ι
1745 2192 1822 2245 Ad
1835 2190 2019 2245 locum.

455 2294 612 2359 Eum,
636 2292 726 2363 qui
759 2293 930 2347 sciens
951 2289 1149 2360 judicio
1168 2287 1357 2342 adesse
1388 2285 1703 2356 neglexerit,
1743 2292 1802 2338 ut
1838 2292 2023 2338 contu-

452 2382 835 2453 macemjudex
882 2380 1176 2436 mulctabit.
1205 2388 1232 2427 γ
1271 2378 1391 2431 Dat.
1414 2374 1487 2430 Χ.
1524 2373 1647 2429 Kal.
1684 2372 1808 2429 Jun.
1848 2382 1869 2410 ι
1911 2373 2025 2428 Sir-

452 2476 554 2530 mio
575 2472 674 2545 ηα),
699 2471 952 2527 Probiano
972 2478 1017 2524 et
1033 2468 1243 2522 Iuliano
1263 2465 1404 2521 Coss.
1422 2464 1481 2503 ινδ
1500 2464 1672 2536 (522.)

910 2562 987 2617 De
1016 2572 1259 2614 Ltaensu
1286 2570 1481 2611 caussa
1517 2565 1592 2607 οο.

523 2657 661 2731 Imp.
687 2654 1046 2712 Constantinus
1066 2653 1129 2707 Α.
1159 2652 1226 2706 ad
1278 2650 1559 2705 Maximum
1603 2646 1694 2718 Pf.
1729 2646 1792 2703 υ.
1823 2643 1898 2700 δά.
1946 2686 1959 2700 .
2004 2686 2019 2702 .

530 2780 557 2841 ρ
586 2769 766 2841 Grauia
782 2784 915 2841 suac.
932 2767 995 2822 21
1017 2781 1129 2841 qua
1142 2782 1174 2841 a
1188 2779 1345 2841 sum,
1366 2762 1451 2817 alii
1471 2760 1623 2816 codd.
1638 2760 2018 2841 susceptionem.

524 2840 553 2880 δ
592 2829 736 2894 nam
760 2838 937 2900 codd.,
961 2829 1117 2892 etiam
1146 2835 1197 2900 6,
1221 2836 1251 2887 7
1273 2835 1537 2886 advocatos
1554 2860 1621 2871 -
1636 2829 2024 2884 commonendos

458 2928 539 2966 ne.
564 2911 651 2973 19,
673 2908 745 2962 20
766 2910 1043 2962 Aduocatus
1070 2921 1115 2973 e.
1148 2903 1537 2973 commonendus
1558 2910 1652 2954 est.

532 2992 553 3019 ε
595 2966 759 3047 ϐἰεςε
783 2978 1069 3047 suscipiant.
1098 2972 1152 3028 In
1178 2989 1338 3027 noun.
1365 2972 1523 3027 codd.
1544 2980 1599 3025 et
1623 2984 1709 3038 ap.
1734 2966 1879 3025 Sich.
1910 2983 2019 3023 om.

460 3051 534 3103 in.
564 3048 681 3102 Mox
703 3045 876 3101 ἰιοιιιι.
907 3045 1065 3099 codd.
1094 3059 1319 3096 caussas.

533 3117 558 3155 ά
579 3119 630 3178 ϐ.
647 3110 869 3182 7,14,16
886 3114 1300 3168 rectoribus.Mox
1318 3110 1556 3166 nonnulli
1571 3109 1726 3165 codd.
1741 3110 2020 3182 auctorum.

464 3193 593 3244 Aur.
617 3179 793 3271 Lugd.
818 3187 867 3239 in
900 3201 969 3271 ω..
991 3200 1071 3271 'ex
1103 3183 1422 3271 interpr..-l—-
1465 3182 1621 3271 litem'.
1652 3195 1770 3271 om.I
1790 3181 1939 3247 signo
1968 3179 2021 3231 in
2052 3208 2096 3271 Ο

466 3269 632 3323 textu,
657 3248 794 3326 quod
822 3272 871 3306 v.
896 3254 960 3308 ad
984 3248 1275 3307 Denuntiari
1299 3252 1503 3306 videtur
1524 3248 1862 3304 referendum
1885 3261 2023 3302 esse.

541 3338 563 3365 ε
588 3328 674 3392 10,
707 3326 771 3380 18
797 3323 1224 3394 sufﬁciendorum.

541 3338 563 3365 ε
588 3337 674 3392 10,
707 3337 771 3380 18
797 3337 1224 3392 suntatenaorum.

548 3396 566 3434 ί
597 3396 726 3450 Aur.
758 3394 923 3463 Lugd.
949 3400 992 3445 et
1016 3393 1143 3459 priv.
1177 3401 1290 3445 test.

545 3476 571 3513 Β
606 3464 1157 3519 δὶοὶικεοηιεεεαιίοηε.

540 3534 568 3571 ιι
594 3534 842 3589 Nonnulli
870 3532 1025 3587 codd.
1048 3547 1154 3584 out.
1189 3532 1262 3583 in.

552 3603 567 3641 ί
594 3607 626 3659 5
664 3615 804 3657 sunt.

547 3674 561 3724 i
605 3674 669 3729 19
691 3690 797 3726 om.
824 3689 941 3726 non.
1996 3671 1999 3674 ’

541 3741 570 3781 ¹¹
593 3745 666 3798 Ila
695 3741 780 3797 W.
813 3758 876 3797 ex
898 3740 1081 3809 cj.Go.
1108 3738 1141 3791 5
1165 3738 1391 3809 afﬁgeat.
1424 3737 1477 3801 6,
1509 3738 1571 3809 7.
1591 3735 1793 3809 Hjiﬁ,
1830 3734 1915 3809 19,
1941 3734 2029 3809 21,

473 3812 591 3882 Cu].
613 3813 717 3865 2-—
733 3812 812 3867 Cl.
838 3804 1034 3878 alligat.
1061 3809 1159 3882 10.
1176 3804 1240 3860 18
1262 3804 1525 3882 :ad/igant.
1644 3804 2032 3882 Sicini-Lugd;

478 3871 713 4021 agi/illlam,
740 3882 833 3937 sed
870 3871 1012 3936 Ξίᾶιι.
1046 3910 1114 3919 —
1141 3877 1305 3946 Lugd.
1334 3871 1485 3930 iu'm.
1504 3878 1776 3945 (sf/ingruit.
1806 3876 1860 3939 8,
1896 3876 1945 3939 9,
1972 3871 2039 3927 15

478 3971 509 4007 a
590 3964 710 4021 rgat.
804 4018 1207 4021 ηγῖμμ
1385 4015 1531 4021 ’-μ
1602 4012 1837 4021 _____.

476 3964 710 4022 att/ligat.

558 4021 573 4059 ¹
608 4012 769 4076 Codd.
794 4020 884 4082 26,
911 4020 997 4079 55.
1031 4019 1119 4082 55,
1148 4018 1215 4072 58
1246 4032 1353 4070 nm.
1376 4015 1447 4077 Χ,
1470 4015 1560 4079 21,
1594 4012 1734 4077 XII,
1757 4012 1862 4068 XI.

553 4018 573 4059 ἰ
608 4018 769 4076 Codd.
794 4020 884 4085 26,
911 4020 997 4079 55.
1031 4019 1119 4082 55,
1148 4018 1215 4072 38
1246 4032 1353 4070 nm.
1376 4018 1447 4077 Χ,
1470 4018 1560 4079 21,
1594 4018 1734 4077 XII,
1757 4018 1862 4068 XI.

553 4101 592 4127 πι
618 4089 692 4143 Ita
720 4104 860 4143 corr.
888 4097 1023 4141 auct.
1052 4086 1206 4140 codd.
1238 4088 1271 4142 5
1291 4114 1359 4126 —--
1383 4085 1435 4148 8,
1466 4086 1552 4146 10,
1581 4082 1915 4145 14,17-20,
1947 4081 2039 4146 26,

487 4160 576 4225 58,
609 4160 697 4223 42,
724 4158 813 4223 M,
848 4158 911 4210 ll.
968 4167 1022 4211 et
1066 4172 1116 4209 c.
1144 4158 1178 4207 2
1203 4157 1262 4209 C.
1314 4155 1413 4207 Th.
1460 4153 1526 4225 de
1551 4152 2043 4225 _Judic._cit_.,_qtta3

489 4221 845 4356 ggsmgtyoque
871 4226 997 4280 Jun.
1042 4225 1215 4280 habet.
1266 4225 1400 4277 Bell.
1429 4222 1585 4277 codd.
1609 4232 1662 4275 et
1682 4222 1801 4276 edd.
1820 4221 1932 4273 Jul.
1952 4222 2041 4287 24,

565 4341 578 4356 .
606 4319 633 4352 ὓ
730 4315 810 4350 (ιη.

565 4341 578 4363 ,
606 4315 671 4354 eo
691 4315 810 4351 Jan.

558 4359 582 4405 ί¹
605 4365 676 4423 ita
709 4368 939 4435 plerique
974 4364 1129 4420 codd.
1161 4372 1213 4419 ct
1237 4362 1382 4428 edd.;
1423 4361 1516 4417 sed
1556 4361 1649 4416 Be.
1681 4359 1768 4414 W.
1798 4359 1975 4415 Sirmii
1994 4366 2047 4414 et

488 4439 558 4495 20
587 4439 794 4493 Sirmia.

2122 1936 2351 2000 oportet,
2375 1938 2429 1985 et
2447 1933 2475 1961 ι·
2499 1930 2761 1999 autjustis
2783 1928 2922 1984 tradi
2942 1928 3192 1996 dominis,
3207 1937 3298 1983 aut
3318 1928 3562 1983 libertate
3585 1927 3691 1982 lrui

2122 2035 2241 2075 cum
2267 2019 2403 2075 lucis
2426 2018 2727 2076 auctoribus
2750 2029 2773 2057 ο
2801 2039 2816 2075 :
2838 2035 2956 2076 cum
2978 2036 3162 2076 eorum
3187 2021 3330 2075 nulla
3352 2020 3571 2090 propria
3591 2033 3689 2073 ve—

2121 2111 2298 2168 riorve
2322 2113 2490 2181 possit
2517 2128 2637 2168 esse
2669 2111 2908 2169 defensio
2938 2128 3094 2183 quam
3118 2120 3366 2168 matrum.
3393 2110 3515 2165 Dat.
3548 2109 3689 2179 prid.

2122 2201 2210 2255 Id.
2240 2202 2362 2257 Iun.
2383 2213 2411 2252 ι)
2434 2203 2627 2260 Sirmio
2650 2214 2700 2272 (ι,
2729 2203 2984 2259 Probiano
3013 2216 3059 2264 et
3093 2202 3307 2259 Iuliano
3342 2200 3484 2258 Cass.
3512 2200 3690 2273 (522.)

2703 2353 2769 2394 DE
2796 2354 3092 2393 ALIIEN'I'IS.

2193 2472 2332 2543 Imp.
2365 2471 2721 2527 Constantinus
2748 2470 2811 2525 Α.
2847 2470 3128 2525 Menandro
3322 2468 3694 2525 Provinciales

2124 2571 2357 2634 egestate
2377 2563 2545 2619 victus
2566 2572 2725 2633 atque
2745 2562 3007 2616 alimonia:
3032 2560 3207 2631 inopia
3231 2560 3535 2615 laborantes
3558 2558 3699 2613 libe-

2123 2667 2212 2707 ros
2236 2667 2361 2708 suos
2388 2653 2622 2708 vendere
2654 2652 2735 2707 vel
2760 2652 3109 2722 oppignerare
3138 2651 3499 2721 cognovimus.
3529 2649 3697 2716 Quis-

2124 2744 2242 2815 quis
2266 2745 2422 2814 igitur
2452 2742 2608 2814 hujus
2634 2744 2779 2798 modi
2812 2745 3126 2812 reperietur,
3154 2742 3245 2811 qui
3265 2742 3406 2796 nulla
3435 2740 3515 2796 rei
3538 2740 3699 2795 iami-

2126 2834 2279 2891 liaris
2289 2835 2578 2891 substantia
2598 2834 2756 2891 fultus
2772 2844 2873 2901 est,
2894 2834 3087 2905 quique
3104 2833 3299 2890 liberos
3316 2847 3439 2889 suos
3460 2848 3602 2904 aegre
3630 2848 3699 2890 ac

2127 3015 2244 3071 PF.
2302 3017 2396 3084 P.,
2436 3017 2574 3087 quod
2624 3016 2744 3073 edd.
2793 3014 3196 3087 vulg.-habent.
3242 3014 3337 3087 Ν.
3372 3029 3477 3087 ea).
3530 3021 3697 3087 ille};

2129 3099 2212 3142 tur
2248 3086 2403 3142 codd.
2445 3083 2542 3157 Bg.
2572 3083 2980 3157 Montispesfﬂ.
3019 3086 3107 3157 82.
3145 3086 3205 3138 Ρ.
3239 3084 3361 3139 add.
3392 3084 3565 3157 (Legis
3598 3083 3701 3139 IIII

2133 3154 2515 3240 Fragmentum)
2539 3168 2590 3240 et
2620 3158 2734 3240 .Pu.
2756 3154 3012 3240 Const._l.
3043 3154 3446 3240 Ιίξγιςιιζιεηιιιηι)ἶ

2201 3223 2386 3281 αἨὶιιυ
2414 3223 2599 3296 incipit
2624 3234 2828 3281 sextum
2860 3227 3041 3279 lolium
3063 3223 3702 3296 Taurineuse.-Quartam

2131 3306 2307 3351 autem
2349 3311 2468 3351 esse
2491 3294 2543 3351 bl
2578 3306 2615 3350 t.
2639 3306 2809 3352 const.
2844 3312 2906 3350 ex
2929 3311 2993 3349 eo
3034 3304 3206 3363 patet,
3240 3295 3377 3363 quod
3414 3294 3466 3347 in
3502 3308 3704 3363 aversa

2133 3363 2248 3421 lolii
2269 3373 2417 3435 parte
2440 3366 2820 3428 constitutioni,
2852 3382 2970 3435 quas
2987 3362 3271 3435 bucusque
3299 3363 3524 3435 secunda
3548 3362 3658 3435 tu_it
3680 3403 3700 3430 ,

2135 3432 2389 3490 numerus
2419 3435 2485 3490 Vl
2507 3438 2778 3505 appositus
2805 3432 2908 3490 esi.
2941 3433 3167 3505 Videtur
3190 3432 3335 3505 ergo,
3367 3442 3424 3505 ut
3445 3432 3553 3505 jam
3582 3433 3699 3487 Bac

2137 3507 2240 3559 tavi
2263 3506 2357 3575 cj.,
2389 3506 2525 3560 inter
2543 3501 2789 3574 quintum
2827 3514 2875 3557 ct
2906 3510 3111 3557 sextum
3146 3501 3321 3575 folium
3367 3502 3705 3558 Taurinense

2137 3572 2302 3628 unum
2326 3582 2523 3627 tantum
2568 3572 2747 3628 lolium
2785 3575 3034 3641 periisse;
3082 3572 3221 3641 quod
3273 3578 3464 3638 pm'ter
3515 3582 3708 3627 extre-

2136 3660 2274 3698 mam
2300 3641 2437 3696 tituli
2462 3645 2595 3697 sexti
2621 3638 2822 3710 partem
2851 3638 3151 3696 continebat
3175 3638 3377 3694 titulum
3406 3641 3706 3708 septimum

2138 3724 2189 3768 et
2217 3722 2323 3767 tres
2365 3715 2567 3781 priores
2608 3714 2661 3766 h.
2694 3725 2730 3766 t.
2773 3710 3176 3767 constitutiones
3206 3725 3305 3781 una
3331 3725 3448 3781 cum
3472 3710 3709 3781 exordio

2140 3784 2191 3836 h.
2217 3799 2264 3837 c.
2290 3777 2437 3837 —'P.
2480 3782 2715 3851 suppleti
2753 3782 2863 3837 vult
2908 3782 3147 3847 dixisset,
3193 3780 3342 3850 prob.
3385 3780 3548 3849 Bijdr.
3600 3777 3704 3835 W.

2142 3869 2290 3924 prop.
2316 3854 2611 3907 addixisset.

2211 3922 2237 3959 ι)
2262 3924 2321 3992 Ρ.
2349 3924 2513 3992 ﬂerat,
2543 3921 2813 3992 mendose.

2218 4002 2238 4029 ε
2264 3988 2412 4057 11³⁷1,
2437 3992 2493 4046 P.
2520 3992 2613 4045 Pu.
2636 4033 2650 4056 ,
2673 3992 2763 4045 sed
2786 3991 2843 4045 P.
2870 3990 2922 4044 in
2966 3998 3075 4045 not.
3116 3988 3277 4045 scribi
3317 3989 3427 4042 vult
3464 3988 3711 4059 quidam,

2143 4061 2282 4131 quod
2308 4080 2332 4114 a
2357 4061 2443 4116 W.
2463 4072 2735 4131 receptum
2758 4070 2839 4115 est
2858 4068 3047 4129 prmter
3070 4061 3454 4115 necessitatem.

2217 4135 2240 4175 ἀ
2269 4141 2340 4194 De
2369 4138 2433 4208 ej.
2460 4128 2543 4202 βά
2570 4128 2687 4192 nam
2711 4142 2761 4192 in
2782 4128 2900 4193 cod.
2928 4141 2948 4192 1
2980 4138 3077 4192 hoc
3099 4154 3148 4191 v.
3175 4137 3410 4191 avulsum
3433 4146 3532 4192 est.

2220 4209 2362 4281 {P.u.
2384 4207 2610 4281 omnibus
2634 4207 3035 4281 asscr(tio)nibus
3056 4209 3199 4262 etiam
3224 4208 3486 4274 ordinatis,
3514 4218 3717 4267 contra

2147 4278 2343 4333 codicis
2368 4281 2388 4332 1
2418 4278 2593 4333 tidem.

2224 4346 2241 4385 ί
2267 4348 2340 4402 lla
2363 4348 2421 4402 P.
2450 4349 2542 4403 Pu.
2568 4347 2655 4402 W.
2679 4348 2745 4403 dc
2784 4350 2885 4417 cj.:
2912 4365 3028 4402 nam
3060 4348 3110 4402 in
3134 4347 3251 4403 cod.
3290 4348 3314 4401 1
3340 4347 3538 4402 avulsae
3574 4358 3718 4404 sunt

2151 4418 2338 4471 littera:
2352 4436 2418 4487 qu
2434 4420 2483 4471 in
2507 4435 2555 4470 ν.
2576 4421 2674 4487 .qui
2706 4428 2757 4470 et
2778 4435 2861 4472 sen
2884 4421 2935 4472 in
2956 4435 3006 4471 v.
3029 4420 3338 4477 accidissent.
3361 4418 3499 4487 unde
3522 4418 3721 4487 Batavi

566 4484 959 4572 0vti-.lo'iii‘ninno,
991 4520 1097 4559 om.
1131 4503 1286 4557 Pro‘b.
1320 4514 1366 4557 et
1420 4502 1483 4557 15
1526 4499 1667 4555 Cosa.
1699 4500 2050 4571 explanatione
2154 4491 2191 4542 Ι·
2217 4503 2264 4541 C-
2292 4504 2341 4556 p.
2365 4484 2469 4570 ὅξδι
2495 4484 2795 4567 legi—volunt
2815 4490 2857 4541 si
2886 4491 3054 4572 cui—
3076 4499 3247 4572 partus
3288 4485 3721 4572 occidissetnsed

495 4594 591 4631 non
620 4578 825 4645 indiget.

568 4657 593 4693 Ρ
618 4647 707 4709 ‘20,
729 4640 877 4700 Sich.
904 4640 1259 4697 Contestatari.

568 4725 593 4763 (ι
624 4716 794 4769 Noun.
820 4713 1081 4775 codd.R.,
1108 4730 1215 4766 nec.

572 4794 592 4822 τ
624 4786 677 4849 ϐ,
704 4788 731 4837 7
759 4785 935 4854 poterit
963 4785 1047 4836 alii
1076 4782 1345 4851 paruerint.

572 4863 591 4889 ⁸
618 4858 649 4909 5
670 4857 843 4907 om.in
870 4854 940 4907 45
965 4856 1013 4905 in
1044 4869 1101 4905 eo
1129 4854 1258 4905 lites.

2072 4572 2125 4630 1)
2154 4555 2453 4630 necasario
2479 4575 2526 4610 v.
2552 4557 2859 4630 accessiones
2893 4558 3226 4613 referendum
3266 4568 3345 4611 est
3384 4555 3451 4609 ad
3486 4566 3678 4625 partus
3700 4598 3719 4624 ,

2153 4629 2375 4696 ideoque
2397 4629 2520 4695 leg.,
2547 4636 2603 4682 ut
2620 4627 2815 4682 editum
2838 4638 2939 4682 est.

2224 4706 2248 4743 ϐ
2274 4695 2302 4750 1
2326 4696 2384 4767 _P.
2410 4697 2504 4751 Pu.
2527 4699 2817 4762 adﬁrmant,
2843 4699 2995 4767 impr.
3018 4697 3130 4763 W.,
3170 4697 3257 4765 qui
3296 4711 3398 4752 em.
3422 4695 3720 4765 afﬁrmant,

2155 4767 2207 4820 in
2226 4765 2369 4839 natis
2392 4777 2563 4839 autem
2588 4783 2736 4839 prop.
2759 4765 3102 4839 adﬁrmarent.

2226 4834 2254 4871 h
2278 4835 2372 4907 llic
2394 4837 2573 4907 incipit
2591 4834 2640 4892 ο.
2662 4834 2733 4892 £2
2751 4834 2881 4892 Cod.
2920 4838 3051 4891 Just.
3078 4838 3192 4903 cit.,
3214 4851 3368 4906 quam
3388 4835 3486 4890 Go.
3511 4849 3641 4889 cum
3665 4849 3725 4889 c.

573 4925 591 4958 ί
625 4906 751 4978 aur.
782 4906 947 4992 Lugd.
980 4923 1197 4991 ricipiat.
1224 4921 1275 4986 7,
1302 4919 1370 4974 20
1386 4918 1645 4988 recipiant,
1672 4919 1763 4972 sed
1800 4919 1851 4972 in
1880 4916 2000 4971 cod.
2025 4916 2055 4968 7
2159 4907 2191 4960 5
2212 4914 2263 4992 cat
2284 4906 2391 4992 it.
2421 4916 2456 4960 t.
2482 4906 2962 4992 etiassandattresse
2986 4909 3214 4992 putabat.

499 5010 607 5050 sec.
638 5010 777 5047 man.
806 4994 1031 5060 recipiat.

573 5074 600 5101 υ
629 5064 876 5118 Nonnulli
906 5057 1085 5124 codd.,
1119 5068 1177 5114 ut
1202 5057 1272 5111 42
1293 5060 1411 5129 falsi
1437 5067 1603 5112 testes.

576 5145 601 5171 τ
632 5134 776 5186 Multi
804 5133 980 5191 COiiti.,
1008 5140 1064 5183 ut
1086 5130 1140 5195 9,
1165 5129 1233 5182 42
1255 5130 1528 5180 accusatio.

576 5214 599 5240 ι
636 5203 694 5257 11
729 5213 781 5256 et
813 5202 869 5255 F.
895 5202 927 5255 6
953 5200 1083 5265 Imp.
1114 5194 1607 5252 Constantinus—1’.
1638 5194 1702 5249 V.

574 5284 601 5323 γ
634 5274 689 5326 11
720 5288 913 5339 poenam
943 5270 1202 5322 multatur.
1271 5280 1279 5289 '

575 5353 597 5379 ι
630 5343 686 5396 11
712 5340 961 5395 om..lun.

578 5421 634 5449 ἰδ
666 5412 796 5465 Edd.
828 5410 1022 5462 Sirmii.

576 5481 633 5519 ιιι)
660 5482 719 5535 11
745 5480 863 5535 add.
897 5478 976 5532 Ea:
996 5477 1215 5545 Corpore
1242 5475 1595 5531 Theodosiani.

578 5562 631 5589 σο
663 5550 885 5603 Rubrica
917 5541 1189 5615 desumpta
1219 5557 1297 5601 est
1327 5562 1391 5615 es
1418 5547 1503 5599 Br.
1527 5546 1634 5610 AL,
1662 5559 1727 5615 ex
1749 5558 1852 5613 quo
1874 5541 2063 5597 transit

508 5624 556 5675 in
586 5621 732 5681 cdd.,
759 5619 814 5671 Ρ.
847 5626 1076 5685 except.,
1100 5612 1233 5685 ubi:
1264 5615 1341 5668 De
1364 5614 1630 5685 Libertatis
1656 5612 1839 5667 Causa.

575 5688 630 5726 δέ
658 5681 1049 5757 Ιηδρτίριίτιιιριιι
1082 5684 1205 5752 (sed
1237 5699 1343 5737 om.
1396 5684 1485 5752 A.)
1528 5684 1614 5738 W.
1645 5694 1774 5757 rest.
1819 5698 1884 5757 es
1924 5681 2055 5737 Cod.

506 5761 569 5816 Ju
601 5770 663 5830 t.,
709 5751 1032 5814 etnfautcm
1080 5751 1290 5823 propter
1337 5751 1505 5809 const.
1548 5768 1625 5823 sq.
1669 5751 1784 5806 PF.
1829 5751 1920 5819 U.,
1963 5768 2058 5823 pro

2238 4974 2251 5011 ί
2282 4974 2344 5027 Et
2366 4978 2475 5039 iure
2494 4978 2643 5030 deest
2663 4978 2712 5031 in
2734 4976 2865 5032 Cod.
2890 4974 3022 5031 Just.

2234 5044 2247 5115 ᾗ
2284 5045 2447 5115 Verbi
2473 5063 2624 5115 neque
2640 5048 2750 5101 ideo
2778 5077 2847 5088 -—
2885 5048 3111 5101 reuocari
3128 5045 3312 5100 desunt
3330 5044 3382 5097 in
3403 5042 3534 5098 Cod.
3565 5042 3726 5099 Just.

2231 5112 2258 5150 ¹ί
2278 5114 2407 5169 Cod.
2432 5112 2563 5170 Just.
2593 5119 2718 5171 Ante
2740 5134 2784 5171 υ.
2818 5118 2893 5170 lit.
2919 5128 2969 5171 et
2992 5132 3109 5172 mox
3131 5131 3222 5169 suo
3246 5131 3383 5171 nom.
3410 5128 3600 5167 ontnes.

2234 5181 2251 5220 ι
2278 5185 2302 5237 1
2328 5186 2478 5253 quiin
2514 5187 2666 5256 litem.
2689 5186 2844 5256 impr.
2870 5188 2926 5240 P.

2230 5262 2271 5290 ιη
2294 5256 2361 5308 Ita
2383 5258 2404 5309 1
2434 5254 2607 5319 etW.,
2623 5258 2713 5311 sed
2734 5254 2789 5310 PV.
2806 5258 2900 5311 Pu.
2916 5256 3121 5311 exCod.
3139 5255 3431 5312 Just.crunt
3446 5266 3652 5306 omnem
3671 5260 3733 5307 et

2166 5338 2273 5379 om.
2289 5326 2339 5397 in
2354 5323 2474 5379 Com
2480 5328 2627 5393 plecti
2642 5326 2842 5395 passiva
2855 5326 3233 5397 signiﬁcatione
3247 5340 3386 5395 sape
3401 5323 3595 5377 dictum
3612 5330 3733 5397 est.

2238 5392 2487 5467 “Comata
2524 5392 2672 5467 deest
2710 5398 2761 5450 in
2801 5392 2930 5451 Cod'.
2972 5397 3132 5464 .Iust.,
3173 5392 3492 5467 quamquam
3530 5407 3645 5445 non
3672 5392 3737 5447 in

2167 5467 2409 5519 omnibus
2428 5464 2557 5519 Cod.
2581 5465 2715 5523 Just.
2742 5468 2859 5521 libr.
2886 5482 3011 5521 mss.

2236 5543 2260 5569 ο
2283 5536 2413 5606 Cod.
2437 5535 2572 5606 Just.
2598 5553 2707 5606 cum
2729 5537 2825 5591 luc.
2851 5548 3044 5606 auctor.
3069 5536 3194 5606 fini,
3220 5534 3408 5606 etdcs.
3432 5547 3549 5601 sqq.

2233 5616 2260 5654 ρ
2280 5605 2410 5659 Cod.
2436 5605 2568 5676 Just.
2595 5605 2712 5676 Dat.
2744 5607 2877 5676 prid.
2902 5606 2989 5659 Id.
3016 5604 3169 5676 Julii,
3193 5616 3246 5660 et
3269 5604 3364 5676 de}
3406 5616 3522 5676 sqq.

2232 5686 2259 5725 (ι
2282 5678 2333 5737 1,
2360 5676 2417 5728 Ρ.
2444 5675 2636 5728 Sermio
2659 5670 2929 5728 Proviano.
2956 5676 3046 5728 Pu.
3074 5674 3285 5730 Sermii.
3317 5671 3377 5725 Ιί
3395 5670 3601 5726 tit-iano.

2234 5747 2255 5775 τ
2288 5745 2364 5802 cr.
2397 5744 2454 5800 c.
2485 5746 2582 5799 Th.
2615 5744 2748 5810 vnt,
2776 5745 2828 5811 5,
2856 5747 2908 5812 ιι,
2938 5755 3047 5799 ιιοι.
