3944 6218
227 292 325 346 249

1323 287 1495 343 DECll
1505 289 1635 344 ΕΤΛ
1678 288 1762 342 ΕΤ
1801 287 2392 348 CONSTITUTIONES.

3352 290 3459 347 250

231 412 618 473 tas,gestarum
661 419 848 459 rerum
869 412 892 438 ³·
916 403 982 456 ab
1001 401 1190 457 eodem
1215 404 1348 456 ratio
1377 413 1534 472 atque
1561 401 1586 438 ιι
1623 415 1781 455 omne
1810 406 1859 466 Α
1887 403 2076 459 Mart.“
2121 404 2451 458 Dessalonica
2472 403 2521 471 ιι,
2598 404 2783 459 Severo
2812 415 2856 458 et
2886 405 3070 473 itu/ina
3099 403 3244 458 Cass.
3276 405 3449 475 (325).

227 494 360 563 quod
407 494 697 549 debebitur
723 507 744 534 ο
790 504 1114 564 reposcatur,
1157 490 1266 548 utd
1300 496 1557 549 servitute
1607 494 1788 562 depul-

226 597 310 639 sus
330 594 375 647 ο,
417 584 507 652 qui
564 600 662 652 pro
712 586 927 640 domino
981 584 1244 655 quondam
1274 583 1290 622 ι
1321 584 1513 650 luerat,
1564 585 1784 654 habeat,

227 675 356 744 quod
371 685 600 730 utscrvo
613 676 820 729 domini
843 676 998 745 Sjure
1021 676 1234 744 largitus
1259 684 1360 737 est,
1377 685 1429 730 et
1447 672 1471 710 δ
1494 690 1608 744 quae
1630 690 1693 728 ex
1707 689 1787 728 ea-

227 784 333 824 rum
363 783 538 822 rerum
565 766 578 804 ί
611 779 823 838 quaestu
854 782 914 821 ac
935 768 1187 821 fructibus
1215 767 1490 820 conciliata
1518 766 1530 814 i
1565 775 1711 829 sunt,
1733 772 1788 818 et

229 875 336 928 qua:
359 860 383 896 ιι
411 861 475 914 de
499 859 722 914 furtivis
749 859 1079 928 compendiis
1101 858 1324 911 obscure
1353 854 1541 925 capta1
1577 871 1638 908 ac
1671 871 1787 924 par-

225 957 274 1004 ta
293 956 329 984 ⁸³
350 959 489 1014 sunt,
515 964 639 1002 cum
663 948 889 1003 liberum
918 962 1038 1002 esse
1063 962 1166 1002 non
1195 955 1454 1015 oporteat,
1479 945 1618 1014 quod
1646 943 1784 1012 apud

226 1051 422 1092 servum
441 1039 695 1092 dominus
711 1039 896 1106 peculii
917 1039 1127 1092 nomine
1147 1046 1173 1073 ιι
1201 1037 1574 1091 collocaverat.
1597 1035 1624 1105 §
1648 1035 1782 1089 (λεδ

224 1141 362 1192 vero,
387 1144 504 1198 qua:
545 1137 869 1183 testamento
910 1137 1003 1182 aut
1023 1138 1046 1164 ο
1070 1128 1352 1182 donatione
1374 1129 1592 1196 quaesita
1620 1137 1743 1182 sunt
1766 1168 1781 1192 ,

227 1230 308 1272 aut
328 1230 354 1268 P
374 1236 490 1286 qua:
523 1235 588 1274 ex
611 1235 797 1274 carum
813 1235 986 1274 rerum
1009 1219 1383 1275 emolumentis
1405 1229 1431 1267 ει
1457 1227 1636 1287 empta
1657 1233 1784 1273 con—

225 1311 451 1380 lectaque
484 1321 612 1365 sunt
637 1353 650 1374 ,
695 1313 866 1368 eidem
895 1315 1122 1382 ingenuo
1159 1313 1493 1382 deputentur.
1523 1311 1549 1383 ᾗ
1581 1313 1629 1364 7.
1654 1312 1782 1378 Quae

223 1409 386 1454 tamen
405 1402 656 1455 universa
686 1414 871 1456 exacto
894 1402 1154 1456 libertatis
1175 1403 1376 1472 judicio
1394 1403 1439 1467 ',
1469 1417 1572 1472 quo
1592 1412 1612 1438 ⁸
1638 1418 1666 1454 a
1697 1417 1783 1476 su-

223 1503 308 1558 pra
371 1489 524 1542 dictis
584 1492 748 1546 rebus
804 1492 1172 1546 discernuntur
1215 1490 1270 1556 ‘,
1340 1492 1394 1545 in
1453 1491 1710 1561 sequestri
1754 1501 1782 1529 ιι

221 1593 333 1634 esse
384 1590 638 1647 oportet,
709 1591 805 1647 ut,
871 1583 950 1636 his
997 1593 1024 1619 ν
1077 1582 1142 1635 ab
1191 1591 1415 1651 utroque
1466 1581 1702 1636 deductis
1752 1591 1778 1618 ι

221 1676 366 1738 atque
414 1668 464 1722 in
514 1670 695 1724 medio
757 1672 876 1739 jure
949 1673 1132 1726 locatis
1177 1681 1226 1734 γ,
1289 1677 1353 1724 ad
1414 1685 1593 1725 eorum
1657 1687 1778 1739 pro-

221 1759 483 1828 prietatem
525 1769 754 1832 uterque
805 1762 1089 1818 contendat

226 1975 288 2018 ta.
323 1983 340 2014 )
383 1963 649 2019 Caeterum
682 1966 787 2019 Ri‘.
814 1966 1034 2019 libertus.
1063 1965 1228 2018 Hicin
1251 1965 1382 2019 Cod.
1409 1964 1541 2018 Just.
1568 1979 1597 2018 e
1618 1979 1776 2034 supe-

225 2034 438 2088 rioribus
477 2035 602 2106 add.
646 2037 884 2104 quoniam
904 2046 948 2089 et
989 2037 1131 2106 ipsis,
1163 2037 1249 2106 qui
1280 2037 1356 2089 his
1393 2051 1496 2088 rem
1516 2038 1775 2089 commise-

225 2114 354 2168 runt,
387 2105 688 2157 medendum
715 2117 805 2159 est.

289 2183 313 2241 ε
336 2174 398 2227 19
427 2174 552 2226 add.
575 2185 746 2241 atque.

286 2240 312 2280 δ
343 2242 514 2302 10,18
535 2240 663 2296 add.
690 2246 798 2296 hoc.
834 2243 886 2304 6,
911 2245 940 2295 7
963 2260 1173 2296 omnem.

291 2324 308 2347 ε
332 2311 419 2376 14,
441 2313 530 2374 19,
562 2313 658 2376 20,
680 2314 810 2368 Cod.
834 2314 964 2367 Just.
990 2313 1211 2366 debetur.

287 2379 310 2417 δ
331 2381 422 2435 Go.
447 2384 514 2449 cj.
538 2392 605 2436 et.

291 2451 492 2520 $9,15,
537 2452 629 2516 19,
675 2451 803 2506 Cod.
845 2452 979 2506 Just.
1015 2453 1243 2520 depulsa.
1288 2452 1543 2508 Similiter
1579 2457 1695 2506 Bas.
1720 2463 1773 2508 et

228 2516 488 2590 Scholiast.
540 2520 613 2576 20
666 2523 884 2590 repulsa.
909 2522 953 2575 A
993 2516 1088 2576 Go.
1113 2522 1408 2575 defenditur
1429 2524 1661 2576 servitute
1685 2524 1771 2576 de-

227 2589 405 2655 pulsus.
429 2590 547 2642 Mihi
595 2589 766 2658 placet
804 2593 1034 2660 depulsa,
1076 2592 1212 2658 quod
1248 2608 1296 2644 ν.
1333 2593 1504 2659 aptius
1527 2596 1681 2646 estli.
1708 2593 1768 2656 l.,

226 2671 367 2727 quam
388 2661 648 2727 depulsus.

293 2725 397 2780 (20
415 2725 548 2796 quod
577 2732 746 2794 fuerat
777 2731 1147 2783 commendatus
1177 2730 1369 2782 habeat.

291 2806 312 2842 ε
336 2797 490 2862 6-8,
515 2800 604 2860 14,
640 2799 838 2863 16,17,
863 2799 952 2862 20,
976 2799 1078 2853 Til.
1104 2800 1263 2853 Ross.
1299 2801 1348 2852 in
1373 2814 1444 2852 tu.
1469 2798 1601 2852 Cod.
1626 2798 1763 2853 Just.

1959 494 2398 550 INTERPBETATIO.
2441 494 2611 548 Minor
2659 495 2906 560 venditus,
2953 495 2998 548 si
3049 504 3161 564 post
3199 496 3372 564 viginti
3411 505 3459 550 et

1886 587 2102 655 quinque
2127 587 2286 640 aetatis
2315 601 2423 640 sua:
2447 600 2626 646 annos,
2651 586 2762 653 jam
2791 588 2956 655 major
2987 583 3196 649 e/fectus
3217 596 3238 623 ε
3271 585 3455 638 ιενυὶεο

1887 679 1950 731 rit
1975 689 2062 731 aut
2097 680 2148 731 in
2178 678 2322 732 rebus
2356 678 2592 739 emptoris
2630 685 2768 729 actor
2805 686 2891 728 aut
2919 677 3181 748 cujuslibet
3210 676 3281 729 rei
3313 677 3454 730 ordi-

1887 778 2031 823 nator
2077 770 2225 838 fuerit
2261 768 2577 831 constitutus,
2605 783 2719 819 cum
2760 767 2821 820 de
2868 768 3170 836 ingenuitate
3211 783 3302 820 sua
3335 783 3454 837 pro-

1885 855 2239 922 clamaveritd,
2289 859 2396 909 sine
2437 856 2731 925 prejudicio
2776 856 3019 920 serritiic,
3060 856 3193 925 quod
3219 857 3445 927 gesserit,

1885 951 2146 1013 audiatur,
2197 965 2286 1002 nec
2314 949 2406 1002 hoc
2435 949 2480 1001 ei
2507 945 2861 1020 prazjudicium
2895 958 3108 1016 generet,
3139 948 3274 1016 quod
3314 950 3446 1017 ejus,

1885 1057 1916 1093 a
1942 1056 2040 1109 quo
2067 1050 2258 1105 emptus
2280 1050 2373 1103 est,
2405 1041 2605 1091 domum
2645 1048 2732 1091 aut
2771 1039 3010 1093 utilitates
3036 1040 3087 1092 in
3109 1041 3257 1092 annis
3284 1041 3449 1109 majo-

1884 1128 2066 1182 ribus’
2123 1130 2310 1199 positus
2356 1130 2487 1182 visus
2550 1138 2624 1181 cst
2671 1129 2947 1182 ordinasse.
3023 1128 3134 1182 Hoc
3184 1130 3332 1182 etiam
3385 1128 3448 1184 de

1884 1221 2074 1274 libertis
2101 1221 2181 1273 lex
2207 1222 2313 1273 haec
2351 1223 2584 1289 praecepit
2636 1221 2898 1286 custodiri,
2925 1231 2996 1287 ut,
3025 1223 3111 1290 qui
3155 1223 3286 1274 intra
3325 1238 3450 1289 qua-

1885 1311 2158 1364 tuordecim
2183 1327 2343 1364 annos
2373 1312 2557 1380 fuerint
2604 1312 2890 1364 manumissi
2914 1322 2937 1358 ις
2969 1323 3012 1364 et
3055 1321 3220 1364 actum
3261 1313 3312 1364 in
3339 1328 3448 1365 ma-

1878 1403 1990 1472 jore
2018 1411 2160 1454 aetate
2205 1403 2354 1470 positi
2379 1401 2622 1471 gesserint
2647 1411 2996 1467 patronorum,
3037 1401 3252 1454 libertati
3275 1416 3445 1454 eorum

1883 1504 2022 1546 actus
2072 1509 2170 1546 non
2219 1493 2511 1565 prajudicet
2562 1493 2830 1556 servitutis,
2881 1493 2967 1546 sed
3015 1509 3128 1546 cum
3177 1494 3441 1560 voluerint,

1882 1599 2000 1635 suas
2046 1593 2133 1635 aut
2170 1579 2280 1634 hde
2323 1583 2633 1651 ingenuitate
2673 1591 2758 1634 aut
2786 1584 2847 1634 de
2890 1581 3268 1651 ilibertinitate,
3310 1585 3444 1639 intra

1885 1682 2107 1742 tempora
2151 1673 2340 1742 legibus
2391 1674 2694 1736 constituta,
2745 1673 3001 1742 proferant
3050 1675 3287 1728 actiones.
3352 1674 3444 1729 Sic

1137 1772 1179 1814 ι.
1225 1761 1344 1816 Dat.
1399 1761 1521 1815 XV.
1565 1761 1783 1817 Kalend.
1815 1759 1861 1816 B
1888 1766 2058 1830 etiam,
2088 1766 2130 1818 si
2169 1766 2278 1834 quis
2307 1766 2470 1818 minor
2493 1767 2739 1833 ingenuus
2767 1782 2796 1817 η
2823 1766 3039 1834 quolibet
3066 1767 3215 1834 fuerit
3252 1767 3441 1820 educa-

1879 1863 1959 1908 tus
2009 1865 2074 1918 et,
2131 1856 2343 1908 liberum
2372 1871 2477 1909 esse
2525 1871 2576 1908 se
2623 1857 2865 1917 nesciens,
2923 1857 3072 1923 fuerit
3109 1872 3140 1910 α
3195 1857 3440 1919 nutritore

1878 1946 2179 1998 distractusi
2220 1955 2262 1998 et
2289 1956 2452 1997 actum
2479 1946 2555 1998 vel
2576 1947 2835 1998 utilitatem
2872 1945 3030 2009 illius,
3058 1963 3088 1998 a
3116 1962 3214 2014 quo
3240 1954 3436 2014 emptus

1877 2045 1968 2099 est,
1997 2044 2051 2086 ut
2089 2049 2259 2087 servus
2313 2037 2535 2104 gesserit,
2589 2036 2901 2102 priusquam,
2951 2034 3154 2103 triginta
3193 2049 3438 2087 annorum

1875 2125 2170 2194 praeiudicio
2220 2135 2460 2189 teneatur,
2517 2133 2805 2193 potestatem
2851 2124 3028 2177 habeat
3059 2121 3436 2191 reclamandi",

1875 2224 1922 2266 et
1973 2216 2116 2282 quasi
2157 2216 2318 2268 minor
2351 2216 2394 2268 is
2419 2255 2432 2277 ,
2484 2216 2770 2284 priusquam
2813 2223 3035 2282 tempora
3077 2214 3436 2285 suppleantur,

1873 2304 2110 2357 amissam
2145 2302 2390 2371 recipiat1
2423 2301 2716 2357 libertatem.
2750 2288 2997 2372 Quicquid
3031 2320 3143 2357 vero
3182 2305 3268 2356 ille
3288 2305 3380 2368 eis,
3407 2321 3439 2356 a

1872 2411 1970 2464 quo
2000 2397 2153 2464 empti
2182 2406 2316 2462 sunt,
2375 2396 2452 2448 vel
2495 2396 2699 2450 tradidit
2743 2397 2817 2448 vel
2846 2395 3048 2448 donavit
3083 2395 3159 2448 vel
3200 2412 3439 2465 quacum-

1872 2503 1966 2555 que
1989 2496 2026 2522 τη
2051 2503 2110 2540 ex
2139 2488 2208 2539 rei
2250 2502 2352 2539 sua:
2394 2485 2824 2538 administratimte
2868 2489 3097 2555 profecit,
3128 2495 3284 2538 totum
3309 2485 3402 2540 reti
3413 2515 3430 2528 -

1873 2579 2024 2630 nendi
2054 2595 2113 2630 ac
2150 2577 2410 2632 revocandi
2449 2577 2622 2628 habeat
2675 2585 2984 2644 potestatem.
3021 2576 3081 2630 Si
3102 2592 3215 2629 vero
3259 2577 3438 2648 hujus-

1871 2671 2006 2722 modi
2066 2673 2292 2735 personis
2335 2678 2360 2704 η
2391 2668 2583 2736 aliquid
2633 2686 2663 2720 a
2701 2669 3084 2736 quibuscumque
3133 2668 3276 2732 aliis,
3347 2675 3437 2721 aut

1871 2766 2160 2812 testamento
2200 2767 2286 2810 aut
2323 2759 2591 2810 donatione
2637 2759 2872 2810 collatum
2916 2767 3006 2820 est,
3054 2758 3107 2809 id
3137 2759 3300 2810 solum
3343 2757 3439 2810 sibi

227 2847 402 2928 ,πων
1865 2850 1974 2916 jam
2007 2847 2152 2930 liberi
2175 2848 2423 2900 vindicent
2447 2863 2466 2899 :
2495 2864 2614 2899 nam
2638 2848 2772 2916 quod
2816 2848 2877 2900 de
2906 2863 2959 2900 re
2987 2847 3187 2914 patroni
3232 2847 3438 2938 libertus

229 2929 547 2999 urbana-10,
574 2940 639 2990 18
657 2929 715 2990 ἀι
748 2929 1194 2992 s'ervosdominus.
1224 2939 1310 3000 15,
1336 2940 1399 2990 15
1431 2949 1484 2989 ut
1510 2954 1648 2990 servo
1670 2929 1770 2990 ὀσο-

229 3005 377 3058 minus
389 3006 515 3058 Cod.
535 3005 672 3062 Just.
693 3008 920 3060 dominii.
938 3007 1117 3062 Schol.
1133 3008 1251 3061 Bas.
1272 3008 1442 3063 δικαὶω
1455 3007 1764 3069 δεσποτείας.

230 3069 304 3144 ιν,
339 3086 504 3129 tuetur
528 3086 766 3134 nostram
795 3078 1126 3144 scripturam.

293 3141 317 3178 δ
353 3145 433 3206 10,
467 3146 530 3199 18
561 3145 773 3216 largitus
815 3141 961 3200 estin
991 3163 1043 3198 re
1080 3156 1244 3216 atque.
1279 3147 1342 3201 19
1371 3146 1582 3216 largitus
1608 3150 1768 3215 fuerat

228 3211 310 3319 hui
633 3285 752 3339 Ri'.
797 3299 902 3340 om.
934 3303 1122 3352 rerum,
1175 3301 1282 3341 err.
1331 3294 1468 3356 typ.,
1502 3290 1598 3340 sed
1645 3285 1770 3340 add.

230 3351 350 3418 apud
379 3353 458 3406 Ri.
492 3357 540 3406 in
577 3369 720 3408 corr.

297 3433 308 3494 μ
353 3421 646 3494 godJust.
679 3435 996 3494 congregata.

292 3487 313 3526 ί
348 3489 536 3559 Cottula
591 3494 741 3546 deest
774 3487 879 3546 vin'
915 3493 1158 3547 omnibus
1217 3493 1372 3547 codd.
1430 3503 1623 3562 praeter
1680 3495 1766 3548 15.

229 3557 368 3628 Deest
412 3557 568 3615 etiam
601 3565 651 3614 in
694 3562 814 3616 edd.
863 3563 1006 3617 Sicli.
1031 3591 1100 3602 —
1128 3562 1289 3628 Ri°.;
1343 3557 1445 3617 Bei
1469 3572 1598 3618 rest.
1631 3573 1676 3616 el
1704 3579 1767 3618 ex

227 3627 340 3701 Cod.
373 3629 504 3684 Just.
531 3649 544 3694 ;
574 3631 673 3685 ϐυ.
707 3633 774 3701 cj.
808 3649 1028 3700 qua'que.

291 3698 306 3735 ι
349 3701 429 3762 10,
461 3703 524 3756 18
555 3714 718 3754 cauta.

287 3776 320 3803 ⁸⁷⁵
356 3769 404 3834 9,
455 3771 539 3834 16,
594 3771 682 3832 19,
727 3770 812 3838 20,
861 3770 989 3825 Cod.
1038 3771 1170 3826 Just.
1219 3784 1411 3841 parata.
1465 3771 1531 3824 14
1563 3772 1766 3839 partita.

227 3834 286 3890 20
309 3853 443 3906 supr.
479 3841 571 3894 lin.
604 3834 829 3907 pervasa.

287 3917 307 3941 ιλ
360 3911 418 3963 10
446 3925 550 3962 om.
579 3913 794 3962 nomine.

287 3987 308 4010 υ
350 3978 425 4040 19,
459 3979 548 4043 20,
578 3978 713 4034 Cod.
744 3979 880 4034 Just.
910 3981 1004 4034 vel.

287 4055 310 4094 Ρ
345 4050 373 4101 9
407 4058 458 4100 ut
486 4065 616 4117 quae.

288 4126 307 4160 η
348 4117 377 4170 8
419 4130 504 4170 aut
550 4119 635 4181 qui
678 4134 740 4170 ea:
788 4119 1057 4172 earundem
1088 4121 1159 4174 rei
1198 4118 1348 4172 emol.
1380 4119 1450 4176 20
1475 4121 1766 4174 earundem.

223 4183 272 4247 li,
297 4187 324 4237 7
354 4190 618 4240 earundem
645 4191 734 4240 rei.

289 4256 392 4326 f7,
424 4261 474 4322 8,
523 4259 610 4320 10,
673 4256 756 4320 14,
814 4258 1074 4320 16—18,
1104 4259 1204 4312 Til.
1257 4267 1431 4311 exacto
1482 4258 1770 4326 liberalique

217 4322 319 4398 iud.
367 4326 398 4398 6
445 4343 490 4398 ε.
546 4327 857 4398 libertinique
895 4329 1016 4398 jud.
1049 4330 1082 4382 9
1117 4326 1250 4396 quod
1279 4339 1443 4398 tamen
1485 4322 1767 4398 fu._exactio

223 4393 514 4466 liberalitatis
557 4395 667 4455 iud.
701 4393 782 4450 21
809 4405 862 4449 el
895 4393 954 4449 ‘in
987 4412 1057 4449 m.
1100 4393 1215 4466 Cuj.
1257 4399 1376 4452 1—-
1399 4397 1516 4466 Cttj.
1549 4396 1612 4449 2“
1643 4398 1765 4450 libe-

219 4463 432 4516 ralitatis.
463 4466 565 4519 Go.
590 4467 642 4518 in
667 4474 775 4519 not.
807 4467 1136 4535 liberalijud.

284 4558 302 4582 "
340 4553 370 4606 9
396 4555 560 4617 quod;
593 4555 722 4623 item,
757 4555 841 4616 15,
873 4555 964 4609 sed
1004 4569 1110 4608 om.
1149 4572 1198 4608 a.
1225 4554 1295 4608 20
1320 4572 1436 4622 quia
1463 4572 1605 4623 supr.
1629 4554 1759 4608 Cod.

221 4615 338 4692 Just.
369 4615 631 4689 quatenus.
662 4622 749 4678 W.
778 4615 927 4684 dicit,
955 4640 1051 4687 quo
1083 4639 1176 4692 pro
1212 4615 1394 4691 quoad,
1433 4615 1588 4676 donec
1615 4625 1758 4692 poni.

220 4686 305 4742 Gn.
338 4686 425 4757 pro
452 4707 608 4759 usque
626 4708 722 4760 quo
747 4693 935 4760 accipit
957 4686 1039 4746 vel
1067 4686 1185 4760 poni
1210 4686 1320 4746 vult
1346 4694 1533 4761 quoad.

286 4782 300 4812 ί
343 4780 402 4832 15
434 4781 754 4833 discernitur.

279 4856 303 4883 α
342 4849 421 4914 15,
451 4849 580 4903 Cod.
611 4849 748 4904 Just.
792 4851 846 4903 in
873 4861 1144 4917 sequestro.
1187 4850 1256 4906 20
1301 4852 1435 4906 intra
1477 4851 1572 4906 lin.
1605 4855 1681 4906 vel
1708 4870 1763 4908 ro

219 4931 302 4974 res,
335 4919 442 4990 i_._e.
475 4931 730 4986 sequestro
756 4936 833 4990 res
863 4930 1077 4990 Oportet.

280 4996 301 5021 ν
334 4986 471 5058 Multi
501 4990 683 5051 codd.,
711 4989 856 5045 Sich.
887 4986 1003 5058 Cuj.
1040 4990 1225 5045 1—Ri.
1257 4990 1372 5044 hiis.
1405 4990 1469 5044 Ri
1491 4995 1526 5043 ‘.
1558 4991 1639 5045 iis.

280 5065 304 5092 ι
339 5055 432 5111 Go.
465 5058 536 5126 cj.
565 5059 805 5113 diductis.

279 5155 300 5192 θ’
342 5146 424 5200 W.
474 5165 595 5201 ann.
631 5166 644 5199 :
682 5167 701 5199 ‹
736 5149 960 5219 Vulgata
993 5151 1043 5203 in
1069 5149 1352 5204 Cod.Just.
1384 5151 1436 5203 in
1465 5151 1628 5203 medio
1655 5153 1761 5205 col-

219 5216 391 5281 locatis,
423 5233 528 5271 om.
581 5231 708 5270 voce
756 5216 884 5280 iure.
929 5220 1031 5274 Sed
1079 5229 1131 5273 et
1173 5219 1352 5275 Schol.
1410 5220 1569 5273 Basil.
1621 5221 1656 5272 Ι.
1706 5236 1754 5275 c.

219 5282 457 5359 habet,“
491 5290 628 5359 μέσῳ
680 5286 852 5359 δικαίῳ
881 5299 936 5343 et
962 5289 1138 5356 Cujac.
1179 5289 1433 5342 Observv.
1487 5288 1600 5352 XII,
1626 5290 1656 5343 b‘
1705 5291 1754 5343 in

219 5363 329 5427 vett.
360 5356 648 5427 Cod.Just.
703 5356 851 5411 libris
897 5360 948 5411 in
1002 5359 1165 5412 medio
1212 5361 1331 5427 jure
1386 5359 1486 5427 legi
1538 5368 1758 5414 testatur

219 5422 457 5546 ξὲιέἓιᾶιιιο
497 5426 648 5480 allert
694 5427 864 5481 locum
905 5429 1152 5483 similem.
1189 5422 1358 5482 {Mox
1386 5422 1458 5481 20
1483 5442 1628 5497 supr.
1658 5429 1750 5483 lin.

377 5511 419 5546 ε.

377 5511 419 5548 ε.

281 5592 301 5620 ⁸
328 5585 707 5660 _9_con_tendant_.
742 5587 828 5654 19,-
860 5587 931 5644 20
953 5593 1242 5646 concedant.
1292 5590 1473 5656 6—8,
1523 5591 1609 5660 10,
1659 5591 1746 5658 12,

223 5652 294 5720 11,
320 5656 398 5720 16,
428 5657 489 5710 18
512 5657 766 5712 concedat.

1870 2939 1944 2991 vel
1975 2939 2211 3004 emptoris
2267 2939 2533 3007 ingenuus,
2568 2939 2688 2990 dum
2733 2939 2956 3002 serviret,
2990 2938 3252 3006 profecit',
3289 2937 3438 2992 liber-

1871 3029 1962 3080 tati
1989 3028 2212 3081 redditus
2244 3028 2446 3082 libertus
2475 3039 2710 3098 patrono,
2764 3029 3008 3097 ingenuus
3052 3029 3263 3098 emptori
3289 3028 3436 3082 restio
3487 3093 3489 3095 ι

1795 3114 1838 3174 C
1873 3126 1997 3170 tuat.
2031 3115 2101 3168 Hi
2141 3132 2275 3182 uero,
2313 3117 2398 3185 qui
2426 3119 2519 3170 inp
2546 3119 2692 3170 annis
2719 3117 2991 3183 majoribus
3018 3117 3275 3170 constituti
3298 3126 3434 3184 sunt,

1874 3207 2080 3259 scientes
2130 3223 2183 3260 se
2231 3223 2334 3259 esse
2380 3207 2620 3276 ingenuos
2679 3208 2798 3260 vels
2851 3208 3123 3269 libertinos,
3188 3206 3233 3259 si
3291 3208 3436 3262 bendi

1875 3295 2223 3364 acquieverinl,
2270 3295 2322 3346 in
2366 3309 2444 3358 ea,
2487 3296 2552 3346 ad
2576 3305 2767 3364 quamr
2801 3295 3010 3348 scientes
3055 3311 3145 3349 sua
3183 3295 3438 3351 voluntate

1876 3392 2153 3450 transeunt,
2180 3383 2412 3437 servitute
2433 3393 2774 3452 permaneant.

1947 3524 1970 3551 ⁸
2009 3515 2063 3580 9,
2097 3513 2182 3576 15,
2214 3515 2298 3575 19.
2327 3515 2416 3575 21,
2451 3514 2537 3572 30.
2572 3515 2661 3580 35,
2687 3517 2773 3579 51,
2802 3515 2889 3578 50,
2921 3516 3007 3575 40,
3040 3514 3127 3577 44,
3158 3515 3276 3581 Cui.
3308 3515 3433 3570 2·-

1875 3584 1936 3637 Ri
1956 3588 1992 3636 ‘.
2026 3595 2078 3638 et
2101 3585 2150 3636 iu
2173 3600 2242 3636 m.
2273 3583 2415 3653 Sicli.
2449 3583 2564 3653 Cuj.
2599 3587 2618 3638 1
2647 3613 2714 3623 -
2737 3584 2899 3650 Lugd.
2927 3585 3049 3636 Jan.
3079 3584 3304 3639 27-29,
3333 3585 3421 3648 51,

1874 3654 1966 3718 42,
1998 3667 2045 3708 c.
2100 3655 2166 3706 10
2196 3653 2324 3707 Cod.
2376 3652 2631 3707 Just.’cit.
2680 3653 2771 3708 Be.
2819 3653 2979 3716 Jun.;
3032 3653 3121 3706 Bc.
3169 3655 3222 3706 in
3269 3655 3426 3710 inscr.

1872 3723 2078 3844 gqpqlni.
2108 3723 2218 3776 vult
2248 3721 2336 3791 Pf.
2388 3720 2452 3774 Ρ.
2502 3737 2596 3791 pro
2629 3721 2713 3792 ΡῙ.
2769 3721 2857 3787 υ.,
2891 3725 3044 3792 impr.
3079 3720 3164 3776 W.
3216 3723 3284 3778 35
3310 3722 3422 3778 Jul.

1973 3821 1986 3844 λ
2029 3809 2098 3844 ai.

1973 3809 2019 3844 Μ
2029 3809 2098 3844 αι.

1943 3860 1970 3897 b
2011 3861 2082 3914 lta
2132 3861 2369 3931 plerique
2412 3861 2600 3926 codd.;
2635 3863 2684 3914 in
2726 3876 3040 3931 uonnqpm.
3085 3860 3258 3915 Thess.
3288 3859 3425 3915 Rell.

1873 3926 2049 3982 Thess.
2080 3926 2169 3984 aut
2209 3926 2462 3991 Thessal.,
2509 3941 2564 3983 ut
2595 3931 2714 3985 edd.
2745 3941 2866 3984 ante
2891 3929 3002 3994 W.,
3036 3931 3121 3996 qui
3169 3932 3280 3997 ipse
3307 3943 3426 3984 cunt

1873 3999 2003 4069 god.
2037 3999 2173 4054 Jnst.
2224 4000 2606 4054 Thessalonicw.
2654 4001 2813 4055 Paulo
2859 4009 2975 4068 post
3019 3999 3216 4069 aliquot
3263 3998 3422 4054 codd.

1871 4067 2008 4136 Rufo
2038 4084 2130 4136 pro
2161 4071 2365 4132 Rufino.

1947 4148 1968 4176 ε
2007 4137 2165 4201 6-9,
2196 4139 2419 4203 19-21,
2452 4140 2536 4200 62,
2561 4137 2650 4200 ﬂ,
2676 4139 2762 4192 alii
2794 4138 2914 4191 add.
2939 4139 3000 4190 si.

1941 4204 1966 4243 ἀ
2007 4210 2057 4264 9.
2093 4209 2176 4272 10,
2209 4208 2271 4261 18
2299 4224 2403 4261 om.
2434 4208 3046 4276 constitutus—proclam.

1945 4285 1966 4311 ο
2007 4276 2148 4328 Sicli.
2178 4279 2446 4332 servitutis.

1946 4343 1964 4381 τ
2005 4345 2095 4409 20,
2126 4345 2189 4398 21
2224 4347 2274 4399 in
2304 4363 2373 4402 m.
2403 4348 2693 4401 minoribus.

1941 4423 1964 4460 ε
2003 4414 2173 4488 Noun.
2223 4416 2378 4470 codd.
2436 4434 2584 4482 quam
2635 4419 2742 4486 ejus
2793 4417 3175 4488 utilitatibus—
3204 4416 3430 4488 prtecipit

1791 4479 1844 4537 D
1867 4485 2116 4556 custodire
2165 4495 2249 4556 aut
2301 4487 2385 4555 qui
2412 4479 2478 4526 €—
2509 4479 3315 4556 fuerit'manumissus-L—gesserit
3358 4479 3430 4540 20

1866 4555 2132 4624 prapositi.
2168 4553 2320 4607 ldetn‘
2358 4553 2517 4624 paulo
2539 4566 2656 4622 post
2700 4556 2966 4624 patronum
2991 4556 3428 4624 (co‘rr.__patrono-

1864 4620 2419 4692 ruin)—prwiudicent.
2449 4620 2569 4692 Cui.
2607 4625 2661 4685 2,
2692 4620 2744 4678 2⁸
2778 4623 2908 4677 Xlll.
2943 4620 3036 4689 pro
3063 4621 3205 4677 XIV.

1934 4689 2279 4756 ll'6-—'-9,'20.
2309 4694 2371 4746 21
2414 4689 2660 4758 οηιίαυι,
2691 4695 2804 4747 sed.
2843 4692 2965 4747 add.
3001 4692 3053 4746 in
3083 4709 3154 4745 tn.
3183 4692 3303 4747 cod.
3335 4691 3423 4748 21.

1942 4760 1956 4797 ί
2002 4761 2070 4814 20
2091 4777 2196 4814 om.
2229 4762 2308 4814 de.

1938 4829 1953 4878 i
2002 4829 2172 4882 Nonn.
2196 4829 2349 4884 codd.
2381 4832 2624 4901 ingenuus
2653 4830 3127 4886 minor—liberum
3165 4848 3218 4886 se
3237 4847 3426 4886 esse—-

1865 4899 2135 4951 detractus.

1936 4965 1962 5040 ξι
1999 4969 2469 5040 2ορνρςιατηαηάὶ.
2507 4968 2624 5023 Mox
2652 4968 2713 5023 21
2746 4971 2891 5040 quasi
2924 4971 3132 5024 minoris
3156 4987 3207 5040 p.

1937 5034 1955 5075 Ῑ
1997 5037 2050 5099 6,
2081 5034 2132 5095 7.
2160 5037 2249 5100 20,
2281 5041 2343 5093 21
2375 5040 2635 5105 recipiant.

1930 5115 1969 5142 m
1998 5106 2161 5180 _6_—9,
2194 5107 2282 5180 20,
2310 5109 2400 5172 21,
2426 5109 2512 5173 42,
2539 5107 2608 5160 41
2637 5110 2708 5162 eis
2731 5109 3226 5180 ille—quaecumque.

1929 5183 1956 5210 ιλ
1994 5175 2064 5247 20
2100 5179 2314 5245 proﬁcer
2333 5209 2402 5218 —-
2422 5194 2650 5247 persona.

1931 5252 1955 5319 ξ’
1993 5244 2168 5319 Noun.
2201 5248 2356 5302 codd.
2392 5244 2739 5301 testamentum
2760 5257 2847 5301 aut
2875 5248 3282 5302 donationem—
3304 5266 3421 5319 pro-

1856 5313 1982 5382 ﬁcit.
2014 5313 2076 5367 21
2110 5318 2314 5370 libertis.

1925 5392 1952 5431 ι)
1991 5383 2106 5455 111⁸.
2142 5384 2190 5438 li
2220 5403 2334 5440 vero
2357 5389 2443 5455 qui
2469 5395 2522 5442 et
2548 5401 2654 5439 om.
2689 5387 2760 5440 in.

1926 5453 2060 5530 ego
2075 5455 2204 5530 add.
2234 5458 2326 5530 vel.
2350 5453 2542 5530 tif—lg,
2568 5456 2656 5530 18,
2683 5456 2768 5508 alii
2794 5455 3005 5530 codices
3033 5471 3140 5512 om.
3174 5459 3419 5530 ingenuos

1851 5521 1928 5574 vel
1947 5522 2034 5574 lib.
2068 5523 2121 5588 6,
2148 5527 2198 5588 7,
2243 5526 2331 5591 20,
2358 5528 2446 5587 21,
2476 5525 2618 5580 Sicli.
2646 5525 2699 5578 in
2736 5541 2806 5579 ut.
2834 5525 3053 5580 llbertos.

1923 5600 1945 5627 τ
1986 5591 2466 5671 20.nendenti—in
2488 5596 2666 5650 eadem
2692 5593 2810 5665 adq.
2837 5596 2902 5650 21
2937 5599 2982 5652 si
3011 5596 3289 5667 vendendi,
3321 5600 3415 5658 sed

1845 5659 1900 5719 in
1925 5676 1996 5716 tn.
2022 5678 2075 5717 se
2100 5662 2263 5719 vendi.
