3944 6218
264 282 357 338 285
1308 289 1615 345 DECRETA
1660 289 1744 344 ET
1773 288 2365 355 CONSTITU'I'IONES.
3363 308 3468 366 206

264 404 373 451 sunt
402 412 414 448 :
443 394 673 465 denique
703 399 749 452 si
776 399 869 466 qui
894 401 1103 468 capitali
1136 402 1392 456 sententia
1425 402 1637 457 minime
1666 402 1783 455 dam

1914 406 2213 474 γνωσθέντες
2243 408 2463 472 θάνατον,
2498 410 2733 483 στέρησιν
2772 409 3139 483 έδυστύχησαν
3164 423 3260 469 τῶν
3291 412 3468 472 ὅντων·

266 487 379 547 nati,
408 486 662 540 bonorum
708 498 882 543 tamen
907 489 1167 556 jacturam
1193 492 1589 547 sustinuerunt:
1624 494 1807 547 horum

264 576 477 629 omnium
501 576 867 636 hmreditatem
890 582 1145 650 proximis
1172 582 1599 651 trihuijuhemus.
1619 583 1800 647 Porro,

262 678 370 719 cum
395 666 533 736 leges
576 668 781 724 diserte
807 672 1117 739 praecipiant
1163 682 1221 725 ut
1259 687 1322 725 es
1360 666 1596 741 cognatis
1629 672 1804 739 proxi-

262 757 440 812 ntiores
480 760 849 816 hereditatem
866 763 1146 831 accipiant,
1186 763 1335 818 facile
1374 774 1456 818 est
1492 764 1804 831 dignoscere

262 851 451 903 cuinam
484 850 773 906 haneditas
807 852 1081 907 debeatur.
1123 852 1317 907 Adhazc
1358 852 1547 906 rationi
1575 866 1803 906 consen-

1912 496 2103 547 τούτων
2152 505 2257 555 τοῖς
2299 498 2424 571 πρὸς
2461 501 2632 569 γένους
2680 504 3044 575 προσνέμεσθαι
3093 507 3211 566 τοὺς
3256 507 3468 583 κλήρους

1910 587 2307 655 προστάττομεν.
2344 590 2542 649 πάντως
2569 589 2622 643 δέ
2657 588 3043 665 διαγορευόπων
3068 601 3165 646 τῶν
3184 595 3341 665 νόμων
3365 604 3465 652 τῶν

1907 674 2199 745 άγχιστέων
2249 678 2368 735 τοὺς
2417 679 2749 751 έγγυτέρους,
2799 679 2968 752 ῥᾴδιον
3016 680 3349 753 διαγινώσκειν
3390 683 3465 746 οἷς

1909 770 2251 837 προσήκουσιν
2286 770 2330 821 oi
2362 770 2551 844 κλῆροι,
2578 775 2658 823 καὶ
2691 768 2767 825 ὅτι
2796 768 2933 824 οὗτοι
2956 775 3080 826 κατά
3101 774 3241 844 λόγον
3268 778 3350 828 ini
3374 782 3462 834 τήν

1908 851 2151 923 διαδοχήν
2177 854 2351 909 Nam
2388 854 2478 921 ἂν,
2511 861 2653 932 οἷπερ
2688 857 2818 917 ἦσαν
2855 860 3165 936 οἰκειότεροι,
3196 865 3277 917 καί
3318 867 3465 923 αὐτο-

264 950 456 995 taneum
508 950 591 993 est
626 950 686 993 ut
718 941 753 995 ii
782 941 845 995 ad
871 946 1258 997 successionem
1287 945 1535 1007 veniant,
1561 942 1647 1010 qui
1680 955 1803 1009 pro-

263 1030 552 1099 pinquiores
577 1040 737 1085 erant
764 1030 948 1096 futuri,
978 1034 1020 1085 si
1049 1032 1121 1085 illi
1149 1046 1241 1085 sua
1268 1041 1437 1085 morte
1458 1031 1729 1085 obiissent.

1910 945 2051 1014 μάτῳ
2082 949 2415 1019 χρησαμένων
2435 951 2627 1004 έκείνων
2650 957 2723 1023 τῷ
2744 953 2887 1007 τέλει.

601 1136 669 1174 υτ
691 1135 1083 1175 ιιεῑιιῑιειιτιηυε
1101 1135 1351 1175 COGNATIS
1370 1134 1613 1174 ECCLESIA
1631 1132 2017 1173 ιιεῐιεῐιιτιτειι
2037 1134 2243 1185 ΕΑΡΙΑΤ,
2265 1137 2433 1184 υτοιιε
2454 1139 2654 1179 ιειιΑτΑ
2675 1139 2829 1179 ΗΠΙΑ
2850 1142 3112 1183 ΜΔΝΕΔΝΤ.

326 1228 429 1267 sui.
452 1211 601 1278 Quod
624 1214 669 1266 si
691 1213 866 1266 nullus
892 1220 1144 1281 cognatus
1169 1212 1396 1279 supersit
1424 1210 1510 1278 qui
1544 1220 1695 1277 prout
1720 1224 1801 1262 ra-

266 1303 381 1357 tioni
405 1310 821 1357 consentaneum
853 1312 933 1355 est
968 1300 1325 1355 hzercditatem
1356 1308 1596 1366 capessat
1622 1312 1803 1352 eorum

1980 1223 2091 1264 xm.
2123 1213 2177 1264 Ei
2202 1211 2253 1265 δέ
2274 1219 2372 1265 τῶν
2396 1215 2683 1284 ἆγχιστέων
2716 1214 2886 1283 μηδείς
2910 1218 3227 1275 ὑπολείποιτο
3251 1221 3460 1291 μηδενός

1906 1308 2004 1352 τῶν
2042 1305 2405 1376 προειρημένων
2431 1308 2557 1358 κατά
2582 1304 2719 1377 λόγον
2755 1300 2813 1357 ἂν
2838 1309 3089 1379 γενόμενος
3125 1311 3421 1382 κληρονόμος
3440 1353 3457 1377 ,

261 1410 383 1465 quos
399 1409 553 1463 supra
581 1396 895 1459 memoravi,
923 1403 1206 1463 martyrum
1237 1392 1506 1447 scilicetct
1534 1391 1787 1444 confesso

1907 1394 2030 1458 μήτε
2049 1400 2148 1445 τῶν
2166 1397 2437 1467 μαρτύρων
2460 1398 2601 1466 φημί,
2623 1401 2746 1466 μήτε
2768 1404 2863 1451 τῶν
2884 1396 3308 1469 ὁμολογησάντων,
3334 1410 3459 1472 μήτε

263 1498 387 1548 rem,
416 1494 505 1536 aut
531 1485 743 1539 illorum
772 1485 860 1554 qui
889 1484 956 1536 ob
978 1482 1276 1552 huiusmodi
1302 1491 1512 1536 causam
1545 1496 1609 1535 ex
1640 1482 1801 1548 patria

262 1574 601 1643 migraverunt
625 1613 641 1639 ,
675 1574 929 1643 cujusque
967 1574 1063 1627 loci
1099 1572 1385 1626 Ecclesiam
1438 1570 1797 1624 ltznreditatem

262 1663 395 1717 adire
442 1662 807 1722 decernimus.
851 1677 946 1717 nec
992 1660 1251 1715 defunctis
1297 1661 1476 1728 utique
1522 1659 1799 1714 molestum

259 1750 382 1816 erit,
421 1752 464 1805 si
494 1752 644 1822 cujus
691 1753 856 1821 gratia
903 1751 1101 1804 nullum
1148 1765 1248 1803 non
1293 1750 1575 1803 discrimen
1622 1749 1800 1801 subic-

1904 1488 2001 1534 τῶν
2036 1487 2274 1551 μετοίκων
2302 1493 2398 1538 τῶν
2438 1486 2519 1539 ἰπὶ
2554 1494 2614 1556 τῇ
2640 1485 2849 1561 τοιαύτῃ
2883 1491 3235 1557 μεταστάντων
3262 1495 3457 1565 προφά-

1905 1592 2013 1636 σει,
2046 1577 2075 1632 ἡ
2115 1576 2220 1629 καθ’
2249 1577 2494 1635 ἑκάστους
2525 1579 2601 1631 eisi
2634 1579 2820 1639 τόπους
2850 1580 3084 1636 ἐκκλησία
3126 1581 3458 1652 διαδέχεσθαι

1902 1665 2137 1734 τετάχθω
2177 1668 2261 1720 τὸν
2302 1667 2495 1739 κλῆρον’
2537 1669 2625 1720 οὐκ
2664 1666 2807 1721 ἔσται
2844 1666 2896 1722 δέ
2934 1674 3083 1722 τοῦτο
3106 1671 3305 1731 πάντως
3347 1672 3458 1727 οὐδέ

1902 1758 2012 1812 τοῖς
2036 1754 2306 1809 ἀπελθοῦσι
2336 1757 2466 1830 βαρὺ
2484 1798 2495 1815 .
2526 1755 2664 1831 εἴπερ
2690 1756 2745 1817 ἧς
2769 1756 2909 1811 ἕνεκα
2945 1762 3133 1819 πάντας
3171 1762 3456 1820 ὑπέστησαν

259 1848 408 1905 runt,
438 1856 553 1896 eam
608 1843 740 1909 ipsis
790 1840 1047 1895 hatredcm
1098 1840 1291 1894 habere
1337 1842 1622 1909 contingat.
1668 1836 1787 1892 illud

1900 1843 2101 1907 πόνους,
2130 1846 2418 1922 κληρονόμον
2443 1849 2706 1918 ιύτυχοίεν
2730 1850 2936 1906 ταύτην.
2959 1854 3250 1925 προκεῖσθαί
3269 1872 3322 1923 γε

256 1945 449 1999 quoque
479 1931 790 1985 necessario
815 1930 1161 1999 adjiciendum
1189 1940 1270 1983 est
1294 1970 1308 1991 ,
1338 1940 1393 1981 ut
1420 1930 1462 1980 si
1505 1929 1591 1997 qui
1616 1943 1678 1982 ex
1709 1943 1796 1981 su-

253 2034 335 2089 pra
357 2024 665 2075 memoratis
691 2018 890 2089 aliquid
920 2019 987 2073 de
1014 2019 1167 2073 bonis
1216 2018 1325 2072 suis
1374 2017 1593 2071 cuilibet
1639 2019 1800 2072 dona-

254 2109 442 2173 verint,
469 2112 516 2165 ei
547 2110 848 2165 dominium
872 2152 887 2176 ,
921 2119 1074 2179 prout
1098 2123 1303 2178 :rquum
1330 2118 1439 2173 est,
1464 2109 1667 2163 firmum
1717 2126 1801 2163 ra-

252 2206 453 2269 tumque
494 2210 827 2269 permaneat.

1899 1939 2166 2008 ἀναγκαῖον
2195 1943 2275 1993 καί
2315 1939 2447 2002 τόδε,
2476 1944 2542 1999 ὡς
2570 1946 2666 1995 τῶν
2693 1944 3056 2016 προειρημένων
3098 1941 3147 1994 εἴ
3172 1963 3299 2002 τινες
3340 1942 3457 1998 ἐδω-

1899 2030 2117 2101 ρήσαντὸ
2143 2053 2191 2085 τι
2215 2038 2313 2086 τῶν
2337 2028 2489 2086 ὄντων
2518 2028 2588 2091 οἷς
2618 2032 2875 2085 έϐούλοντο
2896 2072 2908 2095 ,
2936 2034 3132 2092 τούτοις
3154 2038 3242 2091 τήν
3274 2030 3456 2088 δεσπο-

1900 2122 2031 2173 τείαν
2056 2118 2251 2191 εὔλογον
2276 2124 2451 2195 κυρίαν
2474 2123 2658 2191 μένειν.

606 2285 685 2324 υτ
704 2286 785 2332 QUI
805 2282 1084 2324 ιιωῠειιοιιι
1103 2282 1255 2334 ιοω,
1279 2283 1443 2333 δοες,
1462 2282 1662 2325 ιιοιιτοε
1678 2282 1787 2325 OCCI

1897 2282 2088 2337 ιειιιιιτ,
2113 2290 2177 2327 ελ
2201 2286 2544 2335 ιιεετιτιιειιτ,
2568 2286 2818 2327 εκοειιτιε
2836 2286 3138 2327 FBUCTIBUS.

312 2375 416 2415 xiv.
449 2360 647 2426 Porro,
694 2370 748 2415 ut
782 2363 830 2415 in
872 2370 1134 2431 precepto
1162 2368 1342 2415 nostro
1383 2360 1527 2413 nulla
1556 2360 1803 2429 ambages

248 2460 502 2519 appareat.
529 2451 628 2506 sed
659 2450 874 2505 cuilibet
897 2451 947 2505 in
972 2459 1213 2519 promptu
1236 2451 1305 2504 sit
1330 2448 1381 2503 id
1402 2449 1541 2518 quod
1560 2448 1693 2517 juris
1718 2457 1802 2503 est

248 2552 583 2607 pernoscere,
639 2554 829 2595 omnes
868 2538 1193 2608 intelligant,
1234 2539 1345 2593 sive
1390 2537 1643 2603 fundum,
1685 2538 1797 2591 sive

247 2629 407 2694 aedes,
436 2631 547 2684 sive
576 2631 793 2683 hortum
814 2669 829 2693 ,
857 2629 971 2683 sive
1000 2628 1137 2681 aliud
1165 2629 1288 2697 quid
1330 2642 1396 2683 ex
1423 2628 1574 2681 bonis
1612 2642 1793 2682 eorum

246 2730 367 2786 quos
390 2734 545 2787 supra
593 2718 884 2772 memoravi
915 2718 1186 2781 detinent,
1237 2727 1381 2771 recte
1420 2726 1575 2787 atque
1610 2717 1793 2771 ordine

1970 2378 2075 2416 XIV.
2097 2360 2267 2424 Ὀπως
2284 2362 2337 2417 δέ
2356 2368 2424 2433 μή
2451 2361 2504 2417 δέ
2528 2363 2683 2421 πλάνη
2706 2382 2781 2422 τις
2801 2364 3079 2433 έμφαίνοιτο
3102 2368 3174 2437 τῷ
3196 2367 3452 2439 «Pw-“17-

1898 2473 2039 2521 ματι,
2080 2451 2183 2504 ἀλλ’
2204 2451 2400 2520 ἕτοιμον
2422 2446 2452 2525 ᾖ
2471 2452 2526 2504 τὸ
2550 2450 2734 2505 δίκαιον
2760 2457 2889 2505 πᾶσι
2912 2455 3182 2524 γινώσκειν,
3210 2452 3451 2508 ίδέτωσαν

1898 2542 2137 2606 ἅπαντες,
2165 2540 2214 2595 ετ
2227 2562 2278 2597 τε
2298 2544 2488 2615 χωρίον
2505 2581 2519 2605 ,
2539 2540 2812 2605 εἴτόίκίαν,
2839 2540 2942 2595 εἴτε
2958 2551 3130 2605 κῆπον,
3153 2540 3203 2595 εἴ
3212 2563 3263 2596 τε
3280 2544 3448 2619 ἕτερόν

1895 2654 1944 2688 τι
1968 2641 2065 2689 τῶν
2086 2634 2450 2708 προειρημένων
2469 2635 2730 2702 κατέχοιεν
2748 2672 2762 2697 ,
2794 2636 2934 2687 καλὸν
2968 2637 3052 2686 καί
3076 2634 3327 2695 λυσιτελές
3353 2636 3445 2689 αὖ·

1893 2731 1994 2782 τοῖς
2033 2719 2153 2776 εἶναι
2186 2725 2268 2774 καί
2304 2720 2558 2792 ὁμολογεῖν
2596 2722 2767 2782 αὐτοῖς
2805 2724 2887 2774 καί
2926 2723 3310 2777 ἀποκαθιστάναι
3355 2726 3449 2777 σὺν

247 2821 433 2861 seesse
461 2808 729 2870 facturos,
758 2808 802 2861 si
832 2807 1034 2876 seipsos
1078 2806 1217 2860 ultro
1258 2806 1529 2870 deferant,
1578 2816 1631 2860 et
1675 2821 1783 2861 rem

1897 2816 2027 2882 πάσῃ
2055 2820 2116 2881 τῇ
2144 2821 2417 2881 ταχυτῆτι.
2448 2810 2521 2865 διὸ
2550 2814 2592 2863 εί
2630 2813 2710 2864 καί
2749 2812 2813 2865 τά
2842 2812 3059 2879 μάλιστα
3096 2820 3280 2883 φανεῖὶν
3321 2832 3451 2872 τινες

244 2893 434 2964 absque
474 2896 581 2949 ulla
637 2896 890 2950 dilatione
934 2898 1233 2950 restituant.
1280 2894 1357 2949 Ac
1403 2897 1610 2950 tametsi
1654 2911 1787 2950 non-

245 2987 360 3040 nulli
376 2986 783 3056 haudquaquam
805 3002 868 3041 ex
885 2986 1023 3055 justa
1042 2987 1389 3055 possessionis
1403 3002 1559 3041 causa
1575 3002 1791 3058 magnos

246 3074 429 3133 fructus
454 3093 641 3133 earum
674 3093 849 3132 rerum
891 3078 1190 3147 percepisse
1239 3076 1541 3145 videantur,
1588 3094 1679 3135 eos
1708 3089 1785 3134 ta-

245 3175 355 3215 men
380 3160 582 3216 fructus
610 3161 683 3215 ab
714 3160 817 3216 illis
847 3161 1009 3231 repeti
1044 3162 1259 3217 minime
1306 3178 1513 3232 mquam
1562 3164 1788 3219 arbitra-

247 3263 373 3303 mur.

1892 2904 1941 2967 έξ
1970 2905 2127 2956 αὐτῶν
2155 2902 2253 2955 ἀπὸ
2292 2910 2381 2960 τῆς
2416 2902 2472 2953 οὐ
2501 2900 2692 2960 δικαίας
2716 2898 3014 2960 δεσποτείας
3051 2902 3207 2956 πολλά
3245 2921 3452 2973 καρπω-

1895 2997 2131 3063 σάμενοι,
2158 2997 2241 3046 καί
2274 2994 2496 3065 γενέσθαι
2535 2993 2723 3045 τούτων
2766 2995 2853 3048 τὴν
2899 2992 3171 3051 ἀπαίτησιν
3212 2995 3353 3063 ἡμεῖς
3394 2994 3451 3048 οὐ

1895 3085 2087 3143 δικαίαν
2116 3089 2358 3159 κρίνομεν.

1237 3360 1477 3408 ουοιιουο
1494 3363 1653 3403 SUPER
1672 3365 1752 3406 HIS
1774 3362 2015 3406 LIBSLLOS
2034 3360 2154 3402 DAN
2174 3359 2467 3401 OPORTEA'I'.

307 3448 387 3489 xv.
406 3434 604 3489 Verum
633 3435 732 3504 ipsi
761 3432 897 3493 unde
924 3442 977 3489 et
1004 3442 1229 3504 quantos
1255 3436 1451 3490 fructus
1477 3438 1786 3508 collegerint

1956 3453 2061 3492 ιγι.
2090 3433 2261 3507 Ὀμως
2283 3455 2339 3506 γε
2355 3439 2452 3503 μὴν
2476 3436 2615 3488 αὐτοὶ
2630 3431 2794 3490 ὁπόσα
2808 3452 2861 3489 τε
2888 3436 2972 3487 καί
2999 3431 3171 3490 ὁπόθεν
3188 3438 3447 3503 συνέλεξαν

1586 3567 1853 3625 VALESII
1888 3567 2113 3624 NOTE.

305 3677 697 3749 Διαγορευόντων
733 3682 829 3749 τῶν
849 3674 1006 3749 νόμων
1031 3682 1128 3729 τῶν
1164 3677 1452 3749 άγχιστίων
1486 3679 1603 3735 τούς
1644 3679 1788 3747 ἐγγυ-

243 3746 423 3819 τίρους.
445 3746 510 3801 ἰιι
538 3746 957 3819 successionibus
982 3746 1361 3819 intestatorum,
1393 3748 1470 3799 lex
1493 3746 1786 3819 proximum

242 3813 486 3882 quemque
513 3830 578 3867 ex
609 3815 812 3881 agnatis
836 3814 898 3865 ad
924 3813 1281 3882 haereditatem
1310 3824 1477 3873 vocat,
1506 3814 1548 3867 si
1574 3816 1653 3867 sui
1684 3816 1787 3869 hrc—

244 3882 384 3936 redes
409 3881 701 3943 defuerint,
734 3890 791 3933 ut
817 3882 967 3935 docet
1006 3881 1167 3935 Gaius
1198 3882 1245 3933 iu
1274 3882 1683 3936 lnslittttionibus
1722 3885 1786 3937 ti-

244 3952 339 4003 tuto
356 3950 562 4005 decimo
584 3961 756 4004 sexto.
781 3952 909 4003 llinc
930 3952 1098 4017 agnati
1126 3951 1335 4017 legitimi
1365 3951 1583 4004 heredes
1604 3952 1784 4005 dicun-

244 4026 318 4084 tur
337 4021 384 4071 in
401 4022 538 4084 jure.
563 4036 628 4073 eo
650 4019 786 4084 quod
806 4019 884 4071 his
900 4019 1026 4071 solis
1050 4019 1127 4071 lex
1150 4019 1375 4072 deferret
1397 4020 1778 4075 hmreditatem.

240 4083 443 4153 Cognati
482 4088 624 4140 enim
650 4083 768 4153 jure
794 4087 936 4139 civili
969 4088 1201 4140 lucrcdes
1227 4102 1343 4141 esse
1378 4105 1477 4140 non
1507 4100 1745 4156 pOIeruttl
1765 4133 1778 4156 ,

240 4158 322 4206 sed
341 4156 457 4221 jure
477 4167 682 4208 tantum
704 4156 949 4221 prseterio
971 4156 1033 4206 ad
1060 4155 1415 4209 lucreditatetn
1444 4155 1778 4222 vocabantur,

240 4223 305 4274 uti
321 4224 903 4293 docentjuriscunsnlti.
925 4223 1087 4293 Porro
1103 4224 1152 4274 iu
1171 4226 1423 4293 cttgttatis,
1444 4224 1487 4275 is
1503 4227 1586 4291 qui
1604 4229 1785 4293 proxi-

238 4306 344 4344 mus
364 4304 473 4345 erat
505 4292 863 4345 [nereditatem
886 4291 1142 4358 capiebat,
1170 4292 1381 4356 perinde
1410 4302 1463 4343 ut
1490 4295 1537 4343 in
1560 4291 1779 4359 agnatis,

238 4361 321 4413 sed
344 4362 629 4414 difﬁrultas
657 4369 737 4413 est
766 4360 864 4413 hoc
892 4361 1036 4422 loco,
1059 4362 1267 4427 quinam
1312 4361 1525 4429 intelligi
1557 4363 1781 4429 debeant

239 4432 517 4500 ἁγχιστέων
551 4431 797 4483 vocabulo
820 4470 833 4490 ,
867 4438 1033 4500 utrum
1078 4422 1248 4496 agnati
1278 4444 1343 4481 an
1373 4422 1595 4497 cognati.
1630 4422 1781 4485 Certe

236 4498 473 4566 si'tegum
508 4500 718 4551 umniue
763 4500 901 4566 leges
948 4498 1011 4549 12
1059 4499 1344 4550 tabularum
1396 4500 1775 4565 intelligamus,

237 4576 444 4632 agnatos
476 4581 693 4619 necesse
718 4568 817 4620 erit
861 4568 1098 4634 intelligi.
1138 4566 1458 4621 Sozomenus
1485 4567 1634 4621 habet
1675 4578 1778 4628 τοῖς

237 4636 477 4709 ἐγγυτέρω
508 4638 701 4709 γένους,

299 4702 385 4757 sai
404 4702 595 4758 ’ὄτι.’1ιι
618 4702 796 4756 codice
819 4705 976 4771 Regio
1000 4704 1187 4773 legitur
1209 4710 1291 4759 καὶ
1315 4703 1406 4766 ἔτι,
1436 4720 1587 4771 quam
1614 4704 1780 4773 scrip-

237 4779 396 4824 turam
429 4776 479 4825 in
522 4774 948 4838 interpretatione
976 4790 1087 4827 mea
1118 4790 1231 4826 sum
1262 4784 1492 4827 secutus.
1524 4774 1672 4826 Prius
1704 4787 1774 4827 ta-

238 4854 350 4893 men
382 4842 431 4893 iu
480 4856 544 4895 eo
574 4842 753 4895 Codice
787 4845 1034 4908 scriptum
1068 4854 1179 4895 erat
1218 4842 1320 4907 ὅτι,
1353 4857 1412 4896 ac
1456 4843 1643 4895 deinde
1692 4858 1775 4896 re-

234 4911 462 4963 centiore
494 4926 647 4961 manu
674 4912 1007 4963 emendatum
1039 4921 1116 4963 est
1141 4911 1232 4965 in.

300 4980 453 5055 Οἶπερ
482 4976 608 5036 ἦσαν
636 4984 730 5055 mi
746 4982 1053 5055 οἰκειότεροι,
1102 4984 1198 5055 καί-
1224 4984 1485 5050 αὐτομάτῳ
1515 4984 1779 5055 χρησαμέ·

234 5068 321 5124 νων
353 5048 544 5124 ἐκείνων
564 5056 635 5118 τῷ
663 5050 803 5124 τέλει.
841 5050 892 5101 Ιιι
936 5048 1113 5124 codice
1155 5048 1397 5124 Medium)
1428 5048 1611 5116 legitur
1626 5048 1776 5124 _oir_rsp

232 5111 351 5189 ᾖσαν
379 5111 681 5189 οἰκειότεροι.
700 5118 811 5189 ΔΕδι
831 5127 1009 5189 autem
1024 5116 1301 5189 admodum
1339 5111 1587 5171 obscurus
1614 5111 1777 5189 ltujujs

234 5182 329 5235 loci
352 5200 566 5253 sensus.
584 5182 1093 5253 'tjhristophorsmtus
1121 5186 1331 5253 qttidcm
1383 5188 1447 5237 ita
1497 5182 1775 5239 vertitz'Et

229 5252 578 5316 quadrationis
605 5255 751 5305 etiam
778 5264 966 5323 oportet
996 5271 1076 5307 eos
1116 5254 1402 5317 succedere,
1446 5256 1531 5321 qui
1559 5255 1655 5306 sint
1682 5256 1772 5307 do-

230 5323 427 5373 mestica
451 5324 804 5375 consuetudine
831 5324 1221 5391 conjunctiores,
1250 5333 1438 5374 constat
1463 5340 1473 5373 :
1502 5325 1772 5391 pm'sertim

228 5404 335 5441 cum
354 5391 432 5442 illi
457 5392 555 5458 ipsi
583 5402 823 5457 martyres
842 5431 854 5452 ,
876 5407 973 5443 non
1003 5392 1225 5443 criminis
1248 5393 1399 5443 ullius
1425 5394 1655 5454 convicti,
1684 5393 1771 5443 sed

226 5473 313 5511 sua
355 5460 548 5511 inducti
586 5463 835 5511 voluntate
872 5470 1076 5511 mortem
1106 5461 1449 5526 oppetiverint.
1478 5461 1579 5517 Sed
1610 5460 1769 5512 multa

225 5535 344 5580 sunt
370 5528 421 5579 in
471 5527 567 5580 hac
618 5528 1044 5592 interpretatione
1098 5528 1547 5596 reprehendenda.
1594 5528 1772 5581 Primo

226 5596 361 5652 etum
404 5598 685 5667 αὐτόματον
727 5597 861 5654 τέλος
909 5596 973 5649 de
1026 5598 1339 5667 martyribus
1382 5596 1484 5650 dici
1528 5610 1630 5651 non
1675 5610 1772 5662 p0-

640 5687 907 5743 Pnnon.
967 5686 1103 5747 VIII

1804 4474 1856 4532 D

1896 3684 2013 3753 test.
2050 3674 2245 3753 [_)eind_e
2274 3675 2469 3753 non_de
2497 3676 2623 3753 solis
2663 3678 2978 3753 martyribus
3002 3678 3087 3733 hic
3120 3696 3298 3753 sermo
3325 3700 3400 3741 est
3424 3730 3437 3753 ,

1892 3746 1984 3799 sed
2012 3746 2166 3799 etiam
2192 3746 2256 3814 de
2272 3742 2664 3814 conlcssoribus
2686 3755 2739 3814 et
2760 3742 3014 3814 profugis,
3044 3752 3128 3814 qui
3157 3768 3245 3805 sua
3271 3742 3439 3811 morte

1892 3815 2151 3868 obierant.
2200 3813 2374 3878 Itaque
2402 3820 2610 3876 prasstat
2654 3810 2736 3865 hic
2762 3810 2983 3868 vertere
3026 3810 3119 3869 sua
3148 3830 3191 3871 cl
3221 3810 3441 3878 natura];

1892 3893 2062 3935 morte.
2098 3882 2183 3936 Sic
2226 3885 2363 3933 enim
2392 3879 2558 3949 Grzcci
2590 3882 2728 3949 loqui
2774 3882 2979 3946 solent,
3035 3896 3087 3937 et
3136 3891 3435 3947 nominatim

1890 3951 2141 4030 Eusebius
2170 3958 2365 4030 noster,
2406 3950 2457 4001 ni
2490 3948 2669 4030 fallor.
2702 3950 2934 4030 Denique
2965 3956 3286 4030 οἰκειοτέρους
3315 3976 3435 4029 ρος-

1888 4024 2017 4096 sime
2041 4022 2409 4096 interpretatus
2430 4027 2509 4096 est
2535 4018 3181 4096 doinesticuucousigtudiue
3197 4018 3436 4096 conjunc-

1885 4091 2067 4160 tiores,
2095 4102 2211 4142 cum
2238 4086 2633 4160 propinquiores
2656 4088 2929 4153 signiticet.
2958 4089 3140 4142 Totum
3173 4086 3326 4160 igitur
3356 4099 3433 4151 iu-

1884 4174 2001 4211 cum
2039 4158 2106 4210 ita
2137 4154 2983 4225 verto:bllationiconsentaneum
3028 4170 3125 4219 est,
3165 4154 3215 4213 ιιῖ
3265 4166 3319 4215 [ιε
3362 4170 3429 4219 ad

1883 4225 2237 4300 successionem
2260 4223 2490 4300 veniant,
2512 4224 2594 4291 qui
2658 4223 3027 4300 propinquiores
3057 4240 3194 4280 erant
3240 4233 3426 4300 futuri,

1883 4295 1925 4345 si
1966 4295 2068 4346 illis
2094 4310 2185 4344 sua
2213 4302 2368 4343 morte
2392 4291 2643 4342 obiissent.
2684 4292 3029 4346 Conlirmatur
3051 4307 3221 4349 autem
3240 4291 3425 4356 nostra

1884 4362 2241 4428 interpretatio
2265 4399 2279 4422 ,
2309 4370 2413 4411 tum
2444 4374 2507 4411 ex
2546 4359 2607 4411 iis
2633 4374 2746 4428 qua:
2772 4376 2924 4425 supra
2954 4364 3058 4415 disi
3079 4405 3093 4427 ,
3128 4374 3233 4416 tum
3270 4384 3332 4421 ex
3362 4385 3429 4422 eo

1882 4426 2485 4504 qfuod'dicithlniperator
2512 4426 2805 4504 empse-qr.
2830 4426 3138 4504 οἰκειότεροι,
3171 4448 3271 4487 ιιυιι
3303 4451 3426 4491 vero

1884 4503 2021 4551 εἰσὶν.
2048 4498 2148 4551 Per
2175 4497 2291 4550 illos
2319 4506 2489 4549 autent
2509 4536 2523 4557 ,
2557 4497 2793 4563 intelligit
2822 4497 3092 4564 martyres.

1952 4571 2053 4621 Οὐκ
2078 4568 2218 4621 ἔσται
2252 4568 2468 4625 πάντως.
2499 4565 2679 4617 Scribe
2721 4580 2784 4617 ex
2823 4566 3000 4617 codice
3040 4568 3309 4633 Mcdimeo,
3342 4576 3427 4627 οὐκ

1882 4634 2115 4711 ἕσται-δέΔ
2137 4638 2352 4693 πάντως.
2394 4633 2553 4711 Putth
2583 4642 2701 4711 ante
2730 4633 2865 4685 idem
2904 4634 3067 4711 Elide}
3098 4638 3275 4689 scribit
3306 4646 3427 4711 μήτε

1881 4713 1976 4757 τῶν
2012 4706 2336 4775 όμολογητών,
2368 4703 2558 4754 rectius
2594 4708 2649 4753 ιιι
2685 4702 2735 4753 in
2763 4715 2877 4767 cap.
2910 4701 2995 4754 55.
3028 4704 3151 4756 Item
3184 4701 3427 4773 μήτίτῶν

1882 4778 2115 4842 μετοίκων
2257 4792 2353 4834 τοι,
2374 4778 2487 4831 τῶν,
2519 4780 2620 4842 e_t_c.

1950 4837 2235 4911 Προχεῐσθαι
2277 4859 2331 4910 γε
2347 4844 2495 4911 Δμήνλη
2537 4838 2738 4891 Mallem
2769 4837 3019 4911 scribere
3068 4844 3427 4911 προσκεῖσθαι,

1883 4921 1940 4963 ιιι
1970 4905 2244 4963 ’i'urnehus
2268 4905 2318 4960 et
2343 4905 2563 4975 Savilius
2598 4905 2961 4959 emendarunt.
2990 4905 3158 4971 Atque
3188 4910 3256 4960 ita
3294 4905 3425 4975 seri;

1881 4980 2020 5031 hitur
2066 4981 2114 5030 iu
2158 4977 2338 5029 codice
2366 4974 2494 5028 Fuk.
2530 4976 2687 5027 Paulo
2712 4983 2827 5040 post
2872 4976 2920 5025 in
2953 4976 3131 5029 codice
3178 4974 3423 5032 Mediocri

1880 5048 2069 5116 legitur
2098 5049 2163 5104 ὦς
2193 5049 2233 5097 εἰ
2260 5052 2356 5117 τῶν
2376 5046 2737 5117 προειρημένων
2760 5063 2901 5117 τινεςἶ

1947 5109 2026 5169 Διὸ
2056 5119 2100 5168 si
2130 5117 2209 5166 καί
2235 5115 2297 5166 τά
2324 5109 2553 5181 μάλιστα.
2582 5109 2639 5164 in
2678 5112 2857 5165 codice
2888 5109 3133 5165 Medicmo
3172 5112 3356 5180 legitur
3380 5121 3423 5167 si

1876 5188 1970 5258 γάρ
2000 5187 2081 5258 καί
2117 5185 2179 5237 τὰ
2216 5182 2452 5258 μάλιστα.
2477 5188 2659 5251 φανεῖεν
2696 5181 2748 5242 ἐξ
2777 5183 2941 5258 ἀὐτῶν
2970 5200 3125 5258 τινες..
3158 5181 3235 5258 ΙέῑΔ
3274 5184 3426 5258 paulo

1878 5251 1995 5321 pti'st
2027 5253 2160 5304 idem
2186 5251 2345 5302 Codex
2372 5251 2528 5301 habet
2551 5252 2949 5321 καρπωσάμενοι.
2978 5254 3055 5299 καὶ
3072 5251 3290 5321 γίνεσθαι
3315 5254 3426 5304 τού-

1876 5318 1974 5376 των
2008 5329 2095 5378 τὴν
2122 5322 2408 5379 ἀπαίτησιν,
2436 5326 2535 5369 etc.
2571 5318 2778 5382 Optime
2826 5328 2881 5368 ut
2930 5319 3169 5382 equidem
3213 5332 3422 5371 censen.

1881 5392 1970 5443 Est
1998 5394 2136 5443 enim
2168 5391 2265 5440 hoc
2292 5387 2579 5438 secundum
2612 5387 2899 5437 membrum
2924 5384 3142 5449 periodi.
3177 5385 3426 5439 Ultimum

1876 5468 2048 5531 autem
2082 5458 2370 5531 memhrmn
2396 5452 2636 5531 esteem;
2660 5473 2716 5531 γε
2741 5458 2855 5522 μὴν,
2888 5462 3014 5531 etc.,
3047 5454 3183 5531 quod
3214 5456 3263 5505 in
3315 5457 3424 5507 vul-

1876 5529 2009 5595 gatis
2053 5524 2368 5595 editiouihns
2399 5522 2533 5575 male
2576 5522 2836 5575 divulsuut
2866 5528 2981 5585 est,
3031 5532 3085 5574 et
3112 5522 3163 5574 in
3200 5536 3430 5590 sequens

1876 5594 2029 5663 caput
2060 5594 2385 5648 translatum.

2928 5682 2966 5741 9
