3944 6218
433 291 539 349 275

1702 283 2148 343 CONSTANTINI
2187 287 2401 344 MAGNI

3595 291 3704 347 276

436 414 648 480 κόσμος,
671 418 744 484 τῷ
768 411 932 485 λύθρῳ
946 406 1273 485 χραινόμενος
1295 403 1597 478 ἀπεκλᾲετο.
1616 405 1648 461 ἧ
1666 424 1722 476 γε
1741 408 1836 471 μὴν
1856 405 2022 480 ἡμέρα

2150 415 2436 474 cmpestatc
2467 405 2621 459 tellus
2648 405 2858 475 quidem
2888 406 3000 476 ipsa
3032 406 3397 477 proculdubio
3432 408 3707 480 lacrymas

436 507 585 575 αῦτη,
615 510 688 580 τῷ
715 503 881 559 πένθει
905 507 996 559 τοῦ
1021 500 1281 571 θαύματος
1309 496 1669 553 ἐνεκαλύπτετο

2122 495 2285 550 edidit
2312 512 2327 560 ;
2361 498 2551 551 caelum
2580 511 2705 551 vero
2730 496 2869 566 quod
2902 498 3143 553 universa
3177 513 3276 553 suo
3306 500 3511 554 ambitu
3552 515 3709 553 cont-

2122 587 2369 658 plectitur
2423 602 2611 643 cruore
2655 588 2983 658 inquinatum
3033 589 3303 658 ingemuit.
3347 589 3467 660 Ipsa
3488 604 3707 659 quoque

2124 679 2228 735 diei
2278 679 2368 734 lux
2413 694 2518 749 prae
2551 680 2691 735 luctu
2721 690 2879 750 atque
2916 679 3141 737 horrore
3180 682 3311 737 tanti
3342 682 3570 753 prodigii
3606 684 3710 738 ob-

2125 781 2332 829 scurata
2370 780 2467 827 est.

1458 909 1703 959 ουοιεοοο
1720 908 1944 950 BARBARI
1962 901 2301 949 CHRISTIANOS
2320 901 2681 943 EXCEPEBUNT.

510 1036 587 1077 Vt.
601 1019 745 1077 Ἀλλά
768 1020 1016 1083 τίταῦτα,
1043 1018 1374 1087 αύχοῢσινῦν
1386 1012 1463 1069 ἐπ’
1478 1014 1675 1073 inium;
1688 1012 1733 1067 οί
1746 1011 2019 1086 Βάρϐαροι,

444 1114 489 1171 οἶ
515 1114 633 1175 τούς
659 1112 768 1167 κατ’
796 1114 947 1166 ἐκεῖνο
977 1114 1152 1183 καιροῦ
1189 1109 1242 1173 ἐξ
1271 1110 1407 1179 ἡμῶν
1443 1106 1712 1179 φεύγοντας
1746 1100 2024 1175 ύποδεδεγ-

445 1207 589 1277 μένοι
634 1207 714 1258 καί
744 1201 1188 1277 φιλανθρωποτάτη
1216 1201 1530 1272 τηρήσαντες
1559 1195 1911 1269 αἰχμαλωσίᾳ.
1944 1189 2023 1249 ὅτι

444 1301 502 1353 ού
528 1298 675 1369 μόνον
710 1301 796 1353 την
824 1298 1100 1365 σωτηρίαν,
1132 1291 1255 1346 ἀλλά
1280 1292 1365 1344 καί
1390 1291 1455 1344 τά
1474 1296 1564 1348 τῆς
1600 1287 1906 1358 σεμνότητος
1926 1284 2020 1338 αῦ-

441 1397 557 1449 τοῐς
589 1388 905 1444 κατέστησαν
934 1386 982 1438 ἐν
1010 1382 1258 1457 ἀσφαλείᾳ
1282 1379 1442 1452 ἔχειν.
1473 1381 1559 1433 καί
1586 1383 1669 1431 νῦν
1686 1380 1744 1433 τὸ
1767 1375 2021 1447 ιΡωμαίων

443 1484 602 1557 γένος,
632 1478 808 1538 κηλῖδα
829 1479 1020 1536 ταύτην
1041 1474 1231 1534 demum"
1253 1476 1416 1548 φέρει,
1445 1473 1502 1532 ἣν
1534 1472 1579 1527 οί
1598 1469 1709 1527 κατ’
1736 1472 1893 1525 ίκεῖνο
1913 1491 2021 1524 και-

442 1578 534 1648 ροῦ
575 1580 665 1632 τῆς
690 1568 960 1643 Ῥωμαϊκῇ
1010 1568 1295 1637 οἰκουμένης
1334 1564 1651 1637 ἐλαυνόμενοι
1695 1563 2017 1639 χριστιανοί,

444 1666 530 1721 καί
556 1663 835 1740 Βαρϐἀροις
855 1662 1277 1737 προσφεύγοντες,
1304 1653 1734 1735 προσετρίψαντο.

2198 1022 2271 1060 vn.
2307 1004 2413 1060 Sed
2436 1002 2562 1074 quid
2588 1004 2686 1058 ista
2713 1008 3113 1061 commemoro?
3139 1007 3443 1065 Gloriantur
3487 1013 3557 1067 ob
3586 1014 3708 1071 haec

2126 1110 2267 1150 nunc
2317 1094 2557 1159 Barbari,
2607 1095 2696 1164 qui
2743 1094 2987 1151 homines
3036 1112 3099 1152 ex
3148 1100 3342 1153 nostris
3390 1104 3706 1172 regionibus

2126 1189 2376 1259 profugos
2411 1196 2536 1241 tunc
2566 1187 2816 1253 temporis
2851 1198 3174 1259 exceperunt
3196 1231 3209 1255 ,
3242 1202 3296 1245 et
3319 1194 3560 1262 captivos
3592 1196 3695 1250 hu-

2125 1280 2355 1335 maniter
2387 1278 2702 1332 habuerunt.
2735 1278 2941 1349 Quippe
2983 1294 3101 1334 cum
3133 1280 3239 1335 illis
3265 1295 3368 1336 non
3413 1284 3574 1339 modo
3611 1302 3707 1341 sa-

2127 1370 2310 1438 lutem,
2341 1384 2525 1423 verum
2564 1370 2722 1423 etiam
2756 1369 3026 1439 religionis
3055 1385 3164 1425 suae
3190 1371 3387 1425 cultum
3429 1374 3703 1445 integrum

2128 1461 2267 1533 apud
2289 1474 2347 1516 se
2381 1460 2609 1515 retinere
2640 1460 2992 1529 permiserint.
3021 1459 3201 1532 Itaque
3227 1473 3528 1533 perpetuam
3560 1466 3706 1521 lianc

2130 1552 2359 1610 infamias
2402 1560 2584 1606 notam
2627 1551 2852 1605 Romani
2880 1566 3021 1607 nunc
3046 1563 3272 1623 gestant,
3321 1569 3475 1624 quam
3508 1554 3705 1609 Chris-

2126 1646 2255 1700 tiani
2298 1659 2365 1700 ex
2404 1642 2534 1698 orbe
2572 1642 2813 1697 Romano
2858 1657 2951 1713 per
2992 1642 3041 1697 id
3086 1651 3291 1715 tempus
3319 1643 3503 1715 fugati,
3533 1655 3590 1701 et
3630 1646 3707 1701 ad

2048 1730 2097 1791 B
2125 1736 2387 1793 Barbaros
2408 1734 2798 1805 confugientes,
2824 1734 2956 1805 ipsis
2984 1736 3309 1792 inusserunt.

880 1877 1121 1929 QUOIODO
1143 1877 1320 1919 DIVINA
1347 1872 1576 1917 UL'HONB
1597 1871 1773 1913 PUNITI
1795 1870 1933 1923 SINT,
1956 1869 2035 1919 QUI

2153 1869 2395 1911 ORACULO
2416 1867 2846 1909 Ρειιεεουτιοιιειι
2864 1867 3272 1909 COIIOVERANT.

516 2002 611 2044 VII.
634 1986 778 2044 Ἀλλά
802 1986 958 2041 τίτῶν
968 1986 1153 2059 θρήνων
1164 1981 1356 2034 ἐκείνων
1370 1980 1557 2031 καὶτοῦ
1573 1980 1735 2029 κοινοῦ
1753 1981 1845 2034 τῆς
1861 1972 2024 2025 οἰκου-

450 2087 598 2156 μένης
625 2082 856 2143 πένθους,
885 2080 969 2131 ἐπὶ
993 2076 1136 2130 πλέον
1154 2072 1437 2147 μεμνῆσθαί
1460 2090 1521 2142 με
1545 2068 1637 2133 δεῖς
1666 2066 1900 2138 οἴχονται
1923 2067 2026 2123 λοι-

447 2176 545 2231 πὸν
576 2175 662 2228 καί
691 2174 861 2226 ίκεῐνοι
902 2169 947 2223 oi.
982 2174 1069 2224 τοῦ
1115 2168 1314 2239 μύσους
1353 2163 1611 2226 αὐθένται,
1665 2161 1791 2235 πρὸς
1833 2157 2025 2219 διηνεκῆ

450 2270 653 2323 κόλασιν
676 2274 777 2326 τοῖς
790 2262 1086 2336 Ἀχέροντος
1105 2260 1374 2335 ϐαράθροις
1389 2253 1681 2315 ἐκδοθέντας,
1702 2254 1795 2308 σύν
1817 2254 2028 2326 αἰσχρῷ

452 2357 601 2413 τέλει.
636 2356 871 2427 πολέμοις
896 2356 994 2426 γὰρ
1021 2350 1268 2423 ἐμφυλίοις
1293 2348 1671 2421 καταμιγέντες,
1703 2340 1809 2399 οὔτ’
1836 2338 2024 2412 ὄνομα,

455 2447 571 2506 οῦτε
597 2451 735 2521 γένος
782 2449 947 2501 αὐτῶν
991 2442 1431 2498 καταλελοίπασιν.
1486 2436 1596 2497 ὃδὴ
1643 2439 1728 2491 οὐκ
1773 2431 1830 2491 ἂν
1857 2435 2030 2495 αὐτοῖς

455 2540 790 2612 συμϐεϐήκει,
821 2538 865 2590 εἰ
894 2539 962 2608 μὴ
988 2536 1018 2591 ἡ
1048 2532 1235 2591 ἀσεϐής
1263 2531 1419 2588 ἐκείνη
1446 2536 1543 2583 τῶν
1571 2533 1660 2583 τοῦ
1689 2529 1866 2582 Πυθίου
1893 2544 2029 2601 χρη-

453 2634 673 2709 στηρίων
697 2629 932 2705 μαντεία,
964 2622 1195 2682 κίϐδηλον
1224 2621 1433 2694 δύναμιν
1462 2622 1694 2690 ἐσχήκει.

2202 1985 2296 2024 vn.
2324 1968 2426 2025 Sed
2449 1967 2573 2038 quid
2592 1982 2725 2038 opus
2744 1975 2827 2022 est
2841 1967 3066 2022 lamenta
3090 1967 3177 2021 illa
3193 1973 3245 2020 et
3264 1981 3600 2023 communem
3622 1978 3715 2024 to-

2134 2061 2237 2116 tius
2266 2059 2410 2115 orbis
2441 2060 2637 2114 luctum
2662 2058 2900 2129 pluribus
2924 2057 3101 2113 verbis
3126 2059 3592 2114 commemorare?
3620 2058 3714 2115 illi

2136 2152 2263 2205 tanti
2290 2149 2507 2204 sceleris
2534 2156 2777 2203 auctores
2819 2147 3052 2217 posthaec
3104 2148 3238 2217 turpi
3276 2148 3429 2202 exitu
3472 2148 3710 2217 periere,

2133 2242 2185 2296 in
2210 2239 2531 2296 Acherontis
2574 2238 2880 2292 barathrum
2909 2237 2973 2291 ad
3005 2247 3285 2307 perpetuos
3314 2237 3583 2291 cruciatus
3612 2236 3716 2293 de-

2135 2332 2288 2387 trusi.
2313 2330 2444 2384 Nam
2475 2329 2715 2384 civilibus
2742 2330 2881 2383 inter
2904 2343 2963 2383 se
2988 2328 3155 2383 collisi
3186 2328 3338 2383 bellis
3358 2370 3372 2394 ,
3404 2343 3502 2383 nec
3530 2329 3719 2383 nomi-

2135 2424 2252 2490 nis,
2287 2438 2385 2479 nec
2423 2423 2634 2493 generis
2680 2423 2758 2475 sui
2804 2421 3112 2475 memoriam
3161 2421 3507 2490 reliquerunt.
3551 2420 3721 2487 Quod

2136 2516 2372 2590 profecto
2413 2528 2679 2584 nunquam
2722 2512 2848 2582 ipsis
2878 2514 3221 2582 contigisset,
3269 2511 3368 2565 nisi
3411 2512 3571 2581 impia
3616 2512 3722 2567 illa

2138 2606 2398 2679 Apollinis
2428 2605 2600 2677 Pythii
2631 2604 2929 2659 vaticinatio
2958 2602 3139 2657 falsam
3171 2602 3451 2674 quamdam
3477 2612 3529 2659 et
3556 2602 3725 2660 adul-

2137 2701 2359 2755 terinam
2386 2698 2491 2752 vim
2529 2696 2768 2751 haberet.

785 2836 1170 2879 CONS'I'ANTINUS
1187 2833 1288 2875 DEO
1306 2831 1535 2877 GLORIAI
1553 2831 1787 2881 τιιιβυιτ,
1814 2830 2001 2872 SIGNUII
2020 2827 2204 2871 CRUCIS
2221 2826 2550 2867 CONFITBTUB
2567 2820 2636 2866 ΕΤ
2656 2824 2929 2864 PRECLTUR
2950 2824 3047 2865 PBO
3065 2824 3345 2865 ECCLESIIS.

530 2939 643 2997 vni.
664 2942 718 2997 Σέ
739 2947 825 2995 νῦν
845 2941 929 3006 τὸν
951 2947 1183 3010 μέγιστον
1199 2936 1318 2990 Θεὸν
1343 2931 1644 3005 παρακαλῶ,
1665 2928 1767 2990 εἴης
1789 2929 1954 3003 πρᾷός
1980 2949 2034 2984 τε
2062 2929 2105 2990 C

454 3036 541 3089 καί
566 3034 772 3105 εὐμενὴς
785 3039 888 3091 τοῖς
902 3038 1009 3089 σοῖς
1024 3028 1347 3091 ἀνατολικοῖς,
1371 3023 1473 3084 εἴης
1484 3028 1617 3078 πᾶσι
1627 3028 1733 3083 τοῖς
1750 3028 1857 3080 σοῖς
1872 3021 2031 3094 ἐπαρ-

456 3132 681 3201 χεώταις
715 3166 728 3193 ,
776 3126 874 3179 ύπό
919 3125 1126 3197 χρονίου
1153 3122 1419 3194 συμφορᾶς
1450 3116 1784 3191 συντριϐεῐσι,
1812 3111 1876 3167 δι’
1908 3114 2030 3183 έμοῦ

456 3230 543 3279 τοῦ
572 3228 661 3277 σοῦ
687 3221 986 3297 θεράποντος
1015 3216 1198 3290 ὀρέγων
1238 3211 1392 3266 ἴασιν.
1421 3212 1505 3264 καί
1530 3210 1697 3265 ταῦτά
1716 3227 1769 3281 γε
1794 3208 1918 3261 αἰτῶ
1948 3206 2034 3259 οὐκ

457 3314 733 3371 ἀπεικότως
756 3352 766 3372 ,
819 3306 857 3362 ὦ
907 3306 1132 3362 δέσποτα
1171 3311 1270 3359 τῶν
1310 3300 1432 3357 ὅλων
1464 3299 1573 3373 ἄγιε
1602 3301 1711 3354 Θεί’
1762 3304 1871 3357 ταῖς
1917 3302 2035 3356 σαῖς

454 3408 555 3481 γάρ
576 3406 882 3475 ὑφηγήσεσιν
910 3397 1254 3465 ἐνεστησάμην
1282 3390 1578 3466 σωηριὼδη
1627 3390 1904 3463 πράγματα
1949 3388 2036 3439 καί

457 3479 695 3557 διηνυσα,
724 3497 813 3550 τήν
859 3494 951 3547 σὴν
990 3483 1242 3561 σφραγῖδα
1282 3488 1559 3553 πανταχοῦ
1597 3479 2033 3554 προϐαλλόμενος,

461 3589 731 3644 καλλινίκου
755 3583 1017 3657 ἡγησάμην
1045 3580 1289 3655 στρατοῦ·
1316 3572 1408 3650 κᾷν
1433 3574 1531 3629 πού
1554 3593 1630 3633 τις
1657 3578 1754 3626 τῶν
1782 3568 2033 3642 δημοσίων

456 3680 583 3755 καλῇ
612 3680 767 3753 χρείᾳ
787 3715 800 3740 ,
841 3680 945 3733 τοῖς
974 3672 1142 3730 αὐτοῖς
1166 3676 1257 3731 τῆς
1285 3675 1379 3727 σῆς
1418 3667 1600 3741 ἀρετῆς
1638 3663 1876 3734 ἑπόμενος
1916 3682 2037 3715 συν-

459 3773 693 3843 θήμασιν,
717 3770 799 3824 ἐπί
827 3768 946 3825 τούς
970 3765 1240 3836 πολεμίους
1267 3759 1490 3836 πρόειμι.
1524 3756 1606 3813 διὰ
1636 3756 1802 3812 ταῦτά
1821 3776 1900 3811 τοι
1925 3754 2039 3807 ἀνί-

462 3864 588 3922 θηκά
615 3882 699 3916 σοι
722 3864 811 3919 τὴν
836 3860 1056 3930 έμαυτοῦ
1082 3853 1292 3926 ψυχὴν,
1336 3849 1486 3927 ἔρωτι
1521 3848 1601 3903 καί
1641 3847 1778 3921 φόϐῳ
1812 3848 2039 3917 καθαρῶς

464 3954 847 4029 ἀνακραθεῖσαν.
873 3949 931 4002 τὸ
959 3948 1047 4018 μέν
1066 3946 1162 4019 γὰρ
1184 3939 1335 4014 ὅνομά
1360 3960 1453 3995 σου
1481 3939 1700 4013 γνησίως
1723 3939 1928 4008 ἀγαπῶ,
1950 3937 2039 3991 τήν

463 4043 518 4100 δέ
562 4021 767 4114 δύναμιν
810 4035 1144 4107 εὐλαϐοῦμαι,
1177 4033 1235 4091 ἣν
1275 4030 1477 4089 πολλοῖς
1505 4027 1785 4099 τεκμηρίοις
1831 4021 2039 4088 ἔδειξας,

466 4136 550 4189 καί
567 4138 654 4192 τὴν
682 4133 801 4201 ίμὴν
826 4131 999 4183 πίστιν
1023 4123 1352 4197 βεϐαιοτέραν
1379 4120 1619 4197 εἰργάσω.
1646 4117 1908 4188 ἐπείγομαι
1925 4118 2044 4185 γοῦν

467 4227 551 4282 καί
568 4226 688 4283 τούς
715 4221 883 4291 ὤμους
908 4217 1058 4276 αὐτὸς
1077 4216 1328 4283 ὑποσχὼν
1346 4214 1463 4273 τοὺς
1482 4211 1649 4283 ἐμούς,
1674 4208 1760 4262 τὸν
1772 4204 2048 4279 ἁγιώτατόν

467 4340 553 4375 σοι
586 4311 717 4372 οἷκον
744 4311 1140 4369 ἀνανεώσασθαι.
1174 4303 1226 4360 όν
1255 4306 1301 4359 oi
1328 4306 1554 4378 μυσαροί
1580 4303 1757 4357 έκεῖνοι
1796 4302 1884 4354 καί
1925 4300 2047 4354 ἀσε-

469 4412 729 4477 Sict-acroi,
752 4413 825 4482 τῷ
854 4405 1145 4474 ὰτοπήματι
1171 4406 1262 4459 τῆς
1284 4397 1622 4472 καθαιρέσεως
1650 4393 1975 4464 ἐλυμήναντο.

2208 2942 2319 2980 νιιι.
2352 2924 2499 2979 Nunc
2524 2931 2595 2989 te,
2636 2923 2773 2977 Deus
2806 2923 2926 2991 Opt.
2953 2922 3115 2989 Max.,
3138 2937 3235 2977 oro
3268 2933 3429 2993 atque
3453 2926 3722 2995 obsecro,

2137 3016 2213 3072 sis
2235 3016 2470 3072 clemens
2489 3030 2550 3071 ac
2573 3016 2827 3085 prepitius
2847 3032 2968 3085 erga
2996 3026 3112 3069 tuos
3127 3013 3450 3078 Orientales;
3480 3015 3555 3069 sis
3578 3030 3717 3084 erga

2138 3119 2358 3163 cunctos
2417 3104 2770 3177 provinciales
2814 3106 3076 3161 diuturnis
3120 3106 3505 3160 calamitatibus
3550 3110 3720 3160 attri-

2139 3209 2240 3265 tos,
2271 3199 2438 3269 iisque
2466 3214 2559 3268 per
2594 3212 2678 3253 me
2725 3197 2975 3252 famulum
3007 3207 3151 3251 tuum
3204 3196 3424 3251 salutem
3460 3194 3722 3252 conferre

2138 3292 2294 3348 velis.
2325 3290 2497 3361 Atque
2526 3291 2639 3344 haec
2666 3306 2770 3345 non
2803 3291 2916 3344 sine
2943 3305 3099 3345 causa
3127 3290 3220 3343 abs
3248 3299 3298 3343 te
3326 3289 3555 3358 postulo,
3594 3305 3726 3343 om-

2141 3384 2287 3439 nium
2314 3383 2534 3436 Domine
2561 3391 2615 3436 et
2635 3392 2816 3436 sancte
2846 3382 3001 3435 Deus.
3036 3380 3147 3435 Tuo
3180 3381 3323 3435 enim
3360 3379 3518 3433 ductu
3548 3390 3726 3447 atquo

2142 3473 2375 3545 anSpicio
2402 3489 2490 3529 res
2537 3472 2796 3528 salutares
2841 3472 3051 3542 suscepi
3096 3482 3252 3541 atque
3279 3470 3492 3541 perfeci.
3534 3470 3724 3526 Tuum

2142 3565 2351 3636 signum
2378 3564 2577 3634 ubique
2606 3564 2895 3633 praeferens
2924 3563 3178 3617 victorem
3228 3562 3515 3615 exercitum
3556 3560 3722 3613 duxi.

2144 3656 2208 3709 Et
2259 3655 2695 3724 quotiescumque
2740 3652 2945 3722 publica
3006 3650 3168 3721 exigit
3215 3649 3547 3716 necessitas,
3604 3659 3727 3707 tua:

2142 3744 2351 3799 virtutis
2368 3743 2591 3812 insignia
2614 3757 2864 3813 sequens,
2894 3740 3147 3797 adversus
3172 3739 3351 3794 hostes
3376 3737 3725 3810 progredior.

2145 3836 2251 3891 Has
2272 3836 2340 3891 ob
2374 3850 2560 3890 causas
2589 3835 2680 3891 tibi
2721 3836 2951 3889 animum
2984 3849 3160 3888 meum
3188 3832 3388 3897 dicavi,
3427 3845 3614 3886 amore
3644 3831 3732 3886 si-

2146 3928 2256 3983 mul
2278 3942 2340 3983 ac
2379 3928 2568 3982 timore
2601 3927 2764 3997 probe
2796 3936 3165 3997 temperatum.
3200 3924 3330 3979 Nam
3362 3938 3553 3977 nomen
3604 3925 3736 3993 qui-

2149 4020 2269 4075 dem
2310 4028 2454 4074 tuum
2501 4018 2707 4072 sincere
2752 4017 2912 4086 diligo
2946 4032 2959 4081 ς
3020 4016 3305 4087 potentiam
3338 4022 3513 4069 autem
3554 4018 3738 4083 quam

2151 4110 2332 4166 tnultis
2377 4107 2708 4162 documentis
2747 4106 3064 4172 declarasti,
3112 4116 3166 4160 et
3194 4120 3297 4175 qua
3338 4104 3495 4158 fidem
3536 4121 3737 4161 meam

2149 4201 2473 4258 confirmasti
2494 4240 2510 4263 ,
2543 4199 2789 4269 religiose
2817 4196 3065 4253 formido.
3096 4196 3312 4252 Festino
3336 4197 3536 4267 itaque,
3573 4212 3744 4255 meos

2150 4296 2265 4366 ipse
2292 4293 2541 4348 humeros
2566 4290 2712 4360 operi
2735 4304 3038 4361 supponens
3062 4329 3076 4356 ,
3130 4299 3187 4343 ut
3215 4288 3611 4343 sanctissimam
3638 4289 3750 4344 do-

2153 4399 2295 4438 mum
2325 4393 2496 4449 tuam,
2528 4392 2682 4451 quam
2730 4379 2918 4435 nefarii
2945 4381 3019 4435 illi
3061 4390 3220 4450 atque
3264 4380 3410 4450 impii
3461 4380 3744 4436 scelerata

2070 4466 2125 4527 D
2151 4474 2427 4531 eversione
2456 4479 2753 4540 vastarunt,
2783 4470 2959 4527 denuo
2986 4471 3299 4527 instaurem.

1050 4632 1291 4685 ρυοιεοοο
1309 4629 1479 4673 OINES
1498 4628 1693 4679 ρυιοειε
1712 4626 2035 4669 CHRISTIANO!

2147 4626 2195 4668 ΞΕ
2216 4626 2460 4676 οΡτΑνιτ,
2481 4624 2719 4666 NEIINEI
2740 4624 2917 4665 Αῠτειε
2936 4622 3146 4665 COEGIT.

539 4762 617 4802 ιι.
638 4740 916 4820 Είρηνεύειν
942 4758 1034 4796 σου
1051 4736 1134 4793 τὸν
1152 4734 1268 4789 λαὸν
1281 4734 1367 4787 καί
1379 4732 1725 4786 ἀστασίαστον
1745 4730 1905 4801 μένειν
1927 4730 2040 4783 3m-

465 4846 635 4913 θυμῶ,
681 4837 811 4912 ύπέρ
838 4838 927 4890 τοῦ
954 4832 1117 4885 κοινοῦ
1153 4834 1244 4886 τῆς
1278 4824 1564 4894 οἰκουμένης
1592 4823 1677 4876 καί
1713 4826 1802 4876 τοῦ
1842 4821 2043 4875 πάντων

469 4935 744 5009 ἀνθρώπων
773 4927 1057 5003 χρησίμου.
1087 4918 1259 4992 ὁμοίαν
1284 4924 1391 4978 τοῖς
1412 4915 1746 4971 πιστεύουσιν
1777 4912 1823 4965 oi
1848 4912 2045 4967 πλανώ‹

469 5006 610 5099 μενοι
638 5024 907 5096 χαίροντες
942 5012 1331 5087 λαμϐανέτωσαν
1369 5010 1565 5083 εἰρήνης
1602 5026 1656 5059 τε
1694 5007 1780 5059 καί
1813 5006 2047 5073 ἡσυχίας

469 5095 769 5174 ἀπόλαυσιν.
802 5108 933 5166 αῦτη
959 5107 1057 5180 γὰρ
1086 5106 1117 5163 ἡ
1143 5110 1233 5163 τῆς
1276 5100 1527 5157 κοινωνίας
1567 5095 1922 5171 ἐπανόρθωσις,
1964 5097 2051 5149 καί

473 5209 600 5283 πρὸς
627 5214 716 5265 τήν
755 5204 944 5259 εὐθεῖαν
975 5200 1183 5271 ἀγαγεῖν
1211 5190 1325 5249 ὁδόν
1359 5190 1559 5263 ἰσχύει.
1584 5185 1757 5259 μηδεὶς
1772 5188 1855 5243 τὸν
1881 5188 2049 5263 ἕτερον

2224 4742 2297 4781 1x.
2324 4724 2581 4794 Equidem
2600 4723 2849 4793 populum
2882 4731 3025 4776 tuum
3047 4730 3229 4792 pacate
3248 4736 3309 4777 ac
3328 4722 3446 4778 sine
3472 4724 3583 4780 ulla
3602 4728 3752 4784 sedi.

2146 4820 2292 4873 tione
2321 4816 2533 4887 degere,
2560 4830 2653 4885 pro
2674 4813 2942 4869 communi
2968 4814 3126 4869 totius
3154 4814 3296 4869 orbis
3327 4825 3381 4869 et
3407 4827 3758 4879 cunctorum

2152 4908 2452 4964 mortalium
2503 4906 2724 4961 utilitate
2764 4905 3029 4961 desidero.
3068 4905 3167 4973 Qui
3207 4915 3383 4961 autem
3415 4911 3762 4977 gentilitatis

2154 5015 2338 5055 errore
2368 4997 2617 5067 implicati
2646 5006 2788 5064 sunt,
2823 4997 2922 5067 ipsi
2951 5010 3162 5067 quoque
3182 4999 3426 5053 eamdem
3448 5014 3577 5055 cum
3614 5004 3764 5062 fide-

2155 5091 2291 5146 libus
2318 5091 2463 5162 pacis
2483 5098 2537 5144 et
2577 5088 2768 5159 quietis
2807 5088 3214 5143 oblectationem
3260 5088 3367 5144 lzeti
3414 5091 3765 5164 percipiant.

2156 5184 2280 5240 Haec
2308 5183 2450 5240 enim
2473 5182 2861 5238 communionis
2891 5197 2954 5239 ac
2992 5183 3264 5240 societatis
3290 5196 3491 5243 mutua:
3524 5204 3773 5261 rapam.

1822 5322 2091 5381 VALESII
2126 5321 2353 5380 NOTAE.

544 5459 636 5517 Τόν
664 5456 791 5532 ἆγιὼ
826 5454 978 5512 τατόν
1006 5442 1265 5532 σοιηοῖκον.
1295 5441 1938 5532 Ecclesiam‘patltolieam
1965 5438 2045 5532 isi:

475 5508 1042 5603 tenentiaamop-
1074 5520 1142 5576 εδ
1177 5508 2045 5603 μείουεηχςςῆεειείεεριίεξιπιλ,ξξι

686 5571 982 5654 libris-colu
991 5571 1210 5647 Einh'ei’
1225 5571 1628 5658 firmamentum
1649 5571 2051 5658 veritatisdicif

480 5649 775 5727 inrisa-uio
804 5649 924 5736 post
956 5662 1207 5736 scribitur
1230 5671 1297 5712 ex
1322 5653 1505 5736 codice
1521 5651 1763 5736 _Fttket‘ii,
1792 5649 1974 5706 Savllll
1998 5654 2053 5704 et

478 5759 543 5800 ex
587 5727 1095 5808 schedia-Regiisﬁv
1120 5727 1417 5807 οίιμυσαροί
1442 5727 1633 5796 έκεῖνοι,
1665 5728 1769 5778 etc.

2218 5438 2343 5519 ῌρός
2370 5442 2461 5519 τήν
2480 5439 2893 5519 εὐθεζανάγαγεῖν
2913 5437 3021 5519 ὁδὸν
3046 5440 3243 5512 ἰσχύει.
3272 5438 3329 5492 In
3357 5439 3498 5519 libro
3527 5442 3767 5519 Fuketii

2150 5507 2338 5579 legiiur
2375 5511 2552 5579 ἰσχύς.
2588 5508 2691 5579 Sed
2721 5507 2841 5563 vera
2874 5511 3039 5579 lectio
3073 5507 3156 5566 est
3182 5524 3340 5579 quam
3371 5510 3427 5564 in
3460 5516 3765 5578 veteribus

2152 5578 2361 5658 schedis
2390 5578 2732 5658 Bibliotheca:
2756 5578 2932 5658 Regia:
2952 5579 3129 5636 inveni
3164 5578 3403 5652 ἰσχύσει.
3433 5582 3601 5650 Quod
3631 5603 3774 5658 pro-

2151 5646 2297 5704 fecto
2328 5650 2480 5718 longe
2502 5659 2582 5705 est
2607 5646 2925 5721 elegantius.
