  <div class='ocr_page' id='page_1' title='image "/cluster/home/n/w/nwhite01/storage/ocr_20150623/8/uva.x000826528/146.png"; bbox 0 0 3944 6218; ppageno 0'>
   <div class='ocr_carea' id='block_1_1' title="bbox 258 337 349 391">
    <p class='ocr_par' dir='ltr' id='par_1_1' title="bbox 258 337 349 391">
     <span class='ocr_line' id='line_1_1' title="bbox 258 337 349 391; baseline -0.022 0"><span class='ocrx_word' id='word_1_1' title='bbox 258 337 349 391; x_wconf 77' lang='grc' dir='ltr'>ΞΠ</span> 
     </span>
    </p>
   </div>
   <div class='ocr_carea' id='block_1_2' title="bbox 1338 328 2411 389">
    <p class='ocr_par' dir='ltr' id='par_1_2' title="bbox 1338 328 2411 389">
     <span class='ocr_line' id='line_1_2' title="bbox 1338 328 2411 389; baseline -0.004 0"><span class='ocrx_word' id='word_1_2' title='bbox 1338 333 1646 389; x_wconf 78' lang='lat' dir='ltr'><strong>DECRETA</strong></span> <span class='ocrx_word' id='word_1_3' title='bbox 1687 333 1775 389; x_wconf 80' lang='lat' dir='ltr'><strong>ET</strong></span> <span class='ocrx_word' id='word_1_4' title='bbox 1812 328 2411 389; x_wconf 79' lang='lat' dir='ltr'><strong>CONSTI&#39;I‘UTIUNES.</strong></span> 
     </span>
    </p>
   </div>
   <div class='ocr_carea' id='block_1_3' title="bbox 3378 335 3482 392">
    <p class='ocr_par' dir='ltr' id='par_1_3' title="bbox 3378 335 3482 392">
     <span class='ocr_line' id='line_1_3' title="bbox 3378 335 3482 392; baseline 0.038 -4"><span class='ocrx_word' id='word_1_5' title='bbox 3378 335 3482 392; x_wconf 70' lang='lat'><strong>278</strong></span> 
     </span>
    </p>
   </div>
   <div class='ocr_carea' id='block_1_4' title="bbox 260 445 1840 523">
    <p class='ocr_par' dir='ltr' id='par_1_4' title="bbox 260 445 1813 515">
     <span class='ocr_line' id='line_1_4' title="bbox 260 445 1813 515; baseline -0.001 -13"><span class='ocrx_word' id='word_1_6' title='bbox 260 450 323 503; x_wconf 88' lang='lat' dir='ltr'><strong>tio</strong></span> <span class='ocrx_word' id='word_1_7' title='bbox 338 447 398 502; x_wconf 87' lang='lat' dir='ltr'><strong>ad</strong></span> <span class='ocrx_word' id='word_1_8' title='bbox 418 447 664 503; x_wconf 79' lang='lat' dir='ltr'><strong>homines</strong></span> <span class='ocrx_word' id='word_1_9' title='bbox 704 448 758 504; x_wconf 88' lang='lat' dir='ltr'><strong>in</strong></span> <span class='ocrx_word' id='word_1_10' title='bbox 795 456 991 503; x_wconf 88' lang='lat' dir='ltr'><strong>rectam</strong></span> <span class='ocrx_word' id='word_1_11' title='bbox 1020 448 1157 502; x_wconf 89' lang='lat' dir='ltr'><strong>viam</strong></span> <span class='ocrx_word' id='word_1_12' title='bbox 1180 445 1511 502; x_wconf 77' lang='lat' dir='ltr'><strong>reducendos</strong></span> <span class='ocrx_word' id='word_1_13' title='bbox 1534 446 1813 515; x_wconf 83' lang='lat' dir='ltr'><strong>plurimum</strong></span> 
     </span>
    </p>
   </div>
   <div class='ocr_carea' id='block_1_5' title="bbox 1918 445 3484 523">
    <p class='ocr_par' dir='ltr' id='par_1_5' title="bbox 1918 446 3484 523">
     <span class='ocr_line' id='line_1_5' title="bbox 1918 446 3484 523; baseline 0.001 -21"><span class='ocrx_word' id='word_1_14' title='bbox 1918 446 2310 521; x_wconf 83' lang='grc' dir='ltr'>παρενοχλείτω.</span> <span class='ocrx_word' id='word_1_15' title='bbox 2356 447 2568 508; x_wconf 81' lang='grc' dir='ltr'>ἕκαστος</span> <span class='ocrx_word' id='word_1_16' title='bbox 2612 447 2735 523; x_wconf 84' lang='grc' dir='ltr'>ὅπερ</span> <span class='ocrx_word' id='word_1_17' title='bbox 2779 450 2809 506; x_wconf 80' lang='grc' dir='ltr'><em>ἠ</em></span> <span class='ocrx_word' id='word_1_18' title='bbox 2857 448 3006 520; x_wconf 61' lang='grc' dir='ltr'>ψυχὴ</span> <span class='ocrx_word' id='word_1_19' title='bbox 3040 450 3303 520; x_wconf 79' lang='grc' dir='ltr'>βούλεται,</span> <span class='ocrx_word' id='word_1_20' title='bbox 3334 455 3484 506; x_wconf 85' lang='grc' dir='ltr'>τοῦτο</span> 
     </span>
    </p>
   </div>
   <div class='ocr_carea' id='block_1_6' title="bbox 260 538 1813 608">
    <p class='ocr_par' dir='ltr' id='par_1_6' title="bbox 260 538 1813 608">
     <span class='ocr_line' id='line_1_6' title="bbox 260 538 1813 608; baseline -0.001 -13"><span class='ocrx_word' id='word_1_21' title='bbox 260 542 405 595; x_wconf 80' lang='lat' dir='ltr'><strong>valet.</strong></span> <span class='ocrx_word' id='word_1_22' title='bbox 428 538 597 595; x_wconf 82' lang='lat' dir='ltr'><strong>Nemo</strong></span> <span class='ocrx_word' id='word_1_23' title='bbox 617 541 781 595; x_wconf 88' lang='lat' dir='ltr'><strong>alteri</strong></span> <span class='ocrx_word' id='word_1_24' title='bbox 830 540 1116 594; x_wconf 76' lang='lat' dir='ltr'><strong>molestiam</strong></span> <span class='ocrx_word' id='word_1_25' title='bbox 1144 538 1395 596; x_wconf 78' lang='lat' dir='ltr'><strong>facessat.</strong></span> <span class='ocrx_word' id='word_1_26' title='bbox 1425 538 1576 606; x_wconf 86' lang='lat' dir='ltr'><strong>Quod</strong></span> <span class='ocrx_word' id='word_1_27' title='bbox 1623 539 1813 608; x_wconf 82' lang='lat' dir='ltr'><strong>cuique</strong></span> 
     </span>
    </p>
   </div>
   <div class='ocr_carea' id='block_1_7' title="bbox 260 629 1812 704">
    <p class='ocr_par' dir='ltr' id='par_1_7' title="bbox 260 629 1812 704">
     <span class='ocr_line' id='line_1_7' title="bbox 260 629 1812 704; baseline -0.002 -17"><span class='ocrx_word' id='word_1_28' title='bbox 260 632 450 704; x_wconf 82' lang='lat' dir='ltr'><strong>libitum</strong></span> <span class='ocrx_word' id='word_1_29' title='bbox 472 631 649 695; x_wconf 82' lang='lat' dir='ltr'><strong>fuerit,</strong></span> <span class='ocrx_word' id='word_1_30' title='bbox 676 630 729 685; x_wconf 88' lang='lat' dir='ltr'><strong>id</strong></span> <span class='ocrx_word' id='word_1_31' title='bbox 748 640 891 701; x_wconf 89' lang='lat' dir='ltr'><strong>agat.</strong></span> <span class='ocrx_word' id='word_1_32' title='bbox 913 629 1040 686; x_wconf 84' lang='lat' dir='ltr'><strong>illud</strong></span> <span class='ocrx_word' id='word_1_33' title='bbox 1065 639 1239 684; x_wconf 81' lang='lat' dir='ltr'><strong>tamen</strong></span> <span class='ocrx_word' id='word_1_34' title='bbox 1266 629 1405 699; x_wconf 89' lang='lat' dir='ltr'><strong>apud</strong></span> <span class='ocrx_word' id='word_1_35' title='bbox 1431 643 1526 684; x_wconf 90' lang='lat' dir='ltr'><strong>eos</strong></span> <span class='ocrx_word' id='word_1_36' title='bbox 1553 629 1639 697; x_wconf 87' lang='lat' dir='ltr'><strong>qui</strong></span> <span class='ocrx_word' id='word_1_37' title='bbox 1667 636 1812 684; x_wconf 89' lang='lat' dir='ltr'><strong>recte</strong></span> 
     </span>
    </p>
   </div>
   <div class='ocr_carea' id='block_1_8' title="bbox 261 718 1813 791">
    <p class='ocr_par' dir='ltr' id='par_1_8' title="bbox 261 718 1813 791">
     <span class='ocr_line' id='line_1_8' title="bbox 261 718 1813 791; baseline -0.003 -12"><span class='ocrx_word' id='word_1_38' title='bbox 261 724 481 779; x_wconf 87' lang='lat' dir='ltr'><strong>sentiunt</strong></span> <span class='ocrx_word' id='word_1_39' title='bbox 525 721 690 776; x_wconf 80' lang='lat' dir='ltr'><strong>ﬁxum</strong></span> <span class='ocrx_word' id='word_1_40' title='bbox 742 731 1020 791; x_wconf 86' lang='lat' dir='ltr'><strong>ratumque</strong></span> <span class='ocrx_word' id='word_1_41' title='bbox 1058 735 1175 775; x_wconf 89' lang='lat' dir='ltr'><strong>esse</strong></span> <span class='ocrx_word' id='word_1_42' title='bbox 1236 728 1465 789; x_wconf 91' lang='lat' dir='ltr'><strong>oportet,</strong></span> <span class='ocrx_word' id='word_1_43' title='bbox 1497 720 1638 774; x_wconf 90' lang='lat' dir='ltr'><strong>solos</strong></span> <span class='ocrx_word' id='word_1_44' title='bbox 1692 718 1813 774; x_wconf 90' lang='lat' dir='ltr'><strong>illos</strong></span> 
     </span>
    </p>
   </div>
   <div class='ocr_carea' id='block_1_9' title="bbox 260 810 1815 882">
    <p class='ocr_par' dir='ltr' id='par_1_9' title="bbox 260 810 1815 882">
     <span class='ocr_line' id='line_1_9' title="bbox 260 810 1815 882; baseline -0.002 -13"><span class='ocrx_word' id='word_1_45' title='bbox 260 822 427 870; x_wconf 83' lang='lat' dir='ltr'><strong>sancte</strong></span> <span class='ocrx_word' id='word_1_46' title='bbox 448 822 706 881; x_wconf 90' lang='lat' dir='ltr'><strong>casteque</strong></span> <span class='ocrx_word' id='word_1_47' title='bbox 724 827 845 868; x_wconf 87' lang='lat' dir='ltr'><strong>esse</strong></span> <span class='ocrx_word' id='word_1_48' title='bbox 866 813 1119 875; x_wconf 83' lang='lat' dir='ltr'><strong>victuros,</strong></span> <span class='ocrx_word' id='word_1_49' title='bbox 1144 826 1278 882; x_wconf 89' lang='lat' dir='ltr'><strong>quos</strong></span> <span class='ocrx_word' id='word_1_50' title='bbox 1299 821 1354 865; x_wconf 90' lang='lat' dir='ltr'><strong>tu</strong></span> <span class='ocrx_word' id='word_1_51' title='bbox 1373 812 1487 882; x_wconf 88' lang='lat' dir='ltr'><strong>ipse</strong></span> <span class='ocrx_word' id='word_1_52' title='bbox 1506 810 1573 865; x_wconf 89' lang='lat' dir='ltr'><strong>ad</strong></span> <span class='ocrx_word' id='word_1_53' title='bbox 1598 811 1700 866; x_wconf 84' lang='lat' dir='ltr'><strong>hoc</strong></span> <span class='ocrx_word' id='word_1_54' title='bbox 1722 826 1815 866; x_wconf 80' lang='lat' dir='ltr'><strong>vo-</strong></span> 
     </span>
    </p>
   </div>
   <div class='ocr_carea' id='block_1_10' title="bbox 261 900 1814 972">
    <p class='ocr_par' dir='ltr' id='par_1_10' title="bbox 261 900 1814 972">
     <span class='ocr_line' id='line_1_10' title="bbox 261 900 1814 972; baseline -0.001 -14"><span class='ocrx_word' id='word_1_55' title='bbox 261 902 449 968; x_wconf 78' lang='lat' dir='ltr'><strong>cavisti,</strong></span> <span class='ocrx_word' id='word_1_56' title='bbox 482 910 538 955; x_wconf 92' lang='lat' dir='ltr'><strong>ut</strong></span> <span class='ocrx_word' id='word_1_57' title='bbox 563 903 921 957; x_wconf 74' lang='lat' dir='ltr'><strong>sacrosanctis</strong></span> <span class='ocrx_word' id='word_1_58' title='bbox 950 903 1051 956; x_wconf 91' lang='lat' dir='ltr'><strong>tuis</strong></span> <span class='ocrx_word' id='word_1_59' title='bbox 1081 902 1283 972; x_wconf 83' lang='lat' dir='ltr'><strong>legibus</strong></span> <span class='ocrx_word' id='word_1_60' title='bbox 1307 900 1663 971; x_wconf 76' lang='lat' dir='ltr'><strong>acquiescant.</strong></span> <span class='ocrx_word' id='word_1_61' title='bbox 1715 900 1814 968; x_wconf 85' lang='lat' dir='ltr'><strong>Qui</strong></span> 
     </span>
    </p>
   </div>
   <div class='ocr_carea' id='block_1_11' title="bbox 259 991 1807 1062">
    <p class='ocr_par' dir='ltr' id='par_1_11' title="bbox 259 991 1807 1062">
     <span class='ocr_line' id='line_1_11' title="bbox 259 991 1807 1062; baseline 0 -16"><span class='ocrx_word' id='word_1_62' title='bbox 259 1006 376 1047; x_wconf 83' lang='lat' dir='ltr'><strong>vero</strong></span> <span class='ocrx_word' id='word_1_63' title='bbox 402 992 609 1062; x_wconf 88' lang='lat' dir='ltr'><strong>seipsos</strong></span> <span class='ocrx_word' id='word_1_64' title='bbox 640 992 957 1049; x_wconf 90' lang='lat' dir='ltr'><strong>subtrahunt</strong></span> <span class='ocrx_word' id='word_1_65' title='bbox 1008 991 1238 1047; x_wconf 81' lang='lat' dir='ltr'><strong>habeant</strong></span> <span class='ocrx_word' id='word_1_66' title='bbox 1263 992 1364 1049; x_wconf 79' lang='lat' dir='ltr'><strong>sibi</strong></span> <span class='ocrx_word' id='word_1_67' title='bbox 1412 991 1807 1046; x_wconf 79' lang='lat' dir='ltr'><strong>mendaciorum</strong></span> 
     </span>
    </p>
   </div>
   <div class='ocr_carea' id='block_1_12' title="bbox 262 1078 1813 1153">
    <p class='ocr_par' dir='ltr' id='par_1_12' title="bbox 262 1078 1813 1153">
     <span class='ocr_line' id='line_1_12' title="bbox 262 1078 1813 1153; baseline 0.003 -16"><span class='ocrx_word' id='word_1_68' title='bbox 262 1081 485 1148; x_wconf 87' lang='lat' dir='ltr'><strong>delubra,</strong></span> <span class='ocrx_word' id='word_1_69' title='bbox 508 1083 723 1153; x_wconf 87' lang='lat' dir='ltr'><strong>quando</strong></span> <span class='ocrx_word' id='word_1_70' title='bbox 744 1084 815 1137; x_wconf 91' lang='lat' dir='ltr'><strong>ita</strong></span> <span class='ocrx_word' id='word_1_71' title='bbox 843 1082 1178 1137; x_wconf 80' lang='lat' dir='ltr'><strong>volunt.&#39;Nos</strong></span> <span class='ocrx_word' id='word_1_72' title='bbox 1202 1078 1682 1152; x_wconf 74' lang='lat' dir='ltr'><strong>splendidissimum</strong></span> <span class='ocrx_word' id='word_1_73' title='bbox 1713 1084 1813 1141; x_wconf 87' lang='lat' dir='ltr'><strong>do-</strong></span> 
     </span>
    </p>
   </div>
   <div class='ocr_carea' id='block_1_13' title="bbox 261 1172 1809 1243">
    <p class='ocr_par' dir='ltr' id='par_1_13' title="bbox 261 1172 1809 1243">
     <span class='ocr_line' id='line_1_13' title="bbox 261 1172 1809 1243; baseline 0 -14"><span class='ocrx_word' id='word_1_74' title='bbox 261 1188 392 1229; x_wconf 90' lang='lat' dir='ltr'><strong>mum</strong></span> <span class='ocrx_word' id='word_1_75' title='bbox 420 1172 656 1228; x_wconf 76' lang='lat' dir='ltr'><strong>veritatis</strong></span> <span class='ocrx_word' id='word_1_76' title='bbox 685 1183 807 1237; x_wconf 63' lang='lat' dir='ltr'><strong>tum,</strong></span> <span class='ocrx_word' id='word_1_77' title='bbox 834 1189 989 1243; x_wconf 86' lang='lat' dir='ltr'><strong>quam</strong></span> <span class='ocrx_word' id='word_1_78' title='bbox 1020 1173 1356 1229; x_wconf 85' lang='lat' dir='ltr'><strong>nascentibus</strong></span> <span class='ocrx_word' id='word_1_79' title='bbox 1398 1174 1549 1229; x_wconf 89' lang='lat' dir='ltr'><strong>nobis</strong></span> <span class='ocrx_word' id='word_1_80' title='bbox 1578 1174 1809 1242; x_wconf 82' lang='lat' dir='ltr'><strong>donasti,</strong></span> 
     </span>
    </p>
   </div>
   <div class='ocr_carea' id='block_1_14' title="bbox 261 1262 1813 1337">
    <p class='ocr_par' dir='ltr' id='par_1_14' title="bbox 261 1262 1813 1337">
     <span class='ocr_line' id='line_1_14' title="bbox 261 1262 1813 1337; baseline -0.001 -18"><span class='ocrx_word' id='word_1_81' title='bbox 261 1262 557 1319; x_wconf 88' lang='lat' dir='ltr'><strong>retinemus.</strong></span> <span class='ocrx_word' id='word_1_82' title='bbox 582 1263 839 1334; x_wconf 82' lang='lat' dir='ltr'><strong>ld‘ipsum</strong></span> <span class='ocrx_word' id='word_1_83' title='bbox 890 1262 993 1320; x_wconf 83' lang='lat' dir='ltr'><strong>illis</strong></span> <span class='ocrx_word' id='word_1_84' title='bbox 1038 1278 1247 1337; x_wconf 89' lang='lat' dir='ltr'><strong>quoque</strong></span> <span class='ocrx_word' id='word_1_85' title='bbox 1285 1274 1558 1334; x_wconf 88' lang='lat' dir='ltr'><strong>optamus,</strong></span> <span class='ocrx_word' id='word_1_86' title='bbox 1585 1273 1643 1319; x_wconf 92' lang='lat' dir='ltr'><strong>ut</strong></span> <span class='ocrx_word' id='word_1_87' title='bbox 1668 1264 1813 1318; x_wconf 64' lang='lat' dir='ltr'><strong>scili.</strong></span> 
     </span>
    </p>
   </div>
   <div class='ocr_carea' id='block_1_15' title="bbox 260 1355 1808 1423">
    <p class='ocr_par' dir='ltr' id='par_1_15' title="bbox 260 1355 1808 1423">
     <span class='ocr_line' id='line_1_15' title="bbox 260 1355 1808 1423; baseline 0.001 -14"><span class='ocrx_word' id='word_1_88' title='bbox 260 1363 337 1409; x_wconf 88' lang='lat' dir='ltr'><strong>cet</strong></span> <span class='ocrx_word' id='word_1_89' title='bbox 358 1369 422 1409; x_wconf 82' lang='lat' dir='ltr'><strong>ex</strong></span> <span class='ocrx_word' id='word_1_90' title='bbox 449 1356 720 1409; x_wconf 89' lang='lat' dir='ltr'><strong>communi</strong></span> <span class='ocrx_word' id='word_1_91' title='bbox 764 1355 997 1410; x_wconf 88' lang='lat' dir='ltr'><strong>omnium</strong></span> <span class='ocrx_word' id='word_1_92' title='bbox 1049 1369 1312 1411; x_wconf 85' lang='lat' dir='ltr'><strong>consensu</strong></span> <span class='ocrx_word' id='word_1_93' title='bbox 1339 1363 1497 1423; x_wconf 90' lang='lat' dir='ltr'><strong>atque</strong></span> <span class='ocrx_word' id='word_1_94' title='bbox 1525 1355 1808 1411; x_wconf 85' lang='lat' dir='ltr'><strong>concordia</strong></span> 
     </span>
    </p>
   </div>
   <div class='ocr_carea' id='block_1_16' title="bbox 260 1449 1133 1521">
    <p class='ocr_par' dir='ltr' id='par_1_16' title="bbox 260 1449 1133 1521">
     <span class='ocr_line' id='line_1_16' title="bbox 260 1449 1133 1521; baseline -0.005 -16"><span class='ocrx_word' id='word_1_95' title='bbox 260 1450 530 1505; x_wconf 78' lang='lat' dir='ltr'><strong>maximam</strong></span> <span class='ocrx_word' id='word_1_96' title='bbox 551 1449 764 1521; x_wconf 87' lang='lat' dir='ltr'><strong>capiant</strong></span> <span class='ocrx_word' id='word_1_97' title='bbox 791 1449 1133 1520; x_wconf 85' lang='lat' dir='ltr'><strong>voluptatem.</strong></span> 
     </span>
    </p>
   </div>
   <div class='ocr_carea' id='block_1_17' title="bbox 1918 533 3485 616">
    <p class='ocr_par' dir='ltr' id='par_1_17' title="bbox 1918 533 3485 616">
     <span class='ocr_line' id='line_1_17' title="bbox 1918 533 3485 616; baseline 0.001 -23"><span class='ocrx_word' id='word_1_98' title='bbox 1918 540 2003 593; x_wconf 80' lang='grc' dir='ltr'><strong>καὶ</strong></span> <span class='ocrx_word' id='word_1_99' title='bbox 2025 538 2314 609; x_wconf 72' lang='grc' dir='ltr'>πραττέτω.</span> <span class='ocrx_word' id='word_1_100' title='bbox 2346 539 2465 596; x_wconf 73' lang='grc' dir='ltr'>τοὺς</span> <span class='ocrx_word' id='word_1_101' title='bbox 2494 536 2539 594; x_wconf 82' lang='grc' dir='ltr'><strong>δ’</strong></span> <span class='ocrx_word' id='word_1_102' title='bbox 2562 533 2616 590; x_wconf 75' lang='grc' dir='ltr'>εὖ</span> <span class='ocrx_word' id='word_1_103' title='bbox 2639 544 2943 613; x_wconf 76' lang='grc' dir='ltr'><strong>φρονοῦντας</strong></span> <span class='ocrx_word' id='word_1_104' title='bbox 2962 540 3232 595; x_wconf 82' lang='grc' dir='ltr'>πεπεῖσθαι</span> <span class='ocrx_word' id='word_1_105' title='bbox 3255 545 3385 616; x_wconf 73' lang='grc' dir='ltr'>χρὴ,</span> <span class='ocrx_word' id='word_1_106' title='bbox 3416 543 3485 602; x_wconf 81' lang='grc' dir='ltr'>ὦς</span> 
     </span>
    </p>
   </div>
   <div class='ocr_carea' id='block_1_18' title="bbox 1918 624 3485 703">
    <p class='ocr_par' dir='ltr' id='par_1_18' title="bbox 1918 624 3485 703">
     <span class='ocr_line' id='line_1_18' title="bbox 1918 624 3485 703; baseline 0.004 -22"><span class='ocrx_word' id='word_1_107' title='bbox 1918 624 2059 683; x_wconf 81' lang='grc' dir='ltr'>οὗτοὶ</span> <span class='ocrx_word' id='word_1_108' title='bbox 2081 627 2217 699; x_wconf 80' lang='grc' dir='ltr'>μόνοι</span> <span class='ocrx_word' id='word_1_109' title='bbox 2240 627 2395 701; x_wconf 82' lang='grc' dir='ltr'>ἆγίως</span> <span class='ocrx_word' id='word_1_110' title='bbox 2421 630 2504 682; x_wconf 80' lang='grc' dir='ltr'><strong>καί</strong></span> <span class='ocrx_word' id='word_1_111' title='bbox 2532 631 2757 703; x_wconf 77' lang='grc' dir='ltr'><strong>καθαρῶς</strong></span> <span class='ocrx_word' id='word_1_112' title='bbox 2786 629 3077 700; x_wconf 78' lang='grc' dir='ltr'><strong>βιώσονται,</strong></span> <span class='ocrx_word' id='word_1_113' title='bbox 3110 629 3196 691; x_wconf 78' lang='grc' dir='ltr'>οὓς</span> <span class='ocrx_word' id='word_1_114' title='bbox 3220 633 3371 692; x_wconf 77' lang='grc' dir='ltr'>αὐτὸς</span> <span class='ocrx_word' id='word_1_115' title='bbox 3396 654 3485 687; x_wconf 79' lang='grc' dir='ltr'><strong>κα-</strong></span> 
     </span>
    </p>
   </div>
   <div class='ocr_carea' id='block_1_19' title="bbox 1918 718 3483 791">
    <p class='ocr_par' dir='ltr' id='par_1_19' title="bbox 1918 718 3483 791">
     <span class='ocr_line' id='line_1_19' title="bbox 1918 718 3483 791; baseline 0.001 -17"><span class='ocrx_word' id='word_1_116' title='bbox 1918 719 2017 781; x_wconf 84' lang='grc' dir='ltr'>λεῖς</span> <span class='ocrx_word' id='word_1_117' title='bbox 2040 719 2451 775; x_wconf 75' lang='grc' dir='ltr'>ίπαναπαύεσθαι</span> <span class='ocrx_word' id='word_1_118' title='bbox 2473 726 2583 780; x_wconf 87' lang='grc' dir='ltr'>τοῖς</span> <span class='ocrx_word' id='word_1_119' title='bbox 2608 727 2713 780; x_wconf 87' lang='grc' dir='ltr'>σοῖς</span> <span class='ocrx_word' id='word_1_120' title='bbox 2751 718 2911 790; x_wconf 75' lang='grc' dir='ltr'>ἁγίοις</span> <span class='ocrx_word' id='word_1_121' title='bbox 2928 720 3110 791; x_wconf 79' lang='grc' dir='ltr'>νόμοις.</span> <span class='ocrx_word' id='word_1_122' title='bbox 3142 721 3184 774; x_wconf 90' lang='grc' dir='ltr'><strong>οί</strong></span> <span class='ocrx_word' id='word_1_123' title='bbox 3204 719 3246 775; x_wconf 77' lang='grc' dir='ltr'><strong>δ’</strong></span> <span class='ocrx_word' id='word_1_124' title='bbox 3275 722 3483 783; x_wconf 73' lang='grc' dir='ltr'>ἑαυτοὺς</span> 
     </span>
    </p>
   </div>
   <div class='ocr_carea' id='block_1_20' title="bbox 1919 810 3483 887">
    <p class='ocr_par' dir='ltr' id='par_1_20' title="bbox 1919 810 3483 887">
     <span class='ocr_line' id='line_1_20' title="bbox 1919 810 3483 887; baseline 0 -19"><span class='ocrx_word' id='word_1_125' title='bbox 1919 811 2201 883; x_wconf 75' lang='grc' dir='ltr'>ἀφέλκοντες</span> <span class='ocrx_word' id='word_1_126' title='bbox 2220 851 2233 875; x_wconf 89' lang='grc'><strong>,</strong></span> <span class='ocrx_word' id='word_1_127' title='bbox 2264 810 2480 880; x_wconf 78' lang='grc' dir='ltr'>ἐχόντων</span> <span class='ocrx_word' id='word_1_128' title='bbox 2513 810 2795 882; x_wconf 81' lang='grc' dir='ltr'>βουλόμενοι</span> <span class='ocrx_word' id='word_1_129' title='bbox 2826 811 2895 864; x_wconf 82' lang='grc' dir='ltr'><strong>τά</strong></span> <span class='ocrx_word' id='word_1_130' title='bbox 2922 819 3013 872; x_wconf 79' lang='grc' dir='ltr'>τῆς</span> <span class='ocrx_word' id='word_1_131' title='bbox 3050 810 3374 887; x_wconf 69' lang='grc' dir='ltr'>ψευδολογίας</span> <span class='ocrx_word' id='word_1_132' title='bbox 3397 833 3483 868; x_wconf 84' lang='grc' dir='ltr'>τε·</span> 
     </span>
    </p>
   </div>
   <div class='ocr_carea' id='block_1_21' title="bbox 1917 899 3484 977">
    <p class='ocr_par' dir='ltr' id='par_1_21' title="bbox 1917 899 3484 977">
     <span class='ocr_line' id='line_1_21' title="bbox 1917 899 3484 977; baseline 0.001 -22"><span class='ocrx_word' id='word_1_133' title='bbox 1917 903 2057 973; x_wconf 72' lang='grc' dir='ltr'>μίνη·</span> <span class='ocrx_word' id='word_1_134' title='bbox 2090 904 2236 973; x_wconf 73' lang='grc' dir='ltr'>ἡμεῖς</span> <span class='ocrx_word' id='word_1_135' title='bbox 2280 899 2466 973; x_wconf 68' lang='grc' dir='ltr'>ἔχομεν</span> <span class='ocrx_word' id='word_1_136' title='bbox 2503 903 2588 957; x_wconf 83' lang='grc' dir='ltr'>τὸν</span> <span class='ocrx_word' id='word_1_137' title='bbox 2625 899 2955 977; x_wconf 76' lang='grc' dir='ltr'><strong>φαιδρότατον</strong></span> <span class='ocrx_word' id='word_1_138' title='bbox 2993 910 3083 962; x_wconf 75' lang='grc' dir='ltr'>τῆς</span> <span class='ocrx_word' id='word_1_139' title='bbox 3127 911 3221 964; x_wconf 74' lang='grc' dir='ltr'><strong>σῆς</strong></span> <span class='ocrx_word' id='word_1_140' title='bbox 3257 902 3484 965; x_wconf 78' lang='grc' dir='ltr'>ἀληθείας</span> 
     </span>
    </p>
   </div>
   <div class='ocr_carea' id='block_1_22' title="bbox 1918 988 3484 1069">
    <p class='ocr_par' dir='ltr' id='par_1_22' title="bbox 1918 988 3484 1069">
     <span class='ocr_line' id='line_1_22' title="bbox 1918 988 3484 1069; baseline 0.002 -23"><span class='ocrx_word' id='word_1_141' title='bbox 1918 989 2078 1054; x_wconf 81' lang='grc' dir='ltr'>οἷκον,</span> <span class='ocrx_word' id='word_1_142' title='bbox 2112 988 2261 1067; x_wconf 86' lang='grc' dir='ltr'>ὅνπερ</span> <span class='ocrx_word' id='word_1_143' title='bbox 2298 993 2428 1045; x_wconf 81' lang='grc' dir='ltr'>κατά</span> <span class='ocrx_word' id='word_1_144' title='bbox 2452 994 2599 1063; x_wconf 78' lang='grc' dir='ltr'>φύσιν</span> <span class='ocrx_word' id='word_1_145' title='bbox 2624 990 2860 1054; x_wconf 72' lang='grc' dir='ltr'>δέδωκας.</span> <span class='ocrx_word' id='word_1_146' title='bbox 2890 999 3042 1048; x_wconf 88' lang='grc' dir='ltr'>τοῦτο</span> <span class='ocrx_word' id='word_1_147' title='bbox 3061 996 3294 1069; x_wconf 77' lang='grc' dir='ltr'>κᾴκείνοις</span> <span class='ocrx_word' id='word_1_148' title='bbox 3332 995 3484 1065; x_wconf 75' lang='grc' dir='ltr'>εὐχό-</span> 
     </span>
    </p>
   </div>
   <div class='ocr_carea' id='block_1_23' title="bbox 1917 1080 3485 1158">
    <p class='ocr_par' dir='ltr' id='par_1_23' title="bbox 1917 1080 3485 1158">
     <span class='ocr_line' id='line_1_23' title="bbox 1917 1080 3485 1158; baseline 0.003 -21"><span class='ocrx_word' id='word_1_149' title='bbox 1917 1087 2067 1155; x_wconf 86' lang='grc' dir='ltr'>μεθα,</span> <span class='ocrx_word' id='word_1_150' title='bbox 2104 1084 2187 1138; x_wconf 85' lang='grc' dir='ltr'>ἶνα</span> <span class='ocrx_word' id='word_1_151' title='bbox 2226 1081 2411 1141; x_wconf 80' lang='grc' dir='ltr'>δηλαδή</span> <span class='ocrx_word' id='word_1_152' title='bbox 2443 1080 2525 1136; x_wconf 82' lang='grc' dir='ltr'><strong>διὰ</strong></span> <span class='ocrx_word' id='word_1_153' title='bbox 2551 1091 2640 1146; x_wconf 79' lang='grc' dir='ltr'>τῆς</span> <span class='ocrx_word' id='word_1_154' title='bbox 2665 1092 2825 1146; x_wconf 76' lang='grc' dir='ltr'>κοινῆς</span> <span class='ocrx_word' id='word_1_155' title='bbox 2855 1082 3080 1158; x_wconf 79' lang='grc' dir='ltr'>ὁμονοίας</span> <span class='ocrx_word' id='word_1_156' title='bbox 3114 1086 3199 1140; x_wconf 79' lang='grc' dir='ltr'>καί</span> <span class='ocrx_word' id='word_1_157' title='bbox 3228 1084 3375 1139; x_wconf 78' lang='grc' dir='ltr'>αὐτοί</span> <span class='ocrx_word' id='word_1_158' title='bbox 3397 1089 3485 1143; x_wconf 66' lang='grc' dir='ltr'><strong>τήν</strong></span> 
     </span>
    </p>
   </div>
   <div class='ocr_carea' id='block_1_24' title="bbox 1917 1174 2535 1253">
    <p class='ocr_par' dir='ltr' id='par_1_24' title="bbox 1917 1174 2535 1253">
     <span class='ocr_line' id='line_1_24' title="bbox 1917 1174 2535 1253; baseline -0.003 -23"><span class='ocrx_word' id='word_1_159' title='bbox 1917 1174 2153 1249; x_wconf 79' lang='grc' dir='ltr'>θυμηδίαν</span> <span class='ocrx_word' id='word_1_160' title='bbox 2182 1177 2535 1253; x_wconf 78' lang='grc' dir='ltr'>ἀναφίρωνται.</span> 
     </span>
    </p>
   </div>
   <div class='ocr_carea' id='block_1_25' title="bbox 945 1560 2784 1620">
    <p class='ocr_par' dir='ltr' id='par_1_25' title="bbox 945 1560 2784 1620">
     <span class='ocr_line' id='line_1_25' title="bbox 945 1560 2784 1620; baseline -0.005 -12"><span class='ocrx_word' id='word_1_161' title='bbox 945 1566 1172 1609; x_wconf 73' lang='grc' dir='ltr'>ϐιοιιυιιι</span> <span class='ocrx_word' id='word_1_162' title='bbox 1191 1565 1399 1607; x_wconf 73' lang='lat' dir='ltr'><strong>TBIBUI‘I‘</strong></span> <span class='ocrx_word' id='word_1_163' title='bbox 1417 1566 1541 1620; x_wconf 72' lang='lat' dir='ltr'><strong>D30,</strong></span> <span class='ocrx_word' id='word_1_164' title='bbox 1562 1567 1648 1617; x_wconf 81' lang='lat' dir='ltr'><strong>QUI</strong></span> <span class='ocrx_word' id='word_1_165' title='bbox 1668 1568 1766 1607; x_wconf 75' lang='lat' dir='ltr'><strong>PER</strong></span> <span class='ocrx_word' id='word_1_166' title='bbox 1785 1565 1963 1608; x_wconf 72' lang='grc' dir='ltr'>ιηιιυιί</span> <span class='ocrx_word' id='word_1_167' title='bbox 1981 1564 2119 1607; x_wconf 74' lang='grc' dir='ltr'>ευυιε</span> <span class='ocrx_word' id='word_1_168' title='bbox 2137 1561 2413 1606; x_wconf 70' lang='lat' dir='ltr'><strong>BBRANTES</strong></span> <span class='ocrx_word' id='word_1_169' title='bbox 2430 1560 2784 1603; x_wconf 70' lang='lat' dir='ltr'><strong>ILLUIINAVIT.</strong></span> 
     </span>
    </p>
   </div>
   <div class='ocr_carea' id='block_1_26' title="bbox 320 1639 1840 1741">
    <p class='ocr_par' dir='ltr' id='par_1_26' title="bbox 320 1662 1840 1736">
     <span class='ocr_line' id='line_1_26' title="bbox 320 1662 1840 1736; baseline 0.001 -18"><span class='ocrx_word' id='word_1_170' title='bbox 320 1679 370 1718; x_wconf 74' lang='grc' dir='ltr'>ι.</span> <span class='ocrx_word' id='word_1_171' title='bbox 390 1662 573 1735; x_wconf 80' lang='lat' dir='ltr'><strong>Neque</strong></span> <span class='ocrx_word' id='word_1_172' title='bbox 594 1664 736 1720; x_wconf 90' lang='lat' dir='ltr'><strong>enim</strong></span> <span class='ocrx_word' id='word_1_173' title='bbox 753 1678 884 1720; x_wconf 87' lang='lat' dir='ltr'><strong>nova</strong></span> <span class='ocrx_word' id='word_1_174' title='bbox 914 1678 973 1718; x_wconf 82' lang='lat' dir='ltr'><strong>ac</strong></span> <span class='ocrx_word' id='word_1_175' title='bbox 988 1678 1175 1719; x_wconf 84' lang='lat' dir='ltr'><strong>recens</strong></span> <span class='ocrx_word' id='word_1_176' title='bbox 1189 1672 1272 1719; x_wconf 86' lang='lat' dir='ltr'><strong>est</strong></span> <span class='ocrx_word' id='word_1_177' title='bbox 1296 1674 1473 1720; x_wconf 83' lang='lat' dir='ltr'><strong>nostra</strong></span> <span class='ocrx_word' id='word_1_178' title='bbox 1490 1664 1692 1736; x_wconf 76' lang='lat' dir='ltr'><strong>religio,</strong></span> <span class='ocrx_word' id='word_1_179' title='bbox 1715 1663 1809 1719; x_wconf 86' lang='lat' dir='ltr'><strong>sed</strong></span> <span class='ocrx_word' id='word_1_180' title='bbox 1837 1669 1840 1725; x_wconf 74' lang='grc' dir='ltr'><em>ζ</em></span> 
     </span>
    </p>
   </div>
   <div class='ocr_carea' id='block_1_27' title="bbox 1918 1639 3478 1741">
    <p class='ocr_par' dir='ltr' id='par_1_27' title="bbox 1982 1639 3478 1741">
     <span class='ocr_line' id='line_1_27' title="bbox 1982 1639 3478 1741; baseline -0.001 -24"><span class='ocrx_word' id='word_1_181' title='bbox 1982 1679 2035 1717; x_wconf 81' lang='lat' dir='ltr'><strong>x.</strong></span> <span class='ocrx_word' id='word_1_182' title='bbox 2058 1666 2129 1719; x_wconf 76' lang='grc' dir='ltr'><strong>Οὐ</strong></span> <span class='ocrx_word' id='word_1_183' title='bbox 2158 1661 2211 1719; x_wconf 69' lang='grc' dir='ltr'><strong>δὲ</strong></span> <span class='ocrx_word' id='word_1_184' title='bbox 2234 1664 2333 1740; x_wconf 89' lang='grc' dir='ltr'><strong>γάρ</strong></span> <span class='ocrx_word' id='word_1_185' title='bbox 2354 1664 2464 1721; x_wconf 72' lang='grc' dir='ltr'>ἔστι</span> <span class='ocrx_word' id='word_1_186' title='bbox 2490 1663 2655 1718; x_wconf 76' lang='grc' dir='ltr'>καινὸν</span> <span class='ocrx_word' id='word_1_187' title='bbox 2682 1658 2793 1717; x_wconf 70' lang='grc' dir='ltr'><strong>οὐδὲ</strong></span> <span class='ocrx_word' id='word_1_188' title='bbox 2821 1684 2873 1718; x_wconf 89' lang='grc' dir='ltr'><strong>τι</strong></span> <span class='ocrx_word' id='word_1_189' title='bbox 2886 1639 3314 1741; x_wconf 72' lang='grc' dir='ltr'>νεάγινεροντὸκατ“</span> <span class='ocrx_word' id='word_1_190' title='bbox 3327 1662 3478 1733; x_wconf 69' lang='grc' dir='ltr'>ἡμᾶς.</span> 
     </span>
    </p>
   </div>
   <div class='ocr_carea' id='block_1_28' title="bbox 255 1754 1810 1825">
    <p class='ocr_par' dir='ltr' id='par_1_28' title="bbox 255 1754 1810 1825">
     <span class='ocr_line' id='line_1_28' title="bbox 255 1754 1810 1825; baseline 0.001 -16"><span class='ocrx_word' id='word_1_191' title='bbox 255 1768 314 1809; x_wconf 83' lang='lat' dir='ltr'><strong>ex</strong></span> <span class='ocrx_word' id='word_1_192' title='bbox 342 1769 441 1823; x_wconf 91' lang='lat' dir='ltr'><strong>quo</strong></span> <span class='ocrx_word' id='word_1_193' title='bbox 468 1755 627 1823; x_wconf 82' lang='lat' dir='ltr'><strong>hujus</strong></span> <span class='ocrx_word' id='word_1_194' title='bbox 653 1754 833 1809; x_wconf 89' lang='lat' dir='ltr'><strong>mundi</strong></span> <span class='ocrx_word' id='word_1_195' title='bbox 861 1754 1112 1810; x_wconf 75' lang='lat' dir='ltr'><strong>fabricam</strong></span> <span class='ocrx_word' id='word_1_196' title='bbox 1132 1764 1254 1825; x_wconf 84' lang='lat' dir='ltr'><strong>apte</strong></span> <span class='ocrx_word' id='word_1_197' title='bbox 1270 1755 1577 1825; x_wconf 88' lang='lat' dir='ltr'><strong>dispositam</strong></span> <span class='ocrx_word' id='word_1_198' title='bbox 1600 1756 1810 1810; x_wconf 81' lang='lat' dir='ltr'><strong>stetisse</strong></span> 
     </span>
    </p>
   </div>
   <div class='ocr_carea' id='block_1_29' title="bbox 253 1844 1802 1916">
    <p class='ocr_par' dir='ltr' id='par_1_29' title="bbox 253 1844 1802 1916">
     <span class='ocr_line' id='line_1_29' title="bbox 253 1844 1802 1916; baseline 0.001 -17"><span class='ocrx_word' id='word_1_199' title='bbox 253 1845 525 1912; x_wconf 80' lang='lat' dir='ltr'><strong>credimus,</strong></span> <span class='ocrx_word' id='word_1_200' title='bbox 558 1855 615 1900; x_wconf 87' lang='lat' dir='ltr'><strong>tu</strong></span> <span class='ocrx_word' id='word_1_201' title='bbox 638 1847 773 1901; x_wconf 90' lang='lat' dir='ltr'><strong>hanc</strong></span> <span class='ocrx_word' id='word_1_202' title='bbox 796 1845 1099 1916; x_wconf 75' lang='lat' dir='ltr'><strong>religionem</strong></span> <span class='ocrx_word' id='word_1_203' title='bbox 1131 1860 1247 1900; x_wconf 90' lang='lat' dir='ltr'><strong>cum</strong></span> <span class='ocrx_word' id='word_1_204' title='bbox 1261 1844 1435 1899; x_wconf 87' lang='lat' dir='ltr'><strong>debita</strong></span> <span class='ocrx_word' id='word_1_205' title='bbox 1464 1845 1537 1899; x_wconf 88' lang='lat' dir='ltr'><strong>tui</strong></span> <span class='ocrx_word' id='word_1_206' title='bbox 1571 1845 1802 1900; x_wconf 88' lang='lat' dir='ltr'><strong>numinis</strong></span> 
     </span>
    </p>
   </div>
   <div class='ocr_carea' id='block_1_30' title="bbox 254 1936 1808 2006">
    <p class='ocr_par' dir='ltr' id='par_1_30' title="bbox 254 1936 1808 2006">
     <span class='ocr_line' id='line_1_30' title="bbox 254 1936 1808 2006; baseline -0.001 -15"><span class='ocrx_word' id='word_1_207' title='bbox 254 1936 575 1991; x_wconf 78' lang='lat' dir='ltr'><strong>observantia</strong></span> <span class='ocrx_word' id='word_1_208' title='bbox 602 1938 896 1992; x_wconf 84' lang='lat' dir='ltr'><strong>instituisti.</strong></span> <span class='ocrx_word' id='word_1_209' title='bbox 928 1937 1093 1992; x_wconf 91' lang='lat' dir='ltr'><strong>Porro</strong></span> <span class='ocrx_word' id='word_1_210' title='bbox 1140 1938 1422 1991; x_wconf 88' lang='lat' dir='ltr'><strong>humanum</strong></span> <span class='ocrx_word' id='word_1_211' title='bbox 1462 1950 1625 2006; x_wconf 84' lang='lat' dir='ltr'><strong>genus</strong></span> <span class='ocrx_word' id='word_1_212' title='bbox 1651 1936 1808 1990; x_wconf 86' lang='lat' dir='ltr'><strong>variis</strong></span> 
     </span>
    </p>
   </div>
   <div class='ocr_carea' id='block_1_31' title="bbox 253 2026 1810 2096">
    <p class='ocr_par' dir='ltr' id='par_1_31' title="bbox 253 2026 1810 2096">
     <span class='ocr_line' id='line_1_31' title="bbox 253 2026 1810 2096; baseline -0.002 -14"><span class='ocrx_word' id='word_1_213' title='bbox 253 2027 518 2083; x_wconf 80' lang='lat' dir='ltr'><strong>seductum</strong></span> <span class='ocrx_word' id='word_1_214' title='bbox 533 2027 806 2082; x_wconf 88' lang='lat' dir='ltr'><strong>erroribus</strong></span> <span class='ocrx_word' id='word_1_215' title='bbox 826 2026 1060 2096; x_wconf 82' lang='lat' dir='ltr'><strong>impegit.</strong></span> <span class='ocrx_word' id='word_1_216' title='bbox 1078 2027 1178 2084; x_wconf 89' lang='lat' dir='ltr'><strong>Sed</strong></span> <span class='ocrx_word' id='word_1_217' title='bbox 1196 2036 1270 2094; x_wconf 91' lang='lat' dir='ltr'><strong>tu,</strong></span> <span class='ocrx_word' id='word_1_218' title='bbox 1290 2040 1355 2080; x_wconf 88' lang='lat' dir='ltr'><strong>ne</strong></span> <span class='ocrx_word' id='word_1_219' title='bbox 1370 2030 1469 2081; x_wconf 91' lang='lat' dir='ltr'><strong>hoc</strong></span> <span class='ocrx_word' id='word_1_220' title='bbox 1483 2026 1676 2080; x_wconf 89' lang='lat' dir='ltr'><strong>malum</strong></span> <span class='ocrx_word' id='word_1_221' title='bbox 1698 2040 1810 2080; x_wconf 83' lang='lat' dir='ltr'><strong>am-</strong></span> 
     </span>
    </p>
   </div>
   <div class='ocr_carea' id='block_1_32' title="bbox 254 2117 1805 2190">
    <p class='ocr_par' dir='ltr' id='par_1_32' title="bbox 254 2117 1805 2190">
     <span class='ocr_line' id='line_1_32' title="bbox 254 2117 1805 2190; baseline -0.001 -17"><span class='ocrx_word' id='word_1_222' title='bbox 254 2120 379 2190; x_wconf 87' lang='lat' dir='ltr'><strong>plius</strong></span> <span class='ocrx_word' id='word_1_223' title='bbox 404 2120 815 2190; x_wconf 83' lang='lat' dir='ltr'><strong>ingravesceret,</strong></span> <span class='ocrx_word' id='word_1_224' title='bbox 837 2135 931 2189; x_wconf 90' lang='lat' dir='ltr'><strong>per</strong></span> <span class='ocrx_word' id='word_1_225' title='bbox 953 2117 1115 2173; x_wconf 79' lang='lat' dir='ltr'><strong>lilium</strong></span> <span class='ocrx_word' id='word_1_226' title='bbox 1146 2129 1291 2173; x_wconf 89' lang='lat' dir='ltr'><strong>tuum</strong></span> <span class='ocrx_word' id='word_1_227' title='bbox 1322 2117 1805 2188; x_wconf 83' lang='lat' dir='ltr'><strong>splendidissimam</strong></span> 
     </span>
    </p>
   </div>
   <div class='ocr_carea' id='block_1_33' title="bbox 252 2209 1810 2278">
    <p class='ocr_par' dir='ltr' id='par_1_33' title="bbox 252 2209 1810 2278">
     <span class='ocr_line' id='line_1_33' title="bbox 252 2209 1810 2278; baseline 0.001 -14"><span class='ocrx_word' id='word_1_228' title='bbox 252 2212 487 2267; x_wconf 86' lang='lat' dir='ltr'><strong>attollens</strong></span> <span class='ocrx_word' id='word_1_229' title='bbox 508 2210 703 2278; x_wconf 80' lang='lat' dir='ltr'><strong>facem,</strong></span> <span class='ocrx_word' id='word_1_230' title='bbox 731 2222 949 2267; x_wconf 86' lang='lat' dir='ltr'><strong>cunctos</strong></span> <span class='ocrx_word' id='word_1_231' title='bbox 977 2209 1043 2266; x_wconf 88' lang='lat' dir='ltr'><strong>de</strong></span> <span class='ocrx_word' id='word_1_232' title='bbox 1060 2209 1287 2265; x_wconf 85' lang='lat' dir='ltr'><strong>numinis</strong></span> <span class='ocrx_word' id='word_1_233' title='bbox 1329 2209 1404 2265; x_wconf 91' lang='lat' dir='ltr'><strong>tui</strong></span> <span class='ocrx_word' id='word_1_234' title='bbox 1446 2209 1589 2267; x_wconf 90' lang='lat' dir='ltr'><strong>cultu</strong></span> <span class='ocrx_word' id='word_1_235' title='bbox 1628 2210 1810 2265; x_wconf 86' lang='lat' dir='ltr'><strong>admo—</strong></span> 
     </span>
    </p>
   </div>
   <div class='ocr_carea' id='block_1_34' title="bbox 252 2300 421 2358">
    <p class='ocr_par' dir='ltr' id='par_1_34' title="bbox 252 2300 421 2358">
     <span class='ocr_line' id='line_1_34' title="bbox 252 2300 421 2358; baseline -0.012 -3"><span class='ocrx_word' id='word_1_236' title='bbox 252 2300 421 2358; x_wconf 84' lang='lat' dir='ltr'><strong>uuisti.</strong></span> 
     </span>
    </p>
   </div>
   <div class='ocr_carea' id='block_1_35' title="bbox 1913 1750 3483 1828">
    <p class='ocr_par' dir='ltr' id='par_1_35' title="bbox 1913 1750 3483 1828">
     <span class='ocr_line' id='line_1_35' title="bbox 1913 1750 3483 1828; baseline -0.001 -20"><span class='ocrx_word' id='word_1_237' title='bbox 1913 1754 2014 1812; x_wconf 80' lang='grc' dir='ltr'>ἀλλ’</span> <span class='ocrx_word' id='word_1_238' title='bbox 2040 1756 2089 1820; x_wconf 75' lang='grc' dir='ltr'><strong>ἐξ</strong></span> <span class='ocrx_word' id='word_1_239' title='bbox 2120 1750 2277 1828; x_wconf 79' lang='grc' dir='ltr'>οὗπερ</span> <span class='ocrx_word' id='word_1_240' title='bbox 2313 1758 2403 1812; x_wconf 78' lang='grc' dir='ltr'>τήν</span> <span class='ocrx_word' id='word_1_241' title='bbox 2444 1761 2543 1809; x_wconf 85' lang='grc' dir='ltr'>τῶν</span> <span class='ocrx_word' id='word_1_242' title='bbox 2586 1750 2711 1808; x_wconf 83' lang='grc' dir='ltr'>ὅλων</span> <span class='ocrx_word' id='word_1_243' title='bbox 2752 1751 3085 1825; x_wconf 76' lang='grc' dir='ltr'><strong>διακόσμησιν</strong></span> <span class='ocrx_word' id='word_1_244' title='bbox 3122 1755 3315 1827; x_wconf 86' lang='grc' dir='ltr'>παγίως</span> <span class='ocrx_word' id='word_1_245' title='bbox 3348 1773 3483 1825; x_wconf 43' lang='grc' dir='ltr'>γεγε.</span> 
     </span>
    </p>
   </div>
   <div class='ocr_carea' id='block_1_36' title="bbox 1912 1844 3471 1920">
    <p class='ocr_par' dir='ltr' id='par_1_36' title="bbox 1912 1844 3471 1920">
     <span class='ocr_line' id='line_1_36' title="bbox 1912 1844 3471 1920; baseline -0.001 -19"><span class='ocrx_word' id='word_1_246' title='bbox 1912 1848 2090 1904; x_wconf 84' lang='grc' dir='ltr'>νῆσθαι</span> <span class='ocrx_word' id='word_1_247' title='bbox 2112 1847 2523 1917; x_wconf 78' lang='grc' dir='ltr'>πεπιστεύκαμεν</span> <span class='ocrx_word' id='word_1_248' title='bbox 2543 1884 2557 1909; x_wconf 87' lang='grc'><strong>,</strong></span> <span class='ocrx_word' id='word_1_249' title='bbox 2590 1846 2719 1915; x_wconf 82' lang='grc' dir='ltr'>μετά</span> <span class='ocrx_word' id='word_1_250' title='bbox 2742 1850 2833 1901; x_wconf 87' lang='grc' dir='ltr'><strong>τοῦ</strong></span> <span class='ocrx_word' id='word_1_251' title='bbox 2862 1845 3141 1920; x_wconf 81' lang='grc' dir='ltr'>πρίποντός</span> <span class='ocrx_word' id='word_1_252' title='bbox 3168 1865 3262 1901; x_wconf 90' lang='grc' dir='ltr'><strong>σου</strong></span> <span class='ocrx_word' id='word_1_253' title='bbox 3285 1844 3471 1899; x_wconf 80' lang='grc' dir='ltr'>σεϐάσ·</span> 
     </span>
    </p>
   </div>
   <div class='ocr_carea' id='block_1_37' title="bbox 1911 1932 3479 2011">
    <p class='ocr_par' dir='ltr' id='par_1_37' title="bbox 1911 1932 3479 2011">
     <span class='ocr_line' id='line_1_37' title="bbox 1911 1932 3479 2011; baseline -0.001 -20"><span class='ocrx_word' id='word_1_254' title='bbox 1911 1957 2073 2007; x_wconf 80' lang='grc' dir='ltr'>ματος</span> <span class='ocrx_word' id='word_1_255' title='bbox 2108 1941 2258 1994; x_wconf 87' lang='grc' dir='ltr'>τοῦτο</span> <span class='ocrx_word' id='word_1_256' title='bbox 2282 1936 2655 2011; x_wconf 72' lang='grc' dir='ltr'>παρεκελεύσω.</span> <span class='ocrx_word' id='word_1_257' title='bbox 2691 1936 2879 2008; x_wconf 68' lang='grc' dir='ltr'>ίσφάλη</span> <span class='ocrx_word' id='word_1_258' title='bbox 2908 1932 2961 1992; x_wconf 65' lang='grc' dir='ltr'><em>δέ</em></span> <span class='ocrx_word' id='word_1_259' title='bbox 2983 1936 3040 1990; x_wconf 88' lang='grc' dir='ltr'>τὸ</span> <span class='ocrx_word' id='word_1_260' title='bbox 3076 1936 3373 2011; x_wconf 75' lang='grc' dir='ltr'>ἁνθρὸητινον</span> <span class='ocrx_word' id='word_1_261' title='bbox 3399 1937 3479 2007; x_wconf 79' lang='grc' dir='ltr'><strong>γέ-</strong></span> 
     </span>
    </p>
   </div>
   <div class='ocr_carea' id='block_1_38' title="bbox 1908 2025 3479 2101">
    <p class='ocr_par' dir='ltr' id='par_1_38' title="bbox 1908 2025 3479 2101">
     <span class='ocr_line' id='line_1_38' title="bbox 1908 2025 3479 2101; baseline -0.002 -18"><span class='ocrx_word' id='word_1_262' title='bbox 1908 2050 2009 2095; x_wconf 79' lang='grc' dir='ltr'>νος,</span> <span class='ocrx_word' id='word_1_263' title='bbox 2049 2029 2256 2089; x_wconf 66' lang='grc' dir='ltr'>πλάναις</span> <span class='ocrx_word' id='word_1_264' title='bbox 2284 2030 2540 2089; x_wconf 80' lang='grc' dir='ltr'>παντοίαις</span> <span class='ocrx_word' id='word_1_265' title='bbox 2579 2029 2917 2101; x_wconf 65' lang='grc' dir='ltr'>παρηγμένον.</span> <span class='ocrx_word' id='word_1_266' title='bbox 2950 2027 3073 2085; x_wconf 75' lang='grc' dir='ltr'>ἀλλὰ</span> <span class='ocrx_word' id='word_1_267' title='bbox 3098 2029 3165 2083; x_wconf 82' lang='grc' dir='ltr'>σύ</span> <span class='ocrx_word' id='word_1_268' title='bbox 3194 2048 3248 2099; x_wconf 89' lang='grc' dir='ltr'><strong>γε</strong></span> <span class='ocrx_word' id='word_1_269' title='bbox 3276 2025 3358 2081; x_wconf 81' lang='grc' dir='ltr'>διὰ</span> <span class='ocrx_word' id='word_1_270' title='bbox 3386 2033 3479 2081; x_wconf 87' lang='grc' dir='ltr'><strong>τοῦ</strong></span> 
     </span>
    </p>
   </div>
   <div class='ocr_carea' id='block_1_39' title="bbox 1915 2119 3479 2194">
    <p class='ocr_par' dir='ltr' id='par_1_39' title="bbox 1915 2119 3479 2194">
     <span class='ocr_line' id='line_1_39' title="bbox 1915 2119 3479 2194; baseline -0.001 -17"><span class='ocrx_word' id='word_1_271' title='bbox 1915 2128 2009 2179; x_wconf 89' lang='grc' dir='ltr'><strong>σοῦ</strong></span> <span class='ocrx_word' id='word_1_272' title='bbox 2037 2122 2148 2177; x_wconf 85' lang='grc' dir='ltr'>υίοῦ</span> <span class='ocrx_word' id='word_1_273' title='bbox 2170 2161 2185 2187; x_wconf 93' lang='grc'><strong>,</strong></span> <span class='ocrx_word' id='word_1_274' title='bbox 2217 2122 2299 2176; x_wconf 79' lang='grc' dir='ltr'>ἶνα</span> <span class='ocrx_word' id='word_1_275' title='bbox 2327 2125 2397 2193; x_wconf 66' lang='grc' dir='ltr'>μή</span> <span class='ocrx_word' id='word_1_276' title='bbox 2422 2122 2480 2175; x_wconf 86' lang='grc' dir='ltr'>τὸ</span> <span class='ocrx_word' id='word_1_277' title='bbox 2507 2123 2649 2177; x_wconf 73' lang='grc' dir='ltr'>κακὸν</span> <span class='ocrx_word' id='word_1_278' title='bbox 2678 2122 2763 2176; x_wconf 74' lang='grc' dir='ltr'><strong>ἐπὶ</strong></span> <span class='ocrx_word' id='word_1_279' title='bbox 2794 2120 2941 2174; x_wconf 75' lang='grc' dir='ltr'>πλέον</span> <span class='ocrx_word' id='word_1_280' title='bbox 2970 2119 3235 2194; x_wconf 65' lang='grc' dir='ltr'>ίπιϐρίσνρ,</span> <span class='ocrx_word' id='word_1_281' title='bbox 3266 2121 3479 2192; x_wconf 77' lang='grc' dir='ltr'>καθαρὸν</span> 
     </span>
    </p>
   </div>
   <div class='ocr_carea' id='block_1_40' title="bbox 1917 2209 3397 2288">
    <p class='ocr_par' dir='ltr' id='par_1_40' title="bbox 1917 2209 3397 2288">
     <span class='ocr_line' id='line_1_40' title="bbox 1917 2209 3397 2288; baseline -0.009 -14"><span class='ocrx_word' id='word_1_282' title='bbox 1917 2221 2019 2285; x_wconf 75' lang='grc' dir='ltr'><strong>φῶς</strong></span> <span class='ocrx_word' id='word_1_283' title='bbox 2045 2216 2307 2285; x_wconf 79' lang='grc' dir='ltr'>ἀνασχὼν,</span> <span class='ocrx_word' id='word_1_284' title='bbox 2338 2212 2628 2283; x_wconf 75' lang='grc' dir='ltr'>ὑπέμνησας</span> <span class='ocrx_word' id='word_1_285' title='bbox 2652 2212 2773 2288; x_wconf 76' lang='grc' dir='ltr'>περί</span> <span class='ocrx_word' id='word_1_286' title='bbox 2798 2214 3023 2267; x_wconf 78' lang='grc' dir='ltr'>σεαυτοῦ</span> <span class='ocrx_word' id='word_1_287' title='bbox 3039 2210 3159 2273; x_wconf 80' lang='grc' dir='ltr'>τοὺς</span> <span class='ocrx_word' id='word_1_288' title='bbox 3182 2209 3397 2270; x_wconf 80' lang='grc' dir='ltr'>πάντας.</span> 
     </span>
    </p>
   </div>
   <div class='ocr_carea' id='block_1_41' title="bbox 1044 2405 2643 2453">
    <p class='ocr_par' dir='ltr' id='par_1_41' title="bbox 1044 2405 2643 2453">
     <span class='ocr_line' id='line_1_41' title="bbox 1044 2405 2643 2453; baseline -0.003 -3"><span class='ocrx_word' id='word_1_289' title='bbox 1044 2409 1240 2451; x_wconf 79' lang='grc' dir='ltr'>ιτειιωι</span> <span class='ocrx_word' id='word_1_290' title='bbox 1260 2408 1359 2452; x_wconf 68' lang='grc' dir='ltr'><strong>ι)εο</strong></span> <span class='ocrx_word' id='word_1_291' title='bbox 1380 2409 1609 2451; x_wconf 73' lang='grc' dir='ltr'>οιοιιωι</span> <span class='ocrx_word' id='word_1_292' title='bbox 1627 2410 1836 2453; x_wconf 73' lang='grc' dir='ltr'>τιιιευιτ</span> <span class='ocrx_word' id='word_1_293' title='bbox 1856 2409 1923 2450; x_wconf 73' lang='lat' dir='ltr'><strong>EX</strong></span> <span class='ocrx_word' id='word_1_294' title='bbox 1942 2408 2239 2450; x_wconf 70' lang='lat' dir='ltr'><strong>liNlS’l‘BllO</strong></span> <span class='ocrx_word' id='word_1_295' title='bbox 2258 2405 2448 2449; x_wconf 75' lang='grc' dir='ltr'>τοτιυε</span> <span class='ocrx_word' id='word_1_296' title='bbox 2463 2406 2643 2447; x_wconf 73' lang='lat' dir='ltr'><strong>IUNDI.</strong></span> 
     </span>
    </p>
   </div>
   <div class='ocr_carea' id='block_1_42' title="bbox 315 2505 1797 2577">
    <p class='ocr_par' dir='ltr' id='par_1_42' title="bbox 315 2505 1797 2577">
     <span class='ocr_line' id='line_1_42' title="bbox 315 2505 1797 2577; baseline -0.001 -15"><span class='ocrx_word' id='word_1_297' title='bbox 315 2523 386 2563; x_wconf 70' lang='grc' dir='ltr'>ιι.</span> <span class='ocrx_word' id='word_1_298' title='bbox 415 2506 583 2577; x_wconf 77' lang='lat' dir='ltr'><strong>liuius</strong></span> <span class='ocrx_word' id='word_1_299' title='bbox 609 2506 687 2562; x_wconf 89' lang='lat' dir='ltr'><strong>rel</strong></span> <span class='ocrx_word' id='word_1_300' title='bbox 719 2506 876 2561; x_wconf 82' lang='lat' dir='ltr'><strong>ﬁdem</strong></span> <span class='ocrx_word' id='word_1_301' title='bbox 900 2505 1094 2562; x_wconf 82' lang='lat' dir='ltr'><strong>faciunt</strong></span> <span class='ocrx_word' id='word_1_302' title='bbox 1115 2521 1275 2576; x_wconf 91' lang='lat' dir='ltr'><strong>opera</strong></span> <span class='ocrx_word' id='word_1_303' title='bbox 1305 2516 1410 2561; x_wconf 90' lang='lat' dir='ltr'><strong>tua.</strong></span> <span class='ocrx_word' id='word_1_304' title='bbox 1440 2507 1552 2561; x_wconf 81' lang='lat' dir='ltr'><strong>Tua</strong></span> <span class='ocrx_word' id='word_1_305' title='bbox 1582 2520 1678 2561; x_wconf 88' lang='lat' dir='ltr'><strong>nos</strong></span> <span class='ocrx_word' id='word_1_306' title='bbox 1702 2520 1797 2575; x_wconf 85' lang='lat' dir='ltr'><strong>po-</strong></span> 
     </span>
    </p>
   </div>
   <div class='ocr_carea' id='block_1_43' title="bbox 253 2596 1801 2654">
    <p class='ocr_par' dir='ltr' id='par_1_43' title="bbox 253 2596 1801 2654">
     <span class='ocr_line' id='line_1_43' title="bbox 253 2596 1801 2654; baseline 0.001 -3"><span class='ocrx_word' id='word_1_307' title='bbox 253 2608 403 2654; x_wconf 67' lang='lat' dir='ltr'><strong>testas</strong></span> <span class='ocrx_word' id='word_1_308' title='bbox 425 2599 744 2653; x_wconf 88' lang='lat' dir='ltr'><strong>innocentes</strong></span> <span class='ocrx_word' id='word_1_309' title='bbox 764 2597 927 2653; x_wconf 81' lang='lat' dir='ltr'><strong>efﬁcit</strong></span> <span class='ocrx_word' id='word_1_310' title='bbox 944 2612 1005 2651; x_wconf 90' lang='lat' dir='ltr'><strong>ac</strong></span> <span class='ocrx_word' id='word_1_311' title='bbox 1026 2597 1227 2653; x_wconf 78' lang='lat' dir='ltr'><strong>ﬁdeles.</strong></span> <span class='ocrx_word' id='word_1_312' title='bbox 1247 2596 1337 2652; x_wconf 90' lang='lat' dir='ltr'><strong>Sol</strong></span> <span class='ocrx_word' id='word_1_313' title='bbox 1363 2607 1416 2653; x_wconf 89' lang='lat' dir='ltr'><strong>et</strong></span> <span class='ocrx_word' id='word_1_314' title='bbox 1439 2597 1560 2652; x_wconf 85' lang='lat' dir='ltr'><strong>luna</strong></span> <span class='ocrx_word' id='word_1_315' title='bbox 1582 2598 1711 2652; x_wconf 87' lang='lat' dir='ltr'><strong>ratis</strong></span> <span class='ocrx_word' id='word_1_316' title='bbox 1739 2612 1801 2652; x_wconf 89' lang='lat' dir='ltr'><strong>ac</strong></span> 
     </span>
    </p>
   </div>
   <div class='ocr_carea' id='block_1_44' title="bbox 253 2687 1803 2752">
    <p class='ocr_par' dir='ltr' id='par_1_44' title="bbox 253 2687 1803 2752">
     <span class='ocr_line' id='line_1_44' title="bbox 253 2687 1803 2752; baseline 0.001 -10"><span class='ocrx_word' id='word_1_317' title='bbox 253 2688 469 2745; x_wconf 82' lang='lat' dir='ltr'><strong>deﬁnitis</strong></span> <span class='ocrx_word' id='word_1_318' title='bbox 515 2688 760 2743; x_wconf 89' lang='lat' dir='ltr'><strong>cursibus</strong></span> <span class='ocrx_word' id='word_1_319' title='bbox 817 2689 1091 2752; x_wconf 75' lang='lat' dir='ltr'><strong>feruntur;</strong></span> <span class='ocrx_word' id='word_1_320' title='bbox 1138 2702 1236 2743; x_wconf 90' lang='lat' dir='ltr'><strong>nec</strong></span> <span class='ocrx_word' id='word_1_321' title='bbox 1272 2688 1386 2742; x_wconf 91' lang='lat' dir='ltr'><strong>sine</strong></span> <span class='ocrx_word' id='word_1_322' title='bbox 1430 2687 1617 2743; x_wconf 88' lang='lat' dir='ltr'><strong>ordine</strong></span> <span class='ocrx_word' id='word_1_323' title='bbox 1662 2689 1803 2743; x_wconf 85' lang='lat' dir='ltr'><strong>circa</strong></span> 
     </span>
    </p>
   </div>
   <div class='ocr_carea' id='block_1_45' title="bbox 252 2779 1808 2851">
    <p class='ocr_par' dir='ltr' id='par_1_45' title="bbox 252 2779 1808 2851">
     <span class='ocr_line' id='line_1_45' title="bbox 252 2779 1808 2851; baseline 0.002 -17"><span class='ocrx_word' id='word_1_324' title='bbox 252 2781 420 2835; x_wconf 87' lang='lat' dir='ltr'><strong>mundi</strong></span> <span class='ocrx_word' id='word_1_325' title='bbox 452 2782 615 2835; x_wconf 92' lang='lat' dir='ltr'><strong>totius</strong></span> <span class='ocrx_word' id='word_1_326' title='bbox 657 2794 808 2835; x_wconf 84' lang='lat' dir='ltr'><strong>axem</strong></span> <span class='ocrx_word' id='word_1_327' title='bbox 851 2779 1024 2834; x_wconf 88' lang='lat' dir='ltr'><strong>sidera</strong></span> <span class='ocrx_word' id='word_1_328' title='bbox 1072 2779 1374 2835; x_wconf 84' lang='lat' dir='ltr'><strong>volvuntur.</strong></span> <span class='ocrx_word' id='word_1_329' title='bbox 1396 2779 1551 2837; x_wconf 86' lang='lat' dir='ltr'><strong>Certa</strong></span> <span class='ocrx_word' id='word_1_330' title='bbox 1581 2780 1696 2851; x_wconf 86' lang='lat' dir='ltr'><strong>lege</strong></span> <span class='ocrx_word' id='word_1_331' title='bbox 1724 2798 1808 2837; x_wconf 76' lang='grc' dir='ltr'><strong>ω·-</strong></span> 
     </span>
    </p>
   </div>
   <div class='ocr_carea' id='block_1_46' title="bbox 251 2878 1803 2946">
    <p class='ocr_par' dir='ltr' id='par_1_46' title="bbox 251 2878 1803 2946">
     <span class='ocr_line' id='line_1_46' title="bbox 251 2878 1803 2946; baseline 0.006 -22"><span class='ocrx_word' id='word_1_332' title='bbox 251 2885 454 2929; x_wconf 91' lang='lat' dir='ltr'><strong>currunt</strong></span> <span class='ocrx_word' id='word_1_333' title='bbox 484 2885 784 2946; x_wconf 85' lang='lat' dir='ltr'><strong>temporum</strong></span> <span class='ocrx_word' id='word_1_334' title='bbox 807 2880 968 2933; x_wconf 91' lang='lat' dir='ltr'><strong>vices.</strong></span> <span class='ocrx_word' id='word_1_335' title='bbox 996 2878 1108 2934; x_wconf 91' lang='lat' dir='ltr'><strong>Tuo</strong></span> <span class='ocrx_word' id='word_1_336' title='bbox 1129 2881 1292 2934; x_wconf 92' lang='lat' dir='ltr'><strong>verbo</strong></span> <span class='ocrx_word' id='word_1_337' title='bbox 1342 2888 1445 2934; x_wconf 87' lang='lat' dir='ltr'><strong>stat</strong></span> <span class='ocrx_word' id='word_1_338' title='bbox 1477 2888 1627 2933; x_wconf 69' lang='lat' dir='ltr'><strong>terra:</strong></span> <span class='ocrx_word' id='word_1_339' title='bbox 1655 2880 1803 2933; x_wconf 86' lang='lat' dir='ltr'><strong>lirma</strong></span> 
     </span>
    </p>
   </div>
   <div class='ocr_carea' id='block_1_47' title="bbox 248 2962 1805 3039">
    <p class='ocr_par' dir='ltr' id='par_1_47' title="bbox 248 2962 1805 3039">
     <span class='ocr_line' id='line_1_47' title="bbox 248 2962 1805 3039; baseline 0.005 -25"><span class='ocrx_word' id='word_1_340' title='bbox 248 2962 494 3030; x_wconf 89' lang='lat' dir='ltr'><strong>soliditas,</strong></span> <span class='ocrx_word' id='word_1_341' title='bbox 527 2976 583 3020; x_wconf 92' lang='lat' dir='ltr'><strong>et</strong></span> <span class='ocrx_word' id='word_1_342' title='bbox 605 2969 746 3021; x_wconf 84' lang='lat' dir='ltr'><strong>venti</strong></span> <span class='ocrx_word' id='word_1_343' title='bbox 797 2970 1091 3037; x_wconf 71' lang='lat' dir='ltr'><strong>praestituto</strong></span> <span class='ocrx_word' id='word_1_344' title='bbox 1141 2980 1382 3039; x_wconf 89' lang='lat' dir='ltr'><strong>tempore</strong></span> <span class='ocrx_word' id='word_1_345' title='bbox 1424 2978 1724 3033; x_wconf 85' lang='lat' dir='ltr'><strong>moventur,</strong></span> <span class='ocrx_word' id='word_1_346' title='bbox 1752 2977 1805 3024; x_wconf 91' lang='lat' dir='ltr'><strong>et</strong></span> 
     </span>
    </p>
   </div>
   <div class='ocr_carea' id='block_1_48' title="bbox 249 3058 1803 3130">
    <p class='ocr_par' dir='ltr' id='par_1_48' title="bbox 249 3058 1803 3130">
     <span class='ocr_line' id='line_1_48' title="bbox 249 3058 1803 3130; baseline 0.008 -27"><span class='ocrx_word' id='word_1_347' title='bbox 249 3064 495 3121; x_wconf 84' lang='lat' dir='ltr'><strong>aquarum</strong></span> <span class='ocrx_word' id='word_1_348' title='bbox 527 3058 765 3126; x_wconf 84' lang='lat' dir='ltr'><strong>impetus</strong></span> <span class='ocrx_word' id='word_1_349' title='bbox 794 3059 1077 3128; x_wconf 90' lang='lat' dir='ltr'><strong>irrcquieto</strong></span> <span class='ocrx_word' id='word_1_350' title='bbox 1131 3060 1273 3115; x_wconf 80' lang='lat' dir='ltr'><strong>ﬂuxu</strong></span> <span class='ocrx_word' id='word_1_351' title='bbox 1322 3060 1632 3130; x_wconf 85' lang='lat' dir='ltr'><strong>prolabitur.</strong></span> <span class='ocrx_word' id='word_1_352' title='bbox 1662 3059 1803 3115; x_wconf 81' lang='lat' dir='ltr'><strong>Mare</strong></span> 
     </span>
    </p>
   </div>
   <div class='ocr_carea' id='block_1_49' title="bbox 249 3140 1802 3221">
    <p class='ocr_par' dir='ltr' id='par_1_49' title="bbox 249 3140 1802 3221">
     <span class='ocr_line' id='line_1_49' title="bbox 249 3140 1802 3221; baseline 0.006 -26"><span class='ocrx_word' id='word_1_353' title='bbox 249 3140 467 3200; x_wconf 89' lang='lat' dir='ltr'><strong>immotis</strong></span> <span class='ocrx_word' id='word_1_354' title='bbox 496 3148 803 3202; x_wconf 89' lang='lat' dir='ltr'><strong>continetur</strong></span> <span class='ocrx_word' id='word_1_355' title='bbox 834 3150 1091 3205; x_wconf 89' lang='lat' dir='ltr'><strong>terminis.</strong></span> <span class='ocrx_word' id='word_1_356' title='bbox 1124 3151 1191 3206; x_wconf 88' lang='lat' dir='ltr'><strong>Et</strong></span> <span class='ocrx_word' id='word_1_357' title='bbox 1229 3150 1478 3221; x_wconf 87' lang='lat' dir='ltr'><strong>quidquid</strong></span> <span class='ocrx_word' id='word_1_358' title='bbox 1508 3165 1599 3220; x_wconf 87' lang='lat' dir='ltr'><strong>per</strong></span> <span class='ocrx_word' id='word_1_359' title='bbox 1631 3159 1802 3205; x_wconf 86' lang='lat' dir='ltr'><strong>terras</strong></span> 
     </span>
    </p>
   </div>
   <div class='ocr_carea' id='block_1_50' title="bbox 1975 2505 3481 2582">
    <p class='ocr_par' dir='ltr' id='par_1_50' title="bbox 1975 2505 3481 2582">
     <span class='ocr_line' id='line_1_50' title="bbox 1975 2505 3481 2582; baseline 0.003 -22"><span class='ocrx_word' id='word_1_360' title='bbox 1975 2522 2049 2560; x_wconf 76' lang='grc' dir='ltr'>ιι.</span> <span class='ocrx_word' id='word_1_361' title='bbox 2081 2508 2137 2563; x_wconf 82' lang='grc' dir='ltr'>Δί</span> <span class='ocrx_word' id='word_1_362' title='bbox 2178 2509 2263 2561; x_wconf 80' lang='grc' dir='ltr'><strong>σαί</strong></span> <span class='ocrx_word' id='word_1_363' title='bbox 2311 2507 2515 2580; x_wconf 73' lang='grc' dir='ltr'>πράξεις</span> <span class='ocrx_word' id='word_1_364' title='bbox 2553 2512 2721 2562; x_wconf 89' lang='grc' dir='ltr'>ταῦτα</span> <span class='ocrx_word' id='word_1_365' title='bbox 2745 2508 3065 2563; x_wconf 84' lang='grc' dir='ltr'>πιστοῦνται⁹</span> <span class='ocrx_word' id='word_1_366' title='bbox 3096 2505 3156 2561; x_wconf 83' lang='grc' dir='ltr'>τὸ</span> <span class='ocrx_word' id='word_1_367' title='bbox 3182 2506 3272 2562; x_wconf 84' lang='grc' dir='ltr'><strong>σὸν</strong></span> <span class='ocrx_word' id='word_1_368' title='bbox 3297 2509 3481 2582; x_wconf 80' lang='grc' dir='ltr'>κράτος</span> 
     </span>
    </p>
   </div>
   <div class='ocr_carea' id='block_1_51' title="bbox 1908 2598 3479 2676">
    <p class='ocr_par' dir='ltr' id='par_1_51' title="bbox 1908 2598 3479 2676">
     <span class='ocr_line' id='line_1_51' title="bbox 1908 2598 3479 2676; baseline 0.004 -24"><span class='ocrx_word' id='word_1_369' title='bbox 1908 2601 2101 2659; x_wconf 83' lang='grc' dir='ltr'>ἀθὼονς</span> <span class='ocrx_word' id='word_1_370' title='bbox 2143 2600 2276 2669; x_wconf 70' lang='grc' dir='ltr'>ἡμᾶς</span> <span class='ocrx_word' id='word_1_371' title='bbox 2316 2602 2399 2653; x_wconf 80' lang='grc' dir='ltr'>καί</span> <span class='ocrx_word' id='word_1_372' title='bbox 2442 2600 2658 2660; x_wconf 83' lang='grc' dir='ltr'>πιστοὺς</span> <span class='ocrx_word' id='word_1_373' title='bbox 2687 2600 2966 2676; x_wconf 78' lang='grc' dir='ltr'>ίργάζεται³</span> <span class='ocrx_word' id='word_1_374' title='bbox 3005 2598 3137 2659; x_wconf 79' lang='grc' dir='ltr'>ἣλιος</span> <span class='ocrx_word' id='word_1_375' title='bbox 3175 2603 3260 2653; x_wconf 75' lang='grc' dir='ltr'><strong>καὶ</strong></span> <span class='ocrx_word' id='word_1_376' title='bbox 3301 2600 3479 2658; x_wconf 75' lang='grc' dir='ltr'>σελήνη</span> 
     </span>
    </p>
   </div>
   <div class='ocr_carea' id='block_1_52' title="bbox 1911 2686 3479 2765">
    <p class='ocr_par' dir='ltr' id='par_1_52' title="bbox 1911 2686 3479 2765">
     <span class='ocr_line' id='line_1_52' title="bbox 1911 2686 3479 2765; baseline 0.003 -20"><span class='ocrx_word' id='word_1_377' title='bbox 1911 2690 2107 2762; x_wconf 72' lang='grc' dir='ltr'>ἔννομον</span> <span class='ocrx_word' id='word_1_378' title='bbox 2134 2687 2321 2759; x_wconf 69' lang='grc' dir='ltr'>ἔχουσι</span> <span class='ocrx_word' id='word_1_379' title='bbox 2344 2694 2434 2748; x_wconf 80' lang='grc' dir='ltr'>τήν</span> <span class='ocrx_word' id='word_1_380' title='bbox 2456 2690 2681 2763; x_wconf 78' lang='grc' dir='ltr'>πορείαν,</span> <span class='ocrx_word' id='word_1_381' title='bbox 2705 2687 2816 2744; x_wconf 71' lang='grc' dir='ltr'>οὐδὲ</span> <span class='ocrx_word' id='word_1_382' title='bbox 2844 2690 2910 2744; x_wconf 82' lang='grc' dir='ltr'><strong>τὰ</strong></span> <span class='ocrx_word' id='word_1_383' title='bbox 2938 2686 3108 2765; x_wconf 82' lang='grc' dir='ltr'>ἄστρα</span> <span class='ocrx_word' id='word_1_384' title='bbox 3129 2686 3342 2745; x_wconf 79' lang='grc' dir='ltr'>ἄτακτον</span> <span class='ocrx_word' id='word_1_385' title='bbox 3364 2689 3479 2762; x_wconf 71' lang='grc' dir='ltr'>ἔχει</span> 
     </span>
    </p>
   </div>
   <div class='ocr_carea' id='block_1_53' title="bbox 1910 2777 3478 2854">
    <p class='ocr_par' dir='ltr' id='par_1_53' title="bbox 1910 2777 3478 2854">
     <span class='ocr_line' id='line_1_53' title="bbox 1910 2777 3478 2854; baseline 0.001 -18"><span class='ocrx_word' id='word_1_386' title='bbox 1910 2786 1999 2840; x_wconf 72' lang='grc' dir='ltr'>τὴν</span> <span class='ocrx_word' id='word_1_387' title='bbox 2025 2786 2115 2835; x_wconf 90' lang='grc' dir='ltr'><strong>τοῦ</strong></span> <span class='ocrx_word' id='word_1_388' title='bbox 2144 2785 2376 2852; x_wconf 83' lang='grc' dir='ltr'>κοσμικοῦ</span> <span class='ocrx_word' id='word_1_389' title='bbox 2400 2777 2583 2834; x_wconf 76' lang='grc' dir='ltr'>κύκλου</span> <span class='ocrx_word' id='word_1_390' title='bbox 2606 2782 2894 2854; x_wconf 80' lang='grc' dir='ltr'>περιφορὰν·</span> <span class='ocrx_word' id='word_1_391' title='bbox 2925 2780 2976 2835; x_wconf 86' lang='grc' dir='ltr'><strong>αί</strong></span> <span class='ocrx_word' id='word_1_392' title='bbox 2999 2787 3097 2833; x_wconf 87' lang='grc' dir='ltr'>τῶν</span> <span class='ocrx_word' id='word_1_393' title='bbox 3124 2788 3308 2854; x_wconf 81' lang='grc' dir='ltr'>καιρῶν</span> <span class='ocrx_word' id='word_1_394' title='bbox 3331 2783 3478 2850; x_wconf 82' lang='grc' dir='ltr'>ἀμοι-</span> 
     </span>
    </p>
   </div>
   <div class='ocr_carea' id='block_1_54' title="bbox 1918 2868 3476 2945">
    <p class='ocr_par' dir='ltr' id='par_1_54' title="bbox 1918 2868 3476 2945">
     <span class='ocr_line' id='line_1_54' title="bbox 1918 2868 3476 2945; baseline -0.002 -19"><span class='ocrx_word' id='word_1_395' title='bbox 1918 2874 2002 2929; x_wconf 79' lang='grc' dir='ltr'>ϐαὶ</span> <span class='ocrx_word' id='word_1_396' title='bbox 2029 2873 2253 2944; x_wconf 76' lang='grc' dir='ltr'>νομίμως</span> <span class='ocrx_word' id='word_1_397' title='bbox 2272 2870 2681 2928; x_wconf 78' lang='grc' dir='ltr'>ἁνακνκλοῦνται⁶</span> <span class='ocrx_word' id='word_1_398' title='bbox 2719 2871 2750 2927; x_wconf 76' lang='grc' dir='ltr'><strong><em>ὐ</em></strong></span> <span class='ocrx_word' id='word_1_399' title='bbox 2772 2876 2862 2929; x_wconf 73' lang='grc' dir='ltr'>τῆς</span> <span class='ocrx_word' id='word_1_400' title='bbox 2886 2877 2977 2940; x_wconf 80' lang='grc' dir='ltr'>γῆς</span> <span class='ocrx_word' id='word_1_401' title='bbox 3004 2868 3175 2945; x_wconf 78' lang='grc' dir='ltr'>έδραία</span> <span class='ocrx_word' id='word_1_402' title='bbox 3192 2870 3374 2930; x_wconf 83' lang='grc' dir='ltr'>στάσις</span> <span class='ocrx_word' id='word_1_403' title='bbox 3403 2878 3476 2944; x_wconf 79' lang='grc' dir='ltr'>τῷ</span> 
     </span>
    </p>
   </div>
   <div class='ocr_carea' id='block_1_55' title="bbox 1911 2958 3479 3035">
    <p class='ocr_par' dir='ltr' id='par_1_55' title="bbox 1911 2958 3479 3035">
     <span class='ocr_line' id='line_1_55' title="bbox 1911 2958 3479 3035; baseline -0.001 -18"><span class='ocrx_word' id='word_1_404' title='bbox 1911 2970 1986 3035; x_wconf 83' lang='grc' dir='ltr'>σῷ</span> <span class='ocrx_word' id='word_1_405' title='bbox 2166 2962 2454 3019; x_wconf 79' lang='grc' dir='ltr'>συνίστηκε’</span> <span class='ocrx_word' id='word_1_406' title='bbox 2487 2961 2571 3014; x_wconf 73' lang='grc' dir='ltr'><strong>καί</strong></span> <span class='ocrx_word' id='word_1_407' title='bbox 2609 2958 2666 3014; x_wconf 87' lang='grc' dir='ltr'>τὸ</span> <span class='ocrx_word' id='word_1_408' title='bbox 2692 2964 2891 3029; x_wconf 84' lang='grc' dir='ltr'>πνεῦμα</span> <span class='ocrx_word' id='word_1_409' title='bbox 2916 2961 3043 3014; x_wconf 83' lang='grc' dir='ltr'>κατὰ</span> <span class='ocrx_word' id='word_1_410' title='bbox 3081 2960 3164 3015; x_wconf 85' lang='grc' dir='ltr'>τὸν</span> <span class='ocrx_word' id='word_1_411' title='bbox 3192 2961 3479 3030; x_wconf 78' lang='grc' dir='ltr'>ίπαχθίντα</span> 
     </span>
    </p>
   </div>
   <div class='ocr_carea' id='block_1_56' title="bbox 1908 3048 3476 3128">
    <p class='ocr_par' dir='ltr' id='par_1_56' title="bbox 1908 3048 3476 3128">
     <span class='ocr_line' id='line_1_56' title="bbox 1908 3048 3476 3128; baseline -0.001 -20"><span class='ocrx_word' id='word_1_412' title='bbox 1908 3054 2071 3128; x_wconf 80' lang='grc' dir='ltr'>καιρὸν</span> <span class='ocrx_word' id='word_1_413' title='bbox 2114 3060 2328 3108; x_wconf 85' lang='grc' dir='ltr'>ποιεῖται</span> <span class='ocrx_word' id='word_1_414' title='bbox 2380 3056 2468 3110; x_wconf 75' lang='grc' dir='ltr'><strong>τήν</strong></span> <span class='ocrx_word' id='word_1_415' title='bbox 2512 3053 2724 3109; x_wconf 82' lang='grc' dir='ltr'>κίνησιν.</span> <span class='ocrx_word' id='word_1_416' title='bbox 2778 3052 2810 3108; x_wconf 80' lang='grc' dir='ltr'><em>ἦ</em></span> <span class='ocrx_word' id='word_1_417' title='bbox 2854 3071 2907 3104; x_wconf 92' lang='grc' dir='ltr'><strong>τε</strong></span> <span class='ocrx_word' id='word_1_418' title='bbox 2957 3058 3054 3105; x_wconf 85' lang='grc' dir='ltr'>τῶν</span> <span class='ocrx_word' id='word_1_419' title='bbox 3104 3048 3298 3106; x_wconf 77' lang='grc' dir='ltr'>ὑδάτων</span> <span class='ocrx_word' id='word_1_420' title='bbox 3350 3054 3476 3126; x_wconf 79' lang='grc' dir='ltr'>φορά</span> 
     </span>
    </p>
   </div>
   <div class='ocr_carea' id='block_1_57' title="bbox 1906 3140 3476 3216">
    <p class='ocr_par' dir='ltr' id='par_1_57' title="bbox 1906 3140 3476 3216">
     <span class='ocr_line' id='line_1_57' title="bbox 1906 3140 3476 3216; baseline 0.001 -21"><span class='ocrx_word' id='word_1_421' title='bbox 1906 3143 2083 3199; x_wconf 83' lang='grc' dir='ltr'>οὲουσα</span> <span class='ocrx_word' id='word_1_422' title='bbox 2126 3142 2350 3216; x_wconf 77' lang='grc' dir='ltr'><strong>πρόεισιν</strong></span> <span class='ocrx_word' id='word_1_423' title='bbox 2391 3141 2604 3197; x_wconf 79' lang='grc' dir='ltr'>ἀπλέτου</span> <span class='ocrx_word' id='word_1_424' title='bbox 2651 3140 2903 3214; x_wconf 77' lang='grc' dir='ltr'>ῥεύματος</span> <span class='ocrx_word' id='word_1_425' title='bbox 2948 3141 3135 3212; x_wconf 82' lang='grc' dir='ltr'>μίτρῳ⁶</span> <span class='ocrx_word' id='word_1_426' title='bbox 3176 3142 3206 3199; x_wconf 78' lang='grc' dir='ltr'><strong><em>ἡ</em></strong></span> <span class='ocrx_word' id='word_1_427' title='bbox 3243 3141 3476 3196; x_wconf 81' lang='grc' dir='ltr'>θάλασσα</span> 
     </span>
    </p>
   </div>
   <div class='ocr_carea' id='block_1_58' title="bbox 251 3223 1840 3308">
    <p class='ocr_par' dir='ltr' id='par_1_58' title="bbox 251 3233 1840 3305">
     <span class='ocr_line' id='line_1_58' title="bbox 251 3233 1840 3305; baseline 0.004 -19"><span class='ocrx_word' id='word_1_428' title='bbox 251 3246 437 3302; x_wconf 88' lang='lat' dir='ltr'><strong>perque</strong></span> <span class='ocrx_word' id='word_1_429' title='bbox 470 3251 734 3291; x_wconf 89' lang='lat' dir='ltr'><strong>oceanum</strong></span> <span class='ocrx_word' id='word_1_430' title='bbox 771 3236 1093 3305; x_wconf 69' lang='lat' dir='ltr'><strong>diffunditur,</strong></span> <span class='ocrx_word' id='word_1_431' title='bbox 1125 3242 1224 3295; x_wconf 92' lang='lat' dir='ltr'><strong>hoc</strong></span> <span class='ocrx_word' id='word_1_432' title='bbox 1250 3240 1313 3294; x_wconf 87' lang='lat' dir='ltr'><strong>ad</strong></span> <span class='ocrx_word' id='word_1_433' title='bbox 1346 3240 1601 3293; x_wconf 86' lang='lat' dir='ltr'><strong>maximos</strong></span> <span class='ocrx_word' id='word_1_434' title='bbox 1626 3248 1680 3293; x_wconf 91' lang='lat' dir='ltr'><strong>et</strong></span> <span class='ocrx_word' id='word_1_435' title='bbox 1710 3239 1807 3293; x_wconf 86' lang='lat' dir='ltr'><strong>mi-</strong></span> <span class='ocrx_word' id='word_1_436' title='bbox 1833 3233 1840 3275; x_wconf 84' lang='grc'>¹</span> 
     </span>
    </p>
   </div>
   <div class='ocr_carea' id='block_1_59' title="bbox 1918 3223 3474 3308">
    <p class='ocr_par' dir='ltr' id='par_1_59' title="bbox 1918 3224 3474 3308">
     <span class='ocr_line' id='line_1_59' title="bbox 1918 3224 3474 3308; baseline -0.001 -22"><span class='ocrx_word' id='word_1_437' title='bbox 1918 3230 2041 3308; x_wconf 69' lang='grc' dir='ltr'>ὅροις</span> <span class='ocrx_word' id='word_1_438' title='bbox 2069 3232 2431 3306; x_wconf 68' lang='grc' dir='ltr'>ἐμπεριέχεται</span> <span class='ocrx_word' id='word_1_439' title='bbox 2456 3229 2726 3301; x_wconf 80' lang='grc' dir='ltr'>πεπηγόσι.</span> <span class='ocrx_word' id='word_1_440' title='bbox 2755 3232 2838 3283; x_wconf 76' lang='grc' dir='ltr'>καί</span> <span class='ocrx_word' id='word_1_441' title='bbox 2861 3225 2888 3284; x_wconf 86' lang='grc' dir='ltr'>ὅ</span> <span class='ocrx_word' id='word_1_442' title='bbox 2902 3270 2915 3293; x_wconf 96' lang='grc'><strong>,</strong></span> <span class='ocrx_word' id='word_1_443' title='bbox 2951 3251 3002 3283; x_wconf 86' lang='grc' dir='ltr'><strong>τι</strong></span> <span class='ocrx_word' id='word_1_444' title='bbox 3026 3224 3085 3283; x_wconf 77' lang='grc' dir='ltr'><strong>ἂν</strong></span> <span class='ocrx_word' id='word_1_445' title='bbox 3122 3238 3183 3305; x_wconf 76' lang='grc' dir='ltr'>τῇ</span> <span class='ocrx_word' id='word_1_446' title='bbox 3208 3237 3271 3307; x_wconf 77' lang='grc' dir='ltr'><strong>γῇ</strong></span> <span class='ocrx_word' id='word_1_447' title='bbox 3295 3233 3376 3285; x_wconf 81' lang='grc' dir='ltr'>καί</span> <span class='ocrx_word' id='word_1_448' title='bbox 3402 3238 3474 3301; x_wconf 82' lang='grc' dir='ltr'>τῷ</span> 
     </span>
    </p>
   </div>
   <div class='ocr_carea' id='block_1_60' title="bbox 250 3319 1808 3396">
    <p class='ocr_par' dir='ltr' id='par_1_60' title="bbox 250 3319 1808 3396">
     <span class='ocr_line' id='line_1_60' title="bbox 250 3319 1808 3396; baseline 0.005 -23"><span class='ocrx_word' id='word_1_449' title='bbox 250 3319 431 3378; x_wconf 73' lang='lat' dir='ltr'><strong>rabiles</strong></span> <span class='ocrx_word' id='word_1_450' title='bbox 460 3340 589 3379; x_wconf 88' lang='lat' dir='ltr'><strong>usus</strong></span> <span class='ocrx_word' id='word_1_451' title='bbox 622 3325 930 3381; x_wconf 78' lang='lat' dir='ltr'><strong>fabricatum</strong></span> <span class='ocrx_word' id='word_1_452' title='bbox 957 3338 1057 3382; x_wconf 86' lang='lat' dir='ltr'><strong>est.</strong></span> <span class='ocrx_word' id='word_1_453' title='bbox 1081 3327 1230 3395; x_wconf 85' lang='lat' dir='ltr'><strong>Quod</strong></span> <span class='ocrx_word' id='word_1_454' title='bbox 1257 3328 1467 3396; x_wconf 87' lang='lat' dir='ltr'><strong>quidem</strong></span> <span class='ocrx_word' id='word_1_455' title='bbox 1492 3329 1591 3381; x_wconf 88' lang='lat' dir='ltr'><strong>nisi</strong></span> <span class='ocrx_word' id='word_1_456' title='bbox 1620 3343 1684 3381; x_wconf 82' lang='lat' dir='ltr'><strong>ex</strong></span> <span class='ocrx_word' id='word_1_457' title='bbox 1713 3342 1808 3380; x_wconf 83' lang='lat' dir='ltr'><strong>vo-</strong></span> 
     </span>
    </p>
   </div>
   <div class='ocr_carea' id='block_1_61' title="bbox 251 3408 1803 3488">
    <p class='ocr_par' dir='ltr' id='par_1_61' title="bbox 251 3408 1803 3488">
     <span class='ocr_line' id='line_1_61' title="bbox 251 3408 1803 3488; baseline 0.006 -26"><span class='ocrx_word' id='word_1_458' title='bbox 251 3408 453 3466; x_wconf 88' lang='lat' dir='ltr'><strong>luntatis</strong></span> <span class='ocrx_word' id='word_1_459' title='bbox 478 3422 584 3467; x_wconf 78' lang='lat' dir='ltr'><strong>tuae</strong></span> <span class='ocrx_word' id='word_1_460' title='bbox 611 3414 832 3469; x_wconf 87' lang='lat' dir='ltr'><strong>arbitrio</strong></span> <span class='ocrx_word' id='word_1_461' title='bbox 855 3417 923 3470; x_wconf 89' lang='lat' dir='ltr'><strong>ita</strong></span> <span class='ocrx_word' id='word_1_462' title='bbox 944 3428 1237 3488; x_wconf 84' lang='lat' dir='ltr'><strong>gereretur,</strong></span> <span class='ocrx_word' id='word_1_463' title='bbox 1265 3418 1442 3487; x_wconf 90' lang='lat' dir='ltr'><strong>procul</strong></span> <span class='ocrx_word' id='word_1_464' title='bbox 1471 3416 1630 3472; x_wconf 91' lang='lat' dir='ltr'><strong>dubio</strong></span> <span class='ocrx_word' id='word_1_465' title='bbox 1662 3426 1803 3472; x_wconf 86' lang='lat' dir='ltr'><strong>tanta</strong></span> 
     </span>
    </p>
   </div>
   <div class='ocr_carea' id='block_1_62' title="bbox 252 3500 1805 3579">
    <p class='ocr_par' dir='ltr' id='par_1_62' title="bbox 252 3500 1805 3579">
     <span class='ocr_line' id='line_1_62' title="bbox 252 3500 1805 3579; baseline 0.006 -25"><span class='ocrx_word' id='word_1_466' title='bbox 252 3500 543 3570; x_wconf 78' lang='lat' dir='ltr'><strong>diversitas,</strong></span> <span class='ocrx_word' id='word_1_467' title='bbox 576 3515 633 3561; x_wconf 90' lang='lat' dir='ltr'><strong>et</strong></span> <span class='ocrx_word' id='word_1_468' title='bbox 660 3508 935 3577; x_wconf 83' lang='lat' dir='ltr'><strong>multiplex</strong></span> <span class='ocrx_word' id='word_1_469' title='bbox 974 3508 1162 3564; x_wconf 90' lang='lat' dir='ltr'><strong>divisio</strong></span> <span class='ocrx_word' id='word_1_470' title='bbox 1208 3510 1506 3579; x_wconf 89' lang='lat' dir='ltr'><strong>potestatis,</strong></span> <span class='ocrx_word' id='word_1_471' title='bbox 1556 3510 1805 3563; x_wconf 85' lang='lat' dir='ltr'><strong>universo</strong></span> 
     </span>
    </p>
   </div>
   <div class='ocr_carea' id='block_1_63' title="bbox 254 3596 1804 3671">
    <p class='ocr_par' dir='ltr' id='par_1_63' title="bbox 254 3596 1804 3671">
     <span class='ocr_line' id='line_1_63' title="bbox 254 3596 1804 3671; baseline 0.004 -23"><span class='ocrx_word' id='word_1_472' title='bbox 254 3596 357 3650; x_wconf 85' lang='lat' dir='ltr'><strong>orbi</strong></span> <span class='ocrx_word' id='word_1_473' title='bbox 380 3612 441 3652; x_wconf 88' lang='lat' dir='ltr'><strong>ac</strong></span> <span class='ocrx_word' id='word_1_474' title='bbox 464 3600 630 3655; x_wconf 89' lang='lat' dir='ltr'><strong>rebus</strong></span> <span class='ocrx_word' id='word_1_475' title='bbox 666 3600 906 3655; x_wconf 84' lang='lat' dir='ltr'><strong>humanis</strong></span> <span class='ocrx_word' id='word_1_476' title='bbox 928 3602 1213 3671; x_wconf 86' lang='lat' dir='ltr'><strong>perniciem</strong></span> <span class='ocrx_word' id='word_1_477' title='bbox 1256 3602 1536 3657; x_wconf 88' lang='lat' dir='ltr'><strong>attulisset.</strong></span> <span class='ocrx_word' id='word_1_478' title='bbox 1568 3599 1697 3655; x_wconf 89' lang='lat' dir='ltr'><strong>Nam</strong></span> <span class='ocrx_word' id='word_1_479' title='bbox 1718 3601 1804 3669; x_wconf 91' lang='lat' dir='ltr'><strong>qui</strong></span> 
     </span>
    </p>
   </div>
   <div class='ocr_carea' id='block_1_64' title="bbox 253 3684 1803 3761">
    <p class='ocr_par' dir='ltr' id='par_1_64' title="bbox 253 3684 1803 3761">
     <span class='ocr_line' id='line_1_64' title="bbox 253 3684 1803 3761; baseline 0.002 -22"><span class='ocrx_word' id='word_1_480' title='bbox 253 3684 495 3743; x_wconf 80' lang='lat' dir='ltr'><strong>adversus</strong></span> <span class='ocrx_word' id='word_1_481' title='bbox 524 3703 650 3743; x_wconf 88' lang='lat' dir='ltr'><strong>sese</strong></span> <span class='ocrx_word' id='word_1_482' title='bbox 679 3689 901 3745; x_wconf 86' lang='lat' dir='ltr'><strong>invicem</strong></span> <span class='ocrx_word' id='word_1_483' title='bbox 926 3690 1118 3745; x_wconf 86' lang='lat' dir='ltr'><strong>bellum</strong></span> <span class='ocrx_word' id='word_1_484' title='bbox 1148 3699 1444 3761; x_wconf 84' lang='lat' dir='ltr'><strong>gesserunt,</strong></span> <span class='ocrx_word' id='word_1_485' title='bbox 1476 3692 1658 3761; x_wconf 88' lang='lat' dir='ltr'><strong>utique</strong></span> <span class='ocrx_word' id='word_1_486' title='bbox 1683 3706 1803 3761; x_wconf 85' lang='lat' dir='ltr'><strong>gra-</strong></span> 
     </span>
    </p>
   </div>
   <div class='ocr_carea' id='block_1_65' title="bbox 253 3778 1803 3853">
    <p class='ocr_par' dir='ltr' id='par_1_65' title="bbox 253 3778 1803 3853">
     <span class='ocr_line' id='line_1_65' title="bbox 253 3778 1803 3853; baseline 0.005 -23"><span class='ocrx_word' id='word_1_487' title='bbox 253 3778 359 3832; x_wconf 75' lang='lat' dir='ltr'><strong>vius</strong></span> <span class='ocrx_word' id='word_1_488' title='bbox 400 3780 663 3834; x_wconf 85' lang='lat' dir='ltr'><strong>adversus</strong></span> <span class='ocrx_word' id='word_1_489' title='bbox 687 3779 972 3836; x_wconf 84' lang='lat' dir='ltr'><strong>humanum</strong></span> <span class='ocrx_word' id='word_1_490' title='bbox 1018 3798 1183 3851; x_wconf 83' lang='lat' dir='ltr'><strong>genus</strong></span> <span class='ocrx_word' id='word_1_491' title='bbox 1228 3784 1610 3853; x_wconf 82' lang='lat' dir='ltr'><strong>depugnarent.</strong></span> <span class='ocrx_word' id='word_1_492' title='bbox 1654 3782 1803 3849; x_wconf 90' lang='lat' dir='ltr'><strong>Quod</strong></span> 
     </span>
    </p>
   </div>
   <div class='ocr_carea' id='block_1_66' title="bbox 253 3867 1627 3940">
    <p class='ocr_par' dir='ltr' id='par_1_66' title="bbox 253 3867 1627 3940">
     <span class='ocr_line' id='line_1_66' title="bbox 253 3867 1627 3940; baseline 0.004 -18"><span class='ocrx_word' id='word_1_493' title='bbox 253 3867 479 3937; x_wconf 79' lang='lat' dir='ltr'><strong>profecto</strong></span> <span class='ocrx_word' id='word_1_494' title='bbox 508 3869 734 3940; x_wconf 81' lang='lat' dir='ltr'><strong>faciunt,</strong></span> <span class='ocrx_word' id='word_1_495' title='bbox 762 3875 971 3930; x_wconf 85' lang='lat' dir='ltr'><strong>tametsi</strong></span> <span class='ocrx_word' id='word_1_496' title='bbox 998 3875 1164 3930; x_wconf 90' lang='lat' dir='ltr'><strong>oculis</strong></span> <span class='ocrx_word' id='word_1_497' title='bbox 1189 3891 1293 3930; x_wconf 90' lang='lat' dir='ltr'><strong>non</strong></span> <span class='ocrx_word' id='word_1_498' title='bbox 1319 3884 1627 3930; x_wconf 87' lang='lat' dir='ltr'><strong>cernuntur.</strong></span> 
     </span>
    </p>
   </div>
   <div class='ocr_carea' id='block_1_67' title="bbox 1911 3322 3476 3399">
    <p class='ocr_par' dir='ltr' id='par_1_67' title="bbox 1911 3322 3476 3399">
     <span class='ocr_line' id='line_1_67' title="bbox 1911 3322 3476 3399; baseline -0.001 -20"><span class='ocrx_word' id='word_1_499' title='bbox 1911 3329 2107 3399; x_wconf 80' lang='grc' dir='ltr'>ὠκεανῷ</span> <span class='ocrx_word' id='word_1_500' title='bbox 2155 3325 2639 3398; x_wconf 81' lang='grc' dir='ltr'>συμπαρεκτείνεται</span> <span class='ocrx_word' id='word_1_501' title='bbox 2658 3362 2671 3386; x_wconf 88' lang='grc'><strong>,</strong></span> <span class='ocrx_word' id='word_1_502' title='bbox 2720 3328 2871 3378; x_wconf 87' lang='grc' dir='ltr'>τοῦτο</span> <span class='ocrx_word' id='word_1_503' title='bbox 2898 3326 2999 3379; x_wconf 81' lang='grc' dir='ltr'>πᾶν</span> <span class='ocrx_word' id='word_1_504' title='bbox 3020 3322 3332 3392; x_wconf 85' lang='grc' dir='ltr'>θαυμασταῖς</span> <span class='ocrx_word' id='word_1_505' title='bbox 3368 3343 3476 3380; x_wconf 88' lang='grc' dir='ltr'>τισι</span> 
     </span>
    </p>
   </div>
   <div class='ocr_carea' id='block_1_68' title="bbox 1908 3410 3476 3491">
    <p class='ocr_par' dir='ltr' id='par_1_68' title="bbox 1908 3410 3476 3491">
     <span class='ocr_line' id='line_1_68' title="bbox 1908 3410 3476 3491; baseline -0.001 -21"><span class='ocrx_word' id='word_1_506' title='bbox 1908 3418 1992 3470; x_wconf 79' lang='grc' dir='ltr'>καί</span> <span class='ocrx_word' id='word_1_507' title='bbox 2022 3418 2296 3491; x_wconf 79' lang='grc' dir='ltr'>χρησίμοις</span> <span class='ocrx_word' id='word_1_508' title='bbox 2323 3415 2628 3484; x_wconf 75' lang='grc' dir='ltr'>τεχνάζεται</span> <span class='ocrx_word' id='word_1_509' title='bbox 2649 3413 2995 3473; x_wconf 80' lang='grc' dir='ltr'>λυσιτελείαις.</span> <span class='ocrx_word' id='word_1_510' title='bbox 3028 3410 3151 3490; x_wconf 82' lang='grc' dir='ltr'>ὅπερ</span> <span class='ocrx_word' id='word_1_511' title='bbox 3186 3416 3227 3467; x_wconf 87' lang='grc' dir='ltr'><strong>εί</strong></span> <span class='ocrx_word' id='word_1_512' title='bbox 3253 3418 3322 3485; x_wconf 74' lang='grc' dir='ltr'>μή</span> <span class='ocrx_word' id='word_1_513' title='bbox 3347 3416 3476 3469; x_wconf 77' lang='grc' dir='ltr'>κατὰ</span> 
     </span>
    </p>
   </div>
   <div class='ocr_carea' id='block_1_69' title="bbox 1904 3502 3471 3583">
    <p class='ocr_par' dir='ltr' id='par_1_69' title="bbox 1904 3502 3471 3583">
     <span class='ocr_line' id='line_1_69' title="bbox 1904 3502 3471 3583; baseline -0.001 -21"><span class='ocrx_word' id='word_1_514' title='bbox 1904 3511 2066 3583; x_wconf 81' lang='grc' dir='ltr'>κρίσιν</span> <span class='ocrx_word' id='word_1_515' title='bbox 2092 3515 2181 3568; x_wconf 78' lang='grc' dir='ltr'>τῆς</span> <span class='ocrx_word' id='word_1_516' title='bbox 2212 3516 2306 3569; x_wconf 80' lang='grc' dir='ltr'>σῆς</span> <span class='ocrx_word' id='word_1_517' title='bbox 2332 3506 2619 3577; x_wconf 79' lang='grc' dir='ltr'>βουλήσεως</span> <span class='ocrx_word' id='word_1_518' title='bbox 2646 3507 2951 3580; x_wconf 68' lang='grc' dir='ltr'>ἐπράττετο,</span> <span class='ocrx_word' id='word_1_519' title='bbox 2990 3506 3333 3578; x_wconf 66' lang='grc' dir='ltr'>ἀναμφιϐόλως</span> <span class='ocrx_word' id='word_1_520' title='bbox 3361 3502 3417 3560; x_wconf 82' lang='grc' dir='ltr'><strong>ἂν</strong></span> <span class='ocrx_word' id='word_1_521' title='bbox 3440 3509 3471 3565; x_wconf 79' lang='grc' dir='ltr'>ἡ</span> 
     </span>
    </p>
   </div>
   <div class='ocr_carea' id='block_1_70' title="bbox 1904 3593 3471 3673">
    <p class='ocr_par' dir='ltr' id='par_1_70' title="bbox 1904 3593 3471 3673">
     <span class='ocr_line' id='line_1_70' title="bbox 1904 3593 3471 3673; baseline -0.003 -19"><span class='ocrx_word' id='word_1_522' title='bbox 1904 3601 2133 3659; x_wconf 88' lang='grc' dir='ltr'>τοσαύτη</span> <span class='ocrx_word' id='word_1_523' title='bbox 2161 3597 2401 3673; x_wconf 83' lang='grc' dir='ltr'>διαφορὰ,</span> <span class='ocrx_word' id='word_1_524' title='bbox 2432 3601 2516 3650; x_wconf 75' lang='grc' dir='ltr'>καί</span> <span class='ocrx_word' id='word_1_525' title='bbox 2542 3598 2571 3654; x_wconf 79' lang='grc' dir='ltr'><em>ἠ</em></span> <span class='ocrx_word' id='word_1_526' title='bbox 2597 3596 2746 3653; x_wconf 85' lang='grc' dir='ltr'>πολλὴ</span> <span class='ocrx_word' id='word_1_527' title='bbox 2786 3604 2876 3654; x_wconf 80' lang='grc' dir='ltr'>τῆς</span> <span class='ocrx_word' id='word_1_528' title='bbox 2918 3596 3147 3660; x_wconf 81' lang='grc' dir='ltr'>ίξουσίας</span> <span class='ocrx_word' id='word_1_529' title='bbox 3188 3593 3471 3668; x_wconf 80' lang='grc' dir='ltr'>διάκρισις,</span> 
     </span>
    </p>
   </div>
   <div class='ocr_carea' id='block_1_71' title="bbox 1904 3686 3467 3760">
    <p class='ocr_par' dir='ltr' id='par_1_71' title="bbox 1904 3686 3467 3760">
     <span class='ocr_line' id='line_1_71' title="bbox 1904 3686 3467 3760; baseline -0.002 -16"><span class='ocrx_word' id='word_1_530' title='bbox 1904 3693 2057 3748; x_wconf 78' lang='grc' dir='ltr'>παντί</span> <span class='ocrx_word' id='word_1_531' title='bbox 2094 3695 2166 3760; x_wconf 83' lang='grc' dir='ltr'>τῷ</span> <span class='ocrx_word' id='word_1_532' title='bbox 2347 3691 2431 3742; x_wconf 83' lang='grc' dir='ltr'>καί</span> <span class='ocrx_word' id='word_1_533' title='bbox 2468 3694 2579 3747; x_wconf 85' lang='grc' dir='ltr'>τοῖς</span> <span class='ocrx_word' id='word_1_534' title='bbox 2620 3688 2914 3760; x_wconf 85' lang='grc' dir='ltr'>πράγμασιν</span> <span class='ocrx_word' id='word_1_535' title='bbox 2958 3686 3249 3759; x_wconf 75' lang='grc' dir='ltr'>ἐλυμῄνατο.</span> <span class='ocrx_word' id='word_1_536' title='bbox 3290 3687 3333 3739; x_wconf 79' lang='lat' dir='ltr'><strong>oi</strong></span> <span class='ocrx_word' id='word_1_537' title='bbox 3370 3688 3467 3759; x_wconf 83' lang='grc' dir='ltr'>γὰρ</span> 
     </span>
    </p>
   </div>
   <div class='ocr_carea' id='block_1_72' title="bbox 1904 3771 3469 3857">
    <p class='ocr_par' dir='ltr' id='par_1_72' title="bbox 1904 3771 3469 3857">
     <span class='ocr_line' id='line_1_72' title="bbox 1904 3771 3469 3857; baseline -0.003 -21"><span class='ocrx_word' id='word_1_538' title='bbox 1904 3784 2032 3857; x_wconf 87' lang='grc' dir='ltr'>πρὸς</span> <span class='ocrx_word' id='word_1_539' title='bbox 2068 3781 2277 3840; x_wconf 74' lang='grc' dir='ltr'>ἑαυτοὺς</span> <span class='ocrx_word' id='word_1_540' title='bbox 2307 3779 2677 3850; x_wconf 80' lang='grc' dir='ltr'>μαχεσθέντες,</span> <span class='ocrx_word' id='word_1_541' title='bbox 2706 3777 3063 3851; x_wconf 77' lang='grc' dir='ltr'>χαλεπώτερον</span> <span class='ocrx_word' id='word_1_542' title='bbox 3091 3771 3148 3831; x_wconf 82' lang='grc' dir='ltr'><strong>ἂν</strong></span> <span class='ocrx_word' id='word_1_543' title='bbox 3180 3784 3252 3850; x_wconf 83' lang='grc' dir='ltr'><strong>τῷ</strong></span> <span class='ocrx_word' id='word_1_544' title='bbox 3287 3777 3469 3853; x_wconf 76' lang='grc' dir='ltr'>ἀνθρω-</span> 
     </span>
    </p>
   </div>
   <div class='ocr_carea' id='block_1_73' title="bbox 1904 3866 3464 3946">
    <p class='ocr_par' dir='ltr' id='par_1_73' title="bbox 1904 3866 3464 3946">
     <span class='ocr_line' id='line_1_73' title="bbox 1904 3866 3464 3946; baseline -0.004 -18"><span class='ocrx_word' id='word_1_545' title='bbox 1904 3876 2029 3945; x_wconf 82' lang='grc' dir='ltr'>πίνῳ</span> <span class='ocrx_word' id='word_1_546' title='bbox 2054 3873 2378 3945; x_wconf 69' lang='grc' dir='ltr'>ἐμαχέσαντο</span> <span class='ocrx_word' id='word_1_547' title='bbox 2400 3871 2549 3943; x_wconf 83' lang='grc' dir='ltr'>γίνει.</span> <span class='ocrx_word' id='word_1_548' title='bbox 2572 3866 2695 3943; x_wconf 72' lang='grc' dir='ltr'>ὅπερ</span> <span class='ocrx_word' id='word_1_549' title='bbox 2715 3870 2794 3924; x_wconf 75' lang='grc' dir='ltr'>γαί</span> <span class='ocrx_word' id='word_1_550' title='bbox 2811 3872 2879 3940; x_wconf 73' lang='grc' dir='ltr'>μή</span> <span class='ocrx_word' id='word_1_551' title='bbox 2903 3866 3139 3941; x_wconf 85' lang='grc' dir='ltr'>ὁρώμενοι</span> <span class='ocrx_word' id='word_1_552' title='bbox 3157 3870 3464 3946; x_wconf 83' lang='grc' dir='ltr'>πράττουσι.</span> 
     </span>
    </p>
   </div>
   <div class='ocr_carea' id='block_1_74' title="bbox 1084 4000 2620 4057">
    <p class='ocr_par' dir='ltr' id='par_1_74' title="bbox 1084 4000 2620 4057">
     <span class='ocr_line' id='line_1_74' title="bbox 1084 4000 2620 4057; baseline -0.004 -12"><span class='ocrx_word' id='word_1_553' title='bbox 1084 4004 1223 4045; x_wconf 74' lang='grc' dir='ltr'><strong>υΕυΙ</strong></span> <span class='ocrx_word' id='word_1_554' title='bbox 1247 4004 1471 4057; x_wconf 65' lang='grc' dir='ltr'>ιλυοιτ,</span> <span class='ocrx_word' id='word_1_555' title='bbox 1490 4004 1577 4054; x_wconf 85' lang='lat' dir='ltr'><strong>QUI</strong></span> <span class='ocrx_word' id='word_1_556' title='bbox 1597 4004 1798 4044; x_wconf 74' lang='lat' dir='ltr'><strong>SEIPER</strong></span> <span class='ocrx_word' id='word_1_557' title='bbox 1817 4002 1950 4045; x_wconf 73' lang='lat' dir='ltr'><strong>BONA</strong></span> <span class='ocrx_word' id='word_1_558' title='bbox 1972 4002 2144 4052; x_wconf 72' lang='grc' dir='ltr'>Δτρυε</span> <span class='ocrx_word' id='word_1_559' title='bbox 2173 4000 2409 4043; x_wconf 71' lang='grc' dir='ltr'><strong>ΒΟΝΒδτΔ</strong></span> <span class='ocrx_word' id='word_1_560' title='bbox 2434 4000 2620 4042; x_wconf 78' lang='lat' dir='ltr'><strong>DOCB&#39;I&#39;.</strong></span> 
     </span>
    </p>
   </div>
   <div class='ocr_carea' id='block_1_75' title="bbox 314 4097 1803 4171">
    <p class='ocr_par' dir='ltr' id='par_1_75' title="bbox 314 4097 1803 4171">
     <span class='ocr_line' id='line_1_75' title="bbox 314 4097 1803 4171; baseline 0.005 -21"><span class='ocrx_word' id='word_1_561' title='bbox 314 4097 638 4155; x_wconf 79' lang='lat' dir='ltr'><strong>xn.Gratias</strong></span> <span class='ocrx_word' id='word_1_562' title='bbox 668 4098 758 4154; x_wconf 90' lang='lat' dir='ltr'><strong>tibi</strong></span> <span class='ocrx_word' id='word_1_563' title='bbox 789 4099 1040 4170; x_wconf 85' lang='lat' dir='ltr'><strong>plurimas</strong></span> <span class='ocrx_word' id='word_1_564' title='bbox 1066 4101 1290 4171; x_wconf 87' lang='lat' dir='ltr'><strong>agimus,</strong></span> <span class='ocrx_word' id='word_1_565' title='bbox 1317 4100 1554 4155; x_wconf 90' lang='lat' dir='ltr'><strong>omnium</strong></span> <span class='ocrx_word' id='word_1_566' title='bbox 1582 4101 1803 4157; x_wconf 87' lang='lat' dir='ltr'><strong>Domine</strong></span> 
     </span>
    </p>
   </div>
   <div class='ocr_carea' id='block_1_76' title="bbox 252 4189 1805 4262">
    <p class='ocr_par' dir='ltr' id='par_1_76' title="bbox 252 4189 1805 4262">
     <span class='ocr_line' id='line_1_76' title="bbox 252 4189 1805 4262; baseline 0.005 -21"><span class='ocrx_word' id='word_1_567' title='bbox 252 4200 309 4243; x_wconf 86' lang='lat' dir='ltr'><strong>ac</strong></span> <span class='ocrx_word' id='word_1_568' title='bbox 327 4202 534 4245; x_wconf 84' lang='lat' dir='ltr'><strong>summe</strong></span> <span class='ocrx_word' id='word_1_569' title='bbox 564 4190 724 4245; x_wconf 89' lang='lat' dir='ltr'><strong>Deus.</strong></span> <span class='ocrx_word' id='word_1_570' title='bbox 750 4189 879 4244; x_wconf 85' lang='lat' dir='ltr'><strong>Nam</strong></span> <span class='ocrx_word' id='word_1_571' title='bbox 899 4200 1095 4261; x_wconf 90' lang='lat' dir='ltr'><strong>quanto</strong></span> <span class='ocrx_word' id='word_1_572' title='bbox 1115 4193 1282 4261; x_wconf 90' lang='lat' dir='ltr'><strong>magis</strong></span> <span class='ocrx_word' id='word_1_573' title='bbox 1301 4206 1365 4246; x_wconf 80' lang='lat' dir='ltr'><strong>ex</strong></span> <span class='ocrx_word' id='word_1_574' title='bbox 1386 4192 1805 4262; x_wconf 86' lang='lat' dir='ltr'><strong>discrepantibus</strong></span> 
     </span>
    </p>
   </div>
   <div class='ocr_carea' id='block_1_77' title="bbox 251 4277 1805 4353">
    <p class='ocr_par' dir='ltr' id='par_1_77' title="bbox 251 4277 1805 4353">
     <span class='ocr_line' id='line_1_77' title="bbox 251 4277 1805 4353; baseline 0.004 -21"><span class='ocrx_word' id='word_1_575' title='bbox 251 4277 431 4333; x_wconf 85' lang='lat' dir='ltr'><strong>studiis</strong></span> <span class='ocrx_word' id='word_1_576' title='bbox 477 4279 711 4334; x_wconf 86' lang='lat' dir='ltr'><strong>humana</strong></span> <span class='ocrx_word' id='word_1_577' title='bbox 790 4291 976 4335; x_wconf 88' lang='lat' dir='ltr'><strong>natura</strong></span> <span class='ocrx_word' id='word_1_578' title='bbox 1031 4282 1384 4351; x_wconf 91' lang='lat' dir='ltr'><strong>cognoscitur,</strong></span> <span class='ocrx_word' id='word_1_579' title='bbox 1443 4292 1587 4338; x_wconf 90' lang='lat' dir='ltr'><strong>tanto</strong></span> <span class='ocrx_word' id='word_1_580' title='bbox 1637 4284 1805 4353; x_wconf 89' lang='lat' dir='ltr'><strong>magis</strong></span> 
     </span>
    </p>
   </div>
   <div class='ocr_carea' id='block_1_78' title="bbox 249 4367 1809 4437">
    <p class='ocr_par' dir='ltr' id='par_1_78' title="bbox 249 4367 1809 4437">
     <span class='ocr_line' id='line_1_78' title="bbox 249 4367 1809 4437; baseline 0.005 -18"><span class='ocrx_word' id='word_1_581' title='bbox 249 4367 380 4437; x_wconf 84' lang='lat' dir='ltr'><strong>apud</strong></span> <span class='ocrx_word' id='word_1_582' title='bbox 412 4379 561 4424; x_wconf 87' lang='lat' dir='ltr'><strong>recte</strong></span> <span class='ocrx_word' id='word_1_583' title='bbox 588 4371 876 4425; x_wconf 87' lang='lat' dir='ltr'><strong>sentientes</strong></span> <span class='ocrx_word' id='word_1_584' title='bbox 901 4378 952 4426; x_wconf 90' lang='lat' dir='ltr'><strong>et</strong></span> <span class='ocrx_word' id='word_1_585' title='bbox 981 4386 1119 4426; x_wconf 68' lang='lat' dir='ltr'><strong>verae</strong></span> <span class='ocrx_word' id='word_1_586' title='bbox 1165 4372 1373 4426; x_wconf 84' lang='lat' dir='ltr'><strong>virtutis</strong></span> <span class='ocrx_word' id='word_1_587' title='bbox 1423 4374 1684 4429; x_wconf 88' lang='lat' dir='ltr'><strong>studiosos</strong></span> <span class='ocrx_word' id='word_1_588' title='bbox 1736 4373 1809 4428; x_wconf 89' lang='lat' dir='ltr'><strong>dl-</strong></span> 
     </span>
    </p>
   </div>
   <div class='ocr_carea' id='block_1_79' title="bbox 253 4455 1806 4533">
    <p class='ocr_par' dir='ltr' id='par_1_79' title="bbox 253 4455 1806 4533">
     <span class='ocr_line' id='line_1_79' title="bbox 253 4455 1806 4533; baseline 0.006 -23"><span class='ocrx_word' id='word_1_589' title='bbox 253 4455 382 4512; x_wconf 60' lang='lat' dir='ltr'><strong>vince</strong></span> <span class='ocrx_word' id='word_1_590' title='bbox 391 4458 664 4530; x_wconf 73' lang='lat' dir='ltr'><strong>religionis</strong></span> <span class='ocrx_word' id='word_1_591' title='bbox 683 4459 955 4532; x_wconf 87' lang='lat' dir='ltr'><strong>disciplina</strong></span> <span class='ocrx_word' id='word_1_592' title='bbox 973 4460 1259 4517; x_wconf 87' lang='lat' dir='ltr'><strong>stabilitur.</strong></span> <span class='ocrx_word' id='word_1_593' title='bbox 1271 4458 1554 4531; x_wconf 66' lang='lat' dir='ltr'><strong>Caeterum,</strong></span> <span class='ocrx_word' id='word_1_594' title='bbox 1570 4464 1806 4533; x_wconf 88' lang='lat' dir='ltr'><strong>quisquis</strong></span> 
     </span>
    </p>
   </div>
   <div class='ocr_carea' id='block_1_80' title="bbox 1978 4097 3460 4177">
    <p class='ocr_par' dir='ltr' id='par_1_80' title="bbox 1978 4097 3460 4177">
     <span class='ocr_line' id='line_1_80' title="bbox 1978 4097 3460 4177; baseline 0.001 -23"><span class='ocrx_word' id='word_1_595' title='bbox 1978 4116 2073 4155; x_wconf 75' lang='lat' dir='ltr'><strong>XII.</strong></span> <span class='ocrx_word' id='word_1_596' title='bbox 2104 4103 2261 4177; x_wconf 78' lang='grc' dir='ltr'>Χαρίς</span> <span class='ocrx_word' id='word_1_597' title='bbox 2284 4123 2367 4159; x_wconf 91' lang='grc' dir='ltr'><strong>σοι</strong></span> <span class='ocrx_word' id='word_1_598' title='bbox 2392 4101 2625 4165; x_wconf 81' lang='grc' dir='ltr'>πλείστη,</span> <span class='ocrx_word' id='word_1_599' title='bbox 2643 4098 2867 4157; x_wconf 81' lang='grc' dir='ltr'>δέσποτα</span> <span class='ocrx_word' id='word_1_600' title='bbox 2889 4106 2987 4155; x_wconf 88' lang='grc' dir='ltr'><strong>τῶν</strong></span> <span class='ocrx_word' id='word_1_601' title='bbox 3012 4097 3242 4155; x_wconf 78' lang='grc' dir='ltr'>ἁπάντων</span> <span class='ocrx_word' id='word_1_602' title='bbox 3265 4101 3460 4174; x_wconf 80' lang='grc' dir='ltr'>μίγιςτε</span> 
     </span>
    </p>
   </div>
   <div class='ocr_carea' id='block_1_81' title="bbox 1904 4188 3465 4273">
    <p class='ocr_par' dir='ltr' id='par_1_81' title="bbox 1904 4188 3465 4273">
     <span class='ocr_line' id='line_1_81' title="bbox 1904 4188 3465 4273; baseline -0.004 -25"><span class='ocrx_word' id='word_1_603' title='bbox 1904 4195 2011 4249; x_wconf 73' lang='grc' dir='ltr'><strong>Θεέ·</strong></span> <span class='ocrx_word' id='word_1_604' title='bbox 2028 4188 2144 4249; x_wconf 86' lang='grc' dir='ltr'>ὅσον</span> <span class='ocrx_word' id='word_1_605' title='bbox 2154 4193 2251 4273; x_wconf 84' lang='grc' dir='ltr'>γὰρ</span> <span class='ocrx_word' id='word_1_606' title='bbox 2266 4190 2513 4269; x_wconf 72' lang='grc' dir='ltr'>διαφόροις</span> <span class='ocrx_word' id='word_1_607' title='bbox 2526 4189 2913 4262; x_wconf 84' lang='grc' dir='ltr'>σπουδάσμασιν</span> <span class='ocrx_word' id='word_1_608' title='bbox 2924 4192 2955 4248; x_wconf 78' lang='grc' dir='ltr'>ἡ</span> <span class='ocrx_word' id='word_1_609' title='bbox 2966 4190 3283 4267; x_wconf 77' lang='grc' dir='ltr'>ἀνθρωπότης</span> <span class='ocrx_word' id='word_1_610' title='bbox 3293 4192 3465 4264; x_wconf 86' lang='grc' dir='ltr'>γνωρί-</span> 
     </span>
    </p>
   </div>
   <div class='ocr_carea' id='block_1_82' title="bbox 1906 4283 3461 4357">
    <p class='ocr_par' dir='ltr' id='par_1_82' title="bbox 1906 4283 3461 4357">
     <span class='ocr_line' id='line_1_82' title="bbox 1906 4283 3461 4357; baseline -0.005 -17"><span class='ocrx_word' id='word_1_611' title='bbox 1906 4290 2063 4350; x_wconf 83' lang='grc' dir='ltr'>ζεται,</span> <span class='ocrx_word' id='word_1_612' title='bbox 2090 4291 2335 4341; x_wconf 88' lang='grc' dir='ltr'>τοσοῦτον</span> <span class='ocrx_word' id='word_1_613' title='bbox 2361 4285 2541 4355; x_wconf 76' lang='grc' dir='ltr'>μᾶλλον</span> <span class='ocrx_word' id='word_1_614' title='bbox 2560 4292 2670 4346; x_wconf 85' lang='grc' dir='ltr'>τοῖς</span> <span class='ocrx_word' id='word_1_615' title='bbox 2696 4284 2953 4357; x_wconf 85' lang='grc' dir='ltr'>ὀρθότερον</span> <span class='ocrx_word' id='word_1_616' title='bbox 2980 4285 3217 4356; x_wconf 79' lang='grc' dir='ltr'>φρονοῦσι</span> <span class='ocrx_word' id='word_1_617' title='bbox 3240 4283 3319 4333; x_wconf 78' lang='grc' dir='ltr'>καί</span> <span class='ocrx_word' id='word_1_618' title='bbox 3346 4302 3461 4353; x_wconf 86' lang='grc' dir='ltr'>γνη-</span> 
     </span>
    </p>
   </div>
   <div class='ocr_carea' id='block_1_83' title="bbox 1906 4370 3463 4447">
    <p class='ocr_par' dir='ltr' id='par_1_83' title="bbox 1906 4370 3463 4447">
     <span class='ocr_line' id='line_1_83' title="bbox 1906 4370 3463 4447; baseline -0.004 -16"><span class='ocrx_word' id='word_1_619' title='bbox 1906 4378 2021 4436; x_wconf 85' lang='grc' dir='ltr'>σίας</span> <span class='ocrx_word' id='word_1_620' title='bbox 2048 4376 2410 4447; x_wconf 68' lang='grc' dir='ltr'>ίπιμελομίνοις</span> <span class='ocrx_word' id='word_1_621' title='bbox 2438 4376 2640 4447; x_wconf 80' lang='grc' dir='ltr'>ἀρετῆς,</span> <span class='ocrx_word' id='word_1_622' title='bbox 2670 4375 2734 4427; x_wconf 86' lang='grc' dir='ltr'>τὰ</span> <span class='ocrx_word' id='word_1_623' title='bbox 2752 4379 2841 4427; x_wconf 88' lang='grc' dir='ltr'><strong>τοῦ</strong></span> <span class='ocrx_word' id='word_1_624' title='bbox 2871 4372 3001 4425; x_wconf 84' lang='grc' dir='ltr'>θείου</span> <span class='ocrx_word' id='word_1_625' title='bbox 3024 4370 3168 4443; x_wconf 78' lang='grc' dir='ltr'>λόγου</span> <span class='ocrx_word' id='word_1_626' title='bbox 3198 4372 3463 4445; x_wconf 78' lang='grc' dir='ltr'>μαθήματα</span> 
     </span>
    </p>
   </div>
   <div class='ocr_carea' id='block_1_84' title="bbox 1909 4461 3459 4538">
    <p class='ocr_par' dir='ltr' id='par_1_84' title="bbox 1909 4461 3459 4538">
     <span class='ocr_line' id='line_1_84' title="bbox 1909 4461 3459 4538; baseline -0.001 -19"><span class='ocrx_word' id='word_1_627' title='bbox 1909 4468 2230 4523; x_wconf 87' lang='grc' dir='ltr'>συνίσταται.</span> <span class='ocrx_word' id='word_1_628' title='bbox 2280 4464 2405 4523; x_wconf 78' lang='grc' dir='ltr'>πλην</span> <span class='ocrx_word' id='word_1_629' title='bbox 2449 4462 2502 4524; x_wconf 85' lang='grc' dir='ltr'>ὅς</span> <span class='ocrx_word' id='word_1_630' title='bbox 2543 4484 2620 4525; x_wconf 88' lang='grc' dir='ltr'><strong>τις</strong></span> <span class='ocrx_word' id='word_1_631' title='bbox 2664 4463 2810 4518; x_wconf 80' lang='grc' dir='ltr'>αὐτὸν</span> <span class='ocrx_word' id='word_1_632' title='bbox 2852 4461 3211 4538; x_wconf 81' lang='grc' dir='ltr'>θεραπεύεσθαι</span> <span class='ocrx_word' id='word_1_633' title='bbox 3248 4461 3459 4526; x_wconf 70' lang='grc' dir='ltr'>κωλύει,</span> 
     </span>
    </p>
   </div>
   <div class='ocr_carea' id='block_1_85' title="bbox 1584 4576 2107 4633">
    <p class='ocr_par' dir='ltr' id='par_1_85' title="bbox 1584 4576 2107 4633">
     <span class='ocr_line' id='line_1_85' title="bbox 1584 4576 2107 4633; baseline 0 -2"><span class='ocrx_word' id='word_1_634' title='bbox 1584 4576 1846 4633; x_wconf 78' lang='lat' dir='ltr'><strong>VALESII</strong></span> <span class='ocrx_word' id='word_1_635' title='bbox 1882 4576 2107 4633; x_wconf 66' lang='lat' dir='ltr'><strong>NOTAE.</strong></span> 
     </span>
    </p>
   </div>
   <div class='ocr_carea' id='block_1_86' title="bbox 315 4688 1840 4776">
    <p class='ocr_par' dir='ltr' id='par_1_86' title="bbox 315 4688 1840 4776">
     <span class='ocr_line' id='line_1_86' title="bbox 315 4688 1840 4776; baseline 0.004 -30"><span class='ocrx_word' id='word_1_636' title='bbox 315 4688 556 4751; x_wconf 67' lang='grc' dir='ltr'>Ἕκαστος</span> <span class='ocrx_word' id='word_1_637' title='bbox 576 4688 757 4772; x_wconf 54' lang='grc' dir='ltr'>ὅπεριῆ</span> <span class='ocrx_word' id='word_1_638' title='bbox 781 4690 943 4776; x_wconf 47' lang='grc' dir='ltr'>ψυχὴ,</span> <span class='ocrx_word' id='word_1_639' title='bbox 961 4691 1213 4776; x_wconf 65' lang='grc' dir='ltr'>βοιξλιται,</span> <span class='ocrx_word' id='word_1_640' title='bbox 1242 4699 1392 4776; x_wconf 70' lang='grc' dir='ltr'>τοῦτο</span> <span class='ocrx_word' id='word_1_641' title='bbox 1420 4698 1508 4776; x_wconf 47' lang='grc' dir='ltr'>καὶ</span> <span class='ocrx_word' id='word_1_642' title='bbox 1520 4694 1803 4776; x_wconf 78' lang='grc' dir='ltr'>πραττέτωι</span> <span class='ocrx_word' id='word_1_643' title='bbox 1832 4693 1840 4752; x_wconf 73' lang='grc' dir='ltr'>Ῑ</span> 
     </span>
    </p>
   </div>
   <div class='ocr_carea' id='block_1_87' title="bbox 1918 4688 3457 4776">
    <p class='ocr_par' dir='ltr' id='par_1_87' title="bbox 1918 4688 3457 4776">
     <span class='ocr_line' id='line_1_87' title="bbox 1918 4688 3457 4776; baseline -0.003 -31"><span class='ocrx_word' id='word_1_644' title='bbox 1918 4707 2011 4761; x_wconf 81' lang='lat' dir='ltr'><strong>que</strong></span> <span class='ocrx_word' id='word_1_645' title='bbox 2153 4690 2431 4776; x_wconf 40' lang='lat' dir='ltr'><strong>scriptum,</strong></span> <span class='ocrx_word' id='word_1_646' title='bbox 2453 4688 2663 4776; x_wconf 70' lang='lat' dir='ltr'><strong>exhibet</strong></span> <span class='ocrx_word' id='word_1_647' title='bbox 2706 4688 2872 4776; x_wconf 50' lang='lat' dir='ltr'><strong>coden</strong></span> <span class='ocrx_word' id='word_1_648' title='bbox 2922 4688 3236 4776; x_wconf 53' lang='lat' dir='ltr'><strong>Fuketiihet‘</strong></span> <span class='ocrx_word' id='word_1_649' title='bbox 3258 4688 3457 4776; x_wconf 51' lang='lat' dir='ltr'><strong>Sanilii.</strong></span> 
     </span>
    </p>
   </div>
   <div class='ocr_carea' id='block_1_88' title="bbox 252 4762 1809 4830">
    <p class='ocr_par' dir='ltr' id='par_1_88' title="bbox 252 4762 1809 4830">
     <span class='ocr_line' id='line_1_88' title="bbox 252 4762 1809 4830; baseline 0 -14"><span class='ocrx_word' id='word_1_650' title='bbox 252 4762 303 4816; x_wconf 85' lang='lat' dir='ltr'><strong>id</strong></span> <span class='ocrx_word' id='word_1_651' title='bbox 330 4771 431 4830; x_wconf 78' lang='lat' dir='ltr'><strong>est,</strong></span> <span class='ocrx_word' id='word_1_652' title='bbox 460 4777 612 4829; x_wconf 81' lang='lat' dir='ltr'><strong>quam</strong></span> <span class='ocrx_word' id='word_1_653' title='bbox 633 4762 839 4830; x_wconf 65' lang='lat' dir='ltr'><strong>quisque</strong></span> <span class='ocrx_word' id='word_1_654' title='bbox 861 4762 968 4813; x_wconf 84' lang='lat' dir='ltr'><strong>vult</strong></span> <span class='ocrx_word' id='word_1_655' title='bbox 984 4762 1270 4830; x_wconf 75' lang='lat' dir='ltr'><strong>religionem</strong></span> <span class='ocrx_word' id='word_1_656' title='bbox 1296 4762 1445 4815; x_wconf 87' lang='lat' dir='ltr'><strong>colat.</strong></span> <span class='ocrx_word' id='word_1_657' title='bbox 1468 4762 1669 4829; x_wconf 86' lang='lat' dir='ltr'><strong>Quibus</strong></span> <span class='ocrx_word' id='word_1_658' title='bbox 1693 4777 1809 4816; x_wconf 85' lang='lat' dir='ltr'><strong>ver-</strong></span> 
     </span>
    </p>
   </div>
   <div class='ocr_carea' id='block_1_89' title="bbox 253 4829 1809 4900">
    <p class='ocr_par' dir='ltr' id='par_1_89' title="bbox 253 4829 1809 4900">
     <span class='ocr_line' id='line_1_89' title="bbox 253 4829 1809 4900; baseline 0.001 -16"><span class='ocrx_word' id='word_1_659' title='bbox 253 4830 331 4885; x_wconf 83' lang='lat' dir='ltr'><strong>bis</strong></span> <span class='ocrx_word' id='word_1_660' title='bbox 349 4829 764 4900; x_wconf 74' lang='lat' dir='ltr'><strong>Constantinus,</strong></span> <span class='ocrx_word' id='word_1_661' title='bbox 778 4831 1031 4900; x_wconf 85' lang='lat' dir='ltr'><strong>integram</strong></span> <span class='ocrx_word' id='word_1_662' title='bbox 1053 4829 1261 4900; x_wconf 78' lang='lat' dir='ltr'><strong>colendi</strong></span> <span class='ocrx_word' id='word_1_663' title='bbox 1288 4839 1441 4899; x_wconf 85' lang='lat' dir='ltr'><strong>prout</strong></span> <span class='ocrx_word' id='word_1_664' title='bbox 1461 4830 1681 4900; x_wconf 90' lang='lat' dir='ltr'><strong>quisque</strong></span> <span class='ocrx_word' id='word_1_665' title='bbox 1702 4832 1809 4885; x_wconf 85' lang='lat' dir='ltr'><strong>vel-</strong></span> 
     </span>
    </p>
   </div>
   <div class='ocr_carea' id='block_1_90' title="bbox 255 4898 1807 4971">
    <p class='ocr_par' dir='ltr' id='par_1_90' title="bbox 255 4898 1807 4971">
     <span class='ocr_line' id='line_1_90' title="bbox 255 4898 1807 4971; baseline -0.002 -17"><span class='ocrx_word' id='word_1_666' title='bbox 255 4900 321 4956; x_wconf 90' lang='lat' dir='ltr'><strong>let</strong></span> <span class='ocrx_word' id='word_1_667' title='bbox 349 4900 580 4955; x_wconf 84' lang='lat' dir='ltr'><strong>numinis</strong></span> <span class='ocrx_word' id='word_1_668' title='bbox 604 4899 894 4971; x_wconf 56' lang='lat' dir='ltr'><strong>libegtatem</strong></span> <span class='ocrx_word' id='word_1_669' title='bbox 924 4898 1147 4954; x_wconf 88' lang='lat' dir='ltr'><strong>subditis</strong></span> <span class='ocrx_word' id='word_1_670' title='bbox 1164 4898 1807 4971; x_wconf 17' lang='lat' dir='ltr'><strong>suisidereliquit.Quippe</strong></span> 
     </span>
    </p>
   </div>
   <div class='ocr_carea' id='block_1_91' title="bbox 257 4968 1805 5040">
    <p class='ocr_par' dir='ltr' id='par_1_91' title="bbox 257 4968 1805 5040">
     <span class='ocr_line' id='line_1_91' title="bbox 257 4968 1805 5040; baseline 0.001 -19"><span class='ocrx_word' id='word_1_671' title='bbox 257 4971 680 5040; x_wconf 72' lang='lat' dir='ltr'><strong>religiosissimus</strong></span> <span class='ocrx_word' id='word_1_672' title='bbox 710 4968 959 5040; x_wconf 85' lang='lat' dir='ltr'><strong>Princeps</strong></span> <span class='ocrx_word' id='word_1_673' title='bbox 981 4983 1166 5040; x_wconf 83' lang='lat' dir='ltr'><strong>omnes</strong></span> <span class='ocrx_word' id='word_1_674' title='bbox 1208 4968 1721 5040; x_wconf 55' lang='lat' dir='ltr'><strong>quidemmortales&#39;</strong></span> <span class='ocrx_word' id='word_1_675' title='bbox 1741 4968 1805 5023; x_wconf 81' lang='lat' dir='ltr'><strong>ad</strong></span> 
     </span>
    </p>
   </div>
   <div class='ocr_carea' id='block_1_92' title="bbox 256 5037 1805 5094">
    <p class='ocr_par' dir='ltr' id='par_1_92' title="bbox 256 5037 1805 5094">
     <span class='ocr_line' id='line_1_92' title="bbox 256 5037 1805 5094; baseline -0.002 0"><span class='ocrx_word' id='word_1_676' title='bbox 256 5037 445 5094; x_wconf 79' lang='lat' dir='ltr'><strong>Christi</strong></span> <span class='ocrx_word' id='word_1_677' title='bbox 479 5039 635 5092; x_wconf 86' lang='lat' dir='ltr'><strong>ﬁdem</strong></span> <span class='ocrx_word' id='word_1_678' title='bbox 665 5038 891 5091; x_wconf 90' lang='lat' dir='ltr'><strong>transire</strong></span> <span class='ocrx_word' id='word_1_679' title='bbox 912 5038 1139 5093; x_wconf 69' lang='lat' dir='ltr'><strong>maxime</strong></span> <span class='ocrx_word' id='word_1_680' title='bbox 1168 5038 1469 5094; x_wconf 74' lang='lat' dir='ltr'><strong>concupivit</strong></span> <span class='ocrx_word' id='word_1_681' title='bbox 1500 5056 1512 5090; x_wconf 90' lang='lat'><strong>:</strong></span> <span class='ocrx_word' id='word_1_682' title='bbox 1543 5038 1805 5094; x_wconf 89' lang='lat' dir='ltr'><strong>neminem</strong></span> 
     </span>
    </p>
   </div>
   <div class='ocr_carea' id='block_1_93' title="bbox 256 5106 1806 5176">
    <p class='ocr_par' dir='ltr' id='par_1_93' title="bbox 256 5106 1806 5176">
     <span class='ocr_line' id='line_1_93' title="bbox 256 5106 1806 5176; baseline -0.001 -13"><span class='ocrx_word' id='word_1_683' title='bbox 256 5118 427 5164; x_wconf 86' lang='lat' dir='ltr'><strong>tamen</strong></span> <span class='ocrx_word' id='word_1_684' title='bbox 447 5107 515 5161; x_wconf 89' lang='lat' dir='ltr'><strong>ad</strong></span> <span class='ocrx_word' id='word_1_685' title='bbox 541 5106 591 5161; x_wconf 88' lang='lat' dir='ltr'><strong>id</strong></span> <span class='ocrx_word' id='word_1_686' title='bbox 617 5122 847 5175; x_wconf 89' lang='lat' dir='ltr'><strong>unquam</strong></span> <span class='ocrx_word' id='word_1_687' title='bbox 877 5109 1068 5176; x_wconf 87' lang='lat' dir='ltr'><strong>coegit.</strong></span> <span class='ocrx_word' id='word_1_688' title='bbox 1090 5110 1163 5160; x_wconf 81' lang='lat' dir='ltr'><strong>Ac</strong></span> <span class='ocrx_word' id='word_1_689' title='bbox 1182 5106 1415 5161; x_wconf 86' lang='lat' dir='ltr'><strong>Gentiles</strong></span> <span class='ocrx_word' id='word_1_690' title='bbox 1438 5109 1646 5176; x_wconf 90' lang='lat' dir='ltr'><strong>quidem</strong></span> <span class='ocrx_word' id='word_1_691' title='bbox 1676 5109 1806 5176; x_wconf 85' lang='lat' dir='ltr'><strong>pris-</strong></span> 
     </span>
    </p>
   </div>
   <div class='ocr_carea' id='block_1_94' title="bbox 257 5175 1807 5245">
    <p class='ocr_par' dir='ltr' id='par_1_94' title="bbox 257 5175 1807 5245">
     <span class='ocr_line' id='line_1_94' title="bbox 257 5175 1807 5245; baseline -0.001 -14"><span class='ocrx_word' id='word_1_692' title='bbox 257 5177 363 5233; x_wconf 88' lang='lat' dir='ltr'><strong>tino</strong></span> <span class='ocrx_word' id='word_1_693' title='bbox 383 5191 566 5231; x_wconf 87' lang='lat' dir='ltr'><strong>errore</strong></span> <span class='ocrx_word' id='word_1_694' title='bbox 596 5175 847 5229; x_wconf 88' lang='lat' dir='ltr'><strong>liberatos</strong></span> <span class='ocrx_word' id='word_1_695' title='bbox 874 5175 1037 5229; x_wconf 86' lang='lat' dir='ltr'><strong>voluit</strong></span> <span class='ocrx_word' id='word_1_696' title='bbox 1069 5194 1082 5229; x_wconf 85' lang='lat'><strong>:</strong></span> <span class='ocrx_word' id='word_1_697' title='bbox 1106 5177 1425 5245; x_wconf 86' lang='lat' dir='ltr'><strong>templorum</strong></span> <span class='ocrx_word' id='word_1_698' title='bbox 1451 5175 1624 5232; x_wconf 69' lang='lat' dir='ltr'><strong>taliter:</strong></span> <span class='ocrx_word' id='word_1_699' title='bbox 1646 5175 1807 5230; x_wconf 67' lang='lat' dir='ltr'><strong>ciere-</strong></span> 
     </span>
    </p>
   </div>
   <div class='ocr_carea' id='block_1_95' title="bbox 257 5244 1811 5369">
    <p class='ocr_par' dir='ltr' id='par_1_95' title="bbox 257 5244 1811 5369">
     <span class='ocr_line' id='line_1_95' title="bbox 257 5244 1811 5369; baseline 0.001 -70"><span class='ocrx_word' id='word_1_700' title='bbox 257 5248 454 5367; x_wconf 60' lang='lat' dir='ltr'><strong>rnnnias</strong></span> <span class='ocrx_word' id='word_1_701' title='bbox 483 5254 537 5300; x_wconf 90' lang='lat' dir='ltr'><strong>et</strong></span> <span class='ocrx_word' id='word_1_702' title='bbox 562 5245 831 5369; x_wconf 49' lang='lat' dir='ltr'><strong>Esacriﬁcia</strong></span> <span class='ocrx_word' id='word_1_703' title='bbox 868 5259 972 5298; x_wconf 92' lang='lat' dir='ltr'><strong>non</strong></span> <span class='ocrx_word' id='word_1_704' title='bbox 1000 5244 1296 5315; x_wconf 87' lang='lat' dir='ltr'><strong>prohibuit,</strong></span> <span class='ocrx_word' id='word_1_705' title='bbox 1328 5254 1383 5299; x_wconf 88' lang='lat' dir='ltr'><strong>ut</strong></span> <span class='ocrx_word' id='word_1_706' title='bbox 1425 5247 1537 5315; x_wconf 91' lang='lat' dir='ltr'><strong>ipse</strong></span> <span class='ocrx_word' id='word_1_707' title='bbox 1592 5253 1811 5301; x_wconf 86' lang='lat' dir='ltr'><strong>testatur</strong></span> 
     </span>
     <span class='ocr_line' id='line_1_96' title="bbox 258 5330 652 5369; baseline -0.01 0"><span class='ocrx_word' id='word_1_708' title='bbox 258 5332 306 5369; x_wconf 79' lang='lat' dir='ltr'><strong>in</strong></span> <span class='ocrx_word' id='word_1_709' title='bbox 332 5332 385 5369; x_wconf 86' lang='lat' dir='ltr'><strong>ra</strong></span> <span class='ocrx_word' id='word_1_710' title='bbox 418 5330 534 5369; x_wconf 83' lang='lat' dir='ltr'><strong>can.</strong></span> <span class='ocrx_word' id='word_1_711' title='bbox 639 5353 652 5365; x_wconf 94' lang='lat'><strong>.</strong></span> 
     </span>
    </p>
   </div>
   <div class='ocr_carea' id='block_1_96' title="bbox 258 5317 652 5370">
    <p class='ocr_par' dir='ltr' id='par_1_96' title="bbox 258 5317 652 5370">
     <span class='ocr_line' id='line_1_97' title="bbox 258 5317 652 5370; baseline -0.01 -1"><span class='ocrx_word' id='word_1_712' title='bbox 258 5317 385 5370; x_wconf 79' lang='lat' dir='ltr'><strong>inira</strong></span> <span class='ocrx_word' id='word_1_713' title='bbox 418 5330 534 5370; x_wconf 81' lang='lat' dir='ltr'><strong>can.</strong></span> <span class='ocrx_word' id='word_1_714' title='bbox 562 5317 652 5369; x_wconf 86' lang='lat'><strong>59.</strong></span> 
     </span>
    </p>
   </div>
   <div class='ocr_carea' id='block_1_97' title="bbox 323 5330 1810 5473">
    <p class='ocr_par' dir='ltr' id='par_1_97' title="bbox 323 5330 1810 5473">
     <span class='ocr_line' id='line_1_98' title="bbox 323 5330 652 5369; baseline -0.012 0"><span class='ocrx_word' id='word_1_715' title='bbox 323 5330 385 5369; x_wconf 85' lang='lat' dir='ltr'><strong>‘ra</strong></span> <span class='ocrx_word' id='word_1_716' title='bbox 418 5330 476 5369; x_wconf 69' lang='lat' dir='ltr'><strong>Ca</strong></span> <span class='ocrx_word' id='word_1_717' title='bbox 522 5356 534 5367; x_wconf 83' lang='lat'><strong>.</strong></span> <span class='ocrx_word' id='word_1_718' title='bbox 562 5330 652 5369; x_wconf 66' lang='lat'><strong>33.</strong></span> 
     </span>
     <span class='ocr_line' id='line_1_99' title="bbox 323 5330 1810 5473; baseline 0.004 -40"><span class='ocrx_word' id='word_1_719' title='bbox 323 5330 575 5473; x_wconf 51' lang='grc' dir='ltr'>οῆδάιὲάρ</span> <span class='ocrx_word' id='word_1_720' title='bbox 598 5386 705 5473; x_wconf 48' lang='lat' dir='ltr'><strong>ﬁeri.</strong></span> <span class='ocrx_word' id='word_1_721' title='bbox 731 5386 914 5473; x_wconf 50' lang='lat' dir='ltr'><strong>actinos.</strong></span> <span class='ocrx_word' id='word_1_722' title='bbox 945 5384 1018 5439; x_wconf 90' lang='lat' dir='ltr'><strong>De</strong></span> <span class='ocrx_word' id='word_1_723' title='bbox 1046 5385 1247 5473; x_wconf 50' lang='lat' dir='ltr'><strong>origin}</strong></span> <span class='ocrx_word' id='word_1_724' title='bbox 1273 5383 1660 5473; x_wconf 46' lang='lat' dir='ltr'><strong>etIantiquitate</strong></span> <span class='ocrx_word' id='word_1_725' title='bbox 1687 5385 1810 5466; x_wconf 72' lang='lat' dir='ltr'><strong>reli-</strong></span> 
     </span>
    </p>
   </div>
   <div class='ocr_carea' id='block_1_98' title="bbox 290 5453 1813 5523">
    <p class='ocr_par' dir='ltr' id='par_1_98' title="bbox 290 5453 1813 5523">
     <span class='ocr_line' id='line_1_100' title="bbox 290 5453 1813 5523; baseline -0.001 -14"><span class='ocrx_word' id='word_1_726' title='bbox 290 5454 425 5509; x_wconf 87' lang='lat' dir='ltr'><strong>ionis</strong></span> <span class='ocrx_word' id='word_1_727' title='bbox 452 5453 767 5523; x_wconf 63' lang='lat' dir='ltr'><strong>Chi-istiange</strong></span> <span class='ocrx_word' id='word_1_728' title='bbox 796 5453 934 5506; x_wconf 91' lang='lat' dir='ltr'><strong>idem</strong></span> <span class='ocrx_word' id='word_1_729' title='bbox 977 5454 1158 5507; x_wconf 88' lang='lat' dir='ltr'><strong>scribit</strong></span> <span class='ocrx_word' id='word_1_730' title='bbox 1190 5455 1445 5508; x_wconf 86' lang='lat' dir='ltr'><strong>Eusebius</strong></span> <span class='ocrx_word' id='word_1_731' title='bbox 1475 5458 1524 5506; x_wconf 90' lang='lat' dir='ltr'><strong>in</strong></span> <span class='ocrx_word' id='word_1_732' title='bbox 1558 5454 1813 5523; x_wconf 88' lang='lat' dir='ltr'><strong>principio</strong></span> 
     </span>
    </p>
   </div>
   <div class='ocr_carea' id='block_1_99' title="bbox 257 5470 1811 5594">
    <p class='ocr_par' dir='ltr' id='par_1_99' title="bbox 257 5470 1811 5594">
     <span class='ocr_line' id='line_1_101' title="bbox 290 5470 1811 5523; baseline -0.001 -14"><span class='ocrx_word' id='word_1_733' title='bbox 290 5470 425 5509; x_wconf 79' lang='lat' dir='ltr'><strong>mnis</strong></span> <span class='ocrx_word' id='word_1_734' title='bbox 452 5470 767 5510; x_wconf 67' lang='grc' dir='ltr'>υιιι-ιειιοηω</span> <span class='ocrx_word' id='word_1_735' title='bbox 796 5470 934 5506; x_wconf 79' lang='lat' dir='ltr'><strong>idem</strong></span> <span class='ocrx_word' id='word_1_736' title='bbox 977 5470 1158 5507; x_wconf 80' lang='lat' dir='ltr'><strong>SCI&#39;IDll</strong></span> <span class='ocrx_word' id='word_1_737' title='bbox 1190 5470 1445 5508; x_wconf 68' lang='lat' dir='ltr'><strong>nusenms</strong></span> <span class='ocrx_word' id='word_1_738' title='bbox 1475 5470 1524 5506; x_wconf 85' lang='grc' dir='ltr'><strong>ιιι</strong></span> <span class='ocrx_word' id='word_1_739' title='bbox 1558 5470 1811 5523; x_wconf 83' lang='lat' dir='ltr'><strong>pl‘lllClplO</strong></span> 
     </span>
     <span class='ocr_line' id='line_1_102' title="bbox 257 5470 1811 5594; baseline -0.001 -15"><span class='ocrx_word' id='word_1_740' title='bbox 257 5470 505 5580; x_wconf 46' lang='lat' dir='ltr'><strong>giistoria:</strong></span> <span class='ocrx_word' id='word_1_741' title='bbox 533 5520 916 5577; x_wconf 64' lang='lat' dir='ltr'><strong>Ecclesiasticaa</strong></span> <span class='ocrx_word' id='word_1_742' title='bbox 934 5563 948 5589; x_wconf 91' lang='lat'><strong>,</strong></span> <span class='ocrx_word' id='word_1_743' title='bbox 970 5531 1022 5578; x_wconf 90' lang='lat' dir='ltr'><strong>et</strong></span> <span class='ocrx_word' id='word_1_744' title='bbox 1046 5523 1097 5577; x_wconf 90' lang='lat' dir='ltr'><strong>in</strong></span> <span class='ocrx_word' id='word_1_745' title='bbox 1123 5524 1269 5578; x_wconf 88' lang='lat' dir='ltr'><strong>libris</strong></span> <span class='ocrx_word' id='word_1_746' title='bbox 1293 5524 1358 5580; x_wconf 90' lang='lat' dir='ltr'><strong>de</strong></span> <span class='ocrx_word' id='word_1_747' title='bbox 1381 5524 1686 5594; x_wconf 80' lang='lat' dir='ltr'><strong>Evangelica</strong></span> <span class='ocrx_word' id='word_1_748' title='bbox 1716 5523 1811 5578; x_wconf 85' lang='lat' dir='ltr'><strong>de-</strong></span> 
     </span>
    </p>
   </div>
   <div class='ocr_carea' id='block_1_100' title="bbox 265 5595 666 5649">
    <p class='ocr_par' dir='ltr' id='par_1_100' title="bbox 265 5595 666 5649">
     <span class='ocr_line' id='line_1_103' title="bbox 265 5595 666 5649; baseline -0.007 -1"><span class='ocrx_word' id='word_1_749' title='bbox 265 5595 666 5649; x_wconf 87' lang='lat' dir='ltr'><strong>monstratione.</strong></span> 
     </span>
    </p>
   </div>
   <div class='ocr_carea' id='block_1_101' title="bbox 327 5664 1813 5741">
    <p class='ocr_par' dir='ltr' id='par_1_101' title="bbox 327 5664 1813 5741">
     <span class='ocr_line' id='line_1_104' title="bbox 327 5664 1813 5741; baseline -0.003 -18"><span class='ocrx_word' id='word_1_750' title='bbox 496 5666 579 5721; x_wconf 86' lang='grc' dir='ltr'>τὸν</span> <span class='ocrx_word' id='word_1_751' title='bbox 618 5664 910 5741; x_wconf 70' lang='grc' dir='ltr'>ἐπαχθέντα</span> <span class='ocrx_word' id='word_1_752' title='bbox 934 5664 1326 5741; x_wconf 39' lang='lat' dir='ltr'><strong>famemmLego</strong></span> <span class='ocrx_word' id='word_1_753' title='bbox 1366 5665 1490 5741; x_wconf 74' lang='grc' dir='ltr'><strong>κατά</strong></span> <span class='ocrx_word' id='word_1_754' title='bbox 1524 5664 1605 5718; x_wconf 81' lang='grc' dir='ltr'>τὸν</span> <span class='ocrx_word' id='word_1_755' title='bbox 1647 5666 1813 5741; x_wconf 76' lang='grc' dir='ltr'>ἐπεισ-</span> 
     </span>
    </p>
   </div>
   <div class='ocr_carea' id='block_1_102' title="bbox 263 5731 1815 5806">
    <p class='ocr_par' dir='ltr' id='par_1_102' title="bbox 263 5731 1815 5806">
     <span class='ocr_line' id='line_1_105' title="bbox 263 5731 1815 5806; baseline -0.002 -17"><span class='ocrx_word' id='word_1_756' title='bbox 263 5739 515 5805; x_wconf 74' lang='grc' dir='ltr'>αχθέντα,</span> <span class='ocrx_word' id='word_1_757' title='bbox 569 5740 631 5790; x_wconf 83' lang='grc' dir='ltr'><strong>ιιι</strong></span> <span class='ocrx_word' id='word_1_758' title='bbox 668 5731 862 5802; x_wconf 74' lang='lat' dir='ltr'><strong>legisse</strong></span> <span class='ocrx_word' id='word_1_759' title='bbox 898 5731 1099 5790; x_wconf 85' lang='lat' dir='ltr'><strong>videt&#39;ur</strong></span> <span class='ocrx_word' id='word_1_760' title='bbox 1142 5731 1669 5806; x_wconf 63' lang='lat' dir='ltr'><strong>Cbriitophorsonos.</strong></span> <span class='ocrx_word' id='word_1_761' title='bbox 1720 5736 1815 5787; x_wconf 82' lang='lat' dir='ltr'><strong>At-</strong></span> 
     </span>
    </p>
   </div>
   <div class='ocr_carea' id='block_1_103' title="bbox 1979 4758 3460 4836">
    <p class='ocr_par' dir='ltr' id='par_1_103' title="bbox 1979 4758 3460 4836">
     <span class='ocr_line' id='line_1_106' title="bbox 1979 4758 3460 4836; baseline -0.003 -20"><span class='ocrx_word' id='word_1_762' title='bbox 1979 4762 2129 4819; x_wconf 82' lang='grc' dir='ltr'>Πολλή</span> <span class='ocrx_word' id='word_1_763' title='bbox 2154 4758 2494 4836; x_wconf 38' lang='grc' dir='ltr'>τῆςςξουσίας</span> <span class='ocrx_word' id='word_1_764' title='bbox 2521 4759 2782 4836; x_wconf 81' lang='grc' dir='ltr'>διάκρισις,</span> <span class='ocrx_word' id='word_1_765' title='bbox 2812 4758 2861 4812; x_wconf 87' lang='lat' dir='ltr'><strong>id</strong></span> <span class='ocrx_word' id='word_1_766' title='bbox 2886 4769 2966 4813; x_wconf 90' lang='lat' dir='ltr'><strong>est</strong></span> <span class='ocrx_word' id='word_1_767' title='bbox 2991 4800 3004 4821; x_wconf 91' lang='lat'><strong>,</strong></span> <span class='ocrx_word' id='word_1_768' title='bbox 3035 4758 3304 4836; x_wconf 68' lang='lat' dir='ltr'><strong>rlittltiplcx</strong></span> <span class='ocrx_word' id='word_1_769' title='bbox 3328 4758 3460 4811; x_wconf 78' lang='lat' dir='ltr'><strong>divi-</strong></span> 
     </span>
    </p>
   </div>
   <div class='ocr_carea' id='block_1_104' title="bbox 1910 4827 3456 4896">
    <p class='ocr_par' dir='ltr' id='par_1_104' title="bbox 1910 4827 3456 4896">
     <span class='ocr_line' id='line_1_107' title="bbox 1910 4827 3456 4896; baseline -0.004 -11"><span class='ocrx_word' id='word_1_770' title='bbox 1910 4830 2069 4896; x_wconf 85' lang='lat' dir='ltr'><strong>nitas,</strong></span> <span class='ocrx_word' id='word_1_771' title='bbox 2090 4839 2211 4896; x_wconf 86' lang='lat' dir='ltr'><strong>puta</strong></span> <span class='ocrx_word' id='word_1_772' title='bbox 2237 4830 2373 4884; x_wconf 90' lang='lat' dir='ltr'><strong>Solis</strong></span> <span class='ocrx_word' id='word_1_773' title='bbox 2392 4871 2405 4893; x_wconf 93' lang='lat'><strong>,</strong></span> <span class='ocrx_word' id='word_1_774' title='bbox 2433 4830 2593 4883; x_wconf 70' lang='lat' dir='ltr'><strong>Luna:</strong></span> <span class='ocrx_word' id='word_1_775' title='bbox 2614 4827 2642 4892; x_wconf 83' lang='grc'>,“</span> <span class='ocrx_word' id='word_1_776' title='bbox 2658 4836 2916 4881; x_wconf 88' lang='lat' dir='ltr'><strong>astrorum</strong></span> <span class='ocrx_word' id='word_1_777' title='bbox 2961 4836 3013 4883; x_wconf 79' lang='lat' dir='ltr'><strong>et</strong></span> <span class='ocrx_word' id='word_1_778' title='bbox 3038 4827 3414 4882; x_wconf 82' lang='lat' dir='ltr'><strong>elementorum</strong></span> <span class='ocrx_word' id='word_1_779' title='bbox 3440 4866 3456 4890; x_wconf 92' lang='lat'><strong>,</strong></span> 
     </span>
    </p>
   </div>
   <div class='ocr_carea' id='block_1_105' title="bbox 1910 4897 3459 4969">
    <p class='ocr_par' dir='ltr' id='par_1_105' title="bbox 1910 4897 3459 4969">
     <span class='ocr_line' id='line_1_108' title="bbox 1910 4897 3459 4969; baseline -0.005 -14"><span class='ocrx_word' id='word_1_780' title='bbox 1910 4901 1976 4955; x_wconf 83' lang='lat' dir='ltr'><strong>dc</strong></span> <span class='ocrx_word' id='word_1_781' title='bbox 2005 4897 2199 4969; x_wconf 88' lang='lat' dir='ltr'><strong>quibus</strong></span> <span class='ocrx_word' id='word_1_782' title='bbox 2222 4914 2377 4968; x_wconf 88' lang='lat' dir='ltr'><strong>supra</strong></span> <span class='ocrx_word' id='word_1_783' title='bbox 2397 4900 2546 4953; x_wconf 79' lang='lat' dir='ltr'><strong>dixit.</strong></span> <span class='ocrx_word' id='word_1_784' title='bbox 2576 4897 2698 4951; x_wconf 67' lang='lat' dir='ltr'><strong>Haec</strong></span> <span class='ocrx_word' id='word_1_785' title='bbox 2725 4898 2864 4951; x_wconf 88' lang='lat' dir='ltr'><strong>enim</strong></span> <span class='ocrx_word' id='word_1_786' title='bbox 2899 4897 3101 4966; x_wconf 88' lang='lat' dir='ltr'><strong>singula</strong></span> <span class='ocrx_word' id='word_1_787' title='bbox 3127 4897 3274 4969; x_wconf 78' lang='lat' dir='ltr'><strong>,_n_isi</strong></span> <span class='ocrx_word' id='word_1_788' title='bbox 3304 4898 3459 4949; x_wconf 89' lang='lat' dir='ltr'><strong>unius</strong></span> 
     </span>
    </p>
   </div>
   <div class='ocr_carea' id='block_1_106' title="bbox 1909 4966 3451 5034">
    <p class='ocr_par' dir='ltr' id='par_1_106' title="bbox 1909 4966 3451 5034">
     <span class='ocr_line' id='line_1_109' title="bbox 1909 4966 3451 5034; baseline -0.005 -11"><span class='ocrx_word' id='word_1_789' title='bbox 1909 4970 2000 5024; x_wconf 90' lang='lat' dir='ltr'><strong>Dei</strong></span> <span class='ocrx_word' id='word_1_790' title='bbox 2024 4966 2167 5022; x_wconf 24' lang='lat' dir='ltr'><strong>Vnutu</strong></span> <span class='ocrx_word' id='word_1_791' title='bbox 2204 4983 2265 5021; x_wconf 90' lang='lat' dir='ltr'><strong>ac</strong></span> <span class='ocrx_word' id='word_1_792' title='bbox 2288 4966 2550 5029; x_wconf 58' lang='lat' dir='ltr'><strong>potestate</strong></span> <span class='ocrx_word' id='word_1_793' title='bbox 2578 4976 2915 5033; x_wconf 81' lang='lat' dir='ltr'><strong>regerentur,</strong></span> <span class='ocrx_word' id='word_1_794' title='bbox 2946 4969 3122 5034; x_wconf 90' lang='lat' dir='ltr'><strong>utique</strong></span> <span class='ocrx_word' id='word_1_795' title='bbox 3152 4966 3227 5018; x_wconf 88' lang='lat' dir='ltr'><strong>Dii</strong></span> <span class='ocrx_word' id='word_1_796' title='bbox 3255 4976 3451 5034; x_wconf 79' lang='lat' dir='ltr'><strong>essent.</strong></span> 
     </span>
    </p>
   </div>
   <div class='ocr_carea' id='block_1_107' title="bbox 1908 5033 3456 5108">
    <p class='ocr_par' dir='ltr' id='par_1_107' title="bbox 1908 5033 3456 5108">
     <span class='ocr_line' id='line_1_110' title="bbox 1908 5033 3456 5108; baseline -0.005 -15"><span class='ocrx_word' id='word_1_797' title='bbox 1908 5042 2108 5104; x_wconf 79' lang='grc' dir='ltr'>ἐξουσία</span> <span class='ocrx_word' id='word_1_798' title='bbox 2134 5038 2293 5108; x_wconf 87' lang='lat' dir='ltr'><strong>igitur</strong></span> <span class='ocrx_word' id='word_1_799' title='bbox 2326 5048 2407 5091; x_wconf 89' lang='lat' dir='ltr'><strong>est</strong></span> <span class='ocrx_word' id='word_1_800' title='bbox 2435 5045 2699 5108; x_wconf 82' lang='lat' dir='ltr'><strong>potestas,</strong></span> <span class='ocrx_word' id='word_1_801' title='bbox 2732 5035 2923 5108; x_wconf 82' lang='lat' dir='ltr'><strong>nullius</strong></span> <span class='ocrx_word' id='word_1_802' title='bbox 2950 5033 3295 5089; x_wconf 83' lang='lat' dir='ltr'><strong>dominationi</strong></span> <span class='ocrx_word' id='word_1_803' title='bbox 3331 5034 3456 5108; x_wconf 82' lang='lat' dir='ltr'><strong>sub-</strong></span> 
     </span>
    </p>
   </div>
   <div class='ocr_carea' id='block_1_108' title="bbox 1902 5103 3462 5179">
    <p class='ocr_par' dir='ltr' id='par_1_108' title="bbox 1902 5103 3462 5179">
     <span class='ocr_line' id='line_1_111' title="bbox 1902 5103 3462 5179; baseline -0.005 -17"><span class='ocrx_word' id='word_1_804' title='bbox 1902 5103 2065 5179; x_wconf 83' lang='lat' dir='ltr'><strong>jecta,</strong></span> <span class='ocrx_word' id='word_1_805' title='bbox 2104 5103 2274 5179; x_wconf 71' lang='lat' dir='ltr'><strong>quam</strong></span> <span class='ocrx_word' id='word_1_806' title='bbox 2321 5103 2476 5179; x_wconf 78' lang='lat' dir='ltr'><strong>vulgo</strong></span> <span class='ocrx_word' id='word_1_807' title='bbox 2521 5104 2977 5175; x_wconf 88' lang='lat' dir='ltr'><strong>independentiam</strong></span> <span class='ocrx_word' id='word_1_808' title='bbox 3014 5117 3260 5159; x_wconf 80' lang='lat' dir='ltr'><strong>vocamus</strong></span> <span class='ocrx_word' id='word_1_809' title='bbox 3286 5143 3301 5168; x_wconf 94' lang='lat'><strong>,</strong></span> <span class='ocrx_word' id='word_1_810' title='bbox 3343 5103 3462 5172; x_wconf 66' lang='lat' dir='ltr'><strong>quae</strong></span> 
     </span>
    </p>
   </div>
   <div class='ocr_carea' id='block_1_109' title="bbox 1911 5176 2545 5245">
    <p class='ocr_par' dir='ltr' id='par_1_109' title="bbox 1911 5176 2545 5245">
     <span class='ocr_line' id='line_1_112' title="bbox 1911 5176 2545 5245; baseline -0.006 -13"><span class='ocrx_word' id='word_1_811' title='bbox 1911 5176 2075 5232; x_wconf 74' lang='lat' dir='ltr'><strong>Solius</strong></span> <span class='ocrx_word' id='word_1_812' title='bbox 2099 5176 2190 5231; x_wconf 84' lang='lat' dir='ltr'><strong>Dei</strong></span> <span class='ocrx_word' id='word_1_813' title='bbox 2215 5176 2420 5245; x_wconf 89' lang='lat' dir='ltr'><strong>propria</strong></span> <span class='ocrx_word' id='word_1_814' title='bbox 2446 5186 2545 5229; x_wconf 89' lang='lat' dir='ltr'><strong>est.</strong></span> 
     </span>
    </p>
   </div>
   <div class='ocr_carea' id='block_1_110' title="bbox 1984 5239 3465 5325">
    <p class='ocr_par' dir='ltr' id='par_1_110' title="bbox 1984 5239 3465 5325">
     <span class='ocr_line' id='line_1_113' title="bbox 1984 5239 3465 5325; baseline -0.025 1"><span class='ocrx_word' id='word_1_815' title='bbox 1984 5248 2178 5325; x_wconf 43' lang='lat'><strong>05...???</strong></span> <span class='ocrx_word' id='word_1_816' title='bbox 2206 5239 2331 5325; x_wconf 47' lang='grc' dir='ltr'>ίτθδέ</span> <span class='ocrx_word' id='word_1_817' title='bbox 2370 5246 2578 5325; x_wconf 69' lang='grc' dir='ltr'>έαντινές</span> <span class='ocrx_word' id='word_1_818' title='bbox 2609 5244 2952 5325; x_wconf 61' lang='grc' dir='ltr'>μανξσρέντιςο</span> <span class='ocrx_word' id='word_1_819' title='bbox 2976 5243 3139 5325; x_wconf 44' lang='lat' dir='ltr'><strong>“Deos</strong></span> <span class='ocrx_word' id='word_1_820' title='bbox 3181 5239 3465 5325; x_wconf 54' lang='lat' dir='ltr'><strong>Gentilium</strong></span> 
     </span>
    </p>
   </div>
   <div class='ocr_carea' id='block_1_111' title="bbox 1915 5311 3470 5385">
    <p class='ocr_par' dir='ltr' id='par_1_111' title="bbox 1915 5311 3470 5385">
     <span class='ocr_line' id='line_1_114' title="bbox 1915 5311 3470 5385; baseline -0.005 -16"><span class='ocrx_word' id='word_1_821' title='bbox 1915 5311 2180 5385; x_wconf 73' lang='lat' dir='ltr'><strong>intelligit&#39;,</strong></span> <span class='ocrx_word' id='word_1_822' title='bbox 2223 5311 2279 5368; x_wconf 81' lang='grc' dir='ltr'><strong>ιιί</strong></span> <span class='ocrx_word' id='word_1_823' title='bbox 2306 5330 2462 5383; x_wconf 82' lang='lat' dir='ltr'><strong>supra</strong></span> <span class='ocrx_word' id='word_1_824' title='bbox 2516 5311 2622 5367; x_wconf 71' lang='lat' dir='ltr'><strong>dixi</strong></span> <span class='ocrx_word' id='word_1_825' title='bbox 2652 5311 2875 5378; x_wconf 47' lang='lat' dir='ltr'><strong>{Solem</strong></span> <span class='ocrx_word' id='word_1_826' title='bbox 2915 5313 3116 5385; x_wconf 68' lang='lat' dir='ltr'><strong>scilicet</strong></span> <span class='ocrx_word' id='word_1_827' title='bbox 3142 5352 3156 5375; x_wconf 92' lang='lat'><strong>,</strong></span> <span class='ocrx_word' id='word_1_828' title='bbox 3187 5311 3382 5385; x_wconf 57' lang='lat' dir='ltr'><strong>Linguam</strong></span> <span class='ocrx_word' id='word_1_829' title='bbox 3414 5315 3470 5385; x_wconf 77' lang='lat' dir='ltr'><strong>et</strong></span> 
     </span>
    </p>
   </div>
   <div class='ocr_carea' id='block_1_112' title="bbox 1915 5376 3466 5453">
    <p class='ocr_par' dir='ltr' id='par_1_112' title="bbox 1915 5376 3466 5453">
     <span class='ocr_line' id='line_1_115' title="bbox 1915 5376 3466 5453; baseline -0.006 -14"><span class='ocrx_word' id='word_1_830' title='bbox 1915 5376 2113 5453; x_wconf 71' lang='lat' dir='ltr'><strong>reliqua</strong></span> <span class='ocrx_word' id='word_1_831' title='bbox 2163 5376 2342 5438; x_wconf 85' lang='lat' dir='ltr'><strong>mundi</strong></span> <span class='ocrx_word' id='word_1_832' title='bbox 2372 5376 2815 5453; x_wconf 10' lang='lat' dir='ltr'><strong>&#39;clementaiqugz</strong></span> <span class='ocrx_word' id='word_1_833' title='bbox 2848 5397 2961 5453; x_wconf 88' lang='lat' dir='ltr'><strong>_pro</strong></span> <span class='ocrx_word' id='word_1_834' title='bbox 2997 5380 3103 5435; x_wconf 89' lang='lat' dir='ltr'><strong>Diis</strong></span> <span class='ocrx_word' id='word_1_835' title='bbox 3126 5376 3466 5453; x_wconf 79' lang='lat' dir='ltr'><strong>coluitauti-</strong></span> 
     </span>
    </p>
   </div>
   <div class='ocr_carea' id='block_1_113' title="bbox 1915 5449 3469 5523">
    <p class='ocr_par' dir='ltr' id='par_1_113' title="bbox 1915 5449 3469 5523">
     <span class='ocr_line' id='line_1_116' title="bbox 1915 5449 3469 5523; baseline -0.005 -16"><span class='ocrx_word' id='word_1_836' title='bbox 1915 5449 2106 5523; x_wconf 79' lang='lat' dir='ltr'><strong>quitas.</strong></span> <span class='ocrx_word' id='word_1_837' title='bbox 2132 5454 2247 5507; x_wconf 81' lang='lat' dir='ltr'><strong>Mox</strong></span> <span class='ocrx_word' id='word_1_838' title='bbox 2273 5453 2442 5508; x_wconf 83' lang='lat' dir='ltr'><strong>scribe</strong></span> <span class='ocrx_word' id='word_1_839' title='bbox 2469 5468 2533 5523; x_wconf 82' lang='lat' dir='ltr'><strong>cx</strong></span> <span class='ocrx_word' id='word_1_840' title='bbox 2566 5449 2746 5523; x_wconf 82' lang='lat' dir='ltr'><strong>codice</strong></span> <span class='ocrx_word' id='word_1_841' title='bbox 2767 5449 3058 5523; x_wconf 69' lang='lat' dir='ltr'><strong>Fuketiano</strong></span> <span class='ocrx_word' id='word_1_842' title='bbox 3085 5452 3150 5523; x_wconf 52' lang='lat' dir='ltr'><strong>re</strong></span> <span class='ocrx_word' id='word_1_843' title='bbox 3168 5449 3469 5523; x_wconf 67' lang='grc' dir='ltr'>ἀνορῲπινον</span> 
     </span>
    </p>
   </div>
   <div class='ocr_carea' id='block_1_114' title="bbox 1917 5517 3463 5595">
    <p class='ocr_par' dir='ltr' id='par_1_114' title="bbox 1917 5517 3463 5595">
     <span class='ocr_line' id='line_1_117' title="bbox 1917 5517 3463 5595; baseline -0.005 -19"><span class='ocrx_word' id='word_1_844' title='bbox 1917 5517 2167 5595; x_wconf 70' lang='grc' dir='ltr'>ἐμάχοντο</span> <span class='ocrx_word' id='word_1_845' title='bbox 2196 5527 2437 5595; x_wconf 37' lang='grc' dir='ltr'>γένοςηιιι</span> <span class='ocrx_word' id='word_1_846' title='bbox 2472 5520 2665 5595; x_wconf 81' lang='lat' dir='ltr'><strong>legitur</strong></span> <span class='ocrx_word' id='word_1_847' title='bbox 2707 5524 2872 5595; x_wconf 77' lang='lat' dir='ltr'><strong>etiam</strong></span> <span class='ocrx_word' id='word_1_848' title='bbox 2914 5522 2964 5574; x_wconf 86' lang='lat' dir='ltr'><strong>in</strong></span> <span class='ocrx_word' id='word_1_849' title='bbox 3007 5520 3215 5595; x_wconf 67' lang='lat' dir='ltr'><strong>[legiis_</strong></span> <span class='ocrx_word' id='word_1_850' title='bbox 3235 5517 3463 5595; x_wconf 54' lang='lat' dir='ltr'><strong>schedia.</strong></span> 
     </span>
    </p>
   </div>
   <div class='ocr_carea' id='block_1_115' title="bbox 1984 5583 3469 5669">
    <p class='ocr_par' dir='ltr' id='par_1_115' title="bbox 1984 5583 3469 5669">
     <span class='ocr_line' id='line_1_118' title="bbox 1984 5583 3469 5669; baseline -0.004 -25"><span class='ocrx_word' id='word_1_851' title='bbox 1984 5583 2582 5669; x_wconf 42' lang='grc' dir='ltr'>ςῖηοςίαςίέπιμελομίνοξς</span> <span class='ocrx_word' id='word_1_852' title='bbox 2625 5593 2823 5669; x_wconf 81' lang='grc' dir='ltr'>ἀρετῆς.</span> <span class='ocrx_word' id='word_1_853' title='bbox 2858 5592 2911 5646; x_wconf 80' lang='lat' dir='ltr'><strong>In</strong></span> <span class='ocrx_word' id='word_1_854' title='bbox 2954 5583 3137 5643; x_wconf 81' lang='lat' dir='ltr'><strong>codice</strong></span> <span class='ocrx_word' id='word_1_855' title='bbox 3178 5583 3469 5641; x_wconf 72' lang='lat' dir='ltr'><strong>Fukcliano</strong></span> 
     </span>
    </p>
   </div>
   <div class='ocr_carea' id='block_1_116' title="bbox 1916 5662 2642 5732">
    <p class='ocr_par' dir='ltr' id='par_1_116' title="bbox 1916 5662 2642 5732">
     <span class='ocr_line' id='line_1_119' title="bbox 1916 5662 2642 5732; baseline -0.004 -14"><span class='ocrx_word' id='word_1_856' title='bbox 1916 5671 1969 5718; x_wconf 88' lang='lat' dir='ltr'><strong>et</strong></span> <span class='ocrx_word' id='word_1_857' title='bbox 1989 5662 2173 5717; x_wconf 84' lang='lat' dir='ltr'><strong>Savilii</strong></span> <span class='ocrx_word' id='word_1_858' title='bbox 2198 5663 2383 5731; x_wconf 76' lang='lat' dir='ltr'><strong>legitur</strong></span> <span class='ocrx_word' id='word_1_859' title='bbox 2408 5664 2642 5732; x_wconf 76' lang='grc' dir='ltr'>γνησίως.</span> 
     </span>
    </p>
   </div>
  </div>
