3944 6218
477 289 581 343 279

1691 272 2133 340 (ΞΟΝὸΤΑΝΤΙΝΙ
2176 271 2381 328 ΜΔΕΧΙ

3574 267 3677 321 9.30

475 398 605 471 ἄλλῳ
648 403 800 454 τοῦτο
827 402 895 469 μὴ
929 397 1215 470 λογιζέσθω
1258 396 1286 453 ἦ
1314 396 1413 468 γὰρ
1450 394 1646 466 ἰατρική
1681 396 1776 443 τῶν
1812 390 2034 458 ἰαμάτων

2163 384 2305 438 :urari
2332 397 2391 437 se
2421 396 2522 435 non
2550 381 2691 445 sinit,
2719 394 2784 434 ne
2807 379 2855 433 id
2884 379 2966 431 alii
2998 379 3236 457 imputet.
3275 376 3480 445 Quippe
3515 376 3682 428 medi-

475 492 863 567 προκαθέζεται,
895 487 1087 545 ἅπασιν
1131 488 1201 546 εἰς
1234 487 1510 556 τούμφανές
1552 482 1865 567 προκιιμένη.
1892 479 2034 550 μόνον

477 566 548 655 μη
593 601 671 641 τις
712 578 1108 635 καταϐλαπτέτω
1158 576 1292 631 τοῦθ’
1327 572 1451 645 ὅπερ
1498 570 1753 656 ἄχραντον
1805 566 1929 625 εἶναι
1972 569 2036 623 τὰ

478 672 760 745 πράγματα
799 672 1083 743 παρεγγυᾷ.
1132 664 1443 742 χρησᾶξμιθα
1487 666 1650 717 τοίνυν
1697 660 1914 718 ἅπαντες
1957 656 2037 712 ἄν·

478 763 667 835 θρωποι
690 767 750 829 τῇ
777 764 866 812 τοῦ
892 757 1107 815 δοθέντος
1140 756 1324 827 ἀγαθοῦ
1368 752 1668 826 συγκληρία,
1709 752 1941 806 τουτέστι
1965 758 2037 821 τῷ

478 858 571 908 τῆς
595 850 784 923 ιίρήνης
810 848 959 919 καλῷ,
984 847 1291 918 χωρίζοντες
1316 841 1503 902 δηλαδή
1525 846 1615 900 τὴν
1634 838 1915 898 συνείδησιν
1936 840 2037 894 ἀπό

480 942 671 1002 παντὸς
697 941 936 995 ἐναντίου.

2138 476 2251 528 cina
2295 489 2409 543 qua:
2448 482 2636 542 prmest
2667 471 2923 526 curationi
2951 470 3120 538 palam
3148 470 3388 521 omnibus
3421 464 3684 536 propo.ita

2140 576 2244 620 est.
2275 565 2405 619 Illud
2433 574 2634 619 tantum
2655 563 2943 617 cavendum
2974 572 3075 625 est,
3100 576 3166 615 ne
3194 562 3305 630 quis
3334 576 3451 615 eam
3480 559 3691 628 religio-

2142 655 2632 723 nemviulet,quam
2665 668 2846 721 puram
2897 662 2952 706 et
3004 650 3391 704 innnaculatam
3440 664 3561 703 esse
3608 662 3693 703 res

2142 744 2271 813 ipsa:
2294 754 2569 798 testantur.
2596 743 2818 796 Proinde
2843 741 3071 795 universi
3103 742 3334 794 fruamur
3368 740 3523 804 hujus
3573 738 3691 791 boni

2144 833 2296 886 nobis
2320 832 2503 886 indulti
2534 832 2821 895 consortio,
2854 830 2953 883 hoe
2980 839 3083 891 est,
3116 830 3255 897 pacis
3281 828 3617 889 atnmnitate;
3646 836 3699 880 et

2144 924 2303 976 animi
2334 924 2500 977 nostri
2526 921 2899 977 conscientiam
2924 920 2991 973 ab
3036 919 3276 974 omnibus
3307 933 3423 988 qua:
3456 917 3530 972 illi
3572 930 3700 971 coo-

2142 1012 2299 1066 traria
2332 1020 2453 1065 sunt
2480 1010 2820 1065 abducamus.

1131 1148 1461 1191 ADHORTA‘I‘IO
1481 1148 1574 1187 SUB
1594 1146 1752 1186 PINBI
1782 1145 1973 1192 κοιοτι.
1999 1145 2054 1186 U1

2163 1145 2227 1185 ιιο
2247 1144 2438 1184 Αιτιιιιι
2459 1137 2751 1183 ιιοιεετιειι
2772 1141 3048 1182 ελοεεςλτ.

558 1246 674 1286 xm.
705 1230 828 1289 Πλὴν
860 1229 1076 1288 ἴιιαστος
1110 1224 1233 1301 ὅπερ
1260 1230 1441 1285 πείσας
1478 1225 1651 1278 έαυτόν
1680 1220 2042 1283 ἀναδέδιικται,

485 1324 654 1393 τούτῳ
677 1322 760 1374 τόν
782 1321 858 1374 ἴτε
865 1340 949 1393 ρον
975 1324 1043 1388 μή
1069 1317 1475 1372 καταϐλατπέτω.
1498 1312 1619 1387 ὅπερ
1646 1314 1847 1387 θάτερος
1869 1308 1964 1365 εἶδέ
1994 1330 2046 1363 τε

489 1418 571 1468 καί
598 1413 780 1477 ἐνόησε,
809 1414 975 1482 τούτῳ
1016 1411 1097 1463 τόν
1143 1408 1366 1469 πλησίον,
1393 1406 1434 1459 εί
1457 1408 1545 1476 μέν
1570 1405 1791 1476 γένισθαι
1820 1401 2044 1465 δυνατόν,

489 1505 752 1575 ὠφελείτω.
786 1504 827 1555 εἰ
853 1501 895 1555 δ’
924 1500 1180 1562 ἀδύνατον,
1199 1497 1629 1572 παραπεμπέσθω.
1664 1493 1777 1548 ἄλλο
1799 1496 1895 1575 γάρ
1917 1495 2042 1556 έστι,

487 1594 571 1646 τόν
598 1594 726 1665 ὑπέρ
766 1593 1033 1649 ἀθανασίας
1064 1584 1205 1641 ἆθλον
1246 1588 1481 1646 ἑκουσίως
1520 1586 1913 1655 ἐπαναιρεῖσθαι,
1938 1581 2052 1637 ἄλλο

491 1683 550 1734 τὸ
573 1683 702 1751 μετά
727 1682 971 1752 τιμωρίας
995 1678 1365 1749 έπανατιάζιιν.
1393 1674 1537 1728 ταῦτ’
1560 1669 1713 1735 εἷπον,
1742 1678 1905 1725 ταῦτα
1926 1669 2051 1735 διεξ-

493 1771 628 1830 ῆλθον
655 1772 973 1846 μακρότερον,
1002 1769 1077 1828 ἢὸ
1104 1777 1191 1827 τῆς
1212 1770 1333 1837 ἐμῆς
1354 1768 1617 1825 ἐπιεικείας
1643 1766 1821 1834 ἀπῄτει
1844 1764 2053 1825 σκοπός,

496 1860 664 1920 ἐπειδὴ
688 1866 775 1919 την
800 1870 887 1920 τῆς·
914 1861 1137 1921 ἀληθείας
1166 1857 1553 1932 ἀποκρύψασθαι
1586 1858 1754 1909 πίστιν
1794 1856 1882 1909 οὐκ
1912 1854 2054 1907 ἐϐου-

494 1951 661 2022 λόμην·
694 1950 887 2019 μάλισθ’
916 1948 991 2002 ότι
1010 1951 1159 2010 τινές,
1189 1950 1254 2007 ὡς
1276 1947 1460 2007 ἀκούω,
1488 1942 1714 2018 φασὶτῶν
1734 1950 1863 1996 ναῶν
1886 1960 2060 2014 πιριη·

498 2042 679 2114 ρῆσθαι
702 2041 767 2094 τά
796 2037 877 2095 ἔθη
904 2044 984 2091 καί
1022 2044 1113 2092 τοῦ
1142 2038 1350 2095 σκότους
1378 2040 1465 2095 τήν
1498 2036 1735 2097 ἐξουσίαν
1766 2032 1887 2105 ὅπερ
1913 2050 2057 2085 συνε-

501 2128 754 2182 ϐούλευσα
796 2124 854 2182 ἀν
895 2134 1049 2182 πᾶσιν
1093 2129 1394 2202 ἀνθρώποις,
1447 2127 1488 2179 εἰ
1531 2134 1602 2195 μὴ
1654 2131 1743 2183 τῆς
1793 2124 2056 2193 μοχθηρᾶς

499 2219 686 2279 πλάνης
710 2221 738 2275 ἠ
764 2218 927 2289 βίαιος
956 2219 1319 2283 ἐπανάστασις,
1348 2218 1427 2269 έπί
1455 2216 1613 2288 βλάϐη
1635 2224 1724 2273 τῆς
1753 2222 1911 2272 κοινῆς
1940 2214 2057 2266 ἀνα-

502 2311 732 2371 στάσεως
758 2311 987 2385 ἀμέτρως
1009 2316 1125 2369 ταῑς
1153 2310 1286 2363 ένίων
1313 2306 1513 2377 ψυχαῖς
1537 2307 1827 2375 έμπεπήγιι.

2222 1235 2333 1274 λιιι.
2356 1216 2636 1282 Cmterum,
2664 1231 2817 1272 nemo
2842 1231 2903 1271 ex
2927 1231 2990 1269 eo
3012 1214 3149 1283 quod
3172 1215 3283 1283 ipsc
3299 1214 3705 1269 animoimbibit

2151 1309 2301 1363 alteri
2344 1323 2533 1362 noxam
2578 1308 2762 1377 pariat.
2798 1307 2898 1363 Sed
2941 1306 3257 1375 quicumque
3304 1307 3499 1374 aliquid
3552 1306 3706 1360 intel-

2152 1398 2336 1453 lexerit
2354 1414 2415 1453 ac
2440 1400 2672 1462 noverit,
2692 1397 3025 1466 cosiquidem
3048 1397 3159 1451 ﬁeri
3193 1407 3380 1464 potest,
3409 1398 3705 1464 proximum

2147 1486 2333 1555 juvet;
2366 1490 2445 1541 sin
2493 1487 2542 1541 id
2596 1488 2707 1541 fieri
2757 1502 2859 1541 non
2916 1495 3106 1554 potest,
3164 1488 3392 1541 omittat.
3421 1486 3574 1539 Aliud
3630 1494 3709 1540 est

2153 1582 2294 1634 enim
2339 1591 2604 1635 certamen
2637 1595 2731 1647 pro
2761 1579 3154 1631 immortalitate
3201 1587 3387 1646 sponte
3415 1578 3705 1643 suscipere,

2155 1672 2295 1725 aliud
2327 1673 2700 1740 suppliciorum
2729 1670 2779 1723 vi
2808 1670 3037 1738 adigere.
3072 1670 3193 1721 Ila-e
3238 1669 3363 1733 dixi,
3404 1678 3459 1722 et
3496 1668 3709 1723 uberius

2158 1777 2219 1817 ac
2248 1762 2499 1831 prolixius
2526 1776 2679 1830 quam
2729 1759 3141 1813 mansuetudinis
3164 1771 3357 1812 nostra:
3386 1760 3711 1826 propositum

2158 1853 2452 1921 postulabat
2488 1851 2607 1905 ideo
2635 1851 2881 1915 disserui,
2911 1850 3047 1919 quod
3094 1850 3211 1903 fidei
3238 1850 3513 1904 veritatem
3539 1850 3709 1903 celare

2158 1961 2218 1997 ac
2248 1944 2579 1997 dissimulare
2606 1943 2866 1997 nolebam.
2891 1942 3188 1996 Pratsertim
3220 1957 3336 1995 cum
3377 1940 3636 2001 nonmtlli,
3660 1948 3715 1992 ut

2163 2035 2337 2095 audio,
2372 2045 2612 2090 asserant
2663 2036 2793 2089 ritus
2822 2050 2883 2089 ac
2930 2035 3275 2089 cmremonias
3322 2034 3636 2100 templorum
3666 2041 3717 2085 et

2163 2134 2476 2193 potestatem
2507 2126 2841 2179 tenebrarum
2893 2126 3101 2193 penitus
3150 2138 3267 2177 esse
3317 2121 3715 2187 sublata.Quod

2112 2264 2117 2267 .
2164 2214 2399 2285 profecto
2441 2216 2720 2270 suasissent
2772 2216 3013 2269 omnibus
3062 2214 3383 2276 hominibus;
3412 2214 3513 2267 nisi
3569 2216 3710 2283 pravi

2163 2308 2361 2361 erroris
2413 2307 2638 2362 violenta
2690 2308 3024 2375 praesumptio
3082 2308 3132 2358 in
3186 2306 3387 2359 cladem
3460 2316 3619 2373 atque
3667 2307 3717 2359 in

2163 2397 2412 2452 damnum
2475 2398 2819 2467 reparationis
2860 2397 3071 2467 generis
3118 2396 3328 2452 humani
3368 2396 3717 2467 quorumdam

2166 2489 2430 2544 mentibus
2458 2487 2615 2544 nimis
2643 2489 2915 2544 insideret.

1462 2625 1797 2667 CONSTAN'I'INI
1819 2624 2158 2667 εοιιετιτυτιο
2176 2626 2435 2667 Αιδνειιςυε
2455 2626 2773 2667 πειιτιεοθ.

1617 2700 1709 2765 (Ex
1734 2700 1911 2749 Euseb.
1937 2700 2036 2749 Vit.
2063 2700 2228 2751 Const.
2250 2716 2317 2760 ιιι,
2341 2715 2384 2750 e.
2408 2702 2487 2764 δι,
2513 2704 2615 2763 63.)

507 2815 714 2870 nm
740 2818 1094 2868 κωνσταντῖνος
1112 2846 1125 2869 ,
1155 2808 1424 2881 Μέγιστος,
1466 2806 1708 2864 Σεϐαστός
1726 2844 1738 2863 .
1778 2805 2056 2879 αἱρετικῶς.

576 2918 614 2955 ῐ.
644 2900 903 2972 Ἐπίγνωτε
927 2908 1014 2953 νῦν
1043 2899 1125 2955 διά
1145 2908 1233 2959 τῆς
1251 2902 1539 2969 νομοθεσίας
1558 2901 1747 2958 ταύτης
1771 2892 1809 2947 ὦ
1824 2907 2069 2950 Ναυατια·

508 3000 600 3055 vol,
620 2993 942 3051 Οὐαλεντῐνοι.
970 2993 1355 3063 Μαρκιωνισταί,
1384 2988 1661 3050 Παυλιανοί,
1677 2988 1775 3041 οἵτε
1791 2988 1921 3041 Κατά
1947 2989 2069 3057 Φρύ-

2179 2803 2345 2859 Victor
2372 2801 2723 2859 Constantinus
2764 2806 3047 2868 Maximus,
3094 2809 3375 2875 Augustus,
3436 2807 3719 2861 llwretiris.

2246 2912 2279 2951 l.
2306 2897 2587 2965 Agnoscite
2602 2914 2740 2953 nunc
2758 2897 2913 2965 hujus
2928 2898 3055 2967 legis
3075 2897 3350 2964 beneﬁcio,
3370 2913 3403 2952 ο
3420 2900 3719 2961 Novatiaui,

2172 2985 2551 3052 Valentiniani,
2584 2989 2951 3053 Marcionistm,
2977 2989 3206 3042 Pauliani
3227 3030 3238 3048 .
3267 2998 3318 3043 et
3344 2990 3538 3058 quibus
3563 2990 3720 3042 Cata-

504 3106 598 3159 7ac
624 3084 1013 3153 έπικεκλημένοι,
1039 3084 1120 3132 καὶ
1141 3082 1323 3138 πάντες
1349 3079 1516 3139 ἁπλῶς
1546 3079 1590 3131 oi
1626 3080 1719 3137 τάς
1744 3077 1959 3149 αἱρέσεις
1983 3072 2054 3127 διό

2167 3078 2417 3145 phrygium
2442 3092 2631 3130 nomen
2658 3086 2739 3130 est
2765 3076 3005 3141 inditum,
3035 3092 3220 3132 onmes
3243 3066 3469 3146 denique
3495 3079 3579 3146 qui
3612 3077 3721 3131 INB-

507 3183 607 3231 τῶν
639 3177 827 3227 οἰκείων
851 3173 1151 3245 πληροῦντες
1182 3172 1545 3241 συστημάτων,
1597 3166 1730 3229 ὅσοις
1764 3167 2065 3238 ψεύδεσινἚή

505 3263 630 3337 παρ’
658 3264 772 3332 ὑμῖν
792 3262 1072 3332 ματαιότης
1096 3261 1429 3329 έμπέπλεκται
1445 3301 1457 3321 ,
1480 3262 1563 3312 καί
1582 3256 1715 3319 ὅπως
1738 3260 1941 3320 ἱοϐόλοις
1961 3263 2065 3315 τισί

508 3354 789 3427 φαρμάκοις
814 3354 844 3409 ἡ
868 3352 1084 3422 ὑμετέρα
1104 3352 1378 3419 συνέχεται
1405 3347 1717 3403 διδασκαλία·
1744 3353 1811 3411 ὡς
1830 3353 1948 3411 τοὺς
1976 3356 2064 3422 μέν

508 3446 818 3515 ὑγιαίνοντας
844 3444 912 3500 είς
935 3442 1205 3499 ἀσθένειαν,
1228 3440 1348 3498 τοὺς
1367 3436 1419 3491 δέ
1447 3444 1635 3502 ζῶντας
1664 3444 1731 3500 εἰς
1755 3438 1947 3498 διηνεκῆ
1976 3442 2062 3495 9:2-

505 3554 651 3587 νατον
692 3534 971 3602 ἀπάγεσθαι
999 3528 1061 3582 δι’
1086 3530 1241 3601 ὑμῶν.
1277 3525 1315 3581 ὦ
1350 3536 1440 3590 τῆς
1474 3533 1561 3600 μέν
1603 3530 1831 3590 ἀληθείας
1869 3533 2062 3601 ἐχθροὶ,

506 3630 598 3684 τῆς
636 3622 688 3675 δέ
728 3628 857 3685 ζωῆς
892 3623 1135 3691 πολέμιοι.
1176 3623 1257 3673 καί
1286 3622 1533 3681 ἀπωλείας
1563 3622 1862 3691 σύμϐουλοι,
1900 3625 2065 3677 πάντα

507 3713 630 3786 παρ’
654 3712 768 3781 ὑμῖν
794 3720 884 3771 τῆς
905 3712 1129 3769 ἀληθείας
1151 3713 1284 3764 ἐστίν
1310 3712 1522 3771 ἐναντία,
1555 3714 1792 3784 αἰσχροῖς
1820 3716 2063 3785 πονηρεύ-

506 3822 635 3873 μασι
666 3798 967 3872 συνᾴδοντα,
1012 3802 1246 3857 ἀτοπίαις
1282 3802 1362 3851 καὶ
1407 3797 1630 3872 δράμασι
1657 3808 1855 3870 χρῆμα,
1898 3798 1960 3852 δι’
2001 3798 2065 3853 ὧν

508 3894 652 3963 ὑμεῖς
686 3893 749 3944 τά
787 3892 874 3960 μὲν
902 3888 1062 3959 ψευδῆ
1092 3891 1511 3951 κατασκευάζετε,
1543 3891 1661 3949 τοὺς
1686 3888 1747 3942 δι’
1776 3892 2065 3961 ἀναμαρτή-

508 4003 630 4043 τους
654 3982 858 4041 θλίϐετε.
882 3982 940 4033 τὸ
961 3988 1061 4053 φῶς
1084 3987 1187 4039 τοῖς
1212 3981 1540 4033 πιστεύουσιν
1567 3982 1807 4054 ἀρνείσοι,
1832 3982 1915 4032 ἐπί
1940 4001 2063 4055 προ-

507 4078 745 4144 σχήματι
768 4076 886 4144 γοῦν
913 4071 1160 4130 θειότητος
1185 4072 1262 4123 ἀεί
1284 4070 1703 4139 πλημμελοῦντες,
1738 4071 1904 4123 πάντα
1928 4073 2064 4139 μιαί-

507 4182 637 4226 νετε,
664 4164 755 4221 τὰς
780 4162 968 4221 ἀθὼους
1002 4162 1086 4212 καί
1118 4160 1343 4230 καθαρὰς
1369 4156 1679 4219 συνειδήσεις
1717 4159 2066 4232 θανατηφόροις

508 4254 719 4322 πληγαῖς
737 4253 1119 4324 τραυματίζετε,
1136 4249 1290 4305 αὐτὴν
1303 4246 1354 4301 δέ
1366 4246 1555 4318 σχεδόν
1577 4250 1729 4301 εἰπεῖν
1746 4253 1833 4306 τήν
1851 4250 2061 4324 ἡμέραν,

505 4352 603 4400 τῶν
633 4344 945 4413 ἀνθρωπείων
974 4338 1224 4409 ὀφθαλμῶν
1251 4340 1615 4410 ηθαρπάζετε.
1660 4341 1741 4392 καί
1779 4362 1828 4395 τι
1863 4339 1942 4394 δεῖ
1974 4362 2063 4394 κα-

2166 3182 2311 3222 reses
2340 3166 2557 3233 privatis
2587 3166 2809 3221 ratibus
2841 3167 3094 3220 instruitis
3114 3178 3272 3234 atque
3301 3166 3531 3234 impletis
3550 3207 3566 3230 ,
3598 3176 3723 3236 quot

2166 3256 2451 3310 mendaciis
2495 3256 2757 3324 opinionis
2806 3265 2991 3309 vestrae
3030 3256 3229 3309 vanitas
3277 3257 3574 3323 implicetur
3601 3298 3617 3319 .
3670 3267 3721 3311 et

2164 3361 2316 3413 quam
2346 3345 2653 3413 perniciosis
2680 3345 2894 3399 venenis
2918 3345 3111 3399 imbuta
3136 3346 3202 3398 sit
3238 3356 3407 3399 vestra
3438 3346 3715 3406 doctrina;

2164 3436 2296 3490 adeo
2322 3446 2377 3488 ut
2402 3436 2544 3489 sanis
2574 3436 2786 3489 morbus
2807 3436 3147 3504 gravissimus
3166 3477 3179 3500 ,
3210 3437 3506 3491 viventibus
3536 3451 3719 3505 perpe-

2166 3534 2251 3579 tua
2304 3538 2444 3578 mors
2493 3539 2585 3593 per
2613 3539 2703 3578 vos
2731 3524 3060 3592 importetur.
3102 3527 3145 3577 υ
3189 3524 3423 3579 veritatis
3468 3526 3715 3590 inimici,

2167 3616 2343 3668 hostes
2372 3615 2489 3667 vitae
2510 3656 2525 3681 ,
2554 3615 2701 3669 exitii
2742 3616 3046 3681 consiliarii,
3080 3625 3263 3669 cuncta
3311 3616 3446 3683 apud
3478 3632 3574 3671 vos
3602 3625 3722 3670 sunt

2166 3706 2370 3758 veritati
2397 3708 2678 3773 contraria,
2707 3708 3021 3775 turpissimis
3058 3707 3265 3776 ﬂagitiis
3285 3721 3540 3775 congrua,
3574 3709 3718 3775 inep-

2167 3797 2251 3850 tiis
2279 3806 2331 3850 et
2362 3796 2621 3865 ﬁgmentis
2649 3798 2859 3853 referta.
2886 3797 3073 3864 quibus
3103 3811 3195 3849 vos
3208 3797 3473 3851 mendacia
3503 3799 3715 3864 quidem

2164 3886 2434 3941 adstruitis
2454 3928 2467 3949 ,
2492 3889 2797 3942 innocentes
2825 3898 2999 3941 autem
3022 3888 3339 3956 Opprimitis,
3361 3897 3412 3941 et
3439 3889 3679 3942 credenti
3695 3913 3711 3923 ο

2167 3976 2263 4031 bus
2292 3980 2457 4031 lucem
2491 3980 2709 4048 negatis.
2735 3979 2933 4035 Ac'sub
2951 3978 3167 4033 obtentu
3188 3979 3400 4047 quidem
3428 3979 3719 4034 divinitatis

2166 4068 2377 4122 assidue
2418 4081 2723 4137 peccantes,
2771 4078 2957 4124 cuncta
3012 4069 3261 4138 polluitis,
3316 4084 3472 4135 puras
3516 4085 3645 4126 vero
3670 4082 3720 4125 et

2167 4158 2397 4213 illibatas
2429 4158 2697 4211 hominum
2725 4158 3077 4212 conscientias
3102 4158 3384 4213 Iethalibus
3416 4158 3584 4227 plagis
3608 4159 3723 4213 vul-

2167 4248 2361 4302 neratis
2386 4287 2400 4310 ,
2440 4259 2593 4317 atque
2638 4247 2806 4315 ipsum
2848 4247 3226 4317 propemodum
3253 4247 3391 4303 diem
3420 4250 3721 4304 mortaliqu

2166 4337 2331 4391 oculis
2354 4335 2680 4405 intcrcipitis.
2714 4336 2780 4389 Et
2803 4335 2924 4405 quid
2946 4336 3132 4391 attinet
3150 4335 3353 4405 singula
3384 4351 3721 4403 tmrcensere.

503 4436 741 4489 θέκαστον
764 4431 949 4502 λέγειν;
990 4425 1117 4483 ὅπου
1154 4447 1211 4498 γε
1240 4430 1357 4500 περὶ
1382 4434 1481 4481 τῶν
1516 4428 1769 4504 ὑμετέρων
1807 4435 1970 4481 κακῶν
1995 4432 2054 4482 εἰ-

2163 4442 2279 4481 cum
2321 4442 2417 4481 nec
2445 4427 2671 4484 brevitas
2709 4426 2991 4496 temporis,
3030 4440 3128 4482 nec
3156 4425 3461 4497 magnitudo
3499 4441 3725 4499 oecupa-

1834 4522 2093 4576 VALESII
2130 4522 2356 4579 ΝΟΤΕ.

575 4619 732 4691 Ἀλλῳ
758 4624 906 4673 τοῦτο
933 4622 999 4689 μή
1024 4614 1307 4691 λογιζέσθω.
1333 4612 1387 4691 Id
1411 4621 1511 4691 est,
1540 4613 1971 4691 quisqujsrurari
1996 4628 2055 4667 se

506 4705 611 4744 non
635 4681 775 4749 sinit,
800 4702 896 4740 nec
913 4681 1099 4738 morbo
1117 4681 1425 4736 idololatriae
1444 4681 1684 4739 liberari.
1698 4682 1796 4735 sibi
1813 4682 2051 4749 imputet.

507 4773 626 4813 cum
656 4755 911 4810 medicina
937 4754 989 4808 in
1021 4751 1369 4821 promptusit.
1397 4750 1528 4821 Male
1545 4752 2054 4821 Christophorsonns

506 4828 646 4881 hunc
676 4827 844 4879 locum
863 4818 1238 4887 interpretatur
1263 4819 1362 4872 hoc
1384 4818 1540 4871 modo
1563 4835 1576 4869 :
1602 4820 1746 4887 alteri
1774 4821 1859 4885 qui
1883 4821 2054 4872 sanari

502 4896 637 4961 uult,
674 4911 770 4947 non
797 4894 914 4946 vitio
940 4886 1109 4944 vertat.
1142 4888 1269 4961 Nam
1291 4888 1356 4940 de
1386 4887 1615 4961 l’ortesio
1635 4886 1765 4961 nihil
1787 4889 2053 4961 dieo,_qui

502 4955 826 5019 fere'ubiune
848 4978 875 5013 a
908 4974 1032 5015 vero
1057 4972 1211 5013 sensu
1234 4958 1461 5013 deerrat.
1485 4955 1750 5011 Masurius
1770 4968 1913 5011 certe
1939 4955 2055 5012 haec

503 5049 609 5089 non
634 5028 909 5086 infeliciter
935 5028 1117 5081 vertit.

573 5100 731 5178 Ὀπερ
750 5103 951 5178 ’πείσας
979 5098 1155 5178 ἑαυτόν
1180 5094 1537 5178 ἀναδέδεικταιί
1549 5094 1628 5178 ⁵ξιι
1669 5093 1849 5178 codice
1895 5094 2057 5161 Regio

501 5163 909 5237 superscriptum
932 5178 1013 5221 est
1036 5166 1219 5221 eadem
1241 5180 1395 5218 manu
1415 5163 1744 5221 ἀναδέδεκται.
1771 5163 2055 5232 Utrumque

500 5250 645 5296 certe
674 5240 791 5292 ferri
823 5245 1009 5302 potest.

569 5318 666 5369 Τῆς
692 5310 917 5366 ἀληθείας
936 5308 1122 5362 πίστιν.
1147 5302 1197 5356 Id
1216 5311 1316 5363 est.
1341 5316 1515 5355 veram
1537 5301 1712 5355 tidem.
1742 5302 1880 5355 litem
1908 5301 2048 5355 enim

500 5389 597 5440 est,
624 5392 684 5429 ac
704 5379 745 5429 si
768 5379 965 5430 dicorct
986 5391 1003 5427 :
1028 5381 1114 5433 τήν
1140 5373 1359 5430 ἀληθειαν
1383 5380 1470 5432 τῆς
1499 5376 1731 5431 πίστεως.
1752 5370 1841 5426 Sic
1862 5373 2049 5425 iterum

501 5446 732 5513 loquitur
751 5444 802 5497 in
832 5459 944 5510 cap.
974 5442 1039 5496 69
1061 5441 1215 5513 infra.

567 5508 666 5569 ἰὀῦ
688 5508 1161 5575 σκότους’ἕξουσίαν.
1194 5509 1363 5564 Verba
1388 5517 1509 5560 sunt
1536 5508 1809 5575 desumpta
1835 5524 1897 5562 ex
1927 5510 2047 5575 Epi-

495 5586 632 5637 stula
661 5582 828 5635 Pauli.
856 5582 1017 5634 Porro
1046 5588 1101 5633 ut
1123 5581 1207 5631 hic
1233 5576 1609 5645 Hellenismum
1641 5586 1793 5631 vocat
1818 5586 2048 5645 potesta-

496 5656 601 5707 tem
631 5651 987 5713 tenebrarum,
1016 5648 1093 5703 sic
1113 5645 1260 5713 alibi,
1290 5643 1745 5703 Christianismum
1787 5643 1936 5700 vocat
1965 5646 2048 5700 lu-

2160 4616 2237 4669 eis
2269 4624 2578 4680 pOtcstatem
2607 4625 2659 4671 et
2680 4612 2986 4669 efllcaeiam.

2228 4678 2609 4745 ἐπανάστασις.
2642 4684 2763 4738 Haec
2788 4697 2893 4736 vox
2929 4679 3136 4754 proprie
3164 4678 3422 4754 signiﬁcat
3448 4684 3723 4754 conspira-

2163 4752 2357 4807 tionem
2402 4769 2462 4807 ac
2505 4755 2842 4808 rebellionem
2873 4768 2886 4803 :
2915 4748 3053 4818 quod
3091 4748 3301 4818 quidem
3345 4749 3413 4805 de
3455 4748 3719 4808 idolorum

2159 4822 2300 4891 cultu
2324 4824 2522 4891 optime
2547 4824 2756 4877 dicitur.
2792 4821 2886 4875 Est
2913 4817 3050 4874 enim
3093 4817 3350 4891 idolorum
3385 4823 3565 4877 cultus
3594 4863 3608 4889 ,
3630 4823 3721 4877 de-

2158 4889 2317 4943 fectio
2347 4889 2372 4943 a
2399 4908 2521 4944 vero
2545 4892 2666 4945 Deo.

2227 4970 2511 5037 ’Νις-ξιοινῆς
2532 4963 2872 5037 ἀναστάσεως.
2895 4957 3240 5037 Scribendum
3269 4958 3476 5012 videtur

2156 5051 2305 5090 σιως.
2329 5029 2457 5083 Nam
2481 5033 2682 5097 vulgata
2708 5045 2805 5082 vox
2826 5044 2887 5082 ex
2914 5028 3187 5097 superiore
3205 5027 3337 5081 linea
3360 5032 3584 5094 repetita
3600 5027 3718 5086 esse

2157 5100 2381 5152 videtur.
2412 5096 2655 5154 Porro’in
2683 5100 2786 5152 line
2826 5097 2979 5161 huius
3018 5096 3177 5149 edleti
3216 5099 3452 5165 apposita
3496 5110 3616 5154 erat
3649 5103 3717 5153 si-

2158 5184 2225 5221 ne
2254 5168 2410 5221 dubio
2466 5170 2579 5221 ture
2624 5166 2956 5230 subscriptio,
2998 5165 3064 5217 de
3107 5180 3205 5233 qua
3250 5167 3496 5231 superius
3551 5171 3717 5223 multa

2157 5237 2287 5311 dixi,
2317 5240 2601 5311 προτιθήτω
2645 5239 2695 5311 ἐν
2734 5243 2838 5311 τοῖς
2876 5238 3130 5311 ἡμετέροις
3176 5236 3479 5311 ἀνατολικοῖς
3517 5250 3711 5311 μέρεσι.

2154 5306 2277 5359 Haec
2314 5304 2454 5359 enim
2486 5306 2798 5371 subscriptio
2836 5304 3042 5426 prirrie
3071 5306 3314 5356 convenit
3354 5304 3475 5359 huic
3502 5304 3711 5375 edicto,

2154 5384 2331 5426 utuote
2360 5376 2497 5426 quod
2529 5374 2744 5426 missum
2775 5384 2856 5426 est
2882 5388 2909 5424 a
2976 5371 3331 5426 Provinciales
3358 5374 3616 5426 Orientis.

2152 5384 2331 5444 utpote
2360 5376 2497 5442 quod
2529 5374 2744 5444 missum
2775 5371 2856 5427 est
2882 5371 2947 5426 ad
2961 5371 3616 5444 ProvincialesOrientis.

2219 5440 2415 5520 Ϊρῆμα.
2442 5445 2503 5520 _ln
2534 5442 2676 5520 Fuit.
2718 5442 2841 5496 Sav.
2882 5440 3189 5520 etr'l‘ﬂurnehi
3233 5443 3713 5520 codicibusscrip-

2150 5509 2453 5587 tntn'it‘iveni
2485 5519 2764 5587 χαίροντα,
2794 5519 2949 5587 prout
2986 5510 3241 5579 Scaliger,
3269 5509 3709 5584 Christophorséo

2147 5583 2246 5638 nus
2275 5584 2467 5653 aliique
2485 5581 2545 5637 ἰιι
2575 5581 2686 5638 suis
2711 5581 2858 5637 libris
2886 5590 3213 5650 repererunt.
