  <div class='ocr_page' id='page_1' title='image "/cluster/home/n/w/nwhite01/storage/ocr_20150623/8/uva.x000826528/149.png"; bbox 0 0 3944 6218; ppageno 0'>
   <div class='ocr_carea' id='block_1_1' title="bbox 431 278 536 333">
    <p class='ocr_par' dir='ltr' id='par_1_1' title="bbox 431 278 536 333">
     <span class='ocr_line' id='line_1_1' title="bbox 431 278 536 333; baseline 0 0"><span class='ocrx_word' id='word_1_1' title='bbox 431 278 536 333; x_wconf 76' lang='grc'><strong>283</strong></span> 
     </span>
    </p>
   </div>
   <div class='ocr_carea' id='block_1_2' title="bbox 735 406 1703 453">
    <p class='ocr_par' dir='ltr' id='par_1_2' title="bbox 735 406 1703 453">
     <span class='ocr_line' id='line_1_2' title="bbox 735 406 1703 453; baseline 0.006 -6"><span class='ocrx_word' id='word_1_2' title='bbox 735 406 801 447; x_wconf 81' lang='lat' dir='ltr'><strong>DE</strong></span> <span class='ocrx_word' id='word_1_3' title='bbox 840 406 1251 450; x_wconf 69' lang='lat' dir='ltr'><strong>MAGISTRATIBUS</strong></span> <span class='ocrx_word' id='word_1_4' title='bbox 1289 411 1703 453; x_wconf 71' lang='lat' dir='ltr'><strong>IUNICIPALIBUS.</strong></span> 
     </span>
    </p>
   </div>
   <div class='ocr_carea' id='block_1_3' title="bbox 506 480 1999 552">
    <p class='ocr_par' dir='ltr' id='par_1_3' title="bbox 506 480 1999 552">
     <span class='ocr_line' id='line_1_3' title="bbox 506 480 1999 552; baseline 0.008 -15"><span class='ocrx_word' id='word_1_5' title='bbox 506 484 641 552; x_wconf 75' lang='lat' dir='ltr'><strong>Imp.</strong></span> <span class='ocrx_word' id='word_1_6' title='bbox 672 480 1025 539; x_wconf 73' lang='lat' dir='ltr'><strong>Constantinus</strong></span> <span class='ocrx_word' id='word_1_7' title='bbox 1048 488 1111 540; x_wconf 83' lang='lat' dir='ltr'><strong>A.</strong></span> <span class='ocrx_word' id='word_1_8' title='bbox 1144 488 1211 540; x_wconf 81' lang='lat' dir='ltr'><strong>ad</strong></span> <span class='ocrx_word' id='word_1_9' title='bbox 1246 487 1595 548; x_wconf 77' lang='lat' dir='ltr'><strong>Florentt&#39;mtm</strong></span> <span class='ocrx_word' id='word_1_10' title='bbox 1622 491 1687 546; x_wconf 89' lang='lat' dir='ltr'><strong>P.</strong></span> <span class='ocrx_word' id='word_1_11' title='bbox 1719 492 1784 551; x_wconf 87' lang='lat' dir='ltr'><strong>P.</strong></span> <span class='ocrx_word' id='word_1_12' title='bbox 1830 495 1999 549; x_wconf 87' lang='lat' dir='ltr'><strong>Decu-</strong></span> 
     </span>
    </p>
   </div>
   <div class='ocr_carea' id='block_1_4' title="bbox 436 570 1997 643">
    <p class='ocr_par' dir='ltr' id='par_1_4' title="bbox 436 570 1997 643">
     <span class='ocr_line' id='line_1_4' title="bbox 436 570 1997 643; baseline 0.01 -19"><span class='ocrx_word' id='word_1_13' title='bbox 436 570 615 626; x_wconf 42' lang='lat' dir='ltr'><strong>I‘iones</strong></span> <span class='ocrx_word' id='word_1_14' title='bbox 643 571 709 625; x_wconf 88' lang='lat' dir='ltr'><strong>ad</strong></span> <span class='ocrx_word' id='word_1_15' title='bbox 745 571 1101 643; x_wconf 75' lang='lat' dir='ltr'><strong>Magistratum</strong></span> <span class='ocrx_word' id='word_1_16' title='bbox 1131 617 1146 643; x_wconf 94' lang='lat'><strong>,</strong></span> <span class='ocrx_word' id='word_1_17' title='bbox 1189 577 1273 632; x_wconf 85' lang='lat' dir='ltr'><strong>vel</strong></span> <span class='ocrx_word' id='word_1_18' title='bbox 1307 581 1631 636; x_wconf 72' lang='lat' dir='ltr'><strong>exactionem</strong></span> <span class='ocrx_word' id='word_1_19' title='bbox 1672 597 1997 640; x_wconf 88' lang='lat' dir='ltr'><strong>aunonarum</strong></span> 
     </span>
    </p>
   </div>
   <div class='ocr_carea' id='block_1_5' title="bbox 436 667 1995 745">
    <p class='ocr_par' dir='ltr' id='par_1_5' title="bbox 436 667 1995 745">
     <span class='ocr_line' id='line_1_5' title="bbox 436 667 1995 745; baseline 0.01 -30"><span class='ocrx_word' id='word_1_20' title='bbox 436 671 557 717; x_wconf 86' lang='lat' dir='ltr'><strong>ante</strong></span> <span class='ocrx_word' id='word_1_21' title='bbox 587 672 692 718; x_wconf 88' lang='lat' dir='ltr'><strong>tres</strong></span> <span class='ocrx_word' id='word_1_22' title='bbox 722 679 964 732; x_wconf 88' lang='lat' dir='ltr'><strong>menses,</strong></span> <span class='ocrx_word' id='word_1_23' title='bbox 997 667 1077 721; x_wconf 90' lang='lat' dir='ltr'><strong>vel</strong></span> <span class='ocrx_word' id='word_1_24' title='bbox 1104 669 1327 736; x_wconf 80' lang='lat' dir='ltr'><strong>amplius</strong></span> <span class='ocrx_word' id='word_1_25' title='bbox 1354 672 1611 728; x_wconf 85' lang='lat' dir='ltr'><strong>nominari</strong></span> <span class='ocrx_word' id='word_1_26' title='bbox 1643 674 1868 741; x_wconf 87' lang='lat' dir='ltr'><strong>debent,</strong></span> <span class='ocrx_word' id='word_1_27' title='bbox 1903 683 1959 731; x_wconf 91' lang='lat' dir='ltr'><strong>ut</strong></span> <span class='ocrx_word' id='word_1_28' title='bbox 1979 719 1995 745; x_wconf 93' lang='lat'><strong>,</strong></span> 
     </span>
    </p>
   </div>
   <div class='ocr_carea' id='block_1_6' title="bbox 436 751 1997 835">
    <p class='ocr_par' dir='ltr' id='par_1_6' title="bbox 436 751 1997 835">
     <span class='ocr_line' id='line_1_6' title="bbox 436 751 1997 835; baseline 0.011 -30"><span class='ocrx_word' id='word_1_29' title='bbox 436 751 482 805; x_wconf 92' lang='lat' dir='ltr'><strong>si</strong></span> <span class='ocrx_word' id='word_1_30' title='bbox 512 754 837 823; x_wconf 84' lang='lat' dir='ltr'><strong>querimonia</strong></span> <span class='ocrx_word' id='word_1_31' title='bbox 864 770 1047 811; x_wconf 90' lang='lat' dir='ltr'><strong>eorum</strong></span> <span class='ocrx_word' id='word_1_32' title='bbox 1069 757 1209 826; x_wconf 87' lang='lat' dir='ltr'><strong>jnsta</strong></span> <span class='ocrx_word' id='word_1_33' title='bbox 1237 760 1493 829; x_wconf 88' lang='lat' dir='ltr'><strong>videatur,</strong></span> <span class='ocrx_word' id='word_1_34' title='bbox 1518 762 1633 818; x_wconf 83' lang='lat' dir='ltr'><strong>sine</strong></span> <span class='ocrx_word' id='word_1_35' title='bbox 1654 765 1997 835; x_wconf 89' lang='lat' dir='ltr'><strong>impedimen-</strong></span> 
     </span>
    </p>
   </div>
   <div class='ocr_carea' id='block_1_7' title="bbox 442 845 1996 927">
    <p class='ocr_par' dir='ltr' id='par_1_7' title="bbox 442 845 1996 927">
     <span class='ocr_line' id='line_1_7' title="bbox 442 845 1996 927; baseline 0.01 -30"><span class='ocrx_word' id='word_1_36' title='bbox 442 855 493 899; x_wconf 90' lang='lat' dir='ltr'><strong>to</strong></span> <span class='ocrx_word' id='word_1_37' title='bbox 511 845 562 900; x_wconf 87' lang='lat' dir='ltr'><strong>in</strong></span> <span class='ocrx_word' id='word_1_38' title='bbox 578 845 883 909; x_wconf 73' lang='lat' dir='ltr'><strong>absolvendi</strong></span> <span class='ocrx_word' id='word_1_39' title='bbox 901 848 1070 903; x_wconf 90' lang='lat' dir='ltr'><strong>locum</strong></span> <span class='ocrx_word' id='word_1_40' title='bbox 1088 852 1204 905; x_wconf 90' lang='lat' dir='ltr'><strong>aliis</strong></span> <span class='ocrx_word' id='word_1_41' title='bbox 1222 854 1554 924; x_wconf 75' lang='lat' dir='ltr'><strong>subrogetur.</strong></span> <span class='ocrx_word' id='word_1_42' title='bbox 1576 855 1695 909; x_wconf 91' lang='lat' dir='ltr'><strong>Dat.</strong></span> <span class='ocrx_word' id='word_1_43' title='bbox 1721 856 1803 911; x_wconf 83' lang='lat' dir='ltr'><strong>Id.</strong></span> <span class='ocrx_word' id='word_1_44' title='bbox 1830 860 1996 927; x_wconf 78' lang='lat' dir='ltr'><strong>April.</strong></span> 
     </span>
    </p>
   </div>
   <div class='ocr_carea' id='block_1_8' title="bbox 441 933 1994 1021">
    <p class='ocr_par' dir='ltr' id='par_1_8' title="bbox 441 933 1994 1021">
     <span class='ocr_line' id='line_1_8' title="bbox 441 933 1994 1021; baseline 0.011 -30"><span class='ocrx_word' id='word_1_45' title='bbox 441 933 842 1011; x_wconf 84' lang='lat' dir='ltr'><strong>Constantinop.,</strong></span> <span class='ocrx_word' id='word_1_46' title='bbox 890 940 1070 997; x_wconf 83' lang='lat' dir='ltr'><strong>Severo</strong></span> <span class='ocrx_word' id='word_1_47' title='bbox 1098 953 1141 997; x_wconf 88' lang='lat' dir='ltr'><strong>et</strong></span> <span class='ocrx_word' id='word_1_48' title='bbox 1167 942 1351 1014; x_wconf 80' lang='lat' dir='ltr'><strong>Ruﬁno</strong></span> <span class='ocrx_word' id='word_1_49' title='bbox 1379 946 1518 1002; x_wconf 88' lang='lat' dir='ltr'><strong>Cass.</strong></span> <span class='ocrx_word' id='word_1_50' title='bbox 1541 948 1687 1021; x_wconf 73' lang='lat'><strong>(525)</strong></span> <span class='ocrx_word' id='word_1_51' title='bbox 1725 947 1830 1021; x_wconf 79' lang='lat' dir='ltr'><strong>(Ea:</strong></span> <span class='ocrx_word' id='word_1_52' title='bbox 1867 949 1994 1009; x_wconf 86' lang='lat' dir='ltr'><strong>Cod.</strong></span> 
     </span>
    </p>
   </div>
   <div class='ocr_carea' id='block_1_9' title="bbox 441 1026 1479 1159">
    <p class='ocr_par' dir='ltr' id='par_1_9' title="bbox 441 1026 1479 1159">
     <span class='ocr_line' id='line_1_9' title="bbox 441 1026 1479 1159; baseline 0.004 -4"><span class='ocrx_word' id='word_1_53' title='bbox 441 1026 621 1103; x_wconf 43' lang='lat' dir='ltr'><strong>hu&quot;).</strong></span> <span class='ocrx_word' id='word_1_54' title='bbox 994 1103 1131 1159; x_wconf 77' lang='lat' dir='ltr'><strong>Auno</strong></span> <span class='ocrx_word' id='word_1_55' title='bbox 1152 1106 1345 1159; x_wconf 77' lang='lat' dir='ltr'><strong>Domini</strong></span> <span class='ocrx_word' id='word_1_56' title='bbox 1367 1108 1479 1159; x_wconf 76' lang='grc'><strong>524.</strong></span> 
     </span>
    </p>
   </div>
   <div class='ocr_carea' id='block_1_10' title="bbox 650 1181 1784 1254">
    <p class='ocr_par' dir='ltr' id='par_1_10' title="bbox 650 1181 1784 1254">
     <span class='ocr_line' id='line_1_10' title="bbox 650 1181 1784 1254; baseline 0.01 -17"><span class='ocrx_word' id='word_1_57' title='bbox 650 1181 825 1254; x_wconf 85' lang='lat' dir='ltr'><strong>Crispo</strong></span> <span class='ocrx_word' id='word_1_58' title='bbox 849 1182 913 1241; x_wconf 86' lang='lat' dir='ltr'><strong>Ill</strong></span> <span class='ocrx_word' id='word_1_59' title='bbox 938 1195 984 1241; x_wconf 89' lang='lat' dir='ltr'><strong>et</strong></span> <span class='ocrx_word' id='word_1_60' title='bbox 1009 1185 1334 1245; x_wconf 86' lang='lat' dir='ltr'><strong>Constantino</strong></span> <span class='ocrx_word' id='word_1_61' title='bbox 1367 1190 1432 1248; x_wconf 80' lang='lat' dir='ltr'><strong>lli</strong></span> <span class='ocrx_word' id='word_1_62' title='bbox 1463 1190 1614 1248; x_wconf 75' lang='lat' dir='ltr'><strong>Cwss.</strong></span> <span class='ocrx_word' id='word_1_63' title='bbox 1646 1193 1784 1250; x_wconf 90' lang='lat' dir='ltr'><strong>Cass.</strong></span> 
     </span>
    </p>
   </div>
   <div class='ocr_carea' id='block_1_11' title="bbox 441 1308 1994 1371">
    <p class='ocr_par' dir='ltr' id='par_1_11' title="bbox 441 1308 1994 1371">
     <span class='ocr_line' id='line_1_11' title="bbox 441 1308 1994 1371; baseline 0.013 -20"><span class='ocrx_word' id='word_1_64' title='bbox 441 1308 509 1351; x_wconf 74' lang='lat' dir='ltr'><strong>DE</strong></span> <span class='ocrx_word' id='word_1_65' title='bbox 555 1310 638 1352; x_wconf 75' lang='lat' dir='ltr'><strong>HIS</strong></span> <span class='ocrx_word' id='word_1_66' title='bbox 700 1311 787 1362; x_wconf 82' lang='lat' dir='ltr'><strong>QUI</strong></span> <span class='ocrx_word' id='word_1_67' title='bbox 840 1314 1051 1355; x_wconf 64' lang='grc' dir='ltr'><strong>κυκειιο</strong></span> <span class='ocrx_word' id='word_1_68' title='bbox 1117 1318 1410 1359; x_wconf 70' lang='grc' dir='ltr'><strong>ιιοειιοιιυκ</strong></span> <span class='ocrx_word' id='word_1_69' title='bbox 1439 1314 1465 1344; x_wconf 65' lang='grc'>⁸</span> <span class='ocrx_word' id='word_1_70' title='bbox 1524 1322 1625 1364; x_wconf 75' lang='grc' dir='ltr'><strong>νει.</strong></span> <span class='ocrx_word' id='word_1_71' title='bbox 1658 1323 1994 1371; x_wconf 69' lang='grc' dir='ltr'><strong>ΡΑΠΡΕΒΤΔΤΕ</strong></span> 
     </span>
    </p>
   </div>
   <div class='ocr_carea' id='block_1_12' title="bbox 829 1385 1619 1441">
    <p class='ocr_par' dir='ltr' id='par_1_12' title="bbox 829 1385 1619 1441">
     <span class='ocr_line' id='line_1_12' title="bbox 829 1385 1619 1441; baseline 0.009 -9"><span class='ocrx_word' id='word_1_72' title='bbox 829 1392 1219 1435; x_wconf 72' lang='lat' dir='ltr'><strong>axcusartoasu</strong></span> <span class='ocrx_word' id='word_1_73' title='bbox 1250 1398 1548 1441; x_wconf 74' lang='lat' dir='ltr'><strong>IERUERIN‘I‘</strong></span> <span class='ocrx_word' id='word_1_74' title='bbox 1570 1385 1619 1439; x_wconf 72' lang='grc' dir='ltr'><strong>δ.</strong></span> 
     </span>
    </p>
   </div>
   <div class='ocr_carea' id='block_1_13' title="bbox 513 1459 1995 1549">
    <p class='ocr_par' dir='ltr' id='par_1_13' title="bbox 513 1459 1995 1549">
     <span class='ocr_line' id='line_1_13' title="bbox 513 1459 1995 1549; baseline 0.011 -29"><span class='ocrx_word' id='word_1_75' title='bbox 513 1459 650 1538; x_wconf 88' lang='lat' dir='ltr'><strong>Imp.</strong></span> <span class='ocrx_word' id='word_1_76' title='bbox 679 1463 1037 1524; x_wconf 89' lang='lat' dir='ltr'><strong>Constantinus</strong></span> <span class='ocrx_word' id='word_1_77' title='bbox 1063 1471 1124 1524; x_wconf 87' lang='grc' dir='ltr'><strong>Α.</strong></span> <span class='ocrx_word' id='word_1_78' title='bbox 1154 1471 1410 1529; x_wconf 82' lang='lat' dir='ltr'><strong>Dalmatia</strong></span> <span class='ocrx_word' id='word_1_79' title='bbox 1454 1475 1707 1544; x_wconf 85' lang='lat' dir='ltr'><strong>Quoniam</strong></span> <span class='ocrx_word' id='word_1_80' title='bbox 1734 1480 1995 1549; x_wconf 74' lang='lat' dir='ltr'><strong>cognovi-</strong></span> 
     </span>
    </p>
   </div>
   <div class='ocr_carea' id='block_1_14' title="bbox 451 1561 1995 1638">
    <p class='ocr_par' dir='ltr' id='par_1_14' title="bbox 451 1561 1995 1638">
     <span class='ocr_line' id='line_1_14' title="bbox 451 1561 1995 1638; baseline 0.01 -26"><span class='ocrx_word' id='word_1_81' title='bbox 451 1573 568 1613; x_wconf 88' lang='lat' dir='ltr'><strong>mus</strong></span> <span class='ocrx_word' id='word_1_82' title='bbox 610 1561 894 1615; x_wconf 88' lang='lat' dir='ltr'><strong>nonnullos</strong></span> <span class='ocrx_word' id='word_1_83' title='bbox 922 1563 1245 1617; x_wconf 84' lang='lat' dir='ltr'><strong>vacationem</strong></span> <span class='ocrx_word' id='word_1_84' title='bbox 1275 1580 1303 1618; x_wconf 93' lang='lat' dir='ltr'><strong>a</strong></span> <span class='ocrx_word' id='word_1_85' title='bbox 1327 1567 1477 1622; x_wconf 91' lang='lat' dir='ltr'><strong>nobis</strong></span> <span class='ocrx_word' id='word_1_86' title='bbox 1501 1561 1850 1638; x_wconf 85' lang='lat' dir='ltr'><strong>personalium</strong></span> <span class='ocrx_word' id='word_1_87' title='bbox 1883 1588 1995 1627; x_wconf 87' lang='lat' dir='ltr'><strong>mu-</strong></span> 
     </span>
    </p>
   </div>
   <div class='ocr_carea' id='block_1_15' title="bbox 444 1650 1995 1723">
    <p class='ocr_par' dir='ltr' id='par_1_15' title="bbox 444 1650 1995 1723">
     <span class='ocr_line' id='line_1_15' title="bbox 444 1650 1995 1723; baseline 0.01 -22"><span class='ocrx_word' id='word_1_88' title='bbox 444 1662 628 1702; x_wconf 88' lang='lat' dir='ltr'><strong>nerum</strong></span> <span class='ocrx_word' id='word_1_89' title='bbox 662 1650 993 1717; x_wconf 81' lang='lat' dir='ltr'><strong>impetrasse,</strong></span> <span class='ocrx_word' id='word_1_90' title='bbox 1023 1651 1224 1707; x_wconf 89' lang='lat' dir='ltr'><strong>alienos</strong></span> <span class='ocrx_word' id='word_1_91' title='bbox 1258 1671 1351 1723; x_wconf 89' lang='lat' dir='ltr'><strong>pro</strong></span> <span class='ocrx_word' id='word_1_92' title='bbox 1397 1658 1507 1713; x_wconf 84' lang='lat' dir='ltr'><strong>suis</strong></span> <span class='ocrx_word' id='word_1_93' title='bbox 1538 1659 1715 1715; x_wconf 88' lang='lat' dir='ltr'><strong>liberis</strong></span> <span class='ocrx_word' id='word_1_94' title='bbox 1749 1671 1771 1699; x_wconf 71' lang='grc' dir='ltr'>ε</span> <span class='ocrx_word' id='word_1_95' title='bbox 1800 1663 1995 1717; x_wconf 79' lang='lat' dir='ltr'><strong>nostris</strong></span> 
     </span>
    </p>
   </div>
   <div class='ocr_carea' id='block_1_16' title="bbox 444 1741 1545 1819">
    <p class='ocr_par' dir='ltr' id='par_1_16' title="bbox 444 1741 1545 1819">
     <span class='ocr_line' id='line_1_16' title="bbox 444 1741 1545 1819; baseline 0.01 -25"><span class='ocrx_word' id='word_1_96' title='bbox 444 1741 815 1809; x_wconf 77' lang='lat' dir='ltr'><strong>conspectibus</strong></span> <span class='ocrx_word' id='word_1_97' title='bbox 838 1742 1136 1813; x_wconf 77' lang='lat' dir='ltr'><strong>olierentes,</strong></span> <span class='ocrx_word' id='word_1_98' title='bbox 1161 1747 1407 1816; x_wconf 89' lang='lat' dir='ltr'><strong>jubemus</strong></span> <span class='ocrx_word' id='word_1_99' title='bbox 1433 1764 1545 1819; x_wconf 88' lang='lat' dir='ltr'><strong>eos,</strong></span> 
     </span>
    </p>
   </div>
   <div class='ocr_carea' id='block_1_17' title="bbox 445 1830 1996 1915">
    <p class='ocr_par' dir='ltr' id='par_1_17' title="bbox 445 1830 1996 1915">
     <span class='ocr_line' id='line_1_17' title="bbox 445 1830 1996 1915; baseline 0.01 -29"><span class='ocrx_word' id='word_1_100' title='bbox 445 1830 625 1889; x_wconf 72' lang='lat' dir='ltr'><strong>baturn</strong></span> <span class='ocrx_word' id='word_1_101' title='bbox 652 1835 721 1887; x_wconf 91' lang='lat' dir='ltr'><strong>sit</strong></span> <span class='ocrx_word' id='word_1_102' title='bbox 749 1832 796 1902; x_wconf 76' lang='grc' dir='ltr'><strong>ιι,</strong></span> <span class='ocrx_word' id='word_1_103' title='bbox 822 1833 1023 1890; x_wconf 86' lang='lat' dir='ltr'><strong>indulta</strong></span> <span class='ocrx_word' id='word_1_104' title='bbox 1051 1836 1305 1893; x_wconf 80' lang='lat' dir='ltr'><strong>beneﬁcio</strong></span> <span class='ocrx_word' id='word_1_105' title='bbox 1331 1841 1545 1910; x_wconf 82' lang='lat' dir='ltr'><strong>privari,</strong></span> <span class='ocrx_word' id='word_1_106' title='bbox 1570 1858 1661 1899; x_wconf 88' lang='lat' dir='ltr'><strong>eos</strong></span> <span class='ocrx_word' id='word_1_107' title='bbox 1682 1854 1877 1909; x_wconf 88' lang='lat' dir='ltr'><strong>autem,</strong></span> <span class='ocrx_word' id='word_1_108' title='bbox 1908 1848 1996 1915; x_wconf 88' lang='lat' dir='ltr'><strong>qui</strong></span> 
     </span>
    </p>
   </div>
   <div class='ocr_carea' id='block_1_18' title="bbox 446 1924 1996 2008">
    <p class='ocr_par' dir='ltr' id='par_1_18' title="bbox 446 1924 1996 2008">
     <span class='ocr_line' id='line_1_18' title="bbox 446 1924 1996 2008; baseline 0.01 -29"><span class='ocrx_word' id='word_1_109' title='bbox 446 1924 821 1996; x_wconf 78' lang='lat' dir='ltr'><strong>cujuscumque</strong></span> <span class='ocrx_word' id='word_1_110' title='bbox 850 1942 1008 1982; x_wconf 80' lang='lat' dir='ltr'><strong>sexus</strong></span> <span class='ocrx_word' id='word_1_111' title='bbox 1029 1928 1223 1983; x_wconf 89' lang='lat' dir='ltr'><strong>liberos</strong></span> <span class='ocrx_word' id='word_1_112' title='bbox 1246 1933 1476 2003; x_wconf 89' lang='lat' dir='ltr'><strong>quinque</strong></span> <span class='ocrx_word' id='word_1_113' title='bbox 1501 1934 1729 1991; x_wconf 78' lang='lat' dir='ltr'><strong>habeant</strong></span> <span class='ocrx_word' id='word_1_114' title='bbox 1758 1946 1804 2003; x_wconf 74' lang='grc' dir='ltr'><strong>θ,</strong></span> <span class='ocrx_word' id='word_1_115' title='bbox 1832 1937 1996 2008; x_wconf 81' lang='lat' dir='ltr'><strong>impc-</strong></span> 
     </span>
    </p>
   </div>
   <div class='ocr_carea' id='block_1_19' title="bbox 446 2018 1993 2093">
    <p class='ocr_par' dir='ltr' id='par_1_19' title="bbox 446 2018 1993 2093">
     <span class='ocr_line' id='line_1_19' title="bbox 446 2018 1993 2093; baseline 0.008 -22"><span class='ocrx_word' id='word_1_116' title='bbox 446 2025 581 2072; x_wconf 90' lang='lat' dir='ltr'><strong>trata</strong></span> <span class='ocrx_word' id='word_1_117' title='bbox 613 2018 778 2072; x_wconf 90' lang='lat' dir='ltr'><strong>semel</strong></span> <span class='ocrx_word' id='word_1_118' title='bbox 809 2021 1078 2077; x_wconf 87' lang='lat' dir='ltr'><strong>vacatione</strong></span> <span class='ocrx_word' id='word_1_119' title='bbox 1110 2025 1261 2092; x_wconf 90' lang='lat' dir='ltr'><strong>potiri</strong></span> <span class='ocrx_word' id='word_1_120' title='bbox 1296 2023 1340 2091; x_wconf 70' lang='grc' dir='ltr'><strong>τ,</strong></span> <span class='ocrx_word' id='word_1_121' title='bbox 1373 2025 1443 2079; x_wconf 88' lang='lat' dir='ltr'><strong>ita</strong></span> <span class='ocrx_word' id='word_1_122' title='bbox 1475 2036 1551 2093; x_wconf 89' lang='lat' dir='ltr'><strong>ut,</strong></span> <span class='ocrx_word' id='word_1_123' title='bbox 1594 2028 1638 2081; x_wconf 88' lang='lat' dir='ltr'><strong>si</strong></span> <span class='ocrx_word' id='word_1_124' title='bbox 1687 2030 1737 2083; x_wconf 91' lang='lat' dir='ltr'><strong>in</strong></span> <span class='ocrx_word' id='word_1_125' title='bbox 1768 2029 1866 2083; x_wconf 89' lang='lat' dir='ltr'><strong>hoc</strong></span> <span class='ocrx_word' id='word_1_126' title='bbox 1896 2046 1993 2084; x_wconf 87' lang='lat' dir='ltr'><strong>nu-</strong></span> 
     </span>
    </p>
   </div>
   <div class='ocr_carea' id='block_1_20' title="bbox 446 2108 1995 2185">
    <p class='ocr_par' dir='ltr' id='par_1_20' title="bbox 446 2108 1995 2185">
     <span class='ocr_line' id='line_1_20' title="bbox 446 2108 1995 2185; baseline 0.01 -25"><span class='ocrx_word' id='word_1_127' title='bbox 446 2122 595 2161; x_wconf 90' lang='lat' dir='ltr'><strong>mero</strong></span> <span class='ocrx_word' id='word_1_128' title='bbox 624 2108 760 2163; x_wconf 82' lang='lat' dir='ltr'><strong>ﬁlius</strong></span> <span class='ocrx_word' id='word_1_129' title='bbox 800 2110 1042 2181; x_wconf 75' lang='lat' dir='ltr'><strong>legitima:</strong></span> <span class='ocrx_word' id='word_1_130' title='bbox 1072 2114 1240 2169; x_wconf 68' lang='lat' dir='ltr'><strong>aetatis</strong></span> <span class='ocrx_word' id='word_1_131' title='bbox 1267 2125 1290 2163; x_wconf 76' lang='grc' dir='ltr'><strong>ις</strong></span> <span class='ocrx_word' id='word_1_132' title='bbox 1322 2116 1639 2185; x_wconf 84' lang='lat' dir='ltr'><strong>inveniatur,</strong></span> <span class='ocrx_word' id='word_1_133' title='bbox 1686 2120 1941 2175; x_wconf 88' lang='lat' dir='ltr'><strong>obeundis</strong></span> <span class='ocrx_word' id='word_1_134' title='bbox 1967 2118 1995 2160; x_wconf 76' lang='grc' dir='ltr'><strong>ιι</strong></span> 
     </span>
    </p>
   </div>
   <div class='ocr_carea' id='block_1_21' title="bbox 445 2199 1996 2279">
    <p class='ocr_par' dir='ltr' id='par_1_21' title="bbox 445 2199 1996 2279">
     <span class='ocr_line' id='line_1_21' title="bbox 445 2199 1996 2279; baseline 0.008 -27"><span class='ocrx_word' id='word_1_135' title='bbox 445 2199 621 2252; x_wconf 78' lang='lat' dir='ltr'><strong>statim</strong></span> <span class='ocrx_word' id='word_1_136' title='bbox 665 2214 760 2268; x_wconf 93' lang='lat' dir='ltr'><strong>pro</strong></span> <span class='ocrx_word' id='word_1_137' title='bbox 789 2216 884 2254; x_wconf 92' lang='lat' dir='ltr'><strong>suo</strong></span> <span class='ocrx_word' id='word_1_138' title='bbox 914 2211 1059 2271; x_wconf 84' lang='lat' dir='ltr'><strong>patre</strong></span> <span class='ocrx_word' id='word_1_139' title='bbox 1109 2206 1413 2260; x_wconf 87' lang='lat' dir='ltr'><strong>muneribus</strong></span> <span class='ocrx_word' id='word_1_140' title='bbox 1436 2208 1725 2276; x_wconf 81' lang='lat' dir='ltr'><strong>applicetur</strong></span> <span class='ocrx_word' id='word_1_141' title='bbox 1756 2209 1807 2275; x_wconf 76' lang='lat' dir='ltr'><strong>i;</strong></span> <span class='ocrx_word' id='word_1_142' title='bbox 1837 2212 1996 2279; x_wconf 88' lang='lat' dir='ltr'><strong>patri-</strong></span> 
     </span>
    </p>
   </div>
   <div class='ocr_carea' id='block_1_22' title="bbox 451 2285 1994 2368">
    <p class='ocr_par' dir='ltr' id='par_1_22' title="bbox 451 2285 1994 2368">
     <span class='ocr_line' id='line_1_22' title="bbox 451 2285 1994 2368; baseline 0.009 -27"><span class='ocrx_word' id='word_1_143' title='bbox 451 2285 551 2342; x_wconf 87' lang='lat' dir='ltr'><strong>bus</strong></span> <span class='ocrx_word' id='word_1_144' title='bbox 593 2290 681 2361; x_wconf 92' lang='lat' dir='ltr'><strong>qui</strong></span> <span class='ocrx_word' id='word_1_145' title='bbox 711 2291 845 2345; x_wconf 87' lang='lat' dir='ltr'><strong>lillos</strong></span> <span class='ocrx_word' id='word_1_146' title='bbox 870 2292 950 2347; x_wconf 90' lang='lat' dir='ltr'><strong>vel</strong></span> <span class='ocrx_word' id='word_1_147' title='bbox 972 2293 1106 2349; x_wconf 84' lang='lat' dir='ltr'><strong>ﬁlias</strong></span> <span class='ocrx_word' id='word_1_148' title='bbox 1136 2295 1367 2364; x_wconf 89' lang='lat' dir='ltr'><strong>quinque</strong></span> <span class='ocrx_word' id='word_1_149' title='bbox 1410 2295 1705 2362; x_wconf 84' lang='lat' dir='ltr'><strong>habuerint.</strong></span> <span class='ocrx_word' id='word_1_150' title='bbox 1739 2301 1994 2368; x_wconf 87' lang='lat' dir='ltr'><strong>promissa</strong></span> 
     </span>
    </p>
   </div>
   <div class='ocr_carea' id='block_1_23' title="bbox 446 2377 1993 2462">
    <p class='ocr_par' dir='ltr' id='par_1_23' title="bbox 446 2377 1993 2462">
     <span class='ocr_line' id='line_1_23' title="bbox 446 2377 1993 2462; baseline 0.01 -31"><span class='ocrx_word' id='word_1_151' title='bbox 446 2377 688 2449; x_wconf 68' lang='lat' dir='ltr'><strong>legibus)</strong></span> <span class='ocrx_word' id='word_1_152' title='bbox 741 2381 1068 2439; x_wconf 87' lang='lat' dir='ltr'><strong>immunitate</strong></span> <span class='ocrx_word' id='word_1_153' title='bbox 1118 2387 1394 2443; x_wconf 88' lang='lat' dir='ltr'><strong>servanda.</strong></span> <span class='ocrx_word' id='word_1_154' title='bbox 1445 2388 1554 2459; x_wconf 59' lang='grc' dir='ltr'><strong>δι.</strong></span> <span class='ocrx_word' id='word_1_155' title='bbox 1586 2390 1733 2454; x_wconf 88' lang='lat' dir='ltr'><strong>Quod</strong></span> <span class='ocrx_word' id='word_1_156' title='bbox 1782 2393 1823 2445; x_wconf 92' lang='lat' dir='ltr'><strong>si</strong></span> <span class='ocrx_word' id='word_1_157' title='bbox 1878 2392 1993 2462; x_wconf 89' lang='lat' dir='ltr'><strong>quis</strong></span> 
     </span>
    </p>
   </div>
   <div class='ocr_carea' id='block_1_24' title="bbox 447 2476 1995 2552">
    <p class='ocr_par' dir='ltr' id='par_1_24' title="bbox 447 2476 1995 2552">
     <span class='ocr_line' id='line_1_24' title="bbox 447 2476 1995 2552; baseline 0.008 -28"><span class='ocrx_word' id='word_1_158' title='bbox 447 2480 663 2540; x_wconf 88' lang='lat' dir='ltr'><strong>propter</strong></span> <span class='ocrx_word' id='word_1_159' title='bbox 692 2487 907 2527; x_wconf 89' lang='lat' dir='ltr'><strong>censum</strong></span> <span class='ocrx_word' id='word_1_160' title='bbox 936 2476 1171 2531; x_wconf 56' lang='lat' dir='ltr'><strong>tenuemk</strong></span> <span class='ocrx_word' id='word_1_161' title='bbox 1206 2480 1531 2533; x_wconf 88' lang='lat' dir='ltr'><strong>vacationem</strong></span> <span class='ocrx_word' id='word_1_162' title='bbox 1554 2482 1995 2552; x_wconf 89' lang='lat' dir='ltr'><strong>meruerit,atque</strong></span> 
     </span>
    </p>
   </div>
   <div class='ocr_carea' id='block_1_25' title="bbox 423 2560 1992 2639">
    <p class='ocr_par' dir='ltr' id='par_1_25' title="bbox 423 2560 1992 2639">
     <span class='ocr_line' id='line_1_25' title="bbox 423 2560 1992 2639; baseline 0.009 -26"><span class='ocrx_word' id='word_1_163' title='bbox 423 2560 545 2614; x_wconf 60' lang='lat' dir='ltr'><strong>“hoc</strong></span> <span class='ocrx_word' id='word_1_164' title='bbox 571 2562 891 2630; x_wconf 81' lang='lat' dir='ltr'><strong>probaverit,</strong></span> <span class='ocrx_word' id='word_1_165' title='bbox 915 2563 1169 2619; x_wconf 80' lang='lat' dir='ltr'><strong>beneﬁcio</strong></span> <span class='ocrx_word' id='word_1_166' title='bbox 1195 2568 1443 2634; x_wconf 82' lang='lat' dir='ltr'><strong>potiatur,</strong></span> <span class='ocrx_word' id='word_1_167' title='bbox 1467 2569 1510 2621; x_wconf 91' lang='lat' dir='ltr'><strong>si</strong></span> <span class='ocrx_word' id='word_1_168' title='bbox 1534 2566 1551 2605; x_wconf 79' lang='grc' dir='ltr'>ι</span> <span class='ocrx_word' id='word_1_169' title='bbox 1588 2578 1800 2639; x_wconf 82' lang='lat' dir='ltr'><strong>propter</strong></span> <span class='ocrx_word' id='word_1_170' title='bbox 1817 2588 1992 2627; x_wconf 87' lang='lat' dir='ltr'><strong>rerum</strong></span> 
     </span>
    </p>
   </div>
   <div class='ocr_carea' id='block_1_26' title="bbox 445 2654 1989 2731">
    <p class='ocr_par' dir='ltr' id='par_1_26' title="bbox 445 2654 1989 2731">
     <span class='ocr_line' id='line_1_26' title="bbox 445 2654 1989 2731; baseline 0.009 -26"><span class='ocrx_word' id='word_1_171' title='bbox 445 2654 714 2721; x_wconf 82' lang='lat' dir='ltr'><strong>angustias</strong></span> <span class='ocrx_word' id='word_1_172' title='bbox 756 2654 817 2707; x_wconf 93' lang='lat' dir='ltr'><strong>ad</strong></span> <span class='ocrx_word' id='word_1_173' title='bbox 859 2658 1152 2724; x_wconf 88' lang='lat' dir='ltr'><strong>personalia</strong></span> <span class='ocrx_word' id='word_1_174' title='bbox 1186 2658 1520 2712; x_wconf 82' lang='lat' dir='ltr'><strong>vocabaturm</strong></span> <span class='ocrx_word' id='word_1_175' title='bbox 1568 2661 1836 2731; x_wconf 88' lang='lat' dir='ltr'><strong>obsequia.</strong></span> <span class='ocrx_word' id='word_1_176' title='bbox 1869 2664 1989 2718; x_wconf 86' lang='lat' dir='ltr'><strong>Dat.</strong></span> 
     </span>
    </p>
   </div>
   <div class='ocr_carea' id='block_1_27' title="bbox 444 2743 1992 2827">
    <p class='ocr_par' dir='ltr' id='par_1_27' title="bbox 444 2743 1992 2827">
     <span class='ocr_line' id='line_1_27' title="bbox 444 2743 1992 2827; baseline 0.008 -27"><span class='ocrx_word' id='word_1_177' title='bbox 444 2743 579 2800; x_wconf 80' lang='lat' dir='ltr'><strong>XIV.</strong></span> <span class='ocrx_word' id='word_1_178' title='bbox 606 2746 728 2802; x_wconf 81' lang='lat' dir='ltr'><strong>Kal.</strong></span> <span class='ocrx_word' id='word_1_179' title='bbox 774 2746 924 2803; x_wconf 85' lang='lat' dir='ltr'><strong>Febr.</strong></span> <span class='ocrx_word' id='word_1_180' title='bbox 959 2748 1146 2805; x_wconf 88' lang='lat' dir='ltr'><strong>Sirmio</strong></span> <span class='ocrx_word' id='word_1_181' title='bbox 1170 2759 1220 2817; x_wconf 77' lang='grc' dir='ltr'><strong>η,</strong></span> <span class='ocrx_word' id='word_1_182' title='bbox 1250 2749 1426 2827; x_wconf 88' lang='lat' dir='ltr'><strong>Crispo</strong></span> <span class='ocrx_word' id='word_1_183' title='bbox 1462 2752 1548 2810; x_wconf 86' lang='lat' dir='ltr'><strong>III.</strong></span> <span class='ocrx_word' id='word_1_184' title='bbox 1596 2763 1640 2809; x_wconf 87' lang='lat' dir='ltr'><strong>et</strong></span> <span class='ocrx_word' id='word_1_185' title='bbox 1667 2753 1992 2813; x_wconf 89' lang='lat' dir='ltr'><strong>Constantino</strong></span> 
     </span>
    </p>
   </div>
   <div class='ocr_carea' id='block_1_28' title="bbox 443 2832 1442 2970">
    <p class='ocr_par' dir='ltr' id='par_1_28' title="bbox 443 2832 1442 2970">
     <span class='ocr_line' id='line_1_28' title="bbox 443 2832 1442 2970; baseline 0.007 -7"><span class='ocrx_word' id='word_1_186' title='bbox 443 2833 506 2891; x_wconf 42' lang='grc' dir='ltr'><strong>Π.</strong></span> <span class='ocrx_word' id='word_1_187' title='bbox 534 2844 557 2871; x_wconf 68' lang='grc' dir='ltr'>ο</span> <span class='ocrx_word' id='word_1_188' title='bbox 583 2832 723 2893; x_wconf 44' lang='grc'><strong>60⁸8.</strong></span> <span class='ocrx_word' id='word_1_189' title='bbox 753 2837 920 2908; x_wconf 49' lang='grc' dir='ltr'><strong>ᾤεθ’</strong></span> <span class='ocrx_word' id='word_1_190' title='bbox 971 2925 1036 2964; x_wconf 71' lang='grc' dir='ltr'><strong>»ε</strong></span> <span class='ocrx_word' id='word_1_191' title='bbox 1065 2925 1442 2970; x_wconf 62' lang='grc' dir='ltr'><strong>Μγιουιλειηε.</strong></span> 
     </span>
    </p>
   </div>
   <div class='ocr_carea' id='block_1_29' title="bbox 513 2995 1992 3078">
    <p class='ocr_par' dir='ltr' id='par_1_29' title="bbox 513 2995 1992 3078">
     <span class='ocr_line' id='line_1_29' title="bbox 513 2995 1992 3078; baseline 0.009 -27"><span class='ocrx_word' id='word_1_192' title='bbox 513 2996 648 3067; x_wconf 88' lang='lat' dir='ltr'><strong>Imp.</strong></span> <span class='ocrx_word' id='word_1_193' title='bbox 693 2995 1046 3055; x_wconf 76' lang='lat' dir='ltr'><strong>Constantinus</strong></span> <span class='ocrx_word' id='word_1_194' title='bbox 1073 3012 1100 3051; x_wconf 88' lang='lat' dir='ltr'><strong>P</strong></span> <span class='ocrx_word' id='word_1_195' title='bbox 1127 3003 1187 3057; x_wconf 84' lang='grc' dir='ltr'><strong>Α.</strong></span> <span class='ocrx_word' id='word_1_196' title='bbox 1226 3002 1548 3072; x_wconf 84' lang='lat' dir='ltr'><strong>Etpidia.....</strong></span> <span class='ocrx_word' id='word_1_197' title='bbox 1582 3016 1607 3057; x_wconf 73' lang='grc' dir='ltr'><strong>ιι</strong></span> <span class='ocrx_word' id='word_1_198' title='bbox 1636 3005 1711 3060; x_wconf 83' lang='lat' dir='ltr'><strong>Ex</strong></span> <span class='ocrx_word' id='word_1_199' title='bbox 1739 3022 1992 3078; x_wconf 86' lang='lat' dir='ltr'><strong>quocum-</strong></span> 
     </span>
    </p>
   </div>
   <div class='ocr_carea' id='block_1_30' title="bbox 440 3082 2059 3196">
    <p class='ocr_par' dir='ltr' id='par_1_30' title="bbox 440 3082 2059 3196">
     <span class='ocr_line' id='line_1_30' title="bbox 440 3082 2059 3196; baseline 0.01 -53"><span class='ocrx_word' id='word_1_200' title='bbox 440 3104 543 3159; x_wconf 90' lang='lat' dir='ltr'><strong>que</strong></span> <span class='ocrx_word' id='word_1_201' title='bbox 567 3082 1032 3161; x_wconf 65' lang='lat' dir='ltr'><strong>Hispanin&#39;littore</strong></span> <span class='ocrx_word' id='word_1_202' title='bbox 1070 3102 1273 3164; x_wconf 91' lang='lat' dir='ltr'><strong>portum</strong></span> <span class='ocrx_word' id='word_1_203' title='bbox 1305 3096 1448 3152; x_wconf 88' lang='lat' dir='ltr'><strong>urbis</strong></span> <span class='ocrx_word' id='word_1_204' title='bbox 1476 3097 1657 3154; x_wconf 59' lang='lat' dir='ltr'><strong>Romae</strong></span> <span class='ocrx_word' id='word_1_205' title='bbox 1685 3101 1990 3158; x_wconf 83' lang='lat' dir='ltr'><strong>navicularii</strong></span> <span class='ocrx_word' id='word_1_206' title='bbox 2016 3134 2059 3196; x_wconf 62' lang='grc' dir='ltr'><strong>ρ</strong></span> 
     </span>
    </p>
   </div>
   <div class='ocr_carea' id='block_1_31' title="bbox 442 3241 1987 3319">
    <p class='ocr_par' dir='ltr' id='par_1_31' title="bbox 442 3241 1987 3319">
     <span class='ocr_line' id='line_1_31' title="bbox 442 3241 1987 3319; baseline 0.006 -21"><span class='ocrx_word' id='word_1_207' title='bbox 442 3241 598 3319; x_wconf 69' lang='lat' dir='ltr'><strong>uibus</strong></span> <span class='ocrx_word' id='word_1_208' title='bbox 621 3246 911 3316; x_wconf 84' lang='lat' dir='ltr'><strong>principum</strong></span> <span class='ocrx_word' id='word_1_209' title='bbox 938 3248 1059 3303; x_wconf 84' lang='lat' dir='ltr'><strong>addi</strong></span> <span class='ocrx_word' id='word_1_210' title='bbox 1096 3250 1314 3314; x_wconf 88' lang='lat' dir='ltr'><strong>solebat,</strong></span> <span class='ocrx_word' id='word_1_211' title='bbox 1349 3249 1504 3319; x_wconf 87' lang='lat' dir='ltr'><strong>idque</strong></span> <span class='ocrx_word' id='word_1_212' title='bbox 1534 3250 1794 3305; x_wconf 86' lang='lat' dir='ltr'><strong>interdum</strong></span> <span class='ocrx_word' id='word_1_213' title='bbox 1822 3266 1987 3307; x_wconf 88' lang='lat' dir='ltr'><strong>manu</strong></span> 
     </span>
    </p>
   </div>
   <div class='ocr_carea' id='block_1_32' title="bbox 439 3313 1988 3388">
    <p class='ocr_par' dir='ltr' id='par_1_32' title="bbox 439 3313 1988 3388">
     <span class='ocr_line' id='line_1_32' title="bbox 439 3313 1988 3388; baseline 0.005 -21"><span class='ocrx_word' id='word_1_214' title='bbox 439 3313 693 3388; x_wconf 81' lang='lat' dir='ltr'><strong>ipsorum.</strong></span> <span class='ocrx_word' id='word_1_215' title='bbox 723 3313 806 3388; x_wconf 81' lang='lat' dir='ltr'><strong>Sic</strong></span> <span class='ocrx_word' id='word_1_216' title='bbox 834 3319 884 3372; x_wconf 90' lang='lat' dir='ltr'><strong>in</strong></span> <span class='ocrx_word' id='word_1_217' title='bbox 910 3319 1113 3373; x_wconf 89' lang='lat' dir='ltr'><strong>novella</strong></span> <span class='ocrx_word' id='word_1_218' title='bbox 1140 3313 1434 3372; x_wconf 73' lang='lat' dir='ltr'><strong>Theodosii</strong></span> <span class='ocrx_word' id='word_1_219' title='bbox 1450 3320 1514 3373; x_wconf 90' lang='lat' dir='ltr'><strong>de</strong></span> <span class='ocrx_word' id='word_1_220' title='bbox 1535 3320 1737 3374; x_wconf 90' lang='lat' dir='ltr'><strong>reddito</strong></span> <span class='ocrx_word' id='word_1_221' title='bbox 1759 3322 1879 3388; x_wconf 86' lang='lat' dir='ltr'><strong>jure</strong></span> <span class='ocrx_word' id='word_1_222' title='bbox 1905 3339 1988 3376; x_wconf 82' lang='lat' dir='ltr'><strong>ar-</strong></span> 
     </span>
    </p>
   </div>
   <div class='ocr_carea' id='block_1_33' title="bbox 440 3387 1989 3455">
    <p class='ocr_par' dir='ltr' id='par_1_33' title="bbox 440 3387 1989 3455">
     <span class='ocr_line' id='line_1_33' title="bbox 440 3387 1989 3455; baseline 0.005 -19"><span class='ocrx_word' id='word_1_223' title='bbox 440 3400 647 3455; x_wconf 85' lang='lat' dir='ltr'><strong>morum</strong></span> <span class='ocrx_word' id='word_1_224' title='bbox 677 3387 862 3455; x_wconf 80' lang='lat' dir='ltr'><strong>legitur</strong></span> <span class='ocrx_word' id='word_1_225' title='bbox 887 3406 897 3435; x_wconf 89' lang='lat'><strong>:</strong></span> <span class='ocrx_word' id='word_1_226' title='bbox 931 3388 996 3441; x_wconf 83' lang='lat' dir='ltr'><strong>Et</strong></span> <span class='ocrx_word' id='word_1_227' title='bbox 1022 3406 1170 3443; x_wconf 86' lang='lat' dir='ltr'><strong>manu</strong></span> <span class='ocrx_word' id='word_1_228' title='bbox 1190 3390 1377 3454; x_wconf 83' lang='lat' dir='ltr'><strong>divina,</strong></span> <span class='ocrx_word' id='word_1_229' title='bbox 1413 3388 1733 3455; x_wconf 84' lang='lat' dir='ltr'><strong>Propanatur</strong></span> <span class='ocrx_word' id='word_1_230' title='bbox 1752 3387 1989 3444; x_wconf 77' lang='lat' dir='ltr'><strong>aniantis-</strong></span> 
     </span>
    </p>
   </div>
   <div class='ocr_carea' id='block_1_34' title="bbox 439 3453 1985 3525">
    <p class='ocr_par' dir='ltr' id='par_1_34' title="bbox 439 3453 1985 3525">
     <span class='ocr_line' id='line_1_34' title="bbox 439 3453 1985 3525; baseline 0.007 -21"><span class='ocrx_word' id='word_1_231' title='bbox 439 3453 564 3525; x_wconf 70' lang='lat' dir='ltr'><strong>sjmo</strong></span> <span class='ocrx_word' id='word_1_232' title='bbox 595 3453 750 3525; x_wconf 79' lang='lat' dir='ltr'><strong>nostri</strong></span> <span class='ocrx_word' id='word_1_233' title='bbox 797 3460 984 3525; x_wconf 88' lang='lat' dir='ltr'><strong>populo</strong></span> <span class='ocrx_word' id='word_1_234' title='bbox 1011 3458 1153 3511; x_wconf 80' lang='lat' dir='ltr'><strong>Rom.</strong></span> <span class='ocrx_word' id='word_1_235' title='bbox 1184 3459 1250 3513; x_wconf 85' lang='lat' dir='ltr'><strong>Et</strong></span> <span class='ocrx_word' id='word_1_236' title='bbox 1277 3458 1339 3511; x_wconf 85' lang='lat' dir='ltr'><strong>ad</strong></span> <span class='ocrx_word' id='word_1_237' title='bbox 1373 3453 1670 3512; x_wconf 21' lang='lat' dir='ltr'><strong>latus’Data</strong></span> <span class='ocrx_word' id='word_1_238' title='bbox 1701 3461 1731 3515; x_wconf 90' lang='lat'><strong>8</strong></span> <span class='ocrx_word' id='word_1_239' title='bbox 1778 3459 1985 3515; x_wconf 83' lang='lat' dir='ltr'><strong>Calend.</strong></span> 
     </span>
    </p>
   </div>
   <div class='ocr_carea' id='block_1_35' title="bbox 437 3474 1669 3582">
    <p class='ocr_par' dir='ltr' id='par_1_35' title="bbox 437 3474 1669 3582">
     <span class='ocr_line' id='line_1_35' title="bbox 439 3474 1669 3525; baseline 0.006 -21"><span class='ocrx_word' id='word_1_240' title='bbox 439 3474 564 3507; x_wconf 78' lang='lat' dir='ltr'><strong>srmo</strong></span> <span class='ocrx_word' id='word_1_241' title='bbox 595 3474 748 3507; x_wconf 75' lang='lat' dir='ltr'><strong>nostri</strong></span> <span class='ocrx_word' id='word_1_242' title='bbox 797 3474 860 3525; x_wconf 88' lang='lat' dir='ltr'><strong>po</strong></span> <span class='ocrx_word' id='word_1_243' title='bbox 900 3474 984 3511; x_wconf 89' lang='lat' dir='ltr'><strong>uto</strong></span> <span class='ocrx_word' id='word_1_244' title='bbox 1011 3474 1153 3511; x_wconf 77' lang='lat' dir='ltr'><strong>noni.</strong></span> <span class='ocrx_word' id='word_1_245' title='bbox 1184 3474 1250 3513; x_wconf 69' lang='lat' dir='ltr'><strong>nt</strong></span> <span class='ocrx_word' id='word_1_246' title='bbox 1277 3474 1339 3511; x_wconf 85' lang='lat' dir='ltr'><strong>au</strong></span> <span class='ocrx_word' id='word_1_247' title='bbox 1373 3474 1507 3512; x_wconf 88' lang='lat' dir='ltr'><strong>tatus</strong></span> <span class='ocrx_word' id='word_1_248' title='bbox 1537 3474 1669 3511; x_wconf 87' lang='lat' dir='ltr'><strong>uata</strong></span> 
     </span>
     <span class='ocr_line' id='line_1_36' title="bbox 437 3474 1669 3582; baseline 0.006 -8"><span class='ocrx_word' id='word_1_249' title='bbox 437 3520 604 3577; x_wconf 76' lang='lat' dir='ltr'><strong>Iulias</strong></span> <span class='ocrx_word' id='word_1_250' title='bbox 628 3524 801 3580; x_wconf 76' lang='lat' dir='ltr'><strong>Roma:</strong></span> <span class='ocrx_word' id='word_1_251' title='bbox 835 3474 1181 3582; x_wconf 47' lang='lat' dir='ltr'><strong>lﬂtlentiniana</strong></span> <span class='ocrx_word' id='word_1_252' title='bbox 1202 3538 1245 3581; x_wconf 91' lang='lat' dir='ltr'><strong>et</strong></span> <span class='ocrx_word' id='word_1_253' title='bbox 1268 3529 1499 3581; x_wconf 74' lang='lat' dir='ltr'><strong>Anatolio</strong></span> <span class='ocrx_word' id='word_1_254' title='bbox 1530 3526 1669 3581; x_wconf 92' lang='lat' dir='ltr'><strong>Cass.</strong></span> 
     </span>
    </p>
   </div>
   <div class='ocr_carea' id='block_1_36' title="bbox 512 3594 1634 3667">
    <p class='ocr_par' dir='ltr' id='par_1_36' title="bbox 512 3594 1634 3667">
     <span class='ocr_line' id='line_1_37' title="bbox 512 3594 1634 3667; baseline 0.008 -23"><span class='ocrx_word' id='word_1_255' title='bbox 512 3601 537 3667; x_wconf 67' lang='grc' dir='ltr'><strong>ξι</strong></span> <span class='ocrx_word' id='word_1_256' title='bbox 568 3598 605 3667; x_wconf 52' lang='grc' dir='ltr'>ξ</span> <span class='ocrx_word' id='word_1_257' title='bbox 621 3594 694 3667; x_wconf 73' lang='lat' dir='ltr'><strong>De</strong></span> <span class='ocrx_word' id='word_1_258' title='bbox 722 3596 797 3667; x_wconf 64' lang='lat' dir='ltr'><strong>liis</strong></span> <span class='ocrx_word' id='word_1_259' title='bbox 828 3599 913 3667; x_wconf 87' lang='lat' dir='ltr'><strong>qui</strong></span> <span class='ocrx_word' id='word_1_260' title='bbox 942 3614 1143 3650; x_wconf 88' lang='lat' dir='ltr'><strong>numero</strong></span> <span class='ocrx_word' id='word_1_261' title='bbox 1171 3598 1324 3652; x_wconf 85' lang='lat' dir='ltr'><strong>libero</strong></span> <span class='ocrx_word' id='word_1_262' title='bbox 1351 3598 1634 3653; x_wconf 81' lang='lat' dir='ltr'><strong>liberarum.</strong></span> 
     </span>
    </p>
   </div>
   <div class='ocr_carea' id='block_1_37' title="bbox 509 3661 1194 3721">
    <p class='ocr_par' dir='ltr' id='par_1_37' title="bbox 509 3661 1194 3721">
     <span class='ocr_line' id='line_1_38' title="bbox 509 3661 1194 3721; baseline 0.004 -4"><span class='ocrx_word' id='word_1_263' title='bbox 509 3661 536 3702; x_wconf 67' lang='grc' dir='ltr'><strong>ι)</strong></span> <span class='ocrx_word' id='word_1_264' title='bbox 568 3661 697 3717; x_wconf 87' lang='grc' dir='ltr'><strong>ϐοά.</strong></span> <span class='ocrx_word' id='word_1_265' title='bbox 726 3661 861 3719; x_wconf 65' lang='lat' dir='ltr'><strong>Just.</strong></span> <span class='ocrx_word' id='word_1_266' title='bbox 894 3678 1194 3721; x_wconf 85' lang='lat' dir='ltr'><strong>meruerunt.</strong></span> 
     </span>
    </p>
   </div>
   <div class='ocr_carea' id='block_1_38' title="bbox 510 3734 1982 3805">
    <p class='ocr_par' dir='ltr' id='par_1_38' title="bbox 510 3734 1982 3805">
     <span class='ocr_line' id='line_1_39' title="bbox 510 3734 1982 3805; baseline 0.003 -17"><span class='ocrx_word' id='word_1_267' title='bbox 510 3742 532 3805; x_wconf 58' lang='grc' dir='ltr'>ς</span> <span class='ocrx_word' id='word_1_268' title='bbox 563 3734 660 3805; x_wconf 91' lang='grc' dir='ltr'><strong>ϐο.</strong></span> <span class='ocrx_word' id='word_1_269' title='bbox 698 3752 710 3790; x_wconf 88' lang='lat'><strong>:</strong></span> <span class='ocrx_word' id='word_1_270' title='bbox 746 3753 763 3787; x_wconf 74' lang='grc' dir='ltr'>ι</span> <span class='ocrx_word' id='word_1_271' title='bbox 796 3735 1051 3791; x_wconf 89' lang='lat' dir='ltr'><strong>Sustineri</strong></span> <span class='ocrx_word' id='word_1_272' title='bbox 1075 3745 1279 3805; x_wconf 89' lang='lat' dir='ltr'><strong>potest:</strong></span> <span class='ocrx_word' id='word_1_273' title='bbox 1304 3738 1479 3792; x_wconf 87' lang='lat' dir='ltr'><strong>malim</strong></span> <span class='ocrx_word' id='word_1_274' title='bbox 1508 3746 1703 3805; x_wconf 89' lang='lat' dir='ltr'><strong>tamen,</strong></span> <span class='ocrx_word' id='word_1_275' title='bbox 1726 3739 1925 3795; x_wconf 85' lang='lat' dir='ltr'><strong>liberos.</strong></span> <span class='ocrx_word' id='word_1_276' title='bbox 1966 3757 1982 3793; x_wconf 75' lang='grc' dir='ltr'>ι</span> 
     </span>
    </p>
   </div>
   <div class='ocr_carea' id='block_1_39' title="bbox 510 3801 1332 3862">
    <p class='ocr_par' dir='ltr' id='par_1_39' title="bbox 510 3801 1332 3862">
     <span class='ocr_line' id='line_1_40' title="bbox 510 3801 1332 3862; baseline -0.001 -1"><span class='ocrx_word' id='word_1_277' title='bbox 510 3801 535 3840; x_wconf 73' lang='grc' dir='ltr'><strong>ά</strong></span> <span class='ocrx_word' id='word_1_278' title='bbox 567 3804 662 3861; x_wconf 87' lang='grc' dir='ltr'><strong>ϐο.</strong></span> <span class='ocrx_word' id='word_1_279' title='bbox 700 3822 712 3858; x_wconf 88' lang='lat'><strong>:</strong></span> <span class='ocrx_word' id='word_1_280' title='bbox 746 3824 764 3857; x_wconf 81' lang='grc' dir='ltr'>ι</span> <span class='ocrx_word' id='word_1_281' title='bbox 797 3801 1276 3862; x_wconf 64' lang='grc' dir='ltr'><strong>Ρνοὺειιιηίίυοτὶῑ.</strong></span> <span class='ocrx_word' id='word_1_282' title='bbox 1314 3824 1332 3860; x_wconf 78' lang='lat' dir='ltr'><strong>s</strong></span> 
     </span>
    </p>
   </div>
   <div class='ocr_carea' id='block_1_40' title="bbox 440 3873 1987 3999">
    <p class='ocr_par' dir='ltr' id='par_1_40' title="bbox 440 3873 1987 3999">
     <span class='ocr_line' id='line_1_41' title="bbox 440 3873 1987 3999; baseline 0.005 -72"><span class='ocrx_word' id='word_1_283' title='bbox 440 3948 462 3999; x_wconf 70' lang='grc' dir='ltr'><em>Ι</em></span> <span class='ocrx_word' id='word_1_284' title='bbox 510 3883 537 3999; x_wconf 56' lang='grc' dir='ltr'>Σ</span> <span class='ocrx_word' id='word_1_285' title='bbox 567 3878 619 3998; x_wconf 63' lang='lat'><strong>4;</strong></span> <span class='ocrx_word' id='word_1_286' title='bbox 650 3873 751 3930; x_wconf 89' lang='lat' dir='ltr'><strong>Til.</strong></span> <span class='ocrx_word' id='word_1_287' title='bbox 774 3876 967 3947; x_wconf 69' lang='lat' dir='ltr'><strong>habent.</strong></span> <span class='ocrx_word' id='word_1_288' title='bbox 995 3874 1274 3933; x_wconf 85' lang='lat' dir='ltr'><strong>Cod.Just.</strong></span> <span class='ocrx_word' id='word_1_289' title='bbox 1304 3878 1430 3945; x_wconf 89' lang='lat' dir='ltr'><strong>inc.,</strong></span> <span class='ocrx_word' id='word_1_290' title='bbox 1480 3878 1603 3944; x_wconf 84' lang='lat' dir='ltr'><strong>Eos,</strong></span> <span class='ocrx_word' id='word_1_291' title='bbox 1630 3878 1714 3951; x_wconf 86' lang='lat' dir='ltr'><strong>qui</strong></span> <span class='ocrx_word' id='word_1_292' title='bbox 1733 3894 1777 3933; x_wconf 87' lang='lat' dir='ltr'><strong>c.</strong></span> <span class='ocrx_word' id='word_1_293' title='bbox 1808 3894 1849 3933; x_wconf 91' lang='lat' dir='ltr'><strong>s.</strong></span> <span class='ocrx_word' id='word_1_294' title='bbox 1880 3880 1917 3934; x_wconf 93' lang='lat' dir='ltr'><strong>l.</strong></span> <span class='ocrx_word' id='word_1_295' title='bbox 1937 3897 1987 3952; x_wconf 86' lang='lat' dir='ltr'><strong>q.</strong></span> 
     </span>
     <span class='ocr_line' id='line_1_42' title="bbox 458 3963 638 3999; baseline 0 0"><span class='ocrx_word' id='word_1_296' title='bbox 458 3965 507 3999; x_wconf 85' lang='lat' dir='ltr'><strong>ta</strong></span> <span class='ocrx_word' id='word_1_297' title='bbox 542 3963 598 3999; x_wconf 89' lang='lat' dir='ltr'><strong>en</strong></span> <span class='ocrx_word' id='word_1_298' title='bbox 626 3984 638 3999; x_wconf 95' lang='lat'><strong>.</strong></span> 
     </span>
    </p>
   </div>
   <div class='ocr_carea' id='block_1_41' title="bbox 458 3957 638 4003">
    <p class='ocr_par' dir='ltr' id='par_1_41' title="bbox 458 3957 638 4003">
     <span class='ocr_line' id='line_1_43' title="bbox 458 3957 638 4003; baseline -0.011 -3"><span class='ocrx_word' id='word_1_299' title='bbox 458 3957 638 4003; x_wconf 75' lang='lat' dir='ltr'><strong>tabent.</strong></span> 
     </span>
    </p>
   </div>
   <div class='ocr_carea' id='block_1_42' title="bbox 516 4015 1990 4094">
    <p class='ocr_par' dir='ltr' id='par_1_42' title="bbox 516 4015 1990 4094">
     <span class='ocr_line' id='line_1_44' title="bbox 516 4015 1990 4094; baseline 0.001 -21"><span class='ocrx_word' id='word_1_300' title='bbox 516 4015 534 4055; x_wconf 71' lang='grc' dir='ltr'>ί</span> <span class='ocrx_word' id='word_1_301' title='bbox 567 4018 599 4073; x_wconf 72' lang='grc'>4</span> <span class='ocrx_word' id='word_1_302' title='bbox 626 4018 820 4087; x_wconf 76' lang='lat' dir='ltr'><strong>potiris,</strong></span> <span class='ocrx_word' id='word_1_303' title='bbox 872 4018 965 4074; x_wconf 89' lang='lat' dir='ltr'><strong>sed</strong></span> <span class='ocrx_word' id='word_1_304' title='bbox 996 4019 1098 4076; x_wconf 88' lang='lat' dir='ltr'><strong>del.</strong></span> <span class='ocrx_word' id='word_1_305' title='bbox 1129 4037 1171 4075; x_wconf 89' lang='lat' dir='ltr'><strong>s.</strong></span> <span class='ocrx_word' id='word_1_306' title='bbox 1215 4018 1345 4075; x_wconf 91' lang='lat' dir='ltr'><strong>Cod.</strong></span> <span class='ocrx_word' id='word_1_307' title='bbox 1371 4017 1506 4074; x_wconf 89' lang='lat' dir='ltr'><strong>Just.</strong></span> <span class='ocrx_word' id='word_1_308' title='bbox 1548 4019 1700 4094; x_wconf 86' lang='lat' dir='ltr'><strong>potiri</strong></span> <span class='ocrx_word' id='word_1_309' title='bbox 1725 4019 1990 4075; x_wconf 85' lang='lat' dir='ltr'><strong>convenit:</strong></span> 
     </span>
    </p>
   </div>
   <div class='ocr_carea' id='block_1_43' title="bbox 440 4089 613 4143">
    <p class='ocr_par' dir='ltr' id='par_1_43' title="bbox 440 4089 613 4143">
     <span class='ocr_line' id='line_1_45' title="bbox 440 4089 613 4143; baseline 0 -2"><span class='ocrx_word' id='word_1_310' title='bbox 440 4089 515 4143; x_wconf 90' lang='lat' dir='ltr'><strong>ita</strong></span> <span class='ocrx_word' id='word_1_311' title='bbox 542 4097 613 4141; x_wconf 86' lang='lat' dir='ltr'><strong>ut.</strong></span> 
     </span>
    </p>
   </div>
   <div class='ocr_carea' id='block_1_44' title="bbox 512 4158 1479 4229">
    <p class='ocr_par' dir='ltr' id='par_1_44' title="bbox 512 4158 1479 4229">
     <span class='ocr_line' id='line_1_46' title="bbox 512 4158 1479 4229; baseline 0.001 -17"><span class='ocrx_word' id='word_1_312' title='bbox 512 4169 535 4229; x_wconf 69' lang='grc' dir='ltr'>β</span> <span class='ocrx_word' id='word_1_313' title='bbox 566 4158 696 4229; x_wconf 92' lang='grc' dir='ltr'><strong>ϐοά.</strong></span> <span class='ocrx_word' id='word_1_314' title='bbox 720 4158 851 4214; x_wconf 83' lang='lat' dir='ltr'><strong>Just.</strong></span> <span class='ocrx_word' id='word_1_315' title='bbox 873 4162 1032 4214; x_wconf 61' lang='lat' dir='ltr'><strong>astatis</strong></span> <span class='ocrx_word' id='word_1_316' title='bbox 1061 4160 1291 4229; x_wconf 76' lang='lat' dir='ltr'><strong>legitima:</strong></span> <span class='ocrx_word' id='word_1_317' title='bbox 1324 4161 1479 4228; x_wconf 78' lang='lat' dir='ltr'><strong>ﬁlius.</strong></span> 
     </span>
    </p>
   </div>
   <div class='ocr_carea' id='block_1_45' title="bbox 510 4225 1394 4296">
    <p class='ocr_par' dir='ltr' id='par_1_45' title="bbox 510 4225 1394 4296">
     <span class='ocr_line' id='line_1_47' title="bbox 510 4225 1394 4296; baseline 0.005 -15"><span class='ocrx_word' id='word_1_318' title='bbox 510 4225 538 4266; x_wconf 72' lang='grc' dir='ltr'>ιι</span> <span class='ocrx_word' id='word_1_319' title='bbox 568 4228 599 4281; x_wconf 70' lang='grc'>4</span> <span class='ocrx_word' id='word_1_320' title='bbox 629 4230 859 4296; x_wconf 85' lang='lat' dir='ltr'><strong>abeundi,</strong></span> <span class='ocrx_word' id='word_1_321' title='bbox 893 4232 1051 4285; x_wconf 89' lang='lat' dir='ltr'><strong>rubro</strong></span> <span class='ocrx_word' id='word_1_322' title='bbox 1072 4225 1173 4284; x_wconf 78' lang='lat' dir='ltr'><strong>col.</strong></span> <span class='ocrx_word' id='word_1_323' title='bbox 1206 4225 1394 4285; x_wconf 47' lang='lat' dir='ltr'><strong>add.&#39;s.</strong></span> 
     </span>
    </p>
   </div>
   <div class='ocr_carea' id='block_1_46' title="bbox 518 4297 1951 4373">
    <p class='ocr_par' dir='ltr' id='par_1_46' title="bbox 518 4297 1951 4373">
     <span class='ocr_line' id='line_1_48' title="bbox 518 4297 1951 4373; baseline 0.002 -20"><span class='ocrx_word' id='word_1_324' title='bbox 518 4297 533 4373; x_wconf 58' lang='grc' dir='ltr'>ξ</span> <span class='ocrx_word' id='word_1_325' title='bbox 562 4298 714 4373; x_wconf 50' lang='lat' dir='ltr'><strong>Apud</strong></span> <span class='ocrx_word' id='word_1_326' title='bbox 742 4299 839 4373; x_wconf 80' lang='grc' dir='ltr'><strong>ϐο.</strong></span> <span class='ocrx_word' id='word_1_327' title='bbox 880 4302 1072 4357; x_wconf 87' lang='lat' dir='ltr'><strong>desunt</strong></span> <span class='ocrx_word' id='word_1_328' title='bbox 1101 4298 1660 4373; x_wconf 81' lang='lat' dir='ltr'><strong>applicetur—legibus,</strong></span> <span class='ocrx_word' id='word_1_329' title='bbox 1700 4314 1814 4355; x_wconf 81' lang='lat' dir='ltr'><strong>err.</strong></span> <span class='ocrx_word' id='word_1_330' title='bbox 1838 4310 1951 4371; x_wconf 84' lang='lat' dir='ltr'><strong>typ.</strong></span> 
     </span>
    </p>
   </div>
   <div class='ocr_carea' id='block_1_47' title="bbox 516 4368 979 4442">
    <p class='ocr_par' dir='ltr' id='par_1_47' title="bbox 516 4368 979 4442">
     <span class='ocr_line' id='line_1_49' title="bbox 516 4368 979 4442; baseline 0.011 -21"><span class='ocrx_word' id='word_1_331' title='bbox 516 4370 529 4442; x_wconf 54' lang='grc' dir='ltr'>ᾗ</span> <span class='ocrx_word' id='word_1_332' title='bbox 568 4368 703 4442; x_wconf 72' lang='lat' dir='ltr'><strong>Julia</strong></span> <span class='ocrx_word' id='word_1_333' title='bbox 730 4379 782 4442; x_wconf 81' lang='lat' dir='ltr'><strong>et</strong></span> <span class='ocrx_word' id='word_1_334' title='bbox 802 4372 979 4442; x_wconf 87' lang='lat' dir='ltr'><strong>Papia.</strong></span> 
     </span>
    </p>
   </div>
   <div class='ocr_carea' id='block_1_48' title="bbox 512 4435 1172 4498">
    <p class='ocr_par' dir='ltr' id='par_1_48' title="bbox 512 4435 1172 4498">
     <span class='ocr_line' id='line_1_50' title="bbox 512 4435 1172 4498; baseline 0.012 -8"><span class='ocrx_word' id='word_1_335' title='bbox 512 4435 539 4475; x_wconf 78' lang='grc' dir='ltr'><strong>Ιι</strong></span> <span class='ocrx_word' id='word_1_336' title='bbox 566 4439 695 4492; x_wconf 89' lang='grc' dir='ltr'><strong>ϐοά.</strong></span> <span class='ocrx_word' id='word_1_337' title='bbox 726 4440 859 4495; x_wconf 83' lang='lat' dir='ltr'><strong>Just.</strong></span> <span class='ocrx_word' id='word_1_338' title='bbox 876 4435 1172 4498; x_wconf 71' lang='lat' dir='ltr'><strong>tenuiorem.</strong></span> 
     </span>
    </p>
   </div>
   <div class='ocr_carea' id='block_1_49' title="bbox 516 4505 1914 4635">
    <p class='ocr_par' dir='ltr' id='par_1_49' title="bbox 516 4505 1914 4635">
     <span class='ocr_line' id='line_1_51' title="bbox 516 4505 1914 4635; baseline 0.001 -74"><span class='ocrx_word' id='word_1_339' title='bbox 516 4505 533 4546; x_wconf 79' lang='grc' dir='ltr'>ι</span> <span class='ocrx_word' id='word_1_340' title='bbox 570 4508 658 4562; x_wconf 90' lang='lat' dir='ltr'><strong>Be.</strong></span> <span class='ocrx_word' id='word_1_341' title='bbox 686 4510 895 4594; x_wconf 41' lang='lat' dir='ltr'><strong>cj..ne.c,</strong></span> <span class='ocrx_word' id='word_1_342' title='bbox 925 4519 979 4566; x_wconf 90' lang='lat' dir='ltr'><strong>ut</strong></span> <span class='ocrx_word' id='word_1_343' title='bbox 1004 4513 1117 4567; x_wconf 87' lang='lat' dir='ltr'><strong>Hal.</strong></span> <span class='ocrx_word' id='word_1_344' title='bbox 1150 4512 1262 4635; x_wconf 53' lang='lat' dir='ltr'><strong>Cuj.</strong></span> <span class='ocrx_word' id='word_1_345' title='bbox 1286 4513 1337 4567; x_wconf 89' lang='lat' dir='ltr'><strong>in</strong></span> <span class='ocrx_word' id='word_1_346' title='bbox 1368 4526 1414 4567; x_wconf 90' lang='lat' dir='ltr'><strong>c.</strong></span> <span class='ocrx_word' id='word_1_347' title='bbox 1446 4511 1477 4565; x_wconf 87' lang='lat'><strong>6</strong></span> <span class='ocrx_word' id='word_1_348' title='bbox 1505 4510 1635 4565; x_wconf 90' lang='lat' dir='ltr'><strong>Cod.</strong></span> <span class='ocrx_word' id='word_1_349' title='bbox 1660 4510 1795 4565; x_wconf 87' lang='lat' dir='ltr'><strong>Just.</strong></span> <span class='ocrx_word' id='word_1_350' title='bbox 1824 4510 1914 4567; x_wconf 90' lang='lat' dir='ltr'><strong>cit.</strong></span> 
     </span>
     <span class='ocr_line' id='line_1_52' title="bbox 516 4579 1914 4635; baseline -0.001 -2"><span class='ocrx_word' id='word_1_351' title='bbox 516 4587 551 4615; x_wconf 73' lang='grc' dir='ltr'>ω</span> <span class='ocrx_word' id='word_1_352' title='bbox 580 4579 677 4633; x_wconf 94' lang='grc' dir='ltr'><strong>ϐο.</strong></span> <span class='ocrx_word' id='word_1_353' title='bbox 728 4596 795 4635; x_wconf 78' lang='grc' dir='ltr'><strong>οι.</strong></span> <span class='ocrx_word' id='word_1_354' title='bbox 844 4599 892 4635; x_wconf 83' lang='grc' dir='ltr'><strong>ιο</strong></span> <span class='ocrx_word' id='word_1_355' title='bbox 940 4592 1047 4635; x_wconf 90' lang='lat' dir='ltr'><strong>not.</strong></span> <span class='ocrx_word' id='word_1_356' title='bbox 1094 4600 1211 4635; x_wconf 84' lang='lat' dir='ltr'><strong>voca</strong></span> <span class='ocrx_word' id='word_1_357' title='bbox 1247 4596 1365 4635; x_wconf 79' lang='lat' dir='ltr'><strong>itur.</strong></span> <span class='ocrx_word' id='word_1_358' title='bbox 1412 4582 1708 4635; x_wconf 75' lang='lat' dir='ltr'><strong>urobb.lle.</strong></span> <span class='ocrx_word' id='word_1_359' title='bbox 1736 4588 1790 4635; x_wconf 92' lang='lat' dir='ltr'><strong>et</strong></span> <span class='ocrx_word' id='word_1_360' title='bbox 1817 4580 1914 4635; x_wconf 84' lang='lat' dir='ltr'><strong>SDa</strong></span> 
     </span>
    </p>
   </div>
   <div class='ocr_carea' id='block_1_50' title="bbox 512 4579 1988 4648">
    <p class='ocr_par' dir='ltr' id='par_1_50' title="bbox 512 4579 1988 4648">
     <span class='ocr_line' id='line_1_53' title="bbox 512 4579 1988 4648; baseline 0.002 -16"><span class='ocrx_word' id='word_1_361' title='bbox 512 4587 551 4615; x_wconf 71' lang='grc' dir='ltr'>ω</span> <span class='ocrx_word' id='word_1_362' title='bbox 580 4579 677 4633; x_wconf 93' lang='grc' dir='ltr'><strong>ϐο.</strong></span> <span class='ocrx_word' id='word_1_363' title='bbox 728 4580 795 4648; x_wconf 85' lang='lat' dir='ltr'><strong>cj.</strong></span> <span class='ocrx_word' id='word_1_364' title='bbox 844 4584 892 4635; x_wconf 91' lang='lat' dir='ltr'><strong>iu</strong></span> <span class='ocrx_word' id='word_1_365' title='bbox 940 4592 1047 4637; x_wconf 89' lang='lat' dir='ltr'><strong>not.</strong></span> <span class='ocrx_word' id='word_1_366' title='bbox 1094 4579 1365 4647; x_wconf 67' lang='lat' dir='ltr'><strong>vocabitur,</strong></span> <span class='ocrx_word' id='word_1_367' title='bbox 1412 4582 1708 4648; x_wconf 72' lang='lat' dir='ltr'><strong>pr0bb.lle.</strong></span> <span class='ocrx_word' id='word_1_368' title='bbox 1736 4588 1790 4635; x_wconf 91' lang='lat' dir='ltr'><strong>et</strong></span> <span class='ocrx_word' id='word_1_369' title='bbox 1817 4580 1988 4647; x_wconf 84' lang='lat' dir='ltr'><strong>Span-</strong></span> 
     </span>
    </p>
   </div>
   <div class='ocr_carea' id='block_1_51' title="bbox 440 4649 1988 4720">
    <p class='ocr_par' dir='ltr' id='par_1_51' title="bbox 440 4649 1988 4720">
     <span class='ocr_line' id='line_1_54' title="bbox 440 4649 1988 4720; baseline -0.001 -15"><span class='ocrx_word' id='word_1_370' title='bbox 440 4649 630 4720; x_wconf 75' lang='lat' dir='ltr'><strong>genb.;</strong></span> <span class='ocrx_word' id='word_1_371' title='bbox 659 4650 786 4704; x_wconf 90' lang='grc' dir='ltr'><strong>ϐοά.</strong></span> <span class='ocrx_word' id='word_1_372' title='bbox 818 4651 950 4706; x_wconf 88' lang='lat' dir='ltr'><strong>Just.</strong></span> <span class='ocrx_word' id='word_1_373' title='bbox 980 4665 1200 4716; x_wconf 86' lang='lat' dir='ltr'><strong>vocatur,</strong></span> <span class='ocrx_word' id='word_1_374' title='bbox 1247 4652 1358 4706; x_wconf 86' lang='lat' dir='ltr'><strong>llal.</strong></span> <span class='ocrx_word' id='word_1_375' title='bbox 1393 4649 1509 4720; x_wconf 89' lang='lat' dir='ltr'><strong>Cuj.</strong></span> <span class='ocrx_word' id='word_1_376' title='bbox 1540 4659 1753 4703; x_wconf 83' lang='lat' dir='ltr'><strong>vocetur.</strong></span> <span class='ocrx_word' id='word_1_377' title='bbox 1787 4650 1889 4704; x_wconf 89' lang='lat' dir='ltr'><strong>Sed</strong></span> <span class='ocrx_word' id='word_1_378' title='bbox 1916 4650 1988 4704; x_wconf 80' lang='lat' dir='ltr'><strong>fa-</strong></span> 
     </span>
    </p>
   </div>
   <div class='ocr_carea' id='block_1_52' title="bbox 442 4719 1985 4790">
    <p class='ocr_par' dir='ltr' id='par_1_52' title="bbox 442 4719 1985 4790">
     <span class='ocr_line' id='line_1_55' title="bbox 442 4719 1985 4790; baseline -0.002 -15"><span class='ocrx_word' id='word_1_379' title='bbox 442 4719 683 4775; x_wconf 90' lang='lat' dir='ltr'><strong>ciendum</strong></span> <span class='ocrx_word' id='word_1_380' title='bbox 711 4736 827 4776; x_wconf 89' lang='lat' dir='ltr'><strong>esse</strong></span> <span class='ocrx_word' id='word_1_381' title='bbox 856 4723 991 4775; x_wconf 91' lang='lat' dir='ltr'><strong>duco</strong></span> <span class='ocrx_word' id='word_1_382' title='bbox 1011 4738 1128 4777; x_wconf 89' lang='lat' dir='ltr'><strong>cum</strong></span> <span class='ocrx_word' id='word_1_383' title='bbox 1156 4723 1278 4787; x_wconf 87' lang='lat' dir='ltr'><strong>Go.,</strong></span> <span class='ocrx_word' id='word_1_384' title='bbox 1308 4722 1393 4789; x_wconf 88' lang='lat' dir='ltr'><strong>qui</strong></span> <span class='ocrx_word' id='word_1_385' title='bbox 1418 4721 1469 4773; x_wconf 91' lang='lat' dir='ltr'><strong>in</strong></span> <span class='ocrx_word' id='word_1_386' title='bbox 1493 4728 1775 4773; x_wconf 88' lang='lat' dir='ltr'><strong>comment.</strong></span> <span class='ocrx_word' id='word_1_387' title='bbox 1803 4721 1985 4790; x_wconf 77' lang='lat' dir='ltr'><strong>vulga-</strong></span> 
     </span>
    </p>
   </div>
   <div class='ocr_carea' id='block_1_53' title="bbox 444 4789 1986 4861">
    <p class='ocr_par' dir='ltr' id='par_1_53' title="bbox 444 4789 1986 4861">
     <span class='ocr_line' id='line_1_56' title="bbox 444 4789 1986 4861; baseline -0.002 -16"><span class='ocrx_word' id='word_1_388' title='bbox 444 4798 549 4845; x_wconf 87' lang='lat' dir='ltr'><strong>tam</strong></span> <span class='ocrx_word' id='word_1_389' title='bbox 578 4792 887 4859; x_wconf 90' lang='lat' dir='ltr'><strong>scripturam</strong></span> <span class='ocrx_word' id='word_1_390' title='bbox 915 4794 985 4845; x_wconf 83' lang='lat' dir='ltr'><strong>ita</strong></span> <span class='ocrx_word' id='word_1_391' title='bbox 1010 4794 1379 4861; x_wconf 86' lang='lat' dir='ltr'><strong>interpretatur</strong></span> <span class='ocrx_word' id='word_1_392' title='bbox 1407 4806 1419 4842; x_wconf 91' lang='lat'><strong>:</strong></span> <span class='ocrx_word' id='word_1_393' title='bbox 1450 4807 1468 4839; x_wconf 85' lang='grc'><strong>‹</strong></span> <span class='ocrx_word' id='word_1_394' title='bbox 1510 4789 1571 4861; x_wconf 83' lang='lat' dir='ltr'><strong>Si</strong></span> <span class='ocrx_word' id='word_1_395' title='bbox 1592 4789 1986 4861; x_wconf 58' lang='lat' dir='ltr'><strong>propterrerunt</strong></span> 
     </span>
    </p>
   </div>
   <div class='ocr_carea' id='block_1_54' title="bbox 442 4858 1987 4931">
    <p class='ocr_par' dir='ltr' id='par_1_54' title="bbox 442 4858 1987 4931">
     <span class='ocr_line' id='line_1_57' title="bbox 442 4858 1987 4931; baseline -0.001 -19"><span class='ocrx_word' id='word_1_396' title='bbox 442 4862 697 4929; x_wconf 79' lang='lat' dir='ltr'><strong>angustias</strong></span> <span class='ocrx_word' id='word_1_397' title='bbox 722 4870 775 4916; x_wconf 90' lang='lat' dir='ltr'><strong>et</strong></span> <span class='ocrx_word' id='word_1_398' title='bbox 801 4863 1079 4931; x_wconf 87' lang='lat' dir='ltr'><strong>pensaudis</strong></span> <span class='ocrx_word' id='word_1_399' title='bbox 1115 4858 1416 4916; x_wconf 80' lang='lat' dir='ltr'><strong>muneribus</strong></span> <span class='ocrx_word' id='word_1_400' title='bbox 1441 4858 1890 4931; x_wconf 75' lang='lat' dir='ltr'><strong>patrimonialibus</strong></span> <span class='ocrx_word' id='word_1_401' title='bbox 1922 4859 1987 4911; x_wconf 87' lang='lat' dir='ltr'><strong>ad</strong></span> 
     </span>
    </p>
   </div>
   <div class='ocr_carea' id='block_1_55' title="bbox 444 4927 1989 4999">
    <p class='ocr_par' dir='ltr' id='par_1_55' title="bbox 444 4927 1989 4999">
     <span class='ocr_line' id='line_1_58' title="bbox 444 4927 1989 4999; baseline -0.002 -16"><span class='ocrx_word' id='word_1_402' title='bbox 444 4927 729 4997; x_wconf 77' lang='lat' dir='ltr'><strong>personalia</strong></span> <span class='ocrx_word' id='word_1_403' title='bbox 754 4927 989 4986; x_wconf 80' lang='lat' dir='ltr'><strong>hactenus</strong></span> <span class='ocrx_word' id='word_1_404' title='bbox 1009 4934 1273 4987; x_wconf 80' lang='lat' dir='ltr'><strong>vocabatur</strong></span> <span class='ocrx_word' id='word_1_405' title='bbox 1299 4927 1621 4999; x_wconf 67' lang='lat' dir='ltr'><strong>obsequia,&#39;id</strong></span> <span class='ocrx_word' id='word_1_406' title='bbox 1642 4935 1722 4982; x_wconf 83' lang='lat' dir='ltr'><strong>est</strong></span> <span class='ocrx_word' id='word_1_407' title='bbox 1743 4943 1989 4999; x_wconf 81' lang='lat' dir='ltr'><strong>persona-</strong></span> 
     </span>
    </p>
   </div>
   <div class='ocr_carea' id='block_1_56' title="bbox 443 4998 1988 5072">
    <p class='ocr_par' dir='ltr' id='par_1_56' title="bbox 443 4998 1988 5072">
     <span class='ocr_line' id='line_1_59' title="bbox 443 4998 1988 5072; baseline 0.001 -20"><span class='ocrx_word' id='word_1_408' title='bbox 443 4998 583 5072; x_wconf 88' lang='lat' dir='ltr'><strong>libus</strong></span> <span class='ocrx_word' id='word_1_409' title='bbox 610 5004 911 5057; x_wconf 83' lang='lat' dir='ltr'><strong>muneribus</strong></span> <span class='ocrx_word' id='word_1_410' title='bbox 942 5003 1205 5072; x_wconf 87' lang='lat' dir='ltr'><strong>subjectus</strong></span> <span class='ocrx_word' id='word_1_411' title='bbox 1245 5000 1359 5064; x_wconf 81' lang='lat' dir='ltr'><strong>fuit,</strong></span> <span class='ocrx_word' id='word_1_412' title='bbox 1388 4998 1659 5053; x_wconf 85' lang='lat' dir='ltr'><strong>vacatione</strong></span> <span class='ocrx_word' id='word_1_413' title='bbox 1683 4998 1988 5068; x_wconf 87' lang='lat' dir='ltr'><strong>plenissima</strong></span> 
     </span>
    </p>
   </div>
   <div class='ocr_carea' id='block_1_57' title="bbox 444 5070 1326 5144">
    <p class='ocr_par' dir='ltr' id='par_1_57' title="bbox 444 5070 1326 5144">
     <span class='ocr_line' id='line_1_60' title="bbox 444 5070 1326 5144; baseline 0 -20"><span class='ocrx_word' id='word_1_414' title='bbox 444 5076 499 5124; x_wconf 91' lang='lat' dir='ltr'><strong>et</strong></span> <span class='ocrx_word' id='word_1_415' title='bbox 526 5070 757 5144; x_wconf 60' lang='lat' dir='ltr'><strong>bepeﬁcjo</strong></span> <span class='ocrx_word' id='word_1_416' title='bbox 777 5073 1013 5144; x_wconf 73' lang='lat' dir='ltr'><strong>deinceps</strong></span> <span class='ocrx_word' id='word_1_417' title='bbox 1038 5070 1275 5144; x_wconf 84' lang='lat' dir='ltr'><strong>potiatur.</strong></span> <span class='ocrx_word' id='word_1_418' title='bbox 1308 5088 1326 5124; x_wconf 73' lang='grc' dir='ltr'><strong><em>ι</em></strong></span> 
     </span>
    </p>
   </div>
   <div class='ocr_carea' id='block_1_58' title="bbox 514 5139 1191 5198">
    <p class='ocr_par' dir='ltr' id='par_1_58' title="bbox 514 5139 1191 5198">
     <span class='ocr_line' id='line_1_61' title="bbox 514 5139 1191 5198; baseline 0.006 -5"><span class='ocrx_word' id='word_1_419' title='bbox 514 5146 539 5174; x_wconf 76' lang='grc' dir='ltr'><strong>ιι</strong></span> <span class='ocrx_word' id='word_1_420' title='bbox 568 5140 658 5194; x_wconf 89' lang='lat' dir='ltr'><strong>Be.</strong></span> <span class='ocrx_word' id='word_1_421' title='bbox 683 5139 810 5195; x_wconf 91' lang='lat' dir='ltr'><strong>Cod.</strong></span> <span class='ocrx_word' id='word_1_422' title='bbox 837 5142 970 5197; x_wconf 83' lang='lat' dir='ltr'><strong>Just.</strong></span> <span class='ocrx_word' id='word_1_423' title='bbox 998 5139 1191 5198; x_wconf 84' lang='lat' dir='ltr'><strong>Sirmii.</strong></span> 
     </span>
    </p>
   </div>
   <div class='ocr_carea' id='block_1_59' title="bbox 518 5207 1991 5278">
    <p class='ocr_par' dir='ltr' id='par_1_59' title="bbox 518 5207 1991 5278">
     <span class='ocr_line' id='line_1_62' title="bbox 518 5207 1991 5278; baseline -0.002 -15"><span class='ocrx_word' id='word_1_424' title='bbox 518 5216 541 5243; x_wconf 92' lang='lat'><strong>°</strong></span> <span class='ocrx_word' id='word_1_425' title='bbox 570 5210 659 5263; x_wconf 90' lang='lat' dir='ltr'><strong>Be.</strong></span> <span class='ocrx_word' id='word_1_426' title='bbox 694 5226 804 5278; x_wconf 89' lang='lat' dir='ltr'><strong>rep.</strong></span> <span class='ocrx_word' id='word_1_427' title='bbox 859 5215 971 5267; x_wconf 91' lang='lat' dir='ltr'><strong>vult</strong></span> <span class='ocrx_word' id='word_1_428' title='bbox 1006 5213 1090 5268; x_wconf 87' lang='grc' dir='ltr'><strong>ΙΙΙ.</strong></span> <span class='ocrx_word' id='word_1_429' title='bbox 1132 5214 1229 5267; x_wconf 91' lang='grc' dir='ltr'><strong>ϐο.</strong></span> <span class='ocrx_word' id='word_1_430' title='bbox 1273 5215 1323 5267; x_wconf 92' lang='lat' dir='ltr'><strong>in</strong></span> <span class='ocrx_word' id='word_1_431' title='bbox 1352 5212 1551 5267; x_wconf 86' lang='lat' dir='ltr'><strong>Chron.</strong></span> <span class='ocrx_word' id='word_1_432' title='bbox 1591 5208 1646 5262; x_wconf 91' lang='lat' dir='ltr'><strong>h.</strong></span> <span class='ocrx_word' id='word_1_433' title='bbox 1676 5223 1724 5262; x_wconf 93' lang='lat' dir='ltr'><strong>c.</strong></span> <span class='ocrx_word' id='word_1_434' title='bbox 1756 5207 1836 5261; x_wconf 91' lang='lat' dir='ltr'><strong>bis</strong></span> <span class='ocrx_word' id='word_1_435' title='bbox 1868 5223 1991 5277; x_wconf 88' lang='lat' dir='ltr'><strong>pro-</strong></span> 
     </span>
    </p>
   </div>
   <div class='ocr_carea' id='block_1_60' title="bbox 445 5278 1988 5348">
    <p class='ocr_par' dir='ltr' id='par_1_60' title="bbox 445 5278 1988 5348">
     <span class='ocr_line' id='line_1_63' title="bbox 445 5278 1988 5348; baseline -0.002 -16"><span class='ocrx_word' id='word_1_436' title='bbox 445 5278 566 5343; x_wconf 73' lang='lat' dir='ltr'><strong>fert,</strong></span> <span class='ocrx_word' id='word_1_437' title='bbox 596 5281 660 5334; x_wconf 89' lang='lat' dir='ltr'><strong>ad</strong></span> <span class='ocrx_word' id='word_1_438' title='bbox 700 5296 821 5335; x_wconf 88' lang='lat' dir='ltr'><strong>anu.</strong></span> <span class='ocrx_word' id='word_1_439' title='bbox 863 5284 959 5337; x_wconf 77' lang='grc'><strong>521</strong></span> <span class='ocrx_word' id='word_1_440' title='bbox 1007 5292 1061 5338; x_wconf 84' lang='lat' dir='ltr'><strong>et</strong></span> <span class='ocrx_word' id='word_1_441' title='bbox 1103 5284 1223 5339; x_wconf 69' lang='lat'><strong>324.</strong></span> <span class='ocrx_word' id='word_1_442' title='bbox 1253 5284 1309 5339; x_wconf 92' lang='lat' dir='ltr'><strong>Si</strong></span> <span class='ocrx_word' id='word_1_443' title='bbox 1336 5282 1460 5339; x_wconf 89' lang='lat' dir='ltr'><strong>illud</strong></span> <span class='ocrx_word' id='word_1_444' title='bbox 1486 5281 1758 5348; x_wconf 84' lang='lat' dir='ltr'><strong>accipitur,</strong></span> <span class='ocrx_word' id='word_1_445' title='bbox 1804 5293 1988 5348; x_wconf 74' lang='lat' dir='ltr'><strong>nume-</strong></span> 
     </span>
    </p>
   </div>
   <div class='ocr_carea' id='block_1_61' title="bbox 446 5345 1983 5422">
    <p class='ocr_par' dir='ltr' id='par_1_61' title="bbox 446 5345 1983 5422">
     <span class='ocr_line' id='line_1_64' title="bbox 446 5345 1983 5422; baseline 0.005 -21"><span class='ocrx_word' id='word_1_446' title='bbox 446 5363 541 5422; x_wconf 21' lang='lat' dir='ltr'><strong>rus»</strong></span> <span class='ocrx_word' id='word_1_447' title='bbox 563 5350 647 5404; x_wconf 85' lang='grc' dir='ltr'>ιιι.</span> <span class='ocrx_word' id='word_1_448' title='bbox 682 5353 958 5406; x_wconf 88' lang='lat' dir='ltr'><strong>mutandus</strong></span> <span class='ocrx_word' id='word_1_449' title='bbox 983 5363 1064 5408; x_wconf 88' lang='lat' dir='ltr'><strong>est</strong></span> <span class='ocrx_word' id='word_1_450' title='bbox 1108 5356 1161 5409; x_wconf 89' lang='lat' dir='ltr'><strong>in</strong></span> <span class='ocrx_word' id='word_1_451' title='bbox 1205 5355 1291 5417; x_wconf 77' lang='grc' dir='ltr'><strong>ΙΙ..</strong></span> <span class='ocrx_word' id='word_1_452' title='bbox 1334 5366 1502 5422; x_wconf 89' lang='lat' dir='ltr'><strong>neque</strong></span> <span class='ocrx_word' id='word_1_453' title='bbox 1545 5345 1670 5422; x_wconf 64' lang='lat' dir='ltr'><strong>vero</strong></span> <span class='ocrx_word' id='word_1_454' title='bbox 1707 5348 1767 5402; x_wconf 86' lang='grc' dir='ltr'><strong>ΙΙ.</strong></span> <span class='ocrx_word' id='word_1_455' title='bbox 1803 5348 1853 5422; x_wconf 60' lang='lat' dir='ltr'><strong>in</strong></span> <span class='ocrx_word' id='word_1_456' title='bbox 1899 5345 1983 5401; x_wconf 80' lang='grc' dir='ltr'><strong>ΙΙῙο</strong></span> 
     </span>
    </p>
   </div>
   <div class='ocr_carea' id='block_1_62' title="bbox 446 5417 1916 5495">
    <p class='ocr_par' dir='ltr' id='par_1_62' title="bbox 446 5417 1916 5495">
     <span class='ocr_line' id='line_1_65' title="bbox 446 5417 1916 5495; baseline -0.001 -23"><span class='ocrx_word' id='word_1_457' title='bbox 446 5418 751 5495; x_wconf 73' lang='lat' dir='ltr'><strong>Vid._c_tiam</strong></span> <span class='ocrx_word' id='word_1_458' title='bbox 783 5421 1001 5476; x_wconf 72' lang='lat' dir='ltr'><strong>lieland.</strong></span> <span class='ocrx_word' id='word_1_459' title='bbox 1026 5425 1062 5477; x_wconf 91' lang='lat' dir='ltr'><strong>l.</strong></span> <span class='ocrx_word' id='word_1_460' title='bbox 1088 5441 1137 5479; x_wconf 91' lang='lat' dir='ltr'><strong>c.</strong></span> <span class='ocrx_word' id='word_1_461' title='bbox 1164 5441 1283 5495; x_wconf 78' lang='lat' dir='ltr'><strong>pag.</strong></span> <span class='ocrx_word' id='word_1_462' title='bbox 1313 5417 1433 5481; x_wconf 59' lang='grc'><strong>517.</strong></span> <span class='ocrx_word' id='word_1_463' title='bbox 1464 5423 1547 5475; x_wconf 82' lang='lat' dir='ltr'><strong>Ri.</strong></span> <span class='ocrx_word' id='word_1_464' title='bbox 1573 5417 1916 5475; x_wconf 88' lang='lat' dir='ltr'><strong>Constantina.</strong></span> 
     </span>
    </p>
   </div>
   <div class='ocr_carea' id='block_1_63' title="bbox 514 5490 1073 5557">
    <p class='ocr_par' dir='ltr' id='par_1_63' title="bbox 514 5490 1073 5557">
     <span class='ocr_line' id='line_1_66' title="bbox 514 5490 1073 5557; baseline 0.009 -16"><span class='ocrx_word' id='word_1_465' title='bbox 514 5499 541 5537; x_wconf 73' lang='grc' dir='ltr'><strong>Ρ</strong></span> <span class='ocrx_word' id='word_1_466' title='bbox 573 5490 689 5545; x_wconf 80' lang='lat' dir='ltr'><strong>Vid.</strong></span> <span class='ocrx_word' id='word_1_467' title='bbox 715 5505 867 5557; x_wconf 86' lang='lat' dir='ltr'><strong>supra</strong></span> <span class='ocrx_word' id='word_1_468' title='bbox 892 5502 999 5546; x_wconf 90' lang='lat' dir='ltr'><strong>not.</strong></span> <span class='ocrx_word' id='word_1_469' title='bbox 1028 5510 1073 5546; x_wconf 88' lang='lat' dir='ltr'><strong>c.</strong></span> 
     </span>
    </p>
   </div>
   <div class='ocr_carea' id='block_1_64' title="bbox 522 5559 1990 5634">
    <p class='ocr_par' dir='ltr' id='par_1_64' title="bbox 522 5559 1990 5634">
     <span class='ocr_line' id='line_1_67' title="bbox 522 5559 1990 5634; baseline -0.003 -15"><span class='ocrx_word' id='word_1_470' title='bbox 522 5572 548 5611; x_wconf 75' lang='grc' dir='ltr'><strong>ιι</strong></span> <span class='ocrx_word' id='word_1_471' title='bbox 572 5566 627 5631; x_wconf 71' lang='grc'><strong>4,</strong></span> <span class='ocrx_word' id='word_1_472' title='bbox 652 5566 770 5619; x_wconf 89' lang='lat' dir='ltr'><strong>edd.</strong></span> <span class='ocrx_word' id='word_1_473' title='bbox 804 5565 1060 5634; x_wconf 76' lang='lat' dir='ltr'><strong>Helpidia.</strong></span> <span class='ocrx_word' id='word_1_474' title='bbox 1080 5567 1199 5622; x_wconf 68' lang='lat' dir='ltr'><strong>vsa.</strong></span> <span class='ocrx_word' id='word_1_475' title='bbox 1228 5566 1286 5620; x_wconf 78' lang='grc' dir='ltr'><strong>ο.</strong></span> <span class='ocrx_word' id='word_1_476' title='bbox 1306 5566 1405 5620; x_wconf 87' lang='lat' dir='ltr'><strong>Th.</strong></span> <span class='ocrx_word' id='word_1_477' title='bbox 1434 5564 1499 5627; x_wconf 78' lang='grc' dir='ltr'><strong>ιι,</strong></span> <span class='ocrx_word' id='word_1_478' title='bbox 1523 5563 1576 5626; x_wconf 84' lang='grc'><strong>8,</strong></span> <span class='ocrx_word' id='word_1_479' title='bbox 1606 5565 1658 5627; x_wconf 83' lang='lat' dir='ltr'><strong>l,</strong></span> <span class='ocrx_word' id='word_1_480' title='bbox 1682 5567 1789 5634; x_wconf 81' lang='lat' dir='ltr'><strong>not.</strong></span> <span class='ocrx_word' id='word_1_481' title='bbox 1820 5577 1871 5631; x_wconf 84' lang='lat' dir='ltr'><strong>y.</strong></span> <span class='ocrx_word' id='word_1_482' title='bbox 1905 5559 1990 5614; x_wconf 86' lang='lat' dir='ltr'><strong>Vi-</strong></span> 
     </span>
    </p>
   </div>
   <div class='ocr_carea' id='block_1_65' title="bbox 452 5630 1991 5698">
    <p class='ocr_par' dir='ltr' id='par_1_65' title="bbox 452 5630 1991 5698">
     <span class='ocr_line' id='line_1_68' title="bbox 452 5630 1991 5698; baseline -0.001 -9"><span class='ocrx_word' id='word_1_483' title='bbox 452 5630 642 5689; x_wconf 85' lang='lat' dir='ltr'><strong>cariurn</strong></span> <span class='ocrx_word' id='word_1_484' title='bbox 671 5637 790 5689; x_wconf 87' lang='lat' dir='ltr'><strong>addi</strong></span> <span class='ocrx_word' id='word_1_485' title='bbox 817 5630 944 5691; x_wconf 79' lang='lat' dir='ltr'><strong>vult.</strong></span> <span class='ocrx_word' id='word_1_486' title='bbox 991 5636 1081 5691; x_wconf 87' lang='lat' dir='ltr'><strong>Be.</strong></span> <span class='ocrx_word' id='word_1_487' title='bbox 1110 5647 1247 5692; x_wconf 86' lang='lat' dir='ltr'><strong>auct.</strong></span> <span class='ocrx_word' id='word_1_488' title='bbox 1281 5636 1377 5691; x_wconf 90' lang='grc' dir='ltr'><strong>ϐο.</strong></span> <span class='ocrx_word' id='word_1_489' title='bbox 1409 5634 1518 5690; x_wconf 88' lang='lat' dir='ltr'><strong>Nec</strong></span> <span class='ocrx_word' id='word_1_490' title='bbox 1562 5634 1613 5688; x_wconf 88' lang='lat' dir='ltr'><strong>in</strong></span> <span class='ocrx_word' id='word_1_491' title='bbox 1654 5630 1771 5688; x_wconf 87' lang='lat' dir='ltr'><strong>cod.</strong></span> <span class='ocrx_word' id='word_1_492' title='bbox 1803 5630 1857 5698; x_wconf 73' lang='grc'><strong>4,</strong></span> <span class='ocrx_word' id='word_1_493' title='bbox 1894 5644 1991 5688; x_wconf 89' lang='lat' dir='ltr'><strong>nec</strong></span> 
     </span>
    </p>
   </div>
   <div class='ocr_carea' id='block_1_66' title="bbox 450 5705 1479 5765">
    <p class='ocr_par' dir='ltr' id='par_1_66' title="bbox 450 5705 1479 5765">
     <span class='ocr_line' id='line_1_69' title="bbox 450 5705 1479 5765; baseline 0 -7"><span class='ocrx_word' id='word_1_494' title='bbox 450 5706 502 5760; x_wconf 89' lang='lat' dir='ltr'><strong>in</strong></span> <span class='ocrx_word' id='word_1_495' title='bbox 532 5705 651 5763; x_wconf 89' lang='lat' dir='ltr'><strong>edd.</strong></span> <span class='ocrx_word' id='word_1_496' title='bbox 680 5705 868 5764; x_wconf 87' lang='lat' dir='ltr'><strong>lacuna</strong></span> <span class='ocrx_word' id='word_1_497' title='bbox 894 5706 1001 5765; x_wconf 91' lang='lat' dir='ltr'><strong>ullo</strong></span> <span class='ocrx_word' id='word_1_498' title='bbox 1032 5708 1188 5765; x_wconf 87' lang='lat' dir='ltr'><strong>modo</strong></span> <span class='ocrx_word' id='word_1_499' title='bbox 1207 5705 1479 5764; x_wconf 83' lang='lat' dir='ltr'><strong>indicatur.</strong></span> 
     </span>
    </p>
   </div>
   <div class='ocr_carea' id='block_1_67' title="bbox 1706 287 2401 349">
    <p class='ocr_par' dir='ltr' id='par_1_67' title="bbox 1706 287 2401 349">
     <span class='ocr_line' id='line_1_70' title="bbox 1706 287 2401 349; baseline 0.009 -7"><span class='ocrx_word' id='word_1_500' title='bbox 1706 287 2060 344; x_wconf 73' lang='lat' dir='ltr'><strong>CONSTANT</strong></span> <span class='ocrx_word' id='word_1_501' title='bbox 2063 289 2150 345; x_wconf 81' lang='lat' dir='ltr'><strong>1N]</strong></span> <span class='ocrx_word' id='word_1_502' title='bbox 2191 292 2401 349; x_wconf 72' lang='lat' dir='ltr'><strong>MAGNI</strong></span> 
     </span>
    </p>
   </div>
   <div class='ocr_carea' id='block_1_68' title="bbox 3553 313 3658 372">
    <p class='ocr_par' dir='ltr' id='par_1_68' title="bbox 3553 313 3658 372">
     <span class='ocr_line' id='line_1_71' title="bbox 3553 313 3658 372; baseline 0.048 -5"><span class='ocrx_word' id='word_1_503' title='bbox 3553 313 3658 372; x_wconf 64' lang='grc'><strong>284</strong></span> 
     </span>
    </p>
   </div>
   <div class='ocr_carea' id='block_1_69' title="bbox 2024 402 3659 478">
    <p class='ocr_par' dir='ltr' id='par_1_69' title="bbox 2024 402 3659 478">
     <span class='ocr_line' id='line_1_72' title="bbox 2024 402 3659 478; baseline 0.013 -23"><span class='ocrx_word' id='word_1_504' title='bbox 2024 404 2076 464; x_wconf 77' lang='grc' dir='ltr'><strong>Α</strong></span> <span class='ocrx_word' id='word_1_505' title='bbox 2100 402 2248 456; x_wconf 88' lang='lat' dir='ltr'><strong>navis</strong></span> <span class='ocrx_word' id='word_1_506' title='bbox 2274 413 2299 440; x_wconf 80' lang='grc' dir='ltr'>α</span> <span class='ocrx_word' id='word_1_507' title='bbox 2331 405 2624 472; x_wconf 83' lang='lat' dir='ltr'><strong>intraverit,</strong></span> <span class='ocrx_word' id='word_1_508' title='bbox 2667 423 2783 478; x_wconf 78' lang='lat' dir='ltr'><strong>qua:</strong></span> <span class='ocrx_word' id='word_1_509' title='bbox 2826 424 2961 464; x_wconf 81' lang='lat' dir='ltr'><strong>unus</strong></span> <span class='ocrx_word' id='word_1_510' title='bbox 3002 410 3273 469; x_wconf 80' lang='lat' dir='ltr'><strong>dumtaxat</strong></span> <span class='ocrx_word' id='word_1_511' title='bbox 3314 416 3494 474; x_wconf 82' lang='lat' dir='ltr'><strong>ﬁscale</strong></span> <span class='ocrx_word' id='word_1_512' title='bbox 3533 424 3659 476; x_wconf 88' lang='lat' dir='ltr'><strong>sub-</strong></span> 
     </span>
    </p>
   </div>
   <div class='ocr_carea' id='block_1_70' title="bbox 2100 496 3657 578">
    <p class='ocr_par' dir='ltr' id='par_1_70' title="bbox 2100 496 3657 578">
     <span class='ocr_line' id='line_1_73' title="bbox 2100 496 3657 578; baseline 0.011 -30"><span class='ocrx_word' id='word_1_513' title='bbox 2100 496 2335 563; x_wconf 88' lang='lat' dir='ltr'><strong>vexcrit,</strong></span> <span class='ocrx_word' id='word_1_514' title='bbox 2384 499 2622 553; x_wconf 88' lang='lat' dir='ltr'><strong>eamdem</strong></span> <span class='ocrx_word' id='word_1_515' title='bbox 2668 501 2785 559; x_wconf 89' lang='lat' dir='ltr'><strong>sine</strong></span> <span class='ocrx_word' id='word_1_516' title='bbox 2838 503 3255 572; x_wconf 86' lang='lat' dir='ltr'><strong>interpellatione</strong></span> <span class='ocrx_word' id='word_1_517' title='bbox 3279 508 3591 578; x_wconf 86' lang='lat' dir='ltr'><strong>cujusquam</strong></span> <span class='ocrx_word' id='word_1_518' title='bbox 3630 514 3657 554; x_wconf 72' lang='grc' dir='ltr'>δ</span> 
     </span>
    </p>
   </div>
   <div class='ocr_carea' id='block_1_71' title="bbox 2099 586 3659 660">
    <p class='ocr_par' dir='ltr' id='par_1_71' title="bbox 2099 586 3659 660">
     <span class='ocr_line' id='line_1_74' title="bbox 2099 586 3659 660; baseline 0.013 -20"><span class='ocrx_word' id='word_1_519' title='bbox 2099 586 2245 642; x_wconf 87' lang='lat' dir='ltr'><strong>abire</strong></span> <span class='ocrx_word' id='word_1_520' title='bbox 2276 589 2627 658; x_wconf 75' lang='lat' dir='ltr'><strong>prmcipitnus,</strong></span> <span class='ocrx_word' id='word_1_521' title='bbox 2660 606 2759 647; x_wconf 89' lang='lat' dir='ltr'><strong>nec</strong></span> <span class='ocrx_word' id='word_1_522' title='bbox 2798 592 2886 648; x_wconf 89' lang='lat' dir='ltr'><strong>ulli</strong></span> <span class='ocrx_word' id='word_1_523' title='bbox 2925 598 3342 654; x_wconf 83' lang='lat' dir='ltr'><strong>extraordinario</strong></span> <span class='ocrx_word' id='word_1_524' title='bbox 3371 603 3521 659; x_wconf 86' lang='lat' dir='ltr'><strong>oneri</strong></span> <span class='ocrx_word' id='word_1_525' title='bbox 3562 605 3659 660; x_wconf 61' lang='lat' dir='ltr'><strong>de-</strong></span> 
     </span>
    </p>
   </div>
   <div class='ocr_carea' id='block_1_72' title="bbox 2099 681 3660 762">
    <p class='ocr_par' dir='ltr' id='par_1_72' title="bbox 2099 681 3660 762">
     <span class='ocr_line' id='line_1_75' title="bbox 2099 681 3660 762; baseline 0.008 -28"><span class='ocrx_word' id='word_1_526' title='bbox 2099 682 2318 746; x_wconf 87' lang='lat' dir='ltr'><strong>servire,</strong></span> <span class='ocrx_word' id='word_1_527' title='bbox 2344 691 2399 736; x_wconf 92' lang='lat' dir='ltr'><strong>ut</strong></span> <span class='ocrx_word' id='word_1_528' title='bbox 2424 681 2631 738; x_wconf 76' lang='lat' dir='ltr'><strong>facilius</strong></span> <span class='ocrx_word' id='word_1_529' title='bbox 2659 685 2888 753; x_wconf 88' lang='lat' dir='ltr'><strong>injuncta</strong></span> <span class='ocrx_word' id='word_1_530' title='bbox 2918 686 3016 741; x_wconf 92' lang='lat' dir='ltr'><strong>sibi</strong></span> <span class='ocrx_word' id='word_1_531' title='bbox 3054 691 3219 759; x_wconf 83' lang='lat' dir='ltr'><strong>possit</strong></span> <span class='ocrx_word' id='word_1_532' title='bbox 3251 692 3472 762; x_wconf 88' lang='lat' dir='ltr'><strong>implere</strong></span> <span class='ocrx_word' id='word_1_533' title='bbox 3502 692 3660 748; x_wconf 81' lang='lat' dir='ltr'><strong>obsc-</strong></span> 
     </span>
    </p>
   </div>
   <div class='ocr_carea' id='block_1_73' title="bbox 2098 774 3658 855">
    <p class='ocr_par' dir='ltr' id='par_1_73' title="bbox 2098 774 3658 855">
     <span class='ocr_line' id='line_1_76' title="bbox 2098 774 3658 855; baseline 0.01 -29"><span class='ocrx_word' id='word_1_534' title='bbox 2098 774 2236 843; x_wconf 83' lang='lat' dir='ltr'><strong>quia.</strong></span> <span class='ocrx_word' id='word_1_535' title='bbox 2273 774 2391 828; x_wconf 88' lang='lat' dir='ltr'><strong>Dat.</strong></span> <span class='ocrx_word' id='word_1_536' title='bbox 2430 775 2559 830; x_wconf 78' lang='lat' dir='ltr'><strong>Vill.</strong></span> <span class='ocrx_word' id='word_1_537' title='bbox 2604 776 2690 831; x_wconf 85' lang='lat' dir='ltr'><strong>Id.</strong></span> <span class='ocrx_word' id='word_1_538' title='bbox 2720 776 2875 832; x_wconf 80' lang='lat' dir='ltr'><strong>Mart.</strong></span> <span class='ocrx_word' id='word_1_539' title='bbox 2912 778 3303 851; x_wconf 78' lang='lat' dir='ltr'><strong>Thessalanictc,</strong></span> <span class='ocrx_word' id='word_1_540' title='bbox 3349 781 3530 855; x_wconf 85' lang='lat' dir='ltr'><strong>Crispo</strong></span> <span class='ocrx_word' id='word_1_541' title='bbox 3591 784 3658 841; x_wconf 87' lang='lat' dir='ltr'><strong>lll</strong></span> 
     </span>
    </p>
   </div>
   <div class='ocr_carea' id='block_1_74' title="bbox 2097 864 3070 943">
    <p class='ocr_par' dir='ltr' id='par_1_74' title="bbox 2097 864 3070 943">
     <span class='ocr_line' id='line_1_77' title="bbox 2097 864 3070 943; baseline 0.003 -21"><span class='ocrx_word' id='word_1_542' title='bbox 2097 876 2142 922; x_wconf 84' lang='lat' dir='ltr'><strong>et</strong></span> <span class='ocrx_word' id='word_1_543' title='bbox 2169 864 2495 922; x_wconf 87' lang='lat' dir='ltr'><strong>Constantino</strong></span> <span class='ocrx_word' id='word_1_544' title='bbox 2524 867 2617 922; x_wconf 87' lang='lat' dir='ltr'><strong>III</strong></span> <span class='ocrx_word' id='word_1_545' title='bbox 2650 881 2696 924; x_wconf 75' lang='grc' dir='ltr'><strong>ε.</strong></span> <span class='ocrx_word' id='word_1_546' title='bbox 2728 869 2866 925; x_wconf 87' lang='lat' dir='ltr'><strong>Cass.</strong></span> <span class='ocrx_word' id='word_1_547' title='bbox 2902 869 3070 943; x_wconf 68' lang='grc'><strong>(324).</strong></span> 
     </span>
    </p>
   </div>
   <div class='ocr_carea' id='block_1_75' title="bbox 2269 973 3467 1024">
    <p class='ocr_par' dir='ltr' id='par_1_75' title="bbox 2269 973 3467 1024">
     <span class='ocr_line' id='line_1_78' title="bbox 2269 973 3467 1024; baseline 0.011 -13"><span class='ocrx_word' id='word_1_548' title='bbox 2269 973 2333 1012; x_wconf 78' lang='lat' dir='ltr'><strong><em>DE</em></strong></span> <span class='ocrx_word' id='word_1_549' title='bbox 2366 974 2730 1015; x_wconf 72' lang='lat' dir='ltr'><strong>EXORDINAIUIS</strong></span> <span class='ocrx_word' id='word_1_550' title='bbox 2758 976 2876 1016; x_wconf 74' lang='lat' dir='ltr'><strong>SIVE</strong></span> <span class='ocrx_word' id='word_1_551' title='bbox 2899 976 3127 1018; x_wconf 74' lang='grc' dir='ltr'><strong>εοιωιοιε</strong></span> <span class='ocrx_word' id='word_1_552' title='bbox 3155 980 3467 1024; x_wconf 67' lang='grc' dir='ltr'><strong>ιοαεωιςυε.</strong></span> 
     </span>
    </p>
   </div>
   <div class='ocr_carea' id='block_1_76' title="bbox 2166 1046 3659 1118">
    <p class='ocr_par' dir='ltr' id='par_1_76' title="bbox 2166 1046 3659 1118">
     <span class='ocr_line' id='line_1_79' title="bbox 2166 1046 3659 1118; baseline 0.009 -16"><span class='ocrx_word' id='word_1_553' title='bbox 2166 1046 2301 1118; x_wconf 86' lang='lat' dir='ltr'><strong>Imp.</strong></span> <span class='ocrx_word' id='word_1_554' title='bbox 2322 1048 2672 1105; x_wconf 87' lang='lat' dir='ltr'><strong>Constantinus</strong></span> <span class='ocrx_word' id='word_1_555' title='bbox 2683 1052 2747 1106; x_wconf 86' lang='lat' dir='ltr'><strong>A.</strong></span> <span class='ocrx_word' id='word_1_556' title='bbox 2763 1054 2829 1105; x_wconf 86' lang='lat' dir='ltr'><strong>ad</strong></span> <span class='ocrx_word' id='word_1_557' title='bbox 2848 1054 3064 1108; x_wconf 83' lang='lat' dir='ltr'><strong>edictum</strong></span> <span class='ocrx_word' id='word_1_558' title='bbox 3091 1052 3591 1113; x_wconf 77' lang='lat' dir='ltr'><strong>Cltalcedaniensium</strong></span> <span class='ocrx_word' id='word_1_559' title='bbox 3610 1070 3659 1115; x_wconf 84' lang='lat' dir='ltr'><strong>et</strong></span> 
     </span>
    </p>
   </div>
   <div class='ocr_carea' id='block_1_77' title="bbox 2096 1138 3655 1218">
    <p class='ocr_par' dir='ltr' id='par_1_77' title="bbox 2096 1138 3655 1218">
     <span class='ocr_line' id='line_1_80' title="bbox 2096 1138 3655 1218; baseline 0.005 -22"><span class='ocrx_word' id='word_1_560' title='bbox 2096 1138 2600 1197; x_wconf 66' lang='lat' dir='ltr'><strong>Hacedaniensiumd.</strong></span> <span class='ocrx_word' id='word_1_561' title='bbox 2625 1142 3062 1213; x_wconf 79' lang='lat' dir='ltr'><strong>Quotiescumque</strong></span> <span class='ocrx_word' id='word_1_562' title='bbox 3084 1146 3308 1216; x_wconf 88' lang='lat' dir='ltr'><strong>aliquam</strong></span> <span class='ocrx_word' id='word_1_563' title='bbox 3341 1148 3655 1218; x_wconf 78' lang='lat' dir='ltr'><strong>adseriptio-</strong></span> 
     </span>
    </p>
   </div>
   <div class='ocr_carea' id='block_1_78' title="bbox 2095 1232 3658 1309">
    <p class='ocr_par' dir='ltr' id='par_1_78' title="bbox 2095 1232 3658 1309">
     <span class='ocr_line' id='line_1_81' title="bbox 2095 1232 3658 1309; baseline 0.004 -20"><span class='ocrx_word' id='word_1_564' title='bbox 2095 1248 2215 1289; x_wconf 85' lang='lat' dir='ltr'><strong>nam</strong></span> <span class='ocrx_word' id='word_1_565' title='bbox 2238 1232 2348 1288; x_wconf 85' lang='lat' dir='ltr'><strong>ileri</strong></span> <span class='ocrx_word' id='word_1_566' title='bbox 2367 1249 2583 1289; x_wconf 88' lang='lat' dir='ltr'><strong>necesse</strong></span> <span class='ocrx_word' id='word_1_567' title='bbox 2607 1244 2708 1302; x_wconf 87' lang='lat' dir='ltr'><strong>est,</strong></span> <span class='ocrx_word' id='word_1_568' title='bbox 2724 1246 2984 1290; x_wconf 90' lang='lat' dir='ltr'><strong>rectorum</strong></span> <span class='ocrx_word' id='word_1_569' title='bbox 3012 1237 3245 1292; x_wconf 86' lang='lat' dir='ltr'><strong>consiliis</strong></span> <span class='ocrx_word' id='word_1_570' title='bbox 3266 1248 3320 1293; x_wconf 90' lang='lat' dir='ltr'><strong>et</strong></span> <span class='ocrx_word' id='word_1_571' title='bbox 3346 1239 3658 1309; x_wconf 77' lang='lat' dir='ltr'><strong>dispositio-</strong></span> 
     </span>
    </p>
   </div>
   <div class='ocr_carea' id='block_1_79' title="bbox 2093 1323 3658 1395">
    <p class='ocr_par' dir='ltr' id='par_1_79' title="bbox 2093 1323 3658 1395">
     <span class='ocr_line' id='line_1_82' title="bbox 2093 1323 3658 1395; baseline 0.005 -16"><span class='ocrx_word' id='word_1_572' title='bbox 2093 1340 2161 1379; x_wconf 89' lang='lat' dir='ltr'><strong>ne</strong></span> <span class='ocrx_word' id='word_1_573' title='bbox 2184 1332 2205 1362; x_wconf 82' lang='lat'><strong><em>°</em></strong></span> <span class='ocrx_word' id='word_1_574' title='bbox 2230 1323 2640 1393; x_wconf 79' lang='lat' dir='ltr'><strong>uniuscujusque</strong></span> <span class='ocrx_word' id='word_1_575' title='bbox 2659 1324 2883 1380; x_wconf 88' lang='lat' dir='ltr'><strong>civitatis</strong></span> <span class='ocrx_word' id='word_1_576' title='bbox 2912 1326 3002 1380; x_wconf 83' lang='lat' dir='ltr'><strong>tiat</strong></span> <span class='ocrx_word' id='word_1_577' title='bbox 3024 1326 3330 1395; x_wconf 88' lang='lat' dir='ltr'><strong>adscriptio,</strong></span> <span class='ocrx_word' id='word_1_578' title='bbox 3351 1343 3417 1383; x_wconf 88' lang='lat' dir='ltr'><strong>ne</strong></span> <span class='ocrx_word' id='word_1_579' title='bbox 3448 1327 3658 1387; x_wconf 85' lang='lat' dir='ltr'><strong>libidini</strong></span> 
     </span>
    </p>
   </div>
   <div class='ocr_carea' id='block_1_80' title="bbox 2093 1415 3659 1490">
    <p class='ocr_par' dir='ltr' id='par_1_80' title="bbox 2093 1415 3659 1490">
     <span class='ocr_line' id='line_1_83' title="bbox 2093 1415 3659 1490; baseline 0 -16"><span class='ocrx_word' id='word_1_580' title='bbox 2093 1425 2147 1475; x_wconf 84' lang='lat' dir='ltr'><strong>et</strong></span> <span class='ocrx_word' id='word_1_581' title='bbox 2166 1415 2443 1471; x_wconf 89' lang='lat' dir='ltr'><strong>commodo</strong></span> <span class='ocrx_word' id='word_1_582' title='bbox 2467 1415 2724 1485; x_wconf 86' lang='lat' dir='ltr'><strong>potiorum</strong></span> <span class='ocrx_word' id='word_1_583' title='bbox 2748 1416 3027 1471; x_wconf 87' lang='lat' dir='ltr'><strong>multitudo</strong></span> <span class='ocrx_word' id='word_1_584' title='bbox 3048 1416 3386 1474; x_wconf 89' lang='lat' dir='ltr'><strong>mediocrium</strong></span> <span class='ocrx_word' id='word_1_585' title='bbox 3416 1418 3659 1490; x_wconf 79' lang='lat' dir='ltr'><strong>subjecta</strong></span> 
     </span>
    </p>
   </div>
   <div class='ocr_carea' id='block_1_81' title="bbox 2092 1505 3649 1577">
    <p class='ocr_par' dir='ltr' id='par_1_81' title="bbox 2092 1505 3649 1577">
     <span class='ocr_line' id='line_1_84' title="bbox 2092 1505 3649 1577; baseline 0.001 -17"><span class='ocrx_word' id='word_1_586' title='bbox 2092 1505 2337 1577; x_wconf 75' lang='lat' dir='ltr'><strong>gravibus</strong></span> <span class='ocrx_word' id='word_1_587' title='bbox 2362 1515 2416 1559; x_wconf 89' lang='lat' dir='ltr'><strong>et</strong></span> <span class='ocrx_word' id='word_1_588' title='bbox 2442 1506 2782 1575; x_wconf 90' lang='lat' dir='ltr'><strong>iniquissimis</strong></span> <span class='ocrx_word' id='word_1_589' title='bbox 2810 1506 3068 1561; x_wconf 80' lang='lat' dir='ltr'><strong>alliciatur</strong></span> <span class='ocrx_word' id='word_1_590' title='bbox 3104 1506 3328 1574; x_wconf 89' lang='lat' dir='ltr'><strong>injuriis.</strong></span> <span class='ocrx_word' id='word_1_591' title='bbox 3359 1508 3477 1563; x_wconf 78' lang='lat' dir='ltr'><strong>Aac.</strong></span> <span class='ocrx_word' id='word_1_592' title='bbox 3515 1508 3649 1563; x_wconf 72' lang='lat' dir='ltr'><strong>Vill.</strong></span> 
     </span>
    </p>
   </div>
   <div class='ocr_carea' id='block_1_82' title="bbox 2093 1593 3654 1666">
    <p class='ocr_par' dir='ltr' id='par_1_82' title="bbox 2093 1593 3654 1666">
     <span class='ocr_line' id='line_1_85' title="bbox 2093 1593 3654 1666; baseline 0.003 -16"><span class='ocrx_word' id='word_1_593' title='bbox 2093 1595 2218 1651; x_wconf 85' lang='lat' dir='ltr'><strong>Kal.</strong></span> <span class='ocrx_word' id='word_1_594' title='bbox 2252 1594 2375 1650; x_wconf 80' lang='lat' dir='ltr'><strong>Maii</strong></span> <span class='ocrx_word' id='word_1_595' title='bbox 2404 1594 2582 1666; x_wconf 88' lang='lat' dir='ltr'><strong>Crispo</strong></span> <span class='ocrx_word' id='word_1_596' title='bbox 2622 1596 2705 1653; x_wconf 83' lang='grc' dir='ltr'>ιιι.</span> <span class='ocrx_word' id='word_1_597' title='bbox 2738 1605 2781 1651; x_wconf 84' lang='lat' dir='ltr'><strong>et</strong></span> <span class='ocrx_word' id='word_1_598' title='bbox 2823 1593 3148 1652; x_wconf 86' lang='lat' dir='ltr'><strong>Constantino</strong></span> <span class='ocrx_word' id='word_1_599' title='bbox 3190 1597 3275 1655; x_wconf 87' lang='lat' dir='ltr'><strong>IlI.</strong></span> <span class='ocrx_word' id='word_1_600' title='bbox 3309 1596 3329 1637; x_wconf 74' lang='grc' dir='ltr'><strong>ί</strong></span> <span class='ocrx_word' id='word_1_601' title='bbox 3362 1598 3471 1655; x_wconf 77' lang='lat' dir='ltr'><strong>AA.</strong></span> <span class='ocrx_word' id='word_1_602' title='bbox 3507 1596 3654 1655; x_wconf 91' lang='lat' dir='ltr'><strong>Cass.</strong></span> 
     </span>
    </p>
   </div>
   <div class='ocr_carea' id='block_1_83' title="bbox 2093 1686 2313 1758">
    <p class='ocr_par' dir='ltr' id='par_1_83' title="bbox 2093 1686 2313 1758">
     <span class='ocr_line' id='line_1_86' title="bbox 2093 1686 2313 1758; baseline 0 -16"><span class='ocrx_word' id='word_1_603' title='bbox 2093 1686 2245 1757; x_wconf 68' lang='lat' dir='ltr'><strong>(sas</strong></span> <span class='ocrx_word' id='word_1_604' title='bbox 2272 1687 2313 1758; x_wconf 83' lang='grc'><strong>).</strong></span> 
     </span>
    </p>
   </div>
   <div class='ocr_carea' id='block_1_84' title="bbox 1582 1753 3656 1846">
    <p class='ocr_par' dir='ltr' id='par_1_84' title="bbox 1582 1753 3656 1846">
     <span class='ocr_line' id='line_1_87' title="bbox 1582 1753 3656 1846; baseline 0.005 -17"><span class='ocrx_word' id='word_1_605' title='bbox 1582 1767 1701 1807; x_wconf 65' lang='lat' dir='ltr'><strong>cum</strong></span> <span class='ocrx_word' id='word_1_606' title='bbox 1729 1753 1829 1809; x_wconf 70' lang='lat'><strong>&quot;0°</strong></span> <span class='ocrx_word' id='word_1_607' title='bbox 1875 1770 1994 1824; x_wconf 61' lang='lat' dir='ltr'><strong>Pro’</strong></span> <span class='ocrx_word' id='word_1_608' title='bbox 2026 1776 2071 1837; x_wconf 89' lang='lat' dir='ltr'><strong>B</strong></span> <span class='ocrx_word' id='word_1_609' title='bbox 2095 1792 2164 1836; x_wconf 81' lang='lat' dir='ltr'><strong>DE</strong></span> <span class='ocrx_word' id='word_1_610' title='bbox 2187 1793 2513 1835; x_wconf 68' lang='lat' dir='ltr'><strong>lNFlRIANDlS</strong></span> <span class='ocrx_word' id='word_1_611' title='bbox 2536 1795 2617 1836; x_wconf 80' lang='lat' dir='ltr'><strong>uis</strong></span> <span class='ocrx_word' id='word_1_612' title='bbox 2636 1795 2752 1846; x_wconf 69' lang='lat' dir='ltr'><strong>qua:</strong></span> <span class='ocrx_word' id='word_1_613' title='bbox 2771 1790 2794 1827; x_wconf 77' lang='grc' dir='ltr'>ε</span> <span class='ocrx_word' id='word_1_614' title='bbox 2823 1795 2915 1835; x_wconf 79' lang='lat' dir='ltr'><strong>sua</strong></span> <span class='ocrx_word' id='word_1_615' title='bbox 2945 1796 3193 1837; x_wconf 71' lang='lat' dir='ltr'><strong>&#39;I&#39;YBANNIS</strong></span> <span class='ocrx_word' id='word_1_616' title='bbox 3222 1797 3326 1837; x_wconf 79' lang='grc' dir='ltr'><strong>Αυτ</strong></span> <span class='ocrx_word' id='word_1_617' title='bbox 3344 1781 3373 1819; x_wconf 80' lang='grc' dir='ltr'><strong>ιι</strong></span> <span class='ocrx_word' id='word_1_618' title='bbox 3401 1798 3656 1840; x_wconf 72' lang='lat' dir='ltr'><strong>namus</strong></span> 
     </span>
    </p>
   </div>
   <div class='ocr_carea' id='block_1_85' title="bbox 2680 1871 3066 1928">
    <p class='ocr_par' dir='ltr' id='par_1_85' title="bbox 2680 1871 3066 1928">
     <span class='ocr_line' id='line_1_88' title="bbox 2680 1871 3066 1928; baseline -0.003 0"><span class='ocrx_word' id='word_1_619' title='bbox 2680 1887 2842 1928; x_wconf 72' lang='lat' dir='ltr'><strong>essu</strong></span> <span class='ocrx_word' id='word_1_620' title='bbox 2867 1871 2883 1910; x_wconf 82' lang='grc' dir='ltr'><strong>ί</strong></span> <span class='ocrx_word' id='word_1_621' title='bbox 2915 1888 3066 1927; x_wconf 71' lang='lat' dir='ltr'><strong>sum.</strong></span> 
     </span>
    </p>
   </div>
   <div class='ocr_carea' id='block_1_86' title="bbox 2167 1960 3657 2033">
    <p class='ocr_par' dir='ltr' id='par_1_86' title="bbox 2167 1960 3657 2033">
     <span class='ocr_line' id='line_1_89' title="bbox 2167 1960 3657 2033; baseline 0.005 -18"><span class='ocrx_word' id='word_1_622' title='bbox 2167 1960 2301 2033; x_wconf 89' lang='lat' dir='ltr'><strong>Imp.</strong></span> <span class='ocrx_word' id='word_1_623' title='bbox 2350 1962 2731 2016; x_wconf 82' lang='lat' dir='ltr'><strong>Canstantinusi</strong></span> <span class='ocrx_word' id='word_1_624' title='bbox 2768 1961 2829 2015; x_wconf 86' lang='grc' dir='ltr'><strong>Α.</strong></span> <span class='ocrx_word' id='word_1_625' title='bbox 2859 1963 2924 2016; x_wconf 81' lang='lat' dir='ltr'><strong>ad</strong></span> <span class='ocrx_word' id='word_1_626' title='bbox 2960 1963 3302 2018; x_wconf 87' lang='lat' dir='ltr'><strong>Constantium</strong></span> <span class='ocrx_word' id='word_1_627' title='bbox 3333 1963 3418 2033; x_wconf 72' lang='lat' dir='ltr'><strong>Pr.</strong></span> <span class='ocrx_word' id='word_1_628' title='bbox 3450 1963 3518 2021; x_wconf 87' lang='grc' dir='ltr'><strong>Ρ.</strong></span> <span class='ocrx_word' id='word_1_629' title='bbox 3550 1965 3657 2021; x_wconf 79' lang='lat' dir='ltr'><strong>Re-</strong></span> 
     </span>
    </p>
   </div>
   <div class='ocr_carea' id='block_1_87' title="bbox 2096 2052 3651 2124">
    <p class='ocr_par' dir='ltr' id='par_1_87' title="bbox 2096 2052 3651 2124">
     <span class='ocr_line' id='line_1_90' title="bbox 2096 2052 3651 2124; baseline 0.002 -18"><span class='ocrx_word' id='word_1_630' title='bbox 2096 2054 2253 2107; x_wconf 91' lang='lat' dir='ltr'><strong>motis</strong></span> <span class='ocrx_word' id='word_1_631' title='bbox 2299 2052 2530 2107; x_wconf 68' lang='lat' dir='ltr'><strong>Liciniik</strong></span> <span class='ocrx_word' id='word_1_632' title='bbox 2561 2052 2771 2124; x_wconf 86' lang='lat' dir='ltr'><strong>tyranni</strong></span> <span class='ocrx_word' id='word_1_633' title='bbox 2813 2054 3274 2108; x_wconf 87' lang='lat' dir='ltr'><strong>constitutionibus</strong></span> <span class='ocrx_word' id='word_1_634' title='bbox 3323 2065 3377 2109; x_wconf 90' lang='lat' dir='ltr'><strong>et</strong></span> <span class='ocrx_word' id='word_1_635' title='bbox 3423 2055 3651 2123; x_wconf 75' lang='lat' dir='ltr'><strong>legibus,</strong></span> 
     </span>
    </p>
   </div>
   <div class='ocr_carea' id='block_1_88' title="bbox 2095 2143 3646 2213">
    <p class='ocr_par' dir='ltr' id='par_1_88' title="bbox 2095 2143 3646 2213">
     <span class='ocr_line' id='line_1_91' title="bbox 2095 2143 3646 2213; baseline -0.001 -15"><span class='ocrx_word' id='word_1_636' title='bbox 2095 2157 2280 2198; x_wconf 90' lang='lat' dir='ltr'><strong>omnes</strong></span> <span class='ocrx_word' id='word_1_637' title='bbox 2307 2145 2494 2207; x_wconf 87' lang='lat' dir='ltr'><strong>sciant,</strong></span> <span class='ocrx_word' id='word_1_638' title='bbox 2526 2146 2716 2198; x_wconf 90' lang='lat' dir='ltr'><strong>veteris</strong></span> <span class='ocrx_word' id='word_1_639' title='bbox 2739 2144 2872 2213; x_wconf 89' lang='lat' dir='ltr'><strong>juris</strong></span> <span class='ocrx_word' id='word_1_640' title='bbox 2902 2153 2953 2199; x_wconf 85' lang='lat' dir='ltr'><strong>et</strong></span> <span class='ocrx_word' id='word_1_641' title='bbox 2973 2153 3286 2199; x_wconf 88' lang='lat' dir='ltr'><strong>statutorum</strong></span> <span class='ocrx_word' id='word_1_642' title='bbox 3311 2143 3646 2198; x_wconf 69' lang='lat' dir='ltr'><strong>nostroruml</strong></span> 
     </span>
    </p>
   </div>
   <div class='ocr_carea' id='block_1_89' title="bbox 2093 2233 3655 2302">
    <p class='ocr_par' dir='ltr' id='par_1_89' title="bbox 2093 2233 3655 2302">
     <span class='ocr_line' id='line_1_92' title="bbox 2093 2233 3655 2302; baseline 0.001 -13"><span class='ocrx_word' id='word_1_643' title='bbox 2093 2234 2365 2289; x_wconf 90' lang='lat' dir='ltr'><strong>observari</strong></span> <span class='ocrx_word' id='word_1_644' title='bbox 2393 2235 2587 2289; x_wconf 88' lang='lat' dir='ltr'><strong>debere</strong></span> <span class='ocrx_word' id='word_1_645' title='bbox 2619 2234 2962 2290; x_wconf 84' lang='lat' dir='ltr'><strong>sanctionem.</strong></span> <span class='ocrx_word' id='word_1_646' title='bbox 2994 2234 3111 2289; x_wconf 87' lang='lat' dir='ltr'><strong>PP.</strong></span> <span class='ocrx_word' id='word_1_647' title='bbox 3129 2234 3286 2289; x_wconf 79' lang='lat' dir='ltr'><strong>XVII.</strong></span> <span class='ocrx_word' id='word_1_648' title='bbox 3316 2233 3443 2291; x_wconf 83' lang='lat' dir='ltr'><strong>Kal.</strong></span> <span class='ocrx_word' id='word_1_649' title='bbox 3464 2234 3655 2302; x_wconf 74' lang='lat' dir='ltr'><strong>Jun,-In</strong></span> 
     </span>
    </p>
   </div>
   <div class='ocr_carea' id='block_1_90' title="bbox 2095 2325 3549 2398">
    <p class='ocr_par' dir='ltr' id='par_1_90' title="bbox 2095 2325 3549 2398">
     <span class='ocr_line' id='line_1_93' title="bbox 2095 2325 3549 2398; baseline -0.001 -15"><span class='ocrx_word' id='word_1_650' title='bbox 2095 2326 2272 2398; x_wconf 86' lang='lat' dir='ltr'><strong>Crispo</strong></span> <span class='ocrx_word' id='word_1_651' title='bbox 2292 2326 2377 2382; x_wconf 82' lang='grc' dir='ltr'><strong>ΠΙ.</strong></span> <span class='ocrx_word' id='word_1_652' title='bbox 2404 2335 2449 2382; x_wconf 89' lang='lat' dir='ltr'><strong>et</strong></span> <span class='ocrx_word' id='word_1_653' title='bbox 2473 2325 2835 2381; x_wconf 70' lang='lat' dir='ltr'><strong>ConstantinoIn</strong></span> <span class='ocrx_word' id='word_1_654' title='bbox 2864 2326 2948 2383; x_wconf 86' lang='lat' dir='ltr'><strong>III.</strong></span> <span class='ocrx_word' id='word_1_655' title='bbox 2980 2327 3133 2380; x_wconf 68' lang='lat' dir='ltr'><strong>Cass.</strong></span> <span class='ocrx_word' id='word_1_656' title='bbox 3152 2336 3177 2363; x_wconf 87' lang='grc' dir='ltr'><strong>ο</strong></span> <span class='ocrx_word' id='word_1_657' title='bbox 3201 2325 3346 2382; x_wconf 88' lang='lat' dir='ltr'><strong>Cass.</strong></span> <span class='ocrx_word' id='word_1_658' title='bbox 3378 2326 3549 2396; x_wconf 66' lang='lat'><strong>(5‘25).</strong></span> 
     </span>
    </p>
   </div>
   <div class='ocr_carea' id='block_1_91' title="bbox 2643 2433 3126 2476">
    <p class='ocr_par' dir='ltr' id='par_1_91' title="bbox 2643 2433 3126 2476">
     <span class='ocr_line' id='line_1_94' title="bbox 2643 2433 3126 2476; baseline 0 -2"><span class='ocrx_word' id='word_1_659' title='bbox 2643 2434 2709 2474; x_wconf 79' lang='lat' dir='ltr'><strong>DE</strong></span> <span class='ocrx_word' id='word_1_660' title='bbox 2734 2433 3126 2476; x_wconf 69' lang='grc' dir='ltr'><strong>οεουιιιοιοουε.</strong></span> 
     </span>
    </p>
   </div>
   <div class='ocr_carea' id='block_1_92' title="bbox 2164 2507 3653 2579">
    <p class='ocr_par' dir='ltr' id='par_1_92' title="bbox 2164 2507 3653 2579">
     <span class='ocr_line' id='line_1_95' title="bbox 2164 2507 3653 2579; baseline 0.003 -18"><span class='ocrx_word' id='word_1_661' title='bbox 2164 2507 2515 2565; x_wconf 84' lang='lat' dir='ltr'><strong>Constantinus</strong></span> <span class='ocrx_word' id='word_1_662' title='bbox 2535 2508 2596 2561; x_wconf 80' lang='grc' dir='ltr'><strong>Α.</strong></span> <span class='ocrx_word' id='word_1_663' title='bbox 2620 2511 2685 2562; x_wconf 84' lang='lat' dir='ltr'><strong>ad</strong></span> <span class='ocrx_word' id='word_1_664' title='bbox 2708 2508 3029 2563; x_wconf 84' lang='lat' dir='ltr'><strong>Hilarianum</strong></span> <span class='ocrx_word' id='word_1_665' title='bbox 3057 2509 3418 2564; x_wconf 85' lang='lat' dir='ltr'><strong>Pracansulem</strong></span> <span class='ocrx_word' id='word_1_666' title='bbox 3441 2510 3653 2579; x_wconf 65' lang='lat' dir='ltr'><strong>Africis.</strong></span> 
     </span>
    </p>
   </div>
   <div class='ocr_carea' id='block_1_93' title="bbox 2094 2596 3660 2668">
    <p class='ocr_par' dir='ltr' id='par_1_93' title="bbox 2094 2596 3660 2668">
     <span class='ocr_line' id='line_1_96' title="bbox 2094 2596 3660 2668; baseline -0.001 -15"><span class='ocrx_word' id='word_1_667' title='bbox 2094 2596 2151 2654; x_wconf 92' lang='lat' dir='ltr'><strong>Si</strong></span> <span class='ocrx_word' id='word_1_668' title='bbox 2177 2598 2292 2668; x_wconf 85' lang='lat' dir='ltr'><strong>quis</strong></span> <span class='ocrx_word' id='word_1_669' title='bbox 2333 2598 2548 2652; x_wconf 89' lang='lat' dir='ltr'><strong>decurio</strong></span> <span class='ocrx_word' id='word_1_670' title='bbox 2586 2598 2665 2651; x_wconf 91' lang='lat' dir='ltr'><strong>vel</strong></span> <span class='ocrx_word' id='word_1_671' title='bbox 2694 2598 2919 2668; x_wconf 71' lang='lat' dir='ltr'><strong>propr-im</strong></span> <span class='ocrx_word' id='word_1_672' title='bbox 2950 2600 3026 2653; x_wconf 90' lang='lat' dir='ltr'><strong>rei</strong></span> <span class='ocrx_word' id='word_1_673' title='bbox 3052 2613 3234 2653; x_wconf 84' lang='lat' dir='ltr'><strong>caussa</strong></span> <span class='ocrx_word' id='word_1_674' title='bbox 3263 2600 3344 2653; x_wconf 90' lang='lat' dir='ltr'><strong>vel</strong></span> <span class='ocrx_word' id='word_1_675' title='bbox 3372 2601 3445 2653; x_wconf 87' lang='lat' dir='ltr'><strong>rei</strong></span> <span class='ocrx_word' id='word_1_676' title='bbox 3478 2600 3660 2668; x_wconf 52' lang='lat' dir='ltr'><strong>publi-‘-</strong></span> 
     </span>
    </p>
   </div>
   <div class='ocr_carea' id='block_1_94' title="bbox 2093 2689 3658 2759">
    <p class='ocr_par' dir='ltr' id='par_1_94' title="bbox 2093 2689 3658 2759">
     <span class='ocr_line' id='line_1_97' title="bbox 2093 2689 3658 2759; baseline -0.001 -13"><span class='ocrx_word' id='word_1_677' title='bbox 2093 2705 2169 2746; x_wconf 65' lang='grc' dir='ltr'><strong>(ιε</strong></span> <span class='ocrx_word' id='word_1_678' title='bbox 2205 2699 2419 2759; x_wconf 77' lang='lat' dir='ltr'><strong>cogatur</strong></span> <span class='ocrx_word' id='word_1_679' title='bbox 2460 2700 2696 2744; x_wconf 89' lang='lat' dir='ltr'><strong>nostrum</strong></span> <span class='ocrx_word' id='word_1_680' title='bbox 2735 2689 2879 2743; x_wconf 88' lang='lat' dir='ltr'><strong>adire</strong></span> <span class='ocrx_word' id='word_1_681' title='bbox 2918 2690 3243 2755; x_wconf 82' lang='lat' dir='ltr'><strong>comitatum,</strong></span> <span class='ocrx_word' id='word_1_682' title='bbox 3291 2691 3334 2744; x_wconf 92' lang='lat' dir='ltr'><strong>is</strong></span> <span class='ocrx_word' id='word_1_683' title='bbox 3376 2704 3478 2743; x_wconf 90' lang='lat' dir='ltr'><strong>non</strong></span> <span class='ocrx_word' id='word_1_684' title='bbox 3523 2698 3658 2744; x_wconf 83' lang='lat' dir='ltr'><strong>ante</strong></span> 
     </span>
    </p>
   </div>
   <div class='ocr_carea' id='block_1_95' title="bbox 2094 2780 3657 2860">
    <p class='ocr_par' dir='ltr' id='par_1_95' title="bbox 2094 2780 3657 2860">
     <span class='ocr_line' id='line_1_98' title="bbox 2094 2780 3657 2860; baseline -0.003 -21"><span class='ocrx_word' id='word_1_685' title='bbox 2094 2783 2360 2850; x_wconf 90' lang='lat' dir='ltr'><strong>discedat,</strong></span> <span class='ocrx_word' id='word_1_686' title='bbox 2392 2798 2549 2860; x_wconf 85' lang='lat' dir='ltr'><strong>quam</strong></span> <span class='ocrx_word' id='word_1_687' title='bbox 2596 2783 2855 2837; x_wconf 86' lang='lat' dir='ltr'><strong>lnsinuato</strong></span> <span class='ocrx_word' id='word_1_688' title='bbox 2900 2783 3060 2851; x_wconf 90' lang='lat' dir='ltr'><strong>judici</strong></span> <span class='ocrx_word' id='word_1_689' title='bbox 3103 2782 3363 2837; x_wconf 89' lang='lat' dir='ltr'><strong>desiderio</strong></span> <span class='ocrx_word' id='word_1_690' title='bbox 3410 2780 3657 2850; x_wconf 78' lang='lat' dir='ltr'><strong>proﬁcis-</strong></span> 
     </span>
    </p>
   </div>
   <div class='ocr_carea' id='block_1_96' title="bbox 2094 2873 3656 2943">
    <p class='ocr_par' dir='ltr' id='par_1_96' title="bbox 2094 2873 3656 2943">
     <span class='ocr_line' id='line_1_99' title="bbox 2094 2873 3656 2943; baseline -0.003 -12"><span class='ocrx_word' id='word_1_691' title='bbox 2094 2875 2243 2931; x_wconf 88' lang='lat' dir='ltr'><strong>cendi</strong></span> <span class='ocrx_word' id='word_1_692' title='bbox 2272 2875 2577 2929; x_wconf 78' lang='lat' dir='ltr'><strong>Iicentiamp</strong></span> <span class='ocrx_word' id='word_1_693' title='bbox 2609 2884 2981 2943; x_wconf 87' lang='lat' dir='ltr'><strong>consequatur.</strong></span> <span class='ocrx_word' id='word_1_694' title='bbox 3013 2873 3160 2941; x_wconf 91' lang='lat' dir='ltr'><strong>Quod</strong></span> <span class='ocrx_word' id='word_1_695' title='bbox 3203 2874 3246 2926; x_wconf 91' lang='lat' dir='ltr'><strong>si</strong></span> <span class='ocrx_word' id='word_1_696' title='bbox 3294 2889 3387 2941; x_wconf 92' lang='lat' dir='ltr'><strong>pro</strong></span> <span class='ocrx_word' id='word_1_697' title='bbox 3427 2889 3517 2927; x_wconf 91' lang='lat' dir='ltr'><strong>sua</strong></span> <span class='ocrx_word' id='word_1_698' title='bbox 3552 2889 3656 2928; x_wconf 82' lang='lat' dir='ltr'><strong>au-</strong></span> 
     </span>
    </p>
   </div>
   <div class='ocr_carea' id='block_1_97' title="bbox 2093 2964 3660 3036">
    <p class='ocr_par' dir='ltr' id='par_1_97' title="bbox 2093 2964 3660 3036">
     <span class='ocr_line' id='line_1_100' title="bbox 2093 2964 3660 3036; baseline -0.001 -15"><span class='ocrx_word' id='word_1_699' title='bbox 2093 2966 2241 3022; x_wconf 88' lang='lat' dir='ltr'><strong>dacia</strong></span> <span class='ocrx_word' id='word_1_700' title='bbox 2272 2966 2414 3036; x_wconf 89' lang='lat' dir='ltr'><strong>parvi</strong></span> <span class='ocrx_word' id='word_1_701' title='bbox 2453 2965 2642 3033; x_wconf 89' lang='lat' dir='ltr'><strong>aliquis</strong></span> <span class='ocrx_word' id='word_1_702' title='bbox 2670 2964 2807 3019; x_wconf 89' lang='lat' dir='ltr'><strong>hanc</strong></span> <span class='ocrx_word' id='word_1_703' title='bbox 2841 2964 3330 3033; x_wconf 77' lang='lat' dir='ltr'><strong>ieceritjussionem</strong></span> <span class='ocrx_word' id='word_1_704' title='bbox 3360 3005 3374 3029; x_wconf 92' lang='lat'><strong>,</strong></span> <span class='ocrx_word' id='word_1_705' title='bbox 3402 2964 3660 3033; x_wconf 84' lang='lat' dir='ltr'><strong>deporta-</strong></span> 
     </span>
    </p>
   </div>
   <div class='ocr_carea' id='block_1_98' title="bbox 2096 3052 3662 3111">
    <p class='ocr_par' dir='ltr' id='par_1_98' title="bbox 2096 3052 3662 3111">
     <span class='ocr_line' id='line_1_101' title="bbox 2096 3052 3662 3111; baseline -0.003 0"><span class='ocrx_word' id='word_1_706' title='bbox 2096 3057 2253 3111; x_wconf 88' lang='lat' dir='ltr'><strong>tionis</strong></span> <span class='ocrx_word' id='word_1_707' title='bbox 2280 3056 2520 3111; x_wconf 71' lang='lat' dir='ltr'><strong>exitumq</strong></span> <span class='ocrx_word' id='word_1_708' title='bbox 2545 3057 2811 3109; x_wconf 89' lang='lat' dir='ltr'><strong>sortiatur.</strong></span> <span class='ocrx_word' id='word_1_709' title='bbox 2846 3054 2962 3107; x_wconf 88' lang='lat' dir='ltr'><strong>PP.</strong></span> <span class='ocrx_word' id='word_1_710' title='bbox 2990 3054 3129 3109; x_wconf 69' lang='lat' dir='ltr'><strong>Vll.r</strong></span> <span class='ocrx_word' id='word_1_711' title='bbox 3162 3053 3248 3106; x_wconf 88' lang='lat' dir='ltr'><strong>Id.</strong></span> <span class='ocrx_word' id='word_1_712' title='bbox 3282 3052 3391 3106; x_wconf 84' lang='lat' dir='ltr'><strong>Jul.</strong></span> <span class='ocrx_word' id='word_1_713' title='bbox 3425 3052 3662 3107; x_wconf 78' lang='lat' dir='ltr'><strong>Kartha-</strong></span> 
     </span>
    </p>
   </div>
   <div class='ocr_carea' id='block_1_99' title="bbox 2092 3141 3469 3218">
    <p class='ocr_par' dir='ltr' id='par_1_99' title="bbox 2092 3141 3469 3218">
     <span class='ocr_line' id='line_1_102' title="bbox 2092 3141 3469 3218; baseline -0.004 -17"><span class='ocrx_word' id='word_1_714' title='bbox 2092 3149 2225 3218; x_wconf 89' lang='lat' dir='ltr'><strong>gine,</strong></span> <span class='ocrx_word' id='word_1_715' title='bbox 2251 3146 2426 3217; x_wconf 87' lang='lat' dir='ltr'><strong>Crispo</strong></span> <span class='ocrx_word' id='word_1_716' title='bbox 2453 3146 2538 3200; x_wconf 90' lang='lat' dir='ltr'><strong>Ill.</strong></span> <span class='ocrx_word' id='word_1_717' title='bbox 2563 3155 2607 3201; x_wconf 86' lang='lat' dir='ltr'><strong>et</strong></span> <span class='ocrx_word' id='word_1_718' title='bbox 2629 3145 2948 3201; x_wconf 85' lang='lat' dir='ltr'><strong>Constantina</strong></span> <span class='ocrx_word' id='word_1_719' title='bbox 2969 3144 3052 3200; x_wconf 93' lang='lat' dir='ltr'><strong>lll.</strong></span> <span class='ocrx_word' id='word_1_720' title='bbox 3076 3153 3097 3182; x_wconf 81' lang='grc'>⁸</span> <span class='ocrx_word' id='word_1_721' title='bbox 3132 3141 3269 3199; x_wconf 91' lang='lat' dir='ltr'><strong>Cass.</strong></span> <span class='ocrx_word' id='word_1_722' title='bbox 3300 3143 3469 3216; x_wconf 70' lang='grc'><strong>(524).</strong></span> 
     </span>
    </p>
   </div>
   <div class='ocr_carea' id='block_1_100' title="bbox 2164 3260 2739 3317">
    <p class='ocr_par' dir='ltr' id='par_1_100' title="bbox 2164 3260 2739 3317">
     <span class='ocr_line' id='line_1_103' title="bbox 2164 3260 2739 3317; baseline -0.002 1"><span class='ocrx_word' id='word_1_723' title='bbox 2164 3271 2188 3300; x_wconf 74' lang='grc'>⁸</span> <span class='ocrx_word' id='word_1_724' title='bbox 2213 3262 2322 3317; x_wconf 84' lang='lat' dir='ltr'><strong>Fol.</strong></span> <span class='ocrx_word' id='word_1_725' title='bbox 2352 3260 2500 3316; x_wconf 69' lang='grc' dir='ltr'><strong>ὅοϐὶ)</strong></span> <span class='ocrx_word' id='word_1_726' title='bbox 2529 3260 2649 3317; x_wconf 89' lang='lat' dir='ltr'><strong>cod.</strong></span> <span class='ocrx_word' id='word_1_727' title='bbox 2683 3260 2739 3317; x_wconf 73' lang='grc'><strong>4.</strong></span> 
     </span>
    </p>
   </div>
   <div class='ocr_carea' id='block_1_101' title="bbox 2164 3330 2748 3394">
    <p class='ocr_par' dir='ltr' id='par_1_101' title="bbox 2164 3330 2748 3394">
     <span class='ocr_line' id='line_1_104' title="bbox 2164 3330 2748 3394; baseline -0.009 -7"><span class='ocrx_word' id='word_1_728' title='bbox 2164 3330 2299 3386; x_wconf 69' lang='lat' dir='ltr'><strong>1&#39;Ct&#39;.</strong></span> <span class='ocrx_word' id='word_1_729' title='bbox 2330 3332 2511 3385; x_wconf 83' lang='lat' dir='ltr'><strong>c.5lt.</strong></span> <span class='ocrx_word' id='word_1_730' title='bbox 2546 3341 2606 3394; x_wconf 89' lang='lat' dir='ltr'><strong>t.,</strong></span> <span class='ocrx_word' id='word_1_731' title='bbox 2638 3331 2664 3394; x_wconf 64' lang='grc' dir='ltr'><strong>ξ</strong></span> <span class='ocrx_word' id='word_1_732' title='bbox 2699 3333 2748 3384; x_wconf 80' lang='grc'><strong>1.</strong></span> 
     </span>
    </p>
   </div>
   <div class='ocr_carea' id='block_1_102' title="bbox 2167 3400 2856 3455">
    <p class='ocr_par' dir='ltr' id='par_1_102' title="bbox 2167 3400 2856 3455">
     <span class='ocr_line' id='line_1_105' title="bbox 2167 3400 2856 3455; baseline -0.001 0"><span class='ocrx_word' id='word_1_733' title='bbox 2167 3412 2187 3440; x_wconf 73' lang='grc' dir='ltr'><strong>ο</strong></span> <span class='ocrx_word' id='word_1_734' title='bbox 2215 3402 2306 3455; x_wconf 85' lang='lat' dir='ltr'><strong>Be.</strong></span> <span class='ocrx_word' id='word_1_735' title='bbox 2339 3402 2387 3454; x_wconf 93' lang='lat' dir='ltr'><strong>in</strong></span> <span class='ocrx_word' id='word_1_736' title='bbox 2418 3410 2525 3455; x_wconf 88' lang='lat' dir='ltr'><strong>not.</strong></span> <span class='ocrx_word' id='word_1_737' title='bbox 2554 3400 2672 3454; x_wconf 84' lang='lat' dir='ltr'><strong>add.</strong></span> <span class='ocrx_word' id='word_1_738' title='bbox 2704 3401 2856 3454; x_wconf 74' lang='lat' dir='ltr'><strong>Cwss.</strong></span> 
     </span>
    </p>
   </div>
   <div class='ocr_carea' id='block_1_103' title="bbox 2161 3468 3659 3525">
    <p class='ocr_par' dir='ltr' id='par_1_103' title="bbox 2161 3468 3659 3525">
     <span class='ocr_line' id='line_1_106' title="bbox 2161 3468 3659 3525; baseline -0.001 0"><span class='ocrx_word' id='word_1_739' title='bbox 2161 3468 2186 3507; x_wconf 64' lang='grc' dir='ltr'><strong>’ἲ</strong></span> <span class='ocrx_word' id='word_1_740' title='bbox 2224 3473 2255 3525; x_wconf 75' lang='grc'><strong>4</strong></span> <span class='ocrx_word' id='word_1_741' title='bbox 2297 3469 2756 3524; x_wconf 85' lang='lat' dir='ltr'><strong>Calcedoniensium</strong></span> <span class='ocrx_word' id='word_1_742' title='bbox 2804 3480 2849 3522; x_wconf 91' lang='lat' dir='ltr'><strong>et</strong></span> <span class='ocrx_word' id='word_1_743' title='bbox 2908 3469 3405 3523; x_wconf 81' lang='lat' dir='ltr'><strong>Macltedoniensum.</strong></span> <span class='ocrx_word' id='word_1_744' title='bbox 3450 3468 3550 3523; x_wconf 89' lang='grc' dir='ltr'><strong>ϐο.</strong></span> <span class='ocrx_word' id='word_1_745' title='bbox 3600 3486 3659 3523; x_wconf 85' lang='grc' dir='ltr'><strong>ιη</strong></span> 
     </span>
    </p>
   </div>
   <div class='ocr_carea' id='block_1_104' title="bbox 2090 3538 3661 3601">
    <p class='ocr_par' dir='ltr' id='par_1_104' title="bbox 2090 3538 3661 3601">
     <span class='ocr_line' id='line_1_107' title="bbox 2090 3538 3661 3601; baseline -0.003 -6"><span class='ocrx_word' id='word_1_746' title='bbox 2090 3538 2786 3601; x_wconf 80' lang='lat' dir='ltr'><strong>Chron.Chalcedonensium.</strong></span> <span class='ocrx_word' id='word_1_747' title='bbox 2805 3538 2902 3593; x_wconf 88' lang='grc' dir='ltr'><strong>ϐο.</strong></span> <span class='ocrx_word' id='word_1_748' title='bbox 2930 3538 3386 3592; x_wconf 78' lang='lat' dir='ltr'><strong>Macedoniensium</strong></span> <span class='ocrx_word' id='word_1_749' title='bbox 3408 3553 3507 3591; x_wconf 88' lang='lat' dir='ltr'><strong>non</strong></span> <span class='ocrx_word' id='word_1_750' title='bbox 3531 3539 3661 3591; x_wconf 74' lang='lat' dir='ltr'><strong>\‘ult</strong></span> 
     </span>
    </p>
   </div>
   <div class='ocr_carea' id='block_1_105' title="bbox 2094 3607 3663 3674">
    <p class='ocr_par' dir='ltr' id='par_1_105' title="bbox 2094 3607 3663 3674">
     <span class='ocr_line' id='line_1_108' title="bbox 2094 3607 3663 3674; baseline -0.003 -7"><span class='ocrx_word' id='word_1_751' title='bbox 2094 3621 2293 3667; x_wconf 89' lang='lat' dir='ltr'><strong>temere</strong></span> <span class='ocrx_word' id='word_1_752' title='bbox 2318 3610 2505 3664; x_wconf 87' lang='lat' dir='ltr'><strong>mutari</strong></span> <span class='ocrx_word' id='word_1_753' title='bbox 2532 3611 2583 3663; x_wconf 88' lang='lat' dir='ltr'><strong>in</strong></span> <span class='ocrx_word' id='word_1_754' title='bbox 2616 3607 3071 3662; x_wconf 83' lang='lat' dir='ltr'><strong>Nicomediensium</strong></span> <span class='ocrx_word' id='word_1_755' title='bbox 3094 3649 3109 3670; x_wconf 91' lang='lat'><strong>,</strong></span> <span class='ocrx_word' id='word_1_756' title='bbox 3152 3622 3322 3674; x_wconf 82' lang='lat' dir='ltr'><strong>neque</strong></span> <span class='ocrx_word' id='word_1_757' title='bbox 3348 3608 3663 3661; x_wconf 84' lang='lat' dir='ltr'><strong>rescriben-</strong></span> 
     </span>
    </p>
   </div>
   <div class='ocr_carea' id='block_1_106' title="bbox 2095 3676 3658 3748">
    <p class='ocr_par' dir='ltr' id='par_1_106' title="bbox 2095 3676 3658 3748">
     <span class='ocr_line' id='line_1_109' title="bbox 2095 3676 3658 3748; baseline -0.004 -14"><span class='ocrx_word' id='word_1_758' title='bbox 2095 3682 2216 3734; x_wconf 89' lang='lat' dir='ltr'><strong>dum</strong></span> <span class='ocrx_word' id='word_1_759' title='bbox 2239 3693 2356 3733; x_wconf 88' lang='lat' dir='ltr'><strong>esse</strong></span> <span class='ocrx_word' id='word_1_760' title='bbox 2386 3687 2533 3748; x_wconf 88' lang='lat' dir='ltr'><strong>putat</strong></span> <span class='ocrx_word' id='word_1_761' title='bbox 2572 3676 2808 3748; x_wconf 77' lang='lat' dir='ltr'><strong>Edictum</strong></span> <span class='ocrx_word' id='word_1_762' title='bbox 2819 3680 2899 3748; x_wconf 70' lang='lat' dir='ltr'><strong>ad</strong></span> <span class='ocrx_word' id='word_1_763' title='bbox 2925 3676 3437 3748; x_wconf 62' lang='lat' dir='ltr'><strong>Chalcedonigiseset</strong></span> <span class='ocrx_word' id='word_1_764' title='bbox 3469 3676 3658 3748; x_wconf 57' lang='lat' dir='ltr'><strong>since-</strong></span> 
     </span>
    </p>
   </div>
   <div class='ocr_carea' id='block_1_107' title="bbox 2093 3744 3657 3814">
    <p class='ocr_par' dir='ltr' id='par_1_107' title="bbox 2093 3744 3657 3814">
     <span class='ocr_line' id='line_1_110' title="bbox 2093 3744 3657 3814; baseline -0.004 -9"><span class='ocrx_word' id='word_1_765' title='bbox 2093 3744 2401 3814; x_wconf 35' lang='lat' dir='ltr'><strong>danienses,’</strong></span> <span class='ocrx_word' id='word_1_766' title='bbox 2429 3758 2593 3802; x_wconf 88' lang='lat' dir='ltr'><strong>recte.</strong></span> <span class='ocrx_word' id='word_1_767' title='bbox 2639 3747 2756 3802; x_wconf 74' lang='lat' dir='ltr'><strong>Viti.</strong></span> <span class='ocrx_word' id='word_1_768' title='bbox 2794 3747 3013 3801; x_wconf 85' lang='lat' dir='ltr'><strong>Wenck.</strong></span> <span class='ocrx_word' id='word_1_769' title='bbox 3046 3746 3109 3799; x_wconf 89' lang='lat' dir='ltr'><strong>ad</strong></span> <span class='ocrx_word' id='word_1_770' title='bbox 3140 3747 3200 3799; x_wconf 90' lang='grc' dir='ltr'><strong>ϐ.</strong></span> <span class='ocrx_word' id='word_1_771' title='bbox 3230 3745 3329 3800; x_wconf 89' lang='lat' dir='ltr'><strong>Th.</strong></span> <span class='ocrx_word' id='word_1_772' title='bbox 3361 3744 3435 3809; x_wconf 75' lang='grc' dir='ltr'>γ,</span> <span class='ocrx_word' id='word_1_773' title='bbox 3469 3746 3557 3805; x_wconf 63' lang='lat' dir='ltr'><strong>li,</strong></span> <span class='ocrx_word' id='word_1_774' title='bbox 3597 3747 3657 3811; x_wconf 78' lang='grc'><strong>1,</strong></span> 
     </span>
    </p>
   </div>
   <div class='ocr_carea' id='block_1_108' title="bbox 2092 3814 3661 3885">
    <p class='ocr_par' dir='ltr' id='par_1_108' title="bbox 2092 3814 3661 3885">
     <span class='ocr_line' id='line_1_111' title="bbox 2092 3814 3661 3885; baseline -0.004 -10"><span class='ocrx_word' id='word_1_775' title='bbox 2092 3830 2203 3875; x_wconf 90' lang='lat' dir='ltr'><strong>not.</strong></span> <span class='ocrx_word' id='word_1_776' title='bbox 2232 3837 2285 3873; x_wconf 90' lang='lat' dir='ltr'><strong>u.</strong></span> <span class='ocrx_word' id='word_1_777' title='bbox 2317 3818 2503 3872; x_wconf 87' lang='lat' dir='ltr'><strong>Nutatu</strong></span> <span class='ocrx_word' id='word_1_778' title='bbox 2530 3818 2681 3885; x_wconf 76' lang='lat' dir='ltr'><strong>digna</strong></span> <span class='ocrx_word' id='word_1_779' title='bbox 2710 3827 2857 3878; x_wconf 83' lang='lat' dir='ltr'><strong>sunt.</strong></span> <span class='ocrx_word' id='word_1_780' title='bbox 2886 3832 2999 3885; x_wconf 72' lang='lat' dir='ltr'><strong>qua:</strong></span> <span class='ocrx_word' id='word_1_781' title='bbox 3022 3816 3235 3869; x_wconf 79' lang='lat' dir='ltr'><strong>Reincs.</strong></span> <span class='ocrx_word' id='word_1_782' title='bbox 3259 3824 3464 3885; x_wconf 85' lang='lat' dir='ltr'><strong>annot.:</strong></span> <span class='ocrx_word' id='word_1_783' title='bbox 3494 3832 3510 3862; x_wconf 79' lang='grc' dir='ltr'>ι</span> <span class='ocrx_word' id='word_1_784' title='bbox 3547 3814 3661 3869; x_wconf 79' lang='lat' dir='ltr'><strong>Le-</strong></span> 
     </span>
    </p>
   </div>
   <div class='ocr_carea' id='block_1_109' title="bbox 2090 3884 3664 3960">
    <p class='ocr_par' dir='ltr' id='par_1_109' title="bbox 2090 3884 3664 3960">
     <span class='ocr_line' id='line_1_112' title="bbox 2090 3884 3664 3960; baseline -0.007 -15"><span class='ocrx_word' id='word_1_785' title='bbox 2090 3890 2337 3960; x_wconf 75' lang='lat' dir='ltr'><strong>gendum,</strong></span> <span class='ocrx_word' id='word_1_786' title='bbox 2356 3884 2629 3960; x_wconf 73' lang='lat' dir='ltr'><strong>_i_nquit,nd</strong></span> <span class='ocrx_word' id='word_1_787' title='bbox 2656 3884 3169 3960; x_wconf 70' lang='lat' dir='ltr'><strong>Ecdicum._&#39;_t-:x6txo_;,</strong></span> <span class='ocrx_word' id='word_1_788' title='bbox 3198 3884 3531 3960; x_wconf 67' lang='lat' dir='ltr'><strong>magistratus</strong></span> <span class='ocrx_word' id='word_1_789' title='bbox 3554 3898 3664 3960; x_wconf 75' lang='lat' dir='ltr'><strong>ap-</strong></span> 
     </span>
    </p>
   </div>
   <div class='ocr_carea' id='block_1_110' title="bbox 2092 3899 3661 4039">
    <p class='ocr_par' dir='ltr' id='par_1_110' title="bbox 2092 3899 3661 4039">
     <span class='ocr_line' id='line_1_113' title="bbox 2092 3899 3661 4009; baseline -0.007 -64"><span class='ocrx_word' id='word_1_790' title='bbox 2092 3899 2337 3960; x_wconf 76' lang='lat' dir='ltr'><strong>gendum,</strong></span> <span class='ocrx_word' id='word_1_791' title='bbox 2371 3899 2629 3955; x_wconf 82' lang='lat' dir='ltr'><strong>tnqmt,aa</strong></span> <span class='ocrx_word' id='word_1_792' title='bbox 2656 3899 3169 3947; x_wconf 63' lang='lat' dir='ltr'><strong>Lcatcum.&quot;Exotxoc,</strong></span> <span class='ocrx_word' id='word_1_793' title='bbox 3198 3899 3531 3952; x_wconf 79' lang='lat' dir='ltr'><strong>magtsuntus</strong></span> <span class='ocrx_word' id='word_1_794' title='bbox 3554 3899 3661 4009; x_wconf 54' lang='lat' dir='ltr'><strong>as-</strong></span> 
     </span>
     <span class='ocr_line' id='line_1_114' title="bbox 2092 3953 3661 4039; baseline -0.006 -25"><span class='ocrx_word' id='word_1_795' title='bbox 2092 3960 2322 4030; x_wconf 88' lang='lat' dir='ltr'><strong>pellatio.</strong></span> <span class='ocrx_word' id='word_1_796' title='bbox 2356 3957 2487 4039; x_wconf 63' lang='lat' dir='ltr'><strong>Yide</strong></span> <span class='ocrx_word' id='word_1_797' title='bbox 2515 3971 2631 4039; x_wconf 68' lang='lat' dir='ltr'><strong>qua:</strong></span> <span class='ocrx_word' id='word_1_798' title='bbox 2657 3957 2829 4009; x_wconf 89' lang='lat' dir='ltr'><strong>notavi</strong></span> <span class='ocrx_word' id='word_1_799' title='bbox 2856 3954 2921 4009; x_wconf 86' lang='lat' dir='ltr'><strong>ad</strong></span> <span class='ocrx_word' id='word_1_800' title='bbox 2943 3955 3068 4009; x_wconf 88' lang='lat' dir='ltr'><strong>Lex.</strong></span> <span class='ocrx_word' id='word_1_801' title='bbox 3106 3953 3218 4008; x_wconf 87' lang='lat' dir='ltr'><strong>Jur.</strong></span> <span class='ocrx_word' id='word_1_802' title='bbox 3250 3964 3305 4009; x_wconf 69' lang='lat' dir='ltr'><strong>et</strong></span> <span class='ocrx_word' id='word_1_803' title='bbox 3339 3953 3550 4011; x_wconf 59' lang='lat' dir='ltr'><strong>PNE‘J&#39;.</strong></span> <span class='ocrx_word' id='word_1_804' title='bbox 3626 3967 3661 4009; x_wconf 74' lang='grc' dir='ltr'><strong>ο</strong></span> 
     </span>
    </p>
   </div>
   <div class='ocr_carea' id='block_1_111' title="bbox 2092 4025 3059 4174">
    <p class='ocr_par' dir='ltr' id='par_1_111' title="bbox 2092 4025 3059 4174">
     <span class='ocr_line' id='line_1_115' title="bbox 2092 4025 2905 4110; baseline -0.015 -24"><span class='ocrx_word' id='word_1_805' title='bbox 2092 4025 2227 4100; x_wconf 76' lang='lat' dir='ltr'><strong>inag.</strong></span> <span class='ocrx_word' id='word_1_806' title='bbox 2252 4028 2446 4110; x_wconf 76' lang='lat' dir='ltr'><strong>munia.</strong></span> <span class='ocrx_word' id='word_1_807' title='bbox 2478 4042 2525 4080; x_wconf 93' lang='lat' dir='ltr'><strong>c.</strong></span> <span class='ocrx_word' id='word_1_808' title='bbox 2554 4025 2606 4080; x_wconf 90' lang='lat'><strong>9.</strong></span> <span class='ocrx_word' id='word_1_809' title='bbox 2647 4044 2665 4076; x_wconf 86' lang='grc'>›</span> <span class='ocrx_word' id='word_1_810' title='bbox 2722 4096 2732 4106; x_wconf 43' lang='grc'><em>.</em></span> <span class='ocrx_word' id='word_1_811' title='bbox 2857 4095 2868 4106; x_wconf 39' lang='grc'><strong><em>⁸</em></strong></span> <span class='ocrx_word' id='word_1_812' title='bbox 2896 4095 2905 4106; x_wconf 42' lang='grc'><em>.</em></span> 
     </span>
     <span class='ocr_line' id='line_1_116' title="bbox 2166 4095 3059 4174; baseline -0.008 -22"><span class='ocrx_word' id='word_1_813' title='bbox 2166 4110 2187 4174; x_wconf 60' lang='grc' dir='ltr'>ξ</span> <span class='ocrx_word' id='word_1_814' title='bbox 2210 4097 2303 4174; x_wconf 68' lang='grc' dir='ltr'><strong>ϐυ]</strong></span> <span class='ocrx_word' id='word_1_815' title='bbox 2402 4096 2455 4148; x_wconf 68' lang='lat'><strong>2‘</strong></span> <span class='ocrx_word' id='word_1_816' title='bbox 2477 4095 2650 4174; x_wconf 69' lang='lat' dir='ltr'><strong>meud.</strong></span> <span class='ocrx_word' id='word_1_817' title='bbox 2680 4095 3059 4174; x_wconf 14' lang='lat' dir='ltr'><strong>dispositionem</strong></span> 
     </span>
    </p>
   </div>
   <div class='ocr_carea' id='block_1_112' title="bbox 2165 4160 3231 4222">
    <p class='ocr_par' dir='ltr' id='par_1_112' title="bbox 2165 4160 3231 4222">
     <span class='ocr_line' id='line_1_117' title="bbox 2165 4160 3231 4222; baseline -0.006 0"><span class='ocrx_word' id='word_1_818' title='bbox 2165 4168 2185 4209; x_wconf 68' lang='grc' dir='ltr'><strong><em>ί</em></strong></span> <span class='ocrx_word' id='word_1_819' title='bbox 2214 4160 2459 4222; x_wconf 74' lang='grc' dir='ltr'><strong>Μεόάοεθ</strong></span> <span class='ocrx_word' id='word_1_820' title='bbox 2480 4165 2578 4220; x_wconf 86' lang='grc' dir='ltr'><strong>ϐο.</strong></span> <span class='ocrx_word' id='word_1_821' title='bbox 2606 4179 2712 4218; x_wconf 92' lang='lat' dir='ltr'><strong>om.</strong></span> <span class='ocrx_word' id='word_1_822' title='bbox 2734 4160 2779 4217; x_wconf 85' lang='lat' dir='ltr'><strong>et</strong></span> <span class='ocrx_word' id='word_1_823' title='bbox 2805 4162 3127 4218; x_wconf 83' lang='lat' dir='ltr'><strong>Constantino</strong></span> <span class='ocrx_word' id='word_1_824' title='bbox 3147 4160 3231 4217; x_wconf 90' lang='lat' dir='ltr'><strong>Ill.</strong></span> 
     </span>
    </p>
   </div>
   <div class='ocr_carea' id='block_1_113' title="bbox 2164 4234 2712 4304">
    <p class='ocr_par' dir='ltr' id='par_1_113' title="bbox 2164 4234 2712 4304">
     <span class='ocr_line' id='line_1_118' title="bbox 2164 4234 2712 4304; baseline -0.002 -17"><span class='ocrx_word' id='word_1_825' title='bbox 2164 4248 2187 4287; x_wconf 72' lang='grc' dir='ltr'><strong><em>Β</em></strong></span> <span class='ocrx_word' id='word_1_826' title='bbox 2226 4238 2398 4293; x_wconf 88' lang='lat' dir='ltr'><strong>Noun.</strong></span> <span class='ocrx_word' id='word_1_827' title='bbox 2430 4234 2584 4288; x_wconf 89' lang='lat' dir='ltr'><strong>codd.</strong></span> <span class='ocrx_word' id='word_1_828' title='bbox 2608 4235 2712 4304; x_wconf 90' lang='lat' dir='ltr'><strong>qui.</strong></span> 
     </span>
    </p>
   </div>
   <div class='ocr_carea' id='block_1_114' title="bbox 2162 4300 3659 4371">
    <p class='ocr_par' dir='ltr' id='par_1_114' title="bbox 2162 4300 3659 4371">
     <span class='ocr_line' id='line_1_119' title="bbox 2162 4300 3659 4371; baseline -0.002 -10"><span class='ocrx_word' id='word_1_829' title='bbox 2162 4305 2191 4346; x_wconf 70' lang='grc' dir='ltr'><strong>ιι</strong></span> <span class='ocrx_word' id='word_1_830' title='bbox 2227 4308 2296 4365; x_wconf 76' lang='grc'><strong>20</strong></span> <span class='ocrx_word' id='word_1_831' title='bbox 2318 4306 2412 4362; x_wconf 83' lang='lat' dir='ltr'><strong>vel.</strong></span> <span class='ocrx_word' id='word_1_832' title='bbox 2441 4304 2585 4361; x_wconf 79' lang='lat' dir='ltr'><strong>Siclr.</strong></span> <span class='ocrx_word' id='word_1_833' title='bbox 2615 4300 2694 4371; x_wconf 84' lang='lat' dir='ltr'><strong>ac,</strong></span> <span class='ocrx_word' id='word_1_834' title='bbox 2741 4303 2833 4358; x_wconf 81' lang='lat' dir='ltr'><strong>sed</strong></span> <span class='ocrx_word' id='word_1_835' title='bbox 2871 4303 2924 4359; x_wconf 88' lang='lat' dir='ltr'><strong>in</strong></span> <span class='ocrx_word' id='word_1_836' title='bbox 2952 4302 3061 4358; x_wconf 90' lang='lat' dir='ltr'><strong>ind.</strong></span> <span class='ocrx_word' id='word_1_837' title='bbox 3092 4302 3175 4357; x_wconf 85' lang='lat' dir='ltr'><strong>tit.</strong></span> <span class='ocrx_word' id='word_1_838' title='bbox 3205 4310 3309 4357; x_wconf 84' lang='lat' dir='ltr'><strong>aut.</strong></span> <span class='ocrx_word' id='word_1_839' title='bbox 3339 4300 3371 4357; x_wconf 84' lang='lat'><strong>5</strong></span> <span class='ocrx_word' id='word_1_840' title='bbox 3402 4315 3507 4358; x_wconf 89' lang='lat' dir='ltr'><strong>om.</strong></span> <span class='ocrx_word' id='word_1_841' title='bbox 3552 4310 3659 4358; x_wconf 80' lang='lat' dir='ltr'><strong>aut</strong></span> 
     </span>
    </p>
   </div>
   <div class='ocr_carea' id='block_1_115' title="bbox 2092 4390 2307 4434">
    <p class='ocr_par' dir='ltr' id='par_1_115' title="bbox 2092 4390 2307 4434">
     <span class='ocr_line' id='line_1_120' title="bbox 2092 4390 2307 4434; baseline -0.014 0"><span class='ocrx_word' id='word_1_842' title='bbox 2092 4390 2307 4434; x_wconf 86' lang='lat' dir='ltr'><strong>--sunt.</strong></span> 
     </span>
    </p>
   </div>
   <div class='ocr_carea' id='block_1_116' title="bbox 2170 4447 2720 4503">
    <p class='ocr_par' dir='ltr' id='par_1_116' title="bbox 2170 4447 2720 4503">
     <span class='ocr_line' id='line_1_121' title="bbox 2170 4447 2720 4503; baseline -0.011 0"><span class='ocrx_word' id='word_1_843' title='bbox 2170 4447 2184 4487; x_wconf 79' lang='grc' dir='ltr'><strong>ί</strong></span> <span class='ocrx_word' id='word_1_844' title='bbox 2230 4449 2295 4503; x_wconf 71' lang='grc' dir='ltr'><strong><em>η</em></strong></span> <span class='ocrx_word' id='word_1_845' title='bbox 2324 4448 2560 4501; x_wconf 84' lang='lat' dir='ltr'><strong>distracta</strong></span> <span class='ocrx_word' id='word_1_846' title='bbox 2588 4454 2720 4498; x_wconf 88' lang='lat' dir='ltr'><strong>sunt.</strong></span> 
     </span>
    </p>
   </div>
   <div class='ocr_carea' id='block_1_117' title="bbox 2015 4498 3605 4586">
    <p class='ocr_par' dir='ltr' id='par_1_117' title="bbox 2015 4498 3605 4586">
     <span class='ocr_line' id='line_1_122' title="bbox 2015 4498 3605 4586; baseline -0.004 -16"><span class='ocrx_word' id='word_1_847' title='bbox 2015 4498 2068 4558; x_wconf 79' lang='lat' dir='ltr'><strong>D</strong></span> <span class='ocrx_word' id='word_1_848' title='bbox 2166 4519 2179 4569; x_wconf 88' lang='lat' dir='ltr'><strong>i</strong></span> <span class='ocrx_word' id='word_1_849' title='bbox 2228 4498 2434 4586; x_wconf 27' lang='lat' dir='ltr'><strong>Cujré,</strong></span> <span class='ocrx_word' id='word_1_850' title='bbox 2452 4498 3044 4586; x_wconf 13' lang='lat' dir='ltr'><strong>27‘1‘Cons_tan_tius,_err.,</strong></span> <span class='ocrx_word' id='word_1_851' title='bbox 3070 4526 3223 4586; x_wconf 76' lang='lat' dir='ltr'><strong>quem</strong></span> <span class='ocrx_word' id='word_1_852' title='bbox 3251 4510 3407 4586; x_wconf 75' lang='lat' dir='ltr'><strong>_Re_in.</strong></span> <span class='ocrx_word' id='word_1_853' title='bbox 3438 4510 3605 4586; x_wconf 73' lang='lat' dir='ltr'><strong>tollit.</strong></span> 
     </span>
    </p>
   </div>
   <div class='ocr_carea' id='block_1_118' title="bbox 2164 4578 3657 4652">
    <p class='ocr_par' dir='ltr' id='par_1_118' title="bbox 2164 4578 3657 4652">
     <span class='ocr_line' id='line_1_123' title="bbox 2164 4578 3657 4652; baseline -0.006 -10"><span class='ocrx_word' id='word_1_854' title='bbox 2164 4586 2190 4626; x_wconf 79' lang='grc' dir='ltr'><strong>ιι</strong></span> <span class='ocrx_word' id='word_1_855' title='bbox 2228 4578 2631 4652; x_wconf 70' lang='grc' dir='ltr'><strong>ι,’ΤίΙ.-Βὶ⁶.</strong></span> <span class='ocrx_word' id='word_1_856' title='bbox 2658 4582 2842 4637; x_wconf 86' lang='lat' dir='ltr'><strong>Licini.</strong></span> <span class='ocrx_word' id='word_1_857' title='bbox 2870 4581 3007 4637; x_wconf 71' lang='lat'><strong>60.:</strong></span> <span class='ocrx_word' id='word_1_858' title='bbox 3045 4599 3064 4632; x_wconf 76' lang='grc' dir='ltr'>ι</span> <span class='ocrx_word' id='word_1_859' title='bbox 3088 4578 3372 4652; x_wconf 44' lang='lat' dir='ltr'><strong>Licinum</strong></span> <span class='ocrx_word' id='word_1_860' title='bbox 3394 4588 3475 4652; x_wconf 78' lang='lat' dir='ltr'><strong>est</strong></span> <span class='ocrx_word' id='word_1_861' title='bbox 3500 4579 3657 4633; x_wconf 80' lang='lat' dir='ltr'><strong>Lici-</strong></span> 
     </span>
    </p>
   </div>
   <div class='ocr_carea' id='block_1_119' title="bbox 2094 4648 3659 4726">
    <p class='ocr_par' dir='ltr' id='par_1_119' title="bbox 2094 4648 3659 4726">
     <span class='ocr_line' id='line_1_124' title="bbox 2094 4648 3659 4726; baseline -0.006 -13"><span class='ocrx_word' id='word_1_862' title='bbox 2094 4659 2165 4713; x_wconf 92' lang='lat' dir='ltr'><strong>nii</strong></span> <span class='ocrx_word' id='word_1_863' title='bbox 2196 4674 2209 4724; x_wconf 91' lang='lat'><strong>;</strong></span> <span class='ocrx_word' id='word_1_864' title='bbox 2239 4648 2354 4726; x_wconf 68' lang='lat' dir='ltr'><strong>qua:</strong></span> <span class='ocrx_word' id='word_1_865' title='bbox 2381 4653 2750 4726; x_wconf 77' lang='lat' dir='ltr'><strong>orthographia</strong></span> <span class='ocrx_word' id='word_1_866' title='bbox 2780 4654 2928 4726; x_wconf 73' lang='lat' dir='ltr'><strong>hujus</strong></span> <span class='ocrx_word' id='word_1_867' title='bbox 2949 4651 3165 4726; x_wconf 77' lang='lat' dir='ltr'><strong>codicis.</strong></span> <span class='ocrx_word' id='word_1_868' title='bbox 3203 4668 3223 4701; x_wconf 81' lang='lat' dir='ltr'><strong>s</strong></span> <span class='ocrx_word' id='word_1_869' title='bbox 3273 4649 3345 4703; x_wconf 82' lang='lat' dir='ltr'><strong>De</strong></span> <span class='ocrx_word' id='word_1_870' title='bbox 3374 4648 3562 4726; x_wconf 67' lang='lat' dir='ltr'><strong>eodem</strong></span> <span class='ocrx_word' id='word_1_871' title='bbox 3584 4660 3659 4726; x_wconf 57' lang='lat' dir='ltr'><strong>et</strong></span> 
     </span>
    </p>
   </div>
   <div class='ocr_carea' id='block_1_120' title="bbox 2095 4718 3656 4796">
    <p class='ocr_par' dir='ltr' id='par_1_120' title="bbox 2095 4718 3656 4796">
     <span class='ocr_line' id='line_1_125' title="bbox 2095 4718 3656 4796; baseline -0.004 -17"><span class='ocrx_word' id='word_1_872' title='bbox 2095 4718 2357 4796; x_wconf 72' lang='lat' dir='ltr'><strong>proximas</strong></span> <span class='ocrx_word' id='word_1_873' title='bbox 2386 4734 2494 4783; x_wconf 88' lang='lat' dir='ltr'><strong>tres</strong></span> <span class='ocrx_word' id='word_1_874' title='bbox 2520 4718 2665 4792; x_wconf 72' lang='lat' dir='ltr'><strong>léges</strong></span> <span class='ocrx_word' id='word_1_875' title='bbox 2694 4718 3060 4791; x_wconf 78' lang='lat' dir='ltr'><strong>intelligendas</strong></span> <span class='ocrx_word' id='word_1_876' title='bbox 3085 4734 3225 4785; x_wconf 82' lang='lat' dir='ltr'><strong>esse,</strong></span> <span class='ocrx_word' id='word_1_877' title='bbox 3267 4728 3411 4773; x_wconf 87' lang='lat' dir='ltr'><strong>recte</strong></span> <span class='ocrx_word' id='word_1_878' title='bbox 3435 4718 3528 4771; x_wconf 80' lang='lat' dir='ltr'><strong>lle.</strong></span> <span class='ocrx_word' id='word_1_879' title='bbox 3560 4718 3656 4772; x_wconf 85' lang='lat' dir='ltr'><strong>di-</strong></span> 
     </span>
    </p>
   </div>
   <div class='ocr_carea' id='block_1_121' title="bbox 2093 4796 3483 4867">
    <p class='ocr_par' dir='ltr' id='par_1_121' title="bbox 2093 4796 3483 4867">
     <span class='ocr_line' id='line_1_126' title="bbox 2093 4796 3483 4867; baseline -0.015 -16"><span class='ocrx_word' id='word_1_880' title='bbox 2093 4799 2181 4867; x_wconf 79' lang='lat' dir='ltr'><strong>cit.</strong></span> <span class='ocrx_word' id='word_1_881' title='bbox 2212 4796 2332 4851; x_wconf 77' lang='lat' dir='ltr'><strong>Vid.</strong></span> <span class='ocrx_word' id='word_1_882' title='bbox 2358 4804 2469 4849; x_wconf 91' lang='lat' dir='ltr'><strong>not.</strong></span> <span class='ocrx_word' id='word_1_883' title='bbox 2503 4810 2536 4844; x_wconf 80' lang='grc' dir='ltr'><strong>ιι</strong></span> <span class='ocrx_word' id='word_1_884' title='bbox 2558 4804 2610 4847; x_wconf 88' lang='lat' dir='ltr'><strong>et</strong></span> <span class='ocrx_word' id='word_1_885' title='bbox 2636 4809 2684 4845; x_wconf 90' lang='lat' dir='ltr'><strong>a.</strong></span> <span class='ocrx_word' id='word_1_886' title='bbox 3428 4856 3441 4867; x_wconf 72' lang='lat'>_</span> <span class='ocrx_word' id='word_1_887' title='bbox 3471 4856 3483 4867; x_wconf 31' lang='lat' dir='ltr'><strong>O</strong></span> 
     </span>
    </p>
   </div>
   <div class='ocr_carea' id='block_1_122' title="bbox 2167 4856 3654 4931">
    <p class='ocr_par' dir='ltr' id='par_1_122' title="bbox 2167 4856 3654 4931">
     <span class='ocr_line' id='line_1_127' title="bbox 2167 4856 3654 4931; baseline -0.005 -11"><span class='ocrx_word' id='word_1_888' title='bbox 2167 4865 2184 4905; x_wconf 83' lang='lat'>1</span> <span class='ocrx_word' id='word_1_889' title='bbox 2230 4868 2263 4919; x_wconf 74' lang='grc'><strong>4</strong></span> <span class='ocrx_word' id='word_1_890' title='bbox 2292 4875 2571 4919; x_wconf 87' lang='lat' dir='ltr'><strong>nostrorum</strong></span> <span class='ocrx_word' id='word_1_891' title='bbox 2618 4870 2943 4927; x_wconf 85' lang='lat' dir='ltr'><strong>nostrarum;</strong></span> <span class='ocrx_word' id='word_1_892' title='bbox 2998 4875 3240 4931; x_wconf 86' lang='lat' dir='ltr'><strong>quorum.</strong></span> <span class='ocrx_word' id='word_1_893' title='bbox 3294 4873 3347 4913; x_wconf 86' lang='lat' dir='ltr'><strong>v.</strong></span> <span class='ocrx_word' id='word_1_894' title='bbox 3392 4856 3654 4912; x_wconf 85' lang='lat' dir='ltr'><strong>ultimum</strong></span> 
     </span>
    </p>
   </div>
   <div class='ocr_carea' id='block_1_123' title="bbox 2090 4935 2502 4991">
    <p class='ocr_par' dir='ltr' id='par_1_123' title="bbox 2090 4935 2502 4991">
     <span class='ocr_line' id='line_1_128' title="bbox 2090 4935 2502 4991; baseline -0.01 0"><span class='ocrx_word' id='word_1_895' title='bbox 2090 4936 2194 4991; x_wconf 89' lang='lat' dir='ltr'><strong>del.</strong></span> <span class='ocrx_word' id='word_1_896' title='bbox 2224 4936 2369 4989; x_wconf 91' lang='lat' dir='ltr'><strong>rubr.</strong></span> <span class='ocrx_word' id='word_1_897' title='bbox 2398 4935 2502 4988; x_wconf 91' lang='lat' dir='ltr'><strong>col.</strong></span> 
     </span>
    </p>
   </div>
   <div class='ocr_carea' id='block_1_124' title="bbox 2158 5001 2966 5070">
    <p class='ocr_par' dir='ltr' id='par_1_124' title="bbox 2158 5001 2966 5070">
     <span class='ocr_line' id='line_1_129' title="bbox 2158 5001 2966 5070; baseline -0.007 -10"><span class='ocrx_word' id='word_1_898' title='bbox 2158 5015 2199 5043; x_wconf 74' lang='grc' dir='ltr'><strong>ιη</strong></span> <span class='ocrx_word' id='word_1_899' title='bbox 2236 5005 2334 5060; x_wconf 92' lang='grc' dir='ltr'><strong>ϐο.</strong></span> <span class='ocrx_word' id='word_1_900' title='bbox 2366 5005 2415 5058; x_wconf 90' lang='lat' dir='ltr'><strong>in</strong></span> <span class='ocrx_word' id='word_1_901' title='bbox 2445 5003 2643 5058; x_wconf 88' lang='lat' dir='ltr'><strong>Chron.</strong></span> <span class='ocrx_word' id='word_1_902' title='bbox 2673 5016 2820 5070; x_wconf 90' lang='lat' dir='ltr'><strong>prop.</strong></span> <span class='ocrx_word' id='word_1_903' title='bbox 2842 5001 2966 5055; x_wconf 85' lang='lat' dir='ltr'><strong>Jan.</strong></span> 
     </span>
    </p>
   </div>
   <div class='ocr_carea' id='block_1_125' title="bbox 2160 5063 3662 5138">
    <p class='ocr_par' dir='ltr' id='par_1_125' title="bbox 2160 5063 3662 5138">
     <span class='ocr_line' id='line_1_130' title="bbox 2160 5063 3662 5138; baseline -0.006 -9"><span class='ocrx_word' id='word_1_904' title='bbox 2160 5084 2188 5112; x_wconf 74' lang='grc' dir='ltr'><strong>ιι</strong></span> <span class='ocrx_word' id='word_1_905' title='bbox 2228 5075 2379 5129; x_wconf 81' lang='lat' dir='ltr'><strong>Rein.</strong></span> <span class='ocrx_word' id='word_1_906' title='bbox 2408 5089 2547 5127; x_wconf 90' lang='lat' dir='ltr'><strong>corr.</strong></span> <span class='ocrx_word' id='word_1_907' title='bbox 2574 5063 2883 5126; x_wconf 75' lang='lat' dir='ltr'><strong>Constantio.</strong></span> <span class='ocrx_word' id='word_1_908' title='bbox 2925 5076 3053 5125; x_wconf 84' lang='lat' dir='ltr'><strong>Aur.</strong></span> <span class='ocrx_word' id='word_1_909' title='bbox 3096 5067 3259 5138; x_wconf 76' lang='lat' dir='ltr'><strong>Lugd.</strong></span> <span class='ocrx_word' id='word_1_910' title='bbox 3285 5082 3390 5122; x_wconf 91' lang='lat' dir='ltr'><strong>om.</strong></span> <span class='ocrx_word' id='word_1_911' title='bbox 3429 5075 3474 5121; x_wconf 87' lang='lat' dir='ltr'><strong>et</strong></span> <span class='ocrx_word' id='word_1_912' title='bbox 3509 5063 3662 5121; x_wconf 87' lang='lat' dir='ltr'><strong>Con-</strong></span> 
     </span>
    </p>
   </div>
   <div class='ocr_carea' id='block_1_126' title="bbox 2090 5138 3123 5200">
    <p class='ocr_par' dir='ltr' id='par_1_126' title="bbox 2090 5138 3123 5200">
     <span class='ocr_line' id='line_1_131' title="bbox 2090 5138 3123 5200; baseline -0.009 0"><span class='ocrx_word' id='word_1_913' title='bbox 2090 5146 2308 5200; x_wconf 89' lang='lat' dir='ltr'><strong>stantino</strong></span> <span class='ocrx_word' id='word_1_914' title='bbox 2337 5142 2421 5198; x_wconf 89' lang='lat' dir='ltr'><strong>lll.</strong></span> <span class='ocrx_word' id='word_1_915' title='bbox 2452 5143 2569 5197; x_wconf 82' lang='lat' dir='ltr'><strong>Mox</strong></span> <span class='ocrx_word' id='word_1_916' title='bbox 2601 5142 2669 5195; x_wconf 89' lang='lat' dir='ltr'><strong>ibi</strong></span> <span class='ocrx_word' id='word_1_917' title='bbox 2698 5141 2944 5195; x_wconf 89' lang='lat' dir='ltr'><strong>scribitur</strong></span> <span class='ocrx_word' id='word_1_918' title='bbox 2972 5138 3123 5194; x_wconf 82' lang='lat' dir='ltr'><strong>Cons.</strong></span> 
     </span>
    </p>
   </div>
   <div class='ocr_carea' id='block_1_127' title="bbox 2161 5203 3607 5278">
    <p class='ocr_par' dir='ltr' id='par_1_127' title="bbox 2161 5203 3607 5278">
     <span class='ocr_line' id='line_1_132' title="bbox 2161 5203 3607 5278; baseline -0.006 -10"><span class='ocrx_word' id='word_1_919' title='bbox 2161 5224 2184 5252; x_wconf 88' lang='grc' dir='ltr'>ο</span> <span class='ocrx_word' id='word_1_920' title='bbox 2224 5215 2296 5267; x_wconf 80' lang='lat' dir='ltr'><strong>lla</strong></span> <span class='ocrx_word' id='word_1_921' title='bbox 2319 5215 2374 5277; x_wconf 64' lang='lat'><strong>4,</strong></span> <span class='ocrx_word' id='word_1_922' title='bbox 2401 5212 2500 5267; x_wconf 88' lang='lat' dir='ltr'><strong>Til.</strong></span> <span class='ocrx_word' id='word_1_923' title='bbox 2528 5242 2595 5253; x_wconf 87' lang='lat'><strong>——</strong></span> <span class='ocrx_word' id='word_1_924' title='bbox 2624 5209 2790 5278; x_wconf 78' lang='lat' dir='ltr'><strong>Lugd.</strong></span> <span class='ocrx_word' id='word_1_925' title='bbox 2824 5220 2877 5264; x_wconf 91' lang='lat' dir='ltr'><strong>et</strong></span> <span class='ocrx_word' id='word_1_926' title='bbox 2904 5210 3027 5273; x_wconf 86' lang='lat' dir='ltr'><strong>Be.;</strong></span> <span class='ocrx_word' id='word_1_927' title='bbox 3059 5206 3172 5278; x_wconf 83' lang='lat' dir='ltr'><strong>Cuj.</strong></span> <span class='ocrx_word' id='word_1_928' title='bbox 3201 5205 3441 5278; x_wconf 61' lang='grc' dir='ltr'><strong>εστ-ΒΡ.</strong></span> <span class='ocrx_word' id='word_1_929' title='bbox 3466 5203 3607 5260; x_wconf 64' lang='grc' dir='ltr'><strong>(ἔαξε.</strong></span> 
     </span>
    </p>
   </div>
   <div class='ocr_carea' id='block_1_128' title="bbox 2163 5275 3319 5348">
    <p class='ocr_par' dir='ltr' id='par_1_128' title="bbox 2163 5275 3319 5348">
     <span class='ocr_line' id='line_1_133' title="bbox 2163 5275 3319 5348; baseline -0.003 -14"><span class='ocrx_word' id='word_1_930' title='bbox 2163 5294 2190 5334; x_wconf 77' lang='lat' dir='ltr'><strong>p</strong></span> <span class='ocrx_word' id='word_1_931' title='bbox 2219 5281 2277 5336; x_wconf 84' lang='lat' dir='ltr'><strong>In</strong></span> <span class='ocrx_word' id='word_1_932' title='bbox 2301 5275 2466 5336; x_wconf 82' lang='lat' dir='ltr'><strong>literis</strong></span> <span class='ocrx_word' id='word_1_933' title='bbox 2493 5282 2611 5334; x_wconf 91' lang='lat' dir='ltr'><strong>tiam</strong></span> <span class='ocrx_word' id='word_1_934' title='bbox 2638 5275 2793 5348; x_wconf 74' lang='lat' dir='ltr'><strong>incip.</strong></span> <span class='ocrx_word' id='word_1_935' title='bbox 2825 5280 2914 5334; x_wconf 83' lang='lat' dir='ltr'><strong>l‘ol.</strong></span> <span class='ocrx_word' id='word_1_936' title='bbox 2941 5278 3039 5333; x_wconf 74' lang='lat'><strong>221</strong></span> <span class='ocrx_word' id='word_1_937' title='bbox 3060 5277 3087 5316; x_wconf 68' lang='grc' dir='ltr'>δ</span> <span class='ocrx_word' id='word_1_938' title='bbox 3117 5275 3233 5331; x_wconf 81' lang='lat' dir='ltr'><strong>cod.</strong></span> <span class='ocrx_word' id='word_1_939' title='bbox 3265 5275 3319 5348; x_wconf 55' lang='grc' dir='ltr'><strong>ρ.</strong></span> 
     </span>
    </p>
   </div>
   <div class='ocr_carea' id='block_1_129' title="bbox 2165 5343 3660 5408">
    <p class='ocr_par' dir='ltr' id='par_1_129' title="bbox 2165 5343 3660 5408">
     <span class='ocr_line' id='line_1_134' title="bbox 2165 5343 3660 5408; baseline -0.001 -5"><span class='ocrx_word' id='word_1_940' title='bbox 2165 5365 2192 5403; x_wconf 79' lang='lat' dir='ltr'><strong>q</strong></span> <span class='ocrx_word' id='word_1_941' title='bbox 2216 5354 2313 5408; x_wconf 92' lang='grc' dir='ltr'><strong>ϐο.</strong></span> <span class='ocrx_word' id='word_1_942' title='bbox 2342 5367 2445 5405; x_wconf 91' lang='lat' dir='ltr'><strong>em.</strong></span> <span class='ocrx_word' id='word_1_943' title='bbox 2473 5352 2674 5404; x_wconf 70' lang='lat' dir='ltr'><strong>exitium</strong></span> <span class='ocrx_word' id='word_1_944' title='bbox 2702 5343 2781 5403; x_wconf 79' lang='lat' dir='ltr'><strong>vel</strong></span> <span class='ocrx_word' id='word_1_945' title='bbox 2812 5350 3035 5403; x_wconf 73' lang='lat' dir='ltr'><strong>exiliunt.</strong></span> <span class='ocrx_word' id='word_1_946' title='bbox 3073 5362 3120 5401; x_wconf 94' lang='lat' dir='ltr'><strong>c.</strong></span> <span class='ocrx_word' id='word_1_947' title='bbox 3166 5349 3214 5400; x_wconf 77' lang='grc' dir='ltr'><strong>Ι.</strong></span> <span class='ocrx_word' id='word_1_948' title='bbox 3254 5345 3321 5400; x_wconf 84' lang='grc' dir='ltr'><strong>ϐ.</strong></span> <span class='ocrx_word' id='word_1_949' title='bbox 3353 5344 3452 5399; x_wconf 86' lang='lat' dir='ltr'><strong>Th.</strong></span> <span class='ocrx_word' id='word_1_950' title='bbox 3483 5343 3545 5397; x_wconf 88' lang='lat' dir='ltr'><strong>ad</strong></span> <span class='ocrx_word' id='word_1_951' title='bbox 3583 5345 3660 5400; x_wconf 91' lang='lat' dir='ltr'><strong>L.</strong></span> 
     </span>
    </p>
   </div>
   <div class='ocr_carea' id='block_1_130' title="bbox 2093 5412 3657 5500">
    <p class='ocr_par' dir='ltr' id='par_1_130' title="bbox 2093 5412 3657 5500">
     <span class='ocr_line' id='line_1_135' title="bbox 2093 5412 3657 5500; baseline -0.004 -24"><span class='ocrx_word' id='word_1_952' title='bbox 2093 5423 2281 5500; x_wconf 63' lang='lat' dir='ltr'><strong>Julian]</strong></span> <span class='ocrx_word' id='word_1_953' title='bbox 2312 5421 2380 5500; x_wconf 70' lang='lat' dir='ltr'><strong>de</strong></span> <span class='ocrx_word' id='word_1_954' title='bbox 2400 5421 2610 5500; x_wconf 75' lang='lat' dir='ltr'><strong>Ambitu</strong></span> <span class='ocrx_word' id='word_1_955' title='bbox 2644 5418 3078 5500; x_wconf 46' lang='grc' dir='ltr'><strong>ςμΧιεειίιὶυηι</strong></span> <span class='ocrx_word' id='word_1_956' title='bbox 3107 5412 3657 5500; x_wconf 45' lang='grc' dir='ltr'><strong>ἀερονςαιὶοτιξεῖϐρά,</strong></span> 
     </span>
    </p>
   </div>
   <div class='ocr_carea' id='block_1_131' title="bbox 2092 5487 3668 5556">
    <p class='ocr_par' dir='ltr' id='par_1_131' title="bbox 2092 5487 3668 5556">
     <span class='ocr_line' id='line_1_136' title="bbox 2092 5487 3668 5556; baseline -0.006 -8"><span class='ocrx_word' id='word_1_957' title='bbox 2092 5493 2225 5549; x_wconf 87' lang='lat' dir='ltr'><strong>Just.</strong></span> <span class='ocrx_word' id='word_1_958' title='bbox 2250 5491 2522 5556; x_wconf 74' lang='lat' dir='ltr'><strong>iussionem</strong></span> <span class='ocrx_word' id='word_1_959' title='bbox 2548 5492 2599 5542; x_wconf 89' lang='lat' dir='ltr'><strong>in</strong></span> <span class='ocrx_word' id='word_1_960' title='bbox 2623 5487 2991 5556; x_wconf 85' lang='lat' dir='ltr'><strong>dignitatianem</strong></span> <span class='ocrx_word' id='word_1_961' title='bbox 3012 5494 3358 5554; x_wconf 83' lang='lat' dir='ltr'><strong>competentent</strong></span> <span class='ocrx_word' id='word_1_962' title='bbox 3385 5487 3668 5549; x_wconf 63' lang='lat' dir='ltr'><strong>sortiatur;</strong></span> 
     </span>
    </p>
   </div>
   <div class='ocr_carea' id='block_1_132' title="bbox 2169 5511 2787 5618">
    <p class='ocr_par' dir='ltr' id='par_1_132' title="bbox 2169 5511 2787 5618">
     <span class='ocr_line' id='line_1_137' title="bbox 2169 5511 2787 5556; baseline -0.011 -10"><span class='ocrx_word' id='word_1_963' title='bbox 2169 5511 2225 5547; x_wconf 69' lang='grc' dir='ltr'><strong>ει.</strong></span> <span class='ocrx_word' id='word_1_964' title='bbox 2282 5511 2522 5545; x_wconf 83' lang='lat' dir='ltr'><strong>usstonem</strong></span> <span class='ocrx_word' id='word_1_965' title='bbox 2548 5511 2599 5542; x_wconf 77' lang='lat' dir='ltr'><strong>in</strong></span> <span class='ocrx_word' id='word_1_966' title='bbox 2623 5511 2787 5556; x_wconf 79' lang='lat' dir='ltr'><strong>asgmu</strong></span> 
     </span>
     <span class='ocr_line' id='line_1_138' title="bbox 2169 5511 2787 5618; baseline -0.011 0"><span class='ocrx_word' id='word_1_967' title='bbox 2169 5574 2189 5601; x_wconf 74' lang='grc' dir='ltr'><strong>τ</strong></span> <span class='ocrx_word' id='word_1_968' title='bbox 2226 5511 2325 5618; x_wconf 68' lang='grc' dir='ltr'><strong>(ίο.</strong></span> <span class='ocrx_word' id='word_1_969' title='bbox 2359 5563 2409 5614; x_wconf 89' lang='lat' dir='ltr'><strong>in</strong></span> <span class='ocrx_word' id='word_1_970' title='bbox 2432 5562 2628 5615; x_wconf 85' lang='lat' dir='ltr'><strong>Chron.</strong></span> <span class='ocrx_word' id='word_1_971' title='bbox 2660 5557 2787 5612; x_wconf 85' lang='lat' dir='ltr'><strong>Vlll.</strong></span> 
     </span>
    </p>
   </div>
   <div class='ocr_carea' id='block_1_133' title="bbox 2170 5622 3665 5694">
    <p class='ocr_par' dir='ltr' id='par_1_133' title="bbox 2170 5622 3665 5694">
     <span class='ocr_line' id='line_1_139' title="bbox 2170 5622 3665 5694; baseline -0.005 -7"><span class='ocrx_word' id='word_1_972' title='bbox 2170 5643 2193 5672; x_wconf 71' lang='grc'><strong>⁸</strong></span> <span class='ocrx_word' id='word_1_973' title='bbox 2220 5633 2291 5687; x_wconf 86' lang='lat' dir='ltr'><strong>Ita</strong></span> <span class='ocrx_word' id='word_1_974' title='bbox 2320 5631 2474 5687; x_wconf 86' lang='lat' dir='ltr'><strong>etiam</strong></span> <span class='ocrx_word' id='word_1_975' title='bbox 2505 5629 2632 5685; x_wconf 90' lang='lat' dir='ltr'><strong>Cod.</strong></span> <span class='ocrx_word' id='word_1_976' title='bbox 2665 5627 2800 5682; x_wconf 90' lang='lat' dir='ltr'><strong>Just.</strong></span> <span class='ocrx_word' id='word_1_977' title='bbox 2828 5667 2841 5691; x_wconf 92' lang='lat'><strong>,</strong></span> <span class='ocrx_word' id='word_1_978' title='bbox 2890 5626 2983 5681; x_wconf 89' lang='lat' dir='ltr'><strong>sed</strong></span> <span class='ocrx_word' id='word_1_979' title='bbox 3013 5625 3124 5694; x_wconf 90' lang='lat' dir='ltr'><strong>Cuj.</strong></span> <span class='ocrx_word' id='word_1_980' title='bbox 3156 5633 3201 5678; x_wconf 85' lang='lat' dir='ltr'><strong>et</strong></span> <span class='ocrx_word' id='word_1_981' title='bbox 3229 5622 3553 5694; x_wconf 66' lang='lat' dir='ltr'><strong>Constantino</strong></span> <span class='ocrx_word' id='word_1_982' title='bbox 3589 5624 3665 5680; x_wconf 79' lang='grc' dir='ltr'><strong>Α.</strong></span> 
     </span>
    </p>
   </div>
   <div class='ocr_carea' id='block_1_134' title="bbox 2103 5690 3670 5768">
    <p class='ocr_par' dir='ltr' id='par_1_134' title="bbox 2103 5690 3670 5768">
     <span class='ocr_line' id='line_1_140' title="bbox 2103 5690 3670 5768; baseline -0.007 -7"><span class='ocrx_word' id='word_1_983' title='bbox 2103 5703 2213 5768; x_wconf 74' lang='grc' dir='ltr'><strong>γιι.</strong></span> <span class='ocrx_word' id='word_1_984' title='bbox 2241 5709 2287 5758; x_wconf 85' lang='lat' dir='ltr'><strong>et</strong></span> <span class='ocrx_word' id='word_1_985' title='bbox 2310 5700 2597 5759; x_wconf 87' lang='lat' dir='ltr'><strong>Constantio</strong></span> <span class='ocrx_word' id='word_1_986' title='bbox 2622 5698 2748 5759; x_wconf 69' lang='lat' dir='ltr'><strong>Cas.</strong></span> <span class='ocrx_word' id='word_1_987' title='bbox 2780 5690 2919 5757; x_wconf 65' lang='lat' dir='ltr'><strong>eo...</strong></span> <span class='ocrx_word' id='word_1_988' title='bbox 2949 5696 3040 5755; x_wconf 76' lang='lat' dir='ltr'><strong>De.</strong></span> <span class='ocrx_word' id='word_1_989' title='bbox 3073 5690 3196 5753; x_wconf 76' lang='lat' dir='ltr'><strong>addi</strong></span> <span class='ocrx_word' id='word_1_990' title='bbox 3217 5694 3327 5754; x_wconf 83' lang='lat' dir='ltr'><strong>vult</strong></span> <span class='ocrx_word' id='word_1_991' title='bbox 3353 5690 3455 5751; x_wconf 86' lang='lat' dir='ltr'><strong>CC.</strong></span> <span class='ocrx_word' id='word_1_992' title='bbox 3476 5690 3670 5750; x_wconf 65' lang='lat' dir='ltr'><strong>Caue-</strong></span> 
     </span>
    </p>
   </div>
  </div>
