3944 6218
259 309 368 370 285

1419 325 1728 380 DECRETA
1773 326 1858 382 ET
1896 325 2487 384 CONSTITU'I'IONES.

3435 320 3538 374 ςὶ86

272 447 317 488 st
345 449 449 489 ean
475 452 576 492 vni
600 479 618 505 ,
677 453 793 495 ver.
824 455 945 496 suo
973 455 1111 496 nono
1139 455 1386 495 ABSENTIS
1422 457 1759 496 rsnrunsa'rtt
1797 457 1878 498 str
1905 443 1955 503 Α
1983 458 2119 512 mag.
2148 441 2319 497 Italica
2347 451 2392 498 α.
2425 441 2549 494 Post
2573 440 2706 494 alia:
2731 437 2807 493 Ne
2826 437 2854 479 ι’
2879 447 2962 491 tua
2985 435 3216 507 gravitas
3246 434 3483 502 0ccupu:i
3505 453 3543 483 l-

947 545 1228 589 POSSESSIO.

365 617 500 694 imp.
533 617 911 676 Constantinus
955 621 1018 676 Α.
1060 622 1264 677 Severo.
1294 621 1506 677 Judices
1545 623 1877 690 absentium,

305 713 394 779 qui
412 709 700 778 cujuslibet
732 711 814 766 rei
837 711 1172 781 possessione
1196 712 1382 782 privati
1410 722 1568 780 sunt,
1591 711 1881 781 suscipiam

311 802 368 857 in
389 803 504 870 jure
527 816 792 872 personas
816 842 830 867 ,
856 810 910 857 et
929 803 1253 858 auctoritatis
1283 818 1391 857 suae
1421 803 1757 857 formidabile
1785 803 1882 857 mi-

318 891 592 945 nisterium
620 891 908 962 objiciunt:
944 901 1099 963 atque
1140 893 1209 946 ita
1235 900 1479 948 tueantur
1506 893 1752 948 absentes
1777 933 1789 956 ,
1824 900 1883 946 ut

316 979 374 1034 id
399 980 568 1034 solum
613 980 898 1051 diligenter
926 982 1222 1052 inquirant,
1257 997 1321 1036 an
1345 983 1458 1052 ejus
1481 1026 1494 1049 ,
1533 983 1622 1052 qui
1651 982 1883 1052 quolibet

317 1072 480 1127 modo
515 1074 906 1142 peregrinatur,
938 1075 1203 1144 possessio
1231 1074 1401 1128 ablata
1442 1076 1543 1140 sit,
1575 1090 1733 1145 quam
1761 1089 1881 1144 pro-

319 1165 550 1234 pinquus
572 1205 587 1230 ,
618 1166 702 1219 vel
729 1179 923 1234 parens
946 1206 960 1232 ,
987 1166 1072 1220 vel
1103 1165 1370 1235 proximus
1392 1206 1406 1230 ,
1437 1167 1521 1220 vel
1549 1167 1769 1232 amicus,
1801 1166 1882 1220 vel

316 1254 540 1310 colonus
561 1295 577 1320 ,
605 1255 689 1309 vel
719 1253 940 1310 libertus
967 1271 1060 1312 seu
1087 1263 1270 1312 senius
1310 1255 1546 1326 quolibet
1575 1255 1725 1310 titulo
1757 1256 1882 1311 reti-

316 1345 512 1410 nebat;
539 1359 635 1400 nec
666 1360 793 1412 eos,
825 1347 914 1417 qui
938 1347 1127 1418 dejeeti
1167 1356 1319 1414 sunt,
1349 1347 1642 1404 absentium
1670 1348 1883 1402 nomine

312 1435 652 1507 possidentes
673 1479 687 1503 ,
714 1438 835 1508 quia
877 1439 1089 1494 minime
1131 1439 1260 1508 ipsis
1303 1437 1500 1493 decisio
1528 1454 1700 1493 causa:
1729 1453 1880 1492 man-

312 1524 440 1582 data
469 1527 573 1590 sit,
613 1525 681 1581 ab
725 1527 1046 1597 experiunda
1091 1543 1148 1582 re
1176 1527 1484 1582 secludunt:
1520 1543 1638 1594 nec,
1670 1527 1714 1580 si
1743 1528 1882 1582 servi

309 1618 422 1673 sint
444 1659 458 1683 ,
502 1632 683 1672 eortim
726 1620 967 1688 rejiciant
997 1621 1048 1673 in
1073 1619 1195 1690 jure
1225 1635 1512 1690 personas,
1550 1622 1671 1690 quia
1701 1620 1882 1690 hujus-

308 1707 461 1762 modi
491 1708 806 1764 conditionis
845 1709 1146 1767 hominibus
1173 1724 1360 1767 causas
1391 1724 1643 1780 perorare
1672 1711 1747 1764 fas
1775 1726 1880 1765 non

306 1799 400 1853 sit.
427 1799 534 1854 Sed
563 1810 679 1868 post
708 1800 886 1869 elapsa
917 1816 1125 1873 quoque
1149 1803 1318 1872 spatia
1358 1802 1730 1872 recuperanda:
1761 1818 1883 1872 pos-
1912 1814 1958 1872 Β

305 1888 565 1945 sessionis
594 1890 793 1961 legibus
817 1893 1108 1960 praestituta
1129 1935 1143 1958 ,
1173 1893 1393 1964 litigium
1427 1893 1503 1948 eis
1527 1893 1872 1951 inferentibus

305 1980 491 2047 largiri
513 1983 793 2035 convenit:
828 1991 882 2037 ut
909 1997 1001 2037 eos
1028 1983 1388 2038 momentarire
1420 1984 1638 2054 perinde
1668 1998 1873 2053 posscs-

303 2069 443 2123 sioni
475 2070 610 2138 (sine
653 2071 754 2125 ulla
783 2072 1132 2144 cunctatione)
1178 2076 1492 2139 restituant,
1533 2090 1596 2129 ac
1622 2074 1668 2129 si
1699 2090 1875 2130 rere:-

306 2173 401 2213 sus
429 2159 674 2215 dominus
699 2162 977 2233 Iitigasset.
1008 2162 1104 2219 Cui
1146 2173 1322 2219 tamen
1353 2164 1613 2237 (domino)
1640 2166 1876 2238 quolibet

309 2259 552 2318 tempore
573 2266 790 2306 reverso
811 2294 825 2319 ,
847 2254 1106 2308 actionem
1132 2256 1480 2322 possessionis
1503 2257 1874 2326 recuperanda:

310 2339 682 2408 indulgemus;
740 2343 860 2410 quia
892 2341 1002 2398 tieri
1050 2353 1220 2411 potest
1257 2353 1316 2398 ut
1355 2345 1616 2399 restitutio
1663 2355 1874 2415 propter

310 2446 499 2486 servos
526 2432 798 2497 infideles,
832 2429 912 2486 vel
937 2434 1258 2502 negligentes
1289 2435 1641 2503 propinquos,
1673 2436 1752 2490 vel
1786 2453 1873 2504 pa-

306 2531 490 2578 rentes
511 2563 524 2586 ,
556 2523 638 2576 vel
668 2523 936 2590 proximos
956 2564 970 2588 ,
1003 2523 1083 2577 vel
1122 2525 1350 2590 amicos,
1378 2525 1459 2577 vel
1502 2524 1723 2578 colonos
1746 2567 1758 2590 ,
1793 2525 1875 2579 vel

306 2613 529 2668 libertos
560 2614 761 2668 interea
792 2613 1086 2669 dilferatur.
1135 2614 1452 2670 Absentibus
1492 2616 1631 2671 enim
1662 2616 1876 2671 officere

310 2719 418 2759 non
450 2705 607 2760 debet
637 2714 844 2768 tempus
863 2720 1157 2769 emensum,
1181 2706 1318 2775 quod
1350 2706 1722 2774 recuperanda.-
1754 2721 1876 2776 pos-

306 2797 537 2850 sessioni
563 2796 764 2865 legibus
786 2797 1132 2865 praestitutum
1155 2804 1238 2851 est
1257 2815 1268 2849 :
1295 2797 1385 2852 sed
1410 2798 1694 2852 reformato
1714 2807 1874 2865 statu,

310 2889 401 2957 qui
457 2902 554 2959 per
583 2887 828 2957 injuriam
871 2889 1111 2943 sublatus
1138 2897 1256 2954 est,
1287 2890 1463 2943 omnia
1509 2905 1626 2959 qua:
1663 2906 1878 2959 supere-

316 2987 442 3033 runt
490 2977 554 3031 ad
603 2977 1041 3046 disceptationem
1091 2979 1237 3048 litigii
1300 2977 1613 3035 immutilata
1665 2995 1877 3049 perma-

311 3078 469 3124 neant
493 3085 504 3123 :
524 3068 726 3139 judicio
751 3080 963 3122 servato
979 3068 1134 3138 justis
1157 3070 1506 3140 legitimisque
1530 3071 1878 3143 (absentibus)

1981 534 2132 587 nibus
2161 533 2278 588 aliis
2308 533 2545 588 districta
2580 529 2876 600 hujusmodi
2906 529 3281 598 rescriptorum
3310 526 3534 580 cumulis

1983 634 2253 687 oneretur,
2303 622 2493 692 placuit
2542 622 2635 674 has
2677 621 2816 674 solas
2882 633 3097 672 caussas
3151 617 3387 686 gravitati
3441 620 3542 668 tuae

1980 712 2289 783 injungere,
2320 712 2374 766 in
2422 711 2609 781 quibus
2649 723 2873 779 persona
2925 707 3189 778 potentior
3235 704 3539 759 inferiorem

1981 816 2069 860 aut
2097 806 2352 860 minorem
2378 803 2607 874 judieem
2639 817 2877 873 premere
2900 810 3100 869 potest,
3132 809 3220 854 aut
3254 799 3355 853 tale
3383 813 3544 867 nego-

1983 898 2112 951 tium
2142 899 2397 967 emergit,
2445 894 2584 964 quod
2631 894 2681 948 in
2713 893 2999 964 praesidiali
3041 892 3241 961 judicio
3272 892 3542 948 terminari

1981 989 2059 1042 fas
2085 1003 2189 1041 non
2219 997 2332 1055 est,
2385 995 2474 1051 ut,
2526 983 2667 1055 quod
2697 995 2718 1024 ο
2754 999 2846 1054 per
2893 982 3110 1039 eosdem
3155 982 3408 1051 praesides
3455 982 3543 1036 diu

1981 1088 2260 1134 tractatum
2290 1076 2347 1146 (ι,
2397 1079 2533 1148 apud
2566 1085 2614 1131 te
2661 1076 2900 1131 debeat°
2941 1075 3229 1131 terminari.
3289 1075 3412 1129 Dat.
3478 1074 3537 1131 V.

1982 1171 2104 1225 Kal.
2157 1169 2313 1226 Mart.
2365 1167 2705 1233 Nicomediae,
2755 1166 2995 1223 Paullino
3052 1176 3095 1222 et
3145 1167 3355 1222 Iuliano
3400 1166 3539 1224 Coss.

2014 1261 2121 1315 525
2152 1299 2165 1312 .

1988 1262 2073 1386 (DE
2112 1263 2193 1386 sits
2229 1345 2344 1394 ουλε
2379 1327 2394 1366 ί
2427 1345 2493 1384 sx
2532 1344 2747 1384 PUBLICA
2784 1343 3103 1384 conuiuae
3141 1343 3328 1384 ILLATA
3367 1344 3424 1384 su
3439 1345 3502 1384 ur

2538 1415 2634 1454 NON
2675 1415 3004 1454 USURPANDIS.

2053 1490 2192 1561 Imp.
2243 1489 2597 1546 Constantinus
2837 1500 2861 1537 ε
2906 1489 3088 1543 Nullus
3130 1487 3363 1558 judicum
3412 1489 3460 1542 id
3494 1485 3544 1553 ιι,

1983 1582 2124 1653 quod
2155 1597 2181 1634 a
2211 1597 2268 1636 re
2299 1581 2499 1651 publica
2532 1597 2594 1636 ex
2622 1582 2901 1637 collatione
2929 1581 3240 1651 susceperit,
3274 1581 3435 1635 mutui
3468 1583 3546 1634 in-

1996 1677 2324 1730 tervcntione
2357 1675 2592 1744 Opposita
2629 1676 2708 1730 vel
2737 1675 2985 1736 invadat,
3035 1674 3117 1727 vel
3155 1682 3372 1727 conetur
3403 1674 3547 1727 iuva-

1983 1766 2126 1820 dere.
2147 1765 2568 1834 Dat.prid.Non.
2597 1765 2752 1820 Mart.
2789 1765 3002 1820 Treviris
3029 1764 3068 1831 ί,
3095 1763 3332 1819 Paullino
3354 1765 3366 1814 i
3389 1774 3434 1821 et
3454 1765 3551 1818 Jn-

1985 1857 2125 1913 liano
2157 1858 2304 1914 Cass.
2327 1859 2496 1932 (3‘25).

2561 1967 2629 2006 DE
2649 1965 2994 2007 POSTULANDO.

2045 2043 2183 2114 Imp.
2206 2043 2558 2098 Constantinus
2580 2043 2642 2096 Α.
2667 2042 2920 2096 Hel/adio.
2938 2042 3138 2112 Saepius
3154 2039 3545 2109 clariusqucuﬁ

1974 2129 2246 2188 advn’eatis
2287 2132 2663 2188 existimationi
2711 2148 2819 2187 sua:
2863 2133 3115 2187 immensa
3162 2140 3318 2202 atque
3365 2132 3546 2186 illicita

1973 2223 2282 2295 compendia
2309 2221 2648 2294 prmtulissel,
2673 2223 2883 2276 nomine
2906 2222 3368 2287 honorariornmm,
3385 2238 3445 2275 ex
3470 2224 3548 2290 ip-

1973 2317 2041 2370 sis
2070 2316 2299 2386 negotiis,
2337 2330 2448 2384 qua:
2487 2313 2670 2367 tuenda
2705 2314 3049 2381 susceperint,
3092 2311 3423 2366 emolumenta
3456 2309 3549 2364 sibi

1974 2417 2121 2461 certa:
2157 2406 2315 2474 partis
2347 2421 2458 2457 cum
2506 2403 2644 2473 gravi
2671 2403 2856 2455 damno
2898 2402 3163 2472 litigatoris
3204 2409 3247 2453 et
3291 2401 3550 2469 depra'tla—
3636 2457 3653 2470 κ

2003 2500 2116 2552 ione
2146 2510 2399 2568 poscentes
2413 2509 2460 2554 η.
2493 2497 2692 2553 Placuit
2724 2499 2928 2570 igitnr°,
2956 2509 3010 2552 ut
3039 2513 3228 2563 omnes,
3260 2497 3345 2568 qui
3379 2497 3429 2549 in
3456 2496 3550 2550 hu.

1991 2609 2162 2680 dicata
2212 2609 2372 2664 fuisse
2401 2610 2627 2680 dignitas
2657 2611 2769 2678 ejus
2795 2651 2810 2675 ,
2844 2620 2896 2662 ut
2945 2608 3155 2663 Paullus
3200 2624 3302 2662 non
3355 2608 3422 2662 sit
3452 2622 3548 2662 no-

1981 2695 2104 2734 men
2136 2679 2315 2742 Silvii,
2351 2681 2442 2734 scd
2466 2679 2571 2735 alia
2601 2694 2844 2748 persona.

2053 2759 2076 2786 ο
2108 2749 2250 2819 Mag.
2276 2751 2570 2819 signiﬁcare
2589 2746 2757 2817 potest
2783 2759 2833 2819 et
2856 2751 3146 2818 magistrum
3175 2746 3312 2814 quod
3337 2746 3546 2819 W.’ed.,

1975 2829 2029 2874 et
2059 2818 2441 2888 magistratum,
2473 2821 2610 2888 quod
2637 2820 2733 2873 Pu.
2791 2818 2968 2888 habet.
3003 2819 3290 2885 Utrumque
3344 2818 3549 2871 videtur

1977 2887 2196 2943 dubium
2227 2905 2344 2944 esse
2369 2931 2382 2951 ,
2417 2887 2534 2942 nam
2586 2889 2818 2959 Magistri
2869 2887 3038 2942 Italia:
3065 2902 3320 2956 nusquam
3354 2889 3548 2941 mentio

1980 2959 2038 3012 Iit
2063 2999 2075 3021 ,
2129 2971 2182 3011 ct
2213 2959 2349 3028 quod
2392 2959 2455 3012 ad
2487 2961 2834 3026 magistratum
2883 2960 3101 3017 attinet,
3150 2967 3296 3009 erant
3337 2972 3464 3011 sane
3497 2959 3544 3011 in

1981 3027 2410 3098 partibus’ltalim
2442 3029 2778 3098 magistratus
2799 3068 2811 3090 ,
2843 3036 2899 3079 ut
2926 3027 3263 3098 consulares,
3296 3037 3546 3090 rectores,

1984 3095 2335 3168 magistratum
2380 3095 2554 3152 autem
2601 3097 2802 3163 Italica,
2836 3112 2928 3168 pro
2955 3097 3206 3168 dignitate
3237 3095 3346 3162 ipsa
3369 3136 3382 3160 ,
3415 3112 3463 3147 v.
3499 3112 3546 3168 ς’.

317 3160 594 3229 personis:
625 3174 746 3213 cum
795 3160 948 3214 valde
976 3160 1202 3214 sufﬁciat
1232 3164 1620 3230 possessionem
1657 3165 1881 3217 tenenti-
1907 3174 1950 3234 ρ
1987 3160 2282 3234 consulari,
2314 3168 2628 3245 correctoris
2654 3168 2710 3245 in.
2735 3160 3165 3245 inscriptionibus
3186 3160 3359 3245 legum
3388 3165 3544 3245 poni,

320 3250 418 3304 bus
447 3251 742 3304 absentium
776 3250 987 3305 nomine
1008 3262 1189 3306 contra
1219 3253 1557 3321 prtesentium
1585 3253 1885 3308 violentiam

313 3340 603 3395 subveniri.
656 3339 781 3393 Dat.
816 3341 902 3396 10.
949 3340 1154 3394 Calend.
1186 3341 1457 3396 Novembr.
1502 3343 1886 3412 Constantinop.

316 3436 639 3488 Constantino
675 3433 769 3490 VII
796 3444 841 3488 et
889 3433 1154 3490 Constante
1201 3433 1258 3488 C.
1291 3433 1357 3489 lll
1410 3433 1548 3490 Cass.
1583 3433 1728 3506 (524)
1789 3437 1893 3508 (Ea:

317 3528 444 3583 (ἔθα.
471 3526 662 3597 In“).
873 3597 1009 3646 Anne
1029 3598 1219 3648 Domini
1240 3596 1347 3646 325.

741 3678 963 3733 Paulino
991 3689 1035 3733 et
1055 3679 1263 3732 Juliano
1293 3676 1436 3733 Coss.

887 3787 953 3826 DE
976 3785 1324 3826 INPIRIIANDIS.

401 3863 760 3918 Constantinus
781 3863 845 3916 A.
867 3862 933 3914 ad
950 3862 1206 3916 universos
1228 3859 1590 3915 Provinciales.
1615 3860 1847 3934 Tyranni
1862 3870 1888 3900 α

321 3965 376 4012 et
427 3955 664 4024 judicum
717 3953 832 4022 ejus
860 3953 1020 4022 gestis
1047 3952 1339 4017 infirmatis,
1390 3967 1546 4006 nemo
1572 3967 1664 4021 per
1688 3952 1889 4007 calum-

317 4047 459 4100 niam
485 4043 653 4099 velith
710 4043 846 4114 quod
872 4053 1057 4113 sponte
1087 4042 1198 4114 ipse
1223 4053 1243 4082 ο
1277 4042 1401 4097 fecit
1434 4039 1737 4108 evertered,
1797 4057 1894 4097 nec

315 4135 457 4206 quod
502 4135 736 4204 legitime
779 4143 981 4202 gestum
1025 4143 1173 4189 estC.
1229 4132 1351 4186 Dat.
1398 4133 1533 4201 prid.
1569 4132 1653 4187 Id.
1682 4132 1834 4188 Febr.
1869 4132 1888 4171 ί

325 4225 570 4279 Paullino
598 4233 643 4277 et
672 4223 884 4278 Juliano
905 4222 1045 4278 Coss.
1068 4221 1237 4293 (325.)

848 4331 915 4371 DE
939 4330 1148 4371 θεῇςιο
1172 4330 1396 4371 γιοΑιιιι.

393 4405 534 4480 Imp.
565 4406 920 4462 Constantinus
959 4409 1022 4463 Α.
1056 4409 1122 4462 ad
1167 4408 1549 4464 Silvium.......
1586 4418 1610 4457 ε
1640 4409 1890 4465 Paullum

319 4582 441 4622 rum
457 4564 604 4637 (Cod.
639 4565 1060 4637 Just._Carthcq.
1080 4575 1132 4620 et
1158 4567 1287 4622 Aur.
1312 4566 1477 4636 Lugd.
1508 4565 1659 4621 Cons.

391 4645 419 4706 ξι
455 4635 664 4706 Licinii.
710 4634 852 4706 Infra
883 4634 1018 4693 Aur.
1041 4636 1207 4706 Lugd.
1238 4634 1569 4701 inﬁrmitatis.

389 4705 418 4744 ι’
457 4705 490 4760 4
521 4708 670 4760 velid.
701 4705 1024 4774 Til.-—Ri‘,
1054 4705 1141 4761 vel,
1157 4707 1229 4759 id.
1290 4707 1452 4760 Recte
1480 4707 1570 4759 Be.
1602 4706 1667 4761 tle
1689 4706 1756 4775 cj.
1786 4707 1886 4762 Co.

315 4776 408 4830 ed.
439 4778 575 4842 velit,
603 4777 741 4844 quod
767 4786 1180 4830 consentaneum
1210 4788 1290 4831 est
1316 4777 1711 4844 orthographia:
1739 4778 1886 4831 codi-

319 4847 421 4900 cis.
471 4845 590 4899 Vid.
623 4857 731 4898 not.
762 4863 794 4916 y
825 4861 904 4914 sq.
935 4855 988 4900 et
1017 4846 1152 4899 infra
1180 4845 1319 4907 XVI,
1350 4847 1405 4910 8,
1439 4847 1526 4916 I9,
1558 4858 1669 4899 not.
1701 4850 1752 4898 It.

399 4926 420 4953 ε
462 4915 536 4968 Ita
567 4917 638 4979 4;
694 4915 804 4983 ipse
827 4924 1000 4982 sponte
1025 4925 1103 4971 est
1133 4916 1183 4969 in
1215 4915 1540 4984 Til.—an.
1569 4916 1661 4969 2‘.
1702 4916 1785 4969 Ri.
1818 4947 1888 4956 —

318 4985 417 5042 Be'
450 5003 464 5051 ;
492 4986 592 5040 Co.
627 5001 734 5039 om.
765 4985 891 5052 ipse.

399 5052 425 5092 ά
467 5055 580 5109 Fol.
613 5055 717 5109 389
739 5064 763 5091 λ
791 5055 911 5110 cod.
941 5056 994 5110 4.

402 5134 424 5162 ο
463 5123 521 5178 In
544 5126 664 5180 eod.
693 5124 726 5179 4
756 5134 871 5194 post
899 5125 1107 5179 estadd.
1132 5126 1418 5180 asteriscus
1457 5124 1616 5179 rubro
1643 5126 1744 5179 col.
1780 5125 1888 5179 Eo-

323 5195 596 5276 dem‘loco
621 5205 704 5276 est
734 5195 1092 5276 asteriscus-in
1123 5195 1243 5249 edd.
1269 5195 1580 5276 'l‘il_.-—Cuj.
1703 5195 1886 5276 (ευτ’).

328 5264 590 5319 Putabant
612 5265 754 5318 enim
787 5265 937 5334 primi
978 5265 1207 5318 editores
1261 5266 1519 5334 scriptura
1570 5267 1645 5317 vel
1700 5264 1753 5317 id
1806 5264 1890 5318 in-

325 5336 472 5405 ducti
501 5334 631 5405 (vid.
665 5331 914 5405 not.'uu),
967 5335 1154 5388 deesse
1181 5331 1381 5405 aliquid
1405 5337 1456 5388 in
1483 5343 1717 5389 extrema
1751 5335 1884 5405 lege.

326 5404 444 5460 Jam
473 5403 645 5456 oratio
674 5403 915 5457 absoluta
945 5413 1044 5458 est.

401 5474 420 5512 ι
463 5472 562 5545 Co.
591 5474 648 5545 in
678 5473 873 5545 Chron.
908 5473 960 5525 It.
987 5488 1035 5528 c.
1070 5472 1378 5529 Nicomedim
1401 5473 1576 5529 datam
1628 5489 1746 5530 esse
1793 5490 1888 5545 pu-

322 5552 420 5598 tat.
451 5543 507 5606 4,
537 5542 661 5597 edd.
698 5540 938 5596 Paulino.

395 5624 419 5660 ε
446 5615 519 5667 lta
551 5612 602 5666 5.
647 5612 976 5684 Esciderunt
1002 5628 1128 5684 ergo
1149 5613 1200 5669 in
1247 5623 1487 5670 extremo
1511 5631 1665 5670 versu
1695 5630 1884 5671 novem

320 5685 488 5740 literae
519 5693 643 5754 post
695 5680 914 5754 Silvium
935 5723 947 5745 ,
989 5680 1273 5754 ert'quibus
1299 5695 1550 5754 apparet,
1583 5686 1885 5741 mendosam

316 5769 434 5814 esse
457 5750 805 5825 scripturam.
832 5750 964 5811 Post
992 5750 1212 5814 Silvium
1245 5750 1452 5815 videtur
1483 5750 1545 5814 iu
1565 5755 1627 5815 C.
1672 5756 1771 5814 Th.
1800 5755 1887 5814 in-

1994 3253 2096 3292 non
2128 3240 2394 3293 recordor.
2425 3240 2503 3292 Cl.
2544 3237 2795 3291 Vicarium
2829 3235 3025 3297 Italica,
3059 3235 3197 3303 quod
3234 3235 3389 3288 nnnis
3417 3251 3443 3285 a
3476 3236 3549 3288 si-

1992 3309 2078 3377 glo
2104 3308 2299 3377 endicis
2325 3320 2579 3363 remotum
2609 3319 2706 3362 est.
2744 3307 2984 3360 Fortasse
3017 3306 3066 3360 in
3095 3304 3274 3358 codice
3296 3305 3545 3377 scriptum

1993 3374 2106 3432 erat
2132 3375 2243 3448 ῦῆῖ.
2277 3395 2337 3433 ex
2365 3395 2466 3448 quo
2493 3380 2736 3432 librarius
2760 3377 2880 3431 fecit
2909 3377 3112 3448 paulum
3139 3391 3271 3443 tnag.
3305 3374 3447 3448 Hunc

1997 3443 2319 3513 probabilem
2349 3443 2469 3503 facit
2495 3465 2596 3502 non
2620 3449 2786 3502 solum
2811 3463 2861 3499 v.
2888 3447 3102 3512 gravitas
3130 3453 3243 3506 tua,
3269 3443 3361 3496 sed
3389 3448 3544 3496 etiam

1996 3517 2121 3572 illud
2145 3560 2158 3581 ,
2191 3519 2326 3585 quod
2357 3519 2508 3587 hujus
2536 3533 2583 3571 a.
2621 3518 2791 3570 nullus
2825 3516 2960 3587 alius
2999 3513 3272 3587 lutufectus
3304 3513 3550 3587 prmiorio

1995 3588 2155 3657 Italia:
2181 3583 2546 3657 cognitus'est.
2580 3588 2777 3640 Tamen
2822 3585 2874 3657 in
2905 3600 2961 3638 re
3004 3583 3182 3657 dubia
3211 3583 3550 3652 :tequiesccn-

1995 3653 2269 3780 dult’nﬁeslse'
2296 3659 2474 3730 putavi
2503 3659 2555 3714 in
2591 3657 2701 3728 ipsa
2733 3656 2991 3726 scriptura
3021 3653 3234 3708 codicis.

2234 3745 2278 3780 ο.

2121 3730 2156 3784 5
2185 3730 2278 3784 De.

2069 3798 2150 3868 ‘35
2179 3815 2320 3868 quos.
2352 3799 2444 3854 Pu.
2476 3817 2595 3868 qua.

2066 3865 2092 3904 ά
2262 3871 2329 3939 cj.
2363 3860 2594 3923 tractum.
2628 3867 2730 3939 sed
2760 3866 2866 3921 vid.
2923 3879 2970 3920 C.
2998 3863 3032 3918 4
3054 3905 3068 3932 ,
3125 3863 3188 3919 I0
3208 3903 3222 3930 ,
3266 3860 3365 3929 12,
3394 3863 3460 3917 15
3487 3861 3548 3919 C.

1998 3938 2098 3992 Th.
2131 3938 2196 3992 de
2221 3938 2428 4007 Legatis
2461 3940 2570 4005 (XII
2593 3982 2605 4003 ,
2639 3938 2746 4009 η).

2072 4019 2095 4078 ξ’
2125 4011 2157 4063 5
2183 4002 2406 4063 debeant.
2437 4002 2530 4064 Pu.
2563 4002 2743 4064 errore
2774 4017 2880 4078 lyp.
2909 4005 3074 4070 debet,
3105 4003 3230 4074 imp.
3269 4002 3452 4058 Schro.

2072 4076 2090 4114 ί
2132 4080 2163 4133 4
2189 4081 2296 4148 qui,
2328 4081 2487 4135 rubro
2513 4081 2614 4133 col.
2648 4095 2752 4134 em.
2781 4076 2910 4149 ante.

2069 4157 2093 4194 8
2133 4142 2463 4204 ῡόθεῐαιὶςηιι
2497 4151 2547 4203 in
2579 4149 2706 4203 Cod.
2738 4142 2871 4203 JuSt.
2925 4146 2965 4200 is
2995 4145 3059 4199 ad
3086 4159 3238 4214 quem
3267 4143 3319 4214 h.
3353 4157 3401 4196 c.
3432 4142 3550 4198 data

1997 4227 2096 4290 est.
2127 4221 2288 4274 Error
2317 4221 2470 4290 igitur
2496 4219 2702 4275 videtur
2731 4220 2829 4290 ipsi
2858 4216 3036 4277 Codici
3061 4215 3160 4270 Th.
3195 4213 3382 4268 insitus
3412 4227 3549 4269 esse.

1998 4288 2116 4342 Vid.
2146 4298 2256 4344 not.
2291 4288 2359 4344 nt.

2068 4355 2096 4396 ¹ι
2133 4359 2261 4413 Cod.
2295 4359 2428 4414 Just.
2459 4374 2565 4412 om.
2590 4361 2660 4413 id.

2074 4427 2090 4465 ί
2134 4428 2263 4483 Cod.
2305 4429 2437 4484 Just.
2474 4428 2713 4484 Treveris.
2747 4433 2975 4489 Treviris
3009 4444 3112 4482 non
3147 4426 3240 4481 fuit
3280 4425 3378 4478 hoc
3413 4439 3550 4479 anno

1997 4499 2372 4553 Constantinus
2391 4500 2483 4562 M.,
2510 4515 2687 4555 verum
2713 4505 2762 4558 in
2793 4502 3093 4557 Macedonia
3123 4511 3175 4552 et
3207 4497 3255 4549 in
3286 4496 3550 4564 Bithynia.

1913 4543 1967 4603 Ι)
1993 4543 2687 4642 ééf'i'giiiiﬁ'éi33392]:“61'
2701 4543 2762 4642 ῤ’]
2785 4543 3262 4629 satiatatum".
3287 4543 3553 4634 signa;

1992 4640 2098 4692 dita
2124 4639 2236 4692 scil.
2270 4639 2348 4692 Pf.
2381 4639 2438 4694 P.
2472 4639 2776 4696 Galliarum.

2064 4712 2077 4759 t
2127 4710 2180 4770 4,
2214 4709 2331 4763 edd.
2366 4709 2494 4764 Cod.
2523 4711 2659 4765 Just.
2688 4713 2926 4766 Paulino.
2958 4711 3073 4764 Fol.
3104 4709 3237 4764 283"
3263 4705 3381 4759 cod.
3413 4707 3465 4760 ﬁ...

2062 4777 2085 4814 ιι
2130 4777 2328 4833 Desunt
2359 4783 2455 4833 huc
2486 4780 2619 4842 loco,
2648 4784 2786 4836 serie
2817 4783 3079 4835 literarum
3111 4779 3228 4832 cod.
3264 4779 3285 4829 l
3321 4794 3346 4827 a
3370 4776 3428 4828 1".
3463 4791 3554 4828 cx-

1992 4847 2143 4901 hibiti
2170 4860 2398 4916 spectata
2428 4850 2656 4916 quinque
2683 4853 2895 4917 litterae,
2923 4852 3018 4905 etsi
3044 4852 3100 4904 P.
3126 4850 3362 4902 lacunam
3388 4845 3551 4898 tribus

1990 4926 2190 4992 tantum
2217 4920 2419 4992 punctis
2448 4919 2663 4992 indicat.
2687 4923 2747 4977 P.
2772 4938 2924 4992 quem
2950 4921 3042 4974 Pu.
3071 4930 3279 4973 secutus
3306 4929 3405 4981 es:,
3424 4930 3552 4992 snp-

1991 4989 2097 5061 plet
2126 4989 2327 5052 accidit,
2370 4991 2520 5058 itnpr.
2553 4989 2663 5055 W.,
2705 4987 2801 5061 qui
2836 5007 2985 5059 prop.
3019 4999 3292 5061 noscuntur
3329 5003 3373 5061 s_.
3397 4987 3552 5061 _in_ve-

1993 5055 2201 5110 ninntur
2229 5055 2470 5124 advocati,
2516 5069 2696 5114 contra
2721 5055 3048 5129 scriptu-ram
3089 5058 3230 5123 cnd.,
3274 5057 3363 5129 qui,
3393 5055 3553 5129 habet.

1989 5128 2261 5180 advocatis.
2299 5129 2433 5196 ligo,
2462 5132 2706 5198 quoniam
2731 5127 2861 5184 nihil
2892 5130 3108 5183 inveniri
3143 5142 3293 5198 posse
3322 5127 3547 5198 videtur,

1992 5198 2129 5270 quod
2155 5200 2444 5270 (conveniat
2469 5197 2489 5265 ,7
2526 5200 2758 5255 codicem
2807 5200 3194 5270 repraesentavi.
3235 5197 3367 5251 Cod.
3409 5197 3546 5251 Just.

1993 5267 2162 5335 Siqui
2188 5268 2544 5321 advocatorum
2573 5267 2946 5324 existimationi.

2065 5333 2099 5374 ι’
2125 5333 2254 5390 Cod.
2296 5337 2430 5390 Just.
2455 5337 2574 5392 add.
2600 5342 2710 5394 sub.

2059 5415 2099 5442 ιη
2142 5407 2194 5458 In
2218 5422 2266 5458 v.
2309 5407 2607 5463 honorarior
2635 5411 2826 5464 desinit
2860 5411 3036 5465 folium
3070 5411 3278 5464 tertium
3322 5408 3440 5462 cod.
3488 5410 3546 5474 I;

1989 5491 2112 5548 qua}
2133 5486 2423 5548 sequuntur
2445 5478 2609 5534 literis
2632 5481 2894 5534 inclinatis
2925 5479 3289 5548 impressa.W.
3321 5481 3549 5533 restituit

1992 5561 2052 5599 ex
2077 5544 2207 5599 Cod.
2249 5547 2408 5608 Just.,
2444 5549 2511 5601 ita
2536 5560 2729 5612 tamen,
2753 5544 3140 5603 utscntentiam
3181 5557 3376 5600 tantmn
3401 5564 3550 5602 secu-

1991 5623 2072 5669 lus
2102 5615 2202 5679 sit,
2235 5626 2448 5684 propter
2474 5629 2721 5673 mutatam
2749 5620 2906 5673 totius
2931 5620 3189 5674 orationis
3210 5628 3546 5674 structuram.

2059 5694 2084 5721 η
2124 5685 2254 5739 Cod.
2281 5685 2413 5740 Just.
2448 5687 2570 5742 add.
2596 5690 2779 5756 fuerint
2803 5691 3006 5745 inventi.

2063 5764 2086 5790 ο
2124 5756 2254 5812 Cod.
2288 5755 2421 5815 Just.
2447 5772 2553 5815 om.
2581 5760 2751 5829 igitur.
