3920 6218
228 296 374 352 1013

1006 288 1277 345 (ᾺΝοιυι
1320 280 1558 342 ARIANI
1593 277 1795 335 LIBER
1840 276 1927 334 DE
1963 273 2457 333 GENERATIONE
2500 272 2751 329 DIVINA.

3372 270 3509 324 1014

232 410 561 474 taverimus;
610 415 784 465 tamen
834 403 1037 472 plenius
1092 401 1424 471 requiramus
1479 398 1533 453 in
1577 412 1679 468 qua
1733 394 1822 450 die
1847 396 1898 454 A
1922 388 2101 444 omnia
2131 396 2497 442 consummata
2527 387 2827 440 invenimus
2856 398 2975 439 esse
2998 424 3012 448 ,
3044 392 3100 438 ut
3125 390 3275 438 sexta
3306 380 3395 437 die
3422 382 3513 436 dc-

235 504 403 559 homo
446 500 615 555 factus
643 498 745 564 sit,
776 504 953 551 utrum
984 495 1166 566 quinta
1195 493 1280 547 die
1316 501 1408 546 aut
1435 498 1616 555 sexta,
1651 496 1709 542 ut
1736 487 1821 540 in-

236 595 484 649 veniatur
509 603 731 659 vespera
763 587 806 640 si
844 586 989 657 prior
1027 594 1108 639 est
1137 600 1167 637 a
1196 581 1475 636 matutino.
1511 579 1650 634 Dixit
1678 578 1821 632 enim

240 689 386 744 Deus
409 704 423 739 :
450 682 725 738 Faciamus
765 679 1020 733 hominem
1048 676 1114 729 ad
1151 675 1427 743 imaginem
1453 681 1500 726 et
1527 666 1826 724 similitudi-

238 794 360 833 nem
400 782 644 829 nostram.
696 769 761 823 Et
801 769 920 839 fecit
962 767 1100 820 Deus
1127 764 1381 819 hominem
1414 777 1433 815 :
1460 762 1528 815 ad
1555 760 1826 829 imaginem

240 866 341 923 Dei
368 865 484 935 fecit
510 863 655 916 illum
683 876 701 914 :
730 858 1012 912 masculum
1036 864 1083 909 et
1112 854 1358 923 {carinam
1383 852 1501 921 fecit
1526 866 1630 917 eos,
1661 849 1827 902 dedit-

240 975 341 1029 que
364 958 470 1011 illis
510 970 655 1008 omne
693 951 936 1023 pabulum
974 949 1042 1001 ad
1072 963 1257 1003 escam.
1292 945 1358 999 Et
1388 944 1583 1013 factum
1611 951 1682 996 est
1717 956 1827 995 ues-

244 1068 370 1124 pera
389 1092 403 1116 ,
432 1060 477 1105 et
506 1048 700 1120 factum
724 1055 797 1101 est
821 1061 971 1099 mane
996 1045 1102 1117 dies
1127 1049 1297 1097 sextus
1351 1038 1529 1112 (Gem,
1556 1054 1597 1104 1,
1632 1039 1733 1103 26,
1758 1037 1828 1091 27

246 1156 293 1200 et
320 1144 445 1217 51).
482 1141 631 1199 Unde
662 1144 705 1194 si
744 1139 998 1193 matutina
1027 1138 1124 1190 ista
1157 1134 1225 1190 de
1248 1143 1398 1189 sexta
1428 1134 1514 1188 die
1542 1141 1644 1199 est,
1670 1132 1832 1186 homo

245 1252 375 1306 ergo
427 1235 607 1303 quinta
645 1232 733 1286 die
761 1230 927 1285 factus
951 1237 1053 1283 est.
1098 1227 1227 1281 Nam
1272 1226 1318 1280 si
1344 1237 1491 1281 sexta
1533 1225 1621 1279 die
1664 1223 1833 1281 lactus

246 1337 332 1384 est
349 1367 364 1392 ,
392 1326 719 1396 approbatur
748 1323 1003 1378 matutina
1023 1321 1124 1376 ista
1144 1320 1211 1374 de
1231 1318 1457 1389 septima
1482 1317 1568 1372 die
1591 1332 1711 1372 esse
1731 1358 1746 1381 ,
1776 1317 1830 1374 in

246 1436 352 1491 qua
400 1420 539 1473 Deus
576 1416 855 1486 requievit.
900 1413 1050 1481 Quod
1087 1413 1133 1468 si
1184 1411 1446 1475 minimer
1494 1409 1657 1463 redde
1706 1408 1833 1465 mihi

250 1516 340 1569 hic
394 1525 555 1582 opera
616 1508 752 1564 sexti
801 1493 905 1561 diei
953 1506 1041 1560 ubi
1090 1512 1254 1569 sunt,
1310 1517 1418 1572 quo
1469 1510 1835 1560 consummata

249 1613 378 1660 sunt
417 1604 596 1659 omnia
647 1615 768 1669 quas
811 1598 899 1653 die
945 1605 1097 1652 sexto
1138 1594 1274 1650 facta
1310 1607 1431 1648 esse
1455 1592 1606 1649 dixit.
1637 1592 1836 1660 Quinto

248 1707 430 1753 autem
458 1695 543 1750 die
577 1695 790 1749 invenio
820 1704 984 1761 aquas
1020 1687 1338 1760 produxisse
1359 1727 1373 1748 .
1421 1685 1628 1754 reptilia
1675 1695 1834 1754 alque

1925 480 2194 544 ﬁniamus,
2219 480 2384 534 Deum
2402 479 2468 532 ab
2489 478 2741 532 omnibus
2757 476 3005 546 operibus
3028 477 3141 530 suis
3162 473 3508 543 requievisse.

1924 571 2074 638 Quod
2115 570 2157 625 si
2202 578 2321 638 post
2348 584 2603 639 aquarum
2645 567 2973 623 creationem
3020 567 3287 636 intelligas
3319 580 3511 640 vespe-

1926 680 2041 720 ram
2066 707 2079 731 ,
2110 664 2350 718 invenire
2381 662 2579 731 poteris
2623 676 2726 715 non
2757 661 2930 730 quarti
2959 659 3062 714 diei
3090 659 3351 730 principia
3374 699 3387 723 ,
3416 656 3509 711 sed

1927 757 2126 827 quinta:
2154 755 2333 809 noctis
2367 754 2532 807 initia.
2561 746 2712 819 Quod
2754 751 2797 804 si
2831 766 3016 806 verum
3046 760 3127 804 est
3153 791 3167 813 ,
3198 749 3512 803 matutinum

1930 846 2103 909 istud,
2133 844 2271 915 quod
2322 851 2442 912 post
2479 857 2755 912 vesperam
2794 841 3116 910 appellatum
3158 847 3272 903 est,
3303 854 3407 892 non
3448 838 3513 891 ad

1930 938 2169 1008 quintam
2200 936 2341 988 diem
2385 935 2652 1002 pertinere
2673 972 2687 997 ,
2716 931 2810 986 sed
2851 930 2915 984 ad
2946 939 3149 984 sextam
3170 971 3182 993 ,
3216 929 3335 998 quia
3369 930 3419 981 in
3452 944 3517 983 cn

1932 1030 2195 1096 scriptura
2248 1027 2404 1081 docet
2452 1041 2585 1089 nos,
2631 1024 2771 1094 quod
2819 1024 2979 1077 homo
3026 1022 3197 1078 factus
3222 1032 3321 1077 est.
3367 1021 3518 1076 Unde

1934 1132 2056 1190 post
2083 1120 2339 1175 facturam
2370 1118 2610 1187 ejusdem
2639 1117 2870 1171 hominis
2901 1130 3177 1186 vesperam
3219 1109 3411 1169 factam
3440 1113 3519 1167 di-

1934 1217 2039 1276 cit.
2073 1222 2128 1267 et
2157 1211 2477 1266 matutinum
2504 1253 2518 1275 ,
2553 1209 2692 1279 quod
2728 1225 2853 1264 vere
2882 1207 3097 1279 septimi
3127 1207 3230 1261 diei
3262 1216 3343 1261 est
3369 1206 3515 1274 priu-

1934 1306 2152 1375 cipium.
2194 1304 2251 1358 In
2303 1305 2420 1373 ipso
2465 1303 2607 1357 enim
2660 1302 2920 1355 matutino
2973 1299 3236 1370 requievit
3278 1298 3417 1353 Deus
3454 1298 3520 1351 ab

1935 1396 2183 1450 omnibus
2217 1395 2469 1464 operibus
2500 1392 2639 1457 suis,
2668 1408 2786 1461 qua:
2816 1404 3049 1459 coeperat
3091 1391 3263 1445 facere
3292 1408 3303 1442 :
3336 1406 3438 1443 non
3468 1390 3517 1442 in

1937 1501 2160 1556 vespera
2209 1501 2328 1555 qua:
2368 1483 2505 1537 sexti
2549 1482 2655 1537 diei
2709 1482 2983 1552 sequentia
3030 1490 3166 1535 erat.
3212 1479 3291 1534 Tu
3338 1494 3518 1538 nunc.

1938 1580 2128 1642 amice,
2160 1576 2403 1647 perspice
2439 1575 2648 1645 planius
2677 1574 2992 1638 lectionem,
3026 1582 3079 1627 et
3111 1574 3189 1626 iac
3227 1572 3405 1626 animo
3432 1582 3521 1624 tuo

1940 1672 2103 1736 satis,
2155 1685 2261 1724 non
2306 1683 2465 1738 posse
2507 1676 2718 1721 noctem
2761 1665 2999 1735 prmponi
3045 1664 3194 1730 diei,
3236 1664 3316 1718 sic
3348 1678 3521 1732 neque

249 1791 521 1852 volatilia;
578 1803 685 1842 non
731 1785 1001 1841 hominem
1024 1822 1038 1847 ,
1070 1783 1157 1851 qui
1201 1779 1269 1835 de
1318 1787 1457 1834 terra
1506 1780 1673 1832 lactus
1713 1792 1834 1831 cum
1865 1774 1914 1833 B
1944 1779 2222 1835 vesperam
2254 1763 2544 1824 matutino,
2569 1761 2622 1813 in
2655 1774 2761 1829 quo
2789 1768 2940 1812 actus
2964 1766 3018 1811 et
3050 1771 3184 1827 opus
3207 1756 3311 1811 diei
3334 1754 3521 1809 delini-

250 1879 671 1955 quadripedibus
711 1885 766 1931 et
793 1875 978 1932 bestiis
1030 1884 1207 1927 terrae.
1253 1869 1405 1938 Quod
1445 1869 1490 1923 si
1528 1869 1708 1938 quinta
1750 1866 1838 1922 die

252 1974 419 2029 homo
467 1985 588 2025 cum
640 1965 963 2036 supradictis
1014 1962 1182 2017 lactus
1224 1969 1355 2015 est:
1389 1974 1559 2027 neque
1603 1972 1665 2012 ea
1718 1972 1838 2027 quae

251 2079 406 2135 aqua:
444 2060 816 2132 produxerunt
852 2055 1187 2119 invenimus,
1219 2066 1389 2121 neque
1422 2051 1509 2105 illa
1540 2064 1661 2120 quae
1688 2058 1837 2103 sexta

252 2158 341 2213 die
368 2161 738 2211 consummata
784 2157 930 2205 sunt.
979 2147 1044 2201 Et
1080 2142 1350 2217 quomodo
1398 2140 1670 2211 Scriptura
1711 2140 1842 2193 dicit

250 2250 480 2319 septima
522 2247 608 2302 die
645 2241 970 2312 requievisse
1002 2240 1166 2293 Deum
1207 2236 1276 2290 ab
1316 2232 1562 2287 omnibus
1588 2230 1839 2301 operibus

252 2344 370 2399 suis
394 2384 410 2409 ,
436 2339 651 2411 quando
683 2337 897 2393 invenio
924 2340 1043 2403 post
1084 2329 1354 2385 hominem
1380 2336 1433 2383 et
1472 2340 1534 2382 ea
1565 2339 1685 2396 qua:
1716 2338 1838 2378 cum

253 2434 475 2491 homine
504 2440 626 2486 sunt
661 2429 799 2483 facta
824 2468 838 2492 ,
866 2429 1289 2480 consummatam
1323 2432 1443 2473 esse
1468 2430 1684 2471 omnem
1712 2428 1839 2482 ope-

255 2542 372 2585 ram
399 2539 564 2595 quam
603 2523 742 2577 Deus
777 2519 1082 2575 initiaverat
1124 2510 1338 2569 iacere?
1364 2508 1550 2580 Itaque
1583 2508 1626 2561 si
1656 2505 1842 2576 quinta

256 2620 346 2675 die
380 2617 543 2671 homo
578 2623 633 2671 et
672 2627 833 2683 supra
862 2616 1158 2667 memorata
1190 2604 1328 2660 facta
1356 2611 1513 2668 sunt,
1547 2597 1728 2669 quinta
1756 2595 1843 2651 die

1942 1867 2054 1911 tum
2086 1855 2417 1919 ostenditur,
2451 1863 2504 1908 ει
2530 1852 2607 1906 εἰε
2643 1864 2865 1919 vespera
2896 1855 3174 1918 prosecuta
3199 1845 3518 1915 appellatur.

1943 1946 2181 2015 Denique
2205 1952 2325 2014 post
2351 1942 2486 1997 sexti
2505 1942 2611 1997 diei
2634 1954 2912 2006 vesperam
2940 1937 3167 1994 cessavit
3195 1936 3520 1990 mentionem

1941 2039 2121 2093 facere
2151 2052 2215 2091 ex
2247 2038 2359 2106 ipsa
2386 2079 2399 2100 ,
2424 2036 2562 2089 sicut
2588 2033 2655 2087 de
2678 2033 2933 2085 matutina
2954 2070 2969 2095 ,
2998 2043 3154 2098 quam
3184 2035 3364 2095 aperte
3394 2026 3524 2078 luci-

1942 2130 2114 2199 deque
2159 2128 2440 2197 septimam
2486 2125 2627 2179 diem
2676 2122 2932 2192 propheta
2984 2117 3315 2174 denuntiavit
3353 2117 3521 2185 ipsam

1942 2235 2080 2277 esse.
2121 2218 2270 2274 Unde
2310 2218 2355 2271 si
2392 2231 2496 2270 non
2538 2214 2680 2284 ipsa,
2713 2222 2767 2265 ιιι
2812 2225 2950 2264 nunc
2973 2209 3107 2263 doce
3146 2206 3213 2262 de
3238 2206 3523 2261 dilectione

1941 2313 2221 2383 septimam
2243 2323 2521 2378 vesperam
2540 2350 2554 2373 ,
2586 2314 2642 2359 ut
2662 2311 2911 2373 sequatur
2936 2301 3080 2356 illam
3105 2309 3160 2355 et
3184 2297 3520 2352 matutinum.

1943 2403 2097 2472 Quod
2128 2403 2175 2458 si
2206 2416 2310 2456 nou
2359 2399 2567 2454 invenis
2588 2440 2603 2465 ,
2631 2396 2789 2451 crede
2824 2393 3037 2449 lectioni
3078 2391 3356 2460 septimam
3385 2388 3525 2440 diem

1942 2496 2111 2566 ipsam
2134 2508 2253 2550 esse
2277 2533 2290 2559 ,
2313 2507 2432 2562 qua:
2465 2498 2583 2560 post
2610 2500 2887 2556 vesperam
2916 2481 3234 2538 matutinum
3261 2478 3526 2549 appellata

1946 2599 2052 2646 est.

262 2684 3495 2748 _________________________________._—————

1458 2793 1951 2885 CANDIDI
2008 2787 2418 2877 ARIANI

1242 2940 1484 2998 LIBER
1528 2938 1625 2994 DE
1663 2926 2245 2991 GENERATIONE
2299 2919 2604 2985 DlVlNA,

1414 3049 1481 3088 AD
1520 3044 1723 3086 IABIUM
1762 3037 2083 3081 VICTORINUM
2120 3030 2430 3073 ιιιιετοιιειί.

331 3166 375 3221 ι,
416 3162 603 3219 Omnis
634 3156 909 3230 generatio
932 3195 945 3218 ,
978 3167 1010 3208 ο
1050 3151 1124 3205 mi
1163 3145 1334 3202 dulcis
1373 3149 1622 3197 senectus
1649 3137 1845 3193 Vicro-
1871 3136 1915 3197 C
1948 3132 2208 3187 rationem
2229 3127 2474 3196 alicujus,
2495 3125 2687 3179 nedum
2720 3122 2769 3175 in
2801 3120 2911 3175 Dei.
2935 3117 3110 3172 Manet
3135 3116 3275 3171 enim
3299 3116 3531 3186 potentia

1952 3225 1961 3230 .
2278 3221 2287 3230 .
2389 3228 2395 3230 _
2503 3226 2512 3230 -
2597 3217 2627 3230 --
2670 3214 2787 3230 s-._A
2818 3226 2863 3230 _-
2908 3225 2926 3230 Α
2988 3213 3094 3230 -ε..-
3125 3209 3326 3230 .,..2,...Δ
3382 3206 3530 3230 l1...l..

260 3275 388 3315 ειη
416 3300 430 3324 ,
475 3253 698 3308 mutatio
744 3247 985 3318 quaedam
1023 3250 1124 3297 est.
1172 3235 1502 3293 immutabile
1545 3242 1625 3287 est
1667 3239 1843 3285 autem

261 3323 424 3404 omne
450 3346 688 3401 divinum
710 3381 735 3407 ν
758 3340 961 3395 scilicet
991 3336 1147 3389 Deus.
1179 3331 1318 3385 Deus
1350 3334 1529 3380 autem
1568 3323 1655 3392 qui
1697 3331 1846 3389 pater

266 3453 350 3500 est
383 3443 435 3496 in
466 3437 747 3499 omnibus,
781 3443 833 3486 et
860 3429 1095 3485 omnium
1126 3424 1295 3493 prima
1325 3433 1485 3475 causa
1538 3425 1639 3471 est.
1670 3414 1724 3466 Si
1752 3414 1849 3482 igi-

265 3546 352 3591 tur
380 3535 519 3588 Deus
538 3572 555 3597 ,
579 3524 883 3583 inversibile
909 3532 961 3577 et
990 3515 1321 3574 immutabile
1350 3530 1362 3566 :
1388 3510 1525 3582 quod
1555 3516 1731 3563 autem
1764 3506 1847 3559 in-

264 3625 518 3683 versibile
558 3632 613 3675 et
651 3613 980 3673 immutabile
1006 3653 1019 3678 ,
1060 3623 1233 3678 neque
1268 3609 1505 3676 genitum
1552 3611 1634 3655 est
1677 3611 1850 3666 neque

265 3725 490 3793 generat
521 3711 739 3783 aliquid.
776 3708 832 3763 Si
872 3706 1028 3776 igitur
1054 3702 1155 3755 hoc
1183 3700 1261 3754 sic
1288 3712 1345 3752 se
1373 3696 1552 3757 habet,
1586 3689 1851 3759 ingenitus

266 3787 353 3869 est
383 3810 541 3864 Deus.
569 3802 779 3859 Etenim
809 3794 1102 3869 generatio,
1128 3807 1223 3861 per
1247 3787 1655 3844 conversionem
1682 3789 1736 3836 et
1760 3794 1853 3849 per

269 3900 616 3958 mutationem
658 3892 933 3965 generatio
977 3895 1079 3941 est.
1122 3882 1271 3938 Nulla
1324 3879 1466 3934 enim
1524 3887 1696 3943 neque
1725 3871 1852 3925 sub-

269 3994 465 4051 stantia
495 4002 667 4058 neque
700 3978 1119 4039 substantialitas
1142 4017 1158 4044 ,
1214 3985 1387 4041 neque
1413 3968 1648 4023 existens
1687 3978 1856 4031 neque

272 4083 627 4144 existentitus,
666 4090 837 4146 neque
881 4070 1163 4127 existentia
1208 4078 1379 4134 neque
1429 4054 1854 4117 existentialitas,

273 4192 446 4247 neque
472 4171 703 4244 potentia
726 4210 741 4235 ,
771 4176 893 4221 ante
926 4165 1092 4219 Deum
1112 4173 1260 4220 esse,
1292 4154 1405 4208 fuit.
1436 4151 1564 4218 Quis
1592 4148 1733 4202 enim
1765 4158 1861 4215 po-

274 4236 647 4325 tentior-Deo?
674 4258 807 4314 Num
841 4254 1072 4326 potentia
1092 4292 1107 4317 ,
1138 4256 1231 4302 aut
1255 4244 1557 4306 existentia,
1609 4245 1702 4292 aut
1730 4236 1859 4289 sub-

275 4360 471 4417 stantia
491 4398 506 4421 ,
534 4361 624 4407 aut
647 4349 739 4407 3v?
770 4349 873 4402 Ista
902 4345 1043 4401 enim
1074 4340 1247 4395 omnia
1269 4379 1283 4405 ,
1308 4343 1400 4389 aut
1420 4335 1589 4404 ipsum
1614 4337 1697 4384 cst
1721 4326 1859 4397 quod

278 4455 421 4510 Deus
450 4456 560 4514 est,
590 4454 682 4499 aut
707 4449 826 4514 post
854 4441 1047 4509 ipsum.
1073 4436 1190 4504 ipse
1216 4430 1357 4485 enim
1393 4432 1585 4482 cuncta
1623 4425 1857 4492 prrestat.

278 4543 385 4600 Sed
415 4539 612 4596 fuerint
637 4536 783 4606 prius
818 4532 939 4585 ista.
969 4527 1037 4581 Et
1077 4521 1345 4595 quomodo
1375 4522 1683 4590 potuerunt,
1739 4527 1858 4565 cum
1888 4516 1937 4574 1)

279 4636 598 4696 voluerunt,
640 4629 803 4681 Deum
845 4618 1133 4693 generare?
1155 4616 1337 4685 Neque
1378 4612 1520 4666 enim
1563 4613 1715 4662 erant
1742 4620 1865 4675 per-

280 4728 421 4783 fecta
442 4765 456 4788 ,
487 4734 657 4790 neque
697 4718 778 4772 sui
810 4717 920 4785 ipsa
950 4710 1308 4766 substitutiva.
1343 4700 1655 4772 Itnperl'ecta
1684 4697 1860 4767 igitur.

284 4814 566 4887 Quomodo
590 4826 716 4882 ergo
744 4823 839 4863 sua
866 4814 921 4861 et
940 4805 1173 4874 ipsorum
1199 4798 1434 4870 potentia
1462 4802 1553 4848 aut
1570 4796 1868 4863 genuerunt

282 4883 375 4967 aut
400 4908 641 4964 iecerunt
671 4903 856 4965 Deum,
890 4893 1197 4966 imperfecta
1226 4906 1347 4946 cum
1400 4894 1610 4951 essent,
1666 4883 1870 4955 perlec—

286 5000 437 5058 tum?
493 4998 549 5054 Si
608 5004 783 5049 autem
832 4992 971 5045 Deus
1007 4985 1384 5056 imperlectus,
1431 4979 1545 5033 sine
1587 4990 1746 5032 causa
1791 4983 1874 5029 est

286 5106 547 5166 generare
575 5130 590 5153 ,
620 5084 760 5157 quod
794 5083 911 5153 jam
952 5080 1067 5133 fuit.
1104 5075 1302 5131 Eadem
1347 5073 1517 5135 ratio,
1556 5069 1599 5122 si
1638 5064 1871 5137 perfecta

290 5160 589 5255 perfectum
633 5181 951 5247 genuerunt.
984 5170 1109 5225 Sive
1140 5168 1299 5234 igitur
1342 5161 1576 5231 perfecta
1622 5160 1873 5218 fuerunt,

291 5251 403 5331 sive
447 5266 799 5339 imperfecta:
831 5264 993 5318 Deum
1036 5270 1297 5329 generare
1320 5296 1336 5321 ,
1376 5261 1467 5305 aut
1505 5251 1619 5303 sine
1676 5260 1871 5310 causa,

293 5378 379 5426 aut
410 5382 507 5439 per
526 5338 863 5431 superﬂuum
889 5397 903 5421 ,
934 5362 1026 5409 aut
1068 5347 1415 5419 impossibile.
1448 5344 1629 5398 Primo
1662 5338 1877 5410 quidem

296 5431 567 5531 antiquius
595 5452 812 5515 dicitur,
841 5448 907 5503 ab
932 5445 1077 5501 omni
1098 5441 1238 5513 quod
1267 5448 1351 5495 est
1380 5436 1614 5508 potentia
1645 5452 1657 5486 :
1689 5433 1783 5488 sed
1813 5431 1877 5485 ad

296 5528 468 5622 ipsum
490 5558 611 5601 esse
637 5536 1007 5608 aliquidksine
1031 5540 1151 5587 actu
1182 5540 1237 5586 et
1262 5528 1591 5598 operatione,
1625 5539 1727 5576 non
1760 5538 1879 5592 per-

304 5616 450 5697 venit
493 5632 730 5707 potentia
786 5630 898 5699 ipsa
945 5642 1039 5695 per
1088 5622 1466 5689 semetipsam;
1513 5632 1632 5671 cum
1678 5616 1744 5670 sit
1790 5631 1883 5683 po-

303 5706 507 5796 tentia,
526 5740 638 5782 non
661 5720 835 5788 actio;
866 5732 971 5775 non
995 5713 1353 5787 potentilicata
1381 5708 1615 5781 potentia
1642 5706 1693 5761 in
1723 5721 1883 5777 gene-

1951 3225 2002 3277 in
2031 3238 2119 3286 eo,
2152 3221 2289 3289 quod
2320 3228 2403 3272 εει
2430 3214 2790 3285 potentialiter
2810 3225 2954 3274 esse,
2985 3213 3098 3263 sine
3122 3209 3350 3262 actione.
3382 3206 3532 3261 Unde

1950 3315 2108 3383 igitur
2138 3321 2291 3364 natus
2320 3317 2404 3360 est
2437 3305 2617 3359 Deus?

2020 3405 2083 3460 il.
2129 3403 2413 3458 Videamus
2441 3401 2619 3469 igitur,
2646 3412 2770 3450 num
2800 3395 3026 3449 fortasse
3060 3392 3376 3457 substantia,
3408 3406 3532 3443 num

1952 3496 2403 3559 substatttialitas,
2457 3501 2737 3559 antequam
2787 3488 2923 3541 Deus
2968 3487 3091 3550 fuit,
3151 3483 3351 3538 fuerit?
3392 3480 3528 3535 Num

1952 3589 2262 3653 existentia,
2294 3601 2417 3640 num
2456 3579 2902 3638 existentialitas?
2930 3577 3032 3632 Sed
3071 3575 3211 3631 enim
3240 3574 3534 3628 suhsxantia

1953 3682 2247 3751 subjectum
2276 3693 2395 3731 cum
2425 3676 2522 3739 sit,
2554 3674 2703 3726 alteri
2728 3670 3023 3738 subjectum
3066 3676 3175 3730 est,
3210 3667 3256 3721 ei
3288 3665 3429 3733 quod
3479 3665 3535 3717 in

1955 3774 2069 3842 ipso
2094 3779 2176 3824 est
2206 3786 2219 3820 :
2248 3778 2300 3821 et
2335 3776 2392 3820 ut
2415 3766 2638 3819 alterum
2666 3773 2744 3816 est
2766 3803 2780 3827 ,
2835 3759 2901 3812 ab
2933 3774 2997 3813 eo
3037 3758 3176 3827 quod
3204 3757 3254 3809 in
3284 3757 3400 3824 ipso
3424 3763 3526 3808 est.

1956 3865 2025 3919 At
2051 3877 2181 3916 vero
2208 3859 2353 3913 aliud
2378 3867 2429 3912 et
2451 3857 2592 3911 aliud
2624 3871 2725 3908 non
2754 3853 3009 3921 recipitur
3033 3851 3171 3903 circa
3206 3850 3391 3902 Deum.
3423 3847 3535 3899 Non

1957 3956 2097 4010 enim
2130 3954 2181 4007 in
2213 3952 2315 4005 alio
2336 3991 2350 4015 ,
2385 3958 2440 4003 ut
2468 3947 2609 4002 aliud
2640 3955 2741 4011 est,
2776 3945 2913 3997 Deus
2944 3949 3045 3995 est.
3080 3940 3194 3994 Non
3226 3940 3367 3993 enim
3397 3936 3536 3991 aliud

1960 4047 2143 4112 Deus,
2191 4042 2331 4097 aliud
2386 4042 2550 4095 Deum
2579 4052 2718 4093 esse.
2772 4035 3004 4102 Simplex
3058 4033 3198 4086 enim
3244 4029 3536 4098 quiddam,

1960 4137 2140 4191 Deus:
2171 4149 2275 4186 non
2310 4132 2467 4200 igitur
2508 4144 2573 4183 ex
2613 4127 2984 4196 prmexistente
3027 4120 3343 4176 substantia.
3386 4118 3537 4187 luge-

1961 4228 2104 4281 nitus
2134 4238 2260 4294 ergo
2289 4225 2448 4277 Deus.
2482 4222 2644 4288 Magis
2679 4220 2821 4273 enim
2867 4224 3083 4285 praestat
3129 4214 3267 4266 Deus
3295 4210 3540 4264 substan-

1962 4320 2119 4382 tiam,
2149 4330 2304 4385 quam
2343 4312 2658 4383 praeexstitit
2695 4308 2988 4362 substantia
3030 4312 3151 4358 ante
3184 4304 3346 4355 Deum
3382 4318 3392 4352 :
3424 4313 3543 4369 qua:

1962 4409 2174 4479 quidem
2215 4415 2297 4460 est
2332 4403 2662 4473 subjectum,
2703 4411 2756 4454 et
2794 4398 3010 4451 alterius
3033 4437 3046 4454 .
3080 4404 3135 4447 ut
3170 4392 3311 4445 aliud
3340 4431 3353 4455 ,
3403 4400 3455 4443 et
3486 4399 3543 4442 ut

1966 4499 2363 4568 receptaculum
2405 4496 2592 4551 ell'ecta
2626 4512 2637 4546 :
2671 4492 2763 4545 illo
2794 4491 2996 4544 scilicet
3030 4487 3205 4556 potior
3228 4526 3243 4551 ,
3284 4484 3435 4551 cujus
3465 4491 3546 4536 cst

1965 4595 2403 4666 receptaculum,
2440 4600 2492 4644 et
2530 4589 2730 4642 idcirco
2760 4585 3024 4655 posterius
3068 4580 3281 4635 adnata.
3318 4578 3416 4630 Ista
3451 4591 3535 4629 ca~

1965 4696 2086 4749 dem
2130 4699 2339 4760 Oportet
2366 4685 2661 4753 intelligere
2713 4695 2776 4735 ex
2824 4676 3105 4732 existentia
3158 4668 3545 4728 ctexistentia-

1969 4788 2139 4842 litate.
2180 4783 2364 4855 μίσει-ι
2420 4786 2595 4832 autem
2636 4772 2918 4828 cxistentia
2958 4770 3025 4822 ab
3076 4763 3504 4821 existentialitatc
3532 4800 3547 4824 ,

1971 4878 2220 4950 quoniam
2247 4872 2525 4928 existentia
2553 4869 2663 4936 jam
2701 4868 2751 4918 in
2784 4879 2848 4917 eo
2878 4870 2980 4925 est,
3015 4869 3068 4913 ut
3092 4859 3157 4912 sit
3183 4858 3290 4925 jam
3318 4868 3437 4908 esse
3468 4851 3547 4905 ei:

1973 4945 2027 5026 at
2067 4986 2194 5025 vero
2223 4962 2625 5021 existentialitas
2672 4956 2905 5027 potentia
2950 4960 3066 5015 est,
3121 4958 3176 5001 ιιι
3225 4945 3391 5015 possit
3434 4956 3552 4996 esse

1974 5061 2115 5131 quod
2170 5058 2402 5113 nondum
2451 5061 2551 5106 est.
2594 5049 2756 5103 Multo
2800 5045 2967 5112 magis
3004 5048 3180 5094 autem
3218 5035 3396 5090 diﬂert
3435 5032 3550 5087 exi-

1974 5127 2166 5209 stentia
2217 5167 2245 5203 a
2302 5145 2595 5201 substantia
2654 5160 2668 5194 ε
2726 5137 2972 5207 quoniam
3028 5128 3307 5186 existentia
3376 5127 3548 5195 ipsum

1975 5261 2094 5302 esse
2123 5252 2237 5307 est,
2285 5249 2339 5294 ct
2390 5240 2558 5292 solum
2607 5242 2718 5297 est;
2769 5238 2955 5285 etnon
3009 5231 3059 5279 in
3104 5224 3205 5277 alio
3248 5236 3363 5275 esse
3393 5260 3407 5282 ,
3465 5222 3559 5269 aut

1981 5338 2279 5406 subjectum
2313 5345 2431 5385 esse
2472 5326 2727 5388 alterius,
2770 5321 2863 5375 sed
2909 5320 3080 5386 ipsum
3114 5329 3273 5367 unum
3305 5319 3359 5365 et
3386 5310 3559 5362 solum

1984 5445 2102 5484 esse
2128 5446 2142 5481 :
2183 5424 2479 5480 substantia
2510 5435 2638 5473 vero
2669 5431 2772 5470 non
2811 5413 2979 5467 solum
3013 5408 3175 5461 habet
3209 5419 3326 5458 esse
3350 5444 3363 5467 ,
3390 5399 3480 5454 sed
3510 5407 3563 5453 et

1984 5521 2142 5591 quale
2167 5559 2179 5581 ,
2212 5524 2267 5570 et
2308 5513 2505 5582 aiiquid
2558 5524 2677 5563 esse
2704 5524 2717 5559 :
2746 5489 2986 5571 subjacet
3021 5501 3160 5553 enim
3202 5497 3255 5549 in
3288 5510 3345 5549 se
3376 5491 3565 5561 positis

1988 5610 2211 5679 qualitat
2232 5606 2363 5670 bus;
2392 5613 2443 5658 et
2475 5600 2670 5655 ideirco
2706 5596 2900 5649 dieitur
2934 5591 3248 5658 subjectum.
3289 5580 3567 5650 Quomodo

1990 5702 2148 5771 igitur
2204 5699 2342 5754 Deus
2365 5734 2382 5763 ,
2424 5690 2800 5764 prmexistente
2835 5680 3117 5741 existentia
3142 5719 3157 5746 ,
3205 5687 3299 5732 aut
3336 5671 3570 5730 existen-
