3920 6218
444 240 583 298 1015

1744 229 2020 286 CANDIM
2057 228 2289 285 ARIANI

3574 233 3705 289 1016

442 357 670 412 tialitate
690 396 705 421 ,
752 362 843 408 aut
868 354 1101 423 potentia
1151 349 1472 406 existentiali
1504 348 1617 403 sive
1644 348 1757 418 ipsa
1783 345 2019 401 existen-
2050 343 2104 404 Α
2131 357 2236 397 non
2265 357 2480 414 semper
2512 356 2613 400 est.
2643 346 2779 412 Quid
2804 346 3000 402 deinde
3017 346 3040 400 ?
3068 346 3183 401 Non
3214 356 3297 402 est
3332 346 3599 411 inversio,
3627 346 3703 400 ef-

442 448 539 512 tia,
566 456 720 501 natus
739 454 843 508 est,
870 446 922 498 in
949 445 1068 498 solo
1093 442 1233 511 quod
1256 451 1339 496 est
1364 455 1503 505 esse,
1537 440 1621 494 his
1648 437 2024 500 existentibus,

442 548 498 592 et
521 554 626 592 non
648 536 967 591 habentibus
989 534 1252 588 actionem
1272 533 1359 586 vel
1381 531 1569 601 agendi
1597 532 1843 585 virtutem
1866 536 2025 597 atque

442 630 593 684 vim?

518 720 601 775 ΙΙΙ.
644 720 738 776 His
773 733 902 789 ergo
926 759 940 780 ,
987 718 1063 772 sic
1098 732 1157 771 se
1192 716 1545 779 habentibus,
1602 727 1777 783 neque
1818 709 1872 767 ὅν
1902 720 2025 765 ante

443 813 609 866 Deum
668 809 801 875 fuit,
850 823 1021 877 neque
1062 808 1298 872 ὀντὸτηςς
1344 804 1631 873 multiplica
1676 803 1817 857 enim
1848 809 1933 855 est
1972 809 2027 855 et

439 899 737 970 composita
768 913 831 953 ex
862 898 1155 952 substantia
1181 907 1235 950 et
1261 897 1535 964 qualitate.
1569 894 1626 947 Si
1666 894 1825 961 igitur
1853 905 2023 960 neque

442 996 678 1060 potentia
736 991 867 1055 fuit,
919 1004 1091 1057 neque
1135 988 1455 1052 existentia,
1500 1001 1673 1055 neque
1713 985 2023 1039 existentia-

440 1084 601 1147 litas,
650 1098 767 1148 qua:
826 1079 1109 1148 imaginem
1161 1077 1359 1131 habent
1411 1074 1813 1142 simplicitatis:
1855 1074 2023 1127 multo

439 1174 609 1244 magis
644 1170 696 1228 ὅν
737 1182 791 1227 ει
826 1172 1029 1231 ὀντὸτης
1049 1212 1062 1235 ,
1092 1179 1143 1223 ει
1176 1169 1594 1223 substantialitas
1620 1175 1673 1221 et
1701 1167 2016 1221 substantia.

438 1267 568 1323 Post
604 1266 776 1335 genita
804 1266 945 1319 enim
1000 1272 1121 1316 sunt
1151 1262 1217 1316 ab
1244 1260 1679 1315 existentialitate
1731 1266 1786 1312 et
1809 1260 1876 1312 ali
1904 1260 2019 1312 exi-

437 1358 651 1412 stentia.
686 1355 741 1409 Si
774 1355 873 1407 ista
904 1354 1080 1406 omnia
1112 1351 1409 1420 postgenita
1437 1390 1451 1413 ,
1489 1348 1664 1418 genita
1696 1363 1823 1414 ergo
1850 1354 1975 1402 sunt
2001 1366 2014 1402 :

437 1449 483 1501 si
510 1449 684 1517 genita
712 1447 834 1510 ista,
867 1444 1006 1496 aliud
1040 1442 1132 1497 fuit
1166 1458 1194 1496 a
1226 1456 1333 1510 quo
1361 1441 1558 1509 genita.
1599 1440 1893 1507 lngenitum
1923 1438 2021 1508 igi-

437 1550 524 1594 tur
564 1538 688 1593 illud
712 1580 725 1604 ,
758 1553 785 1590 a
828 1552 934 1606 quo
968 1537 1143 1606 genita
1174 1534 1273 1587 ista
1310 1533 1509 1587 omnia.
1550 1532 1686 1599 Quid
1717 1530 1888 1597 istud,
1914 1529 2021 1584 nisi

442 1628 568 1682 illud
599 1643 664 1682 ex
694 1640 797 1695 quo
819 1626 1018 1688 omnia,
1050 1624 1227 1677 Deus?
1248 1622 1517 1691 lngenitus
1544 1625 1704 1695 igitur
1731 1622 1869 1675 Deus
1899 1639 1913 1673 :
1943 1622 2016 1676 si-

2125 433 2415 503 fulgentia?
2446 439 2484 490 A
2517 437 2811 492 substantia
2846 439 2987 491 enim
3014 438 3284 501 luminali,
3312 441 3469 508 quasi
3499 438 3702 509 fugiens

2125 534 2178 579 et
2198 535 2470 580 eructalus
2493 528 2766 597 splendor.
2792 528 3127 598 Refulgeutia
3151 530 3293 585 enim
3318 532 3701 599 substantialis,

2126 631 2230 670 non
2262 616 2579 671 substantia.
2608 618 2671 671 Et
2699 618 2744 672 si
2766 618 3079 687 subsuntia,
3114 636 3218 674 non
3242 620 3435 675 eadem
3459 625 3705 675 substan—

2127 710 2217 763 tia.
2250 708 2365 763 Jam
2400 724 2527 779 ergo
2564 710 2795 763 inversio
2826 710 3045 777 prioris,
3080 712 3217 781 quod
3247 712 3565 766 secundum.

2198 797 2261 851 V.
2292 798 2574 853 Videamus
2599 800 2758 868 igitur
2782 802 3173 869 generationem
3203 801 3354 869 juxta
3382 801 3520 854 radii
3545 804 3704 856 emis-

2125 889 2348 943 sionem.
2397 889 2490 943 Est
2530 890 2685 958 igitur
2718 906 2992 945 eonnexus
3032 892 3239 958 radius,
3277 903 3331 946 et
3370 895 3702 947 connectitur

2126 979 2203 1035 illi
2225 978 2254 1034 s
2281 997 2386 1050 quo
2409 996 2721 1051 progressus
2751 992 2830 1037 est
2856 983 3050 1036 radius.
3077 983 3434 1039 Nihilominus
3463 987 3702 1039 inversus

2124 1081 2233 1134 est,
2265 1070 2309 1124 si
2347 1079 2429 1125 est
2471 1072 2717 1140 genitus:
2750 1081 2843 1125 aut
2872 1088 2973 1125 non
3010 1084 3091 1127 cst
3122 1074 3423 1142 generatio,
3448 1074 3496 1128 si
3525 1073 3702 1129 radius

2122 1174 2335 1230 semper
2363 1162 2414 1215 in
2442 1162 2558 1231 ipso
2582 1174 2777 1217 manet.
2807 1164 2860 1218 Si
2886 1164 3031 1228 juxta
3054 1166 3232 1235 puncti
3252 1165 3512 1220 ﬂuentum
3538 1180 3671 1237 gene

2123 1253 2259 1306 ratio
2290 1253 2391 1319 ibi,
2424 1254 2726 1322 quomodo?
2753 1256 3024 1310 innuohile
3052 1257 3191 1311 enim
3226 1268 3478 1325 punctum
3506 1268 3562 1313 et
3597 1270 3700 1313 ter-

2124 1342 2300 1397 minus
2337 1343 2672 1410 lineamenti,
2715 1346 2856 1414 quod
2894 1362 3065 1415 neque
3108 1358 3308 1415 partem
3339 1347 3501 1402 habet
3532 1364 3699 1416 neque

2123 1434 2341 1489 alterius
2371 1451 2492 1505 pars
2525 1446 2625 1490 est.
2658 1438 2715 1490 Si
2745 1452 2873 1508 ergo
2904 1439 3031 1491 illud
3060 1440 3137 1493 sic
3165 1451 3274 1505 est,
3315 1455 3419 1494 non
3448 1441 3699 1510 procedet

2122 1541 2154 1581 a
2182 1528 2470 1597 semetipso
2511 1542 2525 1579 :
2567 1526 2611 1581 si
2654 1526 2794 1582 enim
2830 1530 3093 1596 procedit.
3126 1530 3235 1599 jam
3275 1544 3379 1585 non
3424 1541 3697 1599 punctum,

2122 1617 2215 1672 sed
2255 1617 2365 1688 jam
2411 1618 2812 1675 lineamentum.
2844 1618 3159 1674 lmmutatur
3205 1637 3351 1691 ergo.
3401 1622 3509 1676 Sed
3559 1624 3699 1676 enim

436 1720 648 1791 quidem
693 1734 850 1773 causa
912 1719 1099 1771 horum
1156 1716 1391 1769 omnium
1419 1758 1432 1781 ,
1478 1718 1635 1771 Dens.
1698 1715 1832 1783 Quid
1884 1728 2012 1768 vero
2040 1706 2089 1764 B
2119 1709 2277 1772 Deus,
2298 1708 2767 1779 invisibile(l)est.
2788 1709 2899 1765 Non
2917 1711 3071 1780 igitur
3088 1713 3244 1777 Deus,
3263 1713 3401 1782 quod
3422 1725 3699 1781 punctum.

436 1824 559 1867 esse
594 1808 792 1863 Deum?
820 1807 1026 1877 qualis?
1050 1815 1139 1860 aut
1163 1822 1263 1876 qua
1294 1822 1451 1861 causa
1485 1807 1656 1876 ipsum
1682 1807 1845 1860 Deum
1875 1804 2021 1859 esse?

436 1902 648 1957 Etenim
697 1901 863 1970 prima
908 1914 1069 1953 causa
1121 1909 1202 1952 est
1231 1916 1243 1952 :
1277 1909 1328 1952 et
1357 1898 1456 1952 sibi
1509 1913 1707 1963 causa;
1754 1911 1859 1950 non
1898 1911 2018 1965 quze

437 1995 511 2048 sit
538 1994 705 2047 altera
734 1991 954 2047 alterius
986 2008 998 2045 :
1030 1990 1122 2043 sed
1168 1991 1338 2058 ipsum
1382 1990 1483 2043 hoc
1513 1989 1656 2059 quod
1700 1990 1871 2056 ipsum
1899 1996 2016 2053 est,

439 2085 505 2139 ad
538 2084 589 2138 id
622 2094 676 2136 ut
724 2084 814 2147 sit,
842 2096 1001 2135 causa
1033 2090 1115 2135 est
1146 2099 1157 2131 :
1189 2082 1301 2149 ipse
1328 2079 1429 2133 sibi
1458 2080 1638 2144 locus,
1669 2080 1782 2149 ipse
1811 2077 2019 2131 habita-

438 2184 541 2229 tor.
566 2174 680 2228 Non
703 2175 778 2228 sic
804 2182 860 2227 ut
885 2172 1190 2241 imaginatio
1218 2172 1447 2226 duorum
1471 2170 1582 2234 tiat,
1608 2172 1721 2238 ipse
1748 2180 1829 2223 est
1853 2185 2016 2223 unum

438 2274 495 2321 et
531 2265 725 2319 solum.
772 2264 867 2318 Est
909 2263 1051 2318 enim
1100 2277 1221 2317 esse
1260 2262 1455 2317 solum.
1515 2262 1800 2315 Enimvero
1847 2261 2018 2328 ipsum

438 2370 558 2409 esse
583 2396 597 2419 ,
651 2354 823 2422 ipsum
872 2354 1011 2406 idem
1053 2360 1164 2416 est,
1197 2352 1369 2421 ipsum
1412 2353 1591 2405 vivere
1622 2359 1676 2405 et
1702 2351 2017 2420 intelligere.

439 2445 743 2501 Secundum
790 2445 931 2497 enim
974 2444 1113 2513 quod
1161 2453 1279 2507 est,
1308 2451 1362 2497 et
1387 2442 1514 2495 vivit
1550 2450 1605 2495 et
1641 2442 1926 2512 intelligit:
1968 2449 2021 2495 et

436 2536 726 2591 secundum
753 2538 891 2605 quod
912 2536 1058 2599 vivit,
1082 2543 1135 2588 et
1161 2544 1242 2588 est
1275 2544 1323 2587 et
1356 2534 1602 2603 intelligit
1625 2551 1636 2585 :
1659 2543 1711 2587 et
1728 2532 2017 2587 seenndum

436 2626 579 2697 quod
609 2628 767 2681 etiam
805 2626 1086 2695 intelligit,
1136 2635 1191 2681 et
1223 2624 1353 2678 vivit
1380 2633 1432 2679 et
1464 2635 1545 2678 est
1587 2643 1599 2678 :
1630 2634 1684 2677 et
1725 2623 2017 2677 secundum

439 2734 601 2773 unum
635 2719 763 2781 tria,
798 2725 853 2771 et
878 2719 1168 2771 secundum
1198 2719 1295 2770 tria
1328 2732 1511 2780 unum,
1538 2717 1765 2784 qualitas
1793 2716 2019 2784 simplex

438 2821 495 2867 et
526 2827 686 2865 unum
716 2810 963 2875 simplex.
1007 2809 1247 2877 Simplex
1274 2817 1449 2862 autem
1471 2849 1486 2873 ,
1522 2809 1839 2876 principium
1868 2822 2019 2861 com-

437 2905 733 2973 positorum
766 2919 778 2956 :
809 2901 1120 2969 principium
1146 2909 1319 2954 autem
1347 2943 1360 2966 ,
1391 2902 1507 2954 sine
1550 2901 1810 2971 principio
1836 2920 1849 2955 :
1884 2917 2021 2971 prta.

435 2997 583 3051 cedit
634 2996 775 3049 enim
804 3036 819 3059 ,
865 2995 1065 3048 nullum
1113 3002 1237 3047 ante
1285 3008 1343 3048 se
1399 2994 1714 3063 principium
1773 2994 1974 3049 habens
2003 3037 2016 3060 ,

2125 1798 2181 1853 Si
2204 1808 2379 1851 autem
2404 1810 2579 1854 manet
2612 1812 2860 1868 punctum
2884 1842 2899 1865 ,
2930 1817 3029 1855 non
3057 1799 3124 1857 ab
3150 1803 3266 1871 ipso
3295 1803 3698 1859 lineamentum.

2124 1886 2402 1944 ltmuohile
2423 1892 2564 1944 enim
2593 1900 2847 1961 punctum
2873 1909 2885 1943 :
2916 1892 2967 1945 iu
2996 1906 3140 1946 motu
3169 1904 3343 1947 autem
3372 1896 3455 1948 vel
3475 1910 3505 1947 a
3530 1908 3699 1961 metu,

2125 1978 2502 2034 lineamentum
2542 1999 2555 2033 ε
2598 1982 2823 2051 etjuxta
2866 1984 3023 2037 istum
3066 1984 3281 2038 modum
3329 1987 3469 2039 nulla
3510 1990 3560 2040 in
3594 1988 3704 2041 Deo

2123 2074 2418 2141 generatio,
2447 2090 2544 2129 nec
2565 2090 2593 2126 a
2620 2075 2745 2129 Deo.
2768 2074 2904 2141 Quid
2925 2077 3117 2132 deinde
3138 2079 3293 2144 juxta
3320 2081 3699 2135 emiSsionem?

2124 2165 2569 2231 quemadmodum
2601 2168 2890 2222 secundum
2922 2183 3037 2222 eam
3079 2171 3129 2223 iu
3161 2170 3272 2225 Deo
3306 2172 3617 2240 generatio?
3648 2172 3702 2226 Si

2123 2255 2264 2309 enim
2313 2259 2575 2312 emittitur
2601 2274 2629 2311 a
2660 2261 2973 2328 semetipso,
3007 2260 3200 2329 aliquid
3245 2263 3472 2331 primum
3514 2262 3705 2316 minui-

2126 2356 2247 2400 tur:
2276 2358 2368 2402 aut
2396 2364 2522 2418 ergo
2551 2351 2602 2403 in
2629 2351 2953 2415 substantia,
2986 2361 3076 2405 aut
3107 2353 3158 2406 in
3190 2354 3503 2419 divinitate,
3534 2366 3622 2408 aut
3655 2358 3703 2410 in

2123 2439 2350 2495 actione.
2387 2441 2604 2508 Deinde,
2642 2443 2692 2497 id
2719 2444 2859 2512 quod
2889 2445 3171 2511 eu'iittitur,
3204 2456 3296 2500 aut
3323 2448 3487 2515 ipsius
3514 2459 3706 2517 puten-

2124 2529 2210 2582 tia:
2240 2540 2340 2595 est,
2372 2541 2463 2585 aut
2492 2548 2596 2585 non
2631 2536 2813 2603 ipsius.
2857 2537 2910 2590 Si
2959 2538 3144 2605 ipsius,
3188 2547 3241 2592 et
3283 2540 3555 2609 quomodo
3599 2540 3702 2595 duo

2123 2622 2194 2677 dii
2236 2632 2290 2677 et
2326 2626 2600 2695 aequales?
2639 2638 2693 2683 et
2731 2638 2787 2682 ut
2828 2630 2951 2699 quid
2990 2631 3117 2696 duo,
3164 2632 3207 2685 si
3256 2632 3525 2701 mquales?
3552 2633 3699 2700 Quod

2121 2726 2299 2768 autem
2342 2727 2515 2784 potest
2553 2733 2725 2782 unus,
2766 2720 2866 2773 hoc
2904 2722 3041 2774 idem
3085 2731 3137 2775 et
3173 2722 3309 2775 alter
3345 2740 3357 2775 :
3396 2733 3452 2776 et
3489 2733 3702 2779 nonest

2123 2821 2344 2861 necesse
2374 2809 2710 2877 multiplicari
2743 2810 3024 2878 perfectam
3062 2812 3445 2879 plenitudinem
3487 2814 3541 2867 in
3574 2829 3694 2867 uno.

2121 2895 2177 2951 Si
2200 2905 2375 2952 autem
2403 2915 2506 2952 non
2534 2899 2771 2967 ejusdem
2807 2902 3053 2969 potentia:
3079 2907 3218 2971 quod
3250 2903 3585 2973 progreditur
3609 2922 3621 2970 ;
3650 2918 3698 2960 et

2124 2990 2435 3043 immutatur
2461 2990 2622 3056 Deus,
2664 3002 2715 3045 et
2742 3007 2770 3044 a
2817 3004 2964 3060 parte
2997 3002 3158 3049 totum
3190 3010 3373 3065 passus
3399 3005 3483 3051 est
3518 3015 3529 3048 :
3562 3000 3694 3068 quod

438 3094 658 3155 propter
696 3085 835 3154 quod
872 3095 955 3139 est
997 3084 1337 3153 principium.
1371 3084 1482 3138 Hoc
1508 3093 1593 3138 cst
1630 3094 1807 3139 autem
1854 3086 2013 3142 Deus.
2047 3074 2091 3137 C
2122 3081 2467 3151 incongruum
2512 3084 2619 3138 Deo
2658 3093 2759 3139 est.
2807 3085 2959 3140 Nulla
3007 3087 3163 3157 igitur
3203 3089 3477 3159 generatio
3506 3090 3559 3146 in
3590 3091 3695 3147 Deo

436 3177 564 3233 Sine
584 3185 703 3230 ortu
735 3176 890 3245 igitur
915 3216 930 3241 ,
959 3184 1011 3229 et
1050 3174 1315 3245 ingenitus
1345 3185 1425 3228 est
1458 3174 1618 3229 Deus.
1649 3174 1801 3240 Quod
1839 3184 2016 3230 autem

435 3268 753 3338 ingenitum,
791 3269 907 3320 sine
935 3274 1052 3319 ortu
1083 3284 1094 3319 :
1120 3266 1261 3335 quod
1290 3267 1406 3320 sine
1432 3275 1585 3332 ortu,
1618 3268 1734 3320 sine
1765 3268 1888 3321 line.
1931 3266 2018 3320 Fi-

434 3362 520 3414 nis
554 3361 693 3414 enim
730 3358 1029 3428 incipientis
1053 3366 1154 3412 est.
1181 3360 1235 3413 Si
1266 3373 1392 3413 vero
1422 3361 1519 3412 ista
1551 3359 1655 3412 duo
1684 3360 1873 3423 habet,
1899 3360 2017 3413 inii-

433 3455 602 3507 nituui
651 3461 769 3506 est:
803 3454 845 3505 si
888 3451 1151 3505 inﬁnitum
1180 3492 1193 3514 ,
1242 3451 1816 3519 incomprehensibile,
1867 3454 2016 3506 inco-

431 3544 746 3614 gnoscihile,
763 3542 1043 3609 invisibile,
1067 3542 1385 3605 invertibile,
1408 3542 1755 3596 immutabile.
1775 3544 2013 3599 lnversio

433 3637 574 3690 enim
602 3643 657 3688 et
682 3636 933 3699 mutatio,
965 3636 1281 3704 principium
1303 3643 1357 3688 et
1384 3635 1503 3687 ﬁnis
1527 3642 1610 3688 est
1636 3652 1647 3686 :
1678 3636 1767 3688 alii
1796 3636 2009 3705 quidem

433 3725 788 3795 principium,
821 3726 908 3778 alii
940 3725 1077 3778 ﬁnis.
1113 3724 1217 3780 Sed
1261 3725 1387 3777 nihil
1419 3724 1608 3779 lmrum
1641 3726 1800 3779 Deus.
1831 3726 2012 3780 luver-

429 3815 600 3869 sibilis
628 3830 754 3884 ergo
772 3826 823 3870 et
855 3814 1199 3869 immutabilis
1234 3816 1391 3868 Deus.
1422 3814 1474 3869 Si
1504 3826 1683 3868 autem
1713 3819 1809 3869 ista
1842 3816 2007 3884 Deus,

430 3920 609 3973 neque
640 3914 859 3974 generat
886 3919 1057 3973 neque
1084 3912 1391 3972 generatur.
1427 3903 1663 3957 lnversio
1694 3905 1832 3958 enim
1858 3922 2005 3974 qua:-

428 3996 550 4050 dam
579 4003 632 4049 et
652 3997 969 4061 immutatio,
996 3996 1237 4062 generari
1262 4002 1609 4063 etgenerare.
1646 3995 1755 4049 llnc
1777 3997 2003 4058 accedit,

428 4087 567 4157 quod
601 4101 854 4155 generare
878 4094 960 4139 est
983 4084 1113 4140 dare
1142 4086 1343 4155 aliquid
1385 4086 1432 4139 ci
1473 4087 1559 4156 qui
1594 4096 1746 4140 natus
1770 4097 1850 4141 est
1874 4130 1887 4151 ,
1915 4096 2007 4141 aut

426 4183 594 4230 totum
625 4184 717 4229 aut
737 4185 939 4245 partem
968 4178 1083 4244 ejus
1106 4178 1192 4245 qui
1216 4186 1451 4245 generat.
1485 4178 1538 4232 Si
1570 4187 1739 4232 totum
1769 4179 1861 4233 dat
1881 4220 1895 4238 .
1927 4182 2007 4234 in-

424 4268 553 4322 terit
585 4269 671 4335 qui
699 4277 916 4336 generat
940 4308 954 4332 ,
986 4277 1077 4321 aut
1111 4268 1365 4322 minuitur
1388 4310 1402 4335 ,
1436 4269 1479 4323 si
1509 4278 1735 4338 partem.
1775 4269 1831 4325 Si
1860 4272 2000 4325 enim

425 4361 570 4415 Deus
600 4369 779 4413 manet
804 4374 1017 4427 semper
1042 4359 1205 4425 idem,
1236 4375 1341 4415 non
1372 4362 1531 4430 igitur
1556 4372 1800 4430 generat.

2122 3181 2176 3226 et
2198 3172 2346 3240 juxta
2373 3173 2495 3228 hoc.

2194 3263 2281 3318 Vl.
2321 3264 2579 3321 Similiter
2626 3276 2800 3321 autem
2844 3278 2897 3323 et
2936 3269 3082 3338 juxta
3125 3271 3425 3341 imaginem.
3475 3273 3690 3330 Multum

2118 3357 2259 3410 enim
2301 3355 2481 3411 differt
2533 3359 2705 3426 imago
2751 3359 2819 3414 ab
2879 3360 3242 3431 imaginabili:
3285 3364 3412 3418 illud
3468 3374 3527 3419 ut
3574 3366 3692 3420 sub-

2118 3449 2351 3514 stantia,
2416 3449 2553 3504 istud
2614 3451 2759 3519 juxta
2826 3452 3132 3518 qualitatem
3187 3456 3355 3509 solum
3412 3456 3692 3512 adumbra-

2117 3550 2229 3593 tum
2290 3540 2618 3609 phantasma.
2672 3544 2730 3598 In
2780 3545 2954 3615 aliquo
2995 3548 3134 3600 enim
3192 3548 3301 3601 alio
3342 3550 3687 3605 substantiam

2118 3627 2276 3683 habet
2330 3631 2531 3701 imago,
2585 3643 2639 3688 et
2702 3648 2804 3688 non
2858 3650 2887 3687 a
2941 3650 3000 3690 se
3051 3638 3292 3693 subsistit
3338 3656 3352 3692 :
3392 3656 3566 3711 neque
3609 3658 3691 3697 se-

2114 3723 2345 3778 Cuudum
2372 3724 2655 3794 quodpiam
2684 3736 2785 3791 est,
2824 3729 2874 3781 in
2900 3744 3005 3798 quo
3032 3741 3133 3784 est.
3180 3730 3298 3785 Non
3338 3747 3465 3802 ergo
3496 3736 3685 3804 imago,

2116 3812 2166 3866 id
2212 3816 2351 3883 quod
2384 3817 2621 3886 genitum
2657 3833 2686 3871 a
2728 3819 2834 3873 Deo
2864 3832 2963 3873 est.
3006 3821 3324 3878 Consecutio
3364 3826 3507 3878 enim
3546 3842 3688 3896 qum-

2112 3904 2269 3970 dam,
2302 3909 2474 3977 imago
2503 3920 2583 3963 est
2604 3951 2618 3971 ,
2657 3911 2769 3979 ejus
2800 3913 2950 3981 cujus
2994 3914 3166 3984 imago
3192 3926 3291 3969 est.
3328 3916 3528 3972 Eadem
3556 3920 3686 3973 ratio

2111 4005 2210 4059 est,
2253 3998 2298 4051 si
2332 3997 2482 4066 juxta
2521 4000 2903 4057 characterem.
2946 4004 3233 4060 Character
3266 4008 3408 4061 enim
3445 4014 3686 4080 signacu-

2112 4087 2217 4141 lum
2250 4100 2331 4143 est
2358 4091 2668 4146 substantiae
2698 4111 2711 4146 :
2745 4103 2797 4147 ct
2824 4094 2937 4161 ipse
2980 4112 3073 4164 per
3108 4110 3277 4153 semet
3316 4101 3448 4155 nihil
3478 4119 3491 4153 :
3524 4112 3576 4157 et
3609 4113 3685 4157 est

2110 4179 2161 4232 in
2190 4180 2316 4245 alio,
2348 4183 2437 4251 qui
2468 4184 2742 4253 figuretur.
2773 4185 2936 4255 Igitur
2963 4188 3034 4241 nil
3064 4188 3169 4243 tale
3207 4192 3256 4243 in
3304 4192 3433 4247 Deo.
3468 4193 3684 4263 Oportet

2108 4274 2248 4326 enim
2291 4278 2431 4342 quod
2476 4287 2759 4344 generetur
2798 4295 2827 4333 a
2875 4280 3003 4344 Deo,
3048 4285 3500 4342 oonsulistantiale
3541 4304 3679 4345 esse.

2107 4360 2395 4418 Character
2423 4375 2597 4419 autem
2629 4384 2733 4422 non
2763 4383 2842 4424 est
2871 4374 3343 4431 consubstantiale.
3373 4378 3491 4433 Non
3531 4381 3682 4450 igitur

494 4451 583 4505 IV.
625 4451 736 4504 Hoc
768 4451 905 4504 idem
939 4449 1254 4541 apparebit,
1288 4450 1333 4503 si
1372 4451 1490 4519 quis
1538 4450 1732 4505 dixerit
1770 4467 1997 4521 genera-
2022 4440 2074 4498 D
2096 4457 2243 4526 juxta
2268 4457 2629 4513 characterem
2656 4464 2930 4529 generatio
2956 4464 3006 4518 in
3039 4464 3145 4519 Deo
3170 4476 3271 4521 est.
3304 4468 3409 4524 Sed
3446 4486 3514 4525 an
3532 4440 3677 4541 juxta

419 4542 617 4596 tionem
648 4556 675 4592 a
711 4541 819 4594 Deo
845 4541 1137 4594 secundum
1174 4528 1304 4595 istos
1342 4542 1531 4595 modos
1556 4557 1676 4596 esse
1711 4544 1953 4597 :scilicet
1976 4586 1991 4610 ,

415 4634 561 4702 juxta
610 4629 965 4699 effulgentiam
993 4671 1007 4695 ,
1053 4631 1204 4699 juxta
1246 4632 1375 4685 radii
1420 4633 1762 4687 emissionem
1791 4675 1803 4697 ,
1844 4635 1993 4702 juxta

416 4726 595 4793 puncti
626 4724 914 4785 fluentiam,
934 4723 1083 4791 juxta
1111 4725 1476 4790 emissionem,
1508 4728 1659 4793 juxta
1683 4726 1991 4797 imaginem,

410 4815 561 4883 juxta
606 4815 1005 4880 characterem,
1046 4816 1200 4883 juxta
1252 4830 1624 4885 progressum,
1658 4818 1807 4885 juxta
1847 4820 1989 4887 quod

413 4907 790 4975 superplenum
841 4916 966 4973 est,
1008 4911 1159 4975 juxta
1204 4919 1446 4974 motum,
1489 4909 1634 4978 juxta
1682 4911 1945 4964 actionem
1971 4956 1985 4979 ,

409 4998 562 5068 juxta
607 4999 928 5053 voluntatem
958 5041 971 5064 ,
1003 5000 1154 5067 juxta
1192 5003 1521 5055 nominatum
1570 5011 1749 5072 typum
1777 5022 1789 5057 :
1820 5013 1910 5065 aut
1945 5005 1990 5058 si

411 5088 532 5155 quis
570 5089 705 5143 alius
745 5090 904 5144 fuerit
933 5091 997 5143 ad
1037 5091 1175 5145 istud
1221 5091 1431 5147 modus.
1472 5095 1599 5148 Sine
1632 5095 1985 5151 inversionem

407 5179 550 5235 enim
577 5220 590 5243 ,
619 5189 673 5233 et
714 5180 840 5233 nihil
895 5180 1082 5234 horum
1126 5182 1307 5235 talium
1353 5192 1455 5237 est.
1500 5184 1731 5237 Primum
1772 5186 1982 5254 quidem

404 5268 746 5339 refulgentia,
773 5280 827 5324 et
855 5280 1030 5324 motus
1055 5281 1135 5326 est
1156 5313 1171 5339 ,
1204 5281 1256 5327 et
1279 5274 1514 5343 assignat
1546 5286 1752 5343 tempus
1771 5315 1785 5339 ,
1814 5286 1867 5330 et
1895 5291 1980 5330 re-

406 5364 701 5415 cessionem
757 5362 1038 5432 quamdam
1079 5362 1416 5418 secedentem
1460 5365 1511 5418 in
1552 5366 1817 5433 propriam
1854 5365 1978 5420 sub.

401 5452 669 5505 stantiam.
702 5452 831 5519 Quae
872 5452 1181 5519 refulgentia
1233 5454 1393 5507 etiam
1422 5454 1466 5507 si
1508 5470 1720 5523 semper
1763 5465 1971 5523 manet,

399 5542 751 5599 discernibilis
783 5558 909 5613 pars
948 5559 977 5597 a
1019 5554 1128 5599 toto
1153 5555 1254 5600 est.
1286 5546 1342 5601 Si
1366 5556 1543 5602 autem
1582 5563 1688 5603 non
1713 5563 1848 5602 vana
1877 5565 1970 5619 ge-

385 5632 593 5694 neratio
616 5642 699 5693 est
718 5673 735 5704 ,
762 5633 829 5692 ab
857 5648 923 5694 eo
948 5634 1091 5705 quod
1126 5649 1344 5707 semper
1369 5645 1451 5695 est
1478 5679 1493 5709 ,
1528 5638 1581 5696 in
1613 5638 1668 5699 id
1710 5649 1793 5699 est
1823 5640 1966 5711 quod

2100 4563 2435 4617 progressum
2467 4562 2520 4604 et
2544 4561 2742 4606 motum
2768 4557 3039 4623 generatio
3058 4572 3089 4611 a
3119 4558 3266 4612 Deo?
3293 4560 3479 4616 Differt
3504 4573 3675 4618 autem

2098 4640 2400 4707 progressio
2432 4656 2458 4691 a
2504 4652 2670 4696 motu.
2717 4644 2975 4712 Quoniam
3008 4649 3181 4701 omnis
3207 4652 3402 4720 quippe
3438 4668 3678 4724 progres-

2096 4728 2179 4781 sio
2220 4746 2249 4783 a
2281 4739 2427 4785 motu
2460 4742 2514 4786 et
2553 4734 2602 4787 in
2634 4746 2778 4789 motu
2808 4753 2821 4787 :
2851 4752 2953 4791 non
2988 4751 3161 4794 tamen
3188 4743 3364 4797 omnis
3395 4755 3573 4799 motus
3598 4756 3675 4800 est

2097 4823 2397 4889 progressio
2432 4840 2444 4875 :
2488 4823 2630 4878 intus
2653 4827 2795 4879 enim
2834 4838 3039 4893 motus,
3080 4844 3182 4884 non
3214 4835 3549 4901 progressio,
3582 4834 3673 4889 sed

2094 4911 2265 4964 solum
2293 4923 2483 4967 motus.
2512 4914 2605 4966 Est
2625 4918 2766 4968 enim
2791 4932 3124 4987 progressus,
3152 4922 3291 4975 foras
3312 4938 3542 4994 pergens
3563 4941 3672 4979 mo-

2095 5007 2199 5051 tus.
2232 5002 2366 5068 Quid
2392 5017 2519 5070 ergo
2547 5004 2793 5073 dicimus,
2820 5008 2967 5076 juxta
2998 5023 3338 5079 progressum
3371 5017 3670 5083 generatio-

2091 5104 2214 5143 nem
2240 5105 2358 5144 esse
2390 5106 2420 5143 a
2451 5092 2591 5146 Deo?
2621 5095 2814 5159 Semel,
2840 5113 2907 5150 an
2935 5113 3097 5166 szepe,
3127 5116 3193 5155 an
3222 5104 3477 5173 semper?
3503 5105 3557 5161 Si
3586 5120 3667 5160 se-

2090 5180 2219 5242 mel,
2257 5182 2342 5249 qui
2391 5183 2555 5239 usus?
2594 5195 2647 5237 et
2685 5189 2729 5238 si
2772 5185 2966 5241 bonum
3005 5189 3145 5258 quod
3186 5193 3544 5261 progreditur,
3573 5212 3663 5249 cur

2089 5284 2291 5339 pauper
2320 5270 2461 5325 Deus
2487 5274 2536 5326 in
2566 5278 2891 5344 progressu?
2919 5279 2972 5333 Si
2993 5294 3137 5349 saepe
3164 5282 3249 5337 vel
3282 5298 3516 5353 semper,
3541 5285 3657 5354 quid

2085 5374 2278 5414 novum
2309 5363 2524 5432 genuit?
2565 5364 2630 5418 Et
2665 5368 2829 5436 prima
2858 5373 3197 5441 progressio,
3233 5376 3538 5430 necessario
3564 5377 3658 5430 im-

2080 5454 2335 5523 perfecta,
2359 5455 2405 5509 si
2432 5456 2569 5512 alius
2590 5459 2691 5515 fuit
2715 5461 2953 5534 indigens
2978 5464 3031 5520 in
3059 5466 3141 5521 sui
3169 5468 3517 5538 perfectione.

2144 5648 2221 5719 (l)
2259 5648 2341 5707 Au
2368 5647 2710 5707 indivisibile?
