3920 6218
223 311 362 367 1017

1248 301 1451 358 LlBER
1493 298 1578 353 DE
1616 291 2101 353 GENERATIONE
2141 289 2388 346 DIVINA.

3334 271 3467 330 1018

299 425 409 480 Vll.
455 425 532 479 Ex
583 426 776 495 quibus
821 432 1039 495 apparet
1070 420 1316 493 quoniam
1363 428 1533 484 neque
1571 410 1796 466 consub-
1824 408 1877 469 Α
1901 406 2008 470 Ιίε;
2043 407 2209 475 magis
2239 413 2412 458 autem
2439 418 2560 456 cum
2592 400 2815 456 necdum
2874 399 2942 452 sit
2992 396 3102 466 ipsa
3140 389 3428 448 substantia
3452 429 3464 450 ,

225 519 474 573 stantiale
499 530 578 572 est
611 519 749 588 quod
777 525 1080 589 generatur,
1114 525 1283 582 neque
1311 511 1425 563 sine
1449 503 1797 561 conversione

224 612 499 679 generatio
543 624 570 661 a
621 610 749 664 Dco.
792 611 845 664 Si
895 620 1069 662 autem
1111 606 1207 659 hoc
1256 603 1610 668 incongruens
1667 595 1795 657 Deo,

227 699 374 753 nulla
399 715 523 768 ergo
552 701 824 768 generatio
850 716 877 752 a
904 699 1032 752 Deo.
1065 696 1226 764 Magis
1251 703 1426 747 autem
1453 691 1798 756 incongruum

227 793 384 844 nobis
415 801 665 860 apparet,
703 792 747 844 si
787 791 932 858 juxta
966 798 1164 843 motum
1197 785 1486 856 generatio.
1534 783 1635 833 Aut
1659 777 1798 831 enim

229 883 377 936 intus
407 895 579 936 motus
603 892 712 948 est,
740 893 831 937 aut
863 881 1202 952 progrediens
1235 898 1245 930 :
1279 878 1322 931 si
1351 879 1509 939 intus,
1540 871 1681 925 nulla
1711 885 1802 938 ge-

229 976 472 1029 neratio:
505 975 546 1029 si
576 974 919 1044 progrediens
943 1013 958 1039 ,
990 971 1194 1028 eadem.
1231 965 1530 1023 [inmutatio
1557 979 1702 1032 ergo.
1736 962 1802 1014 Et

229 1066 277 1120 si
321 1076 496 1119 motus
537 1066 900 1135 progrediens,
939 1079 1043 1118 non
1084 1058 1561 1115 consubstantialis.
1602 1052 1803 1109 Deinde

229 1156 279 1210 si
307 1157 669 1225 progrediens,
701 1156 750 1209 in
779 1171 925 1208 suam
957 1154 1308 1208 substantiam
1338 1148 1616 1218 processit,
1639 1156 1728 1198 aut
1750 1145 1800 1196 in

227 1244 454 1313 alicujus
477 1245 829 1300 effeCIioncm.
855 1245 1087 1298 Primum
1117 1245 1158 1296 si
1190 1254 1374 1309 passus
1399 1248 1481 1293 est
1507 1238 1666 1300 Deus,
1691 1250 1804 1289 mo-

230 1348 316 1390 tus
341 1338 390 1390 in
415 1347 613 1390 tuottttn
643 1354 655 1400 ;
689 1348 740 1391 ει
766 1338 865 1391 hoc
886 1336 1114 1390 inversio
1138 1344 1236 1388 est.
1272 1331 1469 1386 Deinde
1499 1332 1540 1382 si
1575 1331 1624 1382 in
1653 1342 1799 1380 suam

227 1428 577 1481 substantiam
609 1430 885 1496 processit,
913 1425 1258 1481 Substmniam
1293 1440 1395 1476 non
1425 1421 1604 1474 habuit
1631 1437 1644 1474 :
1679 1419 1720 1471 si
1751 1419 1800 1470 in

227 1521 449 1574 alterius
474 1521 839 1581 substantiam,
874 1520 1011 1572 aliud
1042 1519 1137 1572 fuit
1165 1533 1192 1569 a
1227 1518 1332 1570 Deo
1359 1516 1496 1585 quod
1528 1525 1800 1582 Operatum

227 1612 330 1666 fuit
350 1627 378 1664 a
410 1613 515 1666 Deo
546 1631 557 1664 :
584 1623 636 1687 ει
664 1613 830 1682 magis
853 1612 1125 1675 effectum,
1153 1625 1308 1680 quam
1330 1609 1600 1676 generatio
1621 1623 1647 1659 a
1675 1608 1799 1660 l)eo.

228 1699 348 1756 Non
396 1701 848 1756 consubstantialc
898 1703 1074 1771 igitur,
1119 1712 1171 1756 ct
1215 1702 1490 1755 conversio
1531 1697 1719 1766 prioris
1751 1697 1801 1748 in

1898 509 2177 567 antequam
2210 497 2346 550 Deus
2390 494 2513 548 velit
2533 507 2790 562 generare
2815 487 3031 557 aliquid.
3065 484 3296 540 Effectus
3319 495 3469 535 nam-

1898 605 2001 658 que
2035 588 2123 642 Dei
2146 597 2227 640 est
2247 586 2419 639 omnis
2443 583 2734 637 substantia
2770 581 2870 651 (l).
2900 579 3012 634 Non
3040 588 3121 632 est
3154 576 3310 646 igitur
3344 571 3469 626 sub-

1898 679 2110 742 stantia,
2132 678 2290 730 Deus.
2307 675 2412 729 Per
2431 675 2592 726 Deum
2608 674 2748 725 enim
2765 668 3079 724 substantia.
3093 661 3468 731 Quomodoigi-

1900 781 2006 836 tur,
2046 785 2164 823 cum
2193 767 2452 834 posterius
2473 768 2540 818 sit
2566 760 2878 821 substantia,
2912 759 3074 812 Deum
3120 755 3465 810 substantiam

1901 859 2164 916 dicimus?
2191 858 2244 912 Si
2279 858 2423 910 enim
2462 853 2628 908 Deum
2664 850 3010 904 substantiam
3038 846 3292 909 dicimus,
3329 844 3471 912 cogit

1902 967 2000 1006 nos
2037 950 2172 1004 ratio
2215 946 2455 1002 confiteri
2505 942 2851 997 substantiam
2891 953 3014 996 esse
3063 937 3291 1005 priorem
3335 934 3466 988 Deo.

1905 1043 2112 1098 Etenim
2136 1055 2260 1095 vere
2280 1036 2573 1092 substantia
2597 1033 2888 1103 subjectum
2912 1029 3174 1099 quoddam
3198 1035 3294 1079 est.
3319 1023 3468 1091 Quod

1901 1147 2075 1190 autem
2113 1133 2442 1198 subjectum,
2471 1143 2577 1182 non
2607 1137 2686 1180 est
2715 1124 2961 1192 simplex.
3005 1119 3172 1176 Simul
3213 1119 3349 1173 enim
3390 1115 3472 1170 in-

1903 1228 2141 1281 tellectus
2167 1223 2354 1291 accipit
2381 1221 2574 1290 aliquid
2605 1219 2745 1272 aliud
2787 1218 2840 1270 in
2876 1214 3112 1283 subjecto
3146 1226 3299 1276 ,esse,
3349 1224 3469 1262 cum

1903 1319 2004 1373 dici
2028 1316 2323 1385 subjectum
2349 1312 2595 1366 audierit.
2630 1310 2732 1364 Sed
2765 1309 2907 1362 enim
2934 1306 3180 1374 simplum
3206 1299 3468 1372 quoddam

1905 1410 2044 1463 Deus
2071 1419 2151 1462 est
2181 1424 2193 1458 :
2229 1403 2647 1459 iusubstautialis
2672 1416 2798 1471 ergo
2835 1400 2995 1453 Dens.
3035 1397 3088 1452 Si
3126 1410 3251 1463 ergo
3294 1392 3473 1447 insub-

1905 1497 2164 1554 stantialis
2200 1504 2282 1549 εει
2316 1495 2473 1556 Deus,
2506 1489 2954 1546 eonsuhstantiale
2985 1487 3057 1541 nil
3088 1486 3233 1551 Deo;
3264 1481 3470 1538 etiamsi

1905 1607 1934 1644 a
1967 1591 2072 1645 Deo
2097 1596 2349 1657 appareat
2379 1585 2522 1638 nasci
2551 1592 2641 1637 aut
2661 1591 2840 1636 natum
2865 1580 2952 1634 sit.

1977 1682 2066 1736 IX.
2113 1682 2299 1734 DlCllfll.
2337 1687 2510 1731 autem
2553 1675 2765 1746 quidam
2818 1670 3211 1743 generationem
3271 1681 3390 1722 esse
3443 1681 3473 1720 a

229 1792 284 1846 id
317 1793 456 1861 quod
485 1794 772 1846 secundum
802 1804 901 1847 est.
946 1794 1090 1846 Nulla
1120 1793 1276 1861 igitur
1312 1808 1339 1845 a
1379 1793 1484 1844 Deo
1510 1789 1798 1858 generatio.
1833 1772 1877 1830 Β
1911 1775 2177 1841 Deojuxta
2211 1770 2532 1823 nominatum
2560 1779 2760 1838 typum.
2793 1767 2931 1820 Deus
2955 1766 3096 1818 enim
3125 1761 3342 1830 spiritus
3367 1769 3471 1815 est.

228 1883 424 1936 Dicunt
451 1893 626 1936 autem
658 1884 904 1953 quidam,
941 1885 1079 1951 quod
1114 1885 1260 1950 juxta
1290 1883 1612 1949 superfluum
1643 1893 1803 1948 gene-

229 1974 370 2029 ratio
400 1988 426 2026 a
459 1974 586 2040 Deo,
618 1975 990 2042 superplcnum
1014 1973 1284 2043 generatio
1311 1989 1336 2024 a
1365 1973 1491 2025 Deo.
1522 1968 1806 2039 Supcrple-

229 2080 358 2119 num
397 2074 569 2120 autem
612 2066 822 2131 dicunt,
867 2070 1002 2120 sicut
1051 2064 1167 2121 fons
1207 2065 1600 2134 superhullicns
1646 2062 1805 2116 habet

227 2157 372 2228 quod
404 2158 812 2227 superabundet.
844 2157 1126 2211 effundens
1153 2168 1206 2210 et
1236 2172 1449 2224 semper
1476 2157 1682 2224 plenus.
1715 2153 1803 2208 Sic

228 2258 287 2302 et
323 2266 350 2301 a
391 2249 518 2313 Deo,
548 2249 994 2318 quemadmodum
1035 2249 1173 2317 quod
1216 2264 1242 2299 a
1287 2247 1429 2300 fonte
1454 2246 1591 2315 quod
1621 2260 1805 2312 super-

229 2347 333 2402 est,
365 2338 502 2407 quod
535 2338 821 2391 effunditur
843 2329 941 2408 (Ἰ).
976 2340 1036 2390 lit
1059 2337 1171 2389 hme
1193 2339 1462 2403 generatio
1487 2351 1513 2387 a
1541 2337 1664 2388 Deo.
1699 2334 1804 2389 Sed

232 2429 288 2483 in
313 2430 498 2483 eadem
525 2443 707 2482 rursus
737 2430 950 2482 recurrit
978 2429 1131 2481 ratio.
1165 2427 1218 2483 Si
1242 2431 1380 2480 enim
1404 2428 1800 2496 superplenum,

227 2529 286 2574 et
315 2534 523 2587 semper
555 2521 766 2589 plenum
807 2537 818 2574 :
866 2535 1078 2586 semper
1106 2535 1229 2588 ergo
1267 2536 1295 2572 a
1344 2520 1450 2573 Deo
1485 2520 1758 2589 generatio
1789 2535 1800 2570 :

230 2627 339 2668 non
368 2612 506 2666 enim
537 2612 714 2665 deﬁcit
750 2611 885 2664 fons.
929 2610 1078 2676 Quod
1109 2619 1281 2662 autem
1315 2609 1525 2672 crescit,
1579 2607 1808 2662 effundi-

214 2699 340 2759 'tur.
374 2703 453 2758 An
482 2714 677 2768 manet,
724 2704 860 2772 quod
903 2704 1162 2773 augetur?
1192 2703 1296 2757 Nec
1325 2718 1425 2756 non
1458 2702 1615 2771 igitur
1637 2701 1807 2755 effun-

230 2797 378 2852 ditur
433 2796 484 2850 id
512 2796 649 2866 quod
681 2799 1053 2865 superplenum
1091 2805 1171 2850 est
1213 2813 1225 2849 :
1267 2797 1515 2863 quoniam
1559 2796 1807 2848 inconve-

231 2890 423 2952 niens,
467 2902 568 2941 non
600 2887 800 2942 effundi
845 2888 983 2957 quod
1030 2898 1290 2955 superest.
1335 2886 1438 2941 Sed
1475 2887 1716 2947 effundit,
1754 2896 1807 2940 et

229 2994 448 3049 semper
489 2978 708 3032 effundit
751 2995 764 3033 :
810 2993 1020 3045 semper
1062 2979 1203 3031 enim
1241 2977 1535 3031 suuerfluit.
1581 2977 1718 3044 Ergo
1755 2983 1807 3028 et

232 3072 356 3124 novi
388 3071 575 3140 angeli,
618 3078 672 3123 et
704 3071 821 3122 novi
852 3069 1051 3132 mundi.
1091 3069 1476 3122 [neonveuieus
1506 3069 1666 3133 enim,
1701 3083 1804 3120 non

229 3161 429 3215 effundi
447 3138 584 3230 quod
606 3177 811 3230 seraper
831 3161 1015 3216 effluit.
1032 3160 1135 3214 Sed
1157 3162 1197 3214 si
1222 3161 1386 3214 semel
1408 3161 1803 3227 superplenum,
1836 3138 1879 3199 (ἶ

231 3253 530 3308 immutatio
572 3267 700 3320 ergo
752 3252 840 3306 Dei
884 3263 934 3306 et
976 3251 1203 3306 inversio
1237 3252 1348 3316 Dei,
1380 3252 1570 3320 duplex
1603 3268 1614 3302 :
1649 3251 1725 3303 sic
1755 3260 1808 3303 et

231 3343 372 3397 istud
406 3344 752 3412 incongruum
793 3361 805 3396 :
850 3344 990 3396 nulla
1018 3358 1143 3411 ergo
1170 3343 1459 3397 secundum
1491 3344 1588 3396 hoc
1618 3343 1668 3396 in
1701 3343 1807 3397 Deo

228 3436 524 3504 generatio.
563 3434 616 3490 Si
649 3450 776 3489 vero
807 3435 957 3504 juxta
998 3435 1406 3502 superplenum,
1453 3435 1668 3502 insuper
1710 3450 1808 3488 nec

228 3525 682 3580 consubstantiale
707 3526 847 3596 quozl
880 3526 1170 3580 effunditur
1197 3525 1290 3592 ipsi
1318 3526 1423 3578 Deo
1451 3542 1464 3577 :
1497 3526 1634 3578 Deus
1663 3527 1805 3579 enim

227 3618 671 3686 super-abundans
710 3637 722 3671 :
753 3619 890 3686 quod
921 3628 1095 3671 autem
1128 3617 1436 3680 effunditur,
1471 3618 1640 3685 ipsum
1670 3617 1803 3672 effu-

227 3721 347 3762 sum
375 3716 456 3762 est
488 3718 709 3771 tantmn,
745 3725 846 3762 non
882 3717 1058 3762 autem
1087 3724 1298 3776 semper
1324 3709 1617 3761 abundans.
1653 3707 1806 3762 Aliud

227 3802 392 3869 igitur
419 3812 500 3856 est
539 3803 676 3870 quod
714 3811 830 3868 post
873 3800 998 3854 illud
1037 3800 1430 3868 superabundat
1462 3819 1474 3854 :
1512 3814 1637 3868 ergo
1665 3799 1803 3854 aliud

230 3903 352 3962 post
380 3891 543 3953 aliud,
577 3901 630 3944 ει
653 3891 813 3945 aliud.

299 3981 431 4036 VIII.
484 3982 668 4036 Dicunt
708 3981 919 4052 quidam
952 3983 1100 4051 juxta
1139 3982 1464 4034 voluntatem
1508 3980 1806 4049 generatio-

224 4088 370 4135 nem,
412 4073 632 4142 etjuxta
676 4075 959 4127 actionem.
1002 4075 1091 4126 list
1129 4083 1301 4127 autem
1331 4115 1344 4136 ,
1391 4071 1488 4125 ista
1529 4073 1635 4124 duo
1667 4071 1802 4125 idem

223 4165 490 4233 accipere,
530 4164 852 4218 voluntatem
884 4174 937 4218 ct
963 4166 1246 4225 actionem,
1279 4164 1444 4232 magis
1474 4163 1523 4216 in
1553 4162 1679 4217 Deo.
1723 4161 1806 4216 Si-

225 4258 332 4310 mul
374 4257 514 4310 enim
545 4271 702 4325 agere
728 4265 782 4310 et
813 4256 948 4310 velle
987 4267 1068 4310 est
1109 4259 1157 4309 in
1203 4258 1330 4310 Deo.
1365 4260 1608 4309 Attamen
1645 4267 1694 4310 et
1725 4265 1806 4310 est

222 4349 520 4403 differentia
544 4389 557 4412 ,
597 4349 695 4401 etsi
723 4349 775 4401 in
805 4363 870 4401 eo
904 4349 1028 4417 quid
1066 4357 1147 4402 est
1173 4348 1332 4412 velle,
1370 4357 1424 4400 et
1458 4357 1606 4401 actus
1649 4349 1754 4401 Deo
1786 4365 1799 4400 :

223 4439 422 4493 etenim
453 4437 584 4491 velle
614 4437 664 4490 in
694 4437 792 4491 hoc
817 4438 955 4506 quod
984 4446 1067 4491 est
1093 4438 1246 4498 velle.
1274 4447 1353 4490 est
1375 4453 1530 4490 causa
1552 4440 1797 4493 actionis.

222 4530 378 4600 Actio
405 4530 545 4582 enim
568 4569 580 4592 ,
611 4527 823 4583 effectio
863 4528 1167 4581 veluntatis.
1201 4527 1358 4582 Aliud
1389 4543 1514 4596 ergo
1557 4530 1799 4584 voluntas

222 4624 290 4676 ab
314 4622 524 4675 actione
561 4637 576 4672 :
610 4632 662 4675 et
692 4620 833 4673 verbi
862 4627 960 4682 est,
994 4620 1135 4686 prius
1163 4629 1245 4672 est
1284 4630 1337 4672 et
1382 4620 1664 4686 posterius.
1699 4621 1800 4673 lm-

223 4713 498 4786 possibile,
539 4712 693 4766 ambo
733 4711 892 4765 idem.
940 4711 1046 4764 Deo
1075 4710 1230 4775 igitur
1268 4711 1492 4780 primum
1529 4711 1796 4775 voluntas,

223 4806 489 4877 posterius
517 4805 670 4857 actio.
701 4802 812 4855 Non
837 4803 984 4868 juxta
1027 4813 1234 4868 tempus
1261 4802 1403 4864 dico,
1440 4801 1532 4854 sed
1564 4801 1712 4870 juxta
1745 4810 1801 4855 ut

225 4898 296 4950 sit
339 4910 495 4950 causa
550 4895 636 4948 alii
675 4891 907 4946 esseudi.
940 4891 1195 4945 Voluntas
1250 4892 1406 4960 igitur
1458 4892 1510 4943 in
1553 4891 1799 4945 confesso

222 4997 322 5050 est,
377 4985 626 5056 quoniam
655 4983 943 5037 substantia
977 4998 1078 5035 non
1117 4992 1227 5044 est,
1262 4997 1360 5035 nec
1395 4981 1554 5034 actio.
1597 4981 1796 5035 Deinde

221 5079 356 5133 aliud
395 5076 645 5147 quiddam
686 5085 766 5128 est
805 5075 872 5127 ab
918 5075 1125 5128 actione
1175 5081 1227 5125 ct
1267 5073 1572 5139 voluntate,
1625 5074 1793 5140 ipsum

221 5183 374 5240 opus.
418 5165 562 5233 Opus
594 5165 757 5226 enim,
809 5165 1081 5232 operantis
1120 5179 1251 5230 opus
1289 5180 1301 5214 z
1334 5179 1437 5215 non
1475 5172 1650 5215 tamen
1684 5163 1807 5230 ipse

219 5267 502 5330 operator,
533 5269 685 5323 opus.
720 5254 861 5323 Opus
887 5270 1016 5323 ergo
1059 5268 1161 5307 non
1199 5252 1646 5308 consulistantiale
1671 5268 1798 5320 ope-

220 5353 358 5408 ranti
391 5369 405 5406 :
437 5365 564 5419 ergo
587 5364 689 5402 non
711 5347 978 5417 generatio
1011 5363 1024 5399 :
1057 5360 1229 5415 neque
1254 5345 1392 5414 quod
1420 5344 1663 5400 effectum
1691 5358 1791 5411 εει,

219 5445 457 5516 genitum
489 5451 606 5496 est:
639 5448 694 5494 ει
722 5455 882 5508 Opus,
909 5454 1012 5492 non
1034 5441 1304 5508 generain
1340 5455 1508 5508 neque
1541 5440 1786 5504 filialitas,

219 5549 395 5607 neque
425 5532 581 5598 ﬁlius,
604 5546 776 5602 neque
811 5531 1130 5600 unigenitus,
1165 5546 1333 5601 neque
1362 5533 1786 5588 consubstantia-

294 5709 372 5784 (1)
416 5707 561 5782 Quod
587 5709 782 5781 efftuttl.
810 5708 1108 5769 Rclativum
1134 5707 1421 5767 delendum
1453 5708 1675 5767 videtur.

1905 1865 2133 1934 Spiritus
2161 1871 2357 1926 autem,
2396 1875 2514 1914 cum
2559 1860 2610 1912 in
2656 1869 2893 1913 naturam
2924 1870 3072 1908 suam
3103 1851 3365 1916 intendit,
3420 1851 3472 1905 in

1906 1956 2246 2022 semetipsum
2277 1951 2478 2005 residit.
2507 1949 2661 2004 Istius
2691 1948 2831 2003 modi
2855 1956 3077 2011 motum,
3099 1954 3278 2015 typum
3308 1941 3476 1995 nomi-

1908 2057 2052 2100 nant.
2092 2046 2224 2115 Quid
2256 2045 2446 2099 deinde
2474 2043 2643 2097 vero?
2671 2042 2750 2095 Ab
2789 2041 2940 2094 istius
2969 2039 3107 2093 modi
3139 2037 3389 2101 motione,
3417 2033 3475 2088 fi-

1909 2141 2099 2195 lialitas
2121 2140 2360 2209 qumdam
2391 2148 2608 2204 repente
2634 2134 2861 2201 erumpit
2892 2148 2903 2184 :
2933 2142 2985 2185 ει
3017 2129 3130 2184 hzec
3155 2129 3424 2199 generatio
3446 2143 3474 2180 a

1909 2234 2034 2287 Deo.
2073 2230 2349 2298 Quomodo
2390 2228 2582 2298 igitur?
2623 2234 2678 2279 ut
2714 2223 3020 2278 effluentum
3052 2236 3119 2274 an
3151 2230 3206 2273 ut
3239 2219 3472 2282 en'iissio,

1905 2336 1992 2379 aut
2012 2336 2066 2378 ut
2093 2323 2424 2391 refulgentia,
2450 2329 2541 2374 aut
2560 2319 2700 2372 aliud
2719 2316 2844 2386 quid
2866 2315 3091 2368 horum?
3111 2311 3244 2378 Quid
3264 2310 3478 2365 deinde?

1905 2418 1986 2472 An
2017 2425 2072 2468 ut
2102 2429 2224 2484 pars
2252 2429 2280 2465 a
2311 2422 2443 2477 toto,
2475 2427 2539 2464 an
2577 2420 2685 2464 uta
2717 2417 2828 2462 toto
2855 2405 3056 2460 totum?
3093 2407 3162 2458 At
3185 2404 3478 2475 quodcum-

1907 2524 2010 2578 que
2041 2508 2248 2568 horum,
2281 2513 2370 2558 aut
2395 2502 2762 2572 imperfectum
2794 2509 2894 2564 est,
2928 2499 2969 2551 si
3002 2508 3202 2566 partem
3231 2494 3477 2561 effundit,

1907 2611 1961 2658 et
1987 2601 2265 2655 diminutio
2294 2598 2533 2666 qna-dam
2569 2595 2626 2648 fit
2657 2593 2846 2660 patris,
2892 2605 3010 2645 cum
3045 2605 3162 2658 pars
3216 2588 3283 2642 sit
3318 2587 3476 2652 filius,

1907 2704 1998 2747 aut
2031 2706 2164 2746 vana
2195 2690 2487 2760 generatio.
2537 2687 2590 2742 Si
2631 2700 2758 2738 vero
2785 2693 2951 2736 totum
2984 2695 3012 2733 a
3055 2689 3163 2732 toto
3201 2678 3475 2746 apparuit,

1909 2787 2050 2849 nulla
2072 2798 2228 2838 causa
2259 2791 2359 2846 est,
2391 2781 2458 2832 ab
2496 2779 2682 2833 eodem
2709 2779 2822 2845 ipso
2859 2773 2908 2826 id
2937 2775 3105 2842 ipsmn
3127 2769 3386 2840 generari.
3416 2771 3481 2824 Et

1907 2879 1950 2933 si
1987 2877 2181 2945 duplex
2219 2871 2462 2944 generari
2517 2869 2806 2924 necchitas
2851 2867 2974 2931 fuit,
3034 2873 3313 2932 utrmuqne
3352 2877 3480 2931 ergo

1906 2967 2274 3039 imperfectum
2303 2978 2318 3018 ξ
2346 2974 2399 3018 ει
2439 2963 2490 3016 id
2534 2960 2672 3031 quod
2711 2968 2791 3012 est
2836 2957 3000 3025 prius,
3034 2964 3086 3010 et
3132 2954 3182 3007 id
3221 2952 3359 3022 quod
3400 2961 3482 3006 est

1907 3063 2171 3134 posterius
2219 3061 2271 3112 in
2313 3056 2682 3112 conversione.
2733 3050 2836 3104 Sed
2886 3049 3026 3103 enim
3071 3049 3375 3114 insnrgcnte
3427 3045 3479 3098 in

1911 3155 2254 3220 semetipsum
2285 3149 2391 3222 (2),
2414 3147 2658 3217 apparuit
2683 3140 3047 3198 tantummodo
3077 3138 3220 3192 aliud
3251 3139 3364 3192 sine
3392 3136 3478 3189 ali-

1909 3260 2010 3314 qua
2040 3240 2365 3311 effulgentia.
2398 3238 2450 3291 Id
2473 3246 2554 3291 est
2577 3235 2935 3297 manifestum,
2966 3227 3370 3301 quoniamquod
3394 3242 3480 3281 se-

1909 3341 2138 3395 cundmn
2174 3350 2291 3402 est,
2330 3354 2394 3392 ex
2423 3338 2485 3390 iis
2520 3345 2602 3390 est
2638 3350 2755 3405 qua:
2788 3328 3068 3399 aliquando
3109 3344 3210 3382 non
3248 3328 3475 3379 fuerunt.

1911 3430 2132 3484 Factum
2155 3438 2237 3484 est
2263 3443 2420 3497 ergo,
2467 3441 2567 3478 non
2597 3435 2796 3486 natum,
2825 3431 2878 3476 et
2900 3422 3096 3474 idcirco
3125 3435 3228 3471 non
3255 3415 3481 3472 consub-

1909 3523 2174 3578 stantiale.
2202 3523 2240 3574 A
2276 3523 2383 3574 Deo
2406 3519 2564 3587 igitur
2587 3517 2728 3570 nulla
2758 3524 2840 3568 est
2862 3512 3157 3582 generatio.

1980 3614 2045 3667 Χ.
2089 3612 2223 3677 Quid
2252 3620 2428 3664 autem
2451 3625 2514 3662 ex
2543 3608 2656 3660 istis
2677 3606 2922 3660 omnibus
2945 3602 3228 3670 colligitur,
3261 3598 3330 3651 mi
3360 3597 3479 3650 dul-

1908 3705 1985 3758 eis
2031 3702 2335 3757 Victoriae?
2383 3699 2642 3766 Quoniam
2699 3696 2951 3749 Dominus
3014 3693 3170 3747 Jesus
3236 3687 3478 3742 Christus

1908 3795 2085 3862 (Joan.
2127 3809 2162 3854 ι,
2199 3796 2248 3856 i,
2280 3791 2480 3860 5),ηυί
2516 3797 2597 3842 εει
2639 3789 2780 3860 λόγος
2809 3785 2947 3855 apud
2981 3785 3166 3846 Deum,
3201 3796 3292 3850 per
3319 3793 3476 3849 quem

1907 3886 2096 3940 effecta
2123 3892 2246 3937 sunt
2275 3883 2470 3945 omnia,
2501 3890 2552 3936 et
2574 3878 2689 3933 sine
2715 3894 2820 3946 quo
2847 3876 2974 3930 nihil
3004 3874 3197 3928 factum
3225 3882 3304 3926 est
3337 3890 3349 3925 :
3381 3887 3476 3925 ne-

1906 3993 2010 4047 que
2052 3974 2395 4046 generatione
2436 3988 2464 4025 a
2513 3971 2643 4034 Deo,
2683 3969 2778 4023 sed
2818 3968 3126 4037 operatione
3165 3979 3192 4017 a
3241 3964 3370 4027 Deo,
3398 3969 3480 4016 est

1911 4070 2136 4135 primum
2177 4080 2312 4135 opus
2365 4074 2418 4117 ct
2455 4062 2742 4132 principale
2795 4061 2932 4113 Dei:
2976 4059 3057 4112 cui
3113 4057 3245 4109 dedit
3298 4072 3478 4109 nomen

1908 4159 2040 4228 quod
2061 4167 2131 4209 est
2153 4172 2307 4221 super
2329 4171 2473 4206 omne
2494 4171 2672 4206 nomen
2697 4152 2951 4223 (Philipp.
2975 4166 3031 4213 tt,
3054 4149 3134 4220 9),
3166 4149 3327 4200 filium
3355 4163 3474 4201 eum

1906 4250 2179 4316 appellans
2203 4257 2255 4300 et
2283 4247 2630 4315 unigenitum,
2654 4245 2793 4314 quod
2821 4245 2990 4298 solum
3022 4257 3179 4310 opera
3209 4256 3301 4295 sua
3332 4241 3471 4294 fecit.

1908 4338 2098 4392 Effecit
2124 4347 2297 4391 autem
2335 4353 2400 4389 ex
2430 4337 2491 4388 iis
2517 4351 2634 4404 qua:
2665 4350 2768 4387 non
2798 4343 2919 4386 sunt
2951 4349 2962 4383 :
2997 4332 3244 4400 quoniam
3276 4330 3474 4401 (Rom.,

1905 4445 1978 4496 Iv,
2029 4429 2116 4498 17)
2163 4428 2394 4498 potentia
2440 4427 2553 4489 Dei,
2585 4425 2724 4494 quod
2757 4439 2861 4476 non
2892 4433 3007 4483 est,
3039 4422 3253 4476 adducit
3292 4433 3348 4476 ut
3385 4423 3471 4475 sit.

1825 4499 1876 4556 Ῑ)
1906 4519 2014 4572 Hoc
2040 4528 2214 4572 autem
2242 4526 2294 4570 et
2323 4515 2479 4569 Jesus
2501 4530 2594 4583 per
2618 4530 2775 4583 quem
2806 4513 2937 4566 facta
2969 4522 3091 4566 sunt
3119 4513 3297 4566 omnia
3327 4529 3339 4564 :
3375 4513 3477 4566 hoc

1902 4621 1982 4667 est
2010 4626 2073 4665 ex
2101 4612 2166 4664 iis
2193 4625 2310 4678 «ιιιτε
2336 4625 2440 4661 non
2463 4616 2606 4671 sunt,
2630 4623 2690 4661 ea
2717 4623 2834 4676 qua:
2865 4616 2988 4659 sunt
3012 4605 3207 4659 effecit.
3239 4606 3341 4658 Sed
3373 4605 3477 4660 isto

1902 4705 2063 4757 distat
2092 4702 2231 4770 quod
2265 4700 2404 4753 Deus
2433 4698 2575 4762 facit,
2611 4710 2667 4752 ut
2692 4698 2761 4751 sit
2791 4696 3080 4766 perfectura
3111 4695 3430 4750 omnimodis
3459 4713 3472 4748 :

1902 4792 2057 4848 Jesus
2083 4802 2259 4846 autem
2289 4791 2410 4856 alia,
2447 4806 2548 4843 non
2576 4789 2763 4843 eodem
2798 4788 2976 4852 modo,
3005 4790 3102 4842 etsi
3145 4790 3373 4856 perfecta
3399 4788 3478 4842 cf-

1902 4885 2044 4939 fecit.
2087 4884 2141 4937 In
2187 4898 2291 4952 quo
2342 4883 2499 4950 igitur
2541 4880 2697 4935 Jcsus
2734 4891 2813 4934 est
2856 4881 3076 4932 effector
3123 4894 3304 4933 eorum
3357 4896 3475 4949 qua:

1902 4986 2044 5042 sunt,
2077 4991 2142 5028 ex
2179 4974 2241 5027 iis
2277 4989 2394 5043 qua:
2432 4988 2535 5026 non
2572 4982 2722 5037 sunt,
2761 4972 3049 5026 secundum
3077 4973 3475 5040 operationem?

1901 5069 1963 5123 Et
1986 5071 2034 5121 in
2061 5076 2208 5135 patre
2235 5065 2346 5133 ipse
2371 5074 2474 5130 est,
2497 5075 2547 5116 ει
2572 5065 2622 5116 in
2646 5065 2760 5131 ipso
2790 5064 3126 5133 pater-(Joan.
3154 5063 3424 5134 xlv,9,ll)
3456 5084 3470 5120 :

1897 5170 1952 5213 et
1997 5159 2153 5211 ambo
2199 5171 2361 5209 unmn
2408 5167 2531 5208 sunt
2559 5156 2763 5226 (Joan.,
2811 5171 2865 5220 χ,
2912 5154 3023 5224 50).
3068 5156 3120 5207 ln
3149 5171 3254 5224 quo
3295 5167 3470 5209 autem

1906 5265 2009 5304 non
2032 5249 2169 5303 idem
2203 5259 2395 5316 potest,
2417 5248 2552 5300 alter
2571 5247 2848 5315 accipitur.
2880 5245 2992 5299 Non
3021 5247 3159 5300 enim
3191 5247 3328 5300 aliud
3358 5261 3470 5300 om-

1904 5341 2132 5395 nimodis
2160 5339 2447 5408 perfectum
2473 5339 2679 5407 Operari
2709 5346 2899 5407 potest.
2934 5337 3037 5392 Sed
3064 5353 3232 5406 neque
3259 5340 3469 5406 prepria

1898 5431 2206 5501 Operatione
2239 5439 2510 5498 cperatur,
2548 5443 2719 5497 neque
2762 5429 2974 5497 propria
3017 5431 3322 5494 voluntate;
3375 5431 3466 5486 sed

1969 5563 2045 5636 (1)
2089 5563 2180 5617 Dei
2198 5579 2266 5616 est
2283 5562 2623 5636 coluisset)“.
2646 5562 2774 5617 Heic
2795 5563 2973 5632 incipit
2999 5564 3190 5621 Mabill.
3225 5566 3389 5624 editio
3412 5572 3463 5625 in

1899 5633 2146 5696 Analect,
2181 5648 2295 5701 pag.
2327 5635 2412 5695 2|,
2446 5633 2531 5686 fol.

1965 5704 2040 5774 (‘2)
2081 5703 2146 5759 In
2169 5705 2501 5770 semetipsum.
2536 5701 2822 5772 Mabillom,
2855 5703 2905 5756 in
2933 5719 2982 5758 se
3005 5703 3200 5772 spiritu.
