3920 6218
418 223 557 279 1019

1662 233 1704 284 Μ
1718 238 1750 283 A
1764 232 1851 286 llll
1884 231 2224 290 VICTORINI
2266 239 2423 293 AFlll

3550 255 3681 308 1020

416 340 864 409 eademvultqme
890 350 1057 410 pater.
1083 342 1269 411 litipsc
1287 345 1445 397 etiam
1469 344 1988 415 (l)habetvolunta-
2016 348 2071 409 Α
2096 352 2421 418 praepositum
2467 352 2535 404 ad
2589 370 2758 409 onmes
2787 358 2891 411 vias
2935 356 3114 429 (Prov.
3150 377 3259 425 vm,
3299 362 3413 435 22).
3446 365 3557 419 lloc
3596 383 3687 419 au—

419 440 563 496 tem;
604 431 733 486 dicit
765 442 941 486 tamen
976 449 988 485 :
1022 432 1143 486 Non
1180 435 1305 487 sicut
1342 452 1433 505 ego
1469 436 1610 498 volo,
1651 436 1737 490 sed
1779 436 1903 489 sicut
1946 447 1997 489 tu

419 522 629 596 (Matth.
652 539 796 588 xxvx,
822 524 936 595 59).
972 524 1215 579 Etmulta
1236 527 1286 579 in
1311 528 1578 583 voluntate
1609 529 1771 597 patris
1802 528 1876 598 ('2)
1896 544 1996 580 non

418 616 519 669 scit
549 632 561 667 :
594 614 730 669 sicut
755 614 941 683 judicii
971 615 1109 669 diem
1143 616 1333 687 (Marc.
1369 632 1481 681 xm,
1508 618 1618 687 59).
1670 618 1734 672 Ει
1766 620 1861 673 iste
1884 634 2002 691 pas-

419 706 587 761 sibilis
625 716 726 771 est,
776 706 861 761 ille
892 721 1019 761 vero
1053 709 1391 777 impassibilis
1424 728 1439 764 :
1469 722 1521 763 et
1548 711 1636 765 ille
1675 720 1757 765 est
1788 713 1875 780 qui
1906 714 2001 765 mi-

419 798 509 864 sit,
543 800 638 853 iste
669 814 798 854 vero
833 801 919 868 qui
957 801 1154 855 missos
1191 812 1273 855 est
1317 820 1328 854 :
1372 813 1425 855 et
1451 803 1549 856 alia
1583 805 1732 858 isnus
1764 805 1926 871 tnodi,
1949 815 2004 859 nt

420 891 539 959 quia
569 890 666 944 iste
690 891 1089 945 induitcarnem
1114 894 1215 961 (5),
1237 895 1287 947 in
1314 909 1377 947 eo
1410 894 1549 963 quod
1566 906 1804 950 mortuus
1827 909 1930 962 εει,
1952 898 2001 951 in

421 997 486 1038 eo
514 984 652 1053 quod
683 985 978 1039 reSnrrexit
1003 1000 1029 1036 a
1061 987 1280 1040 mortuis
1312 1004 1323 1038 :
1353 1001 1473 1056 qua:
1502 988 1675 1040 munia
1712 988 1845 1042 Filio
1877 1004 2007 1043 con-

424 1076 671 1144 tigerunt.
705 1077 845 1131 Patri
886 1086 1062 1131 autem
1096 1078 1464 1148 incongruum,
1500 1082 1646 1148 Operi
1681 1090 1855 1135 autem
1891 1083 2005 1151 ejus

422 1183 527 1220 non
546 1168 894 1236 incongruum
922 1186 935 1221 :
959 1168 1098 1238 quod
1118 1184 1237 1223 cum
1257 1172 1326 1223 sit
1354 1186 1487 1239 opus
1514 1172 1563 1225 in
1587 1172 1877 1225 substantia
1902 1172 2003 1247 (4),

424 1274 542 1329 quae
582 1260 803 1327 quidem
835 1262 1096 1328 receptrix
1128 1270 1209 1315 est
1245 1262 1577 1315 diversarum
1609 1258 1918 1331 qualitatum
1955 1275 2007 1319 et

424 1350 593 1419 magis
622 1351 1031 1405 contrariorum.

494 1440 583 1495 XI.
619 1442 767 1509 Quod
799 1450 972 1495 autem
1008 1444 1143 1496 Dens
1170 1441 1355 1498 fecerit
1382 1443 1561 1498 Jesum
1589 1446 1879 1511 Christum,
1920 1462 2007 1501 sa-

425 1550 511 1588 era
532 1534 688 1587 lectio
708 1533 836 1587 dicit
859 1534 910 1587 in
939 1534 1160 1588 Actibus
1185 1536 1556 1603 Apostolorum
1583 1553 1595 1587 :
1620 1535 2011 1591 Certissimcau-

427 1638 523 1681 tem
568 1628 693 1679 sciat
732 1628 895 1679 omnis
937 1626 1114 1681 domus
1177 1627 1371 1693 Israel,
1429 1631 1667 1697 quoniam
1712 1630 1827 1698 fecit
1871 1632 2009 1685 nobis

2105 450 2207 495 tem
2254 444 2513 512 signiﬁcat
2554 455 2606 500 et
2639 448 2688 500 in
2731 448 3014 519 Evangelio
3059 454 3349 509 secundum
3409 456 3685 526 Joanncm,

2103 549 2220 587 cum
2276 536 2433 590 dicit:
2486 537 2553 590 Et
2591 542 2728 609 quod
2772 551 2841 595 est
2893 543 3235 612 effectunt,in
3284 549 3396 617 ipso
3450 551 3551 603 vita
3600 554 3693 621 fuit

2105 628 2297 695 (Joan.
2348 645 2385 695 t,
2436 632 2487 694 δε
2530 630 2629 702 4).
2678 634 2731 687 Si
2776 634 2828 688 in
2886 635 3000 703 ipso
3051 652 3176 708 ergo
3224 640 3421 710 aliquid
3474 638 3686 707 factum,

2103 732 2156 775 et
2194 722 2305 790 ipse
2353 722 2519 777 factus
2565 735 2677 787 est;
2724 728 2890 796 magis
2944 739 3152 794 autem,
3202 732 3245 785 si
3288 734 3399 800 ipse
3443 737 3547 787 vita
3591 745 3690 790 est.

2105 814 2288 868 Nullus
2351 816 2506 885 igitur
2556 818 2698 871 velut
2746 818 2969 875 insuave
3014 823 3270 891 accipiat,
3312 823 3497 879 Jcsum
3541 824 3696 880 Chri-

2105 918 2244 960 stum
2290 922 2409 962 esse
2437 925 2568 977 opus
2617 911 2737 977 Dei,
2783 914 3100 967 omnimodis
3133 915 3423 982 perfectum
3461 919 3553 972 Dei
3587 921 3698 974 sir-

2110 1009 2218 1053 tute
2260 1018 2271 1052 :
2325 1003 2485 1055 Deum
2537 1018 2666 1056 vero
2711 1006 3024 1073 ingenitum,
3075 1007 3328 1077 Spiritum
3376 1012 3694 1082 ingenitum,

2109 1106 2269 1159 super
2297 1108 2481 1146 omnes
2505 1095 2722 1163 spiritus
2756 1115 2767 1149 :
2809 1098 3136 1167 unigenitum
3170 1116 3315 1165 vero,
3360 1105 3693 1171 Operatioiie,

2110 1186 2362 1252 potentia,
2391 1185 2551 1238 ﬁlium
2581 1186 2930 1241 substantiam
2962 1189 3179 1256 factum,
3209 1210 3311 1244 non
3342 1193 3410 1246 de
3438 1195 3695 1248 substan-

2111 1274 2202 1328 tia.
2236 1274 2444 1329 Etenim
2473 1278 2645 1330 omnis
2672 1288 2725 1331 et
2754 1280 2920 1347 prima
2952 1282 3266 1348 so-hstautia,
3291 1283 3450 1338 Jesus
3480 1303 3492 1338 :
3523 1287 3698 1340 omnis

2109 1367 2264 1428 actio,
2296 1369 2468 1421 omnis
2490 1369 2652 1447 λόγος,
2676 1371 2882 1425 initium
2912 1382 2963 1426 et
2995 1374 3112 1427 linis
3135 1378 3371 1429 ninnium
3400 1392 3521 1447 quae
3551 1389 3696 1443 sunt,

2110 1445 2510 1526 corporearum,
2541 1444 2631 1514 aut
2670 1461 3133 1531 incorporcorum,
3166 1466 3603 1522 intellectibilium
3631 1484 3699 1524 ac

2112 1550 2574 1617 intellecmalium,
2612 1553 3013 1624 intelligentium
3038 1572 3098 1610 ac
3122 1559 3535 1627 intellectorum,
3576 1576 3701 1617 seu-

2112 1639 2342 1694 sibilium
2396 1658 2456 1696 ac
2502 1658 2750 1699 sensuum
2804 1666 2816 1699 :
2867 1650 3325 1720 prmprincipium,
3386 1668 3696 1720 prmeansa,

426 1716 564 1771 Deus
596 1717 868 1771 Dominum
892 1715 1071 1771 Iesum
1093 1716 1369 1783 Christum,
1394 1736 1537 1788 quem
1571 1735 1655 1774 vos
1681 1722 2002 1788 cruciﬁxistis
2034 1727 2081 1786 B
2110 1734 2409 1801 prmstatio,
2449 1734 2689 1804 effector,
2720 1715 3018 1806 capacitas‘,
3054 1715 3323 1809 plenitudo
3356 1715 3499 1813 {per
3539 1715 3694 1814 quem

428 1810 563 1882 (Act.
604 1826 672 1876 ιι,
719 1811 830 1883 56).
869 1810 998 1866 Item
1054 1812 1191 1881 apud
1248 1812 1586 1867 Salomonem
1632 1832 1645 1868 :
1700 1813 1883 1867 Fecisti
1930 1831 2007 1868 me

499 1943 577 2012 (1)
619 1944 807 2000 Etiam.
840 1946 1131 2011 Mabillon.,
1160 1947 1308 2000 etiam
1337 1948 1399 1998 si.

500 2014 581 2085 (2)
620 2013 685 2069 In
730 2018 984 2069 voluntate
1013 2018 1188 2085 patris.
1223 2017 1309 2069 Sic
1340 2026 1481 2071 recte
1528 2017 1797 2071 Mabillmt.
1851 2018 2007 2072 Deest

428 2088 721 2157 yoxpatris
751 2086 805 2139 in
826 2085 1124 2141 Orthodos.
1151 2086 1233 2141 Jo.
1267 2087 1499 2151 Hcroldi,
1533 2102 1647 2157 pag.
1699 2088 1836 2153 461,
1875 2090 2004 2142 edit.

429 2156 588 2209 Basil.
612 2156 770 2223 1555,
801 2172 900 2226 qua
930 2158 1144 2212 utimur.

528 2226 579 2297 5)
616 2226 682 2281 Ut
709 2230 827 2293 quia
854 2229 943 2281 iste
967 2228 1074 2281 ind.
1101 2228 1394 2292 Mabillon.,
1422 2229 1473 2280 in
1501 2244 1555 2281 eo
1577 2231 1711 2297 quod
1732 2230 1838 2282 ind.

528 2230 579 2297 5)
616 2230 682 2281 Ut
709 2230 827 2293 quia
854 2230 943 2281 iste
967 2230 1074 2281 ind.
1101 2230 1394 2292 Mabillon.,
1422 2230 1473 2280 in
1501 2244 1555 2281 eo
1577 2231 1711 2297 quod
1732 2230 1838 2282 ind.

500 2230 579 2368 id)
623 2300 773 2364 Quod
809 2315 923 2351 cum
960 2302 1023 2352 sit
1044 2316 1126 2367 op.
1160 2299 1378 2363 Mabill.,
1407 2299 1487 2354 Sit
1523 2316 1669 2369 Opus.
1696 2300 1999 2370 Legendum

429 2367 585 2432 forte,
616 2370 802 2437 quippe
828 2386 942 2423 cum
971 2372 1034 2423 sit
1063 2387 1210 2440 opus.

2107 1822 2294 1879 effecta
2318 1837 2438 1880 sunt
2464 1828 2662 1894 onmia,
2690 1839 2737 1883 et
2765 1830 2879 1896 sine
2901 1848 3003 1901 quo
3028 1833 3160 1886 nihil
3187 1852 3199 1888 :
3222 1832 3468 1890 Salvator
3495 1847 3693 1905 noster,

2111 1919 2478 1973 universorum
2521 1924 2827 1978 emendator
2872 1924 2947 1997 (1)
2985 1944 2996 1978 :
3030 1936 3085 1981 ut
3132 1943 3316 1983 servus
3350 1931 3400 1983 in
3460 1941 3691 1986 nostram

2109 2014 2355 2074 salutem,
2392 2012 2643 2067 Dominus
2665 2025 2839 2069 autem
2869 2016 2918 2069 in
2952 2028 3288 2085 peccatorum
3316 2032 3369 2074 et
3411 2022 3693 2089 impiorum

2112 2101 2437 2170 punitionem
2466 2123 2479 2159 :
2510 2106 2673 2174 gloria
2717 2122 2843 2162 vero
2892 2123 2944 2163 et
2991 2125 3184 2167 corona
3222 2113 3489 2181 justorum
3540 2128 3695 2185 atque

2115 2201 2444 2247 sanctorum.
2480 2194 2671 2251 Amen.

2178 2373 2258 2447 (1)
2288 2372 2613 2427 Emendator.
2636 2375 2858 2441 Mabill.,
2880 2379 3181 2433 emendatio.

1016 2481 3659 2507 *Μ

1754 2550 2376 2635 VICTORINI

1382 2692 1587 2748 LIBER
1628 2692 1715 2749 DE
1753 2692 2245 2749 GENERATIONE
2284 2692 2491 2749 DIVINI
2530 2693 2755 2760 VEBBI,

1730 2802 1798 2841 AD
1836 2801 2102 2841 CANDIDUI
2139 2801 2393 2840 ARIANUI.

500 2897 539 2953 1.
573 2898 810 2969 Magnam
844 2908 983 2954 tuam
1034 2898 1440 2969 intelligentiam
1472 2900 1588 2968 quis
1634 2900 1942 2967 fascinavit,
1976 2916 2008 2953 ο
2035 2899 2080 2961 C
2135 2902 2224 2952 nui
2253 2910 2299 2953 te
2326 2899 2495 2971 (Psal.
2527 2917 2586 2966 ιι,
2638 2901 2712 2968 7).
2746 2901 2811 2955 Et
2842 2902 3044 2956 Paulus
3068 2902 3357 2972 Apostolus
3386 2923 3397 2956 :
3437 2905 3568 2971 Quia
3596 2906 3701 2973 ipse

431 3003 691 3058 generose
734 2988 1010 3044 Candide?
1055 2991 1129 3044 De
1160 2991 1267 3043 Deo
1294 2990 1475 3045 dicere
1499 3032 1512 3057 ,
1554 3006 1711 3059 supra
1740 2991 2009 3045 hominem

431 3081 645 3135 audacia
675 3092 773 3135 est.
808 3082 910 3137 Sed
939 3084 1188 3151 quoniam
1228 3081 1424 3135 inditus
1453 3092 1533 3136 est
1569 3083 1761 3136 animze
1814 3094 2012 3137 nostra:

431 3181 545 3234 νοῦς
567 3175 756 3240 ἠθικός,
785 3183 837 3228 et
865 3176 1083 3244 Spiritus
1106 3175 1335 3243 desuper
1362 3175 1552 3227 missus
1571 3174 1637 3227 ad
1671 3174 2013 3243 ﬁgurationes

434 3261 901 3337 intelligentiarum
937 3270 1215 3337 inscriptas
1244 3286 1307 3322 ex
1337 3277 1537 3322 {cterno
1570 3270 1619 3322 in
1663 3271 1837 3324 anima
1884 3288 2010 3326 nos-

436 3366 513 3411 tra
548 3376 560 3411 :
595 3370 771 3414 movet
800 3359 1093 3415 ineffabiles
1127 3379 1211 3417 res
1240 3360 1304 3416 ad
1344 3364 1723 3435 investigabilia
1767 3363 2014 3433 mysteria

438 3450 533 3504 Dei
564 3451 892 3508 voluntatum
917 3465 1074 3524 atque
1097 3458 1488 3525 operationum,
1517 3458 1665 3526 quasi
1690 3458 1883 3510 mentis
1910 3458 2018 3509 ela—

439 3544 513 3595 tio
552 3543 742 3597 animm
789 3556 1005 3599 nosam.
1040 3544 1163 3601 Vult
1191 3548 1331 3601 cnim
1366 3549 1570 3613 videre,
1604 3559 1657 3603 et
1688 3548 1847 3601 etiam
1878 3561 2017 3600 nunc

440 3634 491 3689 in
536 3635 623 3688 tali
656 3636 753 3689 sita
782 3651 1026 3707 corpore,
1058 3640 1198 3709 quod
1228 3641 1443 3696 difﬁcile
1471 3652 1553 3696 est
1599 3642 1895 3711 intelligere
1932 3655 2018 3694 so—

440 3725 546 3779 lum
576 3767 588 3789 ,
639 3726 849 3783 edicere
881 3740 1056 3784 autem
1112 3734 1458 3801 impossibile.
1492 3735 1625 3787 Dicit
1665 3736 1804 3788 enim
1838 3734 2020 3788 beatus

440 3818 637 3873 Paulus
685 3838 694 3872 :
734 3820 777 3876 0
816 3822 1032 3877 altitudo
1083 3826 1374 3880 divitiarum
1419 3828 1679 3895 sapientia:
1724 3838 1768 3881 et
1808 3844 2016 3897 cognosc

440 3915 615 3965 centia:
646 3911 756 3976 Dei,
790 3916 1041 3981 quomodo
1068 3918 1491 3989 ininrestigabilia
1520 3930 1637 3973 sunt
1661 3920 1863 3992 judicia
1894 3919 2017 3987 Dei,

442 4011 486 4054 et
510 4004 616 4057 sine
647 4005 859 4076 vestigiis
889 4011 997 4079 ejus
1023 4010 1116 4064 vite
1147 4010 1321 4081 (Rom.
1370 4027 1443 4076 χι,
1494 4011 1620 4082 55)1
1676 4012 1809 4065 Dicit
1857 4013 2016 4065 etiam

442 4091 625 4149 Esaias
656 4114 667 4147 :
705 4097 830 4161 Quis
868 4102 1097 4170 cognovit
1138 4111 1351 4155 mentem
1398 4101 1634 4167 Domini,
1665 4113 1749 4154 aut
1786 4104 1893 4171 quis
1924 4103 2020 4171 [uit

442 4186 550 4254 ejus
598 4190 894 4243 consiliator
924 4190 1057 4260 (lsa.
1092 4208 1183 4260 XL,
1222 4193 1348 4261 15)?
1403 4192 1565 4247 Vides
1611 4193 1769 4263 igitur
1835 4194 2018 4262 quanti

2116 2996 2324 3063 praprio
2350 3009 2439 3048 suo
2468 2995 2573 3060 ﬁlio
2601 3010 2701 3045 non
2733 2995 2950 3064 pepercit
2984 2995 3156 3062 (Rom.
3193 3012 3306 3057 VIII,
3341 2996 3458 3064 52).
3492 2997 3559 3049 Ει
3586 3013 3700 3050 rur-

2114 3099 2205 3139 sus
2232 3102 2243 3137 :
2269 3081 2570 3137 Benedictus
2606 3081 2740 3136 Deus
2766 3094 2810 3135 et
2830 3094 2969 3151 pater
2990 3082 3194 3137 Domini
3216 3086 3373 3152 nostri
3401 3085 3526 3138 Jesu
3551 3085 3697 3137 Clari-

2116 3176 2180 3229 sti
2212 3174 2424 3245 (Epltes.
2456 3190 2491 3235 ι,
2526 3172 2602 3239 5).
2651 3175 2847 3227 Deinde
2891 3184 2944 3227 et
2989 3176 3100 3244 ipse
3134 3175 3285 3229 Jesus
3310 3174 3556 3229 Christus
3600 3178 3700 3230 irc-

2117 3277 2343 3335 quenter
2360 3266 2487 3319 dicit
2521 3283 2532 3317 :
2564 3264 2671 3335 Ego
2693 3276 2738 3319 et
2766 3276 2905 3332 pater
2926 3283 3080 3318 unum
3103 3282 3275 3319 sumus
3292 3265 3475 3337 (Joan.
3506 3283 3562 3332 χ,
3588 3267 3695 3336 ⁸50).

2118 3356 2186 3411 Ει
2220 3375 2231 3410 :
2269 3358 2368 3423 Qui
2398 3358 2526 3410 videt
2568 3374 2675 3421 me,
2716 3358 2845 3410 videt
2876 3368 2919 3409 et
2950 3368 3144 3425 patrem
3174 3373 3338 3410 meum
3377 3357 3552 3428 (Joan.
3590 3373 3696 3419 xw,

2118 3449 2197 3519 9).
2249 3450 2311 3501 Et
2344 3467 2356 3502 :
2396 3448 2499 3517 Ego
2529 3450 2580 3501 in
2606 3459 2776 3517 patre,
2812 3458 2856 3500 et
2889 3458 3031 3517 pater
3063 3449 3112 3501 in
3142 3465 3221 3502 me
3252 3458 3321 3501 est
3386 3448 3546 3519 (Ibid.
3600 3450 3695 3514 10,

2124 3540 2236 3610 Η).
2274 3540 2394 3594 11ωο
2421 3540 2600 3593 dicens
2656 3540 2791 3593 Deus
2824 3538 2951 3603 fuit,
2987 3542 3028 3592 si
3062 3541 3318 3594 mentitus
3346 3555 3449 3593 non
3478 3550 3560 3593 est
3602 3558 3613 3592 :
3657 3541 3697 3593 si

2120 3643 2295 3686 autem
2322 3632 2573 3686 mentitus
2602 3642 2701 3696 est,
2728 3648 2829 3685 non
2857 3647 2992 3699 opus
3027 3631 3118 3685 Dei
3154 3631 3480 3686 omnimodis
3500 3630 3700 3700 perfec-

2124 3737 2250 3779 tum.
2281 3724 2434 3793 Saepe
2454 3734 2507 3778 et
2529 3724 2675 3777 multi
2700 3733 2752 3777 et
2782 3723 2971 3777 millies
3002 3723 3185 3776 dicunt
3210 3722 3310 3775 ista
3344 3741 3354 3774 :
3384 3736 3449 3775 an
3482 3722 3577 3776 tibi
3602 3738 3699 3775 non

2122 3828 2341 3887 apparet
2367 3816 2470 3870 dici
2503 3816 2617 3869 haec
2641 3816 2710 3868 ita
2740 3814 2973 3882 ubique?

2192 3911 2255 3964 ll.
2284 3908 2421 3963 Audi
2446 3908 2513 3961 de
2543 3908 2693 3961 nobis
2722 3905 2882 3959 aliud.
2909 3905 3015 3959 Nos
3054 3904 3281 3958 dicimus
3302 3919 3421 3959 esse
3445 3904 3593 3958 nobis
3618 3918 3701 3973 p1:-

2125 4011 2258 4055 tretn
2306 4002 2490 4064 Deum,
2534 4010 2586 4051 et
2616 4014 2734 4051 etim
2763 4013 2919 4067 quam
2952 3998 3201 4050 maxime.
3242 3995 3371 4062 Qum
3416 4010 3605 4061 causa,
3655 4005 3701 4048 ct

2119 4096 2265 4165 juxta
2291 4093 2451 4163 quid?
2481 4091 3018 4159 Quoniam,inquatn,
3048 4087 3306 4142 charitate
3336 4087 3701 4154 pra'destinavit

2125 4204 2213 4240 nos
2242 4189 2293 4240 in
2322 4185 2643 4251 adoptionem
2689 4198 2779 4251 per
2815 4180 3070 4235 Christum
3103 4181 3321 4247 (Ephes.
3361 4196 3408 4241 ι,
3443 4179 3522 4250 5).
3552 4178 3701 4231 Num-

441 4288 649 4331 constal
689 4284 921 4349 cognitio
947 4285 1011 4338 de
1044 4284 1173 4338 Deo.
1205 4285 1307 4339 Sed
1343 4287 1595 4354 quoniam
1633 4286 1698 4341 de
1728 4286 1903 4340 divina
1932 4302 2022 4355 ge-
2045 4267 2097 4329 D
2124 4281 2245 4350 quid
2275 4288 2327 4332 et
2356 4275 2626 4331 Christum
2663 4289 2756 4343 per
2781 4273 3121 4343 adoptionem
3157 4272 3325 4325 ﬁlium
3350 4271 3491 4325 Deus
3516 4270 3697 4325 habet?

444 4370 720 4424 iteratione
764 4372 950 4426 scribis
997 4385 1099 4428 tam
1149 4374 1453 4432 audenter:
1487 4388 1541 4431 et
1573 4393 1670 4431 nos
1714 4379 1805 4431 tibi
1850 4377 2020 4447 primo

443 4458 654 4529 quidem
687 4462 754 4515 de
782 4464 1054 4532 scriptoris
1086 4467 1457 4532 ostendenms,
1502 4470 1592 4523 filii
1637 4472 1847 4524 Domini
1894 4470 2018 4525 Jesu

444 4552 638 4606 Christi
674 4556 1073 4622 generationem
1116 4569 1389 4613 aeternam.
1442 4562 1523 4615 An
1570 4562 1862 4630 scripturas
1892 4578 2022 4630 quas

445 4644 684 4713 legimus,
707 4663 869 4701 vanas
887 4650 1155 4719 opinaris?
1181 4652 1233 4706 Si
1260 4664 1313 4705 ut
1336 4654 1570 4718 nomine,
1591 4654 1667 4707 sic
1691 4664 1741 4707 et
1767 4670 1822 4708 re
1842 4652 2022 4708 Chris-

448 4738 622 4793 tianus
660 4749 741 4793 est
768 4741 1057 4809 quisliiam;
1092 4759 1312 4798 necesse
1343 4744 1499 4800 habet
1526 4749 1769 4802 venerari
1797 4750 2025 4819 scriptu-

447 4845 554 4894 ras,
585 4831 932 4887 inclamantes
964 4835 1245 4889 Dominum
1289 4837 1473 4893 Jesum
1516 4837 1810 4894 Christum.
1846 4842 1899 4897 Si
1934 4843 2027 4912 igi-

448 4932 533 4978 tur
563 4940 785 4980 necesse
816 4928 907 4980 tibi
938 4938 1019 4983 est
1044 4931 1338 4999 scripturas
1363 4932 1632 4999 recipere;
1658 4942 1739 4987 est
1760 4944 1813 4987 et
1842 4950 2029 4989 neces-

447 5018 645 5072 sarium
675 5034 733 5073 ea
754 5035 871 5089 qum
891 5020 941 5074 in
967 5022 1094 5090 ipsis
1123 5024 1187 5078 de
1207 5024 1420 5079 Christo
1447 5025 1714 5094 dicuntur,
1748 5028 1822 5081 sic
1846 5045 2030 5098 quem-

449 5110 735 5166 admodum
761 5113 1041 5176 dicuntnr,
1074 5117 1308 5184 accipias
1359 5120 1646 5174 etcredas.
1700 5122 1889 5177 Dicunt
1937 5139 2029 5177 au-

448 5212 551 5259 tem
581 5204 760 5260 Jesum
792 5206 1059 5263 Christum
1091 5209 1280 5264 Filium
1313 5212 1405 5265 Dei
1429 5228 1550 5269 esse
1580 5217 1905 5284 unigenitum
1929 5258 1943 5282 ,
1977 5226 2030 5271 ut

449 5297 574 5352 dicit
597 5298 756 5353 David
787 5301 1041 5370 propheta
1074 5320 1085 5355 :
1112 5303 1279 5359 Filius
1302 5322 1439 5361 meus
1469 5325 1518 5361 es
1542 5320 1595 5364 tu
1618 5352 1631 5377 ,
1660 5327 1751 5381 ego
1782 5312 1929 5364 hodie
1950 5328 2037 5381 ge-

2125 4372 2306 4426 anlns
2332 4371 2380 4426 id
2411 4385 2569 4424 ausus
2597 4377 2680 4423 est
2705 4369 2878 4422 dicere
2915 4383 2926 4418 :
2959 4364 3184 4418 fortasse
3216 4379 3313 4417 nec
3346 4373 3417 4416 tu.
3459 4362 3697 4426 Videsne,

2124 4465 2293 4535 qualis
2344 4461 2667 4531 blasphemia
2711 4474 2775 4513 ex
2806 4458 2908 4511 hoc
2949 4456 3091 4511 dicto
3135 4454 3425 4509 nascatur?
3481 4453 3700 4507 Dicimus

2125 4572 2241 4612 esse
2265 4573 2359 4611 nos
2377 4554 2615 4609 liceredes
2647 4555 2753 4607 Deo
2781 4552 2936 4621 patri,
2960 4561 3011 4606 et
3035 4565 3128 4618 per
3144 4548 3420 4602 Christum
3449 4548 3700 4606 hmredcs,

2126 4667 2220 4721 per
2262 4646 2601 4717 adeptionem
2649 4646 2941 4701 existentes
2996 4641 3087 4695 ﬁlii
3138 4657 3150 4691 :
3190 4648 3245 4693 et
3284 4638 3556 4693 Christum
3596 4651 3703 4693 esse

2130 4759 2311 4798 verum
2341 4742 2527 4808 ﬁlium,
2558 4755 2653 4809 per
2684 4754 2839 4809 quem
2874 4735 3024 4790 nobis
3062 4731 3291 4787 efﬁcitur
3330 4745 3453 4786 esse
3484 4729 3623 4785 ﬁlios
3660 4737 3705 4781 ct

2129 4834 2435 4893 cohacrcdes
2456 4848 2574 4887 esse
2594 4834 2646 4886 in
2669 4828 3024 4900 ipsoChristo.
3043 4823 3202 4878 Multa
3223 4822 3405 4877 dixisti
3424 4823 3489 4877 de
3501 4821 3704 4877 Christo

2131 4941 2183 4983 et
2213 4944 2358 4987 vera.
2387 4937 2441 4981 ct
2467 4937 2522 4978 ut
2547 4942 2605 4979 se
2633 4924 2828 4978 habent
2863 4937 2875 4972 :
2909 4917 3156 4988 quoniam
3190 4917 3431 4987 potentia
3467 4915 3557 4969 Dei
3596 4922 3701 4976 est,

2132 5032 2184 5076 et
2207 5021 2567 5088 omnipotens,
2597 5026 2650 5072 et
2676 5014 2952 5069 universus
2976 5010 3136 5084 λόγος,
3157 5018 3211 5063 et
3239 5009 3415 5061 omnis
3447 5005 3701 5075 operatio,

2134 5123 2186 5167 et
2213 5113 2385 5165 omnis
2417 5113 2519 5165 vita
2548 5117 2601 5164 et
2644 5108 2746 5162 alia
2772 5105 3014 5175 plurima.
3052 5103 3342 5156 Assccutus
3364 5115 3492 5169 ergo
3513 5108 3590 5153 est
3622 5098 3706 5149 litt-

2136 5210 2367 5282 jusmodi
2400 5209 2555 5268 bona,
2588 5203 2810 5258 effectus
2837 5212 2899 5251 ex
2926 5196 2990 5249 iis
3014 5210 3131 5263 qua:
3172 5207 3277 5247 non
3307 5191 3467 5246 sunt?
3508 5190 3572 5282 Iit
3598 5189 3706 5282 bea-

2143 5278 2253 5358 tum
2301 5310 2401 5365 est,
2434 5297 2571 5368 quod
2610 5309 2712 5349 non
2745 5298 2823 5345 est
2846 5303 2911 5343 ex
2940 5301 3004 5341 eo
3043 5282 3186 5355 quod
3210 5292 3341 5339 vere
3370 5282 3489 5336 est?
3518 5280 3613 5346 Qui
3643 5278 3705 5331 sic

1752 5404 1840 5459 VA
1852 5404 2109 5461 RIORUM
2147 5398 2380 5458 NOTAE.

525 5483 787 5545 1.-Νοῦς
817 5489 1000 5553 ἠθικὰς,
1032 5501 1078 5544 et
1104 5492 1231 5559 spir.
1267 5491 1354 5547 Sic
1397 5492 1524 5548 cdit.
1556 5494 1713 5551 Basil.
1746 5495 1813 5550 At
1844 5496 2030 5552 Habil-

466 5556 587 5633 lon._
609 5564 724 5616 νοῦς
746 5562 1012 5633 «expiatis,
1042 5556 1214 5633 sensus
1241 5575 1476 5629 paternus
1507 5575 1549 5615 et
1575 5567 1698 5633 spir.

556 5628 732 5701 Jesum
768 5628 899 5682 cur.
947 5631 1033 5685 Sic
1073 5628 1344 5688 Muhillon.
1384 5634 1486 5689 Sed
1535 5628 1855 5701 orthodox”
1883 5636 2061 5692 Iesum

490 5695 744 5752 Christum
770 5714 874 5754 esse
902 5702 1201 5762 salvatorem
1225 5708 1448 5762 omnium
1478 5706 1743 5777 fidelium,
1774 5695 1870 5765 Dei
1894 5712 2068 5782 unige-

2138 5496 2319 5548 nitum.
2354 5488 2492 5543 Dicit
2522 5480 2709 5541 David,
2734 5486 2856 5551 etc.
2906 5543 2935 5551 _
3080 5540 3098 5551 _
3136 5539 3167 5551 Ἀ
3481 5538 3511 5551 Α,

2236 5540 2381 5616 Deus
2399 5540 2772 5627 tr'uitthlahﬂill.2
2799 5547 2869 5603 Si
2900 5543 3033 5627 Deus
3072 5540 3185 5627 fuit,
3216 5554 3321 5592 non
3359 5540 3591 5591 mentitus
3631 5544 3705 5591 est.

2169 5615 2335 5690 Filius
2364 5615 2480 5695 ergo
2510 5625 2624 5688 Dei,
2650 5615 2989 5695 Cliris_ttt_s.__8i
3011 5621 3162 5694 ment.
3221 5689 3232 5695 _
3418 5688 3428 5695 ι
3502 5683 3534 5695 Α

2241 5685 2729 5767 lle—Omnipotens.
2758 5685 2982 5753 Mabill.,
3010 5685 3323 5753 omnipotens
3346 5685 3580 5751 potentia.
