3920 6218
449 300 587 356 1025

1650 298 1836 353 MARII
1881 295 2209 351 \‘lCTORlNl
2260 297 2419 352 AFRl

3540 297 3675 356 1028

448 420 752 483 paruerunt.
794 413 1162 482 Apparuerunt
1204 420 1380 465 autem
1408 420 1460 464 et
1487 417 1553 479 μή
1587 408 1732 473 ὄντα.
1765 409 2001 477 Ipsorum
2030 411 2079 469 Α
2106 418 2248 473 sunt,
2277 425 2381 464 non
2411 424 2527 478 qua:
2556 425 2683 467 vere
2708 421 2848 465 sunt.
2878 413 3066 467 Anima
3096 413 3255 481 igitur
3273 414 3677 482 comprehendit

449 512 625 558 autem
655 518 774 572 qua:
809 514 930 556 sunt
952 542 966 566 ,
1014 503 1113 556 alia
1140 511 1263 555 sunt
1292 517 1414 556 vere
1438 516 1555 570 quae
1582 509 1733 563 sunt,
1767 501 1864 553 alia
1887 515 2003 568 quae

452 603 596 653 sunt,
619 593 716 646 alia
746 608 862 660 qua:
880 608 982 645 non
1007 607 1129 645 vere
1158 606 1259 646 non
1287 600 1429 656 sunt,
1459 590 1559 643 alia
1587 605 1702 658 qua:
1730 604 1832 641 non
1860 598 2000 640 sunt.

454 684 522 735 At
548 680 635 734 illa
672 697 788 749 qua:
815 695 938 734 vere
969 696 1071 732 non
1103 689 1243 743 sunt,
1276 694 1376 731 non
1407 679 1592 746 recipit
1620 678 1670 730 in
1698 691 1815 742 esse
1843 676 2007 743 pleni-

456 774 583 826 tudo
614 772 723 825 Dei.
751 771 907 825 Juxta
933 772 1070 824 enim
1097 770 1146 822 id
1168 770 1305 837 quod
1338 779 1417 823 est
1445 784 1585 831 esse,
1612 777 1665 821 et
1689 768 1738 821 itl
1764 768 1903 836 quod
1930 778 2009 821 est

456 862 630 930 aliquo
658 861 813 914 modo
843 875 978 921 esse,
1015 858 1281 927 plenitudo
1313 859 1423 911 Dei.
1452 858 1727 911 Plenitudo
1754 858 1896 910 enim
1930 866 2010 909 est

456 964 519 1030 τῇ
544 956 665 1027 μόνῃ
691 953 1180 1025 ἐμφάσιῳχίδιεηιθ
1210 952 1259 1002 in
1290 950 1629 1017 intelligentia
1663 962 1844 1002 eorum
1894 962 2011 1015 qua:

458 1058 581 1096 vere
611 1058 711 1095 non
742 1050 864 1095 sunt
896 1058 909 1093 :
942 1056 1060 1108 qua:
1088 1040 1234 1107 juxta
1262 1040 1667 1107 subjectionem,
1696 1040 1761 1094 ab
1793 1039 1871 1091 liis
1898 1052 2013 1105 qua:

461 1148 565 1187 non
608 1146 728 1186 vere
774 1130 982 1199 quidem
1031 1140 1171 1183 sunt.
1206 1130 1441 1195 Quodam
1474 1139 1646 1182 tamen
1697 1129 1854 1181 modo
1900 1134 2014 1187 νοῦς

462 1232 647 1275 cuncta
702 1222 954 1289 incipiens
979 1262 994 1287 ,
1041 1221 1319 1291 imaginata
1350 1229 1429 1275 est
1464 1220 1601 1274 circa
1634 1219 1684 1273 id
1728 1218 1865 1287 quod
1893 1231 2016 1271 vere

465 1327 569 1368 non
600 1322 699 1366 051.

537 1404 645 1457 Vll.
678 1403 809 1457 Audi
835 1402 1273 1472 quemadmodum
1300 1402 1439 1456 dico.
1469 1403 1599 1457 Sunt
1621 1402 1855 1471 qumdam
1881 1404 2019 1471 ejus-

464 1494 629 1557 modi,
657 1508 774 1561 qua:
805 1503 927 1545 sunt
958 1502 1139 1545 natura
1172 1494 1467 1557 manifesta,
1496 1493 1632 1546 sicut
1665 1509 1779 1559 qua:
1809 1502 1930 1545 sunt
1969 1502 2021 1545 et

466 1585 644 1638 omnia
674 1582 1067 1650 supercmlestia
1098 1600 1110 1633 :
1142 1592 1195 1633 ut
1239 1584 1297 1636 τὸ
1347 1588 1566 1653 πνεῦμα,
1614 1586 1699 1635 καὶ
1750 1582 1775 1635 ὀ
1811 1588 1948 1645 νοῦς,
1992 1584 2022 1639 ἠ

468 1676 641 1746 ψυχή.
670 1675 927 1745 τὸνόημα,
955 1676 985 1732 ἡ
1014 1672 1244 1737 παιδεία,
1272 1676 1301 1731 ἡ
1328 1676 1505 1748 ἀρετὴ,
1535 1674 1723 1745 ὁλόγος·
1748 1715 1761 1738 ,
1811 1675 2018 1741 Opinio,

2108 515 2224 569 qua:
2250 515 2371 553 vere
2406 510 2567 553 sunt:
2599 503 2842 568 quoniam
2883 504 2925 555 si
2967 502 3257 571 ingreditur
3295 512 3413 565 νοῦς
3458 504 3512 557 in
3558 507 3675 557 ani-

2110 604 2244 642 mam
2296 589 2737 655 intelleCtualem,
2811 592 3209 658 comprehendit
3268 594 3395 647 item
3455 603 3509 647 et
3558 592 3679 648 ὄντα

2109 681 2292 739 ἀληθῶς
2337 680 2613 748 :intelligit
2651 680 2788 733 enim
2833 682 3003 733 anima
3036 683 3282 750 quaniam
3328 684 3505 736 anima
3547 696 3677 738 est:

2110 780 2161 823 et
2201 770 2275 822 sic
2301 770 2366 822 ab
2398 771 2458 823 iis
2486 771 2538 839 ἁξ
2558 773 2741 832 ἀληθῶς
2766 770 2884 827 ὄντα
2907 776 3035 837 εἰσὶ,
3070 773 3413 844 intelligentia
3452 776 3679 829 eﬂieitur

2112 874 2293 913 eorum
2333 875 2448 927 qua:
2488 870 2628 913 sunt.
2680 863 2750 915 At
2795 877 2918 915 vero
2956 864 3054 915 alia
3096 878 3211 931 qua:
3256 880 3359 917 non
3408 880 3536 918 vere
3576 880 3677 919 non

2115 958 2254 1012 sunt,
2285 958 2335 1001 et
2365 964 2479 1016 qua:
2506 963 2605 1000 non
2634 962 2771 1013 sunt,
2806 950 2873 1001 ab
2901 950 3013 1004 istis
3043 951 3440 1020 intelligentiam
3463 963 3681 1007 sumunt

2117 1052 2209 1106 per
2257 1040 2659 1093 conversionem
2710 1040 3068 1108 intelligentiae
3110 1048 3198 1095 τοῦ
3242 1040 3403 1102 ὄντος.
3472 1042 3681 1097 Etenim

2118 1146 2219 1184 non
2248 1131 2550 1199 intelligitur
2578 1133 2634 1185 τὸ
2662 1137 2729 1201 μὴ
2749 1128 2799 1185 ὃν
2820 1131 3106 1184 secundum
3128 1132 3266 1198 quod
3296 1148 3399 1186 nan
3431 1149 3528 1187 ens
3558 1134 3681 1187 :sed

2112 1223 2259 1292 juxta
2281 1226 2337 1277 τὸ
2360 1218 2411 1276 ὃν
2434 1223 2735 1291 intelligitur
2755 1225 2810 1278 τὸ
2824 1229 2893 1293 μὴ
2916 1220 2985 1277 ὃν.
3011 1224 3275 1291 Accipitur
3295 1238 3421 1292 ergo
3440 1227 3498 1279 τὸ
3517 1230 3591 1294 μή
3612 1222 3679 1289 ὃν,

2119 1316 2264 1385 quasi
2292 1315 2529 1384 qumdant
2558 1314 2919 1367 exterminatio
2957 1321 3044 1369 τοῦ
3086 1312 3240 1375 ὄντος.
3289 1315 3678 1369 Extertuinatio

2120 1416 2292 1459 autem
2337 1406 2671 1472 inlignratum
2710 1403 2970 1472 quoddam
3018 1413 3121 1465 est,
3154 1415 3207 1456 et
3257 1420 3360 1457 non
3390 1414 3474 1458 est
3522 1414 3579 1458 ut
3609 1403 3679 1458 ὃν.

2122 1495 2289 1549 Omne
2309 1495 2446 1547 enim
2468 1497 2525 1549 τὸ
2547 1493 2598 1547 ὃν
2621 1495 2668 1546 in
2695 1494 2967 1547 existentia
2998 1494 3079 1547 vel
3117 1495 3367 1560 qualitate
3401 1494 3682 1563 ﬁguratum

2122 1595 2175 1640 et
2224 1586 2511 1638 vultuatum
2562 1594 2660 1637 est.
2732 1582 3065 1651 Inliguratum
3131 1596 3343 1644 autem,
3416 1584 3682 1652 quoddam

2124 1674 2316 1742 aliquid
2345 1683 2461 1728 est:
2494 1674 2609 1727 ideo
2651 1675 2707 1727 τὸ
2744 1680 2813 1744 μὴ
2851 1672 2903 1727 ὃν
2944 1674 3138 1741 aliquid
3163 1674 3556 1741 quodammodo
3580 1683 3681 1727 est.

470 1765 746 1837 perleCtin,
780 1766 1058 1829 sententia,
1084 1765 1205 1826 vita,
1240 1765 1578 1832 intelligentia
1610 1782 1621 1815 :
1654 1774 1707 1816 et
1733 1763 1903 1816 adhuc
1929 1779 2017 1816 su-
2052 1773 2097 1831 Β
2122 1764 2253 1819 Sunt
2291 1779 2416 1831 ergo
2443 1767 2507 1817 τὰ
2530 1770 2597 1823 μὴ
2637 1761 2752 1819 ὄντα
2781 1781 2793 1815 :
2826 1774 2878 1817 et
2908 1763 3023 1816 ideo
3062 1762 3217 1816 etiam
3250 1772 3371 1815 sunt
3415 1778 3532 1831 qua:
3562 1778 3686 1818 vere

472 1858 681 1926 perius,
733 1854 1164 1919 existentialitas,
1201 1854 1454 1914 vitalitas,
1510 1848 1937 1921 intelligentitas:
1970 1861 2024 1903 et

473 1947 643 2000 adhuc
686 1962 845 2013 super
873 1944 1045 1999 omnia
1087 1946 1181 1998 ista
1204 1986 1217 2008 ,
1246 1945 1297 1999 ὂν
1321 1946 1464 2016 μόνον
1495 1961 1506 1995 :
1538 1953 1590 1996 et
1620 1943 1753 1996 istud
1780 1941 1806 1996 ὅ
1834 1944 1943 1997 ἐστι
1975 1941 2023 1995 ἓν

473 2041 617 2111 μόνον
658 2036 731 2092 ὄν.
777 2038 830 2091 ln
873 2038 968 2091 ista
997 2039 1039 2091 si
1062 2040 1197 2108 ἡμῶν
1226 2043 1338 2098 νοῦς
1370 2046 1511 2090 recte
1541 2036 1851 2103 ingreditur,
1882 2050 2026 2087 com-

474 2128 749 2198 prehendit
778 2129 872 2181 ista
900 2136 952 2181 et
980 2128 1044 2181 ab
1071 2128 1150 2180 his
1178 2128 1432 2180 formatur
1456 2144 1468 2179 :
1498 2136 1550 2180 et
1583 2136 1684 2180 stat
1730 2126 2027 2193 intelligen—

477 2223 567 2287 tia,
591 2221 699 2288 jam
743 2234 842 2272 non
871 2219 922 2272 in
946 2219 1253 2273 cenfnsione
1275 2218 1621 2287 inquisitionis
1647 2219 1896 2271 existens.
1923 2216 2026 2270 Sed

475 2312 719 2382 quoniam
749 2310 1089 2379 intelligentia
1120 2310 1237 2364 talis
1266 2309 1332 2363 de
1358 2311 1524 2363 altero
1553 2316 1653 2372 est,
1684 2306 2030 2375 comprehen-

479 2406 559 2458 sio
593 2414 647 2457 et
683 2402 919 2457 deﬁnitio
947 2401 1185 2471 quaedam
1234 2401 1481 2455 ellicitur.
1532 2400 1647 2455 Alia
1694 2398 1813 2455 ὄντα
1858 2400 2027 2455 solum

479 2490 599 2549 ὄντα
624 2508 741 2547 esse
772 2492 1109 2560 intelligimus
1142 2510 1154 2544 :
1180 2492 1425 2559 quoniam
1446 2492 1495 2544 in
1522 2506 1587 2545 eo
1617 2490 1754 2559 quod
1781 2489 2031 2559 quidquid

482 2584 583 2635 tale
611 2593 689 2635 est
709 2621 723 2645 ,
769 2582 985 2635 alterius
1013 2590 1093 2635 est
1122 2590 1174 2633 et
1203 2580 1370 2639 aliud.
1403 2591 1458 2633 ut
1490 2581 1840 2633 intellectuale
1864 2580 1927 2633 ad
1956 2581 2034 2632 in-

482 2674 805 2729 telleCtibile.
859 2674 997 2743 Ergo
1034 2672 1408 2726 intellectibilia
1454 2682 1576 2725 sunt
1630 2686 1691 2725 ea
1742 2687 1857 2741 quae
1911 2687 2033 2723 vere

482 2779 605 2822 sunt
634 2786 645 2819 :
677 2769 775 2820 alia
809 2784 924 2835 qua:
953 2776 1150 2820 tantum
1178 2776 1319 2830 sunt,
1355 2765 1741 2819 intellectualia.
1776 2764 1907 2816 Sunt
1945 2780 2037 2815 att-

486 2867 588 2912 tem
614 2859 708 2909 ista
736 2858 933 2922 omnia,
965 2858 1256 2910 animarum
1285 2857 1335 2909 in
1371 2865 1553 2908 natura
1584 2854 2034 2914 intellectualium,

486 2949 717 3004 nondum
750 2948 1072 3003 intellectum
1116 2948 1450 3008 habentium;
1498 2961 1612 3014 qua:
1654 2954 1805 3008 sunt,
1854 2943 1945 2996 sed
1974 2943 2036 2994 ad

486 3038 885 3106 intelligentiam
922 3036 1335 3091 accommodata.
1368 3036 1637 3089 Excitatus
1662 3036 1799 3087 enim
1848 3033 1897 3086 in
1927 3032 2039 3085 ani-

2126 1872 2228 1910 non
2250 1865 2371 1909 sunt
2403 1864 2489 1908 :et
2516 1855 2716 1923 potiora
2737 1865 2855 1907 sunt
2880 1854 2943 1906 ad
2967 1854 3014 1907 id
3044 1853 3183 1923 quod
3212 1865 3291 1908 est
3317 1869 3461 1919 esse,
3484 1870 3543 1908 ea
3568 1870 3686 1923 quze

2125 1960 2227 1999 non
2256 1959 2377 1999 vere
2405 1959 2504 1997 non
2534 1954 2689 2006 sunt,
2724 1958 2878 2013 quam
2909 1960 3023 2012 qua:
3052 1951 3120 2015 μὴ
3146 1943 3268 2001 ὄντα
3293 1954 3435 1999 sunt.
3463 1944 3686 2014 Pr0pter

2124 2037 2263 2105 quod
2313 2036 2534 2090 efficitur
2584 2045 2679 2092 τῶν
2700 2034 2850 2091 ὄντων
2886 2036 3097 2105 quidam
3135 2038 3387 2091 naturalis
3416 2036 3547 2091 ordo
3598 2045 3684 2093 τσῦ

2127 2127 2281 2193 ὄντος,
2306 2132 2369 2183 τὰ
2393 2127 2530 2183 ὄντα.

2197 2219 2285 2273 ιχ.
2319 2220 2554 2272 Diximus
2603 2233 2729 2285 ergo
2776 2233 2891 2287 qua:
2920 2226 3070 2281 sunt,
3101 2227 3155 2272 et
3187 2217 3345 2272 etiam
3394 2232 3513 2287 qua:
3562 2233 3687 2273 vere

2128 2317 2267 2363 sunt.
2300 2308 2541 2361 Dicamus
2573 2322 2711 2359 nunc
2736 2323 2852 2376 qua:
2882 2307 2988 2360 sint
3012 2322 3128 2375 qua:
3166 2321 3291 2362 vere
3316 2322 3421 2362 non
3449 2316 3604 2371 sunt,
3637 2318 3687 2363 et

2130 2414 2247 2468 qua:
2273 2399 2378 2451 sint
2399 2413 2512 2466 quae
2539 2412 2641 2450 non
2673 2405 2815 2450 sunt.

2202 2490 2543 2558 lntelligibilis
2585 2498 2639 2543 et.
2678 2488 3044 2543 intellectualis
3086 2504 3205 2543 eum
3258 2489 3328 2543 sit
3367 2489 3463 2544 Dei
3506 2504 3689 2545 essen-

2135 2583 2205 2635 tia
2260 2591 2314 2635 et
2387 2581 2651 2649 potentia,
2692 2580 2833 2645 juxta
2882 2580 3275 2647 intelligentiam
3336 2589 3693 2647 apparuerunt

2134 2682 2320 2725 cuncta
2343 2686 2458 2737 qum
2481 2678 2619 2722 sunt.
2643 2670 2745 2724 Sed
2763 2670 3098 2738 intelligentia
3115 2670 3397 2738 dUpliciter
3413 2681 3689 2738 operatur:

2136 2774 2226 2812 sua
2259 2760 2463 2828 prepria
2499 2762 2725 2824 potentia
2771 2758 3104 2812 intellectuali
3129 2799 3145 2823 ,
3173 2768 3225 2813 et
3247 2759 3397 2828 juxta
3430 2760 3695 2813 limitatio-

2139 2862 2256 2901 nem
2290 2847 2629 2916 intelligendi,
2665 2850 2821 2901 etiam
2846 2862 3023 2901 sensu.
3058 2848 3257 2902 llursus
3284 2859 3463 2902 autem
3490 2864 3693 2913 sensus,

2138 2939 2472 2992 simulacrum
2540 2953 2656 2991 cum
2720 2939 2788 2991 sit
2847 2938 3093 2991 intellecti
3172 2948 3227 2990 et
3294 2939 3694 2991 limitamentum

2141 3028 2479 3097 intelligendi,
2495 3029 2536 3079 si
2554 3028 2776 3095 perfecte
2791 3029 3009 3095 percipit
3022 3028 3380 3097 operationem
3395 3030 3691 3098 intelligen-

487 3130 613 3183 maé
640 3136 754 3191 νοῦς
773 3169 787 3192 ,
836 3129 1239 3182 intellectualem
1281 3127 1566 3195 potentiam
1598 3124 1786 3177 anima:
1815 3125 2039 3176 illustrat
2066 3132 2108 3193 ρ
2143 3120 2224 3172 tia:
2249 3135 2362 3186 qua:
2390 3119 2533 3170 illum
2582 3116 2827 3170 fortiﬁcat
2855 3118 2907 3171 in
2936 3120 3141 3185 operari
3173 3130 3331 3186 atque
3372 3134 3549 3187 agere,
3582 3118 3694 3171 eili-

488 3232 541 3273 et
572 3222 829 3274 illuminat
853 3261 865 3282 ,
902 3229 955 3273 et
982 3219 1306 3272 intellectual
1336 3232 1397 3271 ac
1425 3220 1643 3285 ligurat:
1672 3224 1726 3268 et
1755 3215 2041 3267 innascitur

490 3315 678 3365 animae
708 3312 1050 3379 intelligentia
1080 3320 1237 3379 atque
1268 3308 1534 3377 perfectio.
1579 3305 1779 3359 ideirco
1822 3312 1874 3357 et
1919 3305 2044 3356 sub-

492 3404 682 3458 Stantia
702 3404 891 3456 dicitur
912 3403 1109 3465 anima,
1140 3402 1384 3466 quoniam
1412 3400 1585 3452 omnis
1615 3398 1902 3450 substantia
1922 3395 2044 3448 snb—

487 3495 685 3565 jectum
725 3503 825 3547 est.
866 3492 1169 3561 Subjectnm
1206 3500 1380 3543 autem
1412 3490 1559 3542 alteri
1588 3488 1741 3541 alicui
1774 3486 2042 3553 subjacet:

500 3586 732 3653 snlijaeet
773 3592 949 3636 autem
998 3582 1168 3634 anima
1214 3589 1285 3653 τῷ
1328 3581 1447 3642 νόει,
1500 3589 1551 3632 et
1598 3580 1843 3647 πνεῦματι
1870 3576 1993 3646 ἁγίῳ
2021 3578 2049 3632 ἡ

502 3675 715 3747 ὕπαρξις
746 3682 833 3733 τῆς
859 3673 1058 3743 ψυχῆς.
1089 3670 1385 3724 Sttbstautia
1412 3670 1566 3737 igitur
1585 3668 1779 3720 anima.

573 3762 703 3817 Vlll.
733 3761 920 3815 Omnia
962 3776 1087 3830 ergo
1116 3776 1232 3830 quze
1280 3759 1487 3825 animat.
1514 3766 1671 3821 sunt,
1720 3756 1889 3809 solum
1936 3751 2057 3808 ὄντα

2140 3210 2275 3263 citur
2313 3224 2496 3262 sensus
2541 3208 2863 3276 propinquus
2892 3217 3047 3276 alque
3075 3208 3276 3262 vicinus
3319 3224 3464 3276 pura:
3512 3208 3699 3263 intelli-

2142 3299 2348 3367 gentia.
2385 3298 2447 3351 Et
2474 3301 2566 3350 ista
2603 3308 2679 3351 est
2700 3312 2815 3366 qua:
2843 3298 3074 3352 coelestia
3115 3297 3540 3365 comprehendit,
3562 3308 3614 3351 et
3642 3311 3700 3351 ea

2148 3405 2263 3455 quae
2299 3390 2350 3442 in
2393 3390 2608 3451 a-tltere,
2644 3397 2695 3440 et
2726 3402 2788 3441 ea
2822 3403 2937 3456 qua:
2985 3388 3036 3441 in
3082 3396 3264 3441 natura
3302 3398 3355 3440 et
3388 3402 3449 3439 ea
3502 3402 3619 3455 qutc
3654 3388 3703 3440 in

2150 3480 2240 3553 ὕλῃ
2267 3481 2545 3547 gignuntur
2566 3487 2617 3531 et
2644 3478 3010 3546 regignuntur,
3048 3489 3101 3529 et
3123 3478 3223 3529 alia
3253 3476 3551 3544 hnjnsmodi
3577 3491 3700 3545 quo-

2154 3586 2266 3623 rum
2306 3579 2385 3622 est
2423 3570 2648 3636 potentia
2672 3570 2720 3621 in
2742 3565 3329 3634 sensualiintelligentia
3367 3576 3461 3621 :et
3482 3578 3560 3619 est
3580 3565 3701 3618 illud

2154 3676 2273 3715 esse
2293 3659 2675 3728 quodammodo
2696 3672 2811 3711 esse
2833 3667 2885 3711 et
2905 3674 3007 3710 non
3030 3672 3164 3711 esse.
3189 3658 3393 3712 Caelum
3418 3659 3635 3721 etenim,
3657 3664 3708 3711 et

2159 3752 2334 3805 omnia
2362 3753 2412 3803 itt
2443 3765 2530 3815 eo,
2555 3759 2607 3803 et
2637 3747 2907 3804 universus
2945 3748 3169 3802 mundus
3194 3762 3259 3803 ex
3290 3749 3382 3820 ὕλῃ
3415 3750 3709 3802 consiStens

1806 3888 2160 3945 VARIORUM
2197 3885 2420 3941 NOTAE.

574 4014 686 4067 Alia
709 4027 822 4080 qui:
845 4026 942 4063 non
963 4026 1075 4062 vere
1094 4025 1193 4061 non
1217 4017 1347 4061 sunt.
1384 4006 1455 4059 lla
1479 4006 1605 4059 edit.
1630 4003 1828 4080 Manili.
1855 4010 1923 4072 μὴ
1938 4005 2053 4080 ἀλῃ-

502 4087 597 4142 Θῶς
626 4089 694 4153 μή
723 4072 859 4141 ἵντα.
890 4091 944 4131 ut
972 4080 1108 4153 intra
1137 4080 1592 4153 ipsentet__auctor.
1625 4072 1916 4153 Ortnndox‘.
1938 4074 2057 4153 alia

504 4142 730 4220 qtttz'non
763 4167 873 4201 vere
901 4158 1031 4200 sunt.
1069 4142 1182 4220 Mox
1218 4147 1407 4220 Mabill.
1440 4147 1612 4220 minus
1652 4151 1792 4195 recte
1824 4160 1835 4192 :
1872 4142 2058 4220 All-illa

505 4211 674 4273 L—non
700 4220 880 4285 recepit
898 4214 1258 4271 essm—Juxta
1278 4216 1407 4266 enim
1435 4214 1566 4282 quod
1590 4220 1658 4265 est
1675 4228 1797 4275 esse,
1822 4220 1867 4262 et
1890 4211 2059 4277 aliquo

506 4292 655 4344 modo
687 4305 790 4341 esse
812 4288 1090 4355 plenitudo.

578 4370 647 4433 Τῇ
676 4348 1037 4429 μόνῃέμφάσει
1057 4355 1312 4407 existente.
1331 4350 1552 4415 Mabill.,
1575 4349 1685 4403 sola
1699 4349 1926 4416 emphasi
1954 4348 2060 4403 exi-

510 4440 716 4481 stenme.

583 4466 967 4568 S'u‘livjectioneiu.
1000 4492 1312 4568 Ortltoiloxq
1344 4486 1603 4568 subjectio.
1637 4487 1715 4568 {in
1736 4486 2059 4568 faeiec‘tmn?
2088 4466 2135 4522 D

587 4556 999 4631 Vllf—Quodam
1020 4573 1139 4614 tant.
1166 4561 1291 4614 lleic
1310 4556 1461 4627 plane
1484 4558 1710 4610 czecutiit
1734 4556 2061 4610 Maliillouia-

514 4652 611 4690 nus
635 4638 945 4697 exscriptor.

588 4694 863 4758 Sententia.
899 4700 1090 4755 Mabill.
1117 4699 1393 4752 existentia.
1425 4697 1595 4762 Atque
1623 4694 1918 4760 ltujusmodi
1961 4694 2064 4745 lec-

517 4776 587 4827 tio
616 4774 914 4827 conlirtnari
948 4769 1151 4821 videtur
1179 4784 1240 4819 ex
1281 4769 1344 4821 iis
1372 4782 1487 4833 quae
1518 4773 1837 4829 sequuntur,
1873 4777 2067 4828 prater:-

516 4845 758 4897 dentibus
782 4841 979 4899 al'linia.
1009 4838 1253 4891 niznirutn
1300 4848 1762 4890 extsrsartauras
1784 4874 1798 4896 ,
1829 4833 2065 4894 vitulitus,

515 4913 910 4983 intelligentitas.

591 4969 733 5035 Esse.
767 4983 838 5035 lix
864 4978 1057 5033 Mabill.
1094 4978 1226 5029 lianc
1246 4989 1427 5028 vocem
1445 4988 1627 5027 sumus
1656 4971 1873 5024 mutuati
1894 4990 1907 5023 :
1928 4969 2063 5038 apud

518 5069 673 5122 quem
698 5064 868 5122 tamen
894 5051 1114 5122 deesset
1133 5046 1463 5122 subsequens
1490 5044 1831 5111 intelligimus.

593 5122 740 5173 Enim
770 5120 901 5172 Male
929 5120 978 5169 in
1007 5117 1297 5168 ()rtltodnx.
1324 5124 1413 5164 est.

595 5190 932 5243 Intellectum.
961 5184 1527 5245 Mabil!on.,invii/luat.
1558 5179 1801 5233 Fortasse
1834 5179 2065 5231 rectius:

522 5264 597 5317 sic
621 5262 759 5313 enim
792 5258 925 5311 infra
957 5256 984 5325 ᾗ
1012 5256 1063 5321 8,
1104 5256 1240 5322 loqui
1269 5264 1411 5304 amat
1459 5259 1675 5303 auctor:
1708 5250 1978 5317 ﬁguratum
2026 5258 2070 5299 et

520 5334 794 5385 vultuatum
813 5336 906 5380 est.

595 5401 775 5454 Alicui.
802 5396 1020 5454 Maliill..
1050 5392 1233 5446 alicubi
1264 5411 1274 5442 :
1309 5392 1443 5459 quod
1470 5405 1572 5443 non
1596 5389 1783 5458 placet.
1812 5389 1929 5459 Mn}
1950 5400 2073 5459 vero

523 5473 738 5531 ibidetu,
767 5477 839 5541 τῷ
863 5467 962 5521 νόει
992 5474 1035 5517 cl
1066 5456 1563 5530 spiritui_dutttlaxat
1583 5456 1607 5523 ,⁷
1631 5456 2073 5529 t‘eliquisﬁrtecis

524 5552 754 5596 Omissis.

595 5606 888 5663 Substantia
919 5605 1067 5673 igitur
1092 5601 1277 5653 anima.
1310 5599 1430 5653 llazc
1452 5597 1719 5652 Mabillou.
1747 5611 1861 5667 qua:
1885 5595 2075 5647 desunt

526 5677 580 5735 in
606 5675 894 5735 Ot'tltodox.

2234 4002 2366 4055 V'lll.
2401 4031 2468 4040 -—
2500 4001 2682 4053 Omnia
2710 4015 2826 4065 ergo
2855 4029 2919 4039 —
2944 4016 3043 4053 non
3074 4015 3186 4067 qua!
3208 4015 3316 4052 vere
3332 4008 3467 4053 sunt.
3494 3998 3616 4053 lla‘c
3642 4008 3719 4053 est

2162 4071 2313 4124 lectio
2344 4072 2611 4125 Mabillon.
2656 4072 2717 4138 At
2749 4068 3065 4132 Ortltodnx.,
3101 4069 3282 4121 Omnia
3310 4086 3429 4138 ergo
3455 4086 3567 4135 qua:
3610 4078 3721 4121 sunt

2164 4151 2208 4195 et
2230 4144 2429 4201 aninmr,
2460 4143 2620 4191 solum
2659 4136 2777 4192 ὄντα
2802 4148 2933 4198 sunt.
2967 4154 3077 4205 quw
3099 4154 3197 4189 non
3224 4154 3336 4190 vere
3368 4136 3509 4191 sunt.
3539 4138 3721 4192 Statim

2163 4225 2287 4263 vero
2324 4208 2518 4261 Mabill.
2549 4209 2728 4259 Anima
2754 4208 2903 4276 igitur
2932 4224 3031 4259 non
3054 4224 3206 4261 causa
3235 4209 3585 4275 apprehendit.

2236 4299 2299 4351 Et
2345 4296 2481 4352 ὄντα.
2540 4298 2727 4351 Mabill.
2759 4308 2802 4350 et
2832 4296 2982 4357 ὄντα.
3029 4298 3121 4350 hoc
3170 4307 3263 4356 est.
3313 4300 3423 4362 ipsa
3464 4297 3557 4349 illa
3578 4297 3719 4349 intel«

2166 4370 2412 4422 lectualia.
2438 4368 2599 4420 Paulo
2622 4376 2735 4433 post
2760 4369 3044 4419 Ortlttnlox.
3073 4369 3131 4418 At
3156 4383 3266 4418 vero
3290 4367 3392 4419 alia
3420 4376 3467 4419 et
3490 4381 3603 4434 quae
3632 4382 3726 4419 non

2164 4449 2298 4500 sunt,
2330 4438 2389 4488 ab
2412 4438 2535 4500 istis,
2562 4446 2664 4489 etc.
2689 4435 3042 4489 Malrillonium
3066 4436 3354 4503 sequimur.

2234 4528 2449 4587 Etenim,
2495 4536 2593 4579 etc.
2649 4525 2856 4578 Mutilus
2908 4535 2962 4577 et
3007 4525 3288 4578 mendosus
3318 4525 3402 4579 hic
3424 4526 3573 4577 locus
3594 4524 3726 4590 apud

2164 4598 2359 4651 Maliill.
2390 4595 2476 4647 ιιιιί
2508 4596 2583 4647 sic
2613 4611 2625 4644 :
2660 4594 2851 4647 Etenim
2876 4611 2971 4646 non
2994 4595 3302 4664 intelligitnro
3333 4602 3401 4664 μὴ
3425 4593 3495 4648 ὃν.
3540 4595 3729 4661 Accipit

2166 4683 2279 4735 ergo
2300 4669 2356 4720 τὸ
2385 4671 2451 4735 μή
2478 4664 2545 4727 ὃν,
2564 4665 2713 4716 veluti
2736 4665 3075 4716 rxterminalio
3104 4662 3192 4718 τοῦ
3222 4662 3360 4723 ὄντος
3382 4674 3474 4716 est.
3503 4664 3726 4716 Extant.

2241 4758 2299 4808 lit
2343 4773 2437 4807 non
2465 4766 2535 4808 est
2559 4765 2610 4806 ut
2633 4754 2936 4819 6v.M.tbill.,
2963 4756 3050 4807 sed
3099 4764 3261 4806 tamen
3300 4764 3392 4817 est,
3426 4772 3526 4807 non
3574 4767 3729 4806 tamen

2166 4828 2295 4881 sicut
2325 4822 2376 4878 ὃν
2401 4839 2491 4879 est.
2538 4824 2657 4879 Mox
2709 4823 2901 4881 ibidem
2921 4865 2937 4890 ,
2963 4834 3011 4878 et
3050 4826 3102 4878 in
3126 4824 3389 4878 existentia
3413 4834 3460 4878 et
3489 4826 3541 4877 in
3570 4824 3729 4892 quali-

2172 4907 2270 4949 ιαιυ
2283 4936 2294 4948 .

2241 4983 2592 5053 lnﬁguratum.
2616 4985 2777 5037 Paulo
2789 4983 2943 5037 aliter
2963 4982 3156 5036 Mabill.
3179 4982 3313 5051 apud
3335 4998 3494 5052 quem
3522 4998 3665 5050 mox,
3688 4992 3730 5037 et

2169 5054 2356 5106 idcirco
2381 5065 2515 5113 sunt.
2540 5070 2649 5123 qua:
2678 5070 2775 5105 non
2795 5069 2905 5105 vere
2928 5070 3025 5105 nou
3050 5064 3182 5105 sunt.

2242 5142 2456 5206 Quidum
2504 5154 2669 5195 natur.
2728 5143 2925 5195 Maliill.
2980 5143 3070 5193 istc
3099 5142 3345 5194 naturalis
3392 5142 3520 5194 ordo
3570 5140 3727 5204 ὄντος,

2175 5210 2289 5267 ὄντα
2318 5211 2467 5275 ὄντας
2495 5218 2563 5283 μὴ
2600 5210 2758 5276 ὄντος,
2789 5218 2856 5281 μὴ
2884 5209 3019 5273 ὄντα,
3048 5217 3114 5282 μή
3142 5206 3277 5265 ὄντα.

2248 5303 2334 5355 IX.
2368 5329 2435 5340 —-
2464 5300 2711 5363 Diximus,
2757 5311 2850 5353 etc.
2884 5300 2955 5353 Ita
2979 5301 3307 5354 continenter
3336 5301 3531 5354 Blabill.
3580 5302 3645 5354 At
3679 5299 3730 5353 in

2177 5371 2467 5427 Ortbodox.
2491 5385 2762 5438 perperam
2792 5369 3102 5435 transposita
3134 5381 3418 5423 occurrunt
3442 5372 3545 5425 sub
3576 5371 3730 5425 linem

2179 5458 2294 5512 pag.
2330 5440 2446 5503 462,
2477 5452 2531 5493 ut
2554 5439 2794 5507 superius
2817 5439 2880 5491 ad
2908 5438 2934 5508 §
2962 5439 3014 5501 5,
3042 5439 3429 5494 admonuimus.

2251 5519 2317 5571 Et
2339 5519 2575 5586 potentia.
2614 5516 2744 5586 llaac
2762 5516 2952 5586 desunt
2982 5517 3117 5583 apud
3146 5517 3341 5571 Mabill.

2255 5588 2314 5639 In
2340 5584 2540 5647 natura,
2571 5595 2673 5638 etc.
2732 5584 3019 5644 Mabillon..
3044 5587 3093 5637 in
3132 5596 3309 5641 natura
3344 5597 3392 5642 et
3430 5590 3483 5643 in
3515 5587 3625 5648 ὕλη.
3672 5587 3738 5643 ει

2184 5665 2302 5714 mox
2340 5674 2351 5711 :
2383 5665 2424 5709 ct
2457 5665 2524 5709 cst
2551 5652 2649 5708 illis
2673 5668 2791 5709 esse.
2826 5651 3201 5713 Foilcntelius.
