3920 6218
221 260 365 318 ίθῖδ

1177 269 1371 326 LIBER
1405 272 1488 326 DE
1528 269 2003 329 GENERATIONE
2047 273 2244 331 VERBI
2288 277 2511 333 DIVINI.

3341 289 3366 344 1
3376 285 3479 343 09.6

215 385 271 429 ct
321 375 529 444 specie,
579 377 630 431 in
680 378 1057 437 commixtione
1107 394 1189 438 est
1217 402 1229 437 :
1261 400 1386 456 ergo
1419 401 1520 439 non
1569 394 1651 439 est
1680 385 1801 439 sim-
1830 393 1881 451 Α
1906 388 2029 443 dum
2052 393 2432 457 accidens,ista
2453 394 2626 447 anima
2653 395 3019 464 est,sedqnotl
3044 397 3156 451 ista:
3174 398 3478 467 qualitates,

219 464 449 533 pliciter.
483 467 647 537 IIujus
677 484 803 540 ergo
840 472 1019 526 mundi
1044 490 1157 540 qua:
1197 484 1375 542 partes
1415 484 1555 542 sunt,
1588 475 1797 542 partici-

220 566 415 624 pantes
442 557 630 612 anima:
656 560 1026 615 intellectualis
1055 565 1302 630 potentia:
1334 574 1386 618 et
1413 573 1612 617 natura:
1636 604 1649 627 ,
1680 572 1798 617 sunt

214 645 275 700 in
301 656 483 701 natura
498 664 682 703 eorum
704 666 823 720 qua:
847 667 948 706 non
973 669 1097 707 vere
1120 668 1223 707 non
1239 662 1385 708 sunt.
1408 654 1639 709 Utuntur
1658 654 1799 707 enim

217 736 603 807 intelligentia,
646 742 739 795 sed
761 742 905 810 juxta
952 758 1167 797 sensum
1214 745 1576 815 intelligentia,
1608 754 1803 798 etsunt

216 826 372 897 juxta
398 845 613 885 sensum
647 832 914 887 versibilia
959 844 1013 886 et
1058 835 1351 899 mutabilia,
1378 836 1526 905 juxta
1567 851 1693 890 vero
1725 837 1803 889 in-

221 920 570 989 telligentiam
628 922 953 978 inversibilia
1000 933 1055 977 et
1109 924 1476 981 iinmutabilia.
1524 926 1804 992 Quomodo

219 1021 404 1068 autem
434 1029 622 1068 sensus
644 1016 783 1069 istud
813 1016 1198 1085 apprehendit?
1223 1016 1327 1071 Sed
1361 1033 1464 1070 nun
1505 1019 1805 1087 apprehen-

219 1103 302 1158 dit
332 1105 431 1159 nisi
461 1104 778 1174 qualitates;
817 1108 1381 1169 substantiamautem,
1410 1108 1460 1161 id
1486 1118 1567 1161 est
1593 1108 1804 1176 subjec-

225 1208 365 1264 tum,
399 1214 498 1252 nee
536 1201 758 1270 percipit
788 1215 887 1255 nec
925 1200 1271 1270 apprehendit
1304 1201 1621 1255 :versibiles
1663 1202 1803 1255 enim

221 1300 351 1345 sunt
371 1292 670 1361 qualitates;
688 1293 978 1347 substantia
994 1293 1467 1349 veroinversibilis.
1483 1295 1612 1347 Cum
1630 1302 1805 1346 autem

219 1384 403 1438 anima
451 1386 519 1438 sit
547 1386 859 1452 substantia,
913 1397 1087 1441 tamen
1117 1396 1198 1441 est
1223 1387 1502 1441 versibilis.
1530 1386 1806 1455 Quomodo

225 1475 411 1529 istud?
451 1477 539 1532 Sic
566 1477 781 1533 habeto.

300 1566 367 1621 Χ.
418 1568 547 1621 Cum
589 1570 809 1639 suscipit
848 1569 1025 1623 anima
1082 1580 1135 1624 et
1183 1569 1429 1640 intelligit
1455 1584 1573 1639 qua:
1602 1577 1724 1623 sunt
1753 1567 1806 1622 in

224 1658 448 1725 mundo,
474 1661 518 1712 si
540 1660 626 1714 illa
652 1660 894 1730 intelligit
913 1676 1032 1730 qua:
1059 1669 1182 1714 sunt
1206 1661 1451 1715 animalia
1476 1670 1528 1713 et
1550 1660 1803 1722 animata;

1902 480 2197 534 substantia
2238 490 2322 535 est
2362 484 2559 535 anima.
2595 484 2683 539 Sic
2721 487 2877 539 etiam
2932 488 3023 544 ὕλη
3070 487 3181 553 ipsa
3229 489 3476 555 qualitas,

1903 570 2011 640 ipsa
2030 572 2319 625 substantia
2344 573 2453 632 ὕλη.
2480 574 2662 628 Diﬂert
2683 586 2857 629 autetn
2881 579 3052 630 anima
3069 578 3136 632 ab
3154 578 3263 653 ὕλη.
3292 579 3482 634 Dicunt

1903 662 2042 714 enim
2070 662 2306 730 quidam,
2334 664 2471 731 quod
2500 665 2671 717 anima
2692 665 2782 724 ὕλη
2810 677 2911 731 est;
2941 668 3078 734 quod
3107 670 3403 735 subjectum
3427 682 3481 727 et

1903 754 2127 821 qualitas
2176 754 2360 808 eadem
2411 756 2480 808 sit
2515 756 2841 821 substantia,
2901 759 3192 829 eademque
3240 764 3307 816 sit
3352 766 3479 820 sub-

1903 842 2095 895 stantia
2140 854 2192 897 et
2231 843 2403 896 anima
2456 853 2507 897 et
2534 845 2645 904 ὕλη.
2681 845 2783 900 Sed
2830 847 3043 914 diITert,
3078 860 3133 903 ut
3156 850 3264 906 dixi
3298 869 3309 903 :
3344 870 3480 922 quo-

1906 932 2044 983 niam
2086 933 2261 985 anima
2293 933 2667 989 intellectualis
2715 951 2834 991 cum
2863 939 2962 1003 sit,
2997 940 3240 1011 intelligit
3287 956 3484 1001 semet-

1905 1020 2091 1089 ipsam.
2148 1024 2217 1077 At
2267 1040 2395 1079 vero
2466 1026 2557 1084 ὕλη
2606 1028 2925 1085 omnimodis
2991 1032 3288 1105 intelligens
3361 1052 3480 1093 cum

1905 1112 1995 1173 sit,
2042 1127 2215 1181 neque
2260 1115 2655 1182 intelligentiam
2706 1135 2878 1189 neque
2944 1136 3156 1178 sensum
3226 1128 3277 1180 in
3322 1145 3482 1183 sensu

1908 1203 2069 1257 ullum
2099 1205 2275 1260 habet.
2318 1206 2387 1260 Et
2433 1206 2631 1263 ideirco
2683 1213 2855 1265 anima
2908 1230 2970 1269 ea
3017 1226 3099 1269 est
3152 1233 3269 1286 qua:
3314 1229 3480 1274 sunt:

1907 1310 2028 1349 cum
2057 1297 2165 1365 ipsa
2197 1298 2310 1352 sola
2341 1309 2392 1353 et
2410 1316 2543 1369 pura
2568 1310 2667 1366 est,
2697 1318 2759 1358 ex
2788 1305 2849 1358 iis
2876 1317 2956 1360 est
2982 1324 3101 1377 qua:
3126 1322 3249 1364 sunt
3277 1330 3288 1363 :
3319 1316 3484 1369 mixta

1908 1402 2035 1441 vero
2062 1397 2123 1464 τῇ
2146 1390 2259 1464 ὕλη,
2317 1407 2383 1446 ex
2424 1394 2485 1446 iis
2512 1405 2593 1448 est
2622 1412 2738 1465 qum
2764 1413 2869 1453 non
2906 1416 3030 1457 vere
3060 1418 3164 1457 non
3192 1418 3331 1460 sunt.
3362 1407 3486 1465 Sola

1907 1491 2081 1535 autem
2103 1485 2134 1541 ἡ
2153 1484 2244 1542 ὕλη
2272 1486 2508 1540 omnium
2532 1504 2652 1557 qure
2676 1506 2779 1543 non
2804 1502 2925 1546 sunt
2955 1496 3127 1549 nutrix
3153 1510 3252 1552 est.
3295 1502 3485 1557 Anima

1906 1589 2036 1629 vero
2065 1586 2113 1629 et
2144 1580 2173 1635 ἡ
2202 1578 2314 1641 ὕλη,
2340 1580 2577 1634 omnium
2602 1584 2776 1636 nutrix
2806 1587 3031 1651 estfscd
3056 1590 3251 1657 anima,
3275 1596 3485 1662 propria

1910 1667 2102 1720 virtute
2130 1671 2366 1724 omnium
2410 1674 2591 1725 nutrix
2633 1685 2715 1728 est
2740 1687 2794 1730 et
2819 1679 2941 1733 vita:
2967 1686 3264 1749 generatrix
3293 1703 3306 1738 :
3339 1692 3367 1745 η
3391 1689 3485 1747 ὕλη

224 1747 277 1804 in
308 1764 374 1805 eo
400 1750 541 1819 quod
570 1762 651 1806 est
698 1751 892 1807 habere
932 1754 1183 1818 animam,
1229 1762 1354 1805 sunt
1381 1768 1501 1821 qua:
1548 1767 1651 1804 non
1686 1766 1807 1804 vere
1837 1764 1883 1823 Β
1913 1772 2038 1812 vero
2081 1759 2195 1813 siue
2225 1762 2420 1827 anima,
2453 1763 2609 1818 eII‘eta
2637 1775 2688 1820 et
2730 1767 2893 1821 densa
2940 1747 3072 1825 facta
3099 1815 3113 1839 ,
3144 1775 3193 1827 in
3226 1786 3482 1833 aeternum

225 1856 339 1896 non
366 1851 505 1895 sunt.
538 1841 777 1909 Quodam
805 1844 947 1899 enim
980 1844 1138 1898 modo
1184 1850 1254 1915 μή
1298 1840 1423 1899 ὅντα
1445 1886 1460 1909 ,
1489 1844 1636 1913 juxta
1665 1845 1804 1912 quod

226 1936 462 1989 animam
491 1934 686 1989 habent
729 1952 742 1987 :
786 1936 1013 2005 quodam
1060 1936 1217 1990 modo
1261 1943 1331 2008 μή
1386 1934 1507 1992 ὄντα
1553 1938 1701 2006 juxta
1756 1936 1809 1990 id

228 2026 375 2097 quod
422 2028 828 2083 conversibilem
887 2030 1005 2087 ὕλην
1042 2028 1238 2083 habent
1283 2040 1336 2083 et
1379 2030 1658 2099 qualitates
1687 2044 1809 2083 ver-

226 2120 417 2175 sibiles
471 2137 484 2172 :
530 2130 585 2176 et
627 2131 751 2175 sunt
795 2122 909 2175 hmc
955 2137 1073 2192 quae
1130 2122 1358 2176 diximus
1410 2129 1478 2193 μή
1525 2119 1677 2182 ὅντως
1740 2126 1809 2192 μή

229 2208 370 2267 ὄντα.
410 2208 541 2265 Cum
582 2221 758 2266 autem
798 2213 1142 2282 intelligimus
1180 2213 1278 2266 sub
1319 2214 1494 2266 anima
1540 2214 1658 2271 ὕλην
1705 2212 1807 2283 (in

228 2305 408 2358 anima
456 2302 577 2359 ilico
603 2304 740 2370 ὕλην,
798 2304 1051 2375 quidquid
1090 2307 1204 2359 sine
1250 2305 1587 2359 intellectuali
1636 2304 1809 2357 anima

228 2405 336 2461 est,
389 2397 700 2452 circumlato
727 2397 910 2466 sensu)
944 2399 1054 2467 ipsa
1084 2397 1485 2465 comprehendit
1512 2398 1651 2451 circa
1678 2412 1810 2466 qua-

231 2485 409 2541 litates
435 2488 585 2557 quasi
608 2495 677 2561 μη
708 2485 827 2543 ὄντα
853 2503 969 2557 qua:
1013 2497 1136 2542 sunt
1169 2506 1182 2543 :
1214 2501 1338 2543 sunt
1366 2489 1505 2543 enim
1536 2488 1814 2544 versibiles

231 2580 535 2649 qualitates;
557 2580 765 2649 etjuxla
785 2580 904 2645 hoc,
924 2587 991 2651 μή
1010 2578 1148 2637 ὄντα.
1177 2579 1386 2635 Etenim
1414 2582 1582 2649 ipsum
1606 2581 1815 2650 subjec-

230 2680 346 2726 tum
398 2687 515 2741 qua:
560 2672 650 2729 ὕλη
693 2672 907 2736 dicitur,
964 2672 1426 2725 iudeterminatum
1470 2682 1569 2736 est;
1616 2682 1669 2727 et
1695 2672 1814 2725 ideo

231 2763 351 2818 sine
376 2762 626 2832 qualitate
654 2761 863 2816 dicitur.
887 2762 940 2817 Si
959 2774 1132 2816 autem
1158 2761 1563 2826 tletermiuatur,
1585 2763 1815 2832 qualitas

231 2853 450 2919 dicitur,
484 2863 537 2908 et
560 2869 664 2907 non
695 2853 865 2923 qualis
896 2854 1007 2911 ὕλη.
1042 2854 1144 2908 Sed
1176 2862 1298 2907 sunt
1328 2856 1512 2923 prima:
1537 2855 1816 2923 qualitates

234 2946 287 2999 in
316 2945 631 3015 corporibus
678 2944 864 3015 primis
887 2985 902 3011 ,
934 2945 1051 3015 igne
1075 2986 1089 3011 ,
1121 2958 1274 3009 aere,
1303 2960 1457 3014 aqua,
1488 2953 1624 2999 terra
1657 2964 1670 2999 :
1700 2960 1817 3014 quae

232 3050 392 3104 Sunt,
448 3039 540 3094 sed
600 3054 696 3108 per
741 3054 828 3102 se,
886 3040 1002 3093 sine
1044 3039 1422 3093 commixtione
1464 3039 1547 3092 vel
1595 3038 1818 3105 alicujus

1912 1858 2111 1914 manet,
2139 1851 2511 1907 animationem
2538 1856 2606 1909 ab
2635 1856 2807 1912 anima
2834 1859 3057 1917 habens.
3088 1865 3222 1921 Sunt
3251 1868 3406 1937 igitur
3432 1881 3486 1926 et

1912 1942 2156 1997 dicuntur
2182 1944 2299 2011 ista,
2331 1950 2399 2017 μή
2433 1944 2571 2003 ὄντα.
2600 1949 2672 2003 De
2704 1950 2768 2004 iis
2796 1967 2925 2023 ergo
2953 1970 3070 2024 qua:
3107 1973 3212 2012 non
3239 1972 3383 2026 sunt,
3414 1964 3484 2019 ita

1911 2048 1970 2087 se
2002 2033 2178 2089 habet.

1984 2125 2074 2180 XI.
2129 2127 2304 2183 Habes
2352 2130 2508 2200 igitur
2552 2142 2778 2203 quatuor
2807 2153 2820 2192 :
2849 2152 2967 2207 qua:
3014 2154 3139 2196 vere
3178 2151 3318 2208 sunt,
3368 2159 3488 2215 qua:

1913 2227 2057 2284 sunt,
2108 2235 2228 2287 qua:
2280 2236 2384 2274 non
2415 2238 2542 2276 vere
2572 2240 2676 2278 non
2706 2236 2832 2281 sunt
2858 2270 2871 2291 ,
2900 2245 3018 2298 qua:
3047 2246 3151 2285 non
3200 2244 3339 2288 sunt.
3390 2236 3491 2292 Per

1912 2311 2313 2365 conversionem
2347 2322 2521 2367 autem
2553 2327 2606 2368 et
2630 2319 3054 2388 complexionem
3102 2322 3290 2378 horum
3321 2331 3491 2384 nanti-

1915 2414 2078 2465 num,
2149 2402 2322 2457 adltuc
2373 2405 2478 2459 duo
2534 2407 2676 2461 modi
2728 2411 3113 2469 subaudiuntur
3155 2433 3168 2469 :
3215 2433 3332 2486 qua:
3385 2436 3490 2477 non

1913 2506 2038 2547 vere
2066 2503 2190 2547 sunt
2212 2534 2227 2559 ,
2270 2505 2322 2550 et
2352 2511 2477 2551 vere
2506 2514 2625 2567 quae
2656 2516 2760 2555 non
2802 2514 2947 2558 sunt.
3001 2505 3249 2561 Sedenim
3279 2527 3338 2565 ea
3372 2529 3492 2581 quae

1916 2597 2019 2635 non
2075 2599 2201 2639 vere
2251 2595 2396 2653 sunt,
2447 2603 2511 2642 ea
2566 2597 2766 2645 tantum
2819 2609 2937 2662 qua:
2982 2606 3105 2650 sunt
3137 2598 3489 2667 signiﬁcant:

1915 2677 2086 2729 solum
2115 2679 2255 2732 enim
2284 2690 2427 2745 sunt,
2459 2697 2576 2750 qute
2606 2698 2707 2738 non
2755 2700 2879 2740 vere
2908 2698 3051 2742 sunt.
3093 2690 3164 2744 At
3203 2708 3332 2748 vero
3373 2713 3493 2766 quae

1916 2783 2041 2822 vcrc
2072 2784 2175 2821 IIOII
2207 2781 2349 2835 sunt,
2379 2772 2444 2826 ad
2476 2773 2525 2827 id
2558 2785 2612 2827 ut
2639 2774 2765 2843 sint,
2802 2778 2972 2833 locum
2997 2798 3100 2835 non
3132 2783 3348 2841 habent.
3387 2790 3495 2845 Deo

1916 2859 2056 2912 enim
2088 2858 2260 2929 plenis
2288 2862 2553 2930 omnibus,
2584 2868 2729 2921 uetas
2768 2879 2820 2923 et
2845 2868 3193 2939 impossibile,
3225 2892 3343 2947 qtae
3375 2896 3495 2937 vere

1918 2966 2022 3005 non
2048 2950 2171 3015 sint,
2200 2963 2251 3007 et
2277 2954 2381 3010 dici
2412 2966 2465 3010 et
2488 2971 2608 3011 esse
2642 2976 2653 3012 :
2679 2975 2796 3029 quae
2828 2961 3170 3034 intelligentia
3196 2970 3330 3031 sola,
3358 2971 3498 3032 sicut

1921 3041 2326 3110 declarat-imus,
2351 3045 2623 3115 dill‘erunt,
2648 3066 2751 3105 non
2779 3053 2844 3104 ab
2866 3053 2929 3106 ii,~
2957 3070 3075 3124 quae
3107 3074 3210 3113 non
3238 3071 3379 3127 sunt,
3402 3064 3495 3119 sed

235 3130 454 3185 unione.
480 3131 537 3186 Si
559 3131 700 3184 enim
724 3130 845 3194 ista,
877 3128 1177 3198 qualitates;
1197 3139 1245 3181 et
1268 3131 1382 3190 ista,
1407 3129 1824 3198 57.nzqualitatcs
1852 3128 1896 3190 C
1928 3134 1992 3187 ab
2045 3134 2110 3188 iis
2140 3152 2256 3204 qua:
2303 3148 2427 3191 sunt
2467 3141 2755 3194 secundum
2811 3143 3158 3210 privationem
3200 3152 3497 3208 aduascuu-

236 3226 400 3297 igitur
424 3225 536 3284 ὕλη.
569 3225 683 3278 Non
731 3225 871 3279 enim
900 3234 956 3277 ut
984 3225 1232 3279 accidens
1270 3225 1461 3280 accidit
1485 3233 1545 3299 τῇ
1575 3224 1697 3299 ὕλης
1727 3224 1819 3278 sed

240 3317 355 3386 ipsa
407 3330 488 3371 est
544 3316 766 3385 qualitas
811 3331 958 3369 :non
1008 3324 1181 3383 potest
1218 3316 1358 3369 enim
1406 3329 1524 3369 esse
1576 3315 1821 3383 qualitas,

239 3407 357 3477 ipsa
386 3421 479 3476 per
504 3415 711 3470 semet,
745 3406 836 3459 sed
867 3422 933 3460 eo
962 3407 1101 3475 quod
1143 3416 1256 3471 est;
1305 3408 1405 3461 hoc
1450 3409 1565 3476 ipso
1590 3408 1680 3466 ὕλη
1719 3416 1821 3462 est.

242 3500 312 3555 Et
348 3513 560 3568 semper
592 3498 803 3569 quidem
846 3499 984 3557 ὑλική
1011 3514 1128 3552 cum
1156 3500 1261 3563 sit,
1310 3500 1439 3552 nihil
1471 3500 1609 3552 aliud
1664 3515 1820 3569 quam

242 3593 338 3651 ὕλη
360 3600 463 3647 est.
497 3593 643 3647 Sicut
670 3600 724 3645 et
747 3591 941 3654 anima,
971 3590 1121 3659 juxta
1151 3590 1291 3660 quod
1322 3592 1691 3647 intellectualis
1722 3602 1821 3659 est,

243 3686 423 3740 anima
459 3695 574 3748 est;
627 3694 680 3738 et
717 3684 867 3754 juxta
904 3683 1045 3753 quod
1092 3699 1303 3753 semper
1340 3694 1583 3739 movetur
1620 3695 1671 3739 et
1702 3700 1730 3739 a
1766 3701 1824 3739 se

244 3784 512 3843 movetur,
542 3789 648 3829 non
678 3773 969 3831 secundum
996 3773 1407 3844 duplicationem
1438 3790 1609 3846 neque
1636 3790 1826 3831 secun-

1925 3232 2007 3278 tur
2035 3224 2087 3278 in
2118 3224 2316 3291 anima,
2342 3244 2513 3297 neque
2540 3227 2591 3283 in
2623 3246 2715 3284 sua
2738 3233 3052 3303 substantia,
3074 3254 3245 3310 neque
3267 3240 3320 3296 in
3351 3242 3502 3299 intel-

1922 3315 2136 3385 ligentia
2170 3318 2356 3386 positis
2384 3336 2502 3389 quae
2544 3339 2672 3378 vere
2694 3340 2798 3379 non
2825 3339 2968 3383 sunt.

1996 3407 2109 3463 XII.
2143 3411 2340 3465 Eamus
2367 3410 2527 3481 igitur
2553 3416 2618 3469 ad
2650 3416 2955 3485 videndum,
2998 3422 3125 3491 quid
3156 3424 3225 3479 sit
3255 3426 3414 3492 Deus,
3449 3438 3505 3486 et

1925 3500 1977 3555 in
2008 3502 2199 3570 quibus
2244 3513 2341 3557 est.
2376 3504 2503 3572 Qute
2534 3522 2657 3561 vere
2688 3508 2853 3576 prima
2884 3522 2937 3566 et
2962 3512 3303 3572 honoratiora
3354 3532 3500 3590 sunt,

1926 3593 2177 3663 numquid
2204 3593 2255 3648 in
2288 3594 2418 3663 ipsis
2444 3598 2615 3652 Deus?
2643 3599 2747 3655 Sed
2776 3612 2828 3656 et
2869 3602 2949 3657 his
2979 3620 3134 3661 causa
3186 3621 3287 3675 est,
3336 3624 3389 3666 ct
3420 3613 3501 3682 ip-

1926 3697 2104 3738 sorum
2163 3685 2313 3740 dator
2352 3697 2406 3742 et
2446 3699 2613 3758 pater.
2664 3691 2772 3748 Nec
2800 3704 2880 3748 est
2912 3695 3109 3761 dicere,
3165 3699 3338 3767 ipsum
3384 3719 3505 3761 esse

1927 3775 2061 3837 hmo,
2108 3775 2301 3846 quibus
2331 3776 2445 3849 ipse
2475 3779 2622 3836 dedit
2666 3791 2725 3837 ut
2766 3795 2964 3841 essent.
2993 3787 3123 3843 Cum
3171 3790 3314 3846 enim
3368 3810 3507 3853 unus

1574 3936 1932 3995 VARIORUM
1970 3937 2195 3995 NOTAE.

319 4094 645 4165 Simpliciter.
703 4092 974 4165 Mahillon.
1025 4092 1273 4159 Simplex.
1324 4093 1392 4147 Et
1444 4094 1666 4149 statim:
1705 4094 1818 4148 Ηιιο

238 4168 330 4240 jus
361 4164 512 4240 igitur
545 4164 728 4240 mundi
750 4178 861 4230 qua:
889 4173 1076 4240 partes
1099 4175 1213 4216 sunt
1254 4166 1613 4234 participantes
1640 4168 1823 4219 anima:

246 4234 624 4297 intellecmatis,
654 4234 949 4300 inpotentia
988 4246 1034 4288 et
1059 4236 1113 4287 in
1141 4245 1325 4287 natura
1353 4246 1469 4288 sunt
1494 4253 1667 4289 eorum
1710 4253 1822 4300 qua:

248 4324 358 4363 uere
385 4321 485 4358 non
510 4314 645 4357 sunt.
690 4302 860 4356 Minus
888 4314 1031 4358 recte
1052 4344 1067 4368 ,
1100 4314 1155 4357 ut
1180 4303 1408 4372 videtur,
1437 4319 1558 4360 cum
1600 4306 1823 4361 distine-

249 4377 419 4441 tioue,
448 4386 557 4428 tum
590 4373 641 4428 itt
668 4382 834 4427 testu.

320 4468 449 4521 Cum
491 4476 652 4518 autent
707 4464 896 4529 anima,
959 4474 1063 4519 etc.
1110 4464 1198 4520 Sic
1253 4465 1449 4522 Mabill.
1512 4468 1581 4521 At
1628 4468 1822 4523 Ortho-

251 4538 378 4592 dox.
415 4556 428 4589 :
456 4535 582 4590 Cum
626 4545 790 4588 autem
832 4536 896 4587 sit
949 4537 1248 4597 substantia,
1283 4546 1446 4589 tamen
1472 4551 1542 4592 est
1570 4541 1829 4594 versibilis.

254 4608 520 4675 Quomodo
543 4606 676 4659 istud
701 4621 751 4659 se
772 4605 954 4657 habet?
977 4603 1103 4659 Cant
1133 4606 1342 4671 suscipit
1368 4608 1537 4660 anima
1585 4620 1629 4661 et
1682 4610 1829 4662 intel-

254 4677 363 4748 ligit
391 4692 505 4745 qua
528 4686 643 4729 sunt
671 4677 893 4728 animata
922 4684 968 4728 et
996 4675 1238 4729 animalia
1255 4716 1269 4739 ,
1297 4686 1400 4729 etc.

324 4764 393 4819 Χ.
418 4762 877 4818 —Conversibitem.
903 4764 1047 4818 Hanc
1068 4780 1250 4820 vocem
1271 4768 1520 4821 omittunt
1538 4767 1830 4824 Orthodox.

324 4863 401 4916 Μή
428 4854 585 4928 ὅντως
606 4862 673 4928 μὴ
693 4853 830 4928 ὄντα,
858 4854 930 4928 Ita
953 4854 1339 4928 rescripsimus,
1357 4869 1623 4913 auctorem
1645 4861 1832 4928 seculi,

256 4928 347 4999 qui
373 4926 498 4980 alibi
526 4923 657 4979 dixit
686 4932 753 4996 μή
780 4926 969 4985 ἀληθῶς
989 4923 1207 4999 uariata
1224 4969 1237 4990 ,
1289 4944 1401 4997 quin
1440 4947 1539 4982 non
1590 4946 1698 4984 vere
1737 4923 1835 4986 non

257 4996 397 5070 sunt.
428 5001 711 5070 l’erperain
728 5009 943 5070 utraque
956 4996 1135 5049 editio.
1160 4996 1428 5070 litabillon.
1452 5004 1589 5052 enim
1604 5008 1675 5070 μὴ
1696 5000 1837 5065 ὄντος

260 5074 328 5141 μή
357 5064 479 5141 ὄντος
512 5064 852 5141 ιΟξιΙι-οάρι.
881 5070 1124 5141 vero,_;ui
1154 5064 1297 5141 ὄντος
1319 5064 1615 5141 εἱμηιιθκηιξ
1643 5074 1705 5125 ιςι
1726 5064 1835 5125 διηέ-

264 5134 354 5193 ἰίηι
379 5139 564 5191 eadem
586 5134 1118 5205 Ortlnidoxograpba,
1138 5149 1255 5205 pag.
1271 5137 1395 5203 465,
1414 5140 1550 5194 circa
1578 5142 1829 5205 medium,

262 5219 383 5279 post
410 5206 574 5261 verba
611 5210 679 5277 μὴ
704 5202 1125 5279 inrogsubduut
1146 5223 1174 5279 _:
1201 5202 1258 5259 ea
1283 5224 1393 5277 qua:
1420 5210 1592 5277 futura
1621 5221 1757 5277 sunt,
1787 5202 1832 5265 et

261 5275 478 5349 quorum
513 5288 583 5330 est
610 5275 782 5349 eausa.
812 5275 895 5349 Ad_
935 5275 1303 5349 generationem
1342 5275 1528 5342 autem,
1574 5275 1674 5333 etei.
1725 5297 1842 5349 qua:

262 5343 513 5420 leguntur
550 5347 792 5420 superius
817 5343 1098 5420 subtlnem
1154 5343 1181 5414 §
1213 5347 1268 5401 4.
1293 5349 1365 5420 Δᾼι
1416 5343 1840 5405 Μίὼίιιοηὶειηῖιῐη

265 5415 537 5486 θίωιιριει·
555 5415 693 5488 quod
719 5415 1011 5480 sequimur,
1039 5424 1155 5488 post
1189 5424 1258 5487 μὴ
1288 5415 1407 5475 ὄντα
1437 5420 1648 5488 subjicit
1679 5422 1842 5475 :(Junt

265 5498 433 5559 autent
446 5486 914 5559 intelligimus,_etc.
928 5487 1132 5559 2(ιυίιξλξη
1148 5486 1436 5542 orthodox.
1458 5486 1838 5559 1οέυιιιυτ464,

268 5559 360 5613 lin.
389 5558 485 5610 ult.
514 5565 569 5609 et
600 5554 748 5624 Seqq.
786 5554 975 5609 Omnia
1006 5556 1205 5610 scilicet
1236 5554 1536 5625 perturbata
1566 5560 1677 5613 sive
1708 5554 1842 5616 male

266 5634 661 5758 fompactorum
702 5625 1085 5695 exemplarium
1134 5627 1298 5690 vitio,
1340 5630 1453 5685 sive
1507 5628 1839 5686 librariorum

291 5708 498 5755 oscula.

291 5697 498 5755 nscitia.

1957 4094 2355 4186 ΖΔρξιιιτλιθεηιο
2393 4102 2875 4186 quod-scripsisset
2922 4110 3056 4167 alius
3120 4130 3276 4186 quam
3332 4118 3510 4175 Victo-

1926 4167 2093 4257 rinus.
2136 4167 2298 4221 Paulo
2343 4167 2463 4257 post
2507 4167 2704 4256 Mabill'.
2740 4175 2806 4228 Et
2835 4192 2952 4257 sunt
2991 4167 3508 4257 primm-“qualitates,

1924 4236 2076 4357 ignis,
2109 4253 2213 4303 aer,
2244 4236 2397 4308 aqua,
2428 4252 2580 4310 terra,
2612 4246 2722 4314 ipsa
2741 4236 3015 4305 secundum
3040 4236 3511 4316 .55..e"23)ii5ii§3

1948 4322 2079 4357 iane.

1948 4322 2079 4359 iane.

2001 4374 2216 4457 Quiane.
2252 4378 2340 4433 Sic
2363 4395 2431 4434 ex
2467 4381 2735 4457 lliabillon.
2767 4402 2863 4457 pro
2892 4394 3045 4449 unius
3069 4396 3361 4456 Orthodox.

2000 4444 2141 4536 (ᾗ)ηὴ
2156 4459 2342 4536 potest
2408 4455 2689 4536 enitunesse
2730 4444 2975 4536 qualitas.
3147 4444 3511 4536 Tl‘uutcmlmbet

2236 4519 2427 4576 desunt
2455 4523 2510 4577 in
2541 4515 2835 4585 Orthodox.
2868 4515 3511 4611 fortasse—oblitvtvpetiwtuiii

2096 4605 2126 4640 a
2159 4629 2171 4641 .

2011 4657 2204 4740 Eadem
2250 4661 2317 4714 sit
2356 4663 2634 4742 suostantia
2683 4701 2751 4712 —
2802 4684 2850 4729 et
2900 4675 3013 4734 ὕλη.
3068 4678 3335 4735 Mabillon.
3394 4682 3514 4742 Itcic

1860 4726 1911 4786 Π
1938 4726 2253 4818 detegi-nnis,
2283 4735 2438 4818 vapud
2482 4753 2637 4803 quem
2665 4743 2743 4818 sic
2769 4760 2784 4798 :
2809 4726 3515 4818 eodeni

1938 4810 1984 4851 ει
2007 4798 2189 4874 anima:
2207 4809 2253 4851 et
2273 4798 2387 4874 ὕλη,
2419 4798 2639 4863 foriasse
2668 4810 2805 4874 ὕλης.

1969 4939 1979 4949 ⁸
2013 4867 2323 4951 Untnintottis
2362 4873 2665 4951 intelligens.
2713 4867 2883 4937 Malim
2916 4890 3215 4945 omnimodis
3242 4909 3344 4951 nox
3370 4897 3517 4951 intel-

1941 4937 2406 5031 ligens-Matina;
2417 4984 2432 5008 ,
2459 4937 2767 5031 on-i'nint‘odis
2778 4937 3299 5031 om

1940 5006 2133 5147 phtium
2174 5010 2283 5078 ipsa
2318 5006 2448 5082 sola,
2482 5027 2584 5072 etc.
2625 5006 3299 5089 Pessitneheic
3329 5053 3515 5094 exem-

1996 5094 2074 5129 ar.

1983 5147 2583 5233 Ἶξίιμέςιξξηρρρπξοηεηι
2606 5162 2784 5217 horum
2811 5168 3089 5222 nominum.
3116 5172 3206 5227 Sic
3231 5187 3375 5233 recte
3403 5180 3519 5233 Ma-

2546 5247 2662 5299 pag.
2687 5216 3516 5312 E5,-

1943 5290 2757 5387 going-(efﬁngi.liabetz'etéptus
2783 5290 3515 5387 natus/lilia;

1944 5358 2105 5445 [ergiius
2126 5359 2392 5445 habentur
2419 5365 2447 5435 §
2484 5358 2563 5424 15.
2598 5371 2713 5445 Illa
2738 5358 2921 5445 autem
2952 5358 3519 5445 7.5.356."3553532.";

1942 5442 2409 5517 qugm‘sequttntu‘r,’
2437 5450 2617 5517 extant
2648 5441 2796 5508 ibid.,
2828 5460 2944 5516 pag.
2976 5448 3103 5517 464,
3148 5458 3247 5511 sub
3288 5441 3517 5515 initium.

1942 5494 2127 5567 Onmia
2156 5494 2358 5557 scilicet
2386 5494 2525 5561 Itede
2548 5494 2777 5567 inversa.

2022 5566 2297 5659 egeritur.
2335 5575 2489 5657 Deest
2510 5578 2869 5659 lto-caerbum
2900 5592 3037 5659 apud
3069 5594 3339 5651 Mabillon.

2345 5646 2535 5730 Privat.
2588 5648 2678 5706 Sic
2702 5636 3521 5730 υιὲέὶῖυἶἓᾶἰῖἶδῖἶιῖῖἰηηιρη

1946 5706 2149 5777 aliquid
2178 5706 2367 5770 deesse
2394 5714 2617 5774 videtur.
