3920 6218
435 218 571 274 {027

1628 220 1815 277 MAR"
1853 217 2195 275 VICTORINI
2226 219 2387 275 ΔΕΜ

3548 216 3699 279 1028

433 344 488 387 et
548 336 693 391 solus
757 336 843 399 sit,
885 338 1171 393 aSsimilata
1219 352 1336 395 esse
1386 338 1579 406 voluit;
1632 347 1684 394 et
1734 354 1836 393 non
1890 333 2241 408 ipsaAverit
2306 334 2480 403 potius
2524 346 2679 404 quam
2744 332 2813 388 de
2863 332 3048 389 nihilo.
3102 333 3251 401 Quod
3312 331 3458 388 enim
3528 348 3697 402 super

433 423 580 478 illum
631 443 791 481 unum
830 432 966 483 :sed
1014 430 1142 483 illud
1190 430 1329 497 quod
1369 441 1450 483 est
1504 445 1663 484 unum
1715 444 1853 495 esse,
1902 429 2002 482 hoc

434 516 597 569 voluit
644 518 755 585 ipsa
805 521 967 573 multa
1012 535 1149 574 esse.
1201 518 1442 574 Forsitan
1489 519 1654 585 dices,
1683 534 1715 573 ο
1743 516 1998 581 Candide,

430 606 576 662 lileus
614 608 699 662 hie
745 626 921 664 sermo
962 620 1045 665 est
1083 630 1096 664 :
1145 619 1196 665 et
1227 612 1516 666 secundum
1559 612 1712 665 istam
1745 612 2002 665 rationem

424 698 566 765 dico,
598 717 661 755 ex
692 700 757 755 iis
796 718 912 769 quae
940 718 1042 756 non
1091 712 1233 768 sunt,
1268 715 1446 757 natum
1491 718 1612 759 esse
1642 704 1830 758 Filium
1864 702 1999 770 Dei,

427 793 717 845 secundum
761 793 1101 858 electionem,
1128 811 1231 849 non
1258 796 1550 849 secundum
1578 795 1995 864 generationem.

426 880 530 935 Sed
554 888 621 952 μή
652 879 770 937 ὄντα
800 900 916 953 qua:
942 899 1059 939 esse
1080 884 1353 940 diximus?
1375 885 1627 955 numquid
1652 902 1713 939 ea
1743 903 1859 955 qua:
1885 902 2001 938 tnti-

427 970 552 1025 nino
603 988 705 1027 non
770 974 928 1028 sunt"
988 975 1092 1031 Sed
1138 976 1245 1044 jam
1291 975 1343 1031 in
1396 976 1639 1030 confesso
1684 985 1795 1039 est,
1862 974 2001 1045 qttod

425 1075 529 1117 non
564 1084 575 1119 :
607 1065 766 1142 etiam
812 1067 865 1120 in
897 1068 1142 1122 confesso
1188 1079 1298 1134 est,
1351 1070 1490 1139 quod
1546 1085 1663 1139 quae
1708 1085 1811 1122 non
1857 1078 1998 1133 sunt,

419 1157 567 1225 juxta
614 1158 798 1213 modos
821 1159 1069 1215 dicuntur
1103 1170 1331 1229 quatuor
1360 1178 1373 1213 :
1404 1177 1468 1216 ex
1499 1161 1692 1230 quibus
1720 1161 1825 1214 duo
1852 1161 2000 1227 juxta

424 1244 645 1301 nihilum
687 1249 939 1315 omnino,
992 1262 1044 1304 et
1068 1252 1215 1319 juxta
1269 1265 1431 1319 super
1482 1251 1654 1305 omnia
1689 1250 1820 1305 :aiii
1876 1264 2002 1304 vero

418 1335 568 1403 juxta
597 1337 818 1391 alterius
842 1350 1104 1406 naturam,
1134 1351 1188 1394 et
1210 1340 1359 1409 juxta
1386 1341 1525 1410 quod
1553 1341 1783 1394 nondum
1814 1350 1916 1402 est;
1950 1349 2002 1394 et

426 1435 600 1482 tamen
632 1440 705 1483 est
736 1432 971 1500 potentia
996 1432 1060 1485 ad
1100 1448 1236 1499 esse,
1268 1442 1323 1488 et
1362 1433 1594 1486 nondum
1624 1432 1833 1487 actione
1859 1447 1997 1487 esse.

495 1518 630 1572 XIII.
664 1520 798 1586 Quid
828 1521 987 1589 igitur
1021 1524 1176 1589 Deus,
1210 1523 1257 1577 si
1285 1541 1349 1579 ne
1372 1541 1530 1579 unum
1568 1524 1778 1594 quidem
1801 1537 1881 1579 eSt
1909 1541 2003 1579 ne-

422 1625 524 1679 que
554 1627 670 1679 qua)
699 1628 821 1667 vere
848 1625 969 1667 sunt
990 1655 1003 1680 ,
1034 1632 1205 1686 neque
1229 1632 1346 1686 qua:
1378 1627 1522 1682 sunt,
1548 1633 1718 1685 neque
1747 1634 1862 1688 qua:
1892 1635 1996 1672 non

2104 426 2161 479 τό
2188 421 2238 478 ὃν
2269 424 2439 494 primo
2464 435 2565 489 est,
2597 426 2964 479 absconditum
2992 422 3044 480 ὃν
3068 435 3167 478 est.
3211 424 3529 479 Absconditi
3560 439 3699 479 vero

2106 514 2497 578 manifestatio,
2549 516 2823 584 generatio
2870 524 2982 570 est.
3029 514 3301 585 Siquidem
3345 526 3396 569 et
3448 514 3700 586 polentia

2106 601 2177 671 ὂν,
2204 605 2517 674 operatione
2548 602 2600 660 ὂν
2625 618 2843 676 generat
2879 626 2890 661 :
2918 606 3045 660 nihil
3078 606 3218 661 enim
3260 606 3376 659 sine
3420 621 3584 661 causa
3641 606 3700 661 in

2106 695 2470 765 generatione.
2508 696 2573 750 Et
2614 697 2660 751 si
2705 697 2842 751 Deus
2889 712 3047 773 causa
3104 708 3184 751 est
3233 698 3494 759 omnium,
3530 712 3700 752 causa

2683 789 2734 843 in
2805 788 3198 858 generationem
3247 807 3260 839 :
3315 789 3515 858 quippe
3570 804 3699 842 cum

2106 892 2264 947 super
2316 882 2371 933 τὸ
2426 877 2477 932 ὂν
2528 879 2615 943 sit,
2672 878 2892 934 vicinius
2947 895 3067 933 cum
3121 878 3188 932 sit
3242 886 3315 951 τῷ
3362 877 3490 943 ὄντι,
3538 882 3593 932 et
3641 885 3700 930 ut

2108 978 2253 1038 pater
2274 970 2389 1037 ejus
2412 980 2465 1023 et
2488 970 2715 1039 genitor.
2751 971 2955 1025 Etenim
2984 971 3199 1041 gravida
3226 972 3497 1025 OCCIlilum
3532 970 3701 1025 habet

2104 1059 2244 1127 quod
2276 1060 2505 1128 paritura
2536 1072 2638 1116 est.
2671 1061 2783 1116 Non
2806 1062 2947 1117 enim
2979 1062 3135 1117 festus
3164 1079 3265 1116 non
3295 1074 3374 1116 est
3401 1074 3531 1117 ante
3572 1078 3701 1132 par-

2106 1158 2236 1215 tttm,
2282 1152 2373 1204 sed
2418 1151 2469 1205 in
2515 1154 2724 1207 occulto
2762 1163 2843 1208 est
2885 1171 2898 1207 :
2946 1162 2999 1206 et
3046 1153 3389 1222 generatione
3444 1153 3702 1222 pervenit

2104 1239 2158 1293 in
2188 1240 2667 1298 manifestationem
2701 1242 2750 1299 ὃν
2769 1242 3099 1312 Operatione,
3124 1244 3266 1313 quod
3296 1244 3391 1297 luit
3414 1242 3467 1297 ὃν
3498 1254 3699 1313 poterio

2107 1331 2195 1384 tia.
2231 1333 2317 1397 Et,
2347 1346 2404 1387 ut
2431 1336 2569 1403 quod
2617 1351 2797 1391 verum
2827 1346 2911 1390 est
2955 1335 3147 1401 dicam,
3179 1332 3230 1389 ὃν
3258 1335 3576 1405 operatione
3602 1343 3699 1390 τοῦ

2104 1423 2276 1492 ὄντος,
2311 1427 2506 1481 etenim
2558 1428 2683 1482 loris
2730 1427 3038 1497 operatione
3065 1440 3300 1498 generat.
3337 1427 3476 1495 Quid
3505 1440 3696 1483 autem

2102 1522 2357 1589 generat-'1
2386 1521 2524 1588 quod
2558 1520 2655 1574 fuit
2682 1520 2844 1576 intus.
2884 1520 2985 1575 Sed
3014 1521 3137 1590 quid
3168 1520 3264 1574 fuit
3284 1521 3429 1575 intus
3459 1520 3510 1573 in
3540 1521 3696 1573 Deo?

2103 1610 2233 1664 nihil
2259 1611 2400 1665 aliud
2424 1630 2577 1681 quant
2607 1609 2678 1678 ὂνς
2705 1630 2886 1668 verum
2912 1613 3105 1684 quippe
3132 1617 3187 1671 τὸ
3204 1613 3291 1670 ὄνε
3317 1615 3486 1684 magis
3508 1626 3694 1669 autem

2105 796 2187 841 est
2234 799 2285 842 et
2334 796 2422 844 τοῦ
2474 787 2611 849 ὄντος

423 1715 550 1755 vere
579 1718 681 1755 non
710 1714 852 1769 sunt,
885 1720 1054 1774 neque
1083 1723 1199 1775 qum
1235 1722 1337 1761 non
1368 1709 1534 1761 sunt?
1563 1708 1665 1763 Ista
1696 1708 1836 1762 enim
1863 1725 1991 1776 pra:-

2116 1703 2269 1778 τρὸον,
2294 1702 2432 1771 quod
2475 1714 2552 1757 est
2606 1706 2836 1780 ὑπεράνω
2889 1712 2975 1759 τοῦ
3026 1710 3216 1767 παντὸς
3265 1704 3406 1767 ὄντος
3450 1721 3691 1775 :gcttus,

420 1801 520 1846 stat
586 1795 722 1848 Deus
768 1806 824 1850 ut
861 1813 1041 1862 causa,
1094 1798 1208 1852 istis
1251 1800 1515 1854 omnibus.
1568 1801 1762 1854 Eorum
1817 1812 1990 1854 autent

419 1898 537 1953 qua:
565 1902 687 1940 vere
728 1904 830 1940 non
876 1899 1019 1954 sunt,
1058 1890 1219 1943 Deum
1259 1907 1399 1957 esse,
1435 1891 1580 1945 nefas
1607 1903 1685 1945 est
1713 1892 1990 1961 suslticari.

417 1977 729 2033 Necessario
758 1980 898 2034 enim
937 1983 1097 2036 Deum
1144 2000 1235 2051 per
1283 1983 1644 2050 przelatiouem
1676 1996 1725 2039 el
1754 1985 1993 2039 eminen-

420 2068 544 2123 tiam
570 2078 667 2126 τῶν
692 2068 845 2127 ὄντων
891 2073 1117 2127 dicimus
1140 2115 1154 2140 ,
1198 2090 1352 2143 supra
1385 2092 1595 2130 onlnem
1625 2076 1958 2130 esis-tentiam
1978 2118 1991 2142 ,

417 2174 572 2228 Supra
618 2176 827 2215 omnem
864 2162 1022 2217 vitam
1049 2207 1062 2230 ,
1098 2180 1255 2235 supra
1288 2182 1499 2219 omnem
1542 2168 1992 2236 cognoscentium,

417 2265 574 2319 super
605 2268 761 2307 omne
810 2251 883 2317 ὂν,
916 2265 967 2307 ct
1012 2257 1210 2310 πάντων
1262 2253 1413 2311 ὄντων
1457 2254 1571 2311 ὄντα
1605 2256 1831 2325 :quippc
1860 2256 1998 2308 inin-

421 2343 713 2411 telligibile,
744 2344 1028 2407 inlinitnm,
1050 2346 1335 2409 invisibile,
1362 2346 1785 2407 sineintellecut,
1817 2346 1998 2400 insub-

420 2435 685 2501 stantiale,
715 2436 1133 2505 incognosribile
1166 2456 1178 2490 ε
1222 2440 1437 2507 etquod
1464 2454 1585 2493 cum
1614 2452 1773 2507 super
1797 2438 1995 2501 omnia,

422 2528 549 2581 nihil
585 2538 759 2585 tamen
810 2530 879 2584 de
908 2530 972 2586 iis
1027 2547 1144 2599 qua:
1194 2540 1318 2586 sunt
1372 2549 1386 2585 :
1439 2541 1492 2586 et
1548 2532 1793 2601 quoniam
1841 2548 1999 2601 supra

420 2636 538 2687 qua:
585 2630 707 2675 sunt
732 2662 746 2686 ,
799 2621 927 2675 niltil
958 2623 1023 2677 de
1054 2621 1136 2677 his
1179 2640 1297 2695 qua:
1326 2634 1448 2677 sunt
1484 2642 1496 2678 :
1527 2623 1677 2695 μὴὂν
1706 2640 1833 2695 ergo
1865 2625 2002 2680 Deus

421 2718 529 2765 est.

492 2800 631 2854 XIV.
658 2800 792 2867 Quid
821 2812 997 2856 autem
1044 2802 1183 2857 istud
1214 2806 1270 2859 τὸ
1295 2811 1363 2874 μὴ
1394 2802 1467 2869 ὃν,
1516 2820 1674 2873 super
1716 2808 1773 2861 τὸ
1798 2800 1848 2858 ὃν
1887 2803 2003 2859 est?

420 2894 558 2960 qttod
607 2893 933 2961 intelligatur
990 2905 1045 2949 ut
1097 2894 1168 2959 ὃν,
1216 2912 1385 2965 neque
1438 2905 1493 2949 ut
1530 2902 1598 2967 μή
1648 2892 1697 2949 ὃν
1738 2896 2002 2949 omnino:

419 2986 511 3039 sed
557 2995 613 3039 ut
660 2986 711 3039 iu
766 2984 1098 3055 ignoratione
1155 2987 1516 3057 intelligibile,
1569 2986 1816 3057 quoniam
1847 2984 1917 3052 ὃν,
1949 2996 2005 3040 et

2103 1800 2335 1868 inquam,
2392 1798 2529 1866 quod
2576 1806 2658 1851 est
2710 1814 2805 1851 ens
2860 1814 3019 1867 super
3062 1800 3199 1853 entis
3258 1799 3435 1861 entia,
3472 1798 3523 1853 ὃν
3576 1800 3693 1867 jam

2096 1899 2347 1957 operante
2377 1888 2627 1957 potentia.
2657 1886 2753 1942 ilic
2781 1901 2855 1943 (‘Si
2892 1888 3044 1943 Jesus
3072 1888 3335 1943 Christus.
3374 1888 3513 1942 Dixit
3539 1889 3689 1941 enim

2096 1981 2208 2050 ipse
2235 1999 2248 2035 :
2280 1981 2339 2035 Si
2387 1982 2780 2049 interrogaverit,
2835 1980 2971 2046 Quis'
3003 1990 3047 2032 te
3102 1982 3276 2034 misit?
3313 1982 3467 2033 dicito
3494 2022 3508 2042 ,
3551 1981 3576 2033 ὁ
3618 1980 3688 2033 ὧν

2098 2073 2289 2145 (Exod.
2308 2089 2387 2134 ιιι,
2408 2070 2517 2141 Μ).
2540 2073 2719 2127 Solmn
2737 2072 2875 2125 enim
2893 2071 3018 2125 illud
3034 2070 3084 2125 ὃν
3106 2087 3315 2141 semper
3336 2069 3411 2135 ὃν,
3437 2071 3463 2125 ὁ
3489 2071 3553 2125 ὡν
3573 2080 3686 2124 est.

2170 2166 2281 2220 XV.
2314 2165 2477 2219 Filius
2519 2181 2644 2235 ergo
2690 2164 2843 2219 Jesus
2889 2163 3127 2218 Christus
3172 2166 3237 2218 τὰ
3286 2160 3576 2235 μέν”“ὄντα,
3631 2170 3691 2215 et

2100 2259 2247 2312 solus
2277 2267 2430 2310 natus
2457 2257 2594 2310 illius
2624 2273 2637 2307 :
2669 2255 2788 2324 quia
2815 2254 2903 2307 ille
2942 2256 3105 2329 πρόων
3160 2253 3289 2307 nihil
3332 2252 3477 2305 aliud
3504 2252 3688 2321 genuit

2099 2364 2255 2417 quam
2299 2344 2350 2401 ὂν
2406 2357 2529 2401 ante
2571 2344 2746 2399 omnia
2796 2356 2846 2398 et
2892 2344 3211 2398 onmimodis
3262 2343 3557 2411 perfectum
3595 2340 3683 2406 ὃνς

2099 2440 2237 2509 quod
2302 2454 2404 2492 non
2477 2447 2649 2506 potest
2695 2451 2814 2490 esse
2863 2451 2979 2489 cum
3036 2436 3242 2495 altero,
3297 2444 3350 2488 et
3424 2432 3675 2503 quoniam

2099 2532 2238 2600 quod
2283 2528 2601 2583 omnimodis
2649 2528 2935 2598 perfectum
2986 2538 3101 2590 est,
3150 2526 3321 2579 altero
3372 2540 3480 2579 non
3532 2535 3674 2593 eget.

2101 2620 2412 2676 Univeraale
2439 2618 2577 2673 enim
2609 2614 2691 2681 ὃν,
2726 2628 2776 2672 et
2808 2618 2974 2671 solum
3022 2613 3094 2683 ὄν,
3131 2626 3183 2671 et
3222 2633 3383 2668 unum
3431 2624 3486 2669 et
3523 2629 3685 2682 super

2102 2732 2268 2786 genus
2297 2714 2544 2785 generale
2582 2708 2644 2776 ὃν,
2696 2727 2855 2764 unum
2904 2720 2986 2764 est
3027 2720 3081 2764 et
3119 2712 3288 2762 solum
3318 2704 3391 2762 ὃν.
3422 2706 3683 2775 Quoniam

2104 2825 2229 2861 vero
2257 2806 2394 2860 istud
2426 2802 2495 2870 ὃν,
2541 2820 2644 2858 non
2671 2803 2797 2857 illud
2825 2800 2875 2855 ὂν
2904 2814 2983 2857 est
3011 2803 3147 2870 quod
3178 2802 3470 2870 perfectam
3501 2813 3684 2871 poteti—

2107 2897 2230 2949 tiam
2286 2896 2459 2957 habet,
2495 2893 2724 2963 potentia
2758 2905 2938 2946 natum
2966 2902 3044 2946 est
3093 2890 3221 2946 illud
3275 2890 3345 2957 ὃν,
3401 2904 3527 2947 ante
3576 2906 3687 2945 omo

2108 2987 2190 3040 nia
2224 3001 2339 3055 qua)
2373 3002 2493 3039 vere
2522 2996 2663 3046 sunt,
2708 2995 2761 3039 et
2788 2999 2905 3053 qua?
2949 2993 3070 3037 sunt
3113 2987 3317 3058 ἀρχαῖα
3348 2980 3484 3047 ὄντα,
3518 2983 3599 3057 ἀφ’
3624 2981 3687 3036 ὧν

418 3075 669 3145 quoniam
701 3083 767 3149 μὴ
797 3073 883 3139 ὂνς
932 3077 1071 3144 quod
1103 3077 1214 3130 sola
1247 3093 1339 3130 sua
1373 3078 1623 3145 putentia,
1654 3079 1710 3133 τὸ
1743 3073 1792 3131 ὃν
1815 3077 1866 3130 iu
1893 3092 1973 3129 tua

2116 3083 2270 3136 πάντα
2306 3083 2420 3135 εἰσί.
2454 3078 2570 3148 Ipse
2594 3090 2676 3139 est
2698 3122 2710 3140 .
2744 3079 2977 3148 inquam,
3007 3094 3034 3131 ει
3068 3095 3171 3147 quo
3212 3087 3339 3133 sunt.
3368 3078 3547 3130 omnia
3574 3090 3688 3146 qua:

418 3171 815 3227 nifcstationem
867 3172 1086 3226 adduxit
1130 3182 1181 3225 et
1230 3171 1430 3242 genuit.
1485 3172 1579 3225 Est
1622 3182 1794 3226 autem
1836 3172 2002 3243 λόγος,

416 3260 557 3316 ἰμιυιι
613 3261 689 3316 sic
761 3277 819 3315 se
875 3262 1089 3315 habere.
1160 3261 1294 3327 Quid
1349 3276 1475 3315 vero
1525 3262 1663 3315 Deus
1714 3262 1802 3329 qui
1850 3277 2004 3330 supra

418 3350 468 3408 ὂν
495 3363 595 3417 est,
620 3356 686 3406 ab
712 3368 775 3405 eo
806 3353 944 3422 quod
994 3352 1108 3421 ipse
1140 3363 1238 3417 est,
1269 3352 1407 3405 sicut
1453 3352 1566 3422 ipse
1596 3363 1706 3417 est,
1736 3351 1852 3408 ὄντα
1883 3368 2007 3421 pro-

418 3442 611 3497 duxit?
660 3444 735 3496 An
774 3444 839 3497 ah
882 3443 1023 3496 alio?
1064 3459 1129 3496 an
1172 3460 1199 3497 a
1243 3444 1431 3497 nullo?
1473 3444 1552 3498 Ab
1599 3444 1744 3498 alio?
1772 3445 1872 3498 Sed
1905 3460 2009 3512 quo

417 3538 555 3590 alio?
584 3537 720 3591 Nihil
749 3538 891 3591 enim
921 3547 1045 3592 ante
1070 3538 1233 3591 Demn
1266 3535 1385 3591 fuit.
1413 3536 1515 3592 Sed
1545 3553 1715 3605 neque
1744 3552 1807 3590 ex
1836 3538 2005 3590 altero

417 3638 473 3683 ut
500 3631 627 3690 Deo,
652 3630 900 3698 quoniam
942 3628 1073 3683 nihil
1121 3627 1170 3681 ei
1214 3644 1326 3698 par.
1384 3630 1426 3683 Ᾱ
1482 3629 1665 3682 nullo?
1718 3628 1820 3682 Sed
1873 3645 2004 3697 quo-

418 3719 611 3773 modo?
638 3720 691 3774 Si
722 3720 862 3772 enim
894 3721 957 3773 τὸ·
972 3714 1021 3772 ὃν
1055 3719 1321 3787 produxit,
1351 3734 1533 3772 verum
1565 3727 1647 3772 est
1667 3718 1846 3772 dicere
1875 3735 2004 3787 quo-

418 3808 556 3864 niam
587 3826 615 3864 a
646 3808 933 3879 semetipso
976 3808 1066 3879 qui
1104 3823 1269 3881 super
1294 3812 1352 3864 τὸ
1379 3803 1429 3863 ὂν
1461 3818 1562 3876 est,
1590 3810 1647 3863 τὸ
1690 3806 1741 3861 ὃν
1780 3824 2001 3878 genera-

2109 3184 2248 3237 snnt,
2282 3182 2333 3225 et
2365 3188 2460 3241 per
2500 3187 2678 3241 quem,
2720 3172 2855 3225 etin
2894 3187 3017 3239 quo.
3069 3169 3235 3238 Hujus
3263 3170 3431 3239 gratia
3474 3167 3526 3223 ὂν
3553 3166 3688 3237 quod

2109 3262 2417 3332 Operatione
2440 3272 2540 3326 est,
2575 3260 2747 3330 imago
2773 3271 2853 3315 est
2877 3260 3016 3313 illius
3035 3267 3120 3314 τοῦ
3149 3257 3307 3319 ὄντος.
3334 3258 3476 3330 quod
3508 3269 3688 3327 poten-

2111 3354 2179 3407 tia
2222 3365 2322 3417 est,
2355 3354 2644 3407 secundum
2674 3353 2873 3406 nullum
2908 3368 3247 3423 progressum
3276 3366 3491 3420 semper
3530 3349 3582 3403 in
3603 3363 3687 3405 se-

2120 3445 2346 3514 metipso
2376 3460 2613 3499 manens.

2196 3537 2330 3592 XVI.
2374 3538 2508 3603 Quid
2538 3536 2765 3592 deinde?
2803 3534 3032 3588 Dicimus
3058 3533 3237 3589 Jesunt
3264 3536 3321 3589 τὸ
3350 3530 3402 3586 ὃν
3429 3533 3681 3602 primum,

2107 3641 2227 3682 ante
2259 3632 2435 3684 otnnia
2476 3625 2527 3682 ὂν
2555 3671 2568 3696 ,
2619 3644 2711 3697 per
2739 3643 2892 3697 quem
2924 3626 3098 3679 omnia
3130 3641 3249 3696 quae.
3285 3635 3428 3679 sunt.
3464 3624 3575 3678 lloc
3606 3636 3685 3678 est

2107 3721 2245 3775 enim
2276 3736 2469 3774 nomen
2509 3735 2668 3787 super
2713 3733 2870 3772 omne
2908 3734 3102 3771 nomen
3134 3736 3147 3770 :
3184 3717 3502 3786 principium
3544 3716 3681 3770 enim

2108 3810 2380 3864 nominum
2411 3811 2468 3863 τὸ
2497 3811 2548 3863 ὃν
2574 3850 2589 3875 ,
2619 3816 2673 3863 et
2712 3808 3027 3877 principium
3057 3808 3474 3863 substantiarum
3500 3847 3515 3872 ,
3548 3806 3680 3860 sicut

1758 3962 2113 4025 VARIORUM
2153 3964 2375 4020 NOTZE.

420 4171 450 4224 d
487 4100 988 4157 Xll.-—Assimilata.
1018 4102 1276 4159 Simulata
1312 4101 1508 4158 Mabill.
1542 4102 1810 4167 mendose,
1834 4114 1889 4157 tit
1913 4104 1987 4158 νὶ-

458 4184 592 4224 etur.

458 4184 592 4226 etur.

490 4242 553 4294 Et
582 4262 678 4297 non
705 4247 819 4315 ipsa
840 4246 984 4299 illum
1014 4262 1190 4299 unum.
1247 4244 1542 4308 Mabillon.,
1593 4260 1690 4297 non
1742 4244 1872 4298 illud
1916 4246 1993 4313 ip-

418 4327 524 4363 sunt
546 4331 609 4367 ιωι
618 4332 698 4367 ιωη
707 4356 719 4370 ο

493 4381 571 4455 Ea:
620 4388 796 4455 quibus
843 4387 942 4439 duo
972 4415 1043 4425 -—
1071 4388 1161 4439 alii
1201 4402 1331 4439 vero.
1394 4384 1543 4438 llune
1585 4385 1757 4438 locum
1810 4385 1878 4438 ita
1930 4400 1992 4439 ex

371 4490 373 4492 -
419 4450 683 4508 Mahillon.
715 4456 1040 4516 reliuximus,
1064 4458 1149 4522 qui
1180 4457 1317 4508 male
1344 4470 1400 4508 se
1431 4456 1586 4507 habet
1617 4457 1665 4507 in
1697 4455 1993 4509 Orthodox.

2171 4106 2318 4170 Quod
2341 4107 2490 4172 enim,
2510 4116 2613 4161 etc.
2633 4105 2902 4177 Mabillon.
2938 4105 3073 4170 Quid
3097 4107 3231 4177 enim
3256 4123 3412 4176 sttpra
3442 4104 3493 4162 ὃν
3523 4110 3679 4177 primo

2097 4177 2255 4244 (sic)
2313 4178 2420 4231 est?
2470 4178 2813 4231 absconditum
2857 4174 2908 4232 ὃν
2950 4188 3041 4230 est.
3091 4176 3217 4231 Mox
3262 4174 3325 4230 ini
3369 4174 3683 4247 generatione

2100 4256 2192 4299 est.

2168 4314 2335 4369 Causa
2363 4325 2433 4369 est
2483 4327 2527 4369 et
2570 4323 2659 4371 τοῦ
2711 4313 2868 4382 ὄντος,
2922 4326 3024 4369 etc.
3096 4316 3221 4369 Ileie
3256 4318 3530 4374 Mahillon.
3577 4324 3681 4374 lec-

2101 4385 2295 4439 tionem
2349 4386 2729 4455 expressimus.
2788 4387 3077 4440 Orthodox.
3126 4390 3339 4440 ottIiSsis
3388 4406 3543 4442 causa
3589 4401 3680 4455 est,

2103 4458 2225 4527 sic;
2258 4468 2300 4509 et
2335 4463 2425 4512 τοῦ
2458 4454 2616 4517 ὄντος.
2658 4456 2719 4509 lu
2766 4458 3078 4527 generatione
3115 4458 3301 4525 quippe
3330 4474 3485 4511 :cum
3536 4475 3684 4527 super

488 4522 646 4600 Juxta
672 4526 812 4579 alter.
846 4515 1039 4578 Mabill.
1065 4515 1214 4600 juxta
1240 4528 1304 4577 ad
1328 4525 1467 4576 aliud
1497 4537 1747 4589 naturam,
1776 4536 1817 4577 et
1846 4528 1999 4600 ⁸Ῑιιᾳεία
2029 4515 2075 4572 Ῐ)
2103 4528 2158 4580 τὸ
2182 4521 2231 4579 ὃν
2258 4529 2343 4592 sit,
2371 4515 2585 4593 vicinus,
2622 4544 2735 4580 cuin
2762 4515 2823 4581 ἷξε
2852 4536 2922 4600 τῷ
2947 4524 3069 4590 ὄντι,
3101 4515 3146 4581 ei
3177 4515 3319 4595 pater
3358 4532 3471 4598 ejus
3502 4541 3546 4584 et
3597 4515 3684 4600 ᾖε-

417 4596 551 4660 quod
584 4601 807 4649 nomium
846 4606 952 4659 est;
992 4598 1127 4667 quod
1166 4607 1236 4650 est
1266 4599 1538 4666 potentiam
1569 4611 1699 4658 esse,
1751 4612 1848 4646 non
1890 4597 2003 4661 jam

417 4667 660 4718 actionem
683 4684 806 4720 esse.

493 4735 771 4790 XIIL—El
788 4738 988 4791 πάντων
1000 4734 1149 4791 ὄντων
1172 4734 1307 4792 ὄντα.
1334 4734 1603 4789 Mahil‘ion.
1623 4744 1667 4787 et
1690 4732 1828 4794 ὄντος
1846 4734 2004 4803 (forte

417 4805 595 4875 ὅντως)
625 4806 763 4862 ὄντα.
795 4810 911 4860 Mox
944 4808 1135 4860 ibidem
1164 4850 1176 4871 ,
1208 4810 1314 4859 sine
1340 4806 1669 4857 intellectuali
1698 4834 1768 4843 —
1794 4817 1836 4856 et
1867 4806 2002 4873 quod

417 4894 570 4944 super
595 4882 760 4931 omnia
786 4919 799 4944 ,
830 4878 957 4929 nihil
981 4878 1041 4930 de
1068 4880 1143 4931 Itis
1189 4892 1303 4947 qua:
1341 4886 1478 4929 sunt.
1532 4877 1702 4929 Minus
1734 4886 1914 4941 recte,
1951 4884 2005 4927 tit

433 4948 657 5002 videtur.

492 5018 553 5071 Iit
578 5022 813 5086 quoniam
838 5036 994 5087 supra
1014 5034 1125 5087 qua:
1166 5029 1299 5071 sunt.
1342 5016 1432 5069 Sic
1466 5014 1660 5069 Mabill.
1704 5016 1774 5069 At
1815 5016 2008 5069 Ortho-

419 5087 544 5141 dox.
588 5093 824 5158 quoniam
856 5100 924 5143 est
953 5106 1109 5157 supra
1136 5105 1246 5157 qua:
1275 5097 1410 5141 sunt.

494 5155 1050 5230 XIV-.-—ltttelligutur.
1070 5155 1338 5211 Ma'billon.
1352 5200 1364 5224 ,
1388 5174 1489 5210 non
1520 5155 1853 5227 intelligatur.
1871 5156 2008 5209 For-

421 5238 559 5283 tasse
591 5232 784 5285 rectius
814 5248 877 5285 ex
909 5246 1059 5299 seqq.

493 5300 625 5363 Quid
662 5318 774 5355 vero
804 5300 939 5354 Deus
976 5296 1058 5368 qui
1085 5329 1154 5337 —
1189 5296 1309 5353 ὄντα
1354 5296 1631 5365 produxit?
1679 5296 1875 5368 MobilI.
1930 5296 2005 5351 sic

423 5370 743 5441 interpungit
796 5390 808 5426 :
870 5364 1001 5435 Quid
1055 5386 1171 5423 vero
1244 5364 1421 5429 Deus?
1478 5369 1561 5437 qui
1613 5396 1682 5406 —
1731 5364 1849 5422 ὄντα
1891 5384 2007 5435 pro-

426 5441 589 5496 duxit.
774 5447 782 5454 '

494 5512 535 5563 A
577 5513 756 5567 nullo?
798 5513 886 5565 sed
924 5508 1214 5576 quomodo?
1245 5508 1514 5578 Mabillon.
1559 5506 1602 5560 Α
1640 5507 1780 5559 nullo
1830 5508 2003 5578 igitur.

425 5580 488 5631 Et
516 5586 763 5650 quomodo
792 5581 894 5635 Deo
910 5574 1109 5635 ?'Paulo
1146 5590 1284 5649 post,
1309 5580 1365 5633 τὸ
1380 5574 1430 5632 ὃν
1444 5579 1695 5648 generauit
1708 5574 2007 5647 quamquam

426 5650 487 5702 de
519 5652 695 5707 nihilo.
727 5654 1032 5721 Perperant.

2110 4607 2260 4648 tutor.

2178 4666 2243 4718 Et
2274 4669 2590 4735 generatione
2612 4697 2678 4707 —
2704 4668 2944 4736 polentia.
2977 4667 3048 4720 lla
3081 4668 3275 4722 Mabill.
3299 4672 3359 4720 At
3392 4669 3679 4724 Orthodnx.

2108 4746 2152 4790 et
2180 4740 2497 4811 generatione
2534 4739 2755 4811 prouenit
2786 4741 2837 4789 in
2871 4738 3318 4811 manifestatioucm
3346 4736 3418 4806 ὃν,
3475 4752 3521 4794 et
3569 4756 3686 4811 ope-

2108 4810 2301 4877 ratione
2325 4809 2456 4875 quod
2479 4811 2589 4876 jam
2615 4809 2709 4874 fuit
2734 4826 2761 4859 a
2791 4810 3027 4877 potentia.

2180 4874 2411 4947 "mjam.
2447 4874 2739 4947 Urlhndox.
2768 4874 2944 4945 {quod
2963 4880 3074 4947 jam
3108 4895 3125 4930 :
3152 4878 3297 4931 nullo
3323 4894 3510 4932 Sensu.

2182 4945 2441 5001 Χνῖ-Τά
2460 4951 2547 5019 μὲν
2562 4945 2696 5004 ὄντα.
2715 4951 2802 5002 Sic
2818 4945 3106 5019 υΙἹΙιιίιΙρκ.
3140 4964 3253 5017 pag.
3280 4947 3407 5016 464,
3441 4951 3532 5003 litt.
3565 4950 3680 5015 ttit.,

2113 5019 2193 5071 tibi
2229 5015 2504 5090 legetulttiti
2538 5020 2743 5073 Vliieltll‘
2773 5025 2860 5072 τοῦ
2887 5021 2974 5090 μὲν
3014 5015 3173 5078 ὄντος.
3211 5015 3332 5072 ῙΙῑιιε
3362 5015 3540 5073 antem
3585 5036 3684 5073 non

2112 5086 2349 5155 agnoscit
2375 5087 2642 5140 Maltillon.
2676 5090 2804 5154 Qua:
2829 5086 2953 5141 vero
2975 5091 3150 5141 statim
3184 5102 3501 5156 sequuntur,
3529 5099 3577 5143 et
3609 5106 3686 5143 so-

2116 5159 2193 5210 lus
2224 5167 2367 5209 natus
2409 5158 2546 5222 [ilius
2594 5160 2790 5213 habent
2833 5160 3014 5211 eadem
3050 5157 3347 5213 Orthodox.
3396 5176 3516 5227 pag.
3551 5161 3682 5223 465,

2114 5230 2252 5281 circa
2296 5230 2434 5281 med.
2480 5230 2717 5296 pluribus
2764 5232 3062 5296 importune
3126 5228 3441 5296 interjectis.
3485 5230 3684 5284 Videsis

2114 5301 2386 5351 observata
2420 5300 2661 5365 superius
2683 5299 2745 5351 ad
2791 5297 2817 5367 ᾗ
2851 5300 2928 5351 ιι.
2962 5300 3222 5353 Cteterum
3254 5303 3433 5353 omnia
3472 5301 3572 5355 rite
3602 5301 3682 5353 in-

2117 5378 2414 5421 tercurrunt
2442 5370 2578 5435 apud
2606 5369 2875 5428 Mahillou.
2906 5384 3021 5436 pag.
3054 5367 3143 5433 :34,
3174 5370 3274 5422 sub
3303 5372 3392 5421 liti.

2138 5437 2310 5562 Ιιιῒιηιεε
2355 5440 2609 5491 omuia—
2654 5435 2929 5509 perfectum
2980 5435 3051 5491 ὅν.
3100 5440 3221 5492 llaec
3263 5439 3460 5493 desunt
3490 5440 3542 5493 itt
3587 5438 3682 5493 Or-

2156 5523 2205 5560 to
2246 5522 2331 5559 0x.

2116 5519 2331 5561 lIIOUOX.

2188 5576 2419 5629 Potentia
2473 5588 2645 5629 natum
2696 5588 2765 5631 est
2817 5577 2953 5632 istud
2994 5574 3066 5633 ὄν.
3123 5578 3247 5633 llaec
3276 5579 3509 5636 vicissim
3549 5576 3682 5635 desi-

2122 5647 2375 5701 derantur
2405 5646 2541 5715 apud
2563 5646 2830 5702 Mabillon.
