3920 6218
149 266 305 323 1039

1056 269 1260 328 LIBER
1299 272 1386 328 DE
1423 266 1914 327 GENERATIONE
1954 270 2153 327 VERBI
2195 272 2418 330 DIVINI.

3312 271 3447 328 i030

149 381 485 453 frequenter
525 390 580 440 et
643 386 697 440 in
759 385 942 440 muttis
985 384 1268 442 declaravi.
1329 387 1527 442 Rursus
1582 383 2078 453 JesumAgenitus
2115 396 2196 442 est
2262 389 2425 460 λόγος,
2486 402 2606 442 cum
2653 386 2792 442 Deus
2829 386 2949 459 ipse
2989 386 3134 459 λόγος
3189 385 3294 453 sit,
3350 386 3445 440 sed

148 475 448 534 Christum
476 483 534 536 τό
561 478 612 536 όν
642 482 952 537 naturaliter
979 483 1118 536 circa
1150 483 1313 536 Deum
1341 496 1484 547 esse,
1513 491 1565 535 et
1596 480 1763 548 magis

151 579 214 624 ct
251 572 309 625 in
344 572 606 642 principio
626 573 792 647 λόγον,
824 582 880 628 ει
909 573 1080 644 ipsum
1109 574 1266 628 istum
1291 574 1430 648 λόγον
1456 575 1618 627 Detnn
1644 587 1763 626 csse

149 663 425 720 dicimus.
508 667 707 722 Deinde
767 676 874 721 tres
938 682 1031 737 per
1100 665 1408 743 κιρουχίδια
1464 664 1760 730 Joannem,

151 757 412 818 αἰωνίους
438 773 555 826 qua:
579 759 940 812 conﬁtentur:
975 768 1026 812 et
1056 757 1283 811 (licinius
1324 760 1422 810 hoc
1461 756 1529 810 ita
1566 770 1625 810 se
1667 754 1760 808 ba-

157 846 329 902 lierc.
363 849 570 903 Dictum
600 859 683 904 est
710 849 852 904 enim
893 849 1032 917 quod
1065 850 1112 902 in
1164 848 1423 918 principio
1470 850 1537 901 sit
1585 848 1763 920 λόγος,

157 949 220 993 cl.
271 951 337 994 ut
380 952 435 995 tu
481 942 614 996 dicis
642 983 654 1006 ,
703 958 806 995 non
857 951 940 996 est
982 942 1297 1011 principium
1333 941 1470 1010 quod
1517 942 1768 1008 przcccdit

158 1034 330 1088 aliud
364 1034 679 1104 principium
712 1051 723 1086 :
753 1035 869 1089 sine
891 1034 1154 1104 principio
1179 1035 1321 1086 enim
1354 1033 1688 1102 principium,
1721 1032 1766 1085 si

158 1125 405 1195 quidem
429 1135 483 1181 et
509 1136 591 1181 est
616 1125 811 1180 dicitur
841 1125 1184 1196 principium.
1222 1124 1322 1192 Qui
1355 1122 1512 1193 igitur
1542 1123 1593 1177 in
1618 1124 1767 1192 prin-

165 1219 330 1286 cipio
362 1217 496 1284 fuit,
550 1233 615 1274 ex
661 1220 834 1278 αἰῶνος
860 1227 976 1283 εει,
1030 1217 1143 1272 sive
1185 1216 1238 1270 in
1305 1215 1416 1271 Deo
1474 1216 1584 1270 sive
1627 1215 1767 1270 circa

166 1309 356 1364 Deum
386 1307 558 1382 (Joan.
590 1324 630 1374 ι,
680 1311 755 1379 1).
813 1310 942 1365 Erat
999 1309 1139 1365 enim
1188 1307 1325 1364 circa
1377 1309 1542 1363 Deum
1589 1309 1765 1382 λόγος,

167 1411 230 1457 ει
279 1403 342 1456 in
385 1403 662 1472 principio.
711 1402 853 1473 Ergo
895 1418 1108 1470 semper
1149 1401 1260 1457 fuit.
1306 1402 1360 1458 Si
1400 1417 1613 1471 semper
1642 1401 1768 1465 fuit,

171 1509 413 1549 necesse
440 1510 559 1549 cum
588 1504 670 1550 est
699 1509 821 1550 esse
847 1537 862 1560 ,
915 1509 1020 1549 non
1061 1509 1183 1549 cum
1227 1495 1289 1548 iis
1327 1509 1445 1563 qute
1477 1508 1581 1548 non
1611 1502 1734 1546 sunt
1755 1533 1770 1557 ,

172 1602 366 1657 neque
391 1588 584 1642 factum
614 1601 756 1643 esse.
793 1587 927 1642 Dicit
949 1587 1180 1641 Joannes
1215 1584 1378 1656 (Ibid.
1426 1583 1516 1655 18)
1563 1601 1574 1637 :
1606 1581 1774 1637 Deum

177 1695 338 1732 nemo
381 1679 505 1732 vidit
544 1695 804 1746 umquam.
855 1677 1060 1732 Rursus
1088 1675 1316 1747 (Ibid.):
1352 1675 1651 1746 Unigenitus
1677 1672 1774 1726 Dei

1865 476 2146 544 quiescens
2187 488 2239 532 et
2286 481 2455 533 silens
2503 480 2645 551 λόγος
2689 496 2702 532 :
2747 486 2804 532 ut
2847 478 3026 531 videas
3071 477 3443 532 necessitatem

1866 571 2217 636 Cognosccndi
2245 612 2259 635 ,
2311 589 2414 624 non
2465 573 2699 641 genitum
2739 586 2859 625 esse
2896 570 3038 642 λόγον
3067 570 3238 626 multo
3278 572 3446 641 magis

1871 675 2028 727 quam
2065 662 2234 729 ipsum
2261 662 2373 716 fieri
2402 678 2466 718 ex
2503 664 2565 717 iis
2596 679 2713 731 qua:
2748 678 2851 716 non
2875 674 3018 716 sunt.

1939 751 2122 807 XVIII.
2164 754 2300 822 Quid
2332 755 2526 809 deinde
2575 754 2950 824 cognoscentia
2991 755 3208 810 nostra?
3251 770 3437 824 quem-

1867 846 2151 900 admodum
2221 845 2427 901 fertur?
2485 847 2751 916 quoutodo
2795 857 3037 901 movetur
3076 847 3215 902 circa
3260 847 3441 918 λόγονῖ

1867 939 1982 994 Non
2015 940 2092 994 sic
2114 941 2254 1006 λόγον
2283 940 2457 1006 videt,
2485 941 2634 1009 quasi
2663 949 2752 993 aut
2781 951 2998 1008 propter
3035 938 3176 992 aliud
3207 949 3282 993 εει
3311 979 3324 1004 ,
3358 945 3450 992 aut

1868 1030 2087 1085 alterius
2118 1039 2201 1084 est
2220 1033 2370 1100 juxta
2401 1031 2540 1100 quod
2567 1039 2668 1085 est.
2694 1030 2771 1085 Ad
2803 1031 2906 1086 hoc
2932 1041 3047 1096 est,
3073 1040 3130 1084 ut
3163 1028 3304 1084 aliud
3332 1043 3453 1085 esse

1869 1122 2176 1186 constituat,
2210 1131 2262 1175 et
2291 1122 2510 1176 omnino
2537 1137 2638 1175 non
2668 1121 2843 1176 aliter.
2892 1121 3053 1176 Pater
3092 1137 3221 1191 ergo
3265 1129 3318 1176 et
3361 1134 3454 1190 ge-

1872 1223 2086 1269 nerator
2109 1215 2346 1269 omnium
2375 1216 2540 1286 λόγος,
2575 1230 2669 1284 per
2697 1230 2854 1284 quem
2883 1216 3058 1268 omnia
3087 1214 3275 1269 eIl'ecta
3307 1224 3450 1281 sunt,

1870 1317 1921 1360 et
1944 1307 2058 1360 sine
2081 1322 2186 1374 quo
2214 1306 2408 1362 factum
2441 1318 2528 1362 est
2556 1307 2706 1362 niltil.
2735 1306 2840 1363 Sed
2865 1309 3026 1362 αὐτοῦ
3055 1313 3147 1362 τοῦ
3174 1307 3324 1380 λόγου
3355 1321 3453 1374 po~

1873 1401 2131 1468 tentiam,
2191 1400 2336 1455 aliud
2377 1400 2737 1456 constituendi
2779 1411 2833 1456 et
2872 1399 3095 1455 faciendi
3128 1402 3454 1470 potentiam,

1871 1491 1950 1544 sic
1979 1506 2083 1545 non
2109 1502 2321 1560 Oportet
2353 1491 2652 1561 intelligere
2688 1500 2742 1545 et
2781 1490 2967 1544 audire
2994 1531 3008 1554 ,
3061 1491 3200 1544 sicut
3243 1491 3293 1544 in
3337 1504 3453 1543 om-

1875 1584 2019 1637 nium
2074 1597 2254 1637 causa.
2311 1581 2429 1651 Ipse
2480 1584 2620 1636 enim
2674 1584 2993 1636 constitutus
3049 1589 3131 1635 est
3180 1583 3337 1635 etiam
3407 1588 3461 1633 et

1875 1677 2029 1730 αὐτοῦ
2068 1680 2157 1729 τοῦ
2201 1674 2370 1748 λόγου.
2399 1673 2452 1728 Si
2480 1675 2620 1730 enim
2673 1674 2840 1743 prima
2871 1687 3028 1729 causa
3056 1714 3071 1738 ,
3123 1688 3226 1728 non
3280 1672 3453 1726 solum

180 1769 335 1837 ﬁlius
375 1771 461 1840 qui
501 1779 571 1824 est
606 1771 660 1823 in
704 1769 894 1841 gremio
939 1769 1130 1839 patris,
1161 1769 1270 1832 ipse
1297 1765 1568 1821 enarravit.
1603 1765 1772 1820 ltabe-
1805 1757 1852 1816 B
1879 1769 2102 1822 aliorum
2150 1769 2384 1821 omnium
2414 1783 2571 1822 causa
2598 1809 2612 1834 ,
2656 1767 2749 1822 sed
2798 1770 2877 1821 sui
2929 1767 3094 1836 ipsius
3147 1775 3232 1821 est
3279 1780 3458 1820 causa.

184 1876 318 1916 mus
360 1863 519 1932 igitur
576 1862 674 1916 ista
734 1861 957 1924 eadem,
1013 1859 1260 1930 quoniam
1331 1859 1488 1914 Jesus
1532 1857 1776 1914 Christus

185 1949 246 2005 ὃν
287 1961 391 2014 εει,
426 1955 674 2021 quoniam
697 1951 840 2024 λόγος
863 1960 964 2017 εει,
994 1952 1242 2021 quoniam
1275 1952 1326 2003 in
1360 1951 1616 2020 principio
1641 1949 1774 2014 fuit,

187 2044 454 2112 quoniam
483 2044 621 2096 circa
659 2042 822 2096 Deum
856 2041 950 2096 fuit
971 2082 986 2105 ,
1013 2042 1262 2110 quoniam
1292 2044 1342 2095 in
1375 2043 1579 2110 gremio
1607 2039 1704 2095 fuit
1726 2050 1779 2096 et

191 2145 302 2188 est.
337 2132 455 2201 ipsa
485 2133 660 2187 omnia
685 2147 862 2188 nonne
908 2132 1188 2186 manifeste
1224 2143 1277 2187 et
1307 2132 1534 2187 dilucide
1575 2132 1777 2202 signiti-

193 2235 348 2288 cant,
383 2224 551 2279 tilium
586 2225 675 2280 Dei
705 2239 824 2280 esse
853 2225 937 2278 cui
961 2225 1324 2279 attribuuntur
1347 2224 1465 2291 ista,
1500 2219 1553 2278 ὃν
1580 2234 1630 2278 ει
1661 2235 1781 2278 ante

195 2317 385 2372 Omnia
415 2314 504 2380 3v;
536 2317 577 2371 si
613 2327 758 2386 pater
783 2317 920 2372 Deus
944 2357 959 2382 ,
987 2328 1267 2386 antequam
1309 2327 1391 2370 est
1430 2313 1506 2381 ὃν,
1539 2330 1657 2370 εεεε
1687 2330 1780 2383 po-

200 2410 369 2463 tentia
400 2407 656 2477 accipitur
680 2409 846 2479 ipsius
871 2407 1010 2478 quod
1039 2405 1090 2461 ὃν
1109 2408 1229 2462 est?
1256 2407 1405 2473 Quod
1437 2406 1649 2476 quidem
1679 2402 1728 2460 όν
1754 2422 1782 2460 a

200 2516 300 2555 sua
335 2501 567 2569 petentia
603 2500 654 2555 in
677 2515 775 2553 suo
807 2507 956 2568 patre
984 2499 1252 2562 exsilivit;
1286 2499 1456 2567 ipsum
1493 2501 1552 2553 τό
1592 2494 1644 2552 όν
1674 2513 1784 2552 ma-

203 2592 604 2647 nil’estatiunem
649 2591 918 2662 accipiens
940 2632 955 2658 ,
999 2591 1139 2661 quod
1184 2589 1368 2646 fuisset
1397 2592 1660 2662 occultum
1693 2608 1704 2643 :
1734 2600 1787 2646 et

205 2687 309 2741 ista
333 2729 347 2752 ,
379 2686 554 2741 divina
585 2694 639 2740 et
661 2659 946 2742 ineliabilis
973 2659 1248 2754 generatio
1270 2693 1370 2739 εει.
1406 2659 1789 2738 Ειιετιῆἱιιειι-

205 2777 338 2832 dum
361 2777 522 2845 igitur
546 2776 736 2846 dogma
762 2787 972 2839 est,ex
1017 2777 1079 2830 iis
1128 2790 1246 2846 quae
1304 2791 1408 2830 non
1458 2782 1614 2840 sunt,
1670 2788 1789 2830 esse

206 2871 326 2923 sive
358 2867 618 2937 prodiisse
641 2866 846 2922 Jesum.

282 2962 444 3019 XVII.
489 2962 776 3018 Videamus
827 2975 1014 3016 rursus
1053 2959 1218 3015 aliud.
1269 2961 1429 3034 Λόγος
1483 2967 1565 3014 εει
1613 2958 1788 3014 Jesus.

207 3055 350 3122 Quid
394 3055 554 3126 igitur
594 3063 676 3110 est
716 3053 902 3126 λόγοςῖ
951 3053 1108 3118 Dico;
1161 3054 1412 3123 quoniam
1459 3060 1541 3105 est
1593 3053 1790 3120 patrica

1885 1861 2022 1914 licus
2050 1875 2177 1930 ergo
2205 1875 2233 1912 a
2265 1863 2552 1930 semetipso
2574 1901 2589 1926 ,
2642 1869 2697 1915 et
2754 1859 2892 1914 Deus
2947 1866 3048 1913 est.

1951 1950 2092 2006 XIX.
2136 1952 2242 2006 Sed
2273 1953 2522 2022 quoniam
2548 1965 2667 2006 esse
2696 1950 2799 2004 ltoc
2829 1952 3000 2019 ipsum
3027 1989 3040 2014 ,
3074 1946 3213 2017 quod
3243 1955 3326 2001 est
3352 1961 3465 2001 ino-

1884 2045 1997 2096 veri
2038 2053 2091 2096 ct
2139 2044 2469 2113 intelligere,
2516 2043 2623 2097 hoc
2655 2053 2738 2098 est
2763 2057 2952 2111 agere;
2988 2041 3213 2110 primum
3254 2049 3335 2093 est
3373 2053 3467 2107 po-

1887 2134 2049 2187 tentia
2072 2149 2086 2198 ;
2117 2143 2170 2188 et
2190 2137 2529 2189 conslitutiva
2547 2136 2801 2204 p0tentia,
2828 2135 3077 2204 primum,
3096 2134 3339 2204 inquam,
3356 2139 3455 2185 est.

1883 2223 2198 2278 Necessario
2239 2227 2395 2294 igitur
2439 2228 2609 2298 ipsum
2654 2243 2774 2282 esse
2816 2227 3088 2296 praecedit.
3139 2225 3281 2295 Ergo
3311 2235 3364 2279 et
3391 2226 3472 2278 in-

1887 2316 2126 2385 telligcre
2153 2324 2206 2370 et
2234 2316 2438 2370 moveri
2469 2326 2522 2371 et
2549 2332 2707 2388 agere
2737 2317 2803 2372 ab
2824 2331 2888 2370 eo
2916 2326 3019 2382 est,
3044 2316 3185 2385 quod
3210 2326 3292 2369 est
3322 2329 3460 2369 esse.

1888 2408 1984 2462 Est
2029 2419 2203 2464 autem
2255 2410 2547 2464 secundum
2593 2411 2733 2480 quod
2776 2417 2858 2463 est
2887 2450 2901 2472 ,
2951 2411 3000 2462 in
3032 2416 3153 2462 actu
3180 2422 3338 2463 esse;
3370 2406 3472 2462 hoc

1887 2512 1970 2556 est
2010 2543 2023 2567 ,
2060 2504 2222 2557 tilium
2241 2518 2396 2568 esse;
2428 2513 2479 2558 et
2508 2503 2829 2574 magisistud
2853 2543 2868 2567 ,
2942 2518 3098 2570 quam
3130 2501 3257 2555 illud
3302 2501 3472 2570 ipsum

1891 2610 2008 2649 esse
2077 2596 2216 2663 quod
2278 2603 2361 2650 est
2417 2605 2568 2664 pater
2623 2617 2638 2660 ς
2694 2594 2832 2664 quod
2888 2604 2970 2649 est
3022 2608 3176 2657 esse,
3231 2592 3334 2647 hoc
3391 2601 3474 2646 est

1889 2703 2047 2757 agere
2073 2696 2124 2741 et
2152 2689 2383 2757 Operari.
2411 2688 2522 2742 Non
2547 2688 2686 2742 enim
2710 2687 2851 2741 aliud
2879 2687 2948 2741 ibi
2975 2701 3094 2740 esse
3116 2726 3129 2751 ,
3167 2683 3308 2739 aliud
3346 2699 3478 2754 ope-

1891 2779 2017 2831 rari.
2052 2777 2287 2846 Simplex
2319 2777 2460 2832 enim
2503 2778 2632 2832 illud
2677 2793 2838 2831 unum
2862 2818 2875 2842 ,
2905 2786 2958 2831 et
2988 2791 3148 2830 unum
3197 2783 3254 2830 et
3299 2773 3477 2829 solum

1895 2884 2128 2938 semper.
2162 2869 2217 2923 in
2251 2881 2398 2938 patre
2427 2870 2585 2939 igitur
2616 2870 2752 2923 Iilius
2774 2909 2789 2934 ,
2823 2880 2877 2923 et
2909 2870 2958 2922 in
2992 2868 3101 2921 tilio
3136 2878 3306 2938 pater.

1965 2959 2081 3014 XX.
2125 2961 2406 3026 Quomodo
2433 2962 2593 3030 igitur
2619 2960 2865 3014 eifectum
2889 2960 3014 3016 est?
3039 2958 3311 3030 quomodo
3335 2958 3477 3014 ﬁlius

1894 3062 1947 3108 et
1996 3063 2181 3122 pater,
2235 3052 2280 3106 si
2321 3053 2520 3107 simul?
2550 3052 2730 3123 Neque
2773 3053 2946 3107 stilum
2980 3053 3137 3107 simul
3167 3052 3355 3118 ambo,
3385 3053 3479 3107 sed

209 3144 456 3216 qumdam
501 3145 668 3199 activa
729 3153 995 3214 potestas,
1053 3154 1107 3199 et
1155 3158 1275 3213 quae
1352 3144 1569 3198 inunota
1606 3144 1704 3207 sit,
1737 3126 1860 3197 etC
1897 3162 2054 3200 tntum
2111 3155 2166 3200 et
2219 3146 2389 3200 solum
2442 3154 2496 3200 et
2545 3146 2791 3216 simplex.
2851 3145 2954 3201 Sed
3029 3148 3128 3200 hoc
3170 3162 3272 3200 non
3315 3161 3477 3214 opor-

210 3253 333 3308 quae
363 3251 420 3291 se
451 3237 618 3307 ipsam
649 3236 1014 3301 constituunt,
1050 3244 1104 3287 ut
1129 3235 1199 3287 sit
1227 3234 1277 3287 in
1303 3241 1443 3299 actu,
1475 3249 1578 3286 non
1606 3234 1656 3285 in
1692 3248 1786 3301 po-

211 3329 402 3383 tentia.
449 3327 505 3384 Si
550 3343 677 3398 ergo
725 3327 859 3382 istud
910 3328 985 3381 sic
1032 3334 1153 3391 est,
1203 3340 1368 3394 quare
1409 3325 1434 3380 ό
1477 3325 1620 3397 λόγος
1649 3323 1788 3378 circa

216 3421 382 3474 Deum
427 3421 578 3473 erat?
613 3419 927 3473 Necessario
955 3419 1093 3473 circa
1127 3417 1176 3471 id
1206 3418 1375 3487 ipsum
1397 3458 1412 3483 ,
1446 3427 1500 3470 ut
1525 3432 1616 3484 per
1640 3416 1791 3471 αὐτὸν

211 3512 358 3583 λόγον
382 3509 556 3564 omnia
586 3511 955 3580 gignerentur,
989 3520 1040 3564 et
1069 3508 1181 3563 sine
1215 3511 1328 3578 ipso
1351 3504 1503 3562 niliil.
1531 3508 1794 3576 Operatur

215 3618 346 3673 ergo
370 3603 509 3657 Deus
543 3617 635 3672 per
667 3602 811 3675 λόγον
833 3643 847 3669 ,
876 3611 929 3657 ει
958 3617 1171 3672 semper
1214 3610 1464 3670 operatur
1497 3602 1657 3673 λόγος.
1703 3600 1796 3654 Est

214 3710 345 3766 ergo
375 3696 544 3748 activa
577 3697 808 3764 potentia
841 3696 1058 3748 immota
1080 3733 1094 3760 ,
1140 3701 1194 3748 et
1219 3709 1337 3762 qu:e
1367 3707 1580 3760 semper
1605 3707 1794 3760 opere-

217 3798 304 3844 tur
331 3829 345 3852 ,
375 3796 427 3841 et
468 3803 584 3856 qua:
629 3787 954 3851 constituat,
1015 3793 1072 3839 ut
1127 3787 1196 3840 sit
1243 3785 1452 3840 actione
1497 3783 1636 3852 quod
1695 3783 1794 3838 fuit

219 3880 476 3950 potentia.
508 3879 669 3934 Istum
694 3895 823 3950 ergo
846 3879 1099 3945 dicimus,
1141 3879 1280 3949 quod
1311 3879 1363 3933 in
1390 3878 1650 3948 principio
1679 3877 1790 3931 fuit.

219 3972 274 4027 In
310 3972 568 4042 principio
595 3980 773 4026 autem
804 3986 946 4037 esse,
977 3987 1081 4025 nou
1111 3983 1423 4042 generatum
1446 3986 1565 4025 esse
1596 3969 1798 4041 signiﬁ-

218 4075 321 4119 cat.
369 4065 436 4118 Et
491 4080 617 4120 vere
673 4075 952 4134 propterea
999 4065 1136 4120 Deus
1182 4076 1263 4120 est
1311 4066 1494 4138 λόγος,
1544 4064 1794 4133 quoniam

218 4155 270 4210 in
306 4156 567 4228 principio
595 4156 692 4210 fuit
721 4156 858 4210 sicut
889 4155 1048 4223 Deus,
1085 4165 1138 4212 et
1163 4157 1303 4212 circa
1336 4156 1504 4210 Deum
1531 4154 1648 4210 fuit.
1680 4155 1796 4211 Non

1900 3248 1970 3291 tet
1997 3252 2258 3306 quwrere,
2319 3235 2514 3291 sul‘licit
2557 3238 2698 3290 enim
2739 3236 2978 3290 credere.
3015 3237 3258 3290 Dicamus
3285 3238 3479 3306 igitur,

1899 3344 2016 3382 cum
2065 3327 2144 3381 fas
2191 3339 2292 3383 est.
2345 3327 2583 3382 Primum
2642 3327 2980 3382 maniI‘eStum
3048 3337 3162 3394 est;
3231 3330 3481 3397 quoniam

1897 3421 2041 3494 λόγος
2082 3437 2254 3490 neque
2295 3421 2436 3475 aliud
2459 3464 2472 3485 ,
2509 3437 2679 3490 neque
2728 3421 2795 3476 ab
2827 3421 2931 3475 alio
2958 3463 2970 3486 ,
3001 3421 3094 3476 sed
3123 3420 3264 3475 circa
3295 3421 3477 3474 Deum.

1903 3513 2039 3567 Dicit
2094 3516 2234 3567 enim
2284 3514 2624 3583 Evangelium
2668 3529 2680 3564 :
2725 3513 2788 3566 In
2843 3514 3093 3582 principio
3149 3522 3259 3567 erat
3302 3513 3481 3585 λόγος,

1901 3614 1947 3655 et
1986 3604 2127 3676 λόγος
2167 3613 2272 3657 erat
2317 3605 2452 3656 circa
2483 3603 2643 3656 Deum
2676 3603 2850 3672 (Jonn.
2888 3620 2923 3666 ι,
2959 3603 3033 3674 1).
3071 3603 3271 3657 Rursus
3307 3603 3435 3658 dicit
3469 3620 3482 3658 :

1903 3693 2204 3764 Unigcnitns
2240 3694 2376 3762 ﬁlius
2416 3696 2500 3764 qui
2537 3705 2608 3748 cst
2640 3695 2691 3748 in
2739 3694 2928 3763 gremio
2966 3695 3123 3765 patris
3153 3693 3325 3765 (Ibid.
3361 3693 3482 3764 18).

1900 3786 2179 3854 Quomodo
2261 3789 2358 3840 iSta
2415 3786 2556 3840 dicta
2624 3794 2715 3839 aut
2784 3787 2984 3855 accipis
3045 3796 3134 3840 aut
3200 3785 3487 3854 intelligis?

1903 3879 2126 3933 Romani
2155 3881 2282 3954 πρὸς
2312 3880 2394 3934 τόν
2423 3881 2543 3934 Θεὸν
2566 3920 2580 3944 ,
2612 3879 2751 3950 apud
2782 3878 2944 3934 Deum
2983 3879 3200 3942 dicunt,
3243 3879 3391 3947 quasi
3422 3876 3488 3932 ad

1903 3972 2066 4035 intus,
2098 3972 2178 4027 vel
2210 3973 2416 4041 penitus
2444 3971 2607 4039 intus,
2672 3973 2722 4027 id
2766 3983 2848 4028 est
2900 3973 2951 4026 in
3007 3973 3101 4028 Dei
3155 3972 3484 4027 existemia:

1906 4077 1959 4120 et
2002 4065 2104 4120 hoc
2145 4080 2352 4119 verum.
2387 4063 2444 4119 In
2494 4080 2558 4120 eo
2599 4067 2740 4120 enim
2784 4066 2924 4136 quod
2977 4073 3061 4120 est
3101 4081 3220 4122 esse
3246 4067 3385 4121 inest
3437 4073 3491 4121 et

1906 4157 2143 4228 Operari.
2201 4155 2256 4211 In
2282 4157 2393 4212 Deo
2422 4156 2567 4213 enim
2597 4159 2744 4233 λόγος
2775 4175 2787 4210 :
2820 4167 2872 4212 et
2901 4158 2978 4212 sic
3018 4156 3070 4212 in
3131 4165 3278 4228 patre
3329 4156 3487 4212 (ilius.

1534 4292 1894 4349 VARIORUM
1933 4291 2158 4349 NOT/E.

289 4411 507 4466 XVI.—
538 4409 750 4472 Rursus,
779 4418 882 4464 etc.
908 4408 1175 4463 Mabillon.
1199 4407 1418 4462 Rursum
1453 4422 1568 4461 vero
1595 4406 1772 4460 Jesum
1791 4449 1804 4473 ,
1834 4407 1886 4466 D
1990 4405 2243 4460 Potentia.
2273 4403 2472 4458 Maltili.
2498 4406 2548 4458 in
2572 4407 2813 4476 potentia.

221 4499 324 4554 non
348 4484 494 4554 λόγον
527 4484 660 4534 circa
685 4478 850 4554 Deum
880 4496 985 4533 esse
997 4479 1248 4554 diximus.

296 4547 506 4615 Deinde,
552 4563 652 4604 etc.
687 4551 808 4604 Ha‘c
861 4561 940 4604 est
997 4550 1152 4603 lectio
1210 4549 1502 4602 Ortltodox.
1560 4547 1626 4601 At
1687 4549 1796 4602 Ma-

226 4624 441 4677 billon.:
460 4620 655 4676 Clamat
680 4623 880 4690 resipsa
902 4637 995 4690 per
1022 4620 1259 4690 cet-ricem
1285 4617 1535 4690 Joannem
1559 4634 1576 4670 :
1601 4616 1798 4673 /Eones

224 4695 393 4748 etiam
434 4695 732 4758 conﬁtentur
770 4688 922 4744 istud'
935 4691 1006 4744 sic
1035 4706 1087 4744 se
1110 4688 1310 4743 habere.
1347 4689 1639 4758 Utrobique
1669 4705 1798 4744 sane

224 4765 500 4819 mendose.

293 4835 379 4888 Ea:
398 4837 592 4895 αἰῶνος.
628 4832 821 4888 Mabill.
855 4848 916 4886 ea:
943 4844 1150 4887 interno.

295 4905 421 4958 Erat
474 4905 605 4958 enim
658 4905 791 4957 circa
853 4901 1014 4956 Deum
1073 4901 1410 4966 Mycenae
1451 4899 1614 4955 dubio
1675 4915 1795 4966 pro-

219 4976 310 5030 cul
351 4979 416 5028 ad
458 4974 593 5028 Joan
638 4991 675 5039 ι,
722 4975 772 5029 1.
822 4975 1055 5041 respexit
1111 4971 1409 5027 Victorinus
1443 4990 1454 5024 :
1489 4971 1582 5025 sed
1622 4973 1796 5026 minus

223 5056 370 5100 recte
413 5055 519 5099 tum
567 5046 683 5099 lteic
710 5057 816 5098 tum
846 5045 1042 5112 saepius
1069 5043 1200 5097 infra
1224 5083 1238 5108 ,
1271 5042 1406 5098 sacri
1436 5051 1607 5112 textus
1636 5043 1797 5095 verba

223 5120 355 5192 πρὸς
380 5118 465 5171 τόν
492 5116 609 5171 Θεὸν
627 5117 808 5192 ,“circa
840 5111 999 5192 Deum
1023 5115 1248 5192 vertisse
1289 5114 1514 5192 videtur.
1548 5111 1799 5192 Agnoscit

228 5181 404 5242 tamen
465 5189 576 5254 ipse
635 5185 876 5255 Vulgata;
916 5183 1196 5238 lectionem
1247 5185 1386 5255 apud
1438 5181 1600 5236 Deum
1664 5183 1798 5237 infra

229 5257 378 5334 δερ,
411 5258 661 5334 illamque
683 5254 820 5334 circa.
845 5254 1007 5334 Deum
1037 5257 1238 5334 respuit
1269 5254 1296 5325 §
1325 5255 1416 5309 26.

300 5327 552 5392 Quoniam
577 5321 732 5380 'Jesus
759 5323 1006 5396 Christus.
1052 5321 1538 5396 Mabill.,vquoniam
1575 5321 1706 5378 Deus
1748 5322 1799 5377 ὃν

228 5409 319 5452 est.
368 5399 435 5453 Et
473 5415 592 5451 mox
622 5399 671 5449 in
694 5397 880 5468 gremio
904 5393 999 5447 Dei
1022 5407 1113 5449 est.

299 5477 423 5532 Esse
458 5482 558 5530 sive
591 5477 836 5540 prodiiss’e
864 5472 1063 5536 Jesunt.
1096 5473 1288 5528 Mabill.
1321 5490 1426 5527 esse
1446 5471 1631 5528 Deum.

300 5567 560 5625 XVIl.—l
575 5565 1398 5638 mmota.PerperamlltabillJteic
1415 5577 1465 5620 et
1480 5565 1636 5636 paulo
1658 5575 1801 5638 post,

231 5640 282 5695 in
304 5652 438 5694 motu
481 5656 498 5694 :
538 5640 677 5709 apud
723 5653 880 5708 quem
932 5637 1090 5707 paulo
1122 5645 1252 5709 ante
1282 5646 1432 5709 recte
1467 5637 1665 5709 putrica
1686 5638 1802 5692 sive

234 5713 418 5781 patria,
452 5726 548 5781 pro
576 5707 683 5780 quo
711 5707 966 5764 mendose
995 5708 1214 5778 patriam
1242 5708 1296 5764 in
1321 5707 1618 5765 Orthodox.

1983 4477 2119 4530 Deus
2150 4487 2251 4550 est
2301 4476 2464 4550 λόγος.
2535 4474 2624 4532 Sic
2685 4475 2958 4531 Mabillon.
3010 4474 3143 4530 Male
3194 4475 3488 4532 Orthodox.

1911 4547 2062 4620 Deus
2072 4559 2137 4620 _et_
2149 4547 2294 4620 λόγος
2305 4588 2316 4599 .

1975 4616 2504 4689 Χν111.-ὲριιῗουιοάο
2520 4616 2929 4689 immutabilium
2956 4616 3026 4689 ita
3048 4616 3351 4689 distinguit:
3368 4624 3492 4686 quo-

1903 4690 2051 4769 modo
2071 4688 2332 4741 moretur?
2346 4688 2498 4755 juxta
2518 4687 2696 4761 λόγονῖ
2723 4688 2788 4742 Ει
2815 4703 2936 4741 mox
2966 4688 3092 4758 legit
3120 4687 3358 4758 quoniam
3399 4705 3493 4760 pro

1941 4776 2069 4812 αηει.

1941 4776 2069 4812 nasi.

1903 4776 1934 4828 (Ι
1971 4844 2152 4899 Causa.
2185 4845 2408 4913 Mabill.,
2441 4845 2698 4898 causando
2730 4860 2747 4897 :
2776 4843 2913 4912 quod
2943 4858 3046 4898 non
3064 4843 3255 4914 piacet.
3283 4844 3347 4898 Et
3370 4859 3494 4900 mox

1899 4919 2243 4970 constitutivus
2267 4957 2281 4984 ,
2313 4932 2407 4986 pro
2449 4917 2767 4970 constitutus.
2801 4914 3011 4984 Optime
3036 4956 3050 4980 ,
3109 4931 3229 4970 meo
3281 4916 3493 4986 quidem

1895 4987 2115 5055 judicio.

1975 5079 2068 5133 Sui
2107 5080 2285 5147 ipsius.
2344 5078 2613 5132 Mabillon.
2666 5078 2762 5132 sibi
2814 5078 2911 5147 ipsi
2945 5107 3010 5116 —
3053 5095 3087 5130 a
3138 5079 3401 5148 semetipso
3445 5085 3493 5132 et

1901 5150 2069 5223 λόγος,
2103 5161 2149 5202 ει
2182 5149 2316 5202 Deus
2347 5159 2438 5203 est.

1982 5238 2384 5305 XIX—Quam.
2418 5240 2492 5293 tta
2519 5255 2637 5294 cum
2671 5239 2875 5294 Mabill.
2906 5238 3080 5310 legere
3108 5238 3312 5306 malim,
3337 5253 3496 5308 quam

1915 5326 2033 5365 cum
2065 5311 2358 5365 Orthodox.
2385 5313 2644 5379 quoniam.

1982 5400 2102 5458 XX.
2125 5432 2192 5442 -—
2211 5402 2315 5456 Sed
2335 5403 2448 5467 hoc,
2473 5401 2720 5456 etc.Male
2739 5401 2876 5466 apud
2897 5401 3094 5455 Mabill.
3119 5401 3163 5454 si
3180 5401 3274 5454 hoc
3299 5409 3497 5472 oportet

1911 5473 2175 5543 quwrere?
2197 5473 2312 5527 Mox
2336 5473 2464 5527 ibid.
2497 5473 2742 5525 Dicamus
2774 5473 2825 5524 in
2848 5482 3095 5542 quantum
3129 5474 3206 5542 fas
3236 5484 3329 5525 est.

1982 5565 2217 5625 Romani,
2250 5573 2353 5618 etc.
2386 5563 2474 5618 Sic
2501 5563 2697 5619 Mabill.
2727 5563 2864 5633 apud
2894 5577 3051 5632 quem
3081 5571 3258 5616 tamen
3303 5561 3494 5633 desunt

1905 5641 2049 5703 quasi
2096 5636 2163 5689 ad
2227 5635 2384 5708 intus.
2431 5633 2724 5689 Ortltodox.
2763 5630 2992 5687 Romani
3054 5635 3184 5708 πρὸς
3233 5634 3320 5688 τὸν
3370 5630 3492 5690 ὄντα

1905 5708 2077 5761 dicunt
2095 5707 2240 5779 quasi
2265 5706 2332 5758 ad
2355 5706 2512 5773 intus,
2541 5715 2644 5761 etc.
