  <div class='ocr_page' id='page_1' title='image "/cluster/home/n/w/nwhite01/storage/ocr_20150623/8/uva.x000826528/523.png"; bbox 0 0 3920 6218; ppageno 0'>
   <div class='ocr_carea' id='block_1_1' title="bbox 537 273 667 329">
    <p class='ocr_par' dir='ltr' id='par_1_1' title="bbox 537 273 667 329">
     <span class='ocr_line' id='line_1_1' title="bbox 537 273 667 329; baseline 0.023 -4"><span class='ocrx_word' id='word_1_1' title='bbox 537 273 667 329; x_wconf 75' lang='grc'><strong>1051</strong></span> 
     </span>
    </p>
   </div>
   <div class='ocr_carea' id='block_1_2' title="bbox 1764 269 2520 330">
    <p class='ocr_par' dir='ltr' id='par_1_2' title="bbox 1764 269 2520 330">
     <span class='ocr_line' id='line_1_2' title="bbox 1764 269 2520 330; baseline 0.001 -1"><span class='ocrx_word' id='word_1_2' title='bbox 1764 274 1947 330; x_wconf 76' lang='grc' dir='ltr'><strong>ΜΛΠΙΙ</strong></span> <span class='ocrx_word' id='word_1_3' title='bbox 1993 269 2324 329; x_wconf 70' lang='grc' dir='ltr'><strong>ἨΟΤΟΠΙΝΙ</strong></span> <span class='ocrx_word' id='word_1_4' title='bbox 2363 275 2520 330; x_wconf 76' lang='lat' dir='ltr'><strong>AFRI</strong></span> 
     </span>
    </p>
   </div>
   <div class='ocr_carea' id='block_1_3' title="bbox 3627 278 3761 336">
    <p class='ocr_par' dir='ltr' id='par_1_3' title="bbox 3627 278 3761 336">
     <span class='ocr_line' id='line_1_3' title="bbox 3627 278 3761 336; baseline -0.015 0"><span class='ocrx_word' id='word_1_5' title='bbox 3627 278 3761 336; x_wconf 66' lang='grc'><strong>1052</strong></span> 
     </span>
    </p>
   </div>
   <div class='ocr_carea' id='block_1_4' title="bbox 533 382 2046 466">
    <p class='ocr_par' dir='ltr' id='par_1_4' title="bbox 533 382 2036 458">
     <span class='ocr_line' id='line_1_4' title="bbox 533 382 2036 458; baseline -0.001 -16"><span class='ocrx_word' id='word_1_6' title='bbox 533 387 699 442; x_wconf 86' lang='lat' dir='ltr'><strong>Causa</strong></span> <span class='ocrx_word' id='word_1_7' title='bbox 753 388 890 442; x_wconf 89' lang='lat' dir='ltr'><strong>enim</strong></span> <span class='ocrx_word' id='word_1_8' title='bbox 933 395 1042 454; x_wconf 87' lang='lat' dir='ltr'><strong>est,</strong></span> <span class='ocrx_word' id='word_1_9' title='bbox 1090 388 1260 457; x_wconf 91' lang='lat' dir='ltr'><strong>ipsum</strong></span> <span class='ocrx_word' id='word_1_10' title='bbox 1290 402 1407 443; x_wconf 88' lang='lat' dir='ltr'><strong>esse</strong></span> <span class='ocrx_word' id='word_1_11' title='bbox 1436 382 1500 442; x_wconf 85' lang='lat' dir='ltr'><strong>ad</strong></span> <span class='ocrx_word' id='word_1_12' title='bbox 1558 389 1815 443; x_wconf 81' lang='lat' dir='ltr'><strong>actionem</strong></span> <span class='ocrx_word' id='word_1_13' title='bbox 1846 409 1858 443; x_wconf 89' lang='lat'>:</span> <span class='ocrx_word' id='word_1_14' title='bbox 1891 399 2036 458; x_wconf 89' lang='lat' dir='ltr'><strong>eport</strong></span> 
     </span>
    </p>
   </div>
   <div class='ocr_carea' id='block_1_5' title="bbox 2163 382 3760 466">
    <p class='ocr_par' dir='ltr' id='par_1_5' title="bbox 2163 386 3760 466">
     <span class='ocr_line' id='line_1_5' title="bbox 2163 386 3760 466; baseline 0.006 -27"><span class='ocrx_word' id='word_1_15' title='bbox 2163 426 2175 448; x_wconf 48' lang='grc' dir='ltr'><strong>ι</strong></span> <span class='ocrx_word' id='word_1_16' title='bbox 2206 396 2286 440; x_wconf 88' lang='lat' dir='ltr'><strong>ter</strong></span> <span class='ocrx_word' id='word_1_17' title='bbox 2314 390 2405 441; x_wconf 87' lang='lat' dir='ltr'><strong>ista</strong></span> <span class='ocrx_word' id='word_1_18' title='bbox 2450 390 2553 443; x_wconf 88' lang='lat' dir='ltr'><strong>duo</strong></span> <span class='ocrx_word' id='word_1_19' title='bbox 2593 393 2650 446; x_wconf 84' lang='grc' dir='ltr'><strong><em>τὸ</em></strong></span> <span class='ocrx_word' id='word_1_20' title='bbox 2696 388 2994 465; x_wconf 72' lang='grc' dir='ltr'><strong>ὁμοούσων’;</strong></span> <span class='ocrx_word' id='word_1_21' title='bbox 3026 386 3145 463; x_wconf 69' lang='lat' dir='ltr'><strong>quia</strong></span> <span class='ocrx_word' id='word_1_22' title='bbox 3172 394 3310 451; x_wconf 87' lang='lat' dir='ltr'><strong>idem</strong></span> <span class='ocrx_word' id='word_1_23' title='bbox 3342 403 3445 461; x_wconf 86' lang='lat' dir='ltr'><strong>est,</strong></span> <span class='ocrx_word' id='word_1_24' title='bbox 3474 398 3615 466; x_wconf 84' lang='lat' dir='ltr'><strong>quod</strong></span> <span class='ocrx_word' id='word_1_25' title='bbox 3641 398 3760 449; x_wconf 80' lang='lat' dir='ltr'><strong>sub-</strong></span> 
     </span>
    </p>
   </div>
   <div class='ocr_carea' id='block_1_6' title="bbox 535 480 1656 548">
    <p class='ocr_par' dir='ltr' id='par_1_6' title="bbox 535 480 1656 548">
     <span class='ocr_line' id='line_1_6' title="bbox 535 480 1656 548; baseline 0 -15"><span class='ocrx_word' id='word_1_26' title='bbox 535 481 674 533; x_wconf 90' lang='lat' dir='ltr'><strong>enim</strong></span> <span class='ocrx_word' id='word_1_27' title='bbox 707 495 823 533; x_wconf 55' lang='lat' dir='ltr'><strong>esse</strong></span> <span class='ocrx_word' id='word_1_28' title='bbox 874 480 1127 547; x_wconf 84' lang='lat' dir='ltr'><strong>primum,</strong></span> <span class='ocrx_word' id='word_1_29' title='bbox 1166 482 1247 533; x_wconf 91' lang='lat' dir='ltr'><strong>cui</strong></span> <span class='ocrx_word' id='word_1_30' title='bbox 1278 481 1414 534; x_wconf 88' lang='lat' dir='ltr'><strong>inest</strong></span> <span class='ocrx_word' id='word_1_31' title='bbox 1451 482 1656 548; x_wconf 88' lang='lat' dir='ltr'><strong>operari</strong></span> 
     </span>
    </p>
   </div>
   <div class='ocr_carea' id='block_1_7' title="bbox 536 570 2089 639">
    <p class='ocr_par' dir='ltr' id='par_1_7' title="bbox 536 570 2089 639">
     <span class='ocr_line' id='line_1_7' title="bbox 536 570 2089 639; baseline 0 -16"><span class='ocrx_word' id='word_1_32' title='bbox 536 571 689 623; x_wconf 86' lang='lat' dir='ltr'><strong>Deus.</strong></span> <span class='ocrx_word' id='word_1_33' title='bbox 719 571 818 624; x_wconf 88' lang='lat' dir='ltr'><strong>Ista</strong></span> <span class='ocrx_word' id='word_1_34' title='bbox 854 586 979 639; x_wconf 83' lang='lat' dir='ltr'><strong>ergo</strong></span> <span class='ocrx_word' id='word_1_35' title='bbox 1009 570 1145 631; x_wconf 86' lang='lat' dir='ltr'><strong>duo,</strong></span> <span class='ocrx_word' id='word_1_36' title='bbox 1174 570 1279 622; x_wconf 88' lang='lat' dir='ltr'><strong>duo</strong></span> <span class='ocrx_word' id='word_1_37' title='bbox 1308 570 1427 623; x_wconf 84' lang='lat' dir='ltr'><strong>dico</strong></span> <span class='ocrx_word' id='word_1_38' title='bbox 1477 570 1768 624; x_wconf 88' lang='lat' dir='ltr'><strong>secundum</strong></span> <span class='ocrx_word' id='word_1_39' title='bbox 1802 571 2045 623; x_wconf 86' lang='lat' dir='ltr'><strong>virtutem</strong></span> <span class='ocrx_word' id='word_1_40' title='bbox 2076 589 2089 623; x_wconf 88' lang='lat'><strong>:</strong></span> 
     </span>
    </p>
   </div>
   <div class='ocr_carea' id='block_1_8' title="bbox 529 660 2091 729">
    <p class='ocr_par' dir='ltr' id='par_1_8' title="bbox 529 660 2091 729">
     <span class='ocr_line' id='line_1_8' title="bbox 529 660 2091 729; baseline -0.002 -15"><span class='ocrx_word' id='word_1_41' title='bbox 529 661 817 715; x_wconf 85' lang='lat' dir='ltr'><strong>secundum</strong></span> <span class='ocrx_word' id='word_1_42' title='bbox 868 668 1041 714; x_wconf 90' lang='lat' dir='ltr'><strong>autem</strong></span> <span class='ocrx_word' id='word_1_43' title='bbox 1094 660 1490 728; x_wconf 74' lang='lat' dir='ltr'><strong>intelligentiam</strong></span> <span class='ocrx_word' id='word_1_44' title='bbox 1536 660 1923 729; x_wconf 84' lang='lat' dir='ltr'><strong>simplicitatis,</strong></span> <span class='ocrx_word' id='word_1_45' title='bbox 1973 661 2091 712; x_wconf 85' lang='lat' dir='ltr'><strong>dico</strong></span> 
     </span>
    </p>
   </div>
   <div class='ocr_carea' id='block_1_9' title="bbox 530 751 2090 820">
    <p class='ocr_par' dir='ltr' id='par_1_9' title="bbox 530 751 2090 820">
     <span class='ocr_line' id='line_1_9' title="bbox 530 751 2090 820; baseline -0.001 -15"><span class='ocrx_word' id='word_1_46' title='bbox 530 767 690 805; x_wconf 88' lang='lat' dir='ltr'><strong>unum</strong></span> <span class='ocrx_word' id='word_1_47' title='bbox 766 751 953 804; x_wconf 91' lang='lat' dir='ltr'><strong>solum.</strong></span> <span class='ocrx_word' id='word_1_48' title='bbox 1029 751 1083 805; x_wconf 88' lang='lat' dir='ltr'>Si</span> <span class='ocrx_word' id='word_1_49' title='bbox 1162 752 1317 820; x_wconf 84' lang='lat' dir='ltr'><strong>igitur</strong></span> <span class='ocrx_word' id='word_1_50' title='bbox 1408 751 1715 818; x_wconf 76' lang='lat' dir='ltr'><strong>principium</strong></span> <span class='ocrx_word' id='word_1_51' title='bbox 1789 766 1946 804; x_wconf 84' lang='lat' dir='ltr'><strong>causa</strong></span> <span class='ocrx_word' id='word_1_52' title='bbox 2010 759 2090 804; x_wconf 89' lang='lat' dir='ltr'><strong>est</strong></span> 
     </span>
    </p>
   </div>
   <div class='ocr_carea' id='block_1_10' title="bbox 528 842 2088 911">
    <p class='ocr_par' dir='ltr' id='par_1_10' title="bbox 528 842 2088 911">
     <span class='ocr_line' id='line_1_10' title="bbox 528 842 2088 911; baseline -0.004 -14"><span class='ocrx_word' id='word_1_53' title='bbox 528 842 697 911; x_wconf 87' lang='lat' dir='ltr'><strong>ipsum</strong></span> <span class='ocrx_word' id='word_1_54' title='bbox 725 856 842 897; x_wconf 85' lang='lat' dir='ltr'><strong>esse</strong></span> <span class='ocrx_word' id='word_1_55' title='bbox 887 842 950 895; x_wconf 84' lang='lat' dir='ltr'><strong>ad</strong></span> <span class='ocrx_word' id='word_1_56' title='bbox 976 843 1335 911; x_wconf 82' lang='lat' dir='ltr'><strong>operationem</strong></span> <span class='ocrx_word' id='word_1_57' title='bbox 1384 849 1438 894; x_wconf 90' lang='lat' dir='ltr'><strong>et</strong></span> <span class='ocrx_word' id='word_1_58' title='bbox 1475 842 1774 905; x_wconf 89' lang='lat' dir='ltr'><strong>actionem,</strong></span> <span class='ocrx_word' id='word_1_59' title='bbox 1806 849 2088 909; x_wconf 89' lang='lat' dir='ltr'><strong>generatur</strong></span> 
     </span>
    </p>
   </div>
   <div class='ocr_carea' id='block_1_11' title="bbox 527 933 2082 1002">
    <p class='ocr_par' dir='ltr' id='par_1_11' title="bbox 527 933 2082 1002">
     <span class='ocr_line' id='line_1_11' title="bbox 527 933 2082 1002; baseline -0.001 -16"><span class='ocrx_word' id='word_1_60' title='bbox 527 948 683 1001; x_wconf 84' lang='lat' dir='ltr'><strong>agere</strong></span> <span class='ocrx_word' id='word_1_61' title='bbox 708 936 771 986; x_wconf 89' lang='lat' dir='ltr'><strong>ab</strong></span> <span class='ocrx_word' id='word_1_62' title='bbox 800 934 1026 1002; x_wconf 92' lang='lat' dir='ltr'><strong>eoquod</strong></span> <span class='ocrx_word' id='word_1_63' title='bbox 1073 944 1154 987; x_wconf 89' lang='lat' dir='ltr'><strong>est</strong></span> <span class='ocrx_word' id='word_1_64' title='bbox 1195 944 1336 987; x_wconf 85' lang='lat' dir='ltr'><strong>esse.</strong></span> <span class='ocrx_word' id='word_1_65' title='bbox 1383 933 1514 988; x_wconf 86' lang='lat' dir='ltr'><strong>Esse</strong></span> <span class='ocrx_word' id='word_1_66' title='bbox 1562 943 1735 986; x_wconf 86' lang='lat' dir='ltr'><strong>autem</strong></span> <span class='ocrx_word' id='word_1_67' title='bbox 1778 942 1925 1001; x_wconf 89' lang='lat' dir='ltr'><strong>pater</strong></span> <span class='ocrx_word' id='word_1_68' title='bbox 1964 941 2082 985; x_wconf 90' lang='lat' dir='ltr'><strong>est:</strong></span> 
     </span>
    </p>
   </div>
   <div class='ocr_carea' id='block_1_12' title="bbox 528 1021 1078 1091">
    <p class='ocr_par' dir='ltr' id='par_1_12' title="bbox 528 1021 1078 1091">
     <span class='ocr_line' id='line_1_12' title="bbox 528 1021 1078 1091; baseline 0 -16"><span class='ocrx_word' id='word_1_69' title='bbox 528 1023 740 1089; x_wconf 88' lang='lat' dir='ltr'><strong>operari</strong></span> <span class='ocrx_word' id='word_1_70' title='bbox 770 1037 897 1091; x_wconf 89' lang='lat' dir='ltr'><strong>ergo</strong></span> <span class='ocrx_word' id='word_1_71' title='bbox 922 1021 1078 1075; x_wconf 89' lang='lat' dir='ltr'><strong>ﬁlius.</strong></span> 
     </span>
    </p>
   </div>
   <div class='ocr_carea' id='block_1_13' title="bbox 590 1108 2084 1181">
    <p class='ocr_par' dir='ltr' id='par_1_13' title="bbox 590 1108 2084 1181">
     <span class='ocr_line' id='line_1_13' title="bbox 590 1108 2084 1181; baseline -0.002 -16"><span class='ocrx_word' id='word_1_72' title='bbox 590 1112 727 1166; x_wconf 87' lang='lat' dir='ltr'>XXI.</span> <span class='ocrx_word' id='word_1_73' title='bbox 789 1116 915 1178; x_wconf 78' lang='lat' dir='ltr'><strong>Qua:</strong></span> <span class='ocrx_word' id='word_1_74' title='bbox 964 1112 1119 1180; x_wconf 77' lang='lat' dir='ltr'><strong>igitur</strong></span> <span class='ocrx_word' id='word_1_75' title='bbox 1158 1110 1426 1181; x_wconf 81' lang='lat' dir='ltr'><strong>generatio</strong></span> <span class='ocrx_word' id='word_1_76' title='bbox 1477 1121 1596 1177; x_wconf 89' lang='lat' dir='ltr'><strong>est,</strong></span> <span class='ocrx_word' id='word_1_77' title='bbox 1643 1119 1735 1163; x_wconf 85' lang='lat' dir='ltr'><strong>aut</strong></span> <span class='ocrx_word' id='word_1_78' title='bbox 1780 1108 2084 1178; x_wconf 80' lang='lat' dir='ltr'><strong>apparentia</strong></span> 
     </span>
    </p>
   </div>
   <div class='ocr_carea' id='block_1_14' title="bbox 521 1201 2079 1273">
    <p class='ocr_par' dir='ltr' id='par_1_14' title="bbox 521 1201 2079 1273">
     <span class='ocr_line' id='line_1_14' title="bbox 521 1201 2079 1273; baseline -0.003 -16"><span class='ocrx_word' id='word_1_79' title='bbox 521 1202 915 1273; x_wconf 78' lang='lat' dir='ltr'><strong>generationis?</strong></span> <span class='ocrx_word' id='word_1_80' title='bbox 944 1202 1174 1255; x_wconf 86' lang='lat' dir='ltr'><strong>Primum</strong></span> <span class='ocrx_word' id='word_1_81' title='bbox 1203 1213 1377 1256; x_wconf 87' lang='lat' dir='ltr'><strong>autem</strong></span> <span class='ocrx_word' id='word_1_82' title='bbox 1406 1204 1451 1256; x_wconf 89' lang='lat' dir='ltr'><strong>si</strong></span> <span class='ocrx_word' id='word_1_83' title='bbox 1481 1213 1689 1270; x_wconf 88' lang='lat' dir='ltr'><strong>oportet</strong></span> <span class='ocrx_word' id='word_1_84' title='bbox 1716 1202 1852 1255; x_wconf 88' lang='lat' dir='ltr'><strong>istud</strong></span> <span class='ocrx_word' id='word_1_85' title='bbox 1880 1201 2079 1265; x_wconf 86' lang='lat' dir='ltr'><strong>dicere,</strong></span> 
     </span>
    </p>
   </div>
   <div class='ocr_carea' id='block_1_15' title="bbox 520 1293 2078 1367">
    <p class='ocr_par' dir='ltr' id='par_1_15' title="bbox 520 1293 2078 1367">
     <span class='ocr_line' id='line_1_15' title="bbox 520 1293 2078 1367; baseline -0.005 -16"><span class='ocrx_word' id='word_1_86' title='bbox 520 1312 586 1351; x_wconf 93' lang='lat' dir='ltr'><strong>ne</strong></span> <span class='ocrx_word' id='word_1_87' title='bbox 612 1297 728 1365; x_wconf 87' lang='lat' dir='ltr'><strong>quis</strong></span> <span class='ocrx_word' id='word_1_88' title='bbox 754 1295 965 1367; x_wconf 74' lang='grc' dir='ltr'><strong>ἔμφασιν</strong></span> <span class='ocrx_word' id='word_1_89' title='bbox 997 1295 1249 1362; x_wconf 89' lang='lat' dir='ltr'><strong>temporis</strong></span> <span class='ocrx_word' id='word_1_90' title='bbox 1289 1294 1531 1362; x_wconf 88' lang='lat' dir='ltr'><strong>accipiat.</strong></span> <span class='ocrx_word' id='word_1_91' title='bbox 1564 1293 1795 1346; x_wconf 79' lang='lat' dir='ltr'><strong>Primum</strong></span> <span class='ocrx_word' id='word_1_92' title='bbox 1820 1332 1833 1355; x_wconf 90' lang='lat'><strong>,</strong></span> <span class='ocrx_word' id='word_1_93' title='bbox 1888 1306 2078 1345; x_wconf 86' lang='lat' dir='ltr'><strong>secun-</strong></span> 
     </span>
    </p>
   </div>
   <div class='ocr_carea' id='block_1_16' title="bbox 516 1382 2075 1454">
    <p class='ocr_par' dir='ltr' id='par_1_16' title="bbox 516 1382 2075 1454">
     <span class='ocr_line' id='line_1_16' title="bbox 516 1382 2075 1454; baseline -0.003 -13"><span class='ocrx_word' id='word_1_94' title='bbox 516 1388 639 1441; x_wconf 90' lang='lat' dir='ltr'><strong>dum</strong></span> <span class='ocrx_word' id='word_1_95' title='bbox 696 1385 1091 1454; x_wconf 76' lang='lat' dir='ltr'><strong>intelligentiam</strong></span> <span class='ocrx_word' id='word_1_96' title='bbox 1156 1384 1290 1437; x_wconf 91' lang='lat' dir='ltr'><strong>dico.</strong></span> <span class='ocrx_word' id='word_1_97' title='bbox 1360 1384 1593 1437; x_wconf 88' lang='lat' dir='ltr'><strong>Primum</strong></span> <span class='ocrx_word' id='word_1_98' title='bbox 1648 1384 1805 1451; x_wconf 82' lang='lat' dir='ltr'><strong>igitur</strong></span> <span class='ocrx_word' id='word_1_99' title='bbox 1850 1382 2075 1436; x_wconf 86' lang='lat' dir='ltr'><strong>dicimus</strong></span> 
     </span>
    </p>
   </div>
   <div class='ocr_carea' id='block_1_17' title="bbox 514 1472 2073 1545">
    <p class='ocr_par' dir='ltr' id='par_1_17' title="bbox 514 1472 2073 1545">
     <span class='ocr_line' id='line_1_17' title="bbox 514 1472 2073 1545; baseline -0.003 -14"><span class='ocrx_word' id='word_1_100' title='bbox 514 1478 569 1531; x_wconf 91' lang='lat' dir='ltr'><strong>in</strong></span> <span class='ocrx_word' id='word_1_101' title='bbox 594 1478 937 1545; x_wconf 87' lang='lat' dir='ltr'><strong>semetipsum</strong></span> <span class='ocrx_word' id='word_1_102' title='bbox 992 1490 1343 1536; x_wconf 81' lang='lat' dir='ltr'><strong>conversum,</strong></span> <span class='ocrx_word' id='word_1_103' title='bbox 1377 1482 1430 1528; x_wconf 86' lang='lat' dir='ltr'><strong>et</strong></span> <span class='ocrx_word' id='word_1_104' title='bbox 1455 1474 1651 1527; x_wconf 77' lang='lat' dir='ltr'><strong>moveri</strong></span> <span class='ocrx_word' id='word_1_105' title='bbox 1688 1484 1741 1530; x_wconf 87' lang='lat' dir='ltr'><strong>et</strong></span> <span class='ocrx_word' id='word_1_106' title='bbox 1779 1472 2073 1540; x_wconf 80' lang='lat' dir='ltr'><strong>intelligere</strong></span> 
     </span>
    </p>
   </div>
   <div class='ocr_carea' id='block_1_18' title="bbox 517 1562 2070 1635">
    <p class='ocr_par' dir='ltr' id='par_1_18' title="bbox 517 1562 2070 1635">
     <span class='ocr_line' id='line_1_18' title="bbox 517 1562 2070 1635; baseline -0.004 -14"><span class='ocrx_word' id='word_1_107' title='bbox 517 1568 658 1622; x_wconf 89' lang='lat' dir='ltr'><strong>intus</strong></span> <span class='ocrx_word' id='word_1_108' title='bbox 695 1567 746 1619; x_wconf 91' lang='lat' dir='ltr'><strong>in</strong></span> <span class='ocrx_word' id='word_1_109' title='bbox 789 1567 970 1635; x_wconf 80' lang='lat' dir='ltr'><strong>requie</strong></span> <span class='ocrx_word' id='word_1_110' title='bbox 1024 1567 1245 1635; x_wconf 82' lang='lat' dir='ltr'><strong>positam</strong></span> <span class='ocrx_word' id='word_1_111' title='bbox 1293 1564 1667 1617; x_wconf 75' lang='lat' dir='ltr'><strong>beatitudinem</strong></span> <span class='ocrx_word' id='word_1_112' title='bbox 1693 1604 1707 1628; x_wconf 90' lang='lat'><strong>,</strong></span> <span class='ocrx_word' id='word_1_113' title='bbox 1752 1562 2070 1617; x_wconf 88' lang='lat' dir='ltr'><strong>omnimodis</strong></span> 
     </span>
    </p>
   </div>
   <div class='ocr_carea' id='block_1_19' title="bbox 515 1654 2070 1730">
    <p class='ocr_par' dir='ltr' id='par_1_19' title="bbox 515 1654 2070 1730">
     <span class='ocr_line' id='line_1_19' title="bbox 515 1654 2070 1730; baseline -0.003 -17"><span class='ocrx_word' id='word_1_114' title='bbox 515 1659 797 1730; x_wconf 80' lang='lat' dir='ltr'><strong>perfectam</strong></span> <span class='ocrx_word' id='word_1_115' title='bbox 829 1658 1164 1714; x_wconf 88' lang='lat' dir='ltr'><strong>custoditam.</strong></span> <span class='ocrx_word' id='word_1_116' title='bbox 1199 1657 1294 1711; x_wconf 82' lang='lat' dir='ltr'><strong>Est</strong></span> <span class='ocrx_word' id='word_1_117' title='bbox 1316 1664 1490 1709; x_wconf 86' lang='lat' dir='ltr'><strong>autem</strong></span> <span class='ocrx_word' id='word_1_118' title='bbox 1529 1658 1697 1725; x_wconf 92' lang='lat' dir='ltr'><strong>ipsum</strong></span> <span class='ocrx_word' id='word_1_119' title='bbox 1731 1654 2070 1708; x_wconf 87' lang='lat' dir='ltr'><strong>beatitudinis</strong></span> 
     </span>
    </p>
   </div>
   <div class='ocr_carea' id='block_1_20' title="bbox 1716 485 2095 536">
    <p class='ocr_par' dir='ltr' id='par_1_20' title="bbox 1716 485 2095 536">
     <span class='ocr_line' id='line_1_20' title="bbox 1716 485 2095 536; baseline 0 -1"><span class='ocrx_word' id='word_1_120' title='bbox 1716 499 1729 535; x_wconf 89' lang='lat'>:</span> <span class='ocrx_word' id='word_1_121' title='bbox 1778 491 1829 534; x_wconf 93' lang='lat' dir='ltr'><strong>et</strong></span> <span class='ocrx_word' id='word_1_122' title='bbox 1878 485 1975 534; x_wconf 82' lang='lat' dir='ltr'><strong>huc</strong></span> <span class='ocrx_word' id='word_1_123' title='bbox 2016 493 2095 536; x_wconf 90' lang='lat' dir='ltr'><strong>est</strong></span> 
     </span>
    </p>
   </div>
   <div class='ocr_carea' id='block_1_21' title="bbox 2202 481 3759 556">
    <p class='ocr_par' dir='ltr' id='par_1_21' title="bbox 2202 481 3759 556">
     <span class='ocr_line' id='line_1_21' title="bbox 2202 481 3759 556; baseline 0.007 -26"><span class='ocrx_word' id='word_1_124' title='bbox 2202 481 2411 532; x_wconf 83' lang='lat' dir='ltr'><strong>stantia:</strong></span> <span class='ocrx_word' id='word_1_125' title='bbox 2459 484 2612 534; x_wconf 91' lang='lat' dir='ltr'><strong>unius</strong></span> <span class='ocrx_word' id='word_1_126' title='bbox 2658 484 2891 551; x_wconf 74' lang='lat' dir='ltr'><strong>ejusdem</strong></span> <span class='ocrx_word' id='word_1_127' title='bbox 2942 497 3039 539; x_wconf 91' lang='lat' dir='ltr'><strong>est.</strong></span> <span class='ocrx_word' id='word_1_128' title='bbox 3094 487 3261 541; x_wconf 87' lang='lat' dir='ltr'><strong>Unum</strong></span> <span class='ocrx_word' id='word_1_129' title='bbox 3311 490 3495 556; x_wconf 85' lang='lat' dir='ltr'><strong>utique</strong></span> <span class='ocrx_word' id='word_1_130' title='bbox 3544 499 3627 541; x_wconf 83' lang='lat' dir='ltr'><strong>est</strong></span> <span class='ocrx_word' id='word_1_131' title='bbox 3664 503 3759 541; x_wconf 81' lang='lat' dir='ltr'><strong>una</strong></span> 
     </span>
    </p>
   </div>
   <div class='ocr_carea' id='block_1_22' title="bbox 2198 571 3760 644">
    <p class='ocr_par' dir='ltr' id='par_1_22' title="bbox 2198 571 3760 644">
     <span class='ocr_line' id='line_1_22' title="bbox 2198 571 3760 644; baseline 0.008 -26"><span class='ocrx_word' id='word_1_132' title='bbox 2198 571 2338 621; x_wconf 89' lang='lat' dir='ltr'><strong>actio</strong></span> <span class='ocrx_word' id='word_1_133' title='bbox 2374 586 2385 622; x_wconf 93' lang='lat'><strong>:</strong></span> <span class='ocrx_word' id='word_1_134' title='bbox 2420 573 2612 637; x_wconf 79' lang='lat' dir='ltr'><strong>quippe</strong></span> <span class='ocrx_word' id='word_1_135' title='bbox 2655 588 2772 625; x_wconf 89' lang='lat' dir='ltr'><strong>cum</strong></span> <span class='ocrx_word' id='word_1_136' title='bbox 2808 576 2975 642; x_wconf 89' lang='lat' dir='ltr'><strong>ipsum</strong></span> <span class='ocrx_word' id='word_1_137' title='bbox 3002 591 3159 644; x_wconf 86' lang='lat' dir='ltr'><strong>agerc</strong></span> <span class='ocrx_word' id='word_1_138' title='bbox 3185 586 3239 629; x_wconf 86' lang='lat' dir='ltr'><strong>et</strong></span> <span class='ocrx_word' id='word_1_139' title='bbox 3267 591 3389 631; x_wconf 86' lang='lat' dir='ltr'><strong>esse</strong></span> <span class='ocrx_word' id='word_1_140' title='bbox 3418 579 3507 630; x_wconf 87' lang='lat' dir='ltr'><strong>sit.</strong></span> <span class='ocrx_word' id='word_1_141' title='bbox 3546 578 3640 631; x_wconf 89' lang='lat' dir='ltr'><strong>llic</strong></span> <span class='ocrx_word' id='word_1_142' title='bbox 3686 588 3760 631; x_wconf 77' lang='lat' dir='ltr'><strong>est</strong></span> 
     </span>
    </p>
   </div>
   <div class='ocr_carea' id='block_1_23' title="bbox 2193 656 3759 737">
    <p class='ocr_par' dir='ltr' id='par_1_23' title="bbox 2193 656 3759 737">
     <span class='ocr_line' id='line_1_23' title="bbox 2193 656 3759 737; baseline 0.008 -28"><span class='ocrx_word' id='word_1_143' title='bbox 2193 656 2351 722; x_wconf 91' lang='lat' dir='ltr'><strong>ﬁlius,</strong></span> <span class='ocrx_word' id='word_1_144' title='bbox 2388 659 2469 712; x_wconf 93' lang='lat' dir='ltr'><strong>hic</strong></span> <span class='ocrx_word' id='word_1_145' title='bbox 2492 674 2521 711; x_wconf 91' lang='lat' dir='ltr'><strong>a</strong></span> <span class='ocrx_word' id='word_1_146' title='bbox 2550 670 2720 728; x_wconf 88' lang='lat' dir='ltr'><strong>patre,</strong></span> <span class='ocrx_word' id='word_1_147' title='bbox 2753 663 2839 717; x_wconf 92' lang='lat' dir='ltr'><strong>hic</strong></span> <span class='ocrx_word' id='word_1_148' title='bbox 2864 665 3005 718; x_wconf 88' lang='lat' dir='ltr'><strong>circa</strong></span> <span class='ocrx_word' id='word_1_149' title='bbox 3035 666 3218 728; x_wconf 90' lang='lat' dir='ltr'><strong>Deum,</strong></span> <span class='ocrx_word' id='word_1_150' title='bbox 3246 667 3330 718; x_wconf 90' lang='lat' dir='ltr'><strong>hic</strong></span> <span class='ocrx_word' id='word_1_151' title='bbox 3359 668 3451 735; x_wconf 90' lang='lat' dir='ltr'><strong>qui</strong></span> <span class='ocrx_word' id='word_1_152' title='bbox 3480 670 3533 720; x_wconf 91' lang='lat' dir='ltr'><strong>in</strong></span> <span class='ocrx_word' id='word_1_153' title='bbox 3561 670 3759 737; x_wconf 87' lang='lat' dir='ltr'><strong>gremio</strong></span> 
     </span>
    </p>
   </div>
   <div class='ocr_carea' id='block_1_24' title="bbox 2190 747 3755 824">
    <p class='ocr_par' dir='ltr' id='par_1_24' title="bbox 2190 747 3755 824">
     <span class='ocr_line' id='line_1_24' title="bbox 2190 747 3755 824; baseline 0.011 -28"><span class='ocrx_word' id='word_1_154' title='bbox 2190 747 2375 814; x_wconf 85' lang='lat' dir='ltr'><strong>patris.</strong></span> <span class='ocrx_word' id='word_1_155' title='bbox 2412 748 2499 802; x_wconf 89' lang='lat' dir='ltr'><strong>hic</strong></span> <span class='ocrx_word' id='word_1_156' title='bbox 2528 760 2609 804; x_wconf 89' lang='lat' dir='ltr'><strong>cst</strong></span> <span class='ocrx_word' id='word_1_157' title='bbox 2640 753 2799 815; x_wconf 90' lang='lat' dir='ltr'><strong>intus,</strong></span> <span class='ocrx_word' id='word_1_158' title='bbox 2829 753 2913 807; x_wconf 92' lang='lat' dir='ltr'><strong>hic</strong></span> <span class='ocrx_word' id='word_1_159' title='bbox 2940 764 3023 808; x_wconf 82' lang='lat' dir='ltr'><strong>est</strong></span> <span class='ocrx_word' id='word_1_160' title='bbox 3044 756 3189 809; x_wconf 79' lang='lat' dir='ltr'><strong>foris.</strong></span> <span class='ocrx_word' id='word_1_161' title='bbox 3218 754 3390 824; x_wconf 86' lang='lat' dir='ltr'><strong>Opere</strong></span> <span class='ocrx_word' id='word_1_162' title='bbox 3418 759 3566 811; x_wconf 88' lang='lat' dir='ltr'><strong>enim</strong></span> <span class='ocrx_word' id='word_1_163' title='bbox 3602 758 3755 823; x_wconf 82' lang='lat' dir='ltr'><strong>foris,</strong></span> 
     </span>
    </p>
   </div>
   <div class='ocr_carea' id='block_1_25' title="bbox 2192 840 3754 917">
    <p class='ocr_par' dir='ltr' id='par_1_25' title="bbox 2192 840 3754 917">
     <span class='ocr_line' id='line_1_25' title="bbox 2192 840 3754 917; baseline 0.01 -28"><span class='ocrx_word' id='word_1_164' title='bbox 2192 840 2243 889; x_wconf 85' lang='lat' dir='ltr'><strong>iu</strong></span> <span class='ocrx_word' id='word_1_165' title='bbox 2272 853 2338 891; x_wconf 93' lang='lat' dir='ltr'><strong>co</strong></span> <span class='ocrx_word' id='word_1_166' title='bbox 2361 840 2499 907; x_wconf 90' lang='lat' dir='ltr'><strong>quod</strong></span> <span class='ocrx_word' id='word_1_167' title='bbox 2528 851 2609 894; x_wconf 92' lang='lat' dir='ltr'><strong>est</strong></span> <span class='ocrx_word' id='word_1_168' title='bbox 2639 857 2756 897; x_wconf 89' lang='lat' dir='ltr'><strong>esse</strong></span> <span class='ocrx_word' id='word_1_169' title='bbox 2782 844 2959 899; x_wconf 88' lang='lat' dir='ltr'><strong>intus:</strong></span> <span class='ocrx_word' id='word_1_170' title='bbox 2990 856 3045 900; x_wconf 89' lang='lat' dir='ltr'><strong>et</strong></span> <span class='ocrx_word' id='word_1_171' title='bbox 3088 848 3138 899; x_wconf 91' lang='lat' dir='ltr'><strong>in</strong></span> <span class='ocrx_word' id='word_1_172' title='bbox 3190 848 3349 903; x_wconf 86' lang='lat' dir='ltr'><strong>Patre</strong></span> <span class='ocrx_word' id='word_1_173' title='bbox 3395 849 3511 917; x_wconf 78' lang='lat' dir='ltr'><strong>ipse</strong></span> <span class='ocrx_word' id='word_1_174' title='bbox 3544 850 3686 903; x_wconf 88' lang='lat' dir='ltr'><strong>Dens</strong></span> <span class='ocrx_word' id='word_1_175' title='bbox 3710 852 3754 903; x_wconf 92' lang='lat' dir='ltr'><strong>in</strong></span> 
     </span>
    </p>
   </div>
   <div class='ocr_carea' id='block_1_26' title="bbox 2188 928 3754 1010">
    <p class='ocr_par' dir='ltr' id='par_1_26' title="bbox 2188 928 3754 1010">
     <span class='ocr_line' id='line_1_26' title="bbox 2188 928 3754 1010; baseline 0.01 -30"><span class='ocrx_word' id='word_1_176' title='bbox 2188 928 2329 993; x_wconf 89' lang='lat' dir='ltr'><strong>Deo,</strong></span> <span class='ocrx_word' id='word_1_177' title='bbox 2380 933 2466 999; x_wconf 88' lang='lat' dir='ltr'><strong>qui</strong></span> <span class='ocrx_word' id='word_1_178' title='bbox 2512 932 2647 986; x_wconf 86' lang='lat' dir='ltr'><strong>idem</strong></span> <span class='ocrx_word' id='word_1_179' title='bbox 2686 937 2899 988; x_wconf 83' lang='lat' dir='ltr'><strong>omnino</strong></span> <span class='ocrx_word' id='word_1_180' title='bbox 2941 948 3021 991; x_wconf 89' lang='lat' dir='ltr'><strong>est</strong></span> <span class='ocrx_word' id='word_1_181' title='bbox 3058 938 3150 991; x_wconf 89' lang='lat' dir='ltr'><strong>ei:</strong></span> <span class='ocrx_word' id='word_1_182' title='bbox 3202 939 3408 994; x_wconf 78' lang='lat' dir='ltr'><strong>actione</strong></span> <span class='ocrx_word' id='word_1_183' title='bbox 3461 950 3642 995; x_wconf 81' lang='lat' dir='ltr'><strong>autem</strong></span> <span class='ocrx_word' id='word_1_184' title='bbox 3674 941 3754 1010; x_wconf 83' lang='lat' dir='ltr'><strong>qui</strong></span> 
     </span>
    </p>
   </div>
   <div class='ocr_carea' id='block_1_27' title="bbox 2185 1019 3755 1094">
    <p class='ocr_par' dir='ltr' id='par_1_27' title="bbox 2185 1019 3755 1094">
     <span class='ocr_line' id='line_1_27' title="bbox 2185 1019 3755 1094; baseline 0.01 -23"><span class='ocrx_word' id='word_1_185' title='bbox 2185 1019 2252 1072; x_wconf 87' lang='lat' dir='ltr'><strong>sit</strong></span> <span class='ocrx_word' id='word_1_186' title='bbox 2281 1020 2437 1075; x_wconf 90' lang='lat' dir='ltr'><strong>ﬁlius.</strong></span> <span class='ocrx_word' id='word_1_187' title='bbox 2464 1024 2526 1076; x_wconf 85' lang='lat' dir='ltr'><strong>Et</strong></span> <span class='ocrx_word' id='word_1_188' title='bbox 2557 1025 2869 1094; x_wconf 77' lang='lat' dir='ltr'><strong>ubicumque</strong></span> <span class='ocrx_word' id='word_1_189' title='bbox 2896 1037 3004 1089; x_wconf 73' lang='lat' dir='ltr'><strong>e~t,</strong></span> <span class='ocrx_word' id='word_1_190' title='bbox 3035 1037 3226 1084; x_wconf 83' lang='lat' dir='ltr'><strong>etesse</strong></span> <span class='ocrx_word' id='word_1_191' title='bbox 3255 1041 3337 1085; x_wconf 80' lang='lat' dir='ltr'><strong>est</strong></span> <span class='ocrx_word' id='word_1_192' title='bbox 3366 1040 3420 1086; x_wconf 89' lang='lat' dir='ltr'><strong>et</strong></span> <span class='ocrx_word' id='word_1_193' title='bbox 3444 1040 3590 1086; x_wconf 87' lang='lat' dir='ltr'><strong>actio</strong></span> <span class='ocrx_word' id='word_1_194' title='bbox 3650 1050 3663 1083; x_wconf 91' lang='lat'><strong>:</strong></span> <span class='ocrx_word' id='word_1_195' title='bbox 3707 1044 3755 1087; x_wconf 85' lang='lat' dir='ltr'><strong>et</strong></span> 
     </span>
    </p>
   </div>
   <div class='ocr_carea' id='block_1_28' title="bbox 2182 1108 3749 1193">
    <p class='ocr_par' dir='ltr' id='par_1_28' title="bbox 2182 1108 3749 1193">
     <span class='ocr_line' id='line_1_28' title="bbox 2182 1108 3749 1193; baseline 0.01 -34"><span class='ocrx_word' id='word_1_196' title='bbox 2182 1108 2284 1161; x_wconf 84' lang='lat' dir='ltr'><strong>i5tn</strong></span> <span class='ocrx_word' id='word_1_197' title='bbox 2299 1111 2474 1174; x_wconf 90' lang='lat' dir='ltr'><strong>modo,</strong></span> <span class='ocrx_word' id='word_1_198' title='bbox 2495 1121 2548 1165; x_wconf 92' lang='lat' dir='ltr'><strong>ct</strong></span> <span class='ocrx_word' id='word_1_199' title='bbox 2572 1123 2717 1181; x_wconf 85' lang='lat' dir='ltr'><strong>pater</strong></span> <span class='ocrx_word' id='word_1_200' title='bbox 2736 1127 2809 1168; x_wconf 88' lang='lat' dir='ltr'><strong>est</strong></span> <span class='ocrx_word' id='word_1_201' title='bbox 2826 1125 2879 1170; x_wconf 91' lang='lat' dir='ltr'><strong>et</strong></span> <span class='ocrx_word' id='word_1_202' title='bbox 2900 1117 3036 1170; x_wconf 88' lang='lat' dir='ltr'><strong>Deus</strong></span> <span class='ocrx_word' id='word_1_203' title='bbox 3057 1126 3160 1183; x_wconf 87' lang='lat' dir='ltr'><strong>est,</strong></span> <span class='ocrx_word' id='word_1_204' title='bbox 3180 1118 3379 1172; x_wconf 87' lang='lat' dir='ltr'><strong>etﬁlius</strong></span> <span class='ocrx_word' id='word_1_205' title='bbox 3408 1130 3493 1174; x_wconf 87' lang='lat' dir='ltr'><strong>est</strong></span> <span class='ocrx_word' id='word_1_206' title='bbox 3521 1131 3578 1174; x_wconf 90' lang='lat' dir='ltr'><strong>et</strong></span> <span class='ocrx_word' id='word_1_207' title='bbox 3594 1123 3749 1193; x_wconf 44' lang='lat'><strong>167“.</strong></span> 
     </span>
    </p>
   </div>
   <div class='ocr_carea' id='block_1_29' title="bbox 2252 1197 3750 1270">
    <p class='ocr_par' dir='ltr' id='par_1_29' title="bbox 2252 1197 3750 1270">
     <span class='ocr_line' id='line_1_29' title="bbox 2252 1197 3750 1270; baseline 0.009 -19"><span class='ocrx_word' id='word_1_208' title='bbox 2252 1197 2438 1252; x_wconf 81' lang='lat' dir='ltr'>XXIV.</span> <span class='ocrx_word' id='word_1_209' title='bbox 2482 1200 2582 1257; x_wconf 88' lang='lat' dir='ltr'><strong>Ubi</strong></span> <span class='ocrx_word' id='word_1_210' title='bbox 2624 1205 2777 1270; x_wconf 80' lang='lat' dir='ltr'><strong>igitur</strong></span> <span class='ocrx_word' id='word_1_211' title='bbox 2817 1215 2898 1258; x_wconf 87' lang='lat' dir='ltr'><strong>est</strong></span> <span class='ocrx_word' id='word_1_212' title='bbox 2940 1206 3027 1260; x_wconf 85' lang='lat' dir='ltr'><strong>ille</strong></span> <span class='ocrx_word' id='word_1_213' title='bbox 3077 1208 3307 1261; x_wconf 78' lang='lat' dir='ltr'><strong>nefarius</strong></span> <span class='ocrx_word' id='word_1_214' title='bbox 3354 1211 3665 1265; x_wconf 86' lang='lat' dir='ltr'><strong>intellectus</strong></span> <span class='ocrx_word' id='word_1_215' title='bbox 3703 1224 3750 1264; x_wconf 89' lang='grc' dir='ltr'><strong>ει</strong></span> 
     </span>
    </p>
   </div>
   <div class='ocr_carea' id='block_1_30' title="bbox 2178 1286 3750 1366">
    <p class='ocr_par' dir='ltr' id='par_1_30' title="bbox 2178 1286 3750 1366">
     <span class='ocr_line' id='line_1_30' title="bbox 2178 1286 3750 1366; baseline 0.011 -26"><span class='ocrx_word' id='word_1_216' title='bbox 2178 1286 2559 1357; x_wconf 84' lang='lat' dir='ltr'><strong>blasphemus?</strong></span> <span class='ocrx_word' id='word_1_217' title='bbox 2583 1291 2678 1346; x_wconf 85' lang='lat' dir='ltr'><strong>Ubi</strong></span> <span class='ocrx_word' id='word_1_218' title='bbox 2710 1294 2865 1348; x_wconf 89' lang='lat' dir='ltr'><strong>habet</strong></span> <span class='ocrx_word' id='word_1_219' title='bbox 2895 1298 3065 1349; x_wconf 89' lang='lat' dir='ltr'><strong>locum</strong></span> <span class='ocrx_word' id='word_1_220' title='bbox 3097 1298 3238 1351; x_wconf 83' lang='lat' dir='ltr'><strong>aliud</strong></span> <span class='ocrx_word' id='word_1_221' title='bbox 3272 1300 3395 1366; x_wconf 87' lang='lat' dir='ltr'><strong>quid</strong></span> <span class='ocrx_word' id='word_1_222' title='bbox 3424 1315 3569 1365; x_wconf 88' lang='lat' dir='ltr'><strong>esse,</strong></span> <span class='ocrx_word' id='word_1_223' title='bbox 3605 1312 3660 1356; x_wconf 84' lang='lat' dir='ltr'><strong>ct</strong></span> <span class='ocrx_word' id='word_1_224' title='bbox 3687 1304 3750 1357; x_wconf 80' lang='lat' dir='ltr'><strong>ab</strong></span> 
     </span>
    </p>
   </div>
   <div class='ocr_carea' id='block_1_31' title="bbox 2176 1376 3745 1457">
    <p class='ocr_par' dir='ltr' id='par_1_31' title="bbox 2176 1376 3745 1457">
     <span class='ocr_line' id='line_1_31' title="bbox 2176 1376 3745 1457; baseline 0.01 -30"><span class='ocrx_word' id='word_1_225' title='bbox 2176 1376 2280 1429; x_wconf 90' lang='lat' dir='ltr'><strong>alio</strong></span> <span class='ocrx_word' id='word_1_226' title='bbox 2353 1380 2514 1433; x_wconf 91' lang='lat' dir='ltr'><strong>habet</strong></span> <span class='ocrx_word' id='word_1_227' title='bbox 2578 1383 2794 1435; x_wconf 90' lang='lat' dir='ltr'><strong>locum?</strong></span> <span class='ocrx_word' id='word_1_228' title='bbox 2842 1383 2940 1439; x_wconf 87' lang='lat' dir='ltr'><strong>Ubi</strong></span> <span class='ocrx_word' id='word_1_229' title='bbox 3005 1396 3084 1439; x_wconf 88' lang='lat' dir='ltr'><strong>est</strong></span> <span class='ocrx_word' id='word_1_230' title='bbox 3142 1388 3281 1457; x_wconf 88' lang='lat' dir='ltr'><strong>quod</strong></span> <span class='ocrx_word' id='word_1_231' title='bbox 3309 1390 3536 1456; x_wconf 86' lang='lat' dir='ltr'><strong>amplius</strong></span> <span class='ocrx_word' id='word_1_232' title='bbox 3584 1390 3745 1454; x_wconf 85' lang='lat' dir='ltr'><strong>dicit,</strong></span> 
     </span>
    </p>
   </div>
   <div class='ocr_carea' id='block_1_32' title="bbox 2175 1468 3744 1541">
    <p class='ocr_par' dir='ltr' id='par_1_32' title="bbox 2175 1468 3744 1541">
     <span class='ocr_line' id='line_1_32' title="bbox 2175 1468 3744 1541; baseline 0.01 -22"><span class='ocrx_word' id='word_1_233' title='bbox 2175 1482 2237 1519; x_wconf 81' lang='lat' dir='ltr'><strong>ex</strong></span> <span class='ocrx_word' id='word_1_234' title='bbox 2268 1468 2431 1522; x_wconf 91' lang='lat' dir='ltr'><strong>nihilo</strong></span> <span class='ocrx_word' id='word_1_235' title='bbox 2458 1485 2578 1524; x_wconf 91' lang='lat' dir='ltr'><strong>esse</strong></span> <span class='ocrx_word' id='word_1_236' title='bbox 2606 1471 2786 1526; x_wconf 83' lang='lat' dir='ltr'><strong>Jesum</strong></span> <span class='ocrx_word' id='word_1_237' title='bbox 2815 1473 3117 1541; x_wconf 86' lang='lat' dir='ltr'><strong>Christum,</strong></span> <span class='ocrx_word' id='word_1_238' title='bbox 3164 1480 3325 1531; x_wconf 86' lang='lat' dir='ltr'><strong>lilium</strong></span> <span class='ocrx_word' id='word_1_239' title='bbox 3372 1479 3505 1531; x_wconf 85' lang='lat' dir='ltr'><strong>Dei?</strong></span> <span class='ocrx_word' id='word_1_240' title='bbox 3535 1478 3637 1533; x_wconf 87' lang='lat' dir='ltr'><strong>Ubi</strong></span> <span class='ocrx_word' id='word_1_241' title='bbox 3668 1490 3744 1535; x_wconf 79' lang='lat' dir='ltr'><strong>est</strong></span> 
     </span>
    </p>
   </div>
   <div class='ocr_carea' id='block_1_33' title="bbox 2174 1560 3740 1639">
    <p class='ocr_par' dir='ltr' id='par_1_33' title="bbox 2174 1560 3740 1639">
     <span class='ocr_line' id='line_1_33' title="bbox 2174 1560 3740 1639; baseline 0.01 -27"><span class='ocrx_word' id='word_1_242' title='bbox 2174 1560 2321 1627; x_wconf 90' lang='lat' dir='ltr'><strong>illud,</strong></span> <span class='ocrx_word' id='word_1_243' title='bbox 2346 1564 2484 1630; x_wconf 89' lang='lat' dir='ltr'><strong>quod</strong></span> <span class='ocrx_word' id='word_1_244' title='bbox 2516 1564 2733 1618; x_wconf 87' lang='lat' dir='ltr'><strong>nihilum</strong></span> <span class='ocrx_word' id='word_1_245' title='bbox 2770 1569 2887 1620; x_wconf 79' lang='lat' dir='ltr'><strong>est?</strong></span> <span class='ocrx_word' id='word_1_246' title='bbox 2908 1567 3184 1633; x_wconf 87' lang='lat' dir='ltr'><strong>Quomodo</strong></span> <span class='ocrx_word' id='word_1_247' title='bbox 3211 1572 3347 1639; x_wconf 87' lang='lat' dir='ltr'><strong>quod</strong></span> <span class='ocrx_word' id='word_1_248' title='bbox 3377 1571 3606 1625; x_wconf 90' lang='lat' dir='ltr'><strong>nihilum</strong></span> <span class='ocrx_word' id='word_1_249' title='bbox 3636 1583 3740 1637; x_wconf 87' lang='lat' dir='ltr'><strong>est,</strong></span> 
     </span>
    </p>
   </div>
   <div class='ocr_carea' id='block_1_34' title="bbox 2174 1654 3739 1731">
    <p class='ocr_par' dir='ltr' id='par_1_34' title="bbox 2174 1654 3739 1731">
     <span class='ocr_line' id='line_1_34' title="bbox 2174 1654 3739 1731; baseline 0.009 -28"><span class='ocrx_word' id='word_1_250' title='bbox 2174 1662 2340 1719; x_wconf 84' lang='lat' dir='ltr'><strong>potest</strong></span> <span class='ocrx_word' id='word_1_251' title='bbox 2386 1654 2618 1710; x_wconf 85' lang='lat' dir='ltr'><strong>incidere</strong></span> <span class='ocrx_word' id='word_1_252' title='bbox 2650 1659 2698 1711; x_wconf 90' lang='lat' dir='ltr'><strong>in</strong></span> <span class='ocrx_word' id='word_1_253' title='bbox 2735 1658 2894 1713; x_wconf 91' lang='lat' dir='ltr'><strong>Deum</strong></span> <span class='ocrx_word' id='word_1_254' title='bbox 2943 1670 3033 1714; x_wconf 90' lang='lat' dir='ltr'><strong>aut</strong></span> <span class='ocrx_word' id='word_1_255' title='bbox 3074 1662 3127 1714; x_wconf 89' lang='lat' dir='ltr'><strong>in</strong></span> <span class='ocrx_word' id='word_1_256' title='bbox 3176 1663 3553 1731; x_wconf 82' lang='lat' dir='ltr'><strong>cogitationem</strong></span> <span class='ocrx_word' id='word_1_257' title='bbox 3610 1665 3739 1719; x_wconf 78' lang='lat' dir='ltr'><strong>Dei?</strong></span> 
     </span>
    </p>
   </div>
   <div class='ocr_carea' id='block_1_35' title="bbox 510 1741 3739 1823">
    <p class='ocr_par' dir='ltr' id='par_1_35' title="bbox 510 1741 3739 1823">
     <span class='ocr_line' id='line_1_35' title="bbox 510 1741 3739 1823; baseline 0.002 -18"><span class='ocrx_word' id='word_1_258' title='bbox 510 1759 565 1805; x_wconf 89' lang='lat' dir='ltr'><strong>et</strong></span> <span class='ocrx_word' id='word_1_259' title='bbox 602 1748 975 1819; x_wconf 81' lang='lat' dir='ltr'><strong>magnitudinis</strong></span> <span class='ocrx_word' id='word_1_260' title='bbox 1010 1750 1135 1813; x_wconf 88' lang='lat' dir='ltr'><strong>Dei,</strong></span> <span class='ocrx_word' id='word_1_261' title='bbox 1164 1758 1216 1801; x_wconf 89' lang='lat' dir='ltr'><strong>et</strong></span> <span class='ocrx_word' id='word_1_262' title='bbox 1236 1747 1375 1801; x_wconf 87' lang='lat' dir='ltr'><strong>intus</strong></span> <span class='ocrx_word' id='word_1_263' title='bbox 1404 1757 1459 1799; x_wconf 90' lang='lat' dir='ltr'><strong>et</strong></span> <span class='ocrx_word' id='word_1_264' title='bbox 1486 1745 1614 1799; x_wconf 81' lang='lat' dir='ltr'><strong>foris</strong></span> <span class='ocrx_word' id='word_1_265' title='bbox 1634 1788 1649 1811; x_wconf 90' lang='lat'><strong>,</strong></span> <span class='ocrx_word' id='word_1_266' title='bbox 1681 1755 1734 1799; x_wconf 91' lang='lat' dir='ltr'><strong>et</strong></span> <span class='ocrx_word' id='word_1_267' title='bbox 1764 1744 1963 1797; x_wconf 84' lang='lat' dir='ltr'><strong>moveri</strong></span> <span class='ocrx_word' id='word_1_268' title='bbox 2013 1753 2065 1797; x_wconf 91' lang='lat' dir='ltr'><strong>et</strong></span> <span class='ocrx_word' id='word_1_269' title='bbox 2098 1745 2143 1803; x_wconf 90' lang='lat' dir='ltr'><strong>B</strong></span> <span class='ocrx_word' id='word_1_270' title='bbox 2173 1741 2305 1797; x_wconf 87' lang='lat' dir='ltr'><strong>Vera</strong></span> <span class='ocrx_word' id='word_1_271' title='bbox 2335 1746 2472 1799; x_wconf 92' lang='lat' dir='ltr'><strong>enim</strong></span> <span class='ocrx_word' id='word_1_272' title='bbox 2500 1749 2835 1817; x_wconf 88' lang='lat' dir='ltr'><strong>excogitatio,</strong></span> <span class='ocrx_word' id='word_1_273' title='bbox 2865 1767 2926 1805; x_wconf 80' lang='lat' dir='ltr'><strong>ex</strong></span> <span class='ocrx_word' id='word_1_274' title='bbox 2954 1754 3093 1806; x_wconf 88' lang='lat' dir='ltr'><strong>veris</strong></span> <span class='ocrx_word' id='word_1_275' title='bbox 3118 1764 3221 1807; x_wconf 89' lang='lat' dir='ltr'><strong>est.</strong></span> <span class='ocrx_word' id='word_1_276' title='bbox 3256 1754 3422 1809; x_wconf 85' lang='lat' dir='ltr'><strong>Porro</strong></span> <span class='ocrx_word' id='word_1_277' title='bbox 3446 1757 3588 1823; x_wconf 84' lang='lat' dir='ltr'><strong>quod</strong></span> <span class='ocrx_word' id='word_1_278' title='bbox 3618 1772 3739 1812; x_wconf 75' lang='lat' dir='ltr'><strong>vere</strong></span> 
     </span>
    </p>
   </div>
   <div class='ocr_carea' id='block_1_36' title="bbox 511 1835 2066 1909">
    <p class='ocr_par' dir='ltr' id='par_1_36' title="bbox 511 1835 2066 1909">
     <span class='ocr_line' id='line_1_36' title="bbox 511 1835 2066 1909; baseline -0.001 -18"><span class='ocrx_word' id='word_1_279' title='bbox 511 1840 741 1909; x_wconf 86' lang='lat' dir='ltr'><strong>operari.</strong></span> <span class='ocrx_word' id='word_1_280' title='bbox 768 1839 936 1893; x_wconf 89' lang='lat' dir='ltr'><strong>Omne</strong></span> <span class='ocrx_word' id='word_1_281' title='bbox 970 1840 1111 1893; x_wconf 89' lang='lat' dir='ltr'><strong>enim</strong></span> <span class='ocrx_word' id='word_1_282' title='bbox 1132 1837 1270 1907; x_wconf 89' lang='lat' dir='ltr'><strong>quod</strong></span> <span class='ocrx_word' id='word_1_283' title='bbox 1299 1848 1379 1890; x_wconf 87' lang='lat' dir='ltr'><strong>est</strong></span> <span class='ocrx_word' id='word_1_284' title='bbox 1404 1852 1582 1901; x_wconf 87' lang='lat' dir='ltr'><strong>omne,</strong></span> <span class='ocrx_word' id='word_1_285' title='bbox 1612 1846 1665 1890; x_wconf 90' lang='lat' dir='ltr'><strong>et</strong></span> <span class='ocrx_word' id='word_1_286' title='bbox 1689 1836 1828 1889; x_wconf 91' lang='lat' dir='ltr'><strong>intus</strong></span> <span class='ocrx_word' id='word_1_287' title='bbox 1858 1846 1908 1890; x_wconf 90' lang='lat' dir='ltr'><strong>et</strong></span> <span class='ocrx_word' id='word_1_288' title='bbox 1941 1835 2066 1889; x_wconf 81' lang='lat' dir='ltr'><strong>foris</strong></span> 
     </span>
    </p>
   </div>
   <div class='ocr_carea' id='block_1_37' title="bbox 511 1923 2066 1995">
    <p class='ocr_par' dir='ltr' id='par_1_37' title="bbox 511 1923 2066 1995">
     <span class='ocr_line' id='line_1_37' title="bbox 511 1923 2066 1995; baseline -0.003 -13"><span class='ocrx_word' id='word_1_289' title='bbox 511 1941 610 1984; x_wconf 90' lang='lat' dir='ltr'><strong>est.</strong></span> <span class='ocrx_word' id='word_1_290' title='bbox 650 1928 925 1995; x_wconf 87' lang='lat' dir='ltr'><strong>Quomodo</strong></span> <span class='ocrx_word' id='word_1_291' title='bbox 954 1928 1092 1981; x_wconf 90' lang='lat' dir='ltr'><strong>istud</strong></span> <span class='ocrx_word' id='word_1_292' title='bbox 1115 1969 1129 1993; x_wconf 89' lang='lat'><strong>,</strong></span> <span class='ocrx_word' id='word_1_293' title='bbox 1154 1936 1205 1980; x_wconf 90' lang='lat' dir='ltr'><strong>ct</strong></span> <span class='ocrx_word' id='word_1_294' title='bbox 1232 1926 1371 1979; x_wconf 91' lang='lat' dir='ltr'><strong>intus</strong></span> <span class='ocrx_word' id='word_1_295' title='bbox 1397 1934 1449 1980; x_wconf 93' lang='lat' dir='ltr'><strong>et</strong></span> <span class='ocrx_word' id='word_1_296' title='bbox 1476 1925 1601 1978; x_wconf 83' lang='lat' dir='ltr'><strong>loris</strong></span> <span class='ocrx_word' id='word_1_297' title='bbox 1629 1966 1642 1988; x_wconf 90' lang='lat'><strong>,</strong></span> <span class='ocrx_word' id='word_1_298' title='bbox 1679 1924 1784 1977; x_wconf 88' lang='lat' dir='ltr'><strong>Deo</strong></span> <span class='ocrx_word' id='word_1_299' title='bbox 1805 1923 2066 1979; x_wconf 86' lang='lat' dir='ltr'><strong>existente</strong></span> 
     </span>
    </p>
   </div>
   <div class='ocr_carea' id='block_1_38' title="bbox 505 2017 1712 2087">
    <p class='ocr_par' dir='ltr' id='par_1_38' title="bbox 505 2017 1712 2087">
     <span class='ocr_line' id='line_1_38' title="bbox 505 2017 1712 2087; baseline -0.005 -12"><span class='ocrx_word' id='word_1_300' title='bbox 505 2032 556 2075; x_wconf 90' lang='lat' dir='ltr'><strong>et</strong></span> <span class='ocrx_word' id='word_1_301' title='bbox 601 2022 649 2074; x_wconf 93' lang='lat' dir='ltr'><strong>in</strong></span> <span class='ocrx_word' id='word_1_302' title='bbox 697 2022 841 2075; x_wconf 80' lang='lat' dir='ltr'><strong>ontui</strong></span> <span class='ocrx_word' id='word_1_303' title='bbox 870 2031 921 2073; x_wconf 91' lang='lat' dir='ltr'><strong>et</strong></span> <span class='ocrx_word' id='word_1_304' title='bbox 952 2020 1003 2072; x_wconf 89' lang='lat' dir='ltr'><strong>iu</strong></span> <span class='ocrx_word' id='word_1_305' title='bbox 1036 2028 1177 2084; x_wconf 89' lang='lat' dir='ltr'><strong>toto,</strong></span> <span class='ocrx_word' id='word_1_306' title='bbox 1203 2028 1386 2087; x_wconf 89' lang='lat' dir='ltr'><strong>postea</strong></span> <span class='ocrx_word' id='word_1_307' title='bbox 1410 2017 1712 2071; x_wconf 88' lang='lat' dir='ltr'><strong>dicendum.</strong></span> 
     </span>
    </p>
   </div>
   <div class='ocr_carea' id='block_1_39' title="bbox 574 2105 2058 2175">
    <p class='ocr_par' dir='ltr' id='par_1_39' title="bbox 574 2105 2058 2175">
     <span class='ocr_line' id='line_1_39' title="bbox 574 2105 2058 2175; baseline -0.003 -11"><span class='ocrx_word' id='word_1_308' title='bbox 574 2109 737 2164; x_wconf 91' lang='lat' dir='ltr'>XXII.</span> <span class='ocrx_word' id='word_1_309' title='bbox 791 2108 938 2163; x_wconf 82' lang='lat' dir='ltr'><strong>Nunc</strong></span> <span class='ocrx_word' id='word_1_310' title='bbox 1002 2116 1175 2160; x_wconf 87' lang='lat' dir='ltr'><strong>autem</strong></span> <span class='ocrx_word' id='word_1_311' title='bbox 1233 2108 1413 2175; x_wconf 81' lang='lat' dir='ltr'><strong>accipe</strong></span> <span class='ocrx_word' id='word_1_312' title='bbox 1460 2121 1645 2160; x_wconf 88' lang='lat' dir='ltr'><strong>causas</strong></span> <span class='ocrx_word' id='word_1_313' title='bbox 1701 2105 2058 2175; x_wconf 85' lang='lat' dir='ltr'><strong>intelligendi,</strong></span> 
     </span>
    </p>
   </div>
   <div class='ocr_carea' id='block_1_40' title="bbox 502 2197 2062 2276">
    <p class='ocr_par' dir='ltr' id='par_1_40' title="bbox 502 2197 2062 2276">
     <span class='ocr_line' id='line_1_40' title="bbox 502 2197 2062 2276; baseline -0.005 -19"><span class='ocrx_word' id='word_1_314' title='bbox 502 2201 716 2276; x_wconf 69' lang='grc' dir='ltr'><strong>ἔμφασιν</strong></span> <span class='ocrx_word' id='word_1_315' title='bbox 762 2200 1014 2270; x_wconf 89' lang='lat' dir='ltr'><strong>temporis</strong></span> <span class='ocrx_word' id='word_1_316' title='bbox 1064 2200 1271 2268; x_wconf 83' lang='lat' dir='ltr'><strong>penitus</strong></span> <span class='ocrx_word' id='word_1_317' title='bbox 1318 2199 1524 2259; x_wconf 86' lang='lat' dir='ltr'><strong>abesse,</strong></span> <span class='ocrx_word' id='word_1_318' title='bbox 1573 2197 1788 2266; x_wconf 86' lang='lat' dir='ltr'><strong>stjuxta</strong></span> <span class='ocrx_word' id='word_1_319' title='bbox 1829 2201 1973 2264; x_wconf 86' lang='lat' dir='ltr'><strong>prius</strong></span> <span class='ocrx_word' id='word_1_320' title='bbox 2009 2205 2062 2251; x_wconf 91' lang='lat' dir='ltr'><strong>et</strong></span> 
     </span>
    </p>
   </div>
   <div class='ocr_carea' id='block_1_41' title="bbox 503 2288 2053 2363">
    <p class='ocr_par' dir='ltr' id='par_1_41' title="bbox 503 2288 2053 2363">
     <span class='ocr_line' id='line_1_41' title="bbox 503 2288 2053 2363; baseline -0.004 -18"><span class='ocrx_word' id='word_1_321' title='bbox 503 2293 804 2363; x_wconf 85' lang='lat' dir='ltr'><strong>posterius,</strong></span> <span class='ocrx_word' id='word_1_322' title='bbox 848 2294 1064 2348; x_wconf 92' lang='lat' dir='ltr'><strong>omnino</strong></span> <span class='ocrx_word' id='word_1_323' title='bbox 1106 2290 1221 2344; x_wconf 89' lang='lat' dir='ltr'><strong>sine</strong></span> <span class='ocrx_word' id='word_1_324' title='bbox 1267 2300 1504 2358; x_wconf 89' lang='lat' dir='ltr'><strong>tempore</strong></span> <span class='ocrx_word' id='word_1_325' title='bbox 1550 2288 1751 2343; x_wconf 68' lang='lat' dir='ltr'><strong>eﬁ‘ectis</strong></span> <span class='ocrx_word' id='word_1_326' title='bbox 1791 2289 2053 2342; x_wconf 88' lang='lat' dir='ltr'><strong>omnibus.</strong></span> 
     </span>
    </p>
   </div>
   <div class='ocr_carea' id='block_1_42' title="bbox 497 2380 2057 2451">
    <p class='ocr_par' dir='ltr' id='par_1_42' title="bbox 497 2380 2057 2451">
     <span class='ocr_line' id='line_1_42' title="bbox 497 2380 2057 2451; baseline -0.006 -12"><span class='ocrx_word' id='word_1_327' title='bbox 497 2386 577 2439; x_wconf 80' lang='lat' dir='ltr'><strong>Ex</strong></span> <span class='ocrx_word' id='word_1_328' title='bbox 615 2396 813 2441; x_wconf 80' lang='lat' dir='ltr'><strong>aeterno</strong></span> <span class='ocrx_word' id='word_1_329' title='bbox 842 2386 983 2440; x_wconf 91' lang='lat' dir='ltr'><strong>enim</strong></span> <span class='ocrx_word' id='word_1_330' title='bbox 1012 2384 1207 2438; x_wconf 90' lang='lat' dir='ltr'><strong>omnia.</strong></span> <span class='ocrx_word' id='word_1_331' title='bbox 1235 2383 1374 2437; x_wconf 88' lang='lat' dir='ltr'><strong>Deus</strong></span> <span class='ocrx_word' id='word_1_332' title='bbox 1402 2384 1563 2451; x_wconf 88' lang='lat' dir='ltr'><strong>igitur</strong></span> <span class='ocrx_word' id='word_1_333' title='bbox 1590 2380 1910 2433; x_wconf 88' lang='lat' dir='ltr'><strong>omnimodis</strong></span> <span class='ocrx_word' id='word_1_334' title='bbox 1942 2392 2057 2443; x_wconf 87' lang='lat' dir='ltr'><strong>per-</strong></span> 
     </span>
    </p>
   </div>
   <div class='ocr_carea' id='block_1_43' title="bbox 495 2473 2053 2547">
    <p class='ocr_par' dir='ltr' id='par_1_43' title="bbox 495 2473 2053 2547">
     <span class='ocr_line' id='line_1_43' title="bbox 495 2473 2053 2547; baseline -0.006 -16"><span class='ocrx_word' id='word_1_335' title='bbox 495 2476 685 2542; x_wconf 78' lang='lat' dir='ltr'><strong>fectus,</strong></span> <span class='ocrx_word' id='word_1_336' title='bbox 722 2488 775 2533; x_wconf 91' lang='lat' dir='ltr'><strong>et</strong></span> <span class='ocrx_word' id='word_1_337' title='bbox 798 2493 959 2547; x_wconf 90' lang='lat' dir='ltr'><strong>super</strong></span> <span class='ocrx_word' id='word_1_338' title='bbox 984 2476 1303 2530; x_wconf 88' lang='lat' dir='ltr'><strong>omnimodis</strong></span> <span class='ocrx_word' id='word_1_339' title='bbox 1352 2473 1584 2542; x_wconf 79' lang='lat' dir='ltr'><strong>perfecta</strong></span> <span class='ocrx_word' id='word_1_340' title='bbox 1636 2492 1649 2526; x_wconf 88' lang='lat'><strong>:</strong></span> <span class='ocrx_word' id='word_1_341' title='bbox 1704 2473 1747 2524; x_wconf 89' lang='lat' dir='ltr'><strong>is</strong></span> <span class='ocrx_word' id='word_1_342' title='bbox 1795 2475 1882 2540; x_wconf 89' lang='lat' dir='ltr'><strong>qui</strong></span> <span class='ocrx_word' id='word_1_343' title='bbox 1937 2484 2053 2523; x_wconf 89' lang='lat' dir='ltr'><strong>om-</strong></span> 
     </span>
    </p>
   </div>
   <div class='ocr_carea' id='block_1_44' title="bbox 496 2561 2052 2639">
    <p class='ocr_par' dir='ltr' id='par_1_44' title="bbox 496 2561 2052 2639">
     <span class='ocr_line' id='line_1_44' title="bbox 496 2561 2052 2639; baseline -0.007 -14"><span class='ocrx_word' id='word_1_344' title='bbox 496 2571 581 2625; x_wconf 89' lang='lat' dir='ltr'><strong>nia</strong></span> <span class='ocrx_word' id='word_1_345' title='bbox 610 2570 843 2635; x_wconf 74' lang='lat' dir='ltr'><strong>creavit,</strong></span> <span class='ocrx_word' id='word_1_346' title='bbox 893 2578 948 2623; x_wconf 89' lang='lat' dir='ltr'><strong>et</strong></span> <span class='ocrx_word' id='word_1_347' title='bbox 993 2570 1079 2639; x_wconf 92' lang='lat' dir='ltr'><strong>qui</strong></span> <span class='ocrx_word' id='word_1_348' title='bbox 1119 2568 1351 2622; x_wconf 90' lang='lat' dir='ltr'><strong>omnium</strong></span> <span class='ocrx_word' id='word_1_349' title='bbox 1397 2580 1554 2619; x_wconf 82' lang='lat' dir='ltr'><strong>causa</strong></span> <span class='ocrx_word' id='word_1_350' title='bbox 1600 2574 1721 2619; x_wconf 90' lang='lat' dir='ltr'><strong>est:</strong></span> <span class='ocrx_word' id='word_1_351' title='bbox 1757 2578 1860 2616; x_wconf 90' lang='lat' dir='ltr'><strong>non</strong></span> <span class='ocrx_word' id='word_1_352' title='bbox 1925 2561 2052 2615; x_wconf 91' lang='lat' dir='ltr'><strong>illud</strong></span> 
     </span>
    </p>
   </div>
   <div class='ocr_carea' id='block_1_45' title="bbox 490 2654 2054 2730">
    <p class='ocr_par' dir='ltr' id='par_1_45' title="bbox 490 2654 2054 2730">
     <span class='ocr_line' id='line_1_45' title="bbox 490 2654 2054 2730; baseline -0.006 -15"><span class='ocrx_word' id='word_1_353' title='bbox 490 2660 663 2730; x_wconf 78' lang='lat' dir='ltr'><strong>ipsum</strong></span> <span class='ocrx_word' id='word_1_354' title='bbox 719 2662 927 2724; x_wconf 90' lang='lat' dir='ltr'><strong>solum,</strong></span> <span class='ocrx_word' id='word_1_355' title='bbox 983 2660 1122 2728; x_wconf 90' lang='lat' dir='ltr'><strong>quod</strong></span> <span class='ocrx_word' id='word_1_356' title='bbox 1174 2674 1332 2712; x_wconf 90' lang='lat' dir='ltr'><strong>unum</strong></span> <span class='ocrx_word' id='word_1_357' title='bbox 1380 2658 1477 2711; x_wconf 84' lang='lat' dir='ltr'><strong>luit</strong></span> <span class='ocrx_word' id='word_1_358' title='bbox 1531 2668 1583 2711; x_wconf 90' lang='lat' dir='ltr'><strong>et</strong></span> <span class='ocrx_word' id='word_1_359' title='bbox 1625 2658 1830 2719; x_wconf 90' lang='lat' dir='ltr'><strong>solum;</strong></span> <span class='ocrx_word' id='word_1_360' title='bbox 1863 2654 1954 2707; x_wconf 88' lang='lat' dir='ltr'><strong>sed</strong></span> <span class='ocrx_word' id='word_1_361' title='bbox 2000 2660 2054 2706; x_wconf 89' lang='lat' dir='ltr'><strong>et</strong></span> 
     </span>
    </p>
   </div>
   <div class='ocr_carea' id='block_1_46' title="bbox 490 2744 2052 2819">
    <p class='ocr_par' dir='ltr' id='par_1_46' title="bbox 490 2744 2052 2819">
     <span class='ocr_line' id='line_1_46' title="bbox 490 2744 2052 2819; baseline -0.006 -14"><span class='ocrx_word' id='word_1_362' title='bbox 490 2754 653 2805; x_wconf 89' lang='lat' dir='ltr'><strong>multa</strong></span> <span class='ocrx_word' id='word_1_363' title='bbox 682 2760 735 2805; x_wconf 92' lang='lat' dir='ltr'><strong>et</strong></span> <span class='ocrx_word' id='word_1_364' title='bbox 760 2750 935 2805; x_wconf 87' lang='lat' dir='ltr'><strong>omnia</strong></span> <span class='ocrx_word' id='word_1_365' title='bbox 974 2765 1093 2819; x_wconf 73' lang='lat' dir='ltr'><strong>qum</strong></span> <span class='ocrx_word' id='word_1_366' title='bbox 1149 2750 1382 2818; x_wconf 89' lang='lat' dir='ltr'><strong>potentia</strong></span> <span class='ocrx_word' id='word_1_367' title='bbox 1450 2755 1571 2801; x_wconf 91' lang='lat' dir='ltr'><strong>sunt</strong></span> <span class='ocrx_word' id='word_1_368' title='bbox 1631 2760 1782 2811; x_wconf 81' lang='lat' dir='ltr'><strong>esse,</strong></span> <span class='ocrx_word' id='word_1_369' title='bbox 1844 2744 1937 2797; x_wconf 85' lang='lat' dir='ltr'><strong>luit</strong></span> <span class='ocrx_word' id='word_1_370' title='bbox 1998 2752 2052 2797; x_wconf 92' lang='lat' dir='ltr'><strong>et</strong></span> 
     </span>
    </p>
   </div>
   <div class='ocr_carea' id='block_1_47' title="bbox 489 2832 2050 2903">
    <p class='ocr_par' dir='ltr' id='par_1_47' title="bbox 489 2832 2050 2903">
     <span class='ocr_line' id='line_1_47' title="bbox 489 2832 2050 2903; baseline -0.007 -9"><span class='ocrx_word' id='word_1_371' title='bbox 489 2842 652 2895; x_wconf 84' lang='lat' dir='ltr'><strong>voluit</strong></span> <span class='ocrx_word' id='word_1_372' title='bbox 676 2856 797 2896; x_wconf 89' lang='lat' dir='ltr'><strong>esse</strong></span> <span class='ocrx_word' id='word_1_373' title='bbox 822 2840 1018 2893; x_wconf 88' lang='lat' dir='ltr'><strong>omnia.</strong></span> <span class='ocrx_word' id='word_1_374' title='bbox 1049 2840 1163 2894; x_wconf 83' lang='lat' dir='ltr'><strong>Alia</strong></span> <span class='ocrx_word' id='word_1_375' title='bbox 1192 2853 1351 2901; x_wconf 79' lang='lat' dir='ltr'><strong>vero,</strong></span> <span class='ocrx_word' id='word_1_376' title='bbox 1386 2838 1501 2891; x_wconf 87' lang='lat' dir='ltr'><strong>sine</strong></span> <span class='ocrx_word' id='word_1_377' title='bbox 1529 2837 1753 2897; x_wconf 86' lang='lat' dir='ltr'><strong>actione,</strong></span> <span class='ocrx_word' id='word_1_378' title='bbox 1781 2832 2050 2903; x_wconf 90' lang='lat' dir='ltr'><strong>quomodo</strong></span> 
     </span>
    </p>
   </div>
   <div class='ocr_carea' id='block_1_48' title="bbox 490 2922 2046 2999">
    <p class='ocr_par' dir='ltr' id='par_1_48' title="bbox 490 2922 2046 2999">
     <span class='ocr_line' id='line_1_48' title="bbox 490 2922 2046 2999; baseline -0.004 -18"><span class='ocrx_word' id='word_1_379' title='bbox 490 2931 739 2999; x_wconf 83' lang='lat' dir='ltr'><strong>possibile</strong></span> <span class='ocrx_word' id='word_1_380' title='bbox 794 2928 890 2981; x_wconf 80' lang='lat' dir='ltr'><strong>fuit</strong></span> <span class='ocrx_word' id='word_1_381' title='bbox 934 2930 1094 2983; x_wconf 80' lang='lat' dir='ltr'><strong>esse?</strong></span> <span class='ocrx_word' id='word_1_382' title='bbox 1146 2927 1391 2980; x_wconf 81' lang='lat' dir='ltr'><strong>Exsilivit</strong></span> <span class='ocrx_word' id='word_1_383' title='bbox 1441 2928 1593 2995; x_wconf 87' lang='lat' dir='ltr'><strong>igitur</strong></span> <span class='ocrx_word' id='word_1_384' title='bbox 1640 2924 1731 2977; x_wconf 90' lang='lat' dir='ltr'><strong>Dei</strong></span> <span class='ocrx_word' id='word_1_385' title='bbox 1774 2922 2046 2977; x_wconf 82' lang='lat' dir='ltr'><strong>voluntate</strong></span> 
     </span>
    </p>
   </div>
   <div class='ocr_carea' id='block_1_49' title="bbox 490 3011 2037 3088">
    <p class='ocr_par' dir='ltr' id='par_1_49' title="bbox 490 3011 2037 3088">
     <span class='ocr_line' id='line_1_49' title="bbox 490 3011 2037 3088; baseline -0.006 -17"><span class='ocrx_word' id='word_1_386' title='bbox 490 3019 628 3073; x_wconf 86' lang='lat' dir='ltr'><strong>actio</strong></span> <span class='ocrx_word' id='word_1_387' title='bbox 656 3035 668 3071; x_wconf 89' lang='lat'><strong>:</strong></span> <span class='ocrx_word' id='word_1_388' title='bbox 703 3022 814 3088; x_wconf 90' lang='lat' dir='ltr'><strong>ipsa</strong></span> <span class='ocrx_word' id='word_1_389' title='bbox 844 3026 1017 3071; x_wconf 89' lang='lat' dir='ltr'><strong>autem</strong></span> <span class='ocrx_word' id='word_1_390' title='bbox 1044 3018 1209 3080; x_wconf 91' lang='lat' dir='ltr'><strong>actio,</strong></span> <span class='ocrx_word' id='word_1_391' title='bbox 1245 3017 1333 3069; x_wconf 87' lang='lat' dir='ltr'><strong>Dei</strong></span> <span class='ocrx_word' id='word_1_392' title='bbox 1362 3016 1602 3068; x_wconf 76' lang='lat' dir='ltr'><strong>voluntas</strong></span> <span class='ocrx_word' id='word_1_393' title='bbox 1653 3013 1747 3066; x_wconf 80' lang='lat' dir='ltr'><strong>fuit</strong></span> <span class='ocrx_word' id='word_1_394' title='bbox 1774 3030 1785 3064; x_wconf 90' lang='lat'><strong>:</strong></span> <span class='ocrx_word' id='word_1_395' title='bbox 1815 3011 2037 3079; x_wconf 79' lang='lat' dir='ltr'><strong>simplex</strong></span> 
     </span>
    </p>
   </div>
   <div class='ocr_carea' id='block_1_50' title="bbox 2170 1839 3735 1918">
    <p class='ocr_par' dir='ltr' id='par_1_50' title="bbox 2170 1839 3735 1918">
     <span class='ocr_line' id='line_1_50' title="bbox 2170 1839 3735 1918; baseline 0.01 -31"><span class='ocrx_word' id='word_1_396' title='bbox 2170 1850 2273 1889; x_wconf 91' lang='lat' dir='ltr'><strong>non</strong></span> <span class='ocrx_word' id='word_1_397' title='bbox 2304 1846 2404 1901; x_wconf 89' lang='lat' dir='ltr'><strong>est,</strong></span> <span class='ocrx_word' id='word_1_398' title='bbox 2435 1839 2621 1893; x_wconf 78' lang='lat' dir='ltr'><strong>lalsum</strong></span> <span class='ocrx_word' id='word_1_399' title='bbox 2650 1853 2747 1895; x_wconf 85' lang='lat' dir='ltr'><strong>est.</strong></span> <span class='ocrx_word' id='word_1_400' title='bbox 2781 1842 2895 1896; x_wconf 88' lang='lat' dir='ltr'><strong>Non</strong></span> <span class='ocrx_word' id='word_1_401' title='bbox 2924 1844 3081 1912; x_wconf 86' lang='lat' dir='ltr'><strong>igitur</strong></span> <span class='ocrx_word' id='word_1_402' title='bbox 3108 1847 3378 1916; x_wconf 79' lang='lat' dir='ltr'><strong>excogitat</strong></span> <span class='ocrx_word' id='word_1_403' title='bbox 3402 1849 3561 1913; x_wconf 87' lang='lat' dir='ltr'><strong>Deus,</strong></span> <span class='ocrx_word' id='word_1_404' title='bbox 3597 1850 3735 1918; x_wconf 87' lang='lat' dir='ltr'><strong>quod</strong></span> 
     </span>
    </p>
   </div>
   <div class='ocr_carea' id='block_1_51' title="bbox 2170 1930 3733 2005">
    <p class='ocr_par' dir='ltr' id='par_1_51' title="bbox 2170 1930 3733 2005">
     <span class='ocr_line' id='line_1_51' title="bbox 2170 1930 3733 2005; baseline 0.009 -28"><span class='ocrx_word' id='word_1_405' title='bbox 2170 1940 2292 1979; x_wconf 83' lang='lat' dir='ltr'><strong>vere</strong></span> <span class='ocrx_word' id='word_1_406' title='bbox 2320 1942 2423 1989; x_wconf 68' lang='lat' dir='ltr'><strong>non</strong></span> <span class='ocrx_word' id='word_1_407' title='bbox 2446 1939 2548 1982; x_wconf 89' lang='lat' dir='ltr'><strong>est.</strong></span> <span class='ocrx_word' id='word_1_408' title='bbox 2576 1930 2677 1984; x_wconf 88' lang='lat' dir='ltr'><strong>Sed</strong></span> <span class='ocrx_word' id='word_1_409' title='bbox 2723 1948 2819 1985; x_wconf 90' lang='lat' dir='ltr'><strong>nos</strong></span> <span class='ocrx_word' id='word_1_410' title='bbox 2852 1932 3005 1996; x_wconf 79' lang='lat' dir='ltr'><strong>fallit,</strong></span> <span class='ocrx_word' id='word_1_411' title='bbox 3059 1937 3304 2004; x_wconf 84' lang='lat' dir='ltr'><strong>quoniam</strong></span> <span class='ocrx_word' id='word_1_412' title='bbox 3358 1937 3450 1991; x_wconf 90' lang='lat' dir='ltr'><strong>Dei</strong></span> <span class='ocrx_word' id='word_1_413' title='bbox 3502 1942 3733 2005; x_wconf 80' lang='lat' dir='ltr'><strong>potentia</strong></span> 
     </span>
    </p>
   </div>
   <div class='ocr_carea' id='block_1_52' title="bbox 2167 2013 3728 2099">
    <p class='ocr_par' dir='ltr' id='par_1_52' title="bbox 2167 2013 3728 2099">
     <span class='ocr_line' id='line_1_52' title="bbox 2167 2013 3728 2099; baseline 0.01 -34"><span class='ocrx_word' id='word_1_414' title='bbox 2167 2013 2217 2066; x_wconf 92' lang='lat' dir='ltr'><strong>in</strong></span> <span class='ocrx_word' id='word_1_415' title='bbox 2252 2015 2350 2068; x_wconf 85' lang='lat' dir='ltr'><strong>isto</strong></span> <span class='ocrx_word' id='word_1_416' title='bbox 2373 2021 2537 2087; x_wconf 88' lang='lat' dir='ltr'><strong>magis</strong></span> <span class='ocrx_word' id='word_1_417' title='bbox 2566 2022 2830 2075; x_wconf 84' lang='lat' dir='ltr'><strong>credimus</strong></span> <span class='ocrx_word' id='word_1_418' title='bbox 2850 2063 2863 2086; x_wconf 94' lang='lat'><strong>,</strong></span> <span class='ocrx_word' id='word_1_419' title='bbox 2893 2023 2938 2075; x_wconf 89' lang='lat' dir='ltr'><strong>si</strong></span> <span class='ocrx_word' id='word_1_420' title='bbox 2970 2025 3034 2076; x_wconf 91' lang='lat' dir='ltr'><strong>ab</strong></span> <span class='ocrx_word' id='word_1_421' title='bbox 3061 2025 3123 2078; x_wconf 89' lang='lat' dir='ltr'><strong>iis</strong></span> <span class='ocrx_word' id='word_1_422' title='bbox 3149 2042 3267 2095; x_wconf 76' lang='lat' dir='ltr'><strong>quae</strong></span> <span class='ocrx_word' id='word_1_423' title='bbox 3297 2042 3423 2081; x_wconf 84' lang='lat' dir='ltr'><strong>vere</strong></span> <span class='ocrx_word' id='word_1_424' title='bbox 3453 2043 3559 2081; x_wconf 91' lang='lat' dir='ltr'><strong>non</strong></span> <span class='ocrx_word' id='word_1_425' title='bbox 3591 2041 3728 2099; x_wconf 78' lang='lat' dir='ltr'><strong>sunt,</strong></span> 
     </span>
    </p>
   </div>
   <div class='ocr_carea' id='block_1_53' title="bbox 2163 2103 3731 2188">
    <p class='ocr_par' dir='ltr' id='par_1_53' title="bbox 2163 2103 3731 2188">
     <span class='ocr_line' id='line_1_53' title="bbox 2163 2103 3731 2188; baseline 0.011 -33"><span class='ocrx_word' id='word_1_426' title='bbox 2163 2103 2359 2158; x_wconf 80' lang='lat' dir='ltr'><strong>efﬁciat</strong></span> <span class='ocrx_word' id='word_1_427' title='bbox 2390 2122 2449 2160; x_wconf 89' lang='lat' dir='ltr'><strong>ea</strong></span> <span class='ocrx_word' id='word_1_428' title='bbox 2497 2124 2613 2177; x_wconf 71' lang='lat' dir='ltr'><strong>qua:</strong></span> <span class='ocrx_word' id='word_1_429' title='bbox 2662 2125 2790 2165; x_wconf 83' lang='lat' dir='ltr'><strong>vere</strong></span> <span class='ocrx_word' id='word_1_430' title='bbox 2829 2124 2968 2165; x_wconf 90' lang='lat' dir='ltr'><strong>sunt.</strong></span> <span class='ocrx_word' id='word_1_431' title='bbox 2998 2113 3102 2167; x_wconf 86' lang='lat' dir='ltr'><strong>Sed</strong></span> <span class='ocrx_word' id='word_1_432' title='bbox 3148 2120 3198 2166; x_wconf 88' lang='lat' dir='ltr'><strong>iu</strong></span> <span class='ocrx_word' id='word_1_433' title='bbox 3228 2126 3489 2182; x_wconf 81' lang='lat' dir='ltr'><strong>quantum</strong></span> <span class='ocrx_word' id='word_1_434' title='bbox 3516 2118 3606 2171; x_wconf 88' lang='lat' dir='ltr'><strong>Dei</strong></span> <span class='ocrx_word' id='word_1_435' title='bbox 3636 2135 3731 2188; x_wconf 52' lang='lat' dir='ltr'><strong>po.</strong></span> 
     </span>
    </p>
   </div>
   <div class='ocr_carea' id='block_1_54' title="bbox 2165 2197 3728 2275">
    <p class='ocr_par' dir='ltr' id='par_1_54' title="bbox 2165 2197 3728 2275">
     <span class='ocr_line' id='line_1_54' title="bbox 2165 2197 3728 2275; baseline 0.012 -30"><span class='ocrx_word' id='word_1_436' title='bbox 2165 2197 2322 2247; x_wconf 88' lang='lat' dir='ltr'><strong>lentia</strong></span> <span class='ocrx_word' id='word_1_437' title='bbox 2347 2198 2522 2251; x_wconf 89' lang='lat' dir='ltr'><strong>omnia</strong></span> <span class='ocrx_word' id='word_1_438' title='bbox 2556 2208 2728 2267; x_wconf 88' lang='lat' dir='ltr'><strong>potest</strong></span> <span class='ocrx_word' id='word_1_439' title='bbox 2753 2242 2765 2262; x_wconf 87' lang='lat'><strong>,</strong></span> <span class='ocrx_word' id='word_1_440' title='bbox 2818 2202 2868 2255; x_wconf 93' lang='lat' dir='ltr'><strong>iu</strong></span> <span class='ocrx_word' id='word_1_441' title='bbox 2901 2212 3099 2256; x_wconf 88' lang='lat' dir='ltr'><strong>tantum</strong></span> <span class='ocrx_word' id='word_1_442' title='bbox 3146 2208 3295 2273; x_wconf 83' lang='lat' dir='ltr'><strong>juxta</strong></span> <span class='ocrx_word' id='word_1_443' title='bbox 3325 2209 3467 2275; x_wconf 91' lang='lat' dir='ltr'><strong>quod</strong></span> <span class='ocrx_word' id='word_1_444' title='bbox 3498 2210 3728 2275; x_wconf 79' lang='lat' dir='ltr'><strong>potentia</strong></span> 
     </span>
    </p>
   </div>
   <div class='ocr_carea' id='block_1_55' title="bbox 2160 2286 3727 2365">
    <p class='ocr_par' dir='ltr' id='par_1_55' title="bbox 2160 2286 3727 2365">
     <span class='ocr_line' id='line_1_55' title="bbox 2160 2286 3727 2365; baseline 0.011 -28"><span class='ocrx_word' id='word_1_445' title='bbox 2160 2295 2259 2349; x_wconf 89' lang='lat' dir='ltr'><strong>est,</strong></span> <span class='ocrx_word' id='word_1_446' title='bbox 2293 2286 2421 2339; x_wconf 89' lang='lat' dir='ltr'><strong>nihil</strong></span> <span class='ocrx_word' id='word_1_447' title='bbox 2452 2288 2592 2342; x_wconf 88' lang='lat' dir='ltr'><strong>aliud</strong></span> <span class='ocrx_word' id='word_1_448' title='bbox 2615 2302 2833 2357; x_wconf 86' lang='lat' dir='ltr'><strong>generat</strong></span> <span class='ocrx_word' id='word_1_449' title='bbox 2862 2308 3016 2361; x_wconf 87' lang='lat' dir='ltr'><strong>quam</strong></span> <span class='ocrx_word' id='word_1_450' title='bbox 3044 2310 3266 2362; x_wconf 86' lang='lat' dir='ltr'><strong>quorum</strong></span> <span class='ocrx_word' id='word_1_451' title='bbox 3300 2302 3542 2365; x_wconf 84' lang='lat' dir='ltr'><strong>potentia</strong></span> <span class='ocrx_word' id='word_1_452' title='bbox 3568 2314 3647 2354; x_wconf 87' lang='lat' dir='ltr'><strong>est</strong></span> <span class='ocrx_word' id='word_1_453' title='bbox 3673 2310 3727 2354; x_wconf 87' lang='lat' dir='ltr'><strong>ut</strong></span> 
     </span>
    </p>
   </div>
   <div class='ocr_carea' id='block_1_56' title="bbox 2158 2375 3723 2458">
    <p class='ocr_par' dir='ltr' id='par_1_56' title="bbox 2158 2375 3723 2458">
     <span class='ocr_line' id='line_1_56' title="bbox 2158 2375 3723 2458; baseline 0.013 -31"><span class='ocrx_word' id='word_1_454' title='bbox 2158 2375 2282 2428; x_wconf 88' lang='lat' dir='ltr'><strong>sint.</strong></span> <span class='ocrx_word' id='word_1_455' title='bbox 2318 2377 2512 2432; x_wconf 86' lang='lat' dir='ltr'><strong>Eorum</strong></span> <span class='ocrx_word' id='word_1_456' title='bbox 2555 2394 2729 2435; x_wconf 88' lang='lat' dir='ltr'><strong>autem</strong></span> <span class='ocrx_word' id='word_1_457' title='bbox 2769 2399 2885 2451; x_wconf 70' lang='lat' dir='ltr'><strong>qum</strong></span> <span class='ocrx_word' id='word_1_458' title='bbox 2918 2400 3041 2439; x_wconf 86' lang='lat' dir='ltr'><strong>vere</strong></span> <span class='ocrx_word' id='word_1_459' title='bbox 3071 2401 3174 2440; x_wconf 89' lang='lat' dir='ltr'><strong>non</strong></span> <span class='ocrx_word' id='word_1_460' title='bbox 3206 2399 3326 2441; x_wconf 90' lang='lat' dir='ltr'><strong>sunt</strong></span> <span class='ocrx_word' id='word_1_461' title='bbox 3359 2392 3684 2446; x_wconf 88' lang='lat' dir='ltr'><strong>omnimodis</strong></span> <span class='ocrx_word' id='word_1_462' title='bbox 3708 2432 3723 2458; x_wconf 91' lang='lat'><strong>,</strong></span> 
     </span>
    </p>
   </div>
   <div class='ocr_carea' id='block_1_57' title="bbox 2158 2468 2932 2538">
    <p class='ocr_par' dir='ltr' id='par_1_57' title="bbox 2158 2468 2932 2538">
     <span class='ocr_line' id='line_1_57' title="bbox 2158 2468 2932 2538; baseline 0.01 -21"><span class='ocrx_word' id='word_1_463' title='bbox 2158 2468 2375 2520; x_wconf 86' lang='lat' dir='ltr'><strong>omnino</strong></span> <span class='ocrx_word' id='word_1_464' title='bbox 2401 2470 2540 2521; x_wconf 89' lang='lat' dir='ltr'><strong>nulla</strong></span> <span class='ocrx_word' id='word_1_465' title='bbox 2575 2473 2806 2538; x_wconf 89' lang='lat' dir='ltr'><strong>potentia</strong></span> <span class='ocrx_word' id='word_1_466' title='bbox 2833 2485 2932 2527; x_wconf 86' lang='lat' dir='ltr'><strong>est.</strong></span> 
     </span>
    </p>
   </div>
   <div class='ocr_carea' id='block_1_58' title="bbox 2227 2556 3718 2641">
    <p class='ocr_par' dir='ltr' id='par_1_58' title="bbox 2227 2556 3718 2641">
     <span class='ocr_line' id='line_1_58' title="bbox 2227 2556 3718 2641; baseline 0.012 -32"><span class='ocrx_word' id='word_1_467' title='bbox 2227 2556 2391 2611; x_wconf 85' lang='lat' dir='ltr'>XXV.</span> <span class='ocrx_word' id='word_1_468' title='bbox 2451 2560 2725 2627; x_wconf 85' lang='lat' dir='ltr'><strong>Quomodo</strong></span> <span class='ocrx_word' id='word_1_469' title='bbox 2779 2580 2904 2633; x_wconf 88' lang='lat' dir='ltr'><strong>ergo</strong></span> <span class='ocrx_word' id='word_1_470' title='bbox 2967 2567 3107 2619; x_wconf 91' lang='lat' dir='ltr'><strong>nulla</strong></span> <span class='ocrx_word' id='word_1_471' title='bbox 3171 2568 3435 2625; x_wconf 84' lang='lat' dir='ltr'><strong>existente</strong></span> <span class='ocrx_word' id='word_1_472' title='bbox 3492 2574 3718 2641; x_wconf 86' lang='lat' dir='ltr'><strong>potentia</strong></span> 
     </span>
    </p>
   </div>
   <div class='ocr_carea' id='block_1_59' title="bbox 2155 2656 3717 2721">
    <p class='ocr_par' dir='ltr' id='par_1_59' title="bbox 2155 2656 3717 2721">
     <span class='ocr_line' id='line_1_59' title="bbox 2155 2656 3717 2721; baseline 0.011 -21"><span class='ocrx_word' id='word_1_473' title='bbox 2155 2660 2336 2700; x_wconf 92' lang='lat' dir='ltr'><strong>eorum</strong></span> <span class='ocrx_word' id='word_1_474' title='bbox 2369 2665 2484 2717; x_wconf 70' lang='lat' dir='ltr'><strong>quae</strong></span> <span class='ocrx_word' id='word_1_475' title='bbox 2528 2667 2649 2704; x_wconf 85' lang='lat' dir='ltr'><strong>vere</strong></span> <span class='ocrx_word' id='word_1_476' title='bbox 2695 2668 2797 2707; x_wconf 91' lang='lat' dir='ltr'><strong>non</strong></span> <span class='ocrx_word' id='word_1_477' title='bbox 2828 2664 2984 2721; x_wconf 91' lang='lat' dir='ltr'><strong>sunt,</strong></span> <span class='ocrx_word' id='word_1_478' title='bbox 3016 2656 3196 2711; x_wconf 85' lang='lat' dir='ltr'><strong>en‘eeta</strong></span> <span class='ocrx_word' id='word_1_479' title='bbox 3242 2672 3323 2713; x_wconf 87' lang='lat' dir='ltr'><strong>est</strong></span> <span class='ocrx_word' id='word_1_480' title='bbox 3368 2662 3510 2716; x_wconf 86' lang='lat' dir='ltr'><strong>actio</strong></span> <span class='ocrx_word' id='word_1_481' title='bbox 3538 2678 3717 2718; x_wconf 88' lang='lat' dir='ltr'><strong>eorum</strong></span> 
     </span>
    </p>
   </div>
   <div class='ocr_carea' id='block_1_60' title="bbox 2153 2741 3716 2817">
    <p class='ocr_par' dir='ltr' id='par_1_60' title="bbox 2153 2741 3716 2817">
     <span class='ocr_line' id='line_1_60' title="bbox 2153 2741 3716 2817; baseline 0.012 -29"><span class='ocrx_word' id='word_1_482' title='bbox 2153 2753 2271 2806; x_wconf 73' lang='lat' dir='ltr'><strong>qua:</strong></span> <span class='ocrx_word' id='word_1_483' title='bbox 2301 2741 2464 2793; x_wconf 76' lang='lat' dir='ltr'><strong>sunt?</strong></span> <span class='ocrx_word' id='word_1_484' title='bbox 2514 2742 2719 2812; x_wconf 89' lang='lat' dir='ltr'><strong>Quippe</strong></span> <span class='ocrx_word' id='word_1_485' title='bbox 2768 2745 2812 2797; x_wconf 91' lang='lat' dir='ltr'><strong>si</strong></span> <span class='ocrx_word' id='word_1_486' title='bbox 2860 2756 2941 2799; x_wconf 83' lang='lat' dir='ltr'><strong>est</strong></span> <span class='ocrx_word' id='word_1_487' title='bbox 2985 2746 3074 2799; x_wconf 89' lang='lat' dir='ltr'><strong>Dei</strong></span> <span class='ocrx_word' id='word_1_488' title='bbox 3121 2751 3351 2817; x_wconf 86' lang='lat' dir='ltr'><strong>potentia</strong></span> <span class='ocrx_word' id='word_1_489' title='bbox 3380 2793 3395 2814; x_wconf 93' lang='lat'><strong>,</strong></span> <span class='ocrx_word' id='word_1_490' title='bbox 3427 2762 3483 2804; x_wconf 90' lang='lat' dir='ltr'><strong>ttt</strong></span> <span class='ocrx_word' id='word_1_491' title='bbox 3510 2752 3574 2806; x_wconf 83' lang='lat' dir='ltr'><strong>ad</strong></span> <span class='ocrx_word' id='word_1_492' title='bbox 3602 2768 3716 2808; x_wconf 85' lang='lat' dir='ltr'><strong>esse</strong></span> 
     </span>
    </p>
   </div>
   <div class='ocr_carea' id='block_1_61' title="bbox 2151 2829 3711 2909">
    <p class='ocr_par' dir='ltr' id='par_1_61' title="bbox 2151 2829 3711 2909">
     <span class='ocr_line' id='line_1_61' title="bbox 2151 2829 3711 2909; baseline 0.013 -31"><span class='ocrx_word' id='word_1_493' title='bbox 2151 2829 2409 2883; x_wconf 87' lang='lat' dir='ltr'><strong>ducantur</strong></span> <span class='ocrx_word' id='word_1_494' title='bbox 2436 2846 2495 2884; x_wconf 86' lang='lat' dir='ltr'><strong>ea</strong></span> <span class='ocrx_word' id='word_1_495' title='bbox 2542 2848 2657 2899; x_wconf 58' lang='lat' dir='ltr'><strong>quas</strong></span> <span class='ocrx_word' id='word_1_496' title='bbox 2696 2848 2813 2888; x_wconf 89' lang='lat' dir='ltr'><strong>esse</strong></span> <span class='ocrx_word' id='word_1_497' title='bbox 2845 2852 2951 2889; x_wconf 89' lang='lat' dir='ltr'><strong>non</strong></span> <span class='ocrx_word' id='word_1_498' title='bbox 2982 2849 3220 2904; x_wconf 87' lang='lat' dir='ltr'><strong>possunt,</strong></span> <span class='ocrx_word' id='word_1_499' title='bbox 3267 2841 3377 2909; x_wconf 85' lang='lat' dir='ltr'><strong>jam</strong></span> <span class='ocrx_word' id='word_1_500' title='bbox 3427 2845 3711 2897; x_wconf 89' lang='lat' dir='ltr'><strong>secundum</strong></span> 
     </span>
    </p>
   </div>
   <div class='ocr_carea' id='block_1_62' title="bbox 2148 2921 3709 3002">
    <p class='ocr_par' dir='ltr' id='par_1_62' title="bbox 2148 2921 3709 3002">
     <span class='ocr_line' id='line_1_62' title="bbox 2148 2921 3709 3002; baseline 0.012 -34"><span class='ocrx_word' id='word_1_501' title='bbox 2148 2921 2437 2985; x_wconf 89' lang='lat' dir='ltr'><strong>potentiam</strong></span> <span class='ocrx_word' id='word_1_502' title='bbox 2493 2921 2686 2974; x_wconf 88' lang='lat' dir='ltr'><strong>habent</strong></span> <span class='ocrx_word' id='word_1_503' title='bbox 2737 2938 2889 2988; x_wconf 89' lang='lat' dir='ltr'><strong>esse,</strong></span> <span class='ocrx_word' id='word_1_504' title='bbox 2946 2928 3030 2980; x_wconf 90' lang='lat' dir='ltr'><strong>vel</strong></span> <span class='ocrx_word' id='word_1_505' title='bbox 3082 2940 3203 2982; x_wconf 90' lang='lat' dir='ltr'><strong>sunt</strong></span> <span class='ocrx_word' id='word_1_506' title='bbox 3256 2928 3416 2993; x_wconf 81' lang='grc' dir='ltr'>ὄντα,</span> <span class='ocrx_word' id='word_1_507' title='bbox 3468 2935 3555 2985; x_wconf 87' lang='lat' dir='ltr'><strong>illa</strong></span> <span class='ocrx_word' id='word_1_508' title='bbox 3604 2935 3709 3002; x_wconf 87' lang='lat' dir='ltr'><strong>ipsa</strong></span> 
     </span>
    </p>
   </div>
   <div class='ocr_carea' id='block_1_63' title="bbox 2147 3011 3707 3083">
    <p class='ocr_par' dir='ltr' id='par_1_63' title="bbox 2147 3011 3707 3083">
     <span class='ocr_line' id='line_1_63' title="bbox 2147 3011 3707 3083; baseline 0.012 -26"><span class='ocrx_word' id='word_1_509' title='bbox 2147 3022 2263 3074; x_wconf 70' lang='lat' dir='ltr'><strong>quze</strong></span> <span class='ocrx_word' id='word_1_510' title='bbox 2292 3011 2508 3063; x_wconf 87' lang='lat' dir='ltr'><strong>omnino</strong></span> <span class='ocrx_word' id='word_1_511' title='bbox 2559 3015 2657 3066; x_wconf 80' lang='grc' dir='ltr'><strong>εἰσὶ</strong></span> <span class='ocrx_word' id='word_1_512' title='bbox 2696 3020 2763 3083; x_wconf 78' lang='grc' dir='ltr'>μὴ</span> <span class='ocrx_word' id='word_1_513' title='bbox 2815 3013 2954 3070; x_wconf 81' lang='grc' dir='ltr'><strong>ὄντα.</strong></span> <span class='ocrx_word' id='word_1_514' title='bbox 2987 3017 3049 3069; x_wconf 84' lang='grc' dir='ltr'>Ει</span> <span class='ocrx_word' id='word_1_515' title='bbox 3078 3020 3273 3073; x_wconf 89' lang='lat' dir='ltr'><strong>idcirco</strong></span> <span class='ocrx_word' id='word_1_516' title='bbox 3313 3036 3419 3074; x_wconf 90' lang='lat' dir='ltr'><strong>non</strong></span> <span class='ocrx_word' id='word_1_517' title='bbox 3464 3038 3585 3078; x_wconf 83' lang='lat' dir='ltr'><strong>esse</strong></span> <span class='ocrx_word' id='word_1_518' title='bbox 3626 3026 3707 3077; x_wconf 81' lang='lat' dir='ltr'><strong>illa</strong></span> 
     </span>
    </p>
   </div>
   <div class='ocr_carea' id='block_1_64' title="bbox 484 3096 3703 3182">
    <p class='ocr_par' dir='ltr' id='par_1_64' title="bbox 484 3096 3703 3182">
     <span class='ocr_line' id='line_1_64' title="bbox 484 3096 3703 3182; baseline 0.002 -18"><span class='ocrx_word' id='word_1_519' title='bbox 484 3109 623 3165; x_wconf 89' lang='lat' dir='ltr'><strong>enim</strong></span> <span class='ocrx_word' id='word_1_520' title='bbox 654 3124 810 3162; x_wconf 91' lang='lat' dir='ltr'><strong>omne</strong></span> <span class='ocrx_word' id='word_1_521' title='bbox 832 3108 921 3161; x_wconf 90' lang='lat' dir='ltr'><strong>ibi.</strong></span> <span class='ocrx_word' id='word_1_522' title='bbox 953 3109 1107 3181; x_wconf 73' lang='grc' dir='ltr'><strong>Λόγος</strong></span> <span class='ocrx_word' id='word_1_523' title='bbox 1133 3122 1259 3175; x_wconf 88' lang='lat' dir='ltr'><strong>ergo</strong></span> <span class='ocrx_word' id='word_1_524' title='bbox 1283 3106 1367 3174; x_wconf 91' lang='lat' dir='ltr'><strong>qui</strong></span> <span class='ocrx_word' id='word_1_525' title='bbox 1400 3115 1479 3158; x_wconf 90' lang='lat' dir='ltr'><strong>est</strong></span> <span class='ocrx_word' id='word_1_526' title='bbox 1501 3105 1553 3159; x_wconf 89' lang='lat' dir='ltr'><strong>in</strong></span> <span class='ocrx_word' id='word_1_527' title='bbox 1589 3106 1695 3158; x_wconf 88' lang='lat' dir='ltr'><strong>Deo</strong></span> <span class='ocrx_word' id='word_1_528' title='bbox 1716 3144 1728 3167; x_wconf 94' lang='lat'><strong>,</strong></span> <span class='ocrx_word' id='word_1_529' title='bbox 1762 3104 1873 3170; x_wconf 88' lang='lat' dir='ltr'><strong>ipse</strong></span> <span class='ocrx_word' id='word_1_530' title='bbox 1905 3102 2043 3156; x_wconf 90' lang='lat' dir='ltr'><strong>Deus</strong></span> <span class='ocrx_word' id='word_1_531' title='bbox 2069 3102 2112 3163; x_wconf 86' lang='lat' dir='ltr'><strong>C</strong></span> <span class='ocrx_word' id='word_1_532' title='bbox 2144 3096 2372 3152; x_wconf 85' lang='lat' dir='ltr'><strong>diximus</strong></span> <span class='ocrx_word' id='word_1_533' title='bbox 2396 3142 2410 3166; x_wconf 89' lang='lat'><strong>,</strong></span> <span class='ocrx_word' id='word_1_534' title='bbox 2457 3118 2574 3169; x_wconf 78' lang='lat' dir='ltr'><strong>qua:</strong></span> <span class='ocrx_word' id='word_1_535' title='bbox 2621 3104 2670 3157; x_wconf 92' lang='lat' dir='ltr'><strong>in</strong></span> <span class='ocrx_word' id='word_1_536' title='bbox 2721 3106 3030 3161; x_wconf 87' lang='lat' dir='ltr'><strong>abscondito</strong></span> <span class='ocrx_word' id='word_1_537' title='bbox 3067 3112 3235 3178; x_wconf 90' lang='lat' dir='ltr'><strong>posita</strong></span> <span class='ocrx_word' id='word_1_538' title='bbox 3264 3122 3316 3165; x_wconf 92' lang='lat' dir='ltr'><strong>et</strong></span> <span class='ocrx_word' id='word_1_539' title='bbox 3346 3113 3400 3167; x_wconf 92' lang='lat' dir='ltr'><strong>in</strong></span> <span class='ocrx_word' id='word_1_540' title='bbox 3436 3119 3703 3182; x_wconf 87' lang='lat' dir='ltr'><strong>potentia,</strong></span> 
     </span>
    </p>
   </div>
   <div class='ocr_carea' id='block_1_65' title="bbox 482 3194 2039 3269">
    <p class='ocr_par' dir='ltr' id='par_1_65' title="bbox 482 3194 2039 3269">
     <span class='ocr_line' id='line_1_65' title="bbox 482 3194 2039 3269; baseline -0.008 -13"><span class='ocrx_word' id='word_1_541' title='bbox 482 3209 601 3264; x_wconf 88' lang='lat' dir='ltr'><strong>est,</strong></span> <span class='ocrx_word' id='word_1_542' title='bbox 635 3200 745 3269; x_wconf 89' lang='lat' dir='ltr'><strong>ipse</strong></span> <span class='ocrx_word' id='word_1_543' title='bbox 775 3200 1015 3253; x_wconf 84' lang='lat' dir='ltr'><strong>voluntas</strong></span> <span class='ocrx_word' id='word_1_544' title='bbox 1035 3240 1051 3263; x_wconf 94' lang='lat'><strong>,</strong></span> <span class='ocrx_word' id='word_1_545' title='bbox 1103 3198 1217 3267; x_wconf 90' lang='lat' dir='ltr'><strong>ipse</strong></span> <span class='ocrx_word' id='word_1_546' title='bbox 1258 3196 1600 3265; x_wconf 86' lang='lat' dir='ltr'><strong>intelligentia</strong></span> <span class='ocrx_word' id='word_1_547' title='bbox 1622 3236 1637 3259; x_wconf 88' lang='lat'><strong>,</strong></span> <span class='ocrx_word' id='word_1_548' title='bbox 1686 3194 1797 3262; x_wconf 87' lang='lat' dir='ltr'><strong>ipse</strong></span> <span class='ocrx_word' id='word_1_549' title='bbox 1822 3202 1876 3247; x_wconf 90' lang='lat' dir='ltr'><strong>et</strong></span> <span class='ocrx_word' id='word_1_550' title='bbox 1900 3194 2002 3245; x_wconf 90' lang='lat' dir='ltr'><strong>vita</strong></span> <span class='ocrx_word' id='word_1_551' title='bbox 2023 3231 2039 3257; x_wconf 93' lang='lat'><strong>,</strong></span> 
     </span>
    </p>
   </div>
   <div class='ocr_carea' id='block_1_66' title="bbox 483 3286 2036 3361">
    <p class='ocr_par' dir='ltr' id='par_1_66' title="bbox 483 3286 2036 3361">
     <span class='ocr_line' id='line_1_66' title="bbox 483 3286 2036 3361; baseline -0.006 -15"><span class='ocrx_word' id='word_1_552' title='bbox 483 3293 595 3361; x_wconf 90' lang='lat' dir='ltr'><strong>ipse</strong></span> <span class='ocrx_word' id='word_1_553' title='bbox 624 3291 762 3345; x_wconf 89' lang='lat' dir='ltr'><strong>actio</strong></span> <span class='ocrx_word' id='word_1_554' title='bbox 793 3307 806 3343; x_wconf 88' lang='lat'><strong>:</strong></span> <span class='ocrx_word' id='word_1_555' title='bbox 841 3306 903 3344; x_wconf 84' lang='lat' dir='ltr'><strong>ex</strong></span> <span class='ocrx_word' id='word_1_556' title='bbox 931 3305 989 3344; x_wconf 89' lang='lat' dir='ltr'><strong>se</strong></span> <span class='ocrx_word' id='word_1_557' title='bbox 1014 3290 1192 3358; x_wconf 86' lang='lat' dir='ltr'><strong>genito</strong></span> <span class='ocrx_word' id='word_1_558' title='bbox 1223 3296 1365 3341; x_wconf 90' lang='lat' dir='ltr'><strong>motu</strong></span> <span class='ocrx_word' id='word_1_559' title='bbox 1390 3327 1404 3349; x_wconf 93' lang='lat'><strong>,</strong></span> <span class='ocrx_word' id='word_1_560' title='bbox 1438 3288 1503 3340; x_wconf 88' lang='lat' dir='ltr'><strong>ab</strong></span> <span class='ocrx_word' id='word_1_561' title='bbox 1528 3302 1593 3340; x_wconf 87' lang='lat' dir='ltr'><strong>eo</strong></span> <span class='ocrx_word' id='word_1_562' title='bbox 1622 3286 1758 3355; x_wconf 90' lang='lat' dir='ltr'><strong>quod</strong></span> <span class='ocrx_word' id='word_1_563' title='bbox 1785 3294 1864 3338; x_wconf 89' lang='lat' dir='ltr'><strong>est</strong></span> <span class='ocrx_word' id='word_1_564' title='bbox 1888 3297 2036 3347; x_wconf 88' lang='lat' dir='ltr'><strong>esse,</strong></span> 
     </span>
    </p>
   </div>
   <div class='ocr_carea' id='block_1_67' title="bbox 484 3376 2040 3452">
    <p class='ocr_par' dir='ltr' id='par_1_67' title="bbox 484 3376 2040 3452">
     <span class='ocr_line' id='line_1_67' title="bbox 484 3376 2040 3452; baseline -0.008 -15"><span class='ocrx_word' id='word_1_565' title='bbox 484 3380 740 3452; x_wconf 83' lang='lat' dir='ltr'><strong>processit</strong></span> <span class='ocrx_word' id='word_1_566' title='bbox 769 3382 818 3434; x_wconf 90' lang='lat' dir='ltr'><strong>in</strong></span> <span class='ocrx_word' id='word_1_567' title='bbox 846 3395 964 3434; x_wconf 91' lang='lat' dir='ltr'><strong>esse</strong></span> <span class='ocrx_word' id='word_1_568' title='bbox 994 3394 1143 3433; x_wconf 86' lang='lat' dir='ltr'><strong>suum</strong></span> <span class='ocrx_word' id='word_1_569' title='bbox 1175 3378 1442 3447; x_wconf 87' lang='lat' dir='ltr'><strong>proprium</strong></span> <span class='ocrx_word' id='word_1_570' title='bbox 1474 3394 1487 3428; x_wconf 89' lang='lat'><strong>:</strong></span> <span class='ocrx_word' id='word_1_571' title='bbox 1516 3376 1566 3430; x_wconf 89' lang='lat' dir='ltr'><strong>id</strong></span> <span class='ocrx_word' id='word_1_572' title='bbox 1598 3385 1710 3443; x_wconf 90' lang='lat' dir='ltr'><strong>est,</strong></span> <span class='ocrx_word' id='word_1_573' title='bbox 1753 3377 1802 3427; x_wconf 92' lang='lat' dir='ltr'><strong>in</strong></span> <span class='ocrx_word' id='word_1_574' title='bbox 1829 3388 1933 3443; x_wconf 86' lang='lat' dir='ltr'><strong>quo</strong></span> <span class='ocrx_word' id='word_1_575' title='bbox 1958 3381 2040 3425; x_wconf 91' lang='lat' dir='ltr'><strong>est</strong></span> 
     </span>
    </p>
   </div>
   <div class='ocr_carea' id='block_1_68' title="bbox 480 3463 2037 3544">
    <p class='ocr_par' dir='ltr' id='par_1_68' title="bbox 480 3463 2037 3544">
     <span class='ocr_line' id='line_1_68' title="bbox 480 3463 2037 3544; baseline -0.006 -18"><span class='ocrx_word' id='word_1_576' title='bbox 480 3489 670 3543; x_wconf 87' lang='lat' dir='ltr'><strong>agerc;</strong></span> <span class='ocrx_word' id='word_1_577' title='bbox 717 3472 955 3541; x_wconf 86' lang='lat' dir='ltr'><strong>apparuit</strong></span> <span class='ocrx_word' id='word_1_578' title='bbox 1006 3472 1174 3538; x_wconf 88' lang='lat' dir='ltr'><strong>ipsum</strong></span> <span class='ocrx_word' id='word_1_579' title='bbox 1228 3482 1417 3544; x_wconf 81' lang='lat' dir='ltr'><strong>agere,</strong></span> <span class='ocrx_word' id='word_1_580' title='bbox 1446 3467 1584 3535; x_wconf 88' lang='lat' dir='ltr'><strong>quod</strong></span> <span class='ocrx_word' id='word_1_581' title='bbox 1612 3465 1823 3535; x_wconf 89' lang='lat' dir='ltr'><strong>quidem</strong></span> <span class='ocrx_word' id='word_1_582' title='bbox 1863 3463 2037 3518; x_wconf 82' lang='lat' dir='ltr'><strong>eﬁ&#39;ecit</strong></span> 
     </span>
    </p>
   </div>
   <div class='ocr_carea' id='block_1_69' title="bbox 477 3554 2033 3630">
    <p class='ocr_par' dir='ltr' id='par_1_69' title="bbox 477 3554 2033 3630">
     <span class='ocr_line' id='line_1_69' title="bbox 477 3554 2033 3630; baseline -0.008 -12"><span class='ocrx_word' id='word_1_583' title='bbox 477 3564 673 3618; x_wconf 89' lang='lat' dir='ltr'><strong>omnia.</strong></span> <span class='ocrx_word' id='word_1_584' title='bbox 697 3562 870 3630; x_wconf 87' lang='lat' dir='ltr'><strong>Ipsum</strong></span> <span class='ocrx_word' id='word_1_585' title='bbox 891 3575 1020 3615; x_wconf 87' lang='lat' dir='ltr'><strong>vero</strong></span> <span class='ocrx_word' id='word_1_586' title='bbox 1047 3568 1224 3613; x_wconf 86' lang='lat' dir='ltr'><strong>natum</strong></span> <span class='ocrx_word' id='word_1_587' title='bbox 1243 3566 1324 3611; x_wconf 88' lang='lat' dir='ltr'><strong>est</strong></span> <span class='ocrx_word' id='word_1_588' title='bbox 1352 3558 1418 3611; x_wconf 85' lang='lat' dir='ltr'><strong>ab</strong></span> <span class='ocrx_word' id='word_1_589' title='bbox 1462 3573 1526 3611; x_wconf 91' lang='lat' dir='ltr'><strong>co</strong></span> <span class='ocrx_word' id='word_1_590' title='bbox 1573 3554 1711 3625; x_wconf 88' lang='lat' dir='ltr'><strong>quod</strong></span> <span class='ocrx_word' id='word_1_591' title='bbox 1761 3564 1843 3609; x_wconf 89' lang='lat' dir='ltr'><strong>est</strong></span> <span class='ocrx_word' id='word_1_592' title='bbox 1895 3569 2033 3619; x_wconf 86' lang='lat' dir='ltr'><strong>esse,</strong></span> 
     </span>
    </p>
   </div>
   <div class='ocr_carea' id='block_1_70' title="bbox 478 3648 2033 3722">
    <p class='ocr_par' dir='ltr' id='par_1_70' title="bbox 478 3648 2033 3722">
     <span class='ocr_line' id='line_1_70' title="bbox 478 3648 2033 3722; baseline -0.006 -13"><span class='ocrx_word' id='word_1_593' title='bbox 478 3654 530 3709; x_wconf 89' lang='lat' dir='ltr'><strong>in</strong></span> <span class='ocrx_word' id='word_1_594' title='bbox 563 3655 614 3708; x_wconf 90' lang='lat' dir='ltr'><strong>id</strong></span> <span class='ocrx_word' id='word_1_595' title='bbox 642 3654 778 3722; x_wconf 87' lang='lat' dir='ltr'><strong>quod</strong></span> <span class='ocrx_word' id='word_1_596' title='bbox 809 3664 890 3707; x_wconf 89' lang='lat' dir='ltr'><strong>est</strong></span> <span class='ocrx_word' id='word_1_597' title='bbox 915 3667 1105 3721; x_wconf 87' lang='lat' dir='ltr'><strong>agerc;</strong></span> <span class='ocrx_word' id='word_1_598' title='bbox 1140 3650 1339 3704; x_wconf 89' lang='lat' dir='ltr'><strong>habens</strong></span> <span class='ocrx_word' id='word_1_599' title='bbox 1371 3650 1419 3701; x_wconf 94' lang='lat' dir='ltr'><strong>iu</strong></span> <span class='ocrx_word' id='word_1_600' title='bbox 1450 3664 1514 3701; x_wconf 89' lang='lat' dir='ltr'><strong>eo</strong></span> <span class='ocrx_word' id='word_1_601' title='bbox 1540 3648 1679 3715; x_wconf 88' lang='lat' dir='ltr'><strong>quod</strong></span> <span class='ocrx_word' id='word_1_602' title='bbox 1725 3657 1805 3701; x_wconf 90' lang='lat' dir='ltr'><strong>est</strong></span> <span class='ocrx_word' id='word_1_603' title='bbox 1847 3660 2033 3716; x_wconf 88' lang='lat' dir='ltr'><strong>agere,</strong></span> 
     </span>
    </p>
   </div>
   <div class='ocr_carea' id='block_1_71' title="bbox 473 3736 2029 3809">
    <p class='ocr_par' dir='ltr' id='par_1_71' title="bbox 473 3736 2029 3809">
     <span class='ocr_line' id='line_1_71' title="bbox 473 3736 2029 3809; baseline -0.009 -7"><span class='ocrx_word' id='word_1_604' title='bbox 473 3756 527 3801; x_wconf 95' lang='lat' dir='ltr'><strong>et</strong></span> <span class='ocrx_word' id='word_1_605' title='bbox 553 3761 689 3801; x_wconf 89' lang='lat' dir='ltr'><strong>esse.</strong></span> <span class='ocrx_word' id='word_1_606' title='bbox 710 3746 859 3800; x_wconf 86' lang='lat' dir='ltr'><strong>Sicut</strong></span> <span class='ocrx_word' id='word_1_607' title='bbox 879 3742 1005 3798; x_wconf 88' lang='lat' dir='ltr'><strong>illud</strong></span> <span class='ocrx_word' id='word_1_608' title='bbox 1033 3757 1178 3804; x_wconf 88' lang='lat' dir='ltr'><strong>esse,</strong></span> <span class='ocrx_word' id='word_1_609' title='bbox 1224 3750 1277 3795; x_wconf 92' lang='lat' dir='ltr'><strong>et</strong></span> <span class='ocrx_word' id='word_1_610' title='bbox 1329 3754 1484 3809; x_wconf 88' lang='lat' dir='ltr'><strong>agere</strong></span> <span class='ocrx_word' id='word_1_611' title='bbox 1528 3736 1686 3791; x_wconf 87' lang='lat' dir='ltr'><strong>habet</strong></span> <span class='ocrx_word' id='word_1_612' title='bbox 1732 3746 1785 3791; x_wconf 90' lang='grc' dir='ltr'><strong>ει</strong></span> <span class='ocrx_word' id='word_1_613' title='bbox 1839 3751 1957 3790; x_wconf 85' lang='grc' dir='ltr'>εεεε</span> <span class='ocrx_word' id='word_1_614' title='bbox 2016 3754 2029 3788; x_wconf 89' lang='lat'><strong>:</strong></span> 
     </span>
    </p>
   </div>
   <div class='ocr_carea' id='block_1_72' title="bbox 471 3829 2020 3905">
    <p class='ocr_par' dir='ltr' id='par_1_72' title="bbox 471 3829 2020 3905">
     <span class='ocr_line' id='line_1_72' title="bbox 471 3829 2020 3905; baseline -0.009 -12"><span class='ocrx_word' id='word_1_615' title='bbox 471 3837 559 3893; x_wconf 90' lang='lat' dir='ltr'><strong>Sic</strong></span> <span class='ocrx_word' id='word_1_616' title='bbox 584 3838 704 3901; x_wconf 92' lang='lat' dir='ltr'><strong>hoc,</strong></span> <span class='ocrx_word' id='word_1_617' title='bbox 735 3851 889 3905; x_wconf 80' lang='lat' dir='ltr'><strong>agere</strong></span> <span class='ocrx_word' id='word_1_618' title='bbox 921 3832 1079 3887; x_wconf 86' lang='lat' dir='ltr'><strong>habet</strong></span> <span class='ocrx_word' id='word_1_619' title='bbox 1118 3840 1170 3886; x_wconf 92' lang='lat' dir='ltr'><strong>et</strong></span> <span class='ocrx_word' id='word_1_620' title='bbox 1213 3845 1347 3885; x_wconf 90' lang='lat' dir='ltr'><strong>esse.</strong></span> <span class='ocrx_word' id='word_1_621' title='bbox 1396 3829 1569 3896; x_wconf 84' lang='lat' dir='ltr'><strong>Ipsum</strong></span> <span class='ocrx_word' id='word_1_622' title='bbox 1618 3836 1793 3880; x_wconf 88' lang='lat' dir='ltr'><strong>autem</strong></span> <span class='ocrx_word' id='word_1_623' title='bbox 1835 3840 2020 3895; x_wconf 88' lang='lat' dir='ltr'><strong>agere,</strong></span> 
     </span>
    </p>
   </div>
   <div class='ocr_carea' id='block_1_73' title="bbox 470 3917 2026 3990">
    <p class='ocr_par' dir='ltr' id='par_1_73' title="bbox 470 3917 2026 3990">
     <span class='ocr_line' id='line_1_73' title="bbox 470 3917 2026 3990; baseline -0.006 -9"><span class='ocrx_word' id='word_1_624' title='bbox 470 3926 571 3981; x_wconf 85' lang='lat' dir='ltr'><strong>hoc</strong></span> <span class='ocrx_word' id='word_1_625' title='bbox 592 3938 840 3990; x_wconf 88' lang='lat' dir='ltr'><strong>estesse;</strong></span> <span class='ocrx_word' id='word_1_626' title='bbox 872 3936 924 3979; x_wconf 91' lang='lat' dir='ltr'><strong>ut</strong></span> <span class='ocrx_word' id='word_1_627' title='bbox 946 3923 1071 3978; x_wconf 88' lang='lat' dir='ltr'><strong>illud</strong></span> <span class='ocrx_word' id='word_1_628' title='bbox 1092 3937 1230 3985; x_wconf 90' lang='lat' dir='ltr'><strong>esse,</strong></span> <span class='ocrx_word' id='word_1_629' title='bbox 1258 3921 1358 3974; x_wconf 92' lang='lat' dir='ltr'><strong>hoc</strong></span> <span class='ocrx_word' id='word_1_630' title='bbox 1378 3918 1616 3989; x_wconf 87' lang='lat' dir='ltr'><strong>estquod</strong></span> <span class='ocrx_word' id='word_1_631' title='bbox 1646 3933 1823 3987; x_wconf 87' lang='lat' dir='ltr'><strong>agere.</strong></span> <span class='ocrx_word' id='word_1_632' title='bbox 1852 3917 2026 3972; x_wconf 91' lang='lat' dir='ltr'><strong>Unum</strong></span> 
     </span>
    </p>
   </div>
   <div class='ocr_carea' id='block_1_74' title="bbox 468 4013 1235 4089">
    <p class='ocr_par' dir='ltr' id='par_1_74' title="bbox 468 4013 1235 4089">
     <span class='ocr_line' id='line_1_74' title="bbox 468 4013 1235 4089; baseline -0.012 -16"><span class='ocrx_word' id='word_1_633' title='bbox 468 4034 594 4089; x_wconf 88' lang='lat' dir='ltr'><strong>ergo</strong></span> <span class='ocrx_word' id='word_1_634' title='bbox 618 4026 671 4071; x_wconf 85' lang='lat' dir='ltr'><strong>et</strong></span> <span class='ocrx_word' id='word_1_635' title='bbox 697 4018 917 4086; x_wconf 80' lang='lat' dir='ltr'><strong>simplex</strong></span> <span class='ocrx_word' id='word_1_636' title='bbox 938 4055 953 4081; x_wconf 91' lang='lat'><strong>,</strong></span> <span class='ocrx_word' id='word_1_637' title='bbox 984 4016 1085 4069; x_wconf 88' lang='lat' dir='ltr'><strong>ista</strong></span> <span class='ocrx_word' id='word_1_638' title='bbox 1112 4013 1235 4067; x_wconf 90' lang='lat' dir='ltr'><strong>duo.</strong></span> 
     </span>
    </p>
   </div>
   <div class='ocr_carea' id='block_1_75' title="bbox 537 4096 2024 4173">
    <p class='ocr_par' dir='ltr' id='par_1_75' title="bbox 537 4096 2024 4173">
     <span class='ocr_line' id='line_1_75' title="bbox 537 4096 2024 4173; baseline -0.007 -11"><span class='ocrx_word' id='word_1_639' title='bbox 537 4106 721 4162; x_wconf 82' lang='lat' dir='ltr'>XXIII.</span> <span class='ocrx_word' id='word_1_640' title='bbox 762 4106 817 4161; x_wconf 82' lang='lat' dir='ltr'><strong>Id</strong></span> <span class='ocrx_word' id='word_1_641' title='bbox 839 4107 882 4160; x_wconf 91' lang='lat' dir='ltr'><strong>si</strong></span> <span class='ocrx_word' id='word_1_642' title='bbox 913 4106 983 4158; x_wconf 87' lang='lat' dir='ltr'><strong>ita</strong></span> <span class='ocrx_word' id='word_1_643' title='bbox 1012 4112 1114 4169; x_wconf 87' lang='lat' dir='ltr'><strong>est,</strong></span> <span class='ocrx_word' id='word_1_644' title='bbox 1144 4117 1314 4173; x_wconf 90' lang='lat' dir='ltr'><strong>neque</strong></span> <span class='ocrx_word' id='word_1_645' title='bbox 1344 4116 1407 4155; x_wconf 86' lang='lat' dir='ltr'><strong>ex</strong></span> <span class='ocrx_word' id='word_1_646' title='bbox 1437 4099 1602 4153; x_wconf 91' lang='lat' dir='ltr'><strong>nihilo</strong></span> <span class='ocrx_word' id='word_1_647' title='bbox 1625 4098 1797 4162; x_wconf 82' lang='lat' dir='ltr'><strong>Jesus,</strong></span> <span class='ocrx_word' id='word_1_648' title='bbox 1840 4096 1930 4167; x_wconf 89' lang='lat' dir='ltr'><strong>qui</strong></span> <span class='ocrx_word' id='word_1_649' title='bbox 1956 4096 2024 4152; x_wconf 88' lang='lat' dir='ltr'><strong>ab</strong></span> 
     </span>
    </p>
   </div>
   <div class='ocr_carea' id='block_1_76' title="bbox 467 4190 2011 4268">
    <p class='ocr_par' dir='ltr' id='par_1_76' title="bbox 467 4190 2011 4268">
     <span class='ocr_line' id='line_1_76' title="bbox 467 4190 2011 4268; baseline -0.01 -15"><span class='ocrx_word' id='word_1_650' title='bbox 467 4212 532 4253; x_wconf 87' lang='lat' dir='ltr'><strong>eo</strong></span> <span class='ocrx_word' id='word_1_651' title='bbox 566 4197 704 4268; x_wconf 85' lang='lat' dir='ltr'><strong>quod</strong></span> <span class='ocrx_word' id='word_1_652' title='bbox 726 4205 806 4251; x_wconf 87' lang='lat' dir='ltr'><strong>est</strong></span> <span class='ocrx_word' id='word_1_653' title='bbox 839 4210 981 4259; x_wconf 87' lang='lat' dir='ltr'><strong>esse,</strong></span> <span class='ocrx_word' id='word_1_654' title='bbox 1024 4195 1267 4263; x_wconf 85' lang='lat' dir='ltr'><strong>apparuit</strong></span> <span class='ocrx_word' id='word_1_655' title='bbox 1305 4193 1441 4245; x_wconf 86' lang='lat' dir='ltr'><strong>actio</strong></span> <span class='ocrx_word' id='word_1_656' title='bbox 1487 4206 1501 4254; x_wconf 90' lang='lat'><strong>;</strong></span> <span class='ocrx_word' id='word_1_657' title='bbox 1544 4204 1661 4244; x_wconf 90' lang='lat' dir='ltr'><strong>cum</strong></span> <span class='ocrx_word' id='word_1_658' title='bbox 1700 4191 1809 4257; x_wconf 89' lang='lat' dir='ltr'><strong>ipsa</strong></span> <span class='ocrx_word' id='word_1_659' title='bbox 1855 4190 2011 4249; x_wconf 87' lang='lat' dir='ltr'><strong>actio,</strong></span> 
     </span>
    </p>
   </div>
   <div class='ocr_carea' id='block_1_77' title="bbox 466 4285 2022 4356">
    <p class='ocr_par' dir='ltr' id='par_1_77' title="bbox 466 4285 2022 4356">
     <span class='ocr_line' id='line_1_77' title="bbox 466 4285 2022 4356; baseline -0.01 -11"><span class='ocrx_word' id='word_1_660' title='bbox 466 4298 520 4345; x_wconf 90' lang='lat' dir='ltr'><strong>et</strong></span> <span class='ocrx_word' id='word_1_661' title='bbox 548 4291 646 4345; x_wconf 91' lang='lat' dir='ltr'><strong>hoc</strong></span> <span class='ocrx_word' id='word_1_662' title='bbox 673 4287 768 4342; x_wconf 84' lang='lat' dir='ltr'><strong>fuit</strong></span> <span class='ocrx_word' id='word_1_663' title='bbox 791 4285 931 4356; x_wconf 88' lang='lat' dir='ltr'><strong>quod</strong></span> <span class='ocrx_word' id='word_1_664' title='bbox 967 4292 1049 4340; x_wconf 91' lang='lat' dir='ltr'><strong>est</strong></span> <span class='ocrx_word' id='word_1_665' title='bbox 1108 4298 1228 4338; x_wconf 88' lang='lat' dir='ltr'><strong>esse</strong></span> <span class='ocrx_word' id='word_1_666' title='bbox 1278 4299 1291 4336; x_wconf 90' lang='lat'><strong>:</strong></span> <span class='ocrx_word' id='word_1_667' title='bbox 1348 4295 1519 4351; x_wconf 84' lang='lat' dir='ltr'><strong>neque</strong></span> <span class='ocrx_word' id='word_1_668' title='bbox 1571 4295 1678 4334; x_wconf 92' lang='lat' dir='ltr'><strong>non</strong></span> <span class='ocrx_word' id='word_1_669' title='bbox 1733 4289 1815 4333; x_wconf 90' lang='lat' dir='ltr'><strong>est</strong></span> <span class='ocrx_word' id='word_1_670' title='bbox 1866 4294 2022 4347; x_wconf 83' lang='lat' dir='ltr'><strong>prop-</strong></span> 
     </span>
    </p>
   </div>
   <div class='ocr_carea' id='block_1_78' title="bbox 2142 3189 3705 3262">
    <p class='ocr_par' dir='ltr' id='par_1_78' title="bbox 2142 3189 3705 3262">
     <span class='ocr_line' id='line_1_78' title="bbox 2142 3189 3705 3262; baseline 0.013 -22"><span class='ocrx_word' id='word_1_671' title='bbox 2142 3189 2375 3244; x_wconf 90' lang='lat' dir='ltr'><strong>nondum</strong></span> <span class='ocrx_word' id='word_1_672' title='bbox 2400 3200 2575 3246; x_wconf 87' lang='lat' dir='ltr'><strong>tamen</strong></span> <span class='ocrx_word' id='word_1_673' title='bbox 2600 3209 2959 3262; x_wconf 87' lang='lat' dir='ltr'><strong>apparuerunt</strong></span> <span class='ocrx_word' id='word_1_674' title='bbox 2980 3200 3030 3251; x_wconf 91' lang='lat' dir='ltr'><strong>in</strong></span> <span class='ocrx_word' id='word_1_675' title='bbox 3058 3202 3284 3255; x_wconf 85' lang='lat' dir='ltr'><strong>actione.</strong></span> <span class='ocrx_word' id='word_1_676' title='bbox 3313 3202 3550 3257; x_wconf 81' lang='lat' dir='ltr'><strong>Fuerunt</strong></span> <span class='ocrx_word' id='word_1_677' title='bbox 3570 3207 3705 3260; x_wconf 87' lang='lat' dir='ltr'><strong>enim</strong></span> 
     </span>
    </p>
   </div>
   <div class='ocr_carea' id='block_1_79' title="bbox 2142 3281 3702 3362">
    <p class='ocr_par' dir='ltr' id='par_1_79' title="bbox 2142 3281 3702 3362">
     <span class='ocr_line' id='line_1_79' title="bbox 2142 3281 3702 3362; baseline 0.013 -33"><span class='ocrx_word' id='word_1_678' title='bbox 2142 3281 2319 3331; x_wconf 83' lang='lat' dir='ltr'><strong>omnia</strong></span> <span class='ocrx_word' id='word_1_679' title='bbox 2368 3281 2419 3332; x_wconf 90' lang='lat' dir='ltr'><strong>in</strong></span> <span class='ocrx_word' id='word_1_680' title='bbox 2479 3281 2606 3335; x_wconf 90' lang='lat' dir='ltr'><strong>Deo.</strong></span> <span class='ocrx_word' id='word_1_681' title='bbox 2658 3285 2850 3337; x_wconf 88' lang='lat' dir='ltr'><strong>Eorum</strong></span> <span class='ocrx_word' id='word_1_682' title='bbox 2901 3288 3044 3340; x_wconf 90' lang='lat' dir='ltr'><strong>enim</strong></span> <span class='ocrx_word' id='word_1_683' title='bbox 3092 3293 3325 3344; x_wconf 90' lang='lat' dir='ltr'><strong>omnium</strong></span> <span class='ocrx_word' id='word_1_684' title='bbox 3378 3309 3499 3361; x_wconf 68' lang='lat' dir='ltr'><strong>quae</strong></span> <span class='ocrx_word' id='word_1_685' title='bbox 3546 3307 3702 3362; x_wconf 90' lang='lat' dir='ltr'><strong>sunt,</strong></span> 
     </span>
    </p>
   </div>
   <div class='ocr_carea' id='block_1_80' title="bbox 2140 3370 3699 3452">
    <p class='ocr_par' dir='ltr' id='par_1_80' title="bbox 2140 3370 3699 3452">
     <span class='ocr_line' id='line_1_80' title="bbox 2140 3370 3699 3452; baseline 0.012 -30"><span class='ocrx_word' id='word_1_686' title='bbox 2140 3370 2280 3444; x_wconf 75' lang='grc' dir='ltr'><strong>λόγος</strong></span> <span class='ocrx_word' id='word_1_687' title='bbox 2322 3387 2504 3427; x_wconf 81' lang='lat' dir='ltr'><strong>semen</strong></span> <span class='ocrx_word' id='word_1_688' title='bbox 2546 3383 2646 3429; x_wconf 87' lang='lat' dir='ltr'><strong>est.</strong></span> <span class='ocrx_word' id='word_1_689' title='bbox 2678 3377 2834 3449; x_wconf 75' lang='grc' dir='ltr'><strong>Λόγος</strong></span> <span class='ocrx_word' id='word_1_690' title='bbox 2862 3381 3001 3432; x_wconf 90' lang='lat' dir='ltr'><strong>enim</strong></span> <span class='ocrx_word' id='word_1_691' title='bbox 3034 3381 3082 3432; x_wconf 91' lang='lat' dir='ltr'><strong>in</strong></span> <span class='ocrx_word' id='word_1_692' title='bbox 3115 3382 3221 3435; x_wconf 90' lang='lat' dir='ltr'><strong>Deo</strong></span> <span class='ocrx_word' id='word_1_693' title='bbox 3251 3399 3263 3433; x_wconf 92' lang='lat'><strong>:</strong></span> <span class='ocrx_word' id='word_1_694' title='bbox 3294 3383 3344 3435; x_wconf 91' lang='lat' dir='ltr'><strong>in</strong></span> <span class='ocrx_word' id='word_1_695' title='bbox 3369 3387 3699 3452; x_wconf 80' lang='lat' dir='ltr'><strong>operatione,</strong></span> 
     </span>
    </p>
   </div>
   <div class='ocr_carea' id='block_1_81' title="bbox 2138 3459 3701 3544">
    <p class='ocr_par' dir='ltr' id='par_1_81' title="bbox 2138 3459 3701 3544">
     <span class='ocr_line' id='line_1_81' title="bbox 2138 3459 3701 3544; baseline 0.011 -31"><span class='ocrx_word' id='word_1_696' title='bbox 2138 3459 2189 3513; x_wconf 90' lang='lat' dir='ltr'><strong>id</strong></span> <span class='ocrx_word' id='word_1_697' title='bbox 2221 3472 2301 3515; x_wconf 78' lang='lat' dir='ltr'><strong>est</strong></span> <span class='ocrx_word' id='word_1_698' title='bbox 2333 3463 2382 3515; x_wconf 93' lang='lat' dir='ltr'><strong>in</strong></span> <span class='ocrx_word' id='word_1_699' title='bbox 2416 3465 2608 3519; x_wconf 88' lang='lat' dir='ltr'><strong>virtute</strong></span> <span class='ocrx_word' id='word_1_700' title='bbox 2634 3466 2758 3533; x_wconf 85' lang='lat' dir='ltr'><strong>Dei,</strong></span> <span class='ocrx_word' id='word_1_701' title='bbox 2793 3469 2986 3535; x_wconf 88' lang='lat' dir='ltr'><strong>quiest</strong></span> <span class='ocrx_word' id='word_1_702' title='bbox 3029 3469 3163 3525; x_wconf 90' lang='lat' dir='ltr'><strong>ﬁlius</strong></span> <span class='ocrx_word' id='word_1_703' title='bbox 3196 3471 3321 3538; x_wconf 87' lang='lat' dir='ltr'><strong>Dei,</strong></span> <span class='ocrx_word' id='word_1_704' title='bbox 3350 3485 3701 3544; x_wconf 79' lang='lat' dir='ltr'><strong>apparuerunt</strong></span> 
     </span>
    </p>
   </div>
   <div class='ocr_carea' id='block_1_82' title="bbox 2146 3553 2805 3620">
    <p class='ocr_par' dir='ltr' id='par_1_82' title="bbox 2146 3553 2805 3620">
     <span class='ocr_line' id='line_1_82' title="bbox 2146 3553 2805 3620; baseline 0.008 -18"><span class='ocrx_word' id='word_1_705' title='bbox 2146 3553 2321 3604; x_wconf 89' lang='lat' dir='ltr'><strong>omnia</strong></span> <span class='ocrx_word' id='word_1_706' title='bbox 2349 3568 2467 3620; x_wconf 75' lang='lat' dir='ltr'><strong>qua:</strong></span> <span class='ocrx_word' id='word_1_707' title='bbox 2500 3554 2634 3608; x_wconf 82' lang='lat' dir='ltr'><strong>facta</strong></span> <span class='ocrx_word' id='word_1_708' title='bbox 2664 3565 2805 3609; x_wconf 88' lang='lat' dir='ltr'><strong>sunt.</strong></span> 
     </span>
    </p>
   </div>
   <div class='ocr_carea' id='block_1_83' title="bbox 2208 3638 3697 3718">
    <p class='ocr_par' dir='ltr' id='par_1_83' title="bbox 2208 3638 3697 3718">
     <span class='ocr_line' id='line_1_83' title="bbox 2208 3638 3697 3718; baseline 0.013 -27"><span class='ocrx_word' id='word_1_709' title='bbox 2208 3638 2395 3693; x_wconf 79' lang='lat' dir='ltr'>XXVI.</span> <span class='ocrx_word' id='word_1_710' title='bbox 2439 3640 2539 3695; x_wconf 85' lang='lat' dir='ltr'><strong>Sed</strong></span> <span class='ocrx_word' id='word_1_711' title='bbox 2594 3643 2774 3698; x_wconf 85' lang='lat' dir='ltr'><strong>dicunt</strong></span> <span class='ocrx_word' id='word_1_712' title='bbox 2840 3646 3052 3715; x_wconf 88' lang='lat' dir='ltr'><strong>quidam</strong></span> <span class='ocrx_word' id='word_1_713' title='bbox 3101 3649 3341 3718; x_wconf 84' lang='lat' dir='ltr'><strong>sacrilegi</strong></span> <span class='ocrx_word' id='word_1_714' title='bbox 3392 3670 3405 3709; x_wconf 90' lang='lat'><strong>:</strong></span> <span class='ocrx_word' id='word_1_715' title='bbox 3456 3653 3511 3707; x_wconf 92' lang='lat' dir='ltr'><strong>Si</strong></span> <span class='ocrx_word' id='word_1_716' title='bbox 3563 3655 3697 3710; x_wconf 84' lang='lat' dir='ltr'><strong>circa</strong></span> 
     </span>
    </p>
   </div>
   <div class='ocr_carea' id='block_1_84' title="bbox 2137 3728 3697 3806">
    <p class='ocr_par' dir='ltr' id='par_1_84' title="bbox 2137 3728 3697 3806">
     <span class='ocr_line' id='line_1_84' title="bbox 2137 3728 3697 3806; baseline 0.012 -26"><span class='ocrx_word' id='word_1_717' title='bbox 2137 3728 2300 3782; x_wconf 83' lang='lat' dir='ltr'><strong>Deum</strong></span> <span class='ocrx_word' id='word_1_718' title='bbox 2351 3732 2446 3785; x_wconf 89' lang='lat' dir='ltr'><strong>luit</strong></span> <span class='ocrx_word' id='word_1_719' title='bbox 2492 3734 2635 3805; x_wconf 72' lang='grc' dir='ltr'><strong>λόγος</strong></span> <span class='ocrx_word' id='word_1_720' title='bbox 2660 3775 2673 3798; x_wconf 94' lang='grc'><strong>,</strong></span> <span class='ocrx_word' id='word_1_721' title='bbox 2732 3744 2785 3788; x_wconf 82' lang='grc' dir='ltr'><strong>ει</strong></span> <span class='ocrx_word' id='word_1_722' title='bbox 2830 3751 2990 3804; x_wconf 84' lang='lat' dir='ltr'><strong>supra</strong></span> <span class='ocrx_word' id='word_1_723' title='bbox 3018 3741 3276 3806; x_wconf 84' lang='lat' dir='ltr'><strong>gremium</strong></span> <span class='ocrx_word' id='word_1_724' title='bbox 3308 3741 3400 3793; x_wconf 87' lang='lat' dir='ltr'><strong>Dei</strong></span> <span class='ocrx_word' id='word_1_725' title='bbox 3440 3744 3697 3799; x_wconf 74' lang='lat' dir='ltr'><strong>exsistens</strong></span> 
     </span>
    </p>
   </div>
   <div class='ocr_carea' id='block_1_85' title="bbox 2133 3821 3693 3903">
    <p class='ocr_par' dir='ltr' id='par_1_85' title="bbox 2133 3821 3693 3903">
     <span class='ocr_line' id='line_1_85' title="bbox 2133 3821 3693 3903; baseline 0.009 -30"><span class='ocrx_word' id='word_1_726' title='bbox 2133 3821 2291 3889; x_wconf 89' lang='lat' dir='ltr'><strong>ﬁlius,</strong></span> <span class='ocrx_word' id='word_1_727' title='bbox 2342 3839 2446 3877; x_wconf 92' lang='lat' dir='ltr'><strong>non</strong></span> <span class='ocrx_word' id='word_1_728' title='bbox 2493 3826 2633 3879; x_wconf 88' lang='lat' dir='ltr'><strong>intus</strong></span> <span class='ocrx_word' id='word_1_729' title='bbox 2680 3827 2730 3879; x_wconf 92' lang='lat' dir='ltr'><strong>in</strong></span> <span class='ocrx_word' id='word_1_730' title='bbox 2780 3829 3002 3897; x_wconf 82' lang='lat' dir='ltr'><strong>gremio,</strong></span> <span class='ocrx_word' id='word_1_731' title='bbox 3042 3829 3132 3882; x_wconf 91' lang='lat' dir='ltr'><strong>sed</strong></span> <span class='ocrx_word' id='word_1_732' title='bbox 3183 3831 3309 3885; x_wconf 76' lang='lat' dir='ltr'><strong>foris</strong></span> <span class='ocrx_word' id='word_1_733' title='bbox 3364 3833 3693 3903; x_wconf 85' lang='lat' dir='ltr'><strong>intelligitur.</strong></span> 
     </span>
    </p>
   </div>
   <div class='ocr_carea' id='block_1_86' title="bbox 2133 3914 3693 3989">
    <p class='ocr_par' dir='ltr' id='par_1_86' title="bbox 2133 3914 3693 3989">
     <span class='ocr_line' id='line_1_86' title="bbox 2133 3914 3693 3989; baseline 0.008 -23"><span class='ocrx_word' id='word_1_734' title='bbox 2133 3914 2266 3978; x_wconf 90' lang='lat' dir='ltr'><strong>Quid</strong></span> <span class='ocrx_word' id='word_1_735' title='bbox 2300 3917 2463 3969; x_wconf 85' lang='lat' dir='ltr'><strong>vero?</strong></span> <span class='ocrx_word' id='word_1_736' title='bbox 2490 3916 2676 3970; x_wconf 80' lang='lat' dir='ltr'><strong>Anima</strong></span> <span class='ocrx_word' id='word_1_737' title='bbox 2707 3917 2904 3971; x_wconf 87' lang='lat' dir='ltr'><strong>homini</strong></span> <span class='ocrx_word' id='word_1_738' title='bbox 2927 3918 3206 3985; x_wconf 77' lang='lat' dir='ltr'><strong>inSpiravit</strong></span> <span class='ocrx_word' id='word_1_739' title='bbox 3247 3922 3385 3975; x_wconf 91' lang='lat' dir='ltr'><strong>Deus</strong></span> <span class='ocrx_word' id='word_1_740' title='bbox 3413 3938 3476 3977; x_wconf 81' lang='lat' dir='ltr'><strong>ex</strong></span> <span class='ocrx_word' id='word_1_741' title='bbox 3512 3938 3603 3989; x_wconf 89' lang='lat' dir='ltr'><strong>se,</strong></span> <span class='ocrx_word' id='word_1_742' title='bbox 3631 3940 3693 3979; x_wconf 85' lang='lat' dir='ltr'><strong>ex</strong></span> 
     </span>
    </p>
   </div>
   <div class='ocr_carea' id='block_1_87' title="bbox 2131 4006 3693 4077">
    <p class='ocr_par' dir='ltr' id='par_1_87' title="bbox 2131 4006 3693 4077">
     <span class='ocr_line' id='line_1_87' title="bbox 2131 4006 3693 4077; baseline 0.009 -20"><span class='ocrx_word' id='word_1_743' title='bbox 2131 4006 2268 4059; x_wconf 90' lang='lat' dir='ltr'><strong>intus</strong></span> <span class='ocrx_word' id='word_1_744' title='bbox 2308 4023 2321 4058; x_wconf 88' lang='lat'><strong>:</strong></span> <span class='ocrx_word' id='word_1_745' title='bbox 2362 4009 2598 4061; x_wconf 89' lang='lat' dir='ltr'><strong>omnium</strong></span> <span class='ocrx_word' id='word_1_746' title='bbox 2648 4018 2825 4062; x_wconf 86' lang='lat' dir='ltr'><strong>autem</strong></span> <span class='ocrx_word' id='word_1_747' title='bbox 2877 4020 3212 4077; x_wconf 88' lang='lat' dir='ltr'><strong>creatorem,</strong></span> <span class='ocrx_word' id='word_1_748' title='bbox 3255 4014 3592 4069; x_wconf 84' lang='lat' dir='ltr'><strong>liberatorem</strong></span> <span class='ocrx_word' id='word_1_749' title='bbox 3634 4031 3693 4071; x_wconf 88' lang='lat' dir='ltr'><strong>ac</strong></span> 
     </span>
    </p>
   </div>
   <div class='ocr_carea' id='block_1_88' title="bbox 2129 4096 3690 4175">
    <p class='ocr_par' dir='ltr' id='par_1_88' title="bbox 2129 4096 3690 4175">
     <span class='ocr_line' id='line_1_88' title="bbox 2129 4096 3690 4175; baseline 0.007 -26"><span class='ocrx_word' id='word_1_750' title='bbox 2129 4097 2570 4152; x_wconf 82' lang='lat' dir='ltr'><strong>sanetiticatorem</strong></span> <span class='ocrx_word' id='word_1_751' title='bbox 2627 4096 2770 4152; x_wconf 88' lang='lat' dir='ltr'><strong>illius</strong></span> <span class='ocrx_word' id='word_1_752' title='bbox 2792 4100 2955 4167; x_wconf 91' lang='lat' dir='ltr'><strong>ipsius</strong></span> <span class='ocrx_word' id='word_1_753' title='bbox 2986 4102 3176 4156; x_wconf 73' lang='lat' dir='ltr'><strong>anima:</strong></span> <span class='ocrx_word' id='word_1_754' title='bbox 3199 4144 3213 4167; x_wconf 96' lang='lat'><strong>,</strong></span> <span class='ocrx_word' id='word_1_755' title='bbox 3244 4114 3298 4157; x_wconf 93' lang='lat' dir='ltr'><strong>et</strong></span> <span class='ocrx_word' id='word_1_756' title='bbox 3324 4106 3485 4159; x_wconf 89' lang='lat' dir='ltr'><strong>totius</strong></span> <span class='ocrx_word' id='word_1_757' title='bbox 3504 4122 3690 4175; x_wconf 86' lang='lat' dir='ltr'><strong>corpo-</strong></span> 
     </span>
    </p>
   </div>
   <div class='ocr_carea' id='block_1_89' title="bbox 2127 4189 3691 4259">
    <p class='ocr_par' dir='ltr' id='par_1_89' title="bbox 2127 4189 3691 4259">
     <span class='ocr_line' id='line_1_89' title="bbox 2127 4189 3691 4259; baseline 0.006 -18"><span class='ocrx_word' id='word_1_758' title='bbox 2127 4189 2200 4242; x_wconf 88' lang='lat' dir='ltr'><strong>ris</strong></span> <span class='ocrx_word' id='word_1_759' title='bbox 2261 4189 2646 4259; x_wconf 88' lang='lat' dir='ltr'><strong>redemptorem</strong></span> <span class='ocrx_word' id='word_1_760' title='bbox 2712 4200 2766 4246; x_wconf 90' lang='lat' dir='ltr'><strong>et</strong></span> <span class='ocrx_word' id='word_1_761' title='bbox 2811 4200 3136 4257; x_wconf 82' lang='lat' dir='ltr'><strong>erectorem,</strong></span> <span class='ocrx_word' id='word_1_762' title='bbox 3205 4210 3309 4249; x_wconf 93' lang='lat' dir='ltr'><strong>non</strong></span> <span class='ocrx_word' id='word_1_763' title='bbox 3378 4211 3441 4250; x_wconf 91' lang='lat' dir='ltr'><strong>cx</strong></span> <span class='ocrx_word' id='word_1_764' title='bbox 3513 4196 3691 4251; x_wconf 81' lang='lat' dir='ltr'><strong>intus?</strong></span> 
     </span>
    </p>
   </div>
   <div class='ocr_carea' id='block_1_90' title="bbox 2125 4278 3688 4354">
    <p class='ocr_par' dir='ltr' id='par_1_90' title="bbox 2125 4278 3688 4354">
     <span class='ocr_line' id='line_1_90' title="bbox 2125 4278 3688 4354; baseline 0.006 -21"><span class='ocrx_word' id='word_1_765' title='bbox 2125 4278 2311 4335; x_wconf 86' lang='lat' dir='ltr'><strong>Nonne</strong></span> <span class='ocrx_word' id='word_1_766' title='bbox 2352 4282 2641 4350; x_wconf 87' lang='lat' dir='ltr'><strong>angelicam</strong></span> <span class='ocrx_word' id='word_1_767' title='bbox 2692 4291 2933 4335; x_wconf 86' lang='lat' dir='ltr'><strong>naturam</strong></span> <span class='ocrx_word' id='word_1_768' title='bbox 2960 4298 3026 4337; x_wconf 84' lang='lat' dir='ltr'><strong>ex</strong></span> <span class='ocrx_word' id='word_1_769' title='bbox 3059 4284 3199 4337; x_wconf 89' lang='lat' dir='ltr'><strong>intus</strong></span> <span class='ocrx_word' id='word_1_770' title='bbox 3229 4284 3443 4339; x_wconf 82' lang='lat' dir='ltr'><strong>emisit?</strong></span> <span class='ocrx_word' id='word_1_771' title='bbox 3472 4286 3688 4354; x_wconf 87' lang='lat' dir='ltr'><strong>Quando</strong></span> 
     </span>
    </p>
   </div>
   <div class='ocr_carea' id='block_1_91' title="bbox 1750 4390 2364 4447">
    <p class='ocr_par' dir='ltr' id='par_1_91' title="bbox 1750 4390 2364 4447">
     <span class='ocr_line' id='line_1_91' title="bbox 1750 4390 2364 4447; baseline 0.003 -2"><span class='ocrx_word' id='word_1_772' title='bbox 1750 4390 2104 4447; x_wconf 76' lang='lat' dir='ltr'><strong>VARIORUM</strong></span> <span class='ocrx_word' id='word_1_773' title='bbox 2145 4392 2364 4447; x_wconf 59' lang='lat' dir='ltr'><strong>NOTAE.</strong></span> 
     </span>
    </p>
   </div>
   <div class='ocr_carea' id='block_1_92' title="bbox 534 4485 2097 4557">
    <p class='ocr_par' dir='ltr' id='par_1_92' title="bbox 534 4485 2097 4557">
     <span class='ocr_line' id='line_1_92' title="bbox 534 4485 2097 4557; baseline -0.003 -12"><span class='ocrx_word' id='word_1_774' title='bbox 534 4492 600 4546; x_wconf 84' lang='lat' dir='ltr'><strong>Et</strong></span> <span class='ocrx_word' id='word_1_775' title='bbox 620 4493 712 4546; x_wconf 82' lang='lat' dir='ltr'><strong>hoc</strong></span> <span class='ocrx_word' id='word_1_776' title='bbox 731 4501 803 4546; x_wconf 86' lang='lat' dir='ltr'><strong>est</strong></span> <span class='ocrx_word' id='word_1_777' title='bbox 834 4490 989 4546; x_wconf 80' lang='lat' dir='ltr'><strong>Deus.</strong></span> <span class='ocrx_word' id='word_1_778' title='bbox 1015 4488 1138 4543; x_wconf 75' lang='lat' dir='ltr'><strong>Hmc</strong></span> <span class='ocrx_word' id='word_1_779' title='bbox 1157 4488 1349 4544; x_wconf 89' lang='lat' dir='ltr'><strong>desunt</strong></span> <span class='ocrx_word' id='word_1_780' title='bbox 1376 4486 1511 4557; x_wconf 92' lang='lat' dir='ltr'><strong>apud</strong></span> <span class='ocrx_word' id='word_1_781' title='bbox 1540 4485 1757 4548; x_wconf 81' lang='lat' dir='ltr'><strong>Mahlll.,</strong></span> <span class='ocrx_word' id='word_1_782' title='bbox 1783 4486 2018 4541; x_wconf 76' lang='lat' dir='ltr'><strong>fortassis</strong></span> <span class='ocrx_word' id='word_1_783' title='bbox 2046 4492 2097 4551; x_wconf 89' lang='lat' dir='ltr'><strong>D</strong></span> 
     </span>
    </p>
   </div>
   <div class='ocr_carea' id='block_1_93' title="bbox 462 4560 1048 4630">
    <p class='ocr_par' dir='ltr' id='par_1_93' title="bbox 462 4560 1048 4630">
     <span class='ocr_line' id='line_1_93' title="bbox 462 4560 1048 4630; baseline -0.01 -13"><span class='ocrx_word' id='word_1_784' title='bbox 462 4561 659 4617; x_wconf 89' lang='lat' dir='ltr'><strong>incuria</strong></span> <span class='ocrx_word' id='word_1_785' title='bbox 689 4560 1048 4630; x_wconf 77' lang='lat' dir='ltr'><strong>exscriptoris.</strong></span> 
     </span>
    </p>
   </div>
   <div class='ocr_carea' id='block_1_94' title="bbox 533 4626 2019 4700">
    <p class='ocr_par' dir='ltr' id='par_1_94' title="bbox 533 4626 2019 4700">
     <span class='ocr_line' id='line_1_94' title="bbox 533 4626 2019 4700; baseline -0.002 -15"><span class='ocrx_word' id='word_1_786' title='bbox 533 4626 879 4700; x_wconf 39' lang='lat' dir='ltr'><strong>Principium;</strong></span> <span class='ocrx_word' id='word_1_787' title='bbox 909 4632 1063 4685; x_wconf 85' lang='lat' dir='ltr'><strong>Deest</strong></span> <span class='ocrx_word' id='word_1_788' title='bbox 1106 4629 1231 4700; x_wconf 70' lang='lat' dir='ltr'><strong>item</strong></span> <span class='ocrx_word' id='word_1_789' title='bbox 1266 4628 1378 4681; x_wconf 67' lang='lat' dir='ltr'><strong>haec</strong></span> <span class='ocrx_word' id='word_1_790' title='bbox 1406 4642 1507 4681; x_wconf 85' lang='lat' dir='ltr'><strong>vox</strong></span> <span class='ocrx_word' id='word_1_791' title='bbox 1534 4627 1671 4696; x_wconf 87' lang='lat' dir='ltr'><strong>apud</strong></span> <span class='ocrx_word' id='word_1_792' title='bbox 1697 4626 1897 4700; x_wconf 64' lang='lat' dir='ltr'><strong>Mahill.</strong></span> <span class='ocrx_word' id='word_1_793' title='bbox 1954 4628 2019 4681; x_wconf 81' lang='lat' dir='ltr'><strong>Et</strong></span> 
     </span>
    </p>
   </div>
   <div class='ocr_carea' id='block_1_95' title="bbox 458 4694 2017 4767">
    <p class='ocr_par' dir='ltr' id='par_1_95' title="bbox 458 4694 2017 4767">
     <span class='ocr_line' id='line_1_95' title="bbox 458 4694 2017 4767; baseline -0.004 -9"><span class='ocrx_word' id='word_1_794' title='bbox 458 4718 577 4758; x_wconf 67' lang='lat' dir='ltr'><strong>mox</strong></span> <span class='ocrx_word' id='word_1_795' title='bbox 608 4694 733 4755; x_wconf 67' lang='lat' dir='ltr'><strong>ibid.</strong></span> <span class='ocrx_word' id='word_1_796' title='bbox 783 4702 970 4767; x_wconf 80' lang='lat' dir='ltr'><strong>legitur</strong></span> <span class='ocrx_word' id='word_1_797' title='bbox 1015 4700 1085 4751; x_wconf 89' lang='lat' dir='ltr'><strong>ad</strong></span> <span class='ocrx_word' id='word_1_798' title='bbox 1133 4694 1377 4751; x_wconf 63' lang='lat' dir='ltr'><strong>ditionem</strong></span> <span class='ocrx_word' id='word_1_799' title='bbox 1426 4694 1646 4751; x_wconf 79' lang='lat' dir='ltr'><strong>tantum.</strong></span> <span class='ocrx_word' id='word_1_800' title='bbox 1696 4697 1859 4750; x_wconf 80' lang='lat' dir='ltr'><strong>Paulo</strong></span> <span class='ocrx_word' id='word_1_801' title='bbox 1902 4708 2017 4766; x_wconf 87' lang='lat' dir='ltr'><strong>post</strong></span> 
     </span>
    </p>
   </div>
   <div class='ocr_carea' id='block_1_96' title="bbox 456 4768 1473 4841">
    <p class='ocr_par' dir='ltr' id='par_1_96' title="bbox 456 4768 1473 4841">
     <span class='ocr_line' id='line_1_96' title="bbox 456 4768 1473 4841; baseline -0.006 -15"><span class='ocrx_word' id='word_1_802' title='bbox 456 4773 593 4841; x_wconf 65' lang='lat' dir='ltr'><strong>ibid.</strong></span> <span class='ocrx_word' id='word_1_803' title='bbox 614 4781 877 4841; x_wconf 77' lang='lat' dir='ltr'><strong>generatur</strong></span> <span class='ocrx_word' id='word_1_804' title='bbox 897 4780 1057 4841; x_wconf 80' lang='lat' dir='ltr'><strong>autem</strong></span> <span class='ocrx_word' id='word_1_805' title='bbox 1086 4785 1300 4841; x_wconf 27' lang='lat' dir='ltr'><strong>generet</strong></span> <span class='ocrx_word' id='word_1_806' title='bbox 1316 4768 1473 4841; x_wconf 81' lang='lat' dir='ltr'><strong>Male.</strong></span> 
     </span>
    </p>
   </div>
   <div class='ocr_carea' id='block_1_97' title="bbox 526 4836 2014 4902">
    <p class='ocr_par' dir='ltr' id='par_1_97' title="bbox 526 4836 2014 4902">
     <span class='ocr_line' id='line_1_97' title="bbox 526 4836 2014 4902; baseline -0.008 -7"><span class='ocrx_word' id='word_1_807' title='bbox 526 4836 1104 4895; x_wconf 47' lang='lat' dir='ltr'><strong>XX&#39;l.—Geuerationis.</strong></span> <span class='ocrx_word' id='word_1_808' title='bbox 1132 4837 1325 4891; x_wconf 76' lang='lat' dir='ltr'><strong>Mabill.</strong></span> <span class='ocrx_word' id='word_1_809' title='bbox 1347 4836 1575 4891; x_wconf 85' lang='lat' dir='ltr'><strong>actionis.</strong></span> <span class='ocrx_word' id='word_1_810' title='bbox 1603 4837 1716 4891; x_wconf 83' lang='lat' dir='ltr'><strong>Mox</strong></span> <span class='ocrx_word' id='word_1_811' title='bbox 1740 4852 1892 4902; x_wconf 81' lang='lat' dir='ltr'><strong>neque</strong></span> <span class='ocrx_word' id='word_1_812' title='bbox 1919 4853 2014 4890; x_wconf 88' lang='lat' dir='ltr'><strong>em.</strong></span> 
     </span>
    </p>
   </div>
   <div class='ocr_carea' id='block_1_98' title="bbox 455 4909 999 4977">
    <p class='ocr_par' dir='ltr' id='par_1_98' title="bbox 455 4909 999 4977">
     <span class='ocr_line' id='line_1_98' title="bbox 455 4909 999 4977; baseline -0.004 -14"><span class='ocrx_word' id='word_1_813' title='bbox 455 4910 669 4977; x_wconf 84' lang='lat' dir='ltr'><strong>pltust&#39;m.</strong></span> <span class='ocrx_word' id='word_1_814' title='bbox 704 4909 816 4964; x_wconf 83' lang='lat' dir='ltr'><strong>Non</strong></span> <span class='ocrx_word' id='word_1_815' title='bbox 840 4920 999 4963; x_wconf 85' lang='lat' dir='ltr'><strong>recte.</strong></span> 
     </span>
    </p>
   </div>
   <div class='ocr_carea' id='block_1_99' title="bbox 524 4976 1256 5047">
    <p class='ocr_par' dir='ltr' id='par_1_99' title="bbox 524 4976 1256 5047">
     <span class='ocr_line' id='line_1_99' title="bbox 524 4976 1256 5047; baseline -0.008 -13"><span class='ocrx_word' id='word_1_816' title='bbox 524 4979 590 5034; x_wconf 83' lang='lat' dir='ltr'><strong>In</strong></span> <span class='ocrx_word' id='word_1_817' title='bbox 636 4982 967 5047; x_wconf 71' lang='lat' dir='ltr'><strong>semetipsum.</strong></span> <span class='ocrx_word' id='word_1_818' title='bbox 1019 4976 1256 5040; x_wconf 86' lang='lat' dir='ltr'><strong>Mabill.,</strong></span> 
     </span>
    </p>
   </div>
   <div class='ocr_carea' id='block_1_100' title="bbox 452 5048 1280 5116">
    <p class='ocr_par' dir='ltr' id='par_1_100' title="bbox 452 5048 1280 5116">
     <span class='ocr_line' id='line_1_100' title="bbox 452 5048 1280 5116; baseline -0.013 -11"><span class='ocrx_word' id='word_1_819' title='bbox 452 5066 572 5105; x_wconf 83' lang='lat' dir='ltr'><strong>mox</strong></span> <span class='ocrx_word' id='word_1_820' title='bbox 596 5051 813 5102; x_wconf 80' lang='lat' dir='ltr'><strong>custodit</strong></span> <span class='ocrx_word' id='word_1_821' title='bbox 842 5064 935 5116; x_wconf 91' lang='lat' dir='ltr'><strong>pro</strong></span> <span class='ocrx_word' id='word_1_822' title='bbox 956 5048 1280 5116; x_wconf 74' lang='lat' dir='ltr'><strong>custoditum.</strong></span> 
     </span>
    </p>
   </div>
   <div class='ocr_carea' id='block_1_101' title="bbox 524 5113 2005 5186">
    <p class='ocr_par' dir='ltr' id='par_1_101' title="bbox 524 5113 2005 5186">
     <span class='ocr_line' id='line_1_101' title="bbox 524 5113 2005 5186; baseline -0.003 -13"><span class='ocrx_word' id='word_1_823' title='bbox 524 5119 588 5173; x_wconf 88' lang='lat' dir='ltr'><strong>In</strong></span> <span class='ocrx_word' id='word_1_824' title='bbox 632 5119 785 5171; x_wconf 87' lang='lat' dir='ltr'><strong>omni.</strong></span> <span class='ocrx_word' id='word_1_825' title='bbox 836 5113 923 5171; x_wconf 85' lang='lat' dir='ltr'><strong>Sic</strong></span> <span class='ocrx_word' id='word_1_826' title='bbox 968 5119 1167 5186; x_wconf 87' lang='lat' dir='ltr'><strong>optime</strong></span> <span class='ocrx_word' id='word_1_827' title='bbox 1211 5115 1414 5170; x_wconf 77' lang='lat' dir='ltr'><strong>Mabill.</strong></span> <span class='ocrx_word' id='word_1_828' title='bbox 1465 5116 1534 5170; x_wconf 79' lang='lat' dir='ltr'><strong>At</strong></span> <span class='ocrx_word' id='word_1_829' title='bbox 1578 5113 1869 5169; x_wconf 89' lang='lat' dir='ltr'><strong>Orthodox.</strong></span> <span class='ocrx_word' id='word_1_830' title='bbox 1918 5115 2005 5168; x_wconf 80' lang='lat' dir='ltr'><strong>Ito-</strong></span> 
     </span>
    </p>
   </div>
   <div class='ocr_carea' id='block_1_102' title="bbox 450 5189 878 5243">
    <p class='ocr_par' dir='ltr' id='par_1_102' title="bbox 450 5189 878 5243">
     <span class='ocr_line' id='line_1_102' title="bbox 450 5189 878 5243; baseline -0.007 -1"><span class='ocrx_word' id='word_1_831' title='bbox 450 5190 595 5243; x_wconf 84' lang='lat' dir='ltr'><strong>mini.</strong></span> <span class='ocrx_word' id='word_1_832' title='bbox 627 5189 878 5242; x_wconf 88' lang='lat' dir='ltr'><strong>Pessime.</strong></span> 
     </span>
    </p>
   </div>
   <div class='ocr_carea' id='block_1_103' title="bbox 521 5273 2003 5345">
    <p class='ocr_par' dir='ltr' id='par_1_103' title="bbox 521 5273 2003 5345">
     <span class='ocr_line' id='line_1_103' title="bbox 521 5273 2003 5345; baseline -0.004 -10"><span class='ocrx_word' id='word_1_833' title='bbox 521 5279 679 5335; x_wconf 82' lang='lat' dir='ltr'>XXII.</span> <span class='ocrx_word' id='word_1_834' title='bbox 714 5308 785 5320; x_wconf 83' lang='lat'><strong>-—-</strong></span> <span class='ocrx_word' id='word_1_835' title='bbox 811 5277 1017 5331; x_wconf 79' lang='lat' dir='ltr'><strong>Pmitus</strong></span> <span class='ocrx_word' id='word_1_836' title='bbox 1055 5277 1243 5331; x_wconf 80' lang='lat' dir='ltr'><strong>abesse.</strong></span> <span class='ocrx_word' id='word_1_837' title='bbox 1273 5273 1396 5345; x_wconf 57' lang='lat' dir='ltr'><strong>Hinc</strong></span> <span class='ocrx_word' id='word_1_838' title='bbox 1421 5275 1614 5329; x_wconf 88' lang='lat' dir='ltr'><strong>omittit</strong></span> <span class='ocrx_word' id='word_1_839' title='bbox 1643 5276 1837 5330; x_wconf 81' lang='lat' dir='ltr'><strong>Mabill.</strong></span> <span class='ocrx_word' id='word_1_840' title='bbox 1868 5275 2003 5345; x_wconf 88' lang='lat' dir='ltr'><strong>apud</strong></span> 
     </span>
    </p>
   </div>
   <div class='ocr_carea' id='block_1_104' title="bbox 444 5344 1904 5421">
    <p class='ocr_par' dir='ltr' id='par_1_104' title="bbox 444 5344 1904 5421">
     <span class='ocr_line' id='line_1_104' title="bbox 444 5344 1904 5421; baseline -0.003 -16"><span class='ocrx_word' id='word_1_841' title='bbox 444 5365 598 5421; x_wconf 86' lang='lat' dir='ltr'><strong>quem</strong></span> <span class='ocrx_word' id='word_1_842' title='bbox 629 5351 783 5419; x_wconf 85' lang='lat' dir='ltr'><strong>paulo</strong></span> <span class='ocrx_word' id='word_1_843' title='bbox 830 5358 969 5417; x_wconf 89' lang='lat' dir='ltr'><strong>post,</strong></span> <span class='ocrx_word' id='word_1_844' title='bbox 1001 5358 1043 5399; x_wconf 87' lang='lat' dir='ltr'><strong>et</strong></span> <span class='ocrx_word' id='word_1_845' title='bbox 1065 5358 1272 5399; x_wconf 67' lang='lat' dir='ltr'><strong>artemo.</strong></span> <span class='ocrx_word' id='word_1_846' title='bbox 1307 5344 1596 5412; x_wconf 91' lang='lat' dir='ltr'><strong>Utrumque</strong></span> <span class='ocrx_word' id='word_1_847' title='bbox 1624 5362 1725 5398; x_wconf 92' lang='lat' dir='ltr'><strong>non</strong></span> <span class='ocrx_word' id='word_1_848' title='bbox 1755 5348 1904 5400; x_wconf 86' lang='lat' dir='ltr'><strong>bene.</strong></span> 
     </span>
    </p>
   </div>
   <div class='ocr_carea' id='block_1_105' title="bbox 512 5432 1993 5509">
    <p class='ocr_par' dir='ltr' id='par_1_105' title="bbox 512 5432 1993 5509">
     <span class='ocr_line' id='line_1_105' title="bbox 512 5432 1993 5509; baseline -0.003 -18"><span class='ocrx_word' id='word_1_849' title='bbox 512 5438 764 5509; x_wconf 76' lang='lat' dir='ltr'><strong>Perfecta.</strong></span> <span class='ocrx_word' id='word_1_850' title='bbox 809 5436 1029 5509; x_wconf 78' lang='lat' dir='ltr'><strong>__Mclior</strong></span> <span class='ocrx_word' id='word_1_851' title='bbox 1068 5435 1274 5509; x_wconf 84' lang='lat' dir='ltr'><strong>videtur</strong></span> <span class='ocrx_word' id='word_1_852' title='bbox 1318 5432 1430 5487; x_wconf 72' lang='lat' dir='ltr'><strong>haec</strong></span> <span class='ocrx_word' id='word_1_853' title='bbox 1480 5433 1637 5487; x_wconf 86' lang='lat' dir='ltr'><strong>lectio</strong></span> <span class='ocrx_word' id='word_1_854' title='bbox 1704 5433 1993 5488; x_wconf 84' lang='lat' dir='ltr'><strong>Orthodox.</strong></span> 
     </span>
    </p>
   </div>
   <div class='ocr_carea' id='block_1_106' title="bbox 437 5505 1298 5579">
    <p class='ocr_par' dir='ltr' id='par_1_106' title="bbox 437 5505 1298 5579">
     <span class='ocr_line' id='line_1_106' title="bbox 437 5505 1298 5579; baseline -0.009 -16"><span class='ocrx_word' id='word_1_855' title='bbox 437 5524 593 5579; x_wconf 83' lang='lat' dir='ltr'><strong>quam</strong></span> <span class='ocrx_word' id='word_1_856' title='bbox 620 5505 782 5561; x_wconf 70' lang='lat' dir='ltr'><strong>altera</strong></span> <span class='ocrx_word' id='word_1_857' title='bbox 808 5505 1005 5559; x_wconf 82' lang='lat' dir='ltr'><strong>Mabill.</strong></span> <span class='ocrx_word' id='word_1_858' title='bbox 1031 5506 1298 5573; x_wconf 72' lang='lat' dir='ltr'><strong>perfectus.</strong></span> 
     </span>
    </p>
   </div>
   <div class='ocr_carea' id='block_1_107' title="bbox 504 5592 1989 5654">
    <p class='ocr_par' dir='ltr' id='par_1_107' title="bbox 504 5592 1989 5654">
     <span class='ocr_line' id='line_1_107' title="bbox 504 5592 1989 5654; baseline -0.002 0"><span class='ocrx_word' id='word_1_859' title='bbox 504 5601 655 5654; x_wconf 84' lang='lat' dir='ltr'><strong>Sunt.</strong></span> <span class='ocrx_word' id='word_1_860' title='bbox 698 5596 822 5650; x_wconf 68' lang='lat' dir='ltr'><strong>Hmc</strong></span> <span class='ocrx_word' id='word_1_861' title='bbox 861 5610 961 5648; x_wconf 84' lang='lat' dir='ltr'><strong>vox</strong></span> <span class='ocrx_word' id='word_1_862' title='bbox 1017 5595 1165 5648; x_wconf 84' lang='lat' dir='ltr'><strong>abest</strong></span> <span class='ocrx_word' id='word_1_863' title='bbox 1206 5608 1237 5645; x_wconf 88' lang='lat' dir='ltr'><strong>a</strong></span> <span class='ocrx_word' id='word_1_864' title='bbox 1289 5592 1483 5647; x_wconf 82' lang='lat' dir='ltr'><strong>Mabill.</strong></span> <span class='ocrx_word' id='word_1_865' title='bbox 1527 5594 1787 5649; x_wconf 91' lang='lat' dir='ltr'><strong>immerito</strong></span> <span class='ocrx_word' id='word_1_866' title='bbox 1826 5604 1885 5651; x_wconf 90' lang='lat' dir='ltr'><strong>ut</strong></span> <span class='ocrx_word' id='word_1_867' title='bbox 1910 5596 1989 5651; x_wconf 83' lang='lat' dir='ltr'><strong>vi-</strong></span> 
     </span>
    </p>
   </div>
   <div class='ocr_carea' id='block_1_108' title="bbox 431 5661 1983 5726">
    <p class='ocr_par' dir='ltr' id='par_1_108' title="bbox 431 5661 1983 5726">
     <span class='ocr_line' id='line_1_108' title="bbox 431 5661 1983 5726; baseline -0.006 -1"><span class='ocrx_word' id='word_1_868' title='bbox 431 5668 607 5726; x_wconf 84' lang='lat' dir='ltr'><strong>detur.</strong></span> <span class='ocrx_word' id='word_1_869' title='bbox 639 5666 761 5721; x_wconf 79' lang='lat' dir='ltr'><strong>Mox</strong></span> <span class='ocrx_word' id='word_1_870' title='bbox 789 5663 916 5721; x_wconf 82' lang='lat' dir='ltr'><strong>ibid.</strong></span> <span class='ocrx_word' id='word_1_871' title='bbox 948 5661 1050 5717; x_wconf 86' lang='lat' dir='ltr'><strong>alia</strong></span> <span class='ocrx_word' id='word_1_872' title='bbox 1075 5678 1191 5720; x_wconf 78' lang='lat' dir='ltr'><strong>vero</strong></span> <span class='ocrx_word' id='word_1_873' title='bbox 1215 5664 1385 5716; x_wconf 85' lang='lat' dir='ltr'><strong>omnia</strong></span> <span class='ocrx_word' id='word_1_874' title='bbox 1412 5664 1517 5717; x_wconf 85' lang='lat' dir='ltr'><strong>sine</strong></span> <span class='ocrx_word' id='word_1_875' title='bbox 1540 5666 1753 5718; x_wconf 80' lang='lat' dir='ltr'><strong>actione.</strong></span> <span class='ocrx_word' id='word_1_876' title='bbox 1977 5672 1983 5677; x_wconf 85' lang='lat'>&#39;</span> 
     </span>
    </p>
   </div>
   <div class='ocr_carea' id='block_1_109' title="bbox 1301 4975 2010 5044">
    <p class='ocr_par' dir='ltr' id='par_1_109' title="bbox 1301 4975 2010 5044">
     <span class='ocr_line' id='line_1_109' title="bbox 1301 4975 2010 5044; baseline -0.003 -13"><span class='ocrx_word' id='word_1_877' title='bbox 1301 4992 1406 5031; x_wconf 81' lang='lat' dir='ltr'><strong>esse</strong></span> <span class='ocrx_word' id='word_1_878' title='bbox 1456 4977 1507 5029; x_wconf 85' lang='lat' dir='ltr'><strong>in</strong></span> <span class='ocrx_word' id='word_1_879' title='bbox 1554 4976 1889 5044; x_wconf 79' lang='lat' dir='ltr'><strong>semetipsum.</strong></span> <span class='ocrx_word' id='word_1_880' title='bbox 1946 4975 2010 5029; x_wconf 87' lang='lat' dir='ltr'><strong>Et</strong></span> 
     </span>
    </p>
   </div>
   <div class='ocr_carea' id='block_1_110' title="bbox 2194 4483 3680 4557">
    <p class='ocr_par' dir='ltr' id='par_1_110' title="bbox 2194 4483 3680 4557">
     <span class='ocr_line' id='line_1_110' title="bbox 2194 4483 3680 4557; baseline 0.009 -21"><span class='ocrx_word' id='word_1_881' title='bbox 2194 4483 2254 4536; x_wconf 87' lang='lat' dir='ltr'><strong>In</strong></span> <span class='ocrx_word' id='word_1_882' title='bbox 2295 4486 2348 4557; x_wconf 71' lang='lat' dir='ltr'><strong>id</strong></span> <span class='ocrx_word' id='word_1_883' title='bbox 2389 4486 2521 4553; x_wconf 81' lang='lat' dir='ltr'><strong>quod</strong></span> <span class='ocrx_word' id='word_1_884' title='bbox 2569 4496 2641 4539; x_wconf 81' lang='lat' dir='ltr'><strong>est</strong></span> <span class='ocrx_word' id='word_1_885' title='bbox 2687 4503 2851 4557; x_wconf 87' lang='lat' dir='ltr'><strong>agere.</strong></span> <span class='ocrx_word' id='word_1_886' title='bbox 2907 4487 2994 4544; x_wconf 90' lang='lat' dir='ltr'><strong>Sic</strong></span> <span class='ocrx_word' id='word_1_887' title='bbox 3042 4488 3239 4544; x_wconf 84' lang='lat' dir='ltr'><strong>MabiIl.</strong></span> <span class='ocrx_word' id='word_1_888' title='bbox 3281 4491 3348 4544; x_wconf 81' lang='lat' dir='ltr'><strong>At</strong></span> <span class='ocrx_word' id='word_1_889' title='bbox 3390 4490 3680 4549; x_wconf 87' lang='lat' dir='ltr'><strong>Orthodox.</strong></span> 
     </span>
    </p>
   </div>
   <div class='ocr_carea' id='block_1_111' title="bbox 2121 4554 2631 4625">
    <p class='ocr_par' dir='ltr' id='par_1_111' title="bbox 2121 4554 2631 4625">
     <span class='ocr_line' id='line_1_111' title="bbox 2121 4554 2631 4625; baseline 0.01 -21"><span class='ocrx_word' id='word_1_890' title='bbox 2121 4554 2172 4604; x_wconf 86' lang='lat' dir='ltr'><strong>in</strong></span> <span class='ocrx_word' id='word_1_891' title='bbox 2205 4554 2343 4625; x_wconf 83' lang='lat' dir='ltr'><strong>quod</strong></span> <span class='ocrx_word' id='word_1_892' title='bbox 2366 4566 2437 4608; x_wconf 79' lang='lat' dir='ltr'><strong>est</strong></span> <span class='ocrx_word' id='word_1_893' title='bbox 2464 4573 2631 4625; x_wconf 82' lang='lat' dir='ltr'><strong>agere.</strong></span> 
     </span>
    </p>
   </div>
   <div class='ocr_carea' id='block_1_112' title="bbox 2190 4624 3682 4695">
    <p class='ocr_par' dir='ltr' id='par_1_112' title="bbox 2190 4624 3682 4695">
     <span class='ocr_line' id='line_1_112' title="bbox 2190 4624 3682 4695; baseline 0.008 -18"><span class='ocrx_word' id='word_1_894' title='bbox 2190 4624 2278 4677; x_wconf 72' lang='lat' dir='ltr'><strong>Sic</strong></span> <span class='ocrx_word' id='word_1_895' title='bbox 2318 4626 2410 4677; x_wconf 91' lang='lat' dir='ltr'><strong>hoc</strong></span> <span class='ocrx_word' id='word_1_896' title='bbox 2457 4624 2601 4695; x_wconf 71' lang='lat' dir='ltr'><strong>agere</strong></span> <span class='ocrx_word' id='word_1_897' title='bbox 2653 4626 2794 4679; x_wconf 84' lang='lat' dir='ltr'><strong>habet</strong></span> <span class='ocrx_word' id='word_1_898' title='bbox 2842 4637 2887 4678; x_wconf 89' lang='lat' dir='ltr'><strong>et</strong></span> <span class='ocrx_word' id='word_1_899' title='bbox 2935 4644 3058 4681; x_wconf 80' lang='lat' dir='ltr'><strong>esse.</strong></span> <span class='ocrx_word' id='word_1_900' title='bbox 3091 4627 3212 4681; x_wconf 65' lang='lat' dir='ltr'><strong>&quot;rec</strong></span> <span class='ocrx_word' id='word_1_901' title='bbox 3258 4628 3451 4686; x_wconf 88' lang='lat' dir='ltr'><strong>desunt</strong></span> <span class='ocrx_word' id='word_1_902' title='bbox 3492 4632 3542 4687; x_wconf 92' lang='lat' dir='ltr'><strong>iu</strong></span> <span class='ocrx_word' id='word_1_903' title='bbox 3585 4634 3682 4689; x_wconf 78' lang='lat' dir='ltr'><strong>Or-</strong></span> 
     </span>
    </p>
   </div>
   <div class='ocr_carea' id='block_1_113' title="bbox 2119 4692 3179 4765">
    <p class='ocr_par' dir='ltr' id='par_1_113' title="bbox 2119 4692 3179 4765">
     <span class='ocr_line' id='line_1_113' title="bbox 2119 4692 3179 4765; baseline 0.005 -21"><span class='ocrx_word' id='word_1_904' title='bbox 2119 4692 2358 4765; x_wconf 72' lang='lat' dir='ltr'><strong>thodox.,</strong></span> <span class='ocrx_word' id='word_1_905' title='bbox 2389 4692 2854 4765; x_wconf 49' lang='lat' dir='ltr'><strong>quaisumpsinius</strong></span> <span class='ocrx_word' id='word_1_906' title='bbox 2891 4714 2951 4751; x_wconf 80' lang='lat' dir='ltr'><strong>ex</strong></span> <span class='ocrx_word' id='word_1_907' title='bbox 2982 4698 3179 4751; x_wconf 84' lang='lat' dir='ltr'><strong>Mabill.</strong></span> 
     </span>
    </p>
   </div>
   <div class='ocr_carea' id='block_1_114' title="bbox 2188 4762 3437 4840">
    <p class='ocr_par' dir='ltr' id='par_1_114' title="bbox 2188 4762 3437 4840">
     <span class='ocr_line' id='line_1_114' title="bbox 2188 4762 3437 4840; baseline 0.006 -25"><span class='ocrx_word' id='word_1_908' title='bbox 2188 4762 2370 4840; x_wconf 64' lang='lat' dir='ltr'>XXIII.</span> <span class='ocrx_word' id='word_1_909' title='bbox 2396 4762 2461 4803; x_wconf 65' lang='grc' dir='ltr'><strong>ἱ·-</strong></span> <span class='ocrx_word' id='word_1_910' title='bbox 2495 4764 2559 4817; x_wconf 83' lang='lat' dir='ltr'><strong>Et</strong></span> <span class='ocrx_word' id='word_1_911' title='bbox 2590 4762 2683 4817; x_wconf 73' lang='lat' dir='ltr'><strong>huc</strong></span> <span class='ocrx_word' id='word_1_912' title='bbox 2714 4767 3054 4840; x_wconf 32' lang='lat' dir='ltr'><strong>fuitLMabill.</strong></span> <span class='ocrx_word' id='word_1_913' title='bbox 3084 4778 3129 4820; x_wconf 89' lang='lat' dir='ltr'><strong>et</strong></span> <span class='ocrx_word' id='word_1_914' title='bbox 3156 4769 3207 4819; x_wconf 86' lang='lat' dir='ltr'><strong>in</strong></span> <span class='ocrx_word' id='word_1_915' title='bbox 3237 4784 3293 4821; x_wconf 84' lang='lat' dir='ltr'><strong>eo</strong></span> <span class='ocrx_word' id='word_1_916' title='bbox 3321 4771 3437 4840; x_wconf 79' lang='lat' dir='ltr'><strong>fuit.</strong></span> 
     </span>
    </p>
   </div>
   <div class='ocr_carea' id='block_1_115' title="bbox 2190 4833 3670 4910">
    <p class='ocr_par' dir='ltr' id='par_1_115' title="bbox 2190 4833 3670 4910">
     <span class='ocr_line' id='line_1_115' title="bbox 2190 4833 3670 4910; baseline 0.01 -27"><span class='ocrx_word' id='word_1_917' title='bbox 2190 4833 2361 4910; x_wconf 49' lang='lat' dir='ltr'><strong>Neque</strong></span> <span class='ocrx_word' id='word_1_918' title='bbox 2404 4851 2502 4885; x_wconf 87' lang='lat' dir='ltr'><strong>non</strong></span> <span class='ocrx_word' id='word_1_919' title='bbox 2522 4844 2638 4910; x_wconf 80' lang='lat' dir='ltr'><strong>_est,_</strong></span> <span class='ocrx_word' id='word_1_920' title='bbox 2665 4845 2766 4889; x_wconf 87' lang='lat' dir='ltr'><strong>etc.</strong></span> <span class='ocrx_word' id='word_1_921' title='bbox 2793 4837 3036 4910; x_wconf 69' lang='lat' dir='ltr'><strong>_hlahill.,</strong></span> <span class='ocrx_word' id='word_1_922' title='bbox 3067 4853 3223 4904; x_wconf 85' lang='lat' dir='ltr'><strong>neque</strong></span> <span class='ocrx_word' id='word_1_923' title='bbox 3250 4833 3349 4891; x_wconf 72' lang='lat' dir='ltr'><strong>non</strong></span> <span class='ocrx_word' id='word_1_924' title='bbox 3399 4844 3637 4910; x_wconf 68' lang='grc' dir='ltr'><strong>ἐμούσιον</strong></span> <span class='ocrx_word' id='word_1_925' title='bbox 3655 4884 3670 4907; x_wconf 87' lang='grc'><strong>.</strong></span> 
     </span>
    </p>
   </div>
   <div class='ocr_carea' id='block_1_116' title="bbox 2113 4903 3674 4978">
    <p class='ocr_par' dir='ltr' id='par_1_116' title="bbox 2113 4903 3674 4978">
     <span class='ocr_line' id='line_1_116' title="bbox 2113 4903 3674 4978; baseline 0.009 -27"><span class='ocrx_word' id='word_1_926' title='bbox 2113 4903 2233 4967; x_wconf 84' lang='lat' dir='ltr'><strong>quia</strong></span> <span class='ocrx_word' id='word_1_927' title='bbox 2263 4920 2368 4978; x_wconf 73' lang='lat' dir='ltr'><strong>esse</strong></span> <span class='ocrx_word' id='word_1_928' title='bbox 2398 4905 2531 4978; x_wconf 85' lang='lat' dir='ltr'><strong>quod</strong></span> <span class='ocrx_word' id='word_1_929' title='bbox 2562 4904 2884 4958; x_wconf 72' lang='lat' dir='ltr'><strong>substantiola</strong></span> <span class='ocrx_word' id='word_1_930' title='bbox 2921 4917 3024 4971; x_wconf 81' lang='lat' dir='ltr'><strong>est,</strong></span> <span class='ocrx_word' id='word_1_931' title='bbox 3068 4903 3226 4958; x_wconf 77' lang='lat' dir='ltr'><strong>unum</strong></span> <span class='ocrx_word' id='word_1_932' title='bbox 3260 4903 3460 4978; x_wconf 65' lang='lat' dir='ltr'><strong>utrique</strong></span> <span class='ocrx_word' id='word_1_933' title='bbox 3497 4924 3565 4964; x_wconf 78' lang='lat' dir='ltr'><strong>est</strong></span> <span class='ocrx_word' id='word_1_934' title='bbox 3586 4953 3600 4978; x_wconf 93' lang='lat'><strong>,</strong></span> <span class='ocrx_word' id='word_1_935' title='bbox 3628 4903 3674 4965; x_wconf 72' lang='lat' dir='ltr'><strong>et</strong></span> 
     </span>
    </p>
   </div>
   <div class='ocr_carea' id='block_1_117' title="bbox 2112 4974 2748 5042">
    <p class='ocr_par' dir='ltr' id='par_1_117' title="bbox 2112 4974 2748 5042">
     <span class='ocr_line' id='line_1_117' title="bbox 2112 4974 2748 5042; baseline 0.005 -20"><span class='ocrx_word' id='word_1_936' title='bbox 2112 4987 2214 5042; x_wconf 6' lang='lat' dir='ltr'><strong>una,</strong></span> <span class='ocrx_word' id='word_1_937' title='bbox 2238 4974 2369 5025; x_wconf 80' lang='lat' dir='ltr'><strong>actio</strong></span> <span class='ocrx_word' id='word_1_938' title='bbox 2398 4975 2602 5042; x_wconf 70' lang='lat' dir='ltr'><strong>quippe,</strong></span> <span class='ocrx_word' id='word_1_939' title='bbox 2647 4986 2748 5027; x_wconf 67' lang='grc' dir='ltr'>ειν.</span> 
     </span>
    </p>
   </div>
   <div class='ocr_carea' id='block_1_118' title="bbox 2112 5041 3669 5163">
    <p class='ocr_par' dir='ltr' id='par_1_118' title="bbox 2112 5041 3669 5163">
     <span class='ocr_line' id='line_1_118' title="bbox 2112 5041 3669 5163; baseline 0.008 -71"><span class='ocrx_word' id='word_1_940' title='bbox 2112 5041 2282 5163; x_wconf 60' lang='grc' dir='ltr'><strong>ωρκὶ</strong></span> <span class='ocrx_word' id='word_1_941' title='bbox 2337 5041 2493 5095; x_wconf 79' lang='lat' dir='ltr'><strong>idem</strong></span> <span class='ocrx_word' id='word_1_942' title='bbox 2521 5044 2721 5097; x_wconf 85' lang='lat' dir='ltr'><strong>omnino</strong></span> <span class='ocrx_word' id='word_1_943' title='bbox 2762 5053 2834 5097; x_wconf 82' lang='lat' dir='ltr'><strong>est</strong></span> <span class='ocrx_word' id='word_1_944' title='bbox 2882 5045 2944 5097; x_wconf 86' lang='lat' dir='ltr'><strong>ei.</strong></span> <span class='ocrx_word' id='word_1_945' title='bbox 2994 5044 3118 5099; x_wconf 65' lang='lat' dir='ltr'><strong>Hrec</strong></span> <span class='ocrx_word' id='word_1_946' title='bbox 3171 5043 3360 5101; x_wconf 91' lang='lat' dir='ltr'><strong>desunt</strong></span> <span class='ocrx_word' id='word_1_947' title='bbox 3386 5051 3523 5117; x_wconf 87' lang='lat' dir='ltr'><strong>apud</strong></span> <span class='ocrx_word' id='word_1_948' title='bbox 3563 5052 3669 5105; x_wconf 76' lang='lat' dir='ltr'><strong>Ma-</strong></span> 
     </span>
     <span class='ocr_line' id='line_1_119' title="bbox 2150 5120 2221 5163; baseline 0 0"><span class='ocrx_word' id='word_1_949' title='bbox 2150 5128 2159 5163; x_wconf 95' lang='lat' dir='ltr'><strong>l</strong></span> <span class='ocrx_word' id='word_1_950' title='bbox 2206 5120 2221 5163; x_wconf 92' lang='lat'><strong>&#39;.</strong></span> 
     </span>
    </p>
   </div>
   <div class='ocr_carea' id='block_1_119' title="bbox 2182 5180 3661 5254">
    <p class='ocr_par' dir='ltr' id='par_1_119' title="bbox 2182 5180 3661 5254">
     <span class='ocr_line' id='line_1_120' title="bbox 2182 5180 3661 5254; baseline 0.007 -20"><span class='ocrx_word' id='word_1_951' title='bbox 2182 5180 2366 5254; x_wconf 84' lang='lat' dir='ltr'>XXIV.</span> <span class='ocrx_word' id='word_1_952' title='bbox 2394 5210 2463 5254; x_wconf 53' lang='grc' dir='ltr'><strong>-έ</strong></span> <span class='ocrx_word' id='word_1_953' title='bbox 2495 5180 2654 5236; x_wconf 81' lang='lat' dir='ltr'><strong>Habet</strong></span> <span class='ocrx_word' id='word_1_954' title='bbox 2672 5184 2857 5254; x_wconf 72' lang='lat' dir='ltr'><strong>locum.</strong></span> <span class='ocrx_word' id='word_1_955' title='bbox 2885 5183 2983 5237; x_wconf 87' lang='lat' dir='ltr'><strong>Ista</strong></span> <span class='ocrx_word' id='word_1_956' title='bbox 3011 5184 3307 5241; x_wconf 88' lang='lat' dir='ltr'><strong>redundare</strong></span> <span class='ocrx_word' id='word_1_957' title='bbox 3324 5188 3588 5254; x_wconf 84' lang='lat' dir='ltr'><strong>videntur,</strong></span> <span class='ocrx_word' id='word_1_958' title='bbox 3618 5192 3661 5244; x_wconf 88' lang='lat' dir='ltr'><strong>si</strong></span> 
     </span>
    </p>
   </div>
   <div class='ocr_carea' id='block_1_120' title="bbox 2107 5249 3662 5324">
    <p class='ocr_par' dir='ltr' id='par_1_120' title="bbox 2107 5249 3662 5324">
     <span class='ocr_line' id='line_1_121' title="bbox 2107 5249 3662 5324; baseline 0.007 -22"><span class='ocrx_word' id='word_1_959' title='bbox 2107 5249 2789 5324; x_wconf 70' lang='lat' dir='ltr'><strong>adntittaturiuterrogatio.</strong></span> <span class='ocrx_word' id='word_1_960' title='bbox 2811 5252 2971 5318; x_wconf 76' lang='lat' dir='ltr'><strong>Magis</strong></span> <span class='ocrx_word' id='word_1_961' title='bbox 2998 5255 3169 5322; x_wconf 87' lang='lat' dir='ltr'><strong>placet</strong></span> <span class='ocrx_word' id='word_1_962' title='bbox 3192 5249 3662 5324; x_wconf 75' lang='lat' dir='ltr'><strong>hujusniodilectio</strong></span> 
     </span>
    </p>
   </div>
   <div class='ocr_carea' id='block_1_121' title="bbox 2108 5319 3663 5391">
    <p class='ocr_par' dir='ltr' id='par_1_121' title="bbox 2108 5319 3663 5391">
     <span class='ocr_line' id='line_1_122' title="bbox 2108 5319 3663 5391; baseline 0.004 -18"><span class='ocrx_word' id='word_1_963' title='bbox 2108 5319 2304 5373; x_wconf 85' lang='lat' dir='ltr'><strong>Mahill.</strong></span> <span class='ocrx_word' id='word_1_964' title='bbox 2340 5338 2352 5374; x_wconf 93' lang='lat'>:</span> <span class='ocrx_word' id='word_1_965' title='bbox 2387 5320 2482 5374; x_wconf 82' lang='lat' dir='ltr'><strong>Ubi</strong></span> <span class='ocrx_word' id='word_1_966' title='bbox 2505 5319 2652 5391; x_wconf 60' lang='lat' dir='ltr'><strong>habet</strong></span> <span class='ocrx_word' id='word_1_967' title='bbox 2674 5324 2837 5375; x_wconf 91' lang='lat' dir='ltr'><strong>locum</strong></span> <span class='ocrx_word' id='word_1_968' title='bbox 2859 5319 3012 5374; x_wconf 65' lang='lat' dir='ltr'><strong>aliud</strong></span> <span class='ocrx_word' id='word_1_969' title='bbox 3031 5325 3148 5389; x_wconf 83' lang='lat' dir='ltr'><strong>quid</strong></span> <span class='ocrx_word' id='word_1_970' title='bbox 3170 5319 3276 5376; x_wconf 68' lang='lat' dir='ltr'><strong>esse</strong></span> <span class='ocrx_word' id='word_1_971' title='bbox 3293 5338 3339 5377; x_wconf 85' lang='lat' dir='ltr'><strong>et</strong></span> <span class='ocrx_word' id='word_1_972' title='bbox 3372 5327 3433 5377; x_wconf 87' lang='lat' dir='ltr'><strong>ab</strong></span> <span class='ocrx_word' id='word_1_973' title='bbox 3454 5319 3555 5379; x_wconf 83' lang='lat' dir='ltr'><strong>alio</strong></span> <span class='ocrx_word' id='word_1_974' title='bbox 3574 5368 3587 5391; x_wconf 93' lang='lat'><strong>,</strong></span> <span class='ocrx_word' id='word_1_975' title='bbox 3617 5338 3663 5381; x_wconf 80' lang='lat' dir='ltr'><strong>et</strong></span> 
     </span>
    </p>
   </div>
   <div class='ocr_carea' id='block_1_122' title="bbox 2107 5390 3329 5457">
    <p class='ocr_par' dir='ltr' id='par_1_122' title="bbox 2107 5390 3329 5457">
     <span class='ocr_line' id='line_1_123' title="bbox 2107 5390 3329 5457; baseline 0.003 -17"><span class='ocrx_word' id='word_1_976' title='bbox 2107 5406 2264 5457; x_wconf 69' lang='lat' dir='ltr'><strong>magis</strong></span> <span class='ocrx_word' id='word_1_977' title='bbox 2294 5407 2355 5443; x_wconf 75' lang='lat' dir='ltr'><strong>ex</strong></span> <span class='ocrx_word' id='word_1_978' title='bbox 2385 5392 2541 5443; x_wconf 86' lang='lat' dir='ltr'><strong>nihilo</strong></span> <span class='ocrx_word' id='word_1_979' title='bbox 2569 5390 2748 5443; x_wconf 73' lang='lat' dir='ltr'><strong>Jesum</strong></span> <span class='ocrx_word' id='word_1_980' title='bbox 2776 5391 3024 5445; x_wconf 81' lang='lat' dir='ltr'><strong>Christum</strong></span> <span class='ocrx_word' id='word_1_981' title='bbox 3055 5401 3097 5443; x_wconf 84' lang='lat' dir='ltr'><strong>et</strong></span> <span class='ocrx_word' id='word_1_982' title='bbox 3128 5394 3329 5457; x_wconf 77' lang='lat' dir='ltr'><strong>ﬁlium?</strong></span> 
     </span>
    </p>
   </div>
   <div class='ocr_carea' id='block_1_123' title="bbox 2170 5446 3657 5530">
    <p class='ocr_par' dir='ltr' id='par_1_123' title="bbox 2170 5446 3657 5530">
     <span class='ocr_line' id='line_1_124' title="bbox 2170 5446 3657 5530; baseline 0.002 -18"><span class='ocrx_word' id='word_1_983' title='bbox 2170 5446 2560 5514; x_wconf 68' lang='lat' dir='ltr'><strong>XX\.-—Ovru.</strong></span> <span class='ocrx_word' id='word_1_984' title='bbox 2604 5462 2746 5514; x_wconf 88' lang='lat' dir='ltr'><strong>llanc</strong></span> <span class='ocrx_word' id='word_1_985' title='bbox 2794 5477 2972 5513; x_wconf 85' lang='lat' dir='ltr'><strong>vocent</strong></span> <span class='ocrx_word' id='word_1_986' title='bbox 3018 5446 3407 5530; x_wconf 53' lang='lat' dir='ltr'><strong>dest&#39;tinpsitnus</strong></span> <span class='ocrx_word' id='word_1_987' title='bbox 3448 5481 3509 5519; x_wconf 89' lang='lat' dir='ltr'><strong>ex</strong></span> <span class='ocrx_word' id='word_1_988' title='bbox 3552 5465 3657 5518; x_wconf 79' lang='lat' dir='ltr'><strong>Ma—</strong></span> 
     </span>
    </p>
   </div>
   <div class='ocr_carea' id='block_1_124' title="bbox 2094 5525 3126 5597">
    <p class='ocr_par' dir='ltr' id='par_1_124' title="bbox 2094 5525 3126 5597">
     <span class='ocr_line' id='line_1_125' title="bbox 2094 5525 3126 5597; baseline 0.001 -18"><span class='ocrx_word' id='word_1_989' title='bbox 2094 5525 2205 5581; x_wconf 88' lang='lat' dir='ltr'><strong>bill.</strong></span> <span class='ocrx_word' id='word_1_990' title='bbox 2246 5545 2361 5597; x_wconf 75' lang='lat' dir='ltr'><strong>qua:</strong></span> <span class='ocrx_word' id='word_1_991' title='bbox 2404 5532 2732 5583; x_wconf 83' lang='lat' dir='ltr'><strong>desideratur</strong></span> <span class='ocrx_word' id='word_1_992' title='bbox 2762 5531 2808 5581; x_wconf 93' lang='lat' dir='ltr'><strong>iu</strong></span> <span class='ocrx_word' id='word_1_993' title='bbox 2837 5530 3126 5584; x_wconf 80' lang='lat' dir='ltr'><strong>Orthodox.</strong></span> 
     </span>
    </p>
   </div>
   <div class='ocr_carea' id='block_1_125' title="bbox 2161 5597 3651 5674">
    <p class='ocr_par' dir='ltr' id='par_1_125' title="bbox 2161 5597 3651 5674">
     <span class='ocr_line' id='line_1_126' title="bbox 2161 5597 3651 5674; baseline 0.004 -25"><span class='ocrx_word' id='word_1_994' title='bbox 2161 5597 2227 5674; x_wconf 79' lang='lat' dir='ltr'><strong>Et</strong></span> <span class='ocrx_word' id='word_1_995' title='bbox 2255 5608 2542 5674; x_wconf 78' lang='lat' dir='ltr'><strong>et&#39;ectorem,</strong></span> <span class='ocrx_word' id='word_1_996' title='bbox 2571 5609 2673 5653; x_wconf 83' lang='lat' dir='ltr'><strong>etc.</strong></span> <span class='ocrx_word' id='word_1_997' title='bbox 2702 5599 2876 5674; x_wconf 28' lang='lat' dir='ltr'><strong>Bla‘bill</strong></span> <span class='ocrx_word' id='word_1_998' title='bbox 2919 5608 2962 5651; x_wconf 83' lang='lat' dir='ltr'><strong>et</strong></span> <span class='ocrx_word' id='word_1_999' title='bbox 2990 5615 3015 5652; x_wconf 87' lang='lat' dir='ltr'><strong>e</strong></span> <span class='ocrx_word' id='word_1_1000' title='bbox 3033 5610 3274 5655; x_wconf 77' lang='lat' dir='ltr'><strong>rectorem</strong></span> <span class='ocrx_word' id='word_1_1001' title='bbox 3299 5604 3351 5657; x_wconf 86' lang='lat' dir='ltr'><strong>in</strong></span> <span class='ocrx_word' id='word_1_1002' title='bbox 3382 5604 3651 5674; x_wconf 80' lang='lat' dir='ltr'><strong>angelicam</strong></span> 
     </span>
    </p>
   </div>
   <div class='ocr_carea' id='block_1_126' title="bbox 2087 5666 2853 5735">
    <p class='ocr_par' dir='ltr' id='par_1_126' title="bbox 2087 5666 2853 5735">
     <span class='ocr_line' id='line_1_127' title="bbox 2087 5666 2853 5735; baseline 0.003 -16"><span class='ocrx_word' id='word_1_1003' title='bbox 2087 5666 2326 5735; x_wconf 74' lang='lat' dir='ltr'><strong>uirginem</strong></span> <span class='ocrx_word' id='word_1_1004' title='bbox 2349 5683 2448 5721; x_wconf 85' lang='lat' dir='ltr'><strong>non</strong></span> <span class='ocrx_word' id='word_1_1005' title='bbox 2482 5670 2615 5721; x_wconf 84' lang='lat' dir='ltr'><strong>intus</strong></span> <span class='ocrx_word' id='word_1_1006' title='bbox 2651 5669 2853 5722; x_wconf 82' lang='lat' dir='ltr'><strong>emisit?</strong></span> 
     </span>
    </p>
   </div>
  </div>
