3920 6218
156 322 183 380 1
193 328 297 385 037

1154 322 1483 381 EPISTOLA
1522 323 1615 378 AD
1657 320 1920 379 MARIUM
1962 322 2399 380 VICTORINUM.

3273 326 3413 383 {038

166 456 275 498 non
307 450 668 495 consonamus
692 436 790 507 ipsi
819 435 1029 508 publice
1057 436 1256 492 dicenti
1288 455 1301 492 :
1346 435 1739 506 Ingenitogeni-
1766 435 1818 494 Α
1844 432 2142 489 Confortari
2194 445 2246 489 te
2275 436 2327 489 in
2359 435 2581 489 Domino
2607 475 2622 499 ,
2680 450 2865 505 preces
2895 435 3031 491 facio
3059 478 3073 502 ,
3124 452 3418 494 memorem

165 538 255 585 tus
284 540 365 584 est
394 570 410 594 ,
438 544 653 597 semper
675 528 814 583 Deus
847 568 861 591 ,
894 542 1103 597 semper
1130 527 1294 581 Filius
1326 568 1341 593 ,
1374 527 1526 581 simul
1567 525 1741 594 Pater,

164 620 327 675 simul
356 618 521 673 Filius
548 619 898 674 consubsistit
925 620 1156 687 ingenile
1181 618 1349 673 Filius
1376 618 1518 672 Patri
1548 634 1561 669 :
1604 632 1745 672 sem—

169 726 270 780 per
286 710 499 779 genitus
522 718 606 763 est
633 726 645 762 :
674 723 848 779 neque
875 708 939 762 ad
964 709 1364 779 intr-lligentiam
1393 748 1408 773 ,
1434 722 1605 777 neque
1634 707 1751 762 exi-

170 815 280 870 δυο
331 798 505 869 aliquo
550 799 802 869 pra-cedit
841 798 980 854 Deus
1011 799 1217 853 lilium:
1258 813 1471 867 semper
1519 796 1657 852 illius
1686 812 1751 850 ex

173 890 295 960 ipso
321 900 404 943 est
434 891 542 944 Deo
565 890 725 943 ﬁlius.
779 888 849 943 Et
870 890 1117 958 quoniam
1164 890 1421 944 Eusebius
1449 889 1608 943 frater
1637 898 1755 941 tuus

176 985 271 1054 qni
320 984 372 1036 in
404 983 643 1038 Caesarea
681 989 793 1047 est,
820 990 874 1035 et
902 980 1206 1036 Theodotus
1230 1022 1245 1047 ,
1285 991 1335 1036 et
1368 980 1617 1034 Paulinus
1644 1018 1661 1044 ,
1704 986 1758 1033 et

172 1075 507 1129 Athanasius
533 1084 584 1128 et
602 1071 892 1142 Gregorius
912 1113 928 1138 ,
957 1084 1007 1128 et
1038 1072 1244 1137 Aetius,
1265 1085 1315 1126 et
1343 1086 1526 1127 omnes
1552 1070 1640 1142 qui
1665 1072 1757 1125 cir-

178 1180 306 1222 citm
358 1165 613 1220 orientem
664 1164 863 1229 dicunt,
916 1164 1053 1234 quod
1112 1164 1402 1234 przcexistit
1462 1164 1597 1217 Deus
1652 1161 1759 1215 tilio

177 1257 301 1311 sine
331 1256 591 1325 principio
627 1255 949 1311 :anathema
992 1255 1119 1309 facti
1164 1264 1286 1308 sunt
1318 1296 1332 1319 ,
1381 1266 1604 1323 excepto
1648 1254 1761 1308 solo

178 1347 501 1417 Philogonio
524 1389 539 1413 ,
568 1356 623 1402 et
652 1347 926 1402 Hellanico
957 1388 971 1411 ,
1004 1355 1057 1400 et
1076 1347 1303 1401 Macario
1326 1347 1624 1401 hominibus
1649 1346 1759 1400 ha:-

180 1438 368 1494 reticis
397 1480 412 1502 ,
439 1438 633 1506 quibus
655 1454 760 1492 non
787 1438 1021 1492 insonuit
1044 1479 1058 1502 ,
1108 1438 1249 1508 quod
1279 1438 1442 1492 ﬁlium
1465 1438 1648 1492 dicunt
1676 1436 1763 1489 alii

179 1529 608 1593 eructationem,
668 1528 756 1581 alii
806 1526 1183 1595 emissionem,
1234 1527 1322 1581 alii
1368 1527 1521 1581 simul
1564 1527 1764 1596 ingeni-

182 1629 320 1674 tum.
338 1621 405 1673 At
426 1620 646 1673 istorum
668 1619 943 1688 sacrilegia
964 1633 1063 1674 nec
1078 1617 1262 1673 audire
1275 1634 1555 1688 possumus
1568 1658 1581 1682 ,
1606 1618 1764 1673 etiam

181 1712 228 1766 si
252 1711 430 1765 decies
469 1710 614 1764 mille
644 1720 843 1765 mortes
891 1709 1041 1765 nobis
1080 1709 1349 1765 minentur
1378 1708 1634 1763 haeretici.
1661 1708 1766 1763 Nos

1853 526 2245 580 tribulationum
2285 536 2623 593 nostrarum,
2672 525 3079 591 Collucianista,
3110 544 3235 584 vere
3269 533 3422 587 Εὐσέ-

1853 616 1948 669 ϐιε.
1984 635 2003 667 ι
2036 615 2160 670 llaec
2186 615 2343 669 Arius
2365 616 2513 673 dicit.

1921 705 1986 761 ll.
2012 706 2079 760 Et
2107 706 2173 761 de
2200 705 2283 760 his
2317 707 2576 762 Eusebius
2596 708 2746 777 juxta
2774 710 2929 763 istum
2962 709 3174 764 modum
3204 712 3323 766 talia
3353 714 3419 767 ad

1854 796 2133 852 Paulinum
2162 813 2175 849 :
2213 816 2232 849 ι
2265 798 2523 866 Quoniam
2547 801 2688 852 enim
2736 815 2904 869 neque
2929 800 3035 854 duo
3066 802 3300 872 ingenita
3328 819 3421 858 au-

1856 890 2090 945 divimus
2120 931 2133 953 ,
2178 905 2349 959 neque
2376 906 2536 944 unum
2570 892 2622 945 in
2650 890 2755 945 duo
2781 890 3005 946 divisum
3036 933 3049 954 .
3104 909 3273 963 neque
3303 910 3424 950 cor—

1858 983 2036 1051 porale
2065 981 2258 1051 aliquid
2284 982 2423 1051 quod
2445 984 2692 1051 patiatur,
2723 983 2949 1037 dicimus
2971 994 3059 1037 aut
3084 986 3426 1052 credidimus,

1859 1072 2107 1127 domine:
2139 1073 2230 1125 sed
2264 1088 2423 1124 unum
2456 1072 2668 1141 quidem
2697 1072 2986 1141 ingenitum
3018 1115 3031 1138 ,
3063 1091 3221 1129 unum
3250 1088 3427 1132 autem

1859 1161 1997 1231 quod
2027 1162 2093 1214 ah
2139 1162 2257 1231 ipso
2285 1177 2410 1215 vere
2445 1203 2458 1225 ,
2512 1170 2566 1214 et
2605 1177 2708 1216 non
2751 1178 2813 1216 ex
2837 1162 2954 1232 ejus
3004 1164 3297 1219 substantia
3326 1167 3433 1222 fac-

1863 1264 2009 1319 tum,
2035 1253 2333 1308 universale
2362 1264 2564 1307 natura:
2594 1254 2708 1323 ejus
2732 1270 2847 1321 qua:
2875 1256 2943 1309 sit
2965 1257 3195 1326 ingenita
3221 1299 3234 1324 ,
3265 1274 3435 1328 neque

1863 1344 2207 1414 participans,
2230 1346 2309 1398 vel
2341 1359 2443 1397 non
2468 1359 2531 1398 ex
2561 1343 2678 1413 ejus
2726 1346 3023 1399 substantia
3055 1366 3067 1399 :
3109 1348 3204 1402 sed
3241 1348 3436 1403 factum

1866 1434 2087 1489 omnino
2111 1436 2334 1489 alterum
2364 1443 2547 1488 natura
2575 1445 2625 1489 et
2648 1437 2883 1504 potentia
2904 1478 2917 1499 ,
2964 1437 3028 1491 ad
3060 1439 3346 1507 perfectam
3370 1442 3441 1495 si-

1864 1526 2217 1581 militudinem
2243 1536 2297 1580 et
2322 1525 2619 1581 affectionis
2648 1536 2702 1581 et
2732 1529 2982 1595 potentia:
3027 1530 3143 1600 ejus
3168 1532 3256 1599 qui
3282 1532 3443 1587 efﬁcit

1865 1616 2006 1686 quod
2060 1616 2255 1671 factum
2286 1625 2386 1670 est.
2419 1614 2585 1684 Cujus
2639 1617 2955 1686 principium
2986 1633 3088 1672 non
3116 1620 3288 1674 solum
3328 1636 3447 1676 ser-

1868 1708 2425 1773 moneincnarrabile,
2483 1707 2576 1762 sed
2631 1716 2687 1761 et
2733 1708 3165 1778 excogitatione;
3215 1726 3312 1766 nec
3342 1711 3445 1766 ho-

182 1812 372 1855 autem
403 1800 628 1855 dicimus
654 1808 708 1855 et
736 1801 968 1871 sapimus
987 1841 1001 1863 ,
1030 1808 1084 1854 et
1098 1800 1380 1855 docuimus
1399 1810 1454 1853 et
1478 1798 1760 1862 docemus;
1794 1791 1841 1850 B
1869 1802 2068 1856 minum
2108 1802 2278 1856 solum
2303 1842 2316 1866 ,
2346 1800 2439 1855 sed
2460 1809 2514 1855 et
2534 1816 2718 1856 eorum
2747 1802 2838 1869 qui
2863 1816 3022 1871 super
3050 1804 3291 1860 homines
3318 1814 3443 1859 sunt

188 1897 442 1963 quoniam
488 1893 623 1948 titius
651 1908 756 1946 non
777 1902 859 1947 est
883 1892 1170 1963 ingenitus,
1202 1906 1376 1962 neque
1394 1906 1517 1962 pars
1556 1886 1774 1960 ingeniti

182 1989 336 2058 juxta
367 1987 514 2040 illum
547 1984 761 2039 modum
798 2024 812 2048 ,
867 1998 964 2038 nec
1004 2000 1071 2038 ex
1110 1984 1353 2052 subjecto
1406 1984 1580 2053 aliquo
1610 2024 1625 2047 ,
1678 1982 1771 2037 sed

188 2076 331 2147 quod
363 2077 633 2131 voluntate
660 2084 715 2129 et
752 2074 1073 2144 cogitatione
1100 2073 1341 2128 subsistit
1379 2083 1502 2127 ante
1533 2084 1769 2142 tempora

188 2180 246 2223 et
268 2184 447 2223 mones
483 2169 671 2238 plenus
699 2168 837 2222 Deus
868 2209 883 2230 ,
920 2167 1222 2236 unigenitus
1248 2207 1262 2231 ,
1290 2177 1343 2220 et
1374 2165 1719 2220 immutabilis
1752 2206 1767 2232 ,

192 2272 245 2315 et
286 2270 572 2329 antequam
610 2260 819 2329 genitus
841 2266 985 2312 esset
1027 2266 1117 2311 aut
1148 2267 1358 2312 creatus
1386 2257 1468 2312 vel
1521 2257 1772 2310 dciinitus

195 2360 290 2404 aut
341 2349 591 2403 fundatus
622 2389 635 2414 ,
689 2363 795 2401 non
845 2346 981 2401 iuit:
1015 2348 1276 2417 ingenitus
1317 2349 1459 2402 enim
1499 2364 1604 2401 non
1656 2348 1768 2401 luit.

196 2440 580 2511 Persequimur
605 2479 618 2501 ,
648 2439 896 2508 quoniam
944 2438 1174 2493 diximus
1207 2457 1220 2491 :
1273 2438 1585 2508 principium
1619 2438 1777 2492 habet

198 2533 346 2586 ﬁlius
372 2572 386 2597 ,
444 2530 585 2586 Deus
616 2544 792 2583 autem
823 2529 937 2583 sine
969 2531 1138 2584 initio.
1189 2529 1477 2600 Propterea
1507 2530 1783 2599 persequi-

200 2640 345 2690 mur,
362 2633 415 2678 et
431 2624 550 2692 quia
575 2622 805 2676 diximus
826 2623 947 2691 quia
978 2637 1080 2677 non
1104 2622 1170 2677 de
1204 2622 1554 2678 existentibus
1574 2632 1673 2677 est.
1695 2623 1784 2678 Sic

202 2723 382 2768 autem
414 2713 661 2776 diximus,
690 2712 845 2781 juxta
863 2712 1001 2780 quod
1035 2727 1132 2767 nec
1163 2726 1285 2781 pars
1315 2712 1406 2767 Dei
1438 2720 1522 2767 est
1550 2728 1568 2778 ;
1599 2728 1699 2768 nec
1719 2728 1785 2767 ex

205 2804 454 2873 subjecto
484 2803 658 2871 aliquo
695 2821 707 2856 :
740 2802 940 2857 idcirco
978 2804 1367 2873 persequimur.
1420 2803 1538 2857 Jam
1566 2814 1618 2858 tu
1658 2807 1783 2859 scis.

1875 1894 2094 1947 omnino
2123 1908 2241 1948 esse
2269 1891 2803 1961 incomprehensibile
2832 1892 3175 1947 credidimus.
3224 1893 3292 1949 Et
3334 1895 3449 1950 haec

1876 1999 1981 2037 non
2005 1983 2229 2052 legimus
2252 1984 2403 2037 nobis
2430 1982 2813 2037 substituentes
2837 2022 2852 2048 ,
2905 1984 2997 2038 sed
3021 1999 3052 2036 a
3080 1994 3261 2039 sancta
3283 1986 3451 2055 scrip-

1874 2085 1991 2131 tura
2026 2076 2329 2133 didicimus.
2354 2078 2584 2132 Dicimus
2612 2077 2881 2132 conditum
2909 2094 3027 2133 eum
3067 2094 3187 2135 esse
3215 2122 3229 2146 ,
3261 2091 3315 2136 et
3335 2081 3453 2136 fun-

1872 2167 2051 2223 datum
2082 2211 2095 2233 ,
2127 2179 2181 2223 et
2204 2169 2399 2223 factum
2431 2169 2726 2224 substantia
2761 2187 2775 2231 ;
2819 2180 2873 2223 et
2898 2170 3213 2224 immutabili
3241 2180 3293 2226 et
3314 2171 3451 2227 incf.

1880 2258 2023 2313 iabili
2072 2270 2261 2314 natura
2291 2270 2345 2314 et
2370 2260 2721 2314 similitudine
2753 2274 2817 2313 ea
2843 2275 2959 2329 qua:
2982 2262 3051 2314 sit
3076 2262 3142 2315 ad
3172 2260 3450 2316 facientem

1880 2352 2161 2407 didicimus
2186 2370 2199 2405 :
2230 2352 2379 2407 Sicut
2405 2352 2519 2421 ipse
2547 2352 2804 2405 Dominus
2830 2351 2957 2405 dicit
2986 2349 3164 2421 (Prov.
3205 2367 3314 2406 vut.
3357 2353 3449 2418 22,

1880 2441 2008 2511 23):
2046 2442 2181 2496 Deus
2220 2442 2442 2495 condidit
2468 2458 2546 2494 me
2571 2442 2876 2511 principium
2912 2442 3104 2494 uiarum
3131 2459 3361 2509 suarum,
3408 2452 3454 2497 et

1884 2542 2000 2586 ante
2027 2549 2216 2587 amnem
2245 2533 2475 2601 [undavit
2503 2548 2581 2585 me
2608 2574 2623 2595 ,
2656 2542 2773 2585 ante
2796 2548 2965 2586 omnes
2993 2532 3144 2586 colles
3164 2535 3334 2603 genuit
3358 2550 3453 2587 me.

1888 2624 1942 2679 Si
1990 2636 2165 2678 autem
2216 2640 2283 2679 ex
2307 2625 2442 2693 ipso,
2477 2624 2576 2677 hoc
2603 2634 2685 2678 est
2708 2666 2722 2689 ,
2762 2624 2825 2676 ab
2854 2626 2967 2692 ipso
3014 2632 3129 2677 erat
3157 2625 3309 2680 sicuti
3337 2640 3460 2693 pars

1888 2715 2004 2782 ejus
2026 2723 2115 2767 aut
2139 2730 2202 2767 cx
2229 2713 2498 2767 elﬂuentia
2520 2713 2828 2765 substantia:
2855 2752 2869 2777 ,
2898 2727 3001 2765 non
3030 2712 3299 2767 conditum
3323 2714 3455 2783 jam,

1893 2820 2065 2872 neque
2091 2803 2364 2858 fundatum
2389 2818 2508 2858 esse
2532 2803 2866 2869 dictum,nec
2896 2813 2949 2858 tu
2973 2804 3202 2873 ignoras,
3221 2803 3455 2863 domine.

1549 2914 1904 2973 VARIORUM
1944 2916 2168 2971 NOTAE.

282 3010 715 3081 [ingenitogenitus
735 3020 831 3063 est.
856 3008 959 3081 gr.
975 3012 1349 3081 ὰγςηητογενής
1378 3009 1531 3081 iactv.

279 3077 611 3134 Consubsistit
629 3080 842 3151 ingenita
858 3077 1025 3131 Filius
1043 3077 1353 3151 Patri._llaeo
1369 3078 1503 3130 male
1517 3077 1792 3151 interpun-

208 3162 408 3220 gttntttr
435 3146 899 3223 in_editis.'_Gra:ce
927 3187 942 3223 ._
974 3149 1302 3223 ewyrra'szu
1327 3150 1603 3218 ἀγεννήτως
1630 3146 1656 3201 ὁ
1682 3148 1791 3207 υἱὸς

207 3218 283 3292 τῷ
295 3230 443 3294 βιῷ,
478 3219 646 3294 Filius
676 3218 1031 3294 Degroexistit
1059 3218 1293 3294 ingenue.

284 3284 498 3356 Semper
516 3290 732 3359 genitus.
757 3284 1134 3348 Theodoritus,
1166 3290 1435 3359 distfyswrig;
1463 3284 1790 3354 Epiphanius

215 3374 346 3430 vero
374 3373 425 3411 et
447 3358 1069 3430 Nicephortis,_&st7rync,
1091 3370 1190 3430 per
1214 3358 1433 3430 simplex
1464 3378 1509 3430 ν.

290 3424 765 3499 Νεᾳυεηαίίὶηιιιιι.
799 3424 1038 3481 ϐτ.ὀῦτι
1083 3428 1271 3499 ἐπινοίᾳ
1316 3424 1430 3479 οὔτε
1469 3425 1638 3499 ἀτόμῳ
1665 3427 1779 3479 τινί.

217 3495 402 3552 Vales.
463 3495 571 3550 Nec
623 3499 923 3565 cogitatione
950 3536 966 3560 ,
1012 3511 1100 3547 nec
1144 3495 1258 3565 παρ’
1298 3496 1536 3563 temporis
1567 3495 1777 3565 puncta.

220 3568 595 3643 Magisplacet
633 3562 813 3643 Ariani
843 3566 1065 3643 Candidi
1112 3564 1323 3643 versio,
1374 3579 1460 3643 nec
1487 3566 1671 3643 cygno
1688 3562 1789 3643 alio

218 3632 343 3707 qua.
373 3632 567 3707 Neritio
597 3637 737 3691 enim
769 3636 1004 3704 temporis
1037 3675 1051 3698 ,
1085 3634 1171 3687 ubi
1200 3636 1372 3703 agitur
1399 3633 1464 3686 dc
1486 3632 1602 3686 Filii
1633 3641 1790 3685 aeter-

216 3705 387 3763 nitate
412 3746 428 3771 ,
456 3705 630 3759 minus
650 3716 770 3773 apta
805 3707 1031 3758 videtur.

293 3770 504 3843 Semper
533 3770 763 3839 ﬁlium...
797 3773 903 3827 Deo
923 3774 1078 3841 ﬁlius.
1108 3772 1230 3826 llaec
1255 3789 1448 3839 semper
1468 3771 1605 3839 ﬁlius
1637 3770 1791 3843 paulo

226 3856 353 3899 ante
378 3841 516 3899 dicta
551 3886 564 3909 ,
598 3844 714 3899 heic
742 3844 1077 3907 redundant,
1109 3842 1406 3910 absuntque
1435 3856 1463 3893 a
1508 3850 1674 3910 toxtn,
1701 3841 1786 3893 ubi

221 3923 424 3969 tantum
449 3914 525 3968 sic
556 3932 569 3968 :
621 3917 671 3980 ἐξ
700 3916 853 3969 αὐτοῦ
903 3914 1013 3968 ἔστι
1035 3918 1121 3967 τοῦ
1148 3919 1273 3967 Θεοῦ
1313 3911 1339 3966 ὁ
1375 3912 1498 3971 νεὸς.
1529 3909 1790 3965 Caeterum

222 3984 341 4039 huic
370 3986 543 4037 omnia
576 3987 626 4037 in
650 3984 849 4038 Grzrcis
879 3984 1031 4036 aliter
1052 3982 1273 4049 digesta.

300 4054 627 4107 Athanasius.
656 4052 789 4106 Editi
818 4066 1090 4121 perperam
1111 4047 1422 4121 Anastasius.
1446 4047 1788 4121 Epiphanius,

219 4122 580 4178 Thendoritns
634 4132 689 4176 et
733 4117 1092 4190 Nicephorus,
1147 4120 1475 4190 ‘Aewadatoe.
1532 4117 1790 4190 Nimirum

226 4193 386 4249 Arius
438 4192 781 4247 Athanasium
812 4187 959 4244 illum
1012 4191 1131 4244 heic
1161 4191 1398 4243 nominat
1434 4187 1789 4241 Nazarhorum

230 4263 561 4331 episcopum,
593 4264 681 4329 qui
705 4259 1019 4314 Arianorum
1048 4258 1401 4331 patrocinium
1430 4256 1663 4331 suscepit
1691 4257 1790 4331 ad-

225 4326 802 4386 versus'Alcxahdrnm
830 4326 1134 4397 episcopum
1164 4326 1581 4397 Alexandrinum
1604 4326 1793 4397 ,_A_qui~-

268 4417 333 4456 ne
362 4403 593 4469 apertius
620 4393 1036 4454 hmresimvsuam
1059 4398 1286 4467 prodidit
1316 4436 1330 4459 ,
1354 4410 1475 4469 cum
1506 4395 1581 4447 ait
1602 4393 1793 4448 Filium

276 4474 324 4525 ei
356 4466 512 4524 unam
542 4486 612 4524 ex
660 4479 869 4524 centum
892 4466 1112 4522 ovibus:
1148 4475 1204 4521 ut
1230 4481 1327 4519 nos
1348 4466 1535 4520 edocet
1572 4479 1794 4534 tnagnus

230 4540 575 4608 Athanasius,
608 4540 697 4608 lib.
733 4539 792 4591 de
810 4538 988 4608 synad.
1023 4536 1051 4608 ς
1083 4539 1163 4591 17.

305 4607 620 4662 Ργίεεεεὶδιη
635 4607 769 4662 Deus
793 4603 896 4673 ﬁlio
912 4609 1018 4660 sine
1028 4603 1299 4675 principio.
1318 4603 1585 4659 Candidus
1612 4618 1795 4675 presse

231 4679 434 4754 Grgncis
479 4679 722 4754 inlimret‘
748 4693 863 4743 quae
893 4677 972 4754 si};
1011 4673 1099 4754 se.
1130 4673 1356 4754 habent:
1405 4676 1740 4754 προξᾶπάρχεε
1769 4674 1793 4727 ὁ
1821 4673 1874 4732 Ι)
1936 4673 1947 4683 ’
1970 4673 2163 4751 Είιιωε
2192 4714 2290 4751 mm
2322 4712 2543 4752 ιεειηυε
2591 4698 2731 4751 nobis

232 4751 356 4821 Θεὸς
380 4755 470 4802 τοῦ
498 4750 607 4821 οἱοῦ
638 4749 901 4821 ἁνὰρχως.
931 4744 1170 4821 Valesius
1195 4744 1394 4821 clarius
1421 4744 1631 4796 {Deum
1660 4745 1797 4811 priu-

232 4820 357 4880 cipii
384 4819 545 4870 omnis
582 4812 834 4883 expertem
877 4816 1087 4868 existere
1114 4823 1229 4868 ante
1276 4812 1468 4867 Filium
1500 4854 1515 4876 ,
1570 4824 1798 4865 asserunt

238 4904 527 4956 anmesper
556 4888 796 4938 orientem
822 4885 1059 4956 episEOpi.

314 4955 507 5021 Quibus
530 4972 627 5007 non
659 4954 893 5007 insonuit.
917 4953 1011 5008 Gr.
1043 4957 1378 5025 ἀκατήχητων
1412 4994 1427 5018 ,
1466 4969 1555 5025 nec
1594 4954 1805 5007 eruditis

238 5028 295 5080 in
322 5028 443 5095 fide.
479 5025 593 5077 Mox
622 5024 1050 5095 interpressimul
1078 5023 1349 5095 ingenitum
1374 5023 1544 5077 reddit
1568 5025 1706 5093 quod
1726 5032 1807 5077 est

240 5092 428 5168 ϐτί-ξω
447 5096 838 5168 ᾳυναγέννητονη
856 5092 1033 5168 Vales.
1064 5094 1419 5168 coingenitum.

314 5160 611 5233 Sacrilegiti.
642 5164 734 5218 Gr.
756 5160 1051 5217 καὶτούτων
1064 5171 1162 5218 τῶν
1179 5160 1420 5217 ἆσιϐσιῶν
1450 5160 1561 5217 οὐδᾶ
1598 5165 1810 5233 ἀκοῦσαι

237 5232 601 5307 δυνάμεθαέΑι
630 5238 838 5287 istorum
865 5246 1176 5287 ιηνιετΑτεε
1194 5247 1254 5286 ne
1280 5232 1458 5287 audire
1483 5232 1680 5301 quidem
1703 5249 1817 5303 pos-

248 5320 449 5359 sumus.

316 5373 546 5447 Dicimus
572 5381 617 5425 et
663 5373 905 5447 sapimus.
938 5371 1030 5426 Gr.
1074 5375 1125 5427 τί
1139 5372 1344 5447 λέγομεν
1370 5376 1455 5427 καὶ
1503 5378 1767 5446 φρονοῦμεν
1794 5388 1807 5424 :

247 5444 370 5514 quid
397 5443 622 5495 dicamus
636 5443 997 5514 enuntiemus.

316 5509 991 5586 Cogitationeﬁrﬁoolft,
1022 5511 1254 5586 consilio.
1308 5510 1423 5566 Mox
1479 5513 1739 5582 interpres
1765 5523 1810 5565 et

249 5583 427 5656 mones.
448 5583 670 5656 (ἓν.πῴ
704 5583 1060 5656 ﬂagitamus
1083 5584 1286 5656 siccata.

318 5649 694 5724 Persequimur.
710 5649 804 5705 Gr.
818 5692 832 5716 ,
850 5649 932 5724 ζιὰ
942 5657 1088 5724 τοῦτο
1102 5650 1396 5724 διωκόμεθα,
1416 5650 1688 5724 Propterea
1700 5667 1811 5724 per-

246 5720 547 5781 secutionem
583 5722 825 5790 patimur.
850 5720 1011 5778 Paulo
1035 5732 1156 5777 ante
1178 5721 1229 5776 in
1251 5720 1425 5791 textu,
1456 5726 1541 5777 οὐκ
1561 5720 1639 5782 ἦν.
1663 5722 1805 5795 ἆγεν·

1895 3009 2281 3085 νητρςγᾷρούκ
2427 3004 2481 3057 Ν
2485 3016 2674 3085 onerat
2698 3007 3020 3085 :“ingenitus
3046 3008 3179 3085 enim
3205 3026 3304 3085 non
3334 3023 3461 3069 erat.

1967 3075 2284 3147 Principium
2310 3078 2453 3129 habet
2486 3077 2620 3141 ﬁlius
2648 3117 2662 3137 ,
2718 3075 2851 3147 Deus
2884 3087 3049 3131 autem
3070 3080 3177 3131 sine
3197 3081 3358 3136 initio.
3385 3083 3462 3138 lla

1897 3162 2025 3202 sane
2071 3146 2255 3202 Graeca
2292 3164 2306 3200 :
2337 3146 2426 3217 sed
2451 3162 2509 3199 ea
2541 3147 2718 3199 omisit
2768 3146 3006 3200 Valesius
3029 3148 3325 3217 interpres:
3378 3155 3466 3208 vel

1901 3218 2037 3271 forte
2068 3217 2338 3286 Iypotheta
2369 3216 2436 3269 ob
2466 3218 2686 3284 repetita
2720 3256 2735 3281 ,
2774 3226 3036 3285 prapterea
3066 3216 3459 3285 persecutionem

1817 3306 1860 3367 Ο
1900 3288 2139 3367 patimur.

1962 3355 2081 3409 Jam
2108 3365 2159 3408 tu
2189 3356 2308 3419 scis,
2334 3363 2437 3408 etc.
2473 3353 2568 3407 Hic
2593 3352 2742 3408 locus
2768 3354 2817 3407 in
2850 3354 3006 3409 editis
3032 3355 3102 3409 ita
3148 3359 3283 3413 male
3312 3361 3461 3415 habi-

1893 3434 1977 3499 tus
2002 3443 2014 3479 :
2062 3424 2182 3499 dum
2208 3426 2381 3499 tuscis
2407 3425 2769 3499 confortarite
2796 3425 2845 3499 in
2882 3424 3119 3479 Domino.
3172 3427 3359 3483 Preces
3385 3432 3465 3499 [a-

1890 3495 1989 3549 cito
2015 3496 2107 3564 (al.
2133 3495 2287 3565 facio)
2316 3536 2329 3556 ,
2354 3509 2603 3565 memores
2620 3493 2995 3547 tribulationum
3026 3506 3310 3565 nostrarum
3352 3493 3468 3556 Col-

1892 3561 2159 3644 l‘ucia‘nisttt
2185 3561 2294 3644 vere
2315 3564 2542 3644 nocte“.
2567 3561 2752 3616 Graece
2772 3581 2785 3615 :
2806 3562 3250 3644 iamneque-ag.
3274 3571 3470 3644 ἕρρῶσ·

1890 3636 1976 3711 θαέ
1990 3656 2056 3711 ,σι
2079 3638 2127 3690 έν
2157 3638 2317 3711 κυρίῳ
2339 3631 2595 3711 tivam.
2615 3635 2919 3711 μεμνημένον
2944 3641 3041 3711 ῖῶν
3061 3637 3270 3711 θλίφείεδν
3292 3631 3463 3711 ibi“

1894 3692 2308 3759 συλλουκιανιέτᾶ
2328 3692 2521 3763 dilabi};
2536 3692 2700 3757 1-3ὖᾶέὲ
2706 3725 2762 3756 ιι.
2776 3692 2914 3769 Ὠυω
2927 3704 3003 3758 sic
3021 3718 3128 3758 vert
3139 3692 3175 3759 ill
3194 3692 3433 3765 Valebit—ts

1893 3775 2084 3842 reliqua
2108 3784 2160 3826 tu
2187 3775 2337 3826 nosti.
2374 3772 2506 3840 Opto
2536 3781 2582 3825 te
2606 3772 2658 3823 in
2686 3771 2903 3825 Domino
2931 3778 3094 3827 valere
3121 3815 3137 3839 ,
3193 3794 3464 3833 memorem

1894 3848 2211 3897 vexationum
2238 3852 2544 3905 nostrarum,
2602 3855 2712 3894 vere
2755 3842 3154 3910 Conlucianista,
3201 3860 3311 3899 vere
3356 3850 3464 3902 Eu-

1894 3910 2019 3967 sebi.

1969 3982 2236 4053 Quoniam,
2254 3990 2372 4053 ,ect.
2404 3981 2555 4053 Ηέιηρᾉ
2570 3980 3233 4053 ΕυεεὺὶἰᾼΝἱοοῃιοάἰθηοίε
3258 3986 3456 4053 episto-

1895 4051 1999 4175 ἷξῗη
2030 4052 2093 4105 ad
2117 4052 2411 4175 Paugittttttt
2434 4050 2560 4121 Tyri
2582 4054 2768 4106 recitat
2784 4051 3157 4117 Tlteodoritus,
3181 4050 3318 4109 Hist.
3338 4057 3460 4111 ccci.

1917 4136 1933 4173 ι
1976 4160 1989 4172 .
2014 4136 2047 4173 ι.
2080 4136 2199 4175 can.
2266 4161 2278 4174 .

1917 4123 1989 4173 ib.
2014 4136 2047 4173 t.
2080 4136 2199 4174 can.
2224 4123 2278 4174 6.

1976 4160 1989 4172 .
2014 4136 2047 4173 ι.
2080 4137 2139 4174 ca
2187 4161 2199 4173 .
2224 4136 2278 4175 ο.

1971 4136 2283 4255 Univergale,
2310 4200 2411 4267 etc.
2438 4191 2621 4244 Graece
2643 4190 2837 4267 καᾷῥλου
2865 4199 2955 4267 τῆς
2980 4194 3175 4263 φύσεως
3196 4201 3287 4267 τῆς
3322 4197 3463 4267 ἁγεντ

1895 4263 2047 4334 νήτον
2098 4266 2163 4321 μή
2207 4262 2469 4331 μιτὲχονε
2532 4276 2621 4312 nec
2666 4260 2769 4313 ulla
2817 4260 3209 4315 modo'naturw
3255 4260 3462 4334 ingeniti

1899 4330 2173 4397 particeps.

1968 4397 2279 4471 Alfet‘tionis.
2308 4398 2400 4471 Gr.
2433 4397 2719 4471 decrescente.
2745 4397 2956 4471 Valesio
2979 4399 3288 4471 interprete,
3314 4416 3462 4459 natu-

1897 4483 1990 4546 rae.
2030 4468 2188 4522 Multa
2210 4469 2275 4522 de
2309 4470 2406 4546 hac
2430 4484 2591 4546 voceA
2611 4467 2965 4537 lexicographi
2993 4541 3004 4546 μ
3028 4467 3251 4546 veteres.
3290 4474 3467 4546 ﬂesy-

1898 4540 2049 4623 cuius
2075 4554 2181 4606 pra:
2205 4538 2413 4592 cmteris
2437 4555 2448 4590 :
2478 4540 2728 4603 Διὰθισις,
2751 4546 2958 4610 σχῆμα,
2984 4541 3175 4614 ἀγάπη,
3205 4538 3468 4613 ἀπὸδοσὶς,

1896 4629 2189 4683 προαιρεσις
2196 4644 2209 4658 ο

2774 4700 3140 4771 substituentes.
3179 4702 3468 4771 Scripserit

1900 4766 2131 4843 fortasse
2160 4766 2423 4843 interpres
2454 4767 2658 4843 Graece,
2692 4777 2747 4821 nt
2770 4769 2894 4822 alibi
2924 4784 3064 4837 strpe
3093 4812 3105 4832 .
3155 4766 3425 4843 λογισμοὺς
3454 4814 3465 4841 ε

1904 4852 1999 4917 pro
2027 4839 2252 4917 tegimus.
2277 4836 2365 4917 Sic
2381 4836 2531 4917 enim
2561 4838 2786 4917 ἰιιλοῃιιξ
2815 4855 2827 4889 :
2852 4843 2935 4894 καὶ
2963 4832 3475 4917 τάῦταιούὶίλογίσλ

1898 4912 2031 4979 ⁵μντοὺς
2054 4909 2244 4962 ἑαυτῶν
2274 4908 2582 4978 ὑποθέμενοι.
2619 4907 2852 4962 Valesius
2883 4926 2896 4960 :
2938 4908 3099 4979 Atque
3123 4907 3471 4968 Itwc'non'ra-

1908 4978 2229 5030 tiocinatione
2272 4990 2461 5039 nostra,
2490 4979 2719 5030 collecta.

1984 5067 2050 5121 Et
2091 5073 2282 5137 factum
2312 5069 2607 5121 substantia.
2644 5069 2809 5139 liabet
2839 5069 3051 5139 quidem
3085 5070 3473 5134 Theodoritus:

1913 5141 1997 5191 καὶ
2018 5140 2246 5222 γεννητὸν
2272 5146 2333 5222 τῇ
2380 5139 2546 5222 obuia}.
2598 5138 2699 5222 sed
2741 5138 2921 5219 noster
2963 5140 3223 5222 interpres
3276 5144 3482 5214 legebat

1914 5209 2113 5279 γενητὸν
2138 5224 2246 5279 per
2282 5208 2515 5275 simplex'
2552 5231 2595 5260 ν.
2634 5208 2712 5279 Et
2756 5210 2833 5279 sic
2859 5226 2987 5279 sane
3015 5208 3249 5267 scribere
3297 5208 3480 5271 mallet

1918 5278 2077 5349 etiam
2111 5278 2365 5349 Valesius.
2429 5279 2538 5332 lloc
2558 5278 2741 5349 euiut_,
2775 5278 2944 5349 inquit
2974 5319 2987 5337 .
3034 5281 3196 5348 magis
3234 5288 3481 5341 convenit

1919 5345 2147 5415 dogmati
2175 5348 2537 5419 Arianorum,
2564 5346 2653 5417 qui
2680 5345 2870 5403 Filium
2900 5349 2994 5403 Dei
3032 5345 3223 5419 factum
3253 5363 3305 5407 et
3330 5370 3481 5411 crea-

1918 5425 2026 5470 tttm
2053 5431 2170 5471 esse
2196 5418 2459 5470 dicebant.

1986 5506 2066 5559 Ad
2109 5508 2393 5577 facientem.
2417 5506 2504 5560 Sic
2530 5507 2580 5560 in
2623 5506 2889 5563 Hazresiat.
2924 5510 3050 5563 edit.
3110 5512 3266 5565 Basil.
3321 5516 3477 5571 1556.

1914 5576 2293 5650 Iferperamin
2326 5576 2451 5631 bibl.
2489 5576 2589 5650 PP.
2641 5578 2807 5650 Paris.
2863 5580 3023 5645 16M,
3056 5585 3122 5633 ad
3172 5583 3479 5650 faciendum.

1914 5647 2006 5704 Gr.
2030 5650 2157 5722 προς
2184 5648 2266 5702 τὸν
2298 5648 2624 5722 πεποιηκότα,
2656 5649 2723 5700 ad
2744 5651 3003 5722 factorem.
3026 5650 3145 5705 Mox
3173 5647 3188 5719 ,
3239 5665 3355 5709 ante
3380 5670 3482 5711 teo-

1915 5734 2026 5774 nem
2054 5717 2080 5785 ,⁷
2098 5717 2189 5774 Gr.
2219 5719 2320 5793 πρὸ
2347 5724 2435 5772 τοῦ
2461 5719 2633 5778 αἰῶνος
2656 5757 2671 5783 ,
2696 5729 2810 5773 ante
2832 5720 3092 5775 naculum.
