3950 6206
512 285 652 343 1039

1730 286 1919 340 ιιιιιιιι
1962 283 2291 339 ἩΟΤΟΒΙΝΙ
2334 283 2492 338 Αιίιι

3609 279 3736 336 10ιῦ

510 400 646 454 Vere
688 400 735 453 id
764 399 903 454 enim
950 399 1087 470 quod
1114 399 1180 452 ab
1207 399 1439 469 ingenito
1459 400 1692 454 existens
1721 408 1803 453 est
1832 441 1846 465 ,
1892 398 2046 453 condi
2100 404 2149 463 Α
2181 398 2523 467 nnicnjusqnc
2552 410 2734 450 eorum
2760 411 2875 465 qua:
2904 404 3147 465 generata
3178 401 3300 449 sunt
3326 435 3340 459 ,
3394 408 3460 449 ex
3492 393 3608 463 ejus
3643 410 3731 448 vo-

509 498 620 543 tum
664 492 887 557 amplius
938 492 1003 543 ab
1026 492 1225 555 altero,
1256 491 1337 543 vel
1364 508 1390 541 ιι
1425 490 1621 558 Seipso,
1674 500 1762 542 aut
1804 489 2072 541 {initiatum

507 596 615 635 non
644 580 839 645 lui~se,
892 582 1200 649 api-incipio
1246 582 1531 649 ingenitum
1573 582 1713 649 quod
1763 580 1968 633 fuisset.
2020 580 2073 635 Si

506 680 685 727 autem
737 681 914 725 natum
965 671 1090 724 illud
1113 672 1291 726 dicere
1325 713 1339 737 ,
1392 673 1740 726 substantiam
1793 678 2069 739 quamdam

506 772 761 831 praetore
818 775 893 818 est
926 804 941 828 ,
995 765 1151 816 γνιιιιὶ
1179 781 1243 817 ex
1287 763 1578 817 subStautia
1636 773 1851 831 paterna
1902 764 2071 830 ipsum

506 853 715 916 fuisset,
739 863 792 907 et
819 855 1014 909 habere
1028 871 1089 908 ex
1112 854 1225 924 ipso
1254 856 1576 909 identitatem
1603 866 1826 915 naturzc,
1847 868 2072 922 cognos-

507 943 677 997 cimus
705 944 843 1013 qnod
868 961 971 997 non
990 944 1056 997 de
1086 944 1198 1013 ipso
1221 945 1335 998 solo
1352 956 1530 998 natum
1558 959 1676 999 esse
1696 945 1884 998 dixerit
1901 945 2068 1010 scrip-

504 1041 652 1097 tura,
685 1035 808 1098 sed,
829 1044 881 1089 et
908 1036 957 1088 in
988 1034 1331 1089 dissimilibus
1354 1035 1449 1101 ipsi
1480 1036 1534 1089 in
1560 1035 1805 1088 omnibus
1828 1034 2071 1087 naturali.

501 1134 603 1182 ter.
654 1127 857 1181 Etenim
885 1140 937 1180 et
965 1129 1014 1180 in
1041 1127 1336 1180 hominibus
1357 1128 1487 1181 dicit
1529 1127 1664 1197 (lso.
1705 1143 1742 1192 t,
1786 1126 1861 1187 2)
1902 1125 2063 1178 Filios

504 1218 653 1287 genui
673 1226 717 1271 et
738 1219 974 1276 exaltavi.
998 1220 1092 1289 ipsi
1120 1229 1283 1271 autent
1308 1235 1383 1271 me
1409 1228 1726 1287 respuerant.
1760 1218 1820 1271 Et
1846 1236 1857 1267 :
1890 1216 2063 1287 (Deut.

502 1325 670 1372 χχιιι,
707 1310 769 1363 18
800 1310 818 1380 )
856 1328 867 1361 :
902 1309 1059 1362 Deum
1088 1311 1173 1378 qui
1205 1320 1249 1362 te
1268 1311 1435 1381 genuit
1456 1350 1470 1371 ,
1497 1311 1802 1379 dereliquisti
1854 1309 1919 1363 Et
1945 1308 2065 1361 alibi

504 1399 643 1470 (Job.
670 1415 887 1459 xxxmt.
917 1400 1008 1463 28)
1036 1419 1049 1453 τ
1084 1400 1207 1467 Quis
1230 1442 1244 1467 ,
1270 1402 1458 1470 inquit,
1481 1412 1553 1455 est
1578 1402 1663 1470 qui
1692 1402 1882 1470 peperit
1900 1402 2066 1469 glebas

500 1490 632 1543 roris
654 1490 679 1541 ?
703 1489 815 1543 Non
845 1499 1081 1543 naturam
1114 1506 1178 1545 ex
1210 1503 1393 1545 natura
1423 1506 1726 1561 exponens,
1752 1491 1842 1545 sed
1866 1499 2065 1543 natura:

2176 492 2377 543 luntnte
2402 490 2797 558 generationem
2829 506 2839 540 :
2895 489 3023 542 uilnl
3068 500 3147 542 est
3169 488 3305 541 enim
3334 487 3401 541 de
3446 486 3731 540 substantia

2175 584 2320 649 ejus:
2354 594 2539 635 Cuncta
2569 590 2742 634 autem
2768 580 3034 633 voluntate
3064 581 3176 647 ejus
3208 583 3374 637 taeta,
3405 577 3734 647 unumquod-

2172 684 2346 742 quem
2376 685 2428 727 et
2449 672 2687 727 υπριτιιιιιι
2713 681 2811 725 est.
2843 673 2903 726 Et
2933 672 3017 724 ille
3039 671 3249 741 quidem
3280 671 3447 725 Deus:
3496 671 3731 738 quaailam

2174 777 2346 818 autem
2387 764 2450 817 ad
2477 763 2873 817 similitudinem
2903 762 3017 831 ejus
3045 778 3135 830 per
3179 761 3350 830 ipsum
3386 762 3517 833 λόγῳ
3548 760 3735 819 sint)":

2172 854 2381 909 futura:
2431 855 2671 923 qtuedam
2705 864 2877 907 autem
2913 854 3064 921 juxta
3118 852 3581 920 participationem
3613 853 3731 907 sub-

2168 946 2379 1000 stantia:
2404 946 2539 998 laeta
2572 986 2586 1010 ,
2640 947 2818 998 omnia
2841 954 3012 998 autem
3048 960 3139 1011 per
3168 946 3334 1014 ipsum
3364 958 3394 995 a
3424 944 3532 997 Dcn
3556 946 3693 997 facta
3714 985 3729 1009 ,

2172 1035 2346 1089 omnia
2374 1048 2544 1090 autem
2570 1051 2631 1090 ex
2668 1036 2791 1089 Deo.
2822 1039 2945 1103 Qum
2976 1036 3235 1103 accipiens
3262 1045 3314 1089 et
3342 1036 3629 1089 destrneus
3657 1050 3732 1089 sec

2167 1126 2394 1179 cundum
2446 1142 2562 1194 quso
2603 1125 2753 1178 adest
2797 1127 2886 1178 tibi
2932 1125 3183 1179 divinitus
3222 1126 3390 1194 gratia
3419 1165 3435 1190 ,
3502 1126 3731 1191 scribere

2168 1214 2383 1268 domino
2409 1230 2525 1269 meo
2547 1214 2849 1268 Alexandro
2874 1230 3021 1269 cura.
3076 1214 3287 1268 Credidi
3331 1216 3475 1268 enim
3520 1217 3644 1283 quia
3688 1216 3730 1269 si

2172 1307 2447 1375 scripseris
2475 1306 2608 1375 ipsi,
2642 1306 2892 1373 pudorem
2921 1306 2996 1360 illi
3018 1307 3079 1357 ra.
3099 1306 3196 1359 ἱεὶς.
3222 1304 3405 1360 Saluta
3430 1323 3617 1361 omnes
3641 1308 3723 1377 qui

2171 1397 2362 1450 suntin
2391 1398 2629 1449 Domino.
2660 1396 2871 1451 Salvum
2900 1407 2949 1449 te
2971 1438 2984 1461 ,
3016 1407 3069 1451 et
3095 1414 3188 1467 pro
3215 1397 3367 1453 nobis
3399 1408 3641 1453 orantem
3660 1400 3728 1454 di-

2172 1487 2294 1539 vina
2316 1487 2481 1555 gratis
2510 1485 2771 1540 custodiat
2800 1528 2815 1551 ,
2837 1487 3068 1542 domine.
3103 1506 3122 1540 ι

1815 1598 2165 1656 γειιιιυιιυιι
2203 1596 2429 1652 NOTAE.

573 1695 1169 1781 sed‘etturtissiniit...‘..
1204 1698 1519 1781 naturaliter.
1570 1696 1693 1781 Leg.
1729 1713 1794 1781 ps
1824 1693 2056 1781 dissimil.
2092 1700 2138 1757 Β
2164 1692 2268 1781 alia
2299 1689 2554 1781 .ntli‘nilinlla
2593 1690 2678 1777 hic
2694 1691 3042 1781 .t-edundapt.
3078 1692 3263 1775 'Lorus
3300 1696 3520 1781 integer
3560 1710 3737 1781 graece.

495 1765 586 1821 Gr.
606 1769 741 1840 -ᾁλλά
771 1771 851 1820 καὶ
882 1770 962 1820 ἐπὶ
986 1776 1083 1840 τῶν
1105 1770 1341 1840 ἀνομοίων
1368 1770 1508 1839 αὐτῷ
1534 1770 1660 1821 κατὰ
1686 1770 1846 1822 πάντα
1871 1773 1931 1840 τῇ

499 1835 802 1907 att.Vult-s.,
827 1843 909 1886 sed
940 1838 1084 1889 etiam
1112 1835 1305 1907 dealiis
1328 1853 1438 1902 qua!
1457 1835 1855 1907 tittturttprorsns
1882 1835 1940 1885 ab
1968 1836 2055 1885 illo

494 1906 797 1979 diserepanl.
846 1906 1074 1979 Sieinux
1109 1906 1329 1979 Αιὶιιιιιι
1360 1907 1621 1979 interpres
1788 1906 2055 1979 ἀνθρώπων

496 1978 648 2027 Vertit
682 1979 729 2026 in
759 1977 1038 2027 hominibus
1064 1992 1081 2037 ,'
1113 1975 1306 2028 rectius
1332 2016 1344 2033 .
1378 1976 1439 2027 de.
1470 1976 1772 2028 hominibus.

565 2043 744 2097 Glebas
759 2046 901 2096 roris.
927 2045 1279 2097 Tneotloritns
1302 2046 1440 2108 juxta
1466 2061 1565 2098 ιιι
1588 2043 1685 2097 Job
1717 2060 1934 2102 xxxvm.
1952 2044 2052 2097 28:

493 2116 567 2172 τίς
593 2114 619 2192 ῥ
649 2118 861 2220 ξετοκὼς
886 2116 1079 2185 βώλους
1106 2113 1291 2187 δρόσον
1323 2131 1337 2177 ;
1372 2115 1518 2183 Vulg.
1553 2113 1675 2178 Quis
1701 2119 1867 2185 genuit
1893 2114 2054 2167 stillas

496 2199 628 2220 τηνιι

496 2199 629 2235 ΥΟΥΜ
661 2204 673 2235 .‘

562 2254 642 2305 Ad
667 2254 1042 2306 similitudinem
1064 2254 1172 2321 eius
1195 2269 1282 2321 per
1301 2253 1483 2321 ipsum.
1505 2251 1675 2308 Verba
1709 2270 1795 2323 per
1815 2254 1975 2323 ipsum
1998 2262 2051 2307 et

498 2440 1112 2462 M
1140 2442 1281 2464 “rem

2161 1760 2237 1839 sic
2268 1775 2323 1813 se
2351 1760 2558 1839 habet:
2600 1760 2776 1839 τάξ-δὲ’,
2801 1765 2928 1838 πρὸς
2958 1764 3222 1839 inueterata
3256 1768 3406 1821 αὐτοῦ
3432 1760 3725 1839 λό’ῙῳῪὸμοιιέ

2158 1832 2383 1907 {abusum
2416 1833 2480 1907 τςὶ
2509 1829 2561 1907 δὲ
2584 1833 2687 1884 καθ’
2735 1829 3069 1907 ἑκούσιᾳσξιόν
3088 1836 3345 1907 quotuvas.
3402 1839 3466 1890 τὰ
3492 1829 3546 1892 δέ
3567 1829 3723 1893 natura

2157 1899 2218 1974 ᾃί
2243 1899 2529 1974 auroauro
2552 1909 2640 1954 τοῦ
2669 1910 2795 1957 Θεοῦ
2826 1899 3266 1974 γενόμὲνα,’πὰνλτα
3297 1904 3350 1959 δὲ
3379 1908 3430 1958 ἐκ
3459 1913 3554 1959 τοῦ
3577 1914 3717 1963 Θεοῦ.

2158 1969 2209 2021 Id
2236 1989 2263 2019 e
2298 1980 2317 2041 ι
2348 1989 2356 2019 ;
2394 1970 2696 2032 Quwtmtent
2718 1975 2782 2023 ad
2812 1969 3189 2025 similitudinem
3219 1977 3329 2041 ejus
3359 1979 3508 2027 verba
3536 1979 3715 2029 similia

2156 2048 2269 2090 sunt
2296 2040 2468 2104 futura
2498 2044 2673 2111 ,_rjns
2697 2042 2951 2095 voluntate
2976 2047 3113 2111 facta
3153 2040 3292 2098 sunt.
3352 2044 3539 2098 Omnia
3563 2059 3721 2098 autent

2157 2112 2434 2182 peruipsum
2457 2125 2487 2159 a
2517 2109 2637 2162 Deo.
2677 2110 2859 2163 Omnia
2880 2109 3091 2182 denique
3118 2130 3179 2164 ea:
3211 2112 3336 2166 Deo.

2230 2178 2291 2229 Et
2321 2180 2671 2256 destrttens....
2706 2182 2886 2256 gratia.
2914 2181 2987 2256 Gr
3008 2178 3017 2182 ⁷
3041 2185 3545 2256 καὶῂξξεργασάμενος
3596 2187 3717 2241 κατὲ

2151 2253 2239 2305 τὴν
2264 2251 2555 2325 προᾳρῠσάν
2579 2272 2683 2325 Δσοι
2703 2251 2861 2325 θεόθεν
2909 2254 3085 2325 χάριν.
3121 2252 3182 2304 Et
3208 2251 3301 2322 pro
3332 2251 3575 2311 diuinitus
3605 2272 3716 2309 cuu-

2154 2319 2312 2369 cessa‘
2336 2319 2423 2370 tibi
2456 2320 2621 2386 gradu
2653 2319 2955 2388 perpoltcns.

1810 2443 3684 2474 MM

1794 2538 2148 2622 νη]Το
2166 2539 2353 2620 BIN
2361 2540 2400 2620 Ι

1435 2696 1837 2758 ADVERSUS
1881 2694 2129 2755 ARIUM
2182 2694 2411 2755 LIBER
2448 2695 2753 2757 PRIMUS.

551 2838 595 2895 l.
630 2843 681 2894 lit
712 2841 879 2910 prium
902 2855 1147 2894 sermone
1178 2840 1330 2908 hujus
1354 2842 1527 2909 operis
1563 2881 1574 2902 ,
1609 2849 1660 2894 et
1690 2821 2043 2892 multaetlnr-

482 2934 614 2986 tiora
643 2933 881 2999 quoniam
902 2933 1059 2985 etiam
1096 2931 1280 2983 lmrnm
1300 2974 1313 2993 ,
1357 2946 1386 2981 o
1418 2934 1584 2983 amice
1606 2930 1835 2983 Candide
1862 2970 1874 2989 ,
1924 2944 2043 2995 pro-

2150 2853 2318 2902 noque:
2349 2838 2413 2891 ab
2440 2838 2609 2906 aliqua
2641 2838 2911 2905 superiore
2937 2840 3020 2895 vel
3047 2841 3275 2908 potentia
3303 2882 3319 2907 ,
3350 2843 3436 2897 vel
3463 2845 3718 2915 excogitr

2152 2932 2292 2981 tione
2313 2971 2325 2989 ,
2349 2938 2400 2982 et
2428 2929 2584 2982 undet
2608 2938 2780 2982 tamen
2802 2930 2981 2986 dicere
3006 2972 3018 2995 ,
3050 2931 3355 3001 figmentum
3382 2950 3507 2989 esse
3532 2937 3709 3003 lilium,

482 3025 652 3092 posita
682 3034 835 3089 atque
866 3030 1085 3074 tractatu
1120 3023 1209 3071 abs
1235 3030 1283 3071 te
1314 3031 1429 3071 sunt
1468 3036 1480 3081 ;
1512 3034 1629 3087 qua:
1660 3032 1956 3084 quanquam
1987 3026 2040 3067 ut
2069 3042 2111 3100 ρ
2151 3024 2414 3077 voluntate
2454 3038 2505 3077 et
2558 3026 2812 3078 sententia
2845 3030 3005 3092 patris
3029 3028 3319 3082 Subsistere
3343 3069 3358 3092 ,
3394 3046 3502 3083 non
3534 3047 3597 3085 es
3620 3032 3715 3084 ali-

478 3114 711 3180 Opnrtnit
740 3113 993 3165 dissoluta
1024 3123 1145 3164 sunt
1167 3154 1178 3171 ,
1216 3120 1388 3163 tamen
1414 3110 1609 3161 idcirco
1642 3112 1736 3159 ista
1766 3122 1828 3159 ex
1859 3122 2039 3158 eorum

479 3204 715 3274 epistolis
747 3203 929 3256 audire
959 3205 1251 3266 voluimus;
1310 3214 1362 3254 ut
1384 3204 1505 3253 dum
1533 3204 1642 3253 tunc
1671 3200 1809 3252 omni
1841 3198 2039 3251 refuta-

477 3295 622 3346 tione
643 3294 1022 3351 convimimns,
1057 3292 1145 3344 illa
1168 3307 1372 3360 quoque
1396 3307 1457 3342 ex
1485 3292 1701 3343 istorum
1726 3287 2040 3340 refutati-ine

478 3386 767 3437 vincamus.
819 3385 881 3436 lit
910 3384 1128 3449 primum
1156 3382 1465 3434 detiniemlm
1496 3390 1616 3432 sunt
1663 3380 1770 3431 Arii
1803 3378 2039 3430 Eusebii-

478 3492 580 3544 qne
605 3476 879 3529 sententizu
912 3515 925 3537 ,
957 3475 1004 3526 in
1024 3491 1126 3542 quo
1172 3474 1320 3523 nobis
1344 3473 1672 3523 consentiant
1700 3511 1714 3534 ,
1772 3468 1822 3521 in
1848 3470 2035 3535 quibus

477 3566 801 3634 discrepent,
827 3566 876 3617 in
899 3566 1086 3632 quibus
1114 3565 1210 3631 ipsi
1230 3565 1326 3616 sibi
1346 3564 1619 3615 videantur
1634 3560 1858 3613 adversi.
1878 3560 2035 3611 Arius

472 3657 547 3708 ait
578 3694 591 3716 ,
620 3657 853 3722 quoniant
875 3655 1009 3719 ﬁlius
1037 3671 1131 3705 non
1155 3664 1222 3706 est
1245 3654 1512 3722 ingenitus.
1566 3651 1690 3702 Itctn
1746 3649 2031 3711 Eusebius,

472 3745 574 3798 hoc
607 3746 741 3798 idem
774 3744 905 3810 quod
950 3745 1047 3795 duo
1078 3760 1174 3795 non
1205 3743 1301 3794 sint
1339 3742 1574 3809 ingenita.
1636 3739 1795 3792 Nn'bis
1826 3753 2031 3806 quiiqne

472 3834 570 3889 ista
601 3836 865 3889 sententia
893 3845 988 3887 est.
1019 3834 1204 3897 Arius,
1239 3834 1373 3899 [ilius
1402 3873 1415 3895 ,
1449 3832 1644 3899 inquit,
1676 3847 1793 3898 pars
1824 3829 2030 3898 ingeniti

470 3937 691 3990 nonest,
725 3944 876 3995 neque
905 3936 973 3978 est
1004 3943 1064 3977 ea:
1089 3928 1255 3991 aliquo
1278 3925 1495 3994 subjecto
1529 3939 1545 3974 :
1576 3922 1685 3973 lucc
1716 3923 1816 3974 dttn
1844 3934 1891 3973 et
1928 3921 2028 3972 Ειι-

468 4022 664 4075 sebitts.
702 4023 763 4073 Et
788 4020 961 4087 adjicit
992 4038 1004 4072 :
1038 4036 1187 4087 neque
1217 4034 1367 4070 unum
1396 4018 1446 4068 in
1468 4015 1566 4067 duo
1589 4016 1797 4066 divisum
1822 4031 1839 4078 ;
1871 4013 1919 4064 id
1947 4023 2028 4065 est

466 4122 641 4162 autem
676 4151 689 4172 ,
737 4111 897 4162 lilnnn
928 4119 1127 4177 partem
1154 4110 1365 4175 ingeniti
1415 4124 1517 4160 non
1547 4122 1684 4161 esse.
1740 4105 1841 4158 Sed
1868 4104 2027 4155 Eusc—

463 4200 585 4254 hius
618 4218 628 4251 :
664 4200 838 4267 Neque
868 4216 1018 4267 pars,
1060 4216 1215 4263 neque
1245 4199 1484 4267 «(ﬂuentia
1511 4238 1523 4259 ,
1558 4197 1726 4265 inquit
1751 4238 1763 4257 ,
1796 4207 1881 4249 est.
1915 4194 2025 4247 lloc

466 4302 564 4340 nos
593 4290 937 4342 consimiliter
965 4304 1249 4357 negamus:
1289 4306 1403 4341 nant
1436 4303 1603 4355 neque
1633 4302 1752 4354 pars
1776 4289 1934 4353 patris
1960 4284 2020 4335 li-

2145 3130 2248 3180 qut)
2277 3115 2545 3167 existenti.
2602 3115 2747 3169 Istud
2778 3133 2879 3169 non
2908 3130 2987 3173 est
3021 3120 3333 3186 principium
3368 3122 3461 3176 lilii
3490 3124 3669 3178 dicere
3696 3141 3710 3179 :

2144 3204 2342 3256 εὶιιιιίιι
2371 3205 2500 3258 dicit
2527 3207 2623 3258 hoc
2656 3247 2668 3269 ,
2714 3223 2781 3261 ex
2813 3224 2915 3261 non
2947 3209 3294 3265 existentibus
3322 3222 3406 3266 est
3440 3254 3455 3279 ,
3502 3232 3606 3268 non
3635 3224 3713 3269 est

2143 3296 2304 3361 putri"
2380 3312 2545 3362 neque
2598 3314 2759 3364 pars,
2816 3316 2985 3365 neque
3044 3302 3331 3355 elluentia.
3395 3304 3512 3358 Non
3543 3308 3710 3359 solum

2142 3384 2392 3452 plilICipiu
2426 3387 2567 3438 notit
2605 3428 2618 3452 ,
2652 3389 2742 3441 sed
2771 3400 2821 3442 et
2851 3398 2969 3450 τοῦς
2993 3392 3171 3463 λόγους
3210 3392 3618 3462 principiorum.
3655 3397 3710 3451 Si

2138 3488 2310 3526 autem
2338 3492 2439 3527 non
2467 3518 2480 3540 ,
2505 3494 2621 3545 qua}
2645 3478 2861 3533 audacia
2893 3490 2973 3534 est
2998 3481 3173 3535 dicere
3216 3501 3227 3534 :
3262 3483 3371 3537 Hoc
3404 3486 3576 3552 Deus,
3610 3488 3708 3544 hoc

2137 3564 2379 3618 Christus
2401 3577 2481 3620 est
2514 3587 2524 3618 ε
2560 3568 2657 3622 Itue
2689 3580 2836 3634 pater
2863 3610 2877 3633 ,
2924 3570 3021 3624 hoc
3061 3572 3242 3626 ﬁlius?
3296 3574 3403 3629 Nos
3428 3588 3606 3632 autem
3628 3578 3708 3633 di-

2138 3659 2303 3711 cimus
2336 3701 2346 3718 ,
2375 3672 2573 3728 putrem
2598 3670 2651 3714 ιιι
2680 3672 2877 3731 putrem
2907 3704 2922 3727 ,
2952 3664 3111 3718 lilium
3137 3678 3195 3720 ut
3226 3666 3419 3721 lilium.

2207 3748 2266 3802 ll.
2323 3751 2386 3804 Et
2433 3754 2656 3819 primum
2709 3763 2764 3807 ιιι
2810 3755 2897 3809 ille
2956 3756 3228 3812 versiculis
3277 3761 3513 3831 quinque
3561 3763 3696 3833 quod

2140 3842 2428 3905 asserebat,
2459 3842 2702 3898 docuisse
2739 3859 2797 3898 se
2844 3846 3083 3911 credidit,
3115 3848 3278 3903 tilium
3312 3850 3508 3906 factum
3536 3870 3654 3909 esse
3679 3895 3692 3917 ,

2133 3946 2234 3983 non
2288 3942 2499 3995 natum;
2544 3934 2619 3987 sic
2669 3950 2766 3988 nos
2814 3937 2974 3990 lilium
3032 3948 3208 3993 nutum
3264 3942 3491 4007 primum
3553 3958 3695 3997 sacra

2129 4022 2269 4072 omni
2306 4022 2533 4075 lectione
2563 4021 2891 4077 docebimus.
2927 4026 3123 4081 Deinde
3152 4028 3203 4081 id
3235 4030 3429 4097 ipsum,
3461 4031 3563 4087 hoc
3587 4042 3691 4100 est,

2128 4111 2544 4165 substantialiter
2596 4112 2760 4167 lilium
2788 4157 2801 4178 ,
2846 4118 3185 4185 permittente
3234 4120 3324 4173 Dei
3364 4122 3587 4187 spiritu,
3639 4131 3694 4176 ut

2129 4216 2407 4267 pnssmnus
2436 4218 2756 4257 asscremus.
2778 4205 2951 4273 Atque
2985 4222 3049 4261 es
3078 4207 3180 4261 hoc
3210 4211 3439 4275 primum
3458 4222 3695 4267 sumatur

2127 4291 2421 4342 extirtlittm.
2474 4292 2667 4345 Paulus
2695 4294 2761 4345 ad
2793 4294 3049 4360 Ephesios
3080 4296 3293 4364 (Ephes.
3326 4316 3403 4363 Ill,
3454 4301 3640 4371 14-21)
3672 4320 3684 4357 :

463 4378 568 4431 lius
598 4420 612 4443 ,
664 4396 831 4448 neque
882 4382 1151 4435 elﬂuentia
1200 4396 1313 4447 qum
1366 4380 1627 4433 manando
1659 4380 1778 4431 inde
1804 4419 1817 4440 ,
1850 4378 2020 4429 minus
2047 4398 2099 4456 D
2129 4377 2296 4449 llujus
2336 4383 2408 4433 rei
2445 4384 2611 4448 gratia
2653 4385 2800 4450 ﬂecto
2819 4400 2979 4453 genua
3006 4401 3116 4437 mea
3140 4387 3207 4438 ad
3246 4399 3441 4456 patrem
3486 4390 3692 4444 Domini

462 4468 645 4522 feci-rit
678 4471 814 4521 unde
842 4473 1080 4522 manarit.
1108 4472 1222 4521 Jam
1252 4486 1375 4523 vero
1404 4486 1465 4523 ex
1488 4486 1589 4522 non
1639 4470 1875 4536 subjecto
1901 4482 2021 4520 esse

461 4559 603 4613 l'erre
656 4575 758 4611 non
787 4574 1063 4625 possumus
1093 4576 1104 4609 :
1148 4574 1251 4611 non
1280 4560 1415 4624 quod
1472 4574 1567 4610 nos
1606 4574 1667 4611 ex
1697 4558 1869 4625 aliquo
1898 4558 2019 4608 sub-

456 4649 599 4717 jecto
652 4664 769 4702 es~e
818 4650 1052 4701 dit-amns
1082 4690 1094 4711 ,
1147 4647 1236 4700 sed
1292 4646 1427 4712 quod
1467 4662 1493 4698 a
1538 4657 1680 4714 putre
1727 4657 1781 4696 ut
1832 4647 2011 4698 lilium.

460 4742 618 4792 Arius
650 4782 662 4802 ,
695 4742 943 4793 voluntate
972 4779 985 4803 ,
1013 4739 1215 4807 inquit,
1252 4737 1341 4789 Dei
1363 4738 1582 4790 subsistit
1608 4738 1741 4803 [ilius
1766 4748 1880 4787 ante
1902 4747 2017 4788 tem-

460 4846 583 4898 pora
614 4841 657 4883 et
682 4846 861 4883 mones.
915 4830 1055 4882 llum
1086 4838 1138 4881 ιιι
1166 4827 1424 4881 EnSebius
1488 4847 1499 4880 :
1530 4828 1633 4880 Nos
1666 4839 1783 4879 ante
1827 4842 2011 4881 onmes

457 4935 663 4981 mones,
719 4929 771 4971 ut
800 4930 921 4970 ante
960 4921 1131 4969 omnia
1166 4929 1437 4986 tempora;
1497 4918 1585 4971 scd
1627 4918 1854 4986 genitum
1882 4920 2012 4971 dici-

457 5024 606 5076 mus,
662 5025 763 5062 non
815 5008 1002 5060 factum
1031 5050 1043 5071 ,
1076 5024 1176 5059 non
1223 5020 1458 5062 creatum
1497 5050 1509 5071 ,
1564 5026 1664 5060 non
1718 5008 2006 5061 fundatum.

451 5098 610 5153 Arius
636 5099 757 5152 tlirit
794 5118 805 5151 :
842 5098 1031 5150 Filium
1079 5098 1286 5164 factum,
1340 5100 1537 5151 scilicet
1566 5101 1765 5167 plenum
1807 5098 1966 5151 Deum
1989 5140 2001 5161 ,

448 5189 796 5258 unigenitum,
853 5188 1205 5239 inunutnbilent
1240 5228 1251 5245 ,
1308 5188 1392 5255 qui
1447 5199 1706 5257 antequam
1759 5198 2007 5241 crearetur

448 5297 549 5333 non
580 5282 730 5349 fuerit
765 5320 778 5342 ,
814 5289 1068 5345 propterea
1091 5277 1223 5345 quod
1249 5294 1345 5329 non
1374 5280 1435 5327 sit
1465 5280 1733 5348 ingenitus.
1780 5280 1897 5333 llzcc
1920 5294 2005 5332 ca-

446 5369 564 5423 dem
598 5370 855 5421 Eusebins
873 5410 884 5427 ,
912 5368 1160 5433 atljiciens
1178 5407 1190 5427 ,
1216 5368 1347 5433 quod
1368 5367 1503 5431 ﬁlius
1530 5370 1697 5419 omnia
1718 5368 1917 5435 facienti
1942 5368 2004 5418 sit

443 5459 621 5512 similis
651 5475 669 5511 :
695 5472 790 5510 nos
822 5467 1029 5518 contta,
1061 5471 1164 5510 non
1194 5459 1331 5510 enim
1357 5459 1602 5519 similem,
1637 5460 1727 5510 sed
1761 5458 2000 5510 eumdem

444 5550 688 5615 dicimus,
712 5548 903 5618 quippe
924 5562 988 5601 ex
1015 5546 1199 5601 eadem
1229 5547 1539 5601 substantia.
1568 5547 1831 5601 Prmterea
1860 5547 2003 5601 addit

437 5640 721 5704 Eusebius,
754 5636 1071 5708 principium
1102 5635 1194 5691 ﬂlii
1224 5636 1346 5692 sciri
1377 5652 1471 5691 nec
1493 5636 1559 5691 ab
1577 5636 1790 5691 homine
1818 5651 1993 5707 posse,

2123 4469 2281 4521 nostri
2306 4468 2432 4521 Jcsu
2462 4470 2669 4535 Christi,
2692 4489 2756 4525 ea:
2784 4489 2878 4538 quo
2909 4475 3068 4527 omnis
3091 4483 3364 4543 patt'rnitas
3396 4483 3444 4532 in
3475 4482 3613 4534 artis
3642 4489 3686 4534 et

2121 4559 2325 4611 interra
2356 4562 2663 4623 nominatur,
2703 4572 2757 4613 ut
2784 4563 2864 4617 det
2893 4565 3026 4617 vobis
3051 4569 3322 4620 secundum
3352 4570 3555 4623 divitias
3581 4571 3688 4641 glo-

2119 4649 2209 4700 τίω
2230 4666 2353 4712 sum,
2382 4651 2561 4703 virtute
2601 4654 2876 4719 confortari
2904 4671 2992 4718 per
3030 4659 3260 4726 spiritum
3306 4676 3456 4711 suum
3483 4666 3535 4713 in
3567 4663 3686 4715 inte-

2118 4739 2249 4789 riore
2275 4740 2492 4801 homine,
2526 4739 2753 4792 habitare
2778 4741 3030 4796 Christum
3070 4762 3158 4810 per
3189 4746 3339 4811 ﬁdem
3368 4748 3421 4800 in
3452 4752 3687 4803 cordibus

2117 4828 2306 4887 vestris,
2340 4830 2389 4879 in
2413 4830 2655 4882 charitate
2680 4832 2895 4883 radianti
2915 4843 2960 4886 et
2989 4836 3203 4901 fundati,
3239 4846 3291 4887 ut
3318 4839 3525 4904 possitis
3552 4856 3685 4892 com-

2118 4919 2417 4985 pre/tendere
2447 4936 2559 4972 cum
2602 4922 2827 4975 omnibus
2873 4924 3080 4985 sanctis,
3129 4942 3242 4994 quia
3281 4929 3346 4979 sit
3383 4928 3603 4983 latitudo
3639 4939 3685 4984 et

2116 5006 2397 5072 longitudo,
2446 5019 2489 5060 et
2519 5009 2731 5061 altitudo
2764 5021 2809 5062 et
2844 5012 3149 5075 pro/undam
3176 5030 3195 5066 :
3223 5016 3352 5069 scire
3391 5020 3543 5071 etiam
3590 5037 3680 5073 su-

2116 5098 2491 5162 prrentinmtem
2515 5099 2735 5151 scientiis
2763 5102 3051 5154 charitatem
3071 5101 3278 5168 Christi,
3294 5117 3350 5160 ut
3372 5108 3682 5177 impleumini

2112 5189 2164 5239 in
2194 5206 2381 5241 omnem
2411 5191 2766 5259 plenitudith
2796 5190 2908 5245 Dei.
2940 5192 3004 5245 Ei
3034 5205 3199 5248 autem
3228 5199 3309 5264 qui
3347 5210 3508 5266 potest
3528 5217 3676 5269 super

2112 5281 2275 5329 omnia
2312 5284 2476 5347 facere
2500 5280 2836 5333 abundantius
2882 5298 3030 5350 quam
3076 5295 3287 5351 petimus
3313 5300 3400 5341 aut
3432 5291 3671 5363 intelligi-

2106 5384 2239 5431 nms,
2290 5372 2559 5422 secundum
2608 5372 2837 5424 virtutem
2878 5391 2987 5443 qum
3015 5386 3256 5444 operatur
3293 5381 3345 5432 in
3377 5383 3542 5444 nobis.
3574 5385 3671 5453 ipsi

2104 5459 2266 5525 gloria
2298 5462 2345 5511 in
2374 5459 2573 5513 Christo
2600 5461 2749 5525 Jesu,
2771 5474 2814 5516 et
2836 5466 3088 5540 ἐκκλησίᾳ,
3113 5471 3167 5520 in
3197 5485 3367 5525 omnes
3387 5478 3669 5542 generatio-

2103 5562 2189 5600 nes
2229 5550 2553 5603 steculorum.
2590 5551 2724 5616 Quid
2755 5570 2821 5608 ex
2868 5555 2947 5609 liis
2990 5569 3209 5626 apparet
3264 5563 3519 5628 possibile
3553 5580 3668 5623 esse

2101 5650 2420 5709 cognoscere
2466 5639 2630 5697 Deum
2668 5652 2725 5698 et
2766 5644 2860 5701 Dei
2888 5645 3053 5702 ﬁlium
3083 5664 3097 5702 :
3125 5660 3179 5704 et
3198 5654 3471 5720 quomodo
3497 5666 3660 5729 pater,
