3950 6206
282 286 417 342 1041

1443 291 1806 350 ADVERSUS
1847 292 2062 350 ARIUM
2103 296 2302 352 LIBER
2345 301 2381 352 Ι.

3411 305 3552 360 1049,

280 400 554 470 quomodo
583 400 760 456 illius“?
792 403 886 458 Est
912 413 1088 458 autem
1118 415 1170 459 et
1214 406 1343 460 illud
1386 407 1434 459 iu
1472 407 1758 478 Evangelia
1785 423 1863 463 se-
1896 409 1943 468 Α
1973 407 2150 464 dinem
2180 421 2263 467 est
2291 423 2441 482 pater
2471 425 2524 470 et
2554 416 3551 492 idcircoipsumrequiescere.0pcrari

281 495 517 550 cundum
546 496 806 552 Joannem
864 499 1054 570 (Joau.
1087 516 1136 563 ι.
1175 501 1259 572 18)
1287 518 1299 553 :
1333 501 1498 555 Deum
1545 501 1716 555 nullus
1747 502 1870 555 uidit

279 605 510 654 unquam
539 607 557 644 :
589 593 874 661 unigenitus
919 592 1057 658 ﬁlius
1106 595 1189 660 qui
1238 604 1310 647 est
1354 595 1407 648 in
1453 595 1644 665 gremio
1686 595 1867 663 patris,

285 682 379 736 ille
401 686 651 754 exposuit.
675 685 933 738 l’ossibile
963 686 1120 752 igitur
1146 687 1324 741 dicere
1352 687 1418 740 de
1448 689 1644 750 Deo,et
1671 687 1868 740 ideirco

283 782 341 828 et
366 775 432 828 dc
461 775 591 829 lilio.
632 775 760 842 Quis
790 776 932 829 enim
963 775 1030 830 de
1061 789 1210 847 patre
1237 779 1519 847 exposuit?
1550 780 1707 830 illius.
1738 777 1868 844 Quis

280 866 423 923 iste?
452 871 538 934 qui
571 880 643 924 est
673 870 723 922 in
753 871 964 940 gremio.
996 869 1111 924 Non
1158 871 1330 924 solum
1379 872 1535 941 igitur
1584 871 1862 939 processit,

280 964 382 1018 sed
407 965 529 1018 etin
558 968 761 1033 gremio
800 979 1013 1033 semper
1053 975 1134 1018 est
1160 965 1318 1030 (ilius,
1365 963 1634 1019 sufﬁciens
1677 964 1866 1018 duetor

282 1053 355 1109 de
391 1041 559 1122 patre.
603 1055 738 1124 Quid
778 1056 1076 1110 enarravit?
1105 1055 1373 1125 quomodo
1407 1058 1562 1110 I):-us.
1594 1054 1662 1110 Ει
1694 1054 1864 1110 Jndzei

278 1158 407 1199 ante
444 1158 496 1201 et
544 1148 741 1203 ethnici
797 1159 1180 1202 enarravurunt
1212 1167 1225 1202 :
1252 1149 1376 1217 quid
1408 1163 1535 1216 ergo
1553 1146 1863 1201 enarravit?

277 1245 486 1306 patrem
532 1238 719 1302 Deum,
752 1254 810 1293 se
841 1251 1016 1292 autem
1064 1238 1246 1294 lilium.
1303 1251 1356 1294 et
1385 1240 1522 1309 quod
1565 1256 1630 1294 ex
1675 1239 1859 1293 eadem

275 1330 597 1393 substantia,
617 1339 670 1384 et
693 1330 832 1398 quod
860 1344 889 1382 a
912 1341 1059 1398 patre
1088 1329 1297 1385 exierit.
1326 1330 1460 1384 Dicit
1488 1329 1629 1383 enim
1676 1326 1855 1396 (Joan.

274 1434 392 1484 Vin,
430 1420 556 1493 19):
592 1421 770 1491 Neque
800 1439 877 1477 me
922 1424 1107 1490 nostis,
1152 1439 1311 1494 neque
1358 1432 1549 1492 patrem
1583 1437 1764 1474 meum.
1799 1420 1860 1473 Si

271 1514 410 1568 enim
436 1530 516 1568 me
544 1517 778 1580 nossetis,
807 1518 1017 1571 nossetis
1043 1527 1089 1569 et
1119 1527 1314 1586 patrem
1362 1531 1548 1568 meum.
1578 1514 1689 1568 Hoc
1724 1529 1858 1567 nun-

272 1619 433 1674 quam
465 1606 688 1672 diceret,
715 1608 950 1673 nossetis,
994 1609 1092 1662 nisi
1125 1607 1283 1673 lilius,
1315 1617 1366 1663 et
1417 1608 1557 1660 lilius
1602 1605 1854 1661 substan-

272 1695 472 1752 lialiter
498 1715 512 1752 :
542 1697 604 1753 Si
631 1715 706 1753 me
730 1701 961 1764 nossetis,
981 1702 1189 1755 nossetis
1210 1711 1254 1754 et
1277 1711 1489 1770 patrem.
1518 1698 1852 1769 Figmcntnm

1976 503 2116 555 enim
2143 504 2325 569 etiam,
2355 505 2398 558 si
2435 506 2891 574 imperfectioncm
2924 517 3194 579 aperiatur,
3229 509 3279 562 in
3314 511 3552 564 molestia

1973 601 2184 646 motus:
2219 595 2316 648 ista
2356 595 2630 652 beatitudo
2655 607 2758 665 est,
2793 600 3082 653 secundum
3113 599 3256 668 quod
3295 611 3378 655 est
3419 614 3549 671 ope-

1971 685 2074 736 rari
2108 685 2360 752 perfecta.

2041 773 2128 828 l\'.
2155 774 2290 830 Audi
2325 778 2487 846 igitur
2515 789 2563 833 ct
2598 780 2760 835 aliud.
2793 781 2944 849 Quod
2966 793 3046 836 est
3067 797 3220 850 esse,
3253 793 3407 855 pater
3433 796 3548 840 est:

1967 865 2107 934 quod
2137 877 2217 921 est
2241 871 2471 937 operari,
2501 871 2644 944 λόγος
2675 888 2687 924 :
2713 883 2766 926 et
2808 875 2954 942 prius
2985 882 3068 927 est
3104 876 3244 943 quod
3271 887 3348 928 est
3379 890 3499 932 esse
3533 894 3548 942 ;

1967 959 2290 1022 secundum,
2325 962 2463 1029 quod
2508 972 2591 1016 est
2621 965 2853 1032 operari.
2896 964 3068 1019 Habet
3112 965 3324 1035 quidem
3372 967 3546 1036 ipsum

1968 1049 2106 1118 quod
2136 1064 2217 1105 est
2245 1066 2384 1114 esse.
2433 1055 2573 1107 intus
2616 1055 2827 1108 insitam
2874 1057 3239 1126 operationem
3267 1076 3280 1111 :
3312 1060 3354 1113 si
3401 1063 3545 1116 enim

1967 1151 2134 1203 motu,
2169 1143 2267 1194 ltnc
2299 1152 2400 1206 est,
2431 1145 2764 1214 operatione,
2796 1162 2916 1216 qua:
2947 1149 3049 1202 vita
3080 1161 3170 1203 aut
3194 1152 3282 1216 qui
3313 1153 3549 1209 intellec-

1970 1242 2051 1286 itis
2084 1244 2163 1286 est
2197 1249 2364 1300 εει·μο
2394 1250 2498 1288 non
2532 1250 2606 1289 esu
2641 1239 2812 1290 solum
2859 1252 2978 1292 es.~e
3003 1279 3017 1303 ,
3068 1241 3160 1292 διιά
3196 1239 3366 1308 ipsum
3409 1244 3551 1312 quod

1967 1325 2195 1392 primum
2215 1335 2295 1379 est
2317 1341 2455 1391 esse,
2487 1328 2857 1397 proptt-rqnnd
2881 1339 2962 1382 est
2983 1332 3029 1382 ei
3061 1332 3232 1396 quiest
3247 1347 3340 1386 ere
3367 1337 3540 1388 solum

1964 1416 2135 1486 ipsmn
2161 1433 2280 1472 esse
2310 1436 2324 1471 :
2353 1430 2436 1474 est
2460 1420 2560 1472 isto
2587 1420 2746 1474 titodo
2771 1435 2818 1474 et
2855 1422 2994 1490 quod
3028 1432 3107 1475 est
3132 1426 3368 1489 operari,
3400 1426 3544 1494 quod

1962 1510 2380 1577 estsecundum,
2439 1512 2688 1580 quoniam
2733 1527 2835 1565 nou
2894 1514 3054 1579 intus,
3112 1513 3204 1567 sed
3251 1529 3372 1569 Cum
3415 1517 3546 1572 loris

1961 1611 2235 1672 operatur,
2255 1605 2463 1672 operari
2483 1604 2695 1658 dicitur.
2722 1608 3026 1674 Apparente
3048 1607 3188 1660 enim
3209 1609 3538 1676 operatione,

1961 1702 2014 1746 et
2062 1704 2143 1747 est
2181 1702 2236 1747 et
2289 1695 2591 1748 nominatur
2647 1698 2908 1764 operatio,
2959 1708 3012 1751 et
3053 1707 3109 1750 ιιι
3146 1700 3418 1766 generatio
3466 1700 3550 1755 sui

271 1789 417 1843 enim
463 1791 505 1843 si
553 1800 718 1854 esset,
769 1808 874 1846 non
921 1808 984 1846 ex
1035 1793 1152 1862 ἰρδο
1199 1803 1349 1862 pater
1386 1803 1716 1852 nosceretur,
1759 1789 1850 1842 sed
1885 1786 1929 1845 Β
1955 1782 2123 1848 ipsius
2155 1795 2209 1838 et
2231 1784 2530 1838 :PSliItlallll'
2555 1795 2609 1839 et
2643 1797 2724 1839 est
2757 1788 2873 1840 :sic
2912 1787 3069 1855 igitur
3101 1789 3152 1840 id
3195 1790 3366 1856 ipsqu
3398 1791 3542 1857 quod

272 1881 514 1947 putentia
549 1881 642 1934 Dei
688 1893 738 1936 ct
767 1883 1046 1948 divinitas,
1088 1897 1142 1938 ttt
1177 1884 1369 1938 Paulus
1399 1883 1530 1937 dixit
1560 1900 1572 1934 :
1608 1880 1781 1951 (Rom.
1808 1898 1846 1948 ι,

267 1970 384 2042 20).
420 1972 682 2028 Mirabilia
708 1977 842 2029 enim
871 1977 983 2046 ejus
1007 1994 1040 2030 a
1074 1987 1307 2030 creatura
1332 1977 1508 2030 mundi
1541 1992 1631 2046 per
1653 1992 1712 2029 ea
1738 1991 1851 2045 qua!

267 2067 408 2135 facta
436 2075 588 2132 sunt,
619 2067 874 2122 intellecta
915 2080 1446 2124 noscunturneterna
1493 2083 1689 2138 quoque
1739 2068 1850 2134 eius

249 2157 431 2218 ,νέηαι
473 2175 534 2212 ac
577 2159 834 2214 divinitas.
873 2161 939 2215 Et
969 2160 1200 2229 Spiritus
1245 2171 1461 2215 sanctus
1507 2158 1754 2230 exposuit
1782 2157 1850 2213 de

265 2247 505 2315 Christo,
537 2251 692 2306 sicuti
723 2251 853 2306 dicit
876 2253 1120 2308 Salvator
1159 2255 1208 2307 in
1242 2253 1532 2324 Evangelia
1553 2250 1847 2307 secundum

252 2336 528 2397 Joannem
561 2343 756 2412 (Jaan.
807 2359 914 2406 xw,
968 2345 1031 2400 16
1061 2351 1078 2414 )
1114 2363 1128 2401 :
1176 2345 1404 2416 Spiritus
1453 2356 1657 2399 sanctus
1701 2361 1848 2415 quem

265 2434 429 2488 mittet
481 2435 633 2488 Pater
656 2437 708 2489 in
741 2453 851 2490 meo
896 2438 1114 2502 nomine,
1161 2437 1271 2508 ipse
1297 2454 1385 2492 eos
1413 2437 1607 2491 docebit
1654 2437 1844 2491 omnia.

262 2523 322 2578 Si
362 2525 519 2592 igitur
545 2527 621 2580 sic
650 2536 769 2580 sunt
805 2527 926 2590 ista,
961 2528 1244 2582 didicimus
1274 2537 1328 2583 et
1359 2539 1562 2598 patrem
1596 2537 1652 2583 et
1683 2529 1845 2583 lilium

263 2623 320 2670 et
351 2616 402 2668 in
433 2618 633 2672 sanctis
659 2619 958 2688 scripturis,
987 2629 1042 2674 et
1067 2635 1098 2673 a
1127 2619 1320 2691 spiritu
1364 2636 1520 2691 quem
1568 2619 1846 2675 doctorem

263 2705 432 2763 habet
460 2708 562 2762 ﬁde
590 2721 805 2765 sanctus
824 2712 924 2766 vir.

338 2801 428 2856 IlI.
466 2803 712 2858 Dicamus
754 2807 914 2874 igitur
943 2807 1251 2874 scripturas,
1283 2817 1337 2861 et
1379 2808 1605 2878 primum
1655 2821 1847 2862 secun-

264 2893 394 2950 dum
447 2894 709 2953 Joannem
738 2915 752 2950 :
782 2897 910 2952 uicit
951 2899 1094 2954 enim
1147 2899 1340 2971 (Joau.
1379 2916 1416 2963 ι,
1452 2899 1528 2972 l),
1578 2900 1847 2971 quomodo

263 2987 408 3062 λόγος
445 2999 499 3043 ει
537 2990 588 3042 in
633 2989 892 3058 prin-ipio
944 3001 1080 3056 erat,
1129 3003 1183 3047 et
1219 2995 1360 3047 circa
1409 2993 1571 3047 Deum
1615 3002 1761 3057 erat,
1793 3003 1848 3047 et

265 3078 536 3148 quomodo
585 3078 723 3133 Deus
762 3090 878 3136 erat
920 3083 1082 3156 λόγος.
1136 3083 1398 3154 Numquid
1452 3085 1519 3141 de
1563 3085 1667 3138 alio
1717 3085 1846 3141 dicit

1954 1892 2035 1936 εει
2067 1882 2295 1949 operari,
2331 1890 2383 1935 et
2426 1881 2597 1948 ipsum
2629 1897 2748 1936 esse
2779 1882 2967 1946 habet,
3010 1884 3176 1952 magis
3207 1897 3383 1937 autem
3434 1901 3542 1940 non

1953 1973 2118 2028 liabet
2145 1990 2159 2028 :
2193 1974 2364 2043 ipsum
2395 1974 2538 2027 enim
2565 1975 2774 2041 Operari
2808 1989 2929 2028 esse
2955 1986 3069 2038 est;
3113 1973 3270 2027 simul
3301 1975 3444 2028 enim
3488 1984 3546 2030 et

1952 2065 2201 2134 simplex,
2243 2077 2296 2120 ct
2327 2080 2445 2120 esse
2476 2076 2530 2119 et
2568 2067 2800 2134 operari,
2848 2081 3033 2120 eorum
3072 2082 3190 2134 quae
3218 2081 3380 2135 supra
3420 2077 3545 2123 sunt

1952 2168 2140 2215 natura
2180 2169 2262 2214 est
2305 2159 2582 2214 declarans
2606 2169 2661 2213 et
2687 2160 2873 2213 sortita
2900 2177 2912 2211 :
2941 2159 3230 2214 secundum
3276 2161 3415 2231 quod
3457 2171 3542 2217 est

1951 2253 2316 2322 requiescere.
2352 2253 2523 2321 ipsum
2563 2267 2683 2307 esse
2712 2262 2766 2308 et
2801 2253 3190 2317 substantiam;
3240 2254 3534 2310 secundum

1951 2353 2125 2398 autem
2150 2344 2287 2413 quod
2308 2353 2392 2398 est
2410 2344 2461 2398 in
2481 2353 2624 2398 motu
2645 2359 2782 2408 esse,
2805 2345 3092 2409 actionem,
3117 2345 3482 2412 Operationem
3521 2365 3535 2400 z

1951 2433 2053 2489 ltoc
2069 2444 2241 2488 autem
2256 2435 2396 2505 quod
2411 2444 2494 2490 est
2509 2438 2559 2489 in
2575 2444 2716 2488 motu
2731 2435 3383 2502 esse,declaralioestejus
3395 2437 3534 2506 quod

1950 2531 2032 2577 est
2055 2538 2174 2578 esse
2201 2526 2493 2578 secundum
2523 2526 2806 2579 actionem.
2838 2525 2903 2578 Et
2927 2525 3123 2580 ideirco
3156 2524 3317 2596 (Ibid.
3351 2527 3410 2596 9)
3431 2539 3538 2582 erat

1949 2614 2120 2668 lumen
2141 2617 2280 2684 quod
2299 2629 2382 2671 est
2403 2633 2594 2683 verum,
2617 2617 2753 2686 quod
2785 2617 3043 2671 illuminat
3061 2635 3256 2672 omnem
3284 2619 3539 2673 hominem

1950 2705 2226 2759 uenientem
2256 2708 2309 2759 in
2345 2717 2611 2761 mundum.
2644 2710 2804 2783 Λόγος
2823 2725 2950 2778 ergo
2981 2712 3154 2762 lumen
3183 2720 3266 2764 est
3291 2713 3431 2780 quod
3455 2722 3538 2765 est

1949 2815 2166 2868 verum;
2197 2811 2247 2856 et
2272 2802 2470 2856 idcirco
2511 2801 2672 2864 (Ibid.
2699 2804 2751 2866 5,
2770 2803 2828 2872 4)
2851 2802 3074 2872 quodest
3099 2807 3309 2872 factum,
3343 2805 3394 2856 in
3420 2805 3532 2872 ipso

1947 2892 2050 2944 cita
2074 2901 2168 2956 est,
2202 2901 2248 2946 et
2274 2893 2374 2945 vita
2401 2893 2570 2945 lumen
2596 2894 2856 2946 hominum
2885 2908 2903 2946 :
2930 2903 2981 2946 et
3026 2891 3138 2960 ipse
3163 2893 3327 2965 λόγος.
3357 2894 3535 2948 lumen

1947 2999 2130 3040 verum
2159 2983 2340 3055 (Ibid.,
2372 2985 2462 3056 19)
2502 2985 2553 3038 in
2576 2987 2762 3037 mundo
2787 2994 2912 3049 erat,
2942 2995 2987 3036 et
3009 2984 3226 3037 mundus
3256 3001 3344 3053 per
3370 2985 3535 3053 ipsum

1950 3081 2117 3146 factus
2145 3078 2361 3144 est;qui
2391 3078 2530 3129 illius
2552 3084 2634 3129 est
2667 3076 2780 3143 Dei,
2809 3076 2877 3131 de
2902 3090 3008 3145 quo
3037 3076 3162 3129 dicit
3187 3077 3204 3144 (
3231 3075 3368 3129 Ibid.
3389 3076 3480 3145 id)
3518 3093 3530 3128 :

264 3171 445 3245 167w;
479 3170 697 3226 omnino
725 3172 792 3226 de
823 3173 949 3228 lilio.
980 3151 1114 3242 Quid
1156 3151 1474 3250 ergo—1670:,
1508 3176 1553 3231 si
1594 3191 1660 3230 ex
1699 3176 1847 3230 nullo

1960 3163 2116 3219 Deum
2145 3182 2292 3220 nemo
2334 3167 2458 3219 vidit
2484 3168 3055 3236 unquam:unigenitus
3091 3166 3231 3234 [ilius
3269 3167 3354 3236 qui
3379 3175 3452 3222 est
3481 3169 3533 3222 in

265 3272 352 3316 est
375 3261 943 3334 subjecto‘lqttomodo
970 3266 1116 3339 λόγος
1147 3266 1433 3334 potentiam
1468 3268 1645 3331 habet,
1678 3276 1736 3319 ut
1759 3282 1851 3334 per

267 3351 442 3420 ipsum
460 3366 713 3409 creentur
738 3360 938 3422 omnia,
972 3357 1194 3426 ipsequi
1223 3359 1288 3411 sit
1316 3373 1381 3412 ex
1406 3358 1553 3412 nullo
1571 3358 1851 3425 subjecto?

267 3440 605 3512 Impossibile
642 3447 810 3506 enim.
852 3461 1035 3501 semen
1085 3462 1204 3502 esse
1244 3449 1483 3502 omnium
1533 3463 1651 3517 qua:
1691 3460 1844 3515 sunt,

268 3537 413 3605 quod
453 3550 517 3590 ex
565 3537 730 3592 nihilo
770 3536 966 3592 {aetum
1011 3550 1108 3594 est.
1164 3539 1364 3594 Deinde
1407 3539 1454 3592 si
1483 3540 1532 3592 iu
1588 3540 1850 3608 principio

269 3635 410 3692 erat,
443 3629 714 3697 quomodo
745 3630 1059 3699 principium
1094 3647 1106 3684 :
1149 3631 1444 3685 secundum
1475 3629 1616 3698 quod
1648 3631 1844 3700 princio

272 3718 419 3788 pium
460 3730 565 3785 est,
595 3721 714 3776 sine
745 3723 1006 3791 principio
1032 3733 1114 3778 est
1143 3739 1158 3777 :
1187 3725 1276 3793 qui
1307 3732 1424 3779 erat
1465 3725 1518 3777 in
1567 3723 1845 3792 principio,

270 3819 389 3866 erat
433 3826 667 3881 semper.
697 3811 826 3879 Quae
854 3813 1015 3882 igitur
1035 3812 1292 3867 audacia?
1335 3828 1453 3883 quae
1480 3813 1808 3882 blasphemia
1826 3812 1852 3864 ‘t

269 3901 385 3958 Non
405 3911 527 3972 erat
553 3904 861 3973 aliquando,
891 3905 1102 3969 dicere,
1140 3905 1295 3960 toties
1334 3907 1540 3960 Joanne
1594 3904 1846 3960 dicente:

273 3992 401 4047 Erat
448 3993 594 4067 λόγος
642 3994 694 4048 in
737 3994 1020 4064 principio,
1071 4003 1186 4048 erat
1230 3995 1295 4047 ad
1337 3995 1532 4056 Deum,
1567 4004 1681 4048 erat
1712 3994 1853 4047 Deus

269 4082 416 4156 λόγος
455 4083 607 4151 ipse?
635 4083 765 4137 Erat
815 4083 902 4139 hic
948 4085 999 4137 iu
1052 4084 1312 4153 principio
1355 4084 1420 4137 ad
1469 4084 1652 4139 Deum.
1704 4083 1853 4138 Licet

274 4176 419 4231 enim
449 4187 556 4230 erat
583 4177 834 4243 praeteriti
866 4178 1121 4243 temporis
1150 4176 1590 4246 signiﬁcationem
1626 4174 1849 4239 habeat,

272 4269 584 4336 frequenter
611 4285 714 4323 non
744 4270 858 4323 sine
891 4269 1180 4336 principio;
1219 4267 1311 4323 sed
1333 4267 1417 4322 hic
1443 4270 1560 4322 sine
1593 4267 1852 4336 principio

271 4361 664 4427 accipiendum,
699 4361 949 4430 quoniam
977 4359 1113 4413 dixit
1137 4377 1148 4410 :
1176 4358 1240 4413 In
1262 4358 1513 4429 principio
1542 4367 1668 4412 erat.
1697 4357 1851 4425 Quod

271 4462 322 4506 et
359 4466 453 4506 vos
483 4451 794 4521 signiﬁcatis
819 4460 943 4506 ante
971 4462 1234 4519 tempora,
1281 4459 1404 4502 ante
1451 4463 1636 4507 manus
1669 4447 1853 4503 dicen-

1949 3263 2140 3334 gremio
2169 3263 2345 3330 patris,
2375 3264 2484 3332 ipse
2508 3263 2758 3316 enarravit
2789 3263 2850 3315 de
2875 3262 3023 3336 λόγῳ.

2027 3355 2088 3410 V.
2112 3355 2300 3410 Omnia
2327 3369 2486 3423 supra
2518 3356 2649 3409 dixit
2677 3366 2729 3409 et
2757 3355 3029 3424 conjunxit
3060 3354 3126 3409 de
3147 3354 3256 3408 ﬁlio
3279 3396 3292 3420 ,
3330 3356 3532 3410 nullum

1951 3449 2114 3501 alium
2145 3447 2307 3500 lilium
2339 3446 2618 3500 declarans
2640 3485 2656 3511 ,
2701 3461 2856 3514 quam
2895 3449 2978 3502 τὸν
3005 3447 3166 3518 λόγον.
3203 3446 3329 3500 Erat
3377 3448 3536 3515 igitur

1953 3538 2094 3591 tilius
2127 3537 2194 3591 ad
2229 3538 2414 3602 Deum,
2463 3548 2515 3592 et
2570 3539 2621 3591 in
2668 3538 2928 3607 principio
2975 3545 3110 3599 erat,
3154 3546 3206 3592 et
3249 3537 3363 3606 ipse
3397 3537 3535 3592 Deus

1951 3641 2087 3695 erat,
2119 3641 2173 3685 et
2208 3644 2305 3699 per
2330 3630 2499 3699 ipsum
2526 3630 2704 3682 omnia
2732 3628 2869 3682 facta
2894 3639 3049 3692 sunt,
3088 3638 3141 3682 et
3168 3629 3279 3696 ipse
3305 3639 3386 3683 est
3419 3628 3536 3682 uni-

1952 3724 2165 3793 genitus
2196 3739 2210 3776 :
2239 3732 2292 3776 ct
2322 3721 2484 3776 veluti
2515 3719 2764 3788 prudiens
2791 3719 3004 3790 quidem
3032 3735 3059 3772 a
3096 3730 3244 3788 putre
3268 3760 3282 3783 ,
3331 3718 3398 3773 ad
3445 3733 3537 3789 pa-

1956 3823 2090 3868 trem
2119 3824 2231 3867 crat
2259 3823 2476 3882 propter
2503 3811 2603 3866 huc
2624 3811 2764 3881 quod
2792 3821 2873 3866 est
2894 3809 3132 3880 operari;
3167 3820 3388 3881 prOpter
3407 3825 3534 3864 vero

1953 3904 2094 3973 quod
2137 3912 2219 3959 est
2253 3918 2373 3959 esse
2421 3907 2470 3958 in
2516 3910 2721 3972 gremio
2766 3903 2929 3971 patris
2965 3903 3222 3966 existens,
3262 3902 3534 3956 enarravit

1955 3997 2021 4051 de
2051 4005 2223 4066 patre,
2271 3997 2566 4051 declaratio
2607 3996 2771 4064 patris
2796 3995 3021 4050 ell'ectus
3049 3994 3342 4048 secundum
3389 3993 3533 4063 quod

1954 4099 2034 4144 est
2057 4087 2286 4156 operari.
2312 4085 2463 4155 Quod
2493 4085 2722 4140 maxime
2771 4086 2912 4159 λόγος
2941 4095 3023 4139 est
3050 4086 3160 4154 ipse
3193 4084 3332 4140 illius
3356 4126 3372 4150 ,
3417 4086 3534 4155 ipse

1956 4179 2158 4240 lumen,
2190 4180 2304 4246 ipse
2335 4187 2459 4231 vita.
2480 4177 2632 4244 Quod
2664 4178 2800 4230 Dens
2826 4190 2908 4231 est
2931 4177 3093 4240 illius,
3125 4177 3204 4232 sic
3222 4175 3352 4231 dlCll
3376 4177 3537 4232 luan-

1957 4286 2052 4326 nes
2079 4271 2239 4345 (Ibid.
2269 4271 2336 4340 I):
2368 4269 2436 4323 Et
2458 4269 2592 4324 Deus
2615 4284 2717 4324 erat
2737 4271 2899 4343 λόγος.
2922 4270 2986 4324 Ει
3015 4283 3226 4324 τιιτειιδ·
3248 4269 3428 4339 (Joan.
3450 4284 3530 4335 tit,

1960 4363 2048 4435 l5)
2072 4381 2084 4418 :
2112 4361 2304 4417 Nullus
2328 4361 2551 4417 ascendit
2577 4363 2626 4415 in
2643 4363 2844 4425 caelum,
2864 4363 2960 4415 nisi
2988 4362 3072 4430 qui
3092 4362 3152 4412 de
3172 4361 3296 4415 caelo
3321 4361 3531 4414 desceno

1957 4457 2050 4510 dit.
2103 4457 2256 4523 Quod
2304 4457 2408 4508 \ita
2462 4463 2544 4509 est
2587 4455 2722 4506 illius
2761 4452 2920 4523 (Ibid.
2957 4452 3088 4515 l5):
3133 4449 3202 4506 Ut
3247 4452 3334 4522 qui
3375 4451 3535 4506 credit

272 4554 356 4599 tes
382 4515 558 4612 (Ibid:
574 4544 665 4612 5):
697 4542 903 4608 Omnia,
947 4515 1097 4605 dicit,
1121 4559 1210 4610 per
1248 4542 1418 4606 ipsum
1462 4542 1598 4610 facta
1623 4548 1754 4600 sunt,
1805 4549 1852 4592 et
1877 4515 1931 4576 D
1959 4551 2012 4603 επ
2058 4515 2224 4616 “iam
2260 4561 2360 4600 non
2404 4554 2592 4614 pereat.
2651 4543 2718 4597 Et
2768 4515 2953 4597 rursus
3001 4541 3215 4614 (ηοω.)
3243 4515 3270 4595 ε’
3304 4542 3411 4599 Sed
3434 4547 3536 4599 ha.

270 4638 380 4692 sine
430 4636 519 4689 illo
559 4636 792 4702 effectum
835 4644 905 4689 est
934 4633 1081 4687 nihil.
1131 4634 1340 4687 Etenim
1395 4631 1515 4687 sine
1542 4632 1672 4704 λόγῳ
1722 4630 1849 4701 quid

272 4737 357 4784 est
377 4771 392 4795 ,
435 4729 573 4799 quod
609 4743 711 4782 non
743 4737 798 4780 ut
826 4727 895 4781 sit
923 4726 1182 4797 accipiat?
1209 4725 1366 4780 Solus
1403 4726 1545 4779 enim
1575 4725 1741 4796 λόγος,
1766 4740 1852 4780 se-

271 4825 505 4877 cundum
552 4821 692 4892 quod
721 4821 887 4893 λόγος.
919 4830 1001 4873 est
1031 4828 1085 4874 et
1122 4817 1221 4874 sibi
1267 4826 1322 4872 et
1357 4817 1475 4872 aliis
1504 4817 1678 4887 ipsmn
1708 4816 1851 4882 quod

271 4924 352 4968 est
388 4953 404 4979 ,
458 4913 572 4982 ipse
625 4921 840 4981 praestet
888 4911 1135 4964 omnibus
1212 4925 1330 4978 qua:
1373 4917 1518 4964 sunt.
1559 4908 1625 4962 Et
1655 4907 1851 4962 idcirco

272 5004 498 5073 (aqualis
541 5003 753 5072 quidem
803 5005 956 5072 patri.
1012 5001 1183 5056 Causa
1235 5001 1375 5054 enim
1440 4999 1747 5070 principalis
1799 5008 1854 5055 et

275 5095 377 5149 sibi
432 5103 488 5148 et
528 5093 644 5148 aliis
700 5099 861 5147 c‘ausa
918 5100 1031 5157 est,
1081 5092 1362 5159 potentia,
1423 5101 1478 5144 et
1529 5090 1852 5146 substantia.

275 5185 447 5240 Causa
517 5184 794 5238 exsistens.
852 5182 970 5237 Prze
1036 5197 1194 5236 causa
1245 5191 1420 5236 autem
1473 5191 1646 5252 pater.
1703 5180 1854 5238 Unde

277 5275 419 5332 illius
447 5276 665 5330 distabit
698 5280 819 5341 hoc,
849 5275 990 5346 quod
1021 5283 1270 5329 movetur
1291 5284 1342 5330 et
1373 5283 1628 5344 operatur
1656 5275 1708 5330 in
1742 5290 1855 5330 ma-

277 5369 693 5435 niIestationem,
731 5377 945 5438 propter
971 5383 1217 5438 magnam
1244 5369 1573 5424 divinitatem
1599 5369 1752 5425 nobis
1773 5369 1852 5422 in-

286 5461 688 5535 oognosibiliter
721 5462 1000 5532 operante}
1025 5472 1195 5531 patre.
1225 5460 1399 5532 Supra
1427 5465 1572 5518 enim
1619 5464 1846 5523 beatitu-

1960 4642 2071 4696 brat
2114 4656 2286 4708 spem,
2317 4640 2469 4694 vitam
2519 4650 2782 4692 teternam.
2830 4636 2982 4705 Quod
3021 4637 3159 4692 {ilius
3194 4635 3355 4710 (Ibid.
3393 4637 3533 4710 l6):

1969 4733 2114 4790 Unde
2142 4732 2302 4802 filium
2316 4730 2787 4800 suumunigenitum
2818 4729 3046 4782 tradidit.
3079 4727 3268 4782 Filium
3296 4727 3453 4793 dixit,
3480 4739 3536 4784 et

1964 4842 2142 4891 suum,
2170 4833 2224 4879 ει
2253 4824 2600 4895 unigenitum.
2623 4821 2758 4889 Quid
2786 4821 3013 4890 amplius
3035 4819 3099 4873 ad
3129 4835 3311 4874 verum
3331 4819 3537 4874 lilium?

1963 4919 2116 4984 Quod
2148 4918 2261 4986 ipse
2292 4918 2397 4970 vita
2424 4933 2437 4966 :
2465 4923 2520 4968 ut
2540 4915 2702 4967 omnis
2730 4914 2818 4982 qui
2837 4913 2992 4966 credit
3019 4916 3070 4966 in
3097 4912 3286 4982 ipsum,
3316 4927 3417 4966 non
3448 4928 3537 4980 pe-

1958 5021 2099 5075 reat,
2152 5009 2240 5062 sed
2292 5005 2467 5060 habeat
2521 5005 2673 5059 vitam
2714 5016 2970 5059 internum.
3029 5003 3178 5070 Quod
3236 5005 3349 5073 ipse
3396 5003 3534 5057 titius

1957 5100 2200 5155 Christus
2234 5107 2318 5154 est
2341 5095 2500 5166 (Ibid.
2529 5096 2618 5164 17)
2647 5113 2660 5150 :
2694 5094 2813 5150 Non
2863 5111 2999 5149 enim
3024 5095 3158 5149 misit
3183 5092 3317 5149 Deus
3343 5095 3530 5162 ﬁlium,

1958 5203 2012 5246 ut
2026 5191 2226 5265 jndicet
2269 5189 2532 5247 mundum.
2563 5187 2651 5240 sed
2682 5195 2734 5240 ut
2774 5185 2930 5240 solvet
2957 5185 3223 5238 mundum.
3258 5184 3407 5251 Quod
3449 5184 3536 5239 lu-

1959 5298 2108 5346 men,
2137 5281 2204 5336 de
2227 5281 2345 5350 ipso
2374 5279 2501 5334 dicit
2528 5275 2690 5348 (Ibid.
2726 5276 2847 5347 19):
2887 5275 3138 5341 Quoniam
3197 5275 3364 5329 lumen
3405 5277 3538 5330 venit

1962 5377 2016 5428 in
2035 5376 2298 5428 mundum.
2331 5371 2564 5427 Joannes
2583 5383 2688 5422 non
2703 5376 2818 5423 erat
2837 5383 3018 5422 verum
3039 5366 3243 5428 lumen,
3263 5373 3318 5419 et
3338 5364 3540 5420 idcirco

1954 5467 2081 5524 dicit
2127 5464 2328 5538 (Joan.
2365 5478 2403 5530 t,
2434 5463 2502 5518 2o
2525 5460 2583 5530 ):
2630 5459 2770 5516 Num
2812 5475 2924 5515 sum
2961 5455 3192 5514 Christus
3219 5497 3234 5524 ,
3271 5455 3363 5513 sed
3392 5457 3536 5528 quod

1569 5601 1929 5663 VARIORUM
1968 5603 2195 5661 NOTAE.

353 5743 475 5815 Ipse
499 5749 721 5814 prtum.
741 5738 848 5797 Aut
873 5746 1104 5810 prastat,
1133 5745 1223 5794 aut
1245 5751 1359 5792 cum
1378 5736 1488 5806 ipse
1512 5748 1735 5808 prtestet,
1763 5739 2047 5812 legendum
2065 5739 2289 5798 videtur.
