3950 6206
436 199 571 256 1045

1643 193 1831 249 MAR"
1873 192 2209 249 VICTORINI
2251 194 2410 249 AFRI

3538 192 3675 245 test

438 315 630 367 missus
654 325 791 366 sum.
825 309 1015 364 Missus
1031 316 1111 361 est
1132 319 1259 373 ergo
1277 303 1788 360 Joannes.Christus
1816 312 1993 358 autem
2022 304 2069 362 Α
2109 300 2265 355 Panis
2290 304 2404 356 vita
2428 318 2540 355 sum
2577 319 2667 374 ego
2714 302 2873 375 (Ibid.
2906 305 2996 375 59)
3028 320 3046 357 :
3078 305 3165 373 qui
3191 304 3348 357 istum
3392 303 3680 363 utendum,

449 406 586 460 ﬁlius
606 402 782 475 (Joan.
810 417 899 466 ιιι,
931 397 1043 471 51),
1072 399 1157 465 qui
1216 397 1427 466 desuper
1472 398 1621 462 venit,
1648 413 1802 466 supra
1831 412 2001 451 omnes

442 506 532 550 est.
566 493 634 546 Et
663 505 845 546 rursus
868 508 881 545 :
919 489 991 543 De
1009 488 1132 542 ctelo
1154 487 1370 541 veniens.
1408 485 1609 541 Dicitur
1633 485 1843 556 quidem
1862 484 2004 555 quod

441 588 509 641 sit
540 587 729 639 missus
754 600 785 638 a
804 584 941 646 Deo;
967 590 1023 633 ut
1045 578 1308 657 (Ibid..i7)
1334 578 1493 647 ﬁlium
1532 578 1671 632 enim
1698 578 1833 631 misit
1850 576 2004 630 Deus.

446 676 548 732 Sed
568 677 663 729 ista
686 675 811 738 duo,
834 683 885 729 ct
909 675 1146 740 veniens,
1166 684 1217 729 et
1234 673 1397 737 misit,
1424 682 1475 725 et
1500 671 1659 723 ﬁlium
1683 671 1734 723 in
1759 678 1928 740 patre,
1955 677 2010 724 et

449 776 653 835 patrem
696 767 745 819 in
786 764 893 819 ﬁlio
942 780 1059 819 esse
1096 765 1421 834 signiﬁcant;
1468 761 1714 831 quoniam
1765 760 2008 814 Christus

452 855 557 910 vita
580 853 887 910 Samaritidi
912 853 1038 909 dicit
1075 854 1246 909 lJoan.
1281 870 1354 915 tv,
1374 851 1440 906 10
1464 858 1509 918 )z
1532 850 1609 904 Tu
1626 849 1685 903 ab
1713 866 1769 903 eo
1800 858 2008 917 peteres,

450 958 495 1002 et
517 946 604 999 tibi
633 946 773 998 daret
804 961 981 1013 aquam
1009 946 1266 999 viventem.
1300 943 1367 997 Et
1387 957 1568 996 rursus
1602 939 1760 1004 (Ibid.
1784 941 1872 1007 15,
1892 940 2010 1010 ib):

455 1037 631 1090 Omnis
658 1036 741 1104 qui
761 1035 933 1087 biberit
960 1051 1020 1087 ex
1039 1050 1171 1103 aqua
1198 1034 1316 1094 ista,
1343 1034 1519 1085 iterum
1545 1026 1711 1100 sitietj:
1733 1030 1817 1099 qui
1847 1038 2014 1083 autem

451 1126 626 1179 biberit
655 1140 717 1177 ea:
743 1126 839 1177 ista
863 1141 995 1191 aqua
1020 1140 1172 1193 quam
1200 1139 1290 1193 ego
1319 1121 1450 1175 dabo
1494 1122 1592 1189 ipsi
1618 1162 1632 1185 ,
1665 1136 1765 1172 non
1794 1120 1923 1173 sitiet
1963 1120 2017 1173 in

456 1217 589 1271 omni
606 1216 825 1268 sa’culo:
855 1214 941 1267 sed
982 1230 1116 1283 aqua
1160 1229 1309 1281 quam
1346 1212 1443 1281 ipsi
1487 1211 1636 1271 dabo,
1689 1210 1923 1279 efficietur
1964 1210 2017 1263 in

454 1308 564 1375 ipso
619 1309 731 1374 fans
784 1314 931 1372 atque
974 1304 1207 1356 scatentis
1262 1304 1312 1355 in
1351 1302 1501 1353 vitam
1551 1307 1808 1352 mternam.
1868 1295 2017 1362 Quod

459 1395 704 1451 Christus
728 1394 968 1448 Salvator
994 1392 1153 1465 (Ibid.
1182 1391 1274 1463 42)
1302 1410 1312 1444 :
1352 1390 1416 1444 Et
1443 1391 1649 1453 scimus,
1678 1390 1912 1460 quoniam
1929 1389 2022 1442 iste

461 1497 532 1540 est
563 1485 800 1539 Salvator
827 1484 1018 1536 mundi.
1040 1483 1189 1549 Quod
1218 1482 1353 1537 ﬁlius
1378 1483 1466 1535 Dei
1497 1491 1577 1535 est
1604 1479 1780 1547 (Joan.
1803 1496 1858 1545 ν,
1880 1478 1968 1543 17)
2001 1495 2013 1531 :

465 1576 620 1629 Pater
669 1590 804 1626 meus
854 1589 1009 1643 usque
1060 1590 1192 1626 nunc
1228 1582 1481 1642 operatur.
1526 1570 1656 1637 Quis
1698 1571 1797 1624 hoc
1849 1568 2021 1624 dicit?

2105 394 2229 446 viret
2265 395 2316 447 in
2342 394 2604 447 sa'culum.
2634 394 2832 449 Cuncta
2873 396 2973 450 ista
3014 411 3171 451 unam
3212 394 3574 450 substantiam
3614 393 3684 447 si-

2107 484 2360 554 gniﬁcant
2390 503 2402 540 :
2438 486 2502 540 Et
2532 486 2731 542 idcirco
2760 487 2888 542 dicit
2927 487 3083 543 Iesus
3120 489 3262 559 quod
3298 488 3533 557 desuper
3579 494 3681 551 est,

2109 579 2198 649 qui
2225 579 2350 634 dicit
2387 580 2483 634 ista
2532 581 2691 652 (Ibid.
2722 581 2811 650 65)
2842 598 2855 635 :
2885 582 2944 637 Si
2973 583 3128 651 igitur
3153 583 3382 636 videritis
3406 582 3572 649 ﬁlium
3601 580 3686 631 ha-

2111 670 2259 722 minis
2290 671 2639 726 ascendentem
2672 671 2758 724 ubi
2785 672 2879 741 fuit
2913 672 3092 743 prius?
3118 672 3270 738 Quod
3300 670 3524 739 Spiritus
3552 670 3685 724 Deus

2111 769 2212 821 est,
2241 759 2437 814 dictum
2475 772 2556 813 est
2600 760 2778 829 (loan.
2816 776 2893 824 tv,
2924 761 3014 833 24)
3045 780 3058 817 :
3089 763 3319 832 Spiritus
3344 760 3485 815 Deus
3512 772 3601 814 est.
3628 760 3689 814 Et

2113 851 2252 919 quod
2284 850 2422 905 ﬁlius
2458 850 2675 920 Spiritus
2696 862 2777 906 est
2821 852 3120 917 viviﬁcans,
3157 852 3297 922 quod
3327 852 3430 905 ista
3467 851 3599 905 ﬁdes
3626 850 3690 903 sit

2115 942 2343 1009 perlecta
2370 941 2420 993 in
2439 940 2730 1006 Christum,
2750 941 2877 997 dicit
2904 942 3089 997 Petrus
3109 940 3289 1011 (Joan.
3316 957 3371 994 vt
3394 982 3409 1005 ,
3439 940 3533 1003 69,
3562 940 3686 1007 70):

2126 1030 2341 1084 Verbum
2368 1033 2482 1085 vitae
2501 1044 2701 1087 (eterna:
2725 1033 2906 1086 habes:
2934 1042 2979 1087 et
3000 1049 3092 1086 uos
3124 1031 3380 1085 credimus
3412 1032 3465 1082 in
3491 1040 3557 1089 te,
3580 1027 3689 1081 Do-

2117 1124 2270 1188 mine,
2294 1125 2530 1190 quoniam
2555 1134 2607 1178 tu
2635 1140 2686 1178 es
2711 1123 2943 1180 Christus
2975 1126 3109 1191 ﬁlius
3150 1122 3262 1177 Dei.
3294 1122 3435 1191 Quid
3467 1131 3551 1175 est
3582 1138 3693 1174 ver-

2117 1218 2241 1275 bum
2264 1217 2385 1271 vitre
2411 1219 2662 1271 interna}?
2690 1218 2939 1285 quoniam
2971 1216 3151 1287 siquis
3180 1226 3231 1271 te
3258 1215 3443 1279 audit,
3476 1214 3616 1267 vivet
3644 1214 3694 1266 in

2119 1318 2399 1362 internum.
2457 1308 2608 1375 Quod
2640 1324 2668 1362 a
2716 1309 2823 1363 Deo
2867 1307 3044 1379 (Joan.
3095 1323 3205 1372 vn,
3248 1307 3319 1361 29
3347 1307 3365 1375 )
3395 1324 3407 1357 :
3434 1304 3548 1375 Ego
3594 1306 3691 1357 scio

2119 1400 2305 1469 ipsum,
2328 1400 2463 1467 quod
2477 1400 2538 1454 ab
2560 1401 2669 1470 ipso
2697 1417 2826 1455 sum.
2844 1399 2994 1467 Quod
3013 1398 3301 1453 substantia
3322 1397 3490 1467 patris
3509 1394 3692 1450 Chris-

2123 1500 2205 1545 tus
2239 1490 2418 1559 (Joan.
2442 1507 2554 1558 XlV,
2592 1493 2676 1555 10,
2702 1491 2790 1563 Η)
2822 1513 2835 1547 :
2863 1492 3039 1563 Egoin
3060 1502 3220 1561 patre,
3248 1501 3295 1544 et
3323 1500 3471 1559 pater
3510 1492 3560 1542 in
3593 1505 3687 1541 me.

2126 1582 2237 1637 lloc
2268 1598 2369 1636 non
2402 1598 2493 1651 per
2520 1582 2827 1653 dignitatem
2854 1584 3047 1648 solum,
3081 1582 3174 1638 sed
3198 1598 3291 1652 per
3320 1581 3689 1636 substantiam.

459 1665 720 1720 Christus.
763 1664 890 1730 Quae
920 1663 1246 1731 blasphemia
1277 1662 1463 1730 ipsius,
1493 1671 1694 1731 patrem
1722 1660 1901 1715 dicere
1932 1659 2023 1728 qui

2145 1673 2185 1729 5i
2206 1673 2345 1728 enim
2372 1690 2467 1745 per
2522 1674 2829 1743 dignitatem
2870 1675 3064 1739 solum,
3109 1672 3374 1742 quomodo
3416 1672 3535 1741 ipse
3574 1670 3698 1725 dicit

467 1772 571 1810 non
610 1754 676 1808 sit
710 1755 894 1823 pater?
919 1769 1037 1823 quze
1065 1754 1141 1808 ira
1168 1754 1470 1809 Iudaeorum
1501 1752 1659 1823 (Ibid.
1690 1750 1778 1823 18)
1807 1751 2024 1806 audien-

464 1846 596 1899 tium
628 1853 829 1914 patrem
858 1845 1041 1908 Deum,
1071 1854 1123 1898 et
1152 1844 1490 1898 irascentium
1514 1843 1567 1896 in
1598 1859 1741 1907 eum,
1763 1843 1854 1913 qui
1873 1843 2023 1906 dixit,

472 1935 612 2006 quod
644 1936 780 1989 ﬁlius
797 1946 938 1990 esset
960 1935 1073 2000 Dei,
1105 1950 1223 1989 cum
1244 1951 1345 1988 non
1368 1945 1510 1990 esset
1528 1934 1664 1989 ﬁlius
1683 1934 1802 1988 Dei:
1821 1934 1868 1989 si
1887 1934 2029 1989 enim

467 2040 570 2078 non
596 2024 803 2087 fuisset,
835 2040 935 2079 non
955 2024 1173 2079 diceret.
1196 2024 1298 2080 Sed
1317 2024 1470 2090 dixit,
1486 2035 1538 2080 et
1564 2024 1657 2078 Dei
1680 2025 1850 2079 cultor
1864 2024 2024 2091 dixit;

472 2114 697 2169 veritate
725 2113 881 2184 igitur
906 2114 1058 2180 dixit,
1081 2125 1134 2169 et
1151 2114 1345 2169 idcirco
1372 2113 1713 2170 incredulitas
1728 2113 2030 2169 Iudaeorum

473 2204 712 2273 punitur.

542 2295 631 2349 Vl.
689 2295 816 2350 Post
867 2295 998 2361 ista,
1053 2295 1226 2350 omnis
1276 2296 1553 2367 responsio
1591 2294 1656 2349 ad
1699 2294 1941 2357 Iudaeos,
1982 2302 2037 2349 et

475 2388 638 2441 ﬁlium
690 2386 975 2454 Christum,
1028 2397 1080 2441 et
1126 2397 1324 2455 patrem
1368 2389 1528 2441 Deum
1579 2386 1811 2440 declarat
1864 2382 2033 2454 (Ibid.

479 2478 704 2545 19-21):
739 2478 863 2542 Qua:
904 2480 1021 2548 facit
1052 2487 1212 2546 pater,
1241 2488 1285 2530 et
1314 2494 1403 2547 ego
1431 2478 1603 2547 facio:
1628 2494 1726 2529 non
1755 2478 1874 2545 facit
1901 2477 2040 2543 ﬁlius

478 2585 508 2620 a
534 2570 819 2635 semetipso,
843 2568 939 2620 nisi
966 2568 1139 2619 viderit
1170 2577 1362 2635 patrem
1390 2569 1649 2637 facientem
1675 2582 1691 2619 :
1719 2576 1863 2635 pater
1908 2568 2039 2620 enim

478 2667 613 2710 amat
657 2656 867 2725 filium:
917 2658 1126 2710 suscitat
1180 2665 1320 2725 pater
1366 2673 1396 2707 a
1450 2656 1692 2720 mortuis,
1743 2658 1948 2708 suscitat
1996 2666 2041 2708 et

482 2751 638 2817 ﬁlius.
667 2749 824 2817 (Ibid.
848 2747 970 2819 26):
1001 2748 1160 2801 Habet
1186 2759 1325 2816 pater
1341 2748 1489 2800 vitam
1513 2748 1564 2800 in
1593 2747 1875 2816 semetipso,
1901 2746 2042 2798 habet

482 2853 527 2894 et
557 2842 713 2908 ﬁlius.
758 2840 820 2892 Et
861 2839 1035 2891 omnii
1074 2838 1284 2891 deinde.
1313 2839 1459 2905 Quod
1480 2840 1620 2910 λόγος
1644 2838 1796 2900 ﬁlius,
1831 2845 1883 2890 ct
1909 2836 2044 2888 ﬁlius

482 2930 721 2985 Christus
748 2930 903 2998 (Ibid.
933 2930 1055 2999 38):
1085 2930 1150 2983 Et
1179 2931 1320 3003 λόγον
1350 2932 1457 3001 ejus
1484 2947 1582 2982 non
1610 2929 1847 2981 habebitis
1873 2930 1923 2980 in
1952 2942 2040 2979 vo-

2131 1764 2291 1835 (Ibid.
2322 1766 2411 1836 28)
2441 1784 2453 1819 :
2484 1765 2638 1820 Pater
2671 1782 2808 1819 meus
2830 1768 2992 1836 major
3021 1782 3095 1819 me
3115 1775 3185 1818 est
3212 1781 3231 1819 :
3248 1773 3303 1819 et
3330 1775 3484 1834 pater
3510 1764 3697 1829 mittat,

2131 1854 2367 1909 mittatur
2396 1854 2571 1909 ﬁlius?
2620 1854 2825 1910 Rursus
2856 1863 3033 1910 autem
3066 1855 3221 1909 datur
3251 1854 3362 1909 ﬁlio
3392 1869 3423 1908 a
3446 1865 3592 1923 patre
3619 1854 3702 1909 di-

2134 1943 2310 2013 gnitas
2340 1962 2352 1996 :
2383 1945 2683 1999 Secundqu
2705 1945 2805 1998 hoc
2829 1945 2989 2015 igitur
3018 1955 3167 2014 pater
3195 1945 3247 1999 in
3277 1943 3411 1997 ﬁlio.
3444 1943 3708 2013 Numquid

2133 2045 2185 2089 et
2218 2035 2353 2088 ﬁlius
2383 2035 2472 2090 dat
2496 2034 2809 2105 dignitatem
2849 2035 3013 2104 patri,
3048 2052 3151 2089 non
3199 2035 3419 2089 habenti
3466 2034 3709 2089 substan-

2136 2125 2299 2181 tiam?
2330 2126 2492 2196 Igitur
2517 2136 2569 2181 et
2592 2138 2740 2196 pater
2767 2126 2819 2181 in
2847 2126 2977 2191 ﬁlio,
3013 2135 3066 2183 et
3094 2124 3232 2181 ﬁlius
3258 2127 3312 2181 in
3347 2138 3525 2195 patre.

2205 2217 2337 2272 Vill.
2366 2218 2469 2273 Sed
2498 2218 2619 2271 ista.
2662 2219 2727 2273 Et
2764 2219 2955 2274 iterum
2982 2217 3126 2287 quod
3170 2218 3285 2287 ipse
3321 2217 3596 2285 Christus,
3626 2217 3711 2287 qui

2139 2309 2276 2364 ﬁlius
2307 2310 2490 2380 patris,
2523 2321 2577 2365 et
2605 2310 2719 2380 ipse
2748 2322 2829 2364 est
2873 2309 3096 2378 Spiritus
3136 2319 3350 2364 sanctus
3396 2308 3586 2379 (Joan.
3614 2326 3706 2373 vn,

2138 2400 2227 2465 57,
2251 2398 2339 2470 38)
2365 2398 2545 2453 :Jesus
2568 2400 2751 2464 stabat,
2773 2410 2819 2452 et
2841 2398 3089 2452 clamabat
3112 2414 3130 2451 :
3160 2398 3219 2453 Si
3247 2401 3356 2467 quis
3385 2409 3457 2451 est
3481 2400 3571 2468 qui
3591 2398 3709 2463 sitit,

2140 2494 2303 2547 veniat
2331 2503 2373 2546 et
2392 2492 2547 2545 bibat.
2590 2493 2690 2556 Qui
2720 2493 2876 2545 credit
2903 2493 2955 2544 in
2986 2509 3082 2555 me,
3123 2491 3553 2555 quemadmodum
3589 2492 3713 2543 dixit

2141 2586 2417 2653 scriptura,
2449 2585 2660 2652 ﬂumina
2676 2599 2739 2636 ex
2759 2592 2924 2636 ventre
2950 2584 3111 2651 ipsius
3138 2594 3347 2635 manant
3379 2599 3528 2650 aqua:
3554 2584 3715 2635 uiren-

2145 2676 2227 2727 tis.
2261 2675 2351 2729 Est
2374 2674 2496 2728 illud
2530 2674 2743 2743 quidem
2776 2674 2974 2727 dictum
3006 2674 3071 2728 de
3102 2673 3195 2727 illo
3224 2673 3313 2742 qui
3342 2673 3536 2742 acripit
3565 2673 3715 2742 spiri-

2147 2777 2285 2830 tum;
2333 2766 2421 2835 qui
2458 2766 2725 2835 accipiens
2759 2766 3000 2836 spiritum
3042 2764 3271 2819 efﬁcitur
3296 2776 3504 2830 vcntcr,
3552 2767 3714 2820 effun-

2146 2857 2276 2912 dens
2320 2857 2532 2910 ﬁumina
2585 2873 2731 2926 aqua?
2770 2856 3013 2911 viventis.
3068 2857 3161 2910 Dat
3211 2868 3388 2911 autem
3444 2858 3584 2911 hunc
3614 2855 3713 2923 spi-

2148 2947 2304 2999 ritum
2355 2946 2623 3009 Christus;
2678 2947 2766 2999 dat
2806 2957 2860 3000 et
2899 2962 3085 3015 aquam
3134 2948 3396 3000 viventem
3428 2987 3442 3010 ,
3508 2958 3561 3000 ut
3609 2949 3711 3013 ipse

485 3022 558 3073 bis
584 3031 885 3083 manentem,
923 3022 1159 3085 quoniam
1212 3035 1355 3087 quem
1385 3020 1517 3071 misit
1546 3020 1652 3083 ille,
1693 3020 1790 3085 ipsi
1824 3034 1908 3070 vos
1947 3032 2044 3068 non
2071 3020 2116 3082 ο
2149 3039 2297 3101 ὥρη.
2340 3038 2595 3107 summa
2646 3037 2713 3092 de
2758 3038 2944 3107 spiritu
2988 3038 3119 3091 dixit
3149 3037 3308 3090 istud.
3338 3036 3537 3091 venter
3564 3037 3711 3106 igitur

485 3115 704 3167 creditis.
736 3114 884 3178 Quod
915 3113 1052 3165 ﬁlius
1083 3111 1260 3183 (Joan.
1286 3128 1358 3175 γι,
1392 3112 1459 3163 32
1492 3110 1546 3181 ):
1600 3109 1749 3162 Pater
1785 3126 1921 3162 mens
1960 3108 2047 3160 dat

485 3205 619 3257 vobis
672 3220 847 3271 panem
894 3202 955 3254 de
995 3203 1117 3254 carlo
1177 3217 1365 3263 ctum.
1438 3199 1588 3266 Quod
1652 3198 1891 3253 Christus
1944 3212 2048 3250 non

485 3295 551 3349 ab
580 3294 793 3347 homine
822 3293 979 3345 homo
1027 3291 1199 3361 (Ibid.
1253 3291 1390 3359 53):
1449 3289 1608 3342 Panis
1655 3290 1783 3341 enim
1828 3303 1890 3341 ea:
1941 3286 2050 3340 Deo

488 3397 598 3449 est,
642 3387 727 3455 qui
779 3385 1029 3437 descendit
1082 3384 1142 3436 de
1186 3382 1329 3436 ctelo.
1377 3382 1525 3448 Quod
1576 3381 1684 3435 vita
1726 3399 1738 3433 :
1783 3380 1846 3434 Et
1897 3382 2050 3433 vitam

490 3476 617 3529 dans
665 3475 870 3527 mundo.
919 3473 984 3527 Et
1030 3482 1206 3542 postea
1247 3471 1373 3524 dicit
1419 3470 1579 3537 (Ibid.
1617 3470 1746 3541 55):
1783 3470 1891 3540 Ego
1936 3485 2048 3522 sum

491 3570 637 3636 panis
660 3567 791 3618 vitae.
818 3566 966 3631 Quod
994 3579 1058 3617 ex
1089 3564 1194 3617 Deo
1217 3561 1378 3635 (Ibid.
1404 3560 1494 3633 46)
1522 3579 1534 3616 :
1562 3560 1679 3615 Non
1712 3562 1833 3615 vidit
1859 3572 2053 3630 patrem

493 3657 699 3725 aliquis,
730 3655 827 3707 nisi
855 3654 938 3722 qui
961 3663 1033 3707 est
1054 3670 1085 3705 a
1112 3662 1271 3722 patre.
1302 3653 1453 3717 Quod
1482 3662 1631 3721 pater
1661 3659 1717 3706 et
1743 3650 1881 3703 ﬁlius
1917 3650 2054 3705 alius

494 3746 547 3800 in
569 3745 673 3800 alio
694 3743 851 3815 (Ibid.
886 3744 976 3812 58)
1005 3759 1017 3794 :
1052 3742 1215 3797 Sicuti
1240 3744 1372 3795 misit
1398 3758 1474 3794 me
1502 3743 1667 3795 vivens
1693 3752 1851 3809 pater.
1874 3742 1930 3797 Si
1950 3742 2054 3796 vita

498 3836 659 3903 ﬁlius,
688 3835 869 3889 vivens
900 3844 1065 3902 pater,
1096 3831 1235 3887 ﬁlius
1261 3833 1313 3886 in
1344 3844 1527 3902 patre:
1556 3832 1711 3887 sicuti
1740 3832 1878 3887 enim
1903 3836 2056 3902 quale

496 3929 645 3999 prius
669 3936 784 3993 est,
812 3926 1003 3981 deinde
1028 3924 1283 3994 qualitas;
1311 3925 1388 3979 sic
1428 3924 1609 3979 vivens
1651 3924 1855 3996 primus
1884 3926 2021 3980 Deus
2039 3967 2053 3991 ,

497 4020 576 4074 sic
620 4018 745 4073 vita.
788 4016 890 4083 Qui
936 4015 1075 4071 enim
1119 4015 1301 4084 genuit
1336 4014 1513 4079 vitam,
1554 4015 1736 4070 vivens
1771 4030 1850 4070 est
1883 4034 1896 4069 :
1929 4016 2059 4071 vivit

496 4111 604 4166 vita
634 4126 663 4164 a
696 4109 905 4163 vivente
934 4120 1104 4178 patre.
1132 4109 1243 4160 Non
1272 4104 1414 4160 cnim
1442 4116 1564 4161 ante
1594 4107 1719 4171 vita,
1744 4117 1798 4161 et
1822 4107 1899 4162 sic
1918 4108 2058 4163 Deus

498 4202 708 4265 vivens,
739 4200 831 4255 sed
873 4200 1012 4253 Deus
1044 4197 1230 4252 vivens
1278 4196 1443 4267 prior.
1489 4196 1578 4251 Sic
1623 4196 1749 4262 vita,
1779 4207 1833 4252 et
1870 4197 1948 4251 sic
1973 4198 2057 4252 vi-

498 4305 629 4346 vens
663 4290 788 4343 vita.
831 4288 899 4342 Et
936 4287 1133 4341 idcirco
1179 4286 1372 4341 deinde
1413 4286 1543 4341 dicit
1594 4284 1779 4357 (Ibid.)
1813 4303 1826 4339 :
1860 4286 1927 4340 Et
1966 4304 2056 4359 ego

2150 3131 2239 3201 qui
2283 3130 2471 3198 accipit
2510 3130 2783 3199 Spiritum,
2820 3141 2871 3184 et
2902 3131 3013 3198 ipse
3058 3130 3277 3197 Spiritus
3317 3140 3523 3192 venter,
3562 3146 3587 3180 a
3614 3143 3710 3196 quo

2153 3233 2366 3275 Inanant
2404 3222 2617 3276 ﬁumina
2665 3222 3117 3295 aqucegviventis:
3146 3221 3284 3275 sicut
3325 3221 3583 3289 sciiptura
3636 3219 3710 3272 dio

2151 3314 2224 3367 cit
2258 3314 2415 3385 (Ibid.
2445 3313 2537 3383 59)
2570 3331 2581 3364 :
2621 3312 2730 3366 Hoc
2757 3323 2921 3365 autem
2948 3313 3074 3366 dixit
3094 3313 3155 3364 de
3175 3312 3355 3381 spiritu
3384 3328 3529 3380 quem
3556 3310 3707 3381 futuri

2152 3414 2292 3457 erant
2317 3405 2540 3472 accipere
2558 3402 2813 3457 credentes
2840 3404 2893 3455 in
2932 3402 3096 3469 ipsum
3142 3418 3159 3455 :
3188 3402 3414 3454 nondum
3454 3403 3580 3454 enim
3612 3402 3707 3466 spi-

2152 3496 2281 3547 ritus
2328 3503 2434 3547 erat
2460 3494 2627 3557 datus,
2663 3494 2780 3561 quia
2809 3492 2960 3546 Jesus
2986 3492 3211 3545 nondum
3246 3503 3349 3545 erat
3380 3490 3704 3561 glori/iratus.

2155 3583 2261 3639 Sed
2285 3598 2491 3637 rursum
2514 3581 2701 3637 iterum
2729 3582 2944 3635 ﬁumina
2972 3582 3211 3650 Spiritus,
3237 3593 3423 3635 venter
3449 3592 3620 3634 autem
3646 3596 3706 3634 ex

2154 3689 2260 3744 quo
2308 3672 2523 3727 ﬁumina
2572 3672 2756 3736 Jcsus;
2806 3670 2959 3725 Jesus
3007 3670 3146 3726 enim
3195 3680 3278 3725 est
3324 3669 3561 3740 spiritus.
3599 3669 3705 3723 Jam

2154 3781 2280 3836 ergo
2300 3767 2451 3821 Iesus
2464 3777 2645 3821 venter
2660 3765 2727 3819 de
2751 3778 2853 3833 quo
2883 3763 3095 3817 ﬁumina
3126 3763 3365 3833 spiritus.
3381 3762 3547 3818 Sicuti
3570 3762 3701 3815 enim

2156 3874 2183 3911 a
2214 3858 2416 3928 gremio
2440 3857 2630 3926 patris,
2657 3866 2709 3910 et
2739 3855 2790 3909 in
2817 3856 3021 3926 gremio
3043 3856 3219 3920 ﬁlius;
3257 3855 3335 3909 sic
3363 3871 3391 3908 a
3419 3865 3599 3909 ventre
3622 3852 3709 3906 lilii

2156 3948 2405 4018 Spiritus;
2454 3948 2719 4019 ὁμοούσιον
2765 3961 2893 4014 ergo
2943 3955 3083 4007 tres;
3110 3956 3163 4001 et
3205 3946 3404 3999 idcirco
3442 3944 3495 3997 iu
3550 3942 3708 3995 omni-

2157 4041 2256 4094 bus
2303 4054 2437 4093 unus
2493 4038 2649 4091 Deus.
2701 4035 2851 4103 Quod
2890 4052 2993 4089 non
3048 4034 3117 4089 sit
3165 4050 3231 4089 ex
3280 4033 3478 4087 mundo
3525 4033 3728 4105 (lauru.

2158 4147 2268 4193 vttt,
2293 4132 2346 4198 '5)
2379 4146 2392 4183 :
2425 4127 2535 4200 Ego
2570 4144 2678 4181 sum
2714 4128 2881 4180 lumen
2900 4127 3096 4192 mundi;
3128 4135 3340 4195 propter
3367 4125 3542 4194 ipsum
3570 4124 3699 4177 enim

2157 4220 2283 4274 vi\it
2323 4217 2565 4281 mundus,
2613 4231 2673 4271 ac
2713 4216 2856 4270 vivet
2894 4216 3141 4286 quamdiu
3181 4214 3445 4270 obedierit
3469 4214 3537 4269 ei.
3566 4213 3706 4281 Quod

2158 4325 2342 4365 omnes
2377 4318 2484 4364 tres
2519 4306 2752 4378 spiritus,
2779 4308 2886 4375 jam
2916 4307 3041 4361 dixit
3076 4307 3251 4376 (Joan.
3284 4322 3358 4370 tv,
3390 4307 3461 4361 ‘24
3492 4308 3545 4377 ):
3578 4306 3705 4358 Deus

500 4384 608 4435 vivo
630 4390 832 4449 prapter
859 4389 1070 4448 patrem.
1104 4377 1242 4445 Ergo
1268 4385 1320 4429 et
1351 4385 1495 4444 pater
1532 4376 1585 4429 in
1632 4375 1765 4443 ipso.
1812 4375 1963 4443 Quod
2006 4393 2034 4432 e

2159 4402 2367 4471 spiritus
2388 4410 2478 4454 est.
2593 4374 2891 4453 dicentibus
2912 4374 3220 4468 quibusdam
3252 4396 3430 4467 (Joau.
3456 4374 3569 4458 vin,
3592 4398 3712 4465 19):

503 4472 653 4544 panis
685 4480 795 4535 est,
827 4480 880 4523 et
905 4467 1009 4521 vita
1047 4465 1234 4537 (Ibid.)
1263 4482 1275 4517 :
1303 4464 1369 4517 Et
1393 4466 1477 4533 qui
1498 4467 1679 4534 accipit
1710 4483 1805 4534 me,
1828 4468 1916 4521 ille
1934 4468 2062 4521 uiuet

504 4574 705 4638 propter
743 4578 821 4615 me
865 4558 1026 4631 (Ibid.
1048 4558 1159 4629 59).
1183 4556 1285 4610 Hic
1312 4567 1381 4610 est
1421 4557 1565 4626 panis
1606 4557 1668 4610 de
1709 4559 1834 4612 caelo
1861 4559 2063 4613 descen-

505 4656 783 4712 dens:Non
796 4654 944 4706 sicuti
972 4659 1134 4720 patres
1161 4649 1310 4701 vestri
1334 4647 1780 4715 manducaverunt,
1808 4658 1854 4702 et
1880 4651 2065 4703 mortui

505 4757 643 4813 sunt,
673 4744 981 4798 manducans
1005 4742 1159 4794 istum
1188 4755 1367 4809 panem
1404 4739 1527 4793 uiuet
1551 4740 1604 4792 in
1636 4756 1781 4794 omne
1800 4741 2061 4795 sarculum.

579 4854 688 4910 Vll.
716 4850 978 4921 Numquid
1009 4851 1168 4905 homo
1193 4849 1292 4904 ista
1315 4848 1443 4903 dicit
1460 4849 1527 4903 de
1551 4849 1854 4921 semetipso,
1879 4850 1969 4921 qui
1995 4852 2064 4906 sit

505 4946 676 5003 solum
718 4942 910 4999 homo?
948 4941 995 4996 si
1023 4941 1162 4995 enim
1192 4939 1350 4994 hOIIIO
1377 4940 1473 4993 ista
1498 4940 1660 5007 dicit,
1708 4941 2061 5010 blasphemat,

506 5048 559 5094 et
587 5038 761 5105 (Joan.
796 5051 845 5089 ιι
865 5077 879 5101 ,
911 5033 999 5103 δι)
1027 5042 1285 5102 peccantes
1326 5031 1460 5085 Deus
1486 5049 1585 5086 non
1607 5033 1771 5087 audit.
1815 5033 2061 5090 Sedenim

504 5126 631 5182 dicit
674 5124 916 5181 Christus
963 5122 1103 5193 quod
1153 5120 1331 5176 audiat
1378 5121 1528 5177 illum
1578 5124 1717 5179 Deus
1748 5141 1763 5178 :
1792 5123 1907 5180 Non
1937 5140 2063 5196 ergo

507 5229 775 5288 peccator,
805 5229 977 5284 neque
991 5213 1168 5267 homo.
1190 5211 1257 5266 Et
1292 5212 1489 5268 dictum
1511 5226 1591 5269 est
1614 5214 1787 5285 (Psal.
1812 5231 1937 5283 cvn,
1961 5217 2016 5287 5)
2044 5235 2059 5273 :

517 5308 659 5361 Vana
702 5323 816 5375 spes
849 5307 902 5358 in
946 5304 1219 5358 hominem.
1259 5304 1323 5357 Et
1364 5303 1556 5357 dicitur
1595 5304 1764 5375 (Psal.
1818 5322 1926 5371 ιη,
1957 5307 2058 5376 8):

508 5397 619 5452 Nos
649 5410 762 5449 vero
798 5395 849 5447 in
896 5392 1059 5446 Deum
1082 5401 1309 5445 nostrum
1344 5408 1621 5458 speramus.
1665 5392 1908 5449 Christus
1937 5409 2064 5464 ergo

509 5492 669 5553 Deus,
696 5502 802 5541 non
827 5487 894 5540 ab
913 5484 1013 5538 alia
1044 5482 1339 5539 substantia
1387 5480 1573 5553 (Joan.
1600 5499 1672 5548 v1,
1705 5482 1795 5555 58)
1829 5502 1841 5540 :
1887 5485 2062 5543 Vivens

506 5588 663 5651 pater,
694 5589 737 5633 et
754 5591 843 5646 ego
867 5575 975 5630 uiuo
1002 5582 1203 5643 propter
1223 5580 1432 5641 patrem.
1455 5571 1522 5625 Et
1546 5570 1720 5642 (Joan.
1735 5572 1923 5640 πίω,
1939 5572 2061 5643 48)τ

2167 4493 2265 4549 Ubi
2291 4508 2360 4548 est
2384 4502 2525 4563 pater
2549 4491 2699 4545 tuus?
2722 4490 2855 4545 dixit
2884 4508 2897 4542 :
2931 4489 3108 4558 Neque
3129 4508 3205 4544 me
3236 4492 3410 4555 nostis,
3444 4507 3603 4557 neque
3629 4507 3714 4558 pa-

2165 4597 2289 4641 trem
2333 4600 2533 4639 meum:
2561 4583 2622 4639 Si
2660 4599 2735 4636 me
2768 4584 2957 4637 sciretis
2982 4623 2996 4647 ,
3036 4583 3162 4636 scire
3210 4584 3418 4650 possetis
3461 4592 3508 4635 et
3539 4593 3720 4650 patrem

2166 4692 2348 4730 meum.
2402 4673 2633 4744 Spiritus
2671 4682 2843 4727 autem
2898 4682 3109 4727 sanctus
3143 4671 3371 4741 Spiritus
3416 4670 3718 4735 manifeste;

2165 4765 2264 4819 ista
2312 4773 2487 4818 autem
2528 4761 2704 4817 omnia
2760 4770 2813 4817 et
2850 4770 3017 4833 pater,
3056 4771 3111 4816 et
3138 4777 3200 4815 cx
3245 4771 3432 4830 patre:
3466 4761 3722 4833 ὁμωύσιω

2166 4870 2308 4925 ergo.
2344 4854 2457 4909 Non
2490 4854 2630 4908 enim
2662 4851 2878 4923 spiritus
2909 4861 2965 4907 ut
2990 4850 3115 4908 alii:
3141 4850 3222 4905 illi
3246 4850 3386 4905 enim
3418 4866 3446 4902 a
3473 4852 3600 4914 Deo,
3623 4867 3720 4903 non

2167 4962 2235 5002 ex
2269 4947 2405 5000 Deo:
2438 4944 2698 5017 ὁμοοόσιον
2724 4943 2884 5014 igitur
2928 4942 3026 4997 ista
3064 4941 3181 4996 tria.
3212 4941 3362 5009 Quod
3393 4941 3531 4994 ﬁlius
3558 4955 3710 4995 verus

2170 5038 2349 5111 (Joan.
2388 5052 2494 5103 xvi,
2521 5036 2609 5101 27,
2639 5035 2709 5089 ‘28
2736 5039 2791 5103 ):
2825 5033 2935 5104 Ego
2959 5033 3097 5088 enim
3137 5050 3199 5087 ea:
3242 5032 3349 5086 Deo
3384 5034 3535 5099 exivi,
3567 5043 3623 5084 ut
3659 5040 3716 5085 ex

2171 5125 2370 5197 gremio
2398 5126 2583 5195 patris,
2614 5134 2659 5178 et
2685 5125 2890 5177 advenio
2915 5126 2964 5175 in
2987 5122 3248 5176 mundum.
3267 5121 3416 5187 Quod
3442 5132 3715 5191 antequam

2170 5218 2222 5272 in
2252 5232 2409 5272 carne
2458 5226 2629 5282 esset,
2674 5224 2789 5269 erat
2821 5212 3097 5284 Christus(
3127 5212 3282 5267 Joan.
3305 5228 3416 5278 vm,
3459 5212 3559 5276 56,
3589 5214 3711 5280 58):

2170 5308 2442 5372 Abraham,
2462 5315 2601 5374 pater
2617 5315 2794 5371 vester,
2825 5302 3086 5357 (tutabatur
3104 5312 3159 5356 ut
3174 5303 3357 5355 videret
3385 5302 3515 5354 diem
3534 5315 3713 5353 meum:

2170 5411 2215 5453 et
2252 5398 2372 5452 uidit
2408 5408 2455 5452 et
2494 5398 2690 5465 gauisus
2719 5406 2810 5449 est.
2852 5396 2919 5450 Et
2946 5410 3126 5449 rursus
3152 5414 3165 5449 :
3194 5396 3319 5447 Ante
3355 5394 3606 5447 Abraham
3630 5408 3711 5461 ego

2168 5507 2297 5545 sum.
2331 5488 2478 5556 Quod
2533 5503 2635 5542 non
2680 5487 2836 5540 homo
2880 5485 3055 5557 (Joan.
3112 5484 3280 5553 ts,'5)
3314 5482 3480 5538 :Cum
3519 5500 3622 5538 sum
3663 5484 3708 5535 in

2167 5583 2373 5647 mundo,
2405 5581 2570 5635 lumen
2599 5597 2709 5634 sum
2741 5578 2933 5633 mundi.
2958 5576 3085 5646 Quis
3112 5587 3289 5632 autem
3309 5575 3457 5631 dedit
3476 5590 3613 5631 catco
3639 5572 3704 5626 ti-
