3950 6206
289 222 431 278 1045

1441 222 1809 281 ADVERSUS
1850 222 2067 280 ARIUM
2106 224 2317 282 LIBER
2351 224 2393 281 I.

3406 227 3543 286 {0I6

289 338 447 393 sum?
485 336 679 391 homo?
726 338 1051 406 impossibile
1092 356 1106 391 :
1147 348 1201 393 et
1246 353 1365 407 ego,
1402 339 1542 409 quod
1583 339 1721 393 ﬁlius
1774 337 1866 393 Dei
1893 336 1941 398 Α
1969 340 2174 405 cimus,
2224 339 2515 395 secundum
2561 349 2766 409 patrem
2809 341 2973 396 Deum
3024 342 3165 397 dicta
3213 353 3375 399 sunt:
3426 344 3539 398 Non

290 426 494 496 (Joan.,
519 444 594 493 1x,
617 428 840 497 55-37):
881 429 956 482 ’I‘u
981 430 1142 485 credis
1163 432 1215 483 in
1242 431 1408 497 ﬁlium
1430 430 1561 483 Dei?
1591 430 1865 499 Respondit

288 516 383 570 ille
399 534 418 570 .'
452 517 573 583 Quis
592 527 684 582 est,
706 516 943 584 Domine,
977 529 1029 571 ut
1046 520 1248 573 credam
1264 521 1317 573 in
1334 522 1483 573 eum?
1504 518 1647 573 Dixit
1663 520 1760 587 ipsi
1774 519 1866 573 Je-

288 621 379 659 sus
402 624 421 659 :
452 606 516 661 Et
558 608 727 660 vidisti
764 624 908 672 eum,
944 618 992 662 et
1019 610 1106 680 qui
1144 610 1365 679 loquitur
1389 619 1580 673 tecum,
1626 612 1732 678 ipse
1769 620 1862 663 est.

288 695 445 762 Quod
472 711 534 752 ex
565 697 748 753 eadem
772 700 1062 753 substantia
1087 710 1139 755 et
1166 699 1399 769 potentia
1432 700 1609 771 (Joan.
1640 717 1695 765 x,
1724 700 1814 770 30)
1848 718 1861 754 :

290 786 411 856 Ego
453 796 498 840 et
538 798 679 855 pater
719 804 875 842 unum
922 806 1112 844 sumus.
1162 792 1225 844 Et
1265 806 1450 846 rursus
1514 790 1712 861 (Joan.
1741 806 1863 857 xiv,

289 876 382 942 10,
414 877 499 936 ﬂ)
529 896 540 929 :
572 878 725 931 Pater
750 882 804 933 in
826 896 922 947 me,
954 890 999 933 et
1020 897 1110 950 ego
1137 880 1190 934 in
1216 882 1348 947 ipso.

362 965 455 1021 IX.
494 967 638 1022 Unde
662 968 860 1023 dictum
915 971 967 1024 in
1012 970 1177 1024 Paulo
1218 969 1475 1042 (Philipp.
1509 985 1567 1036 ll,
1621 969 1707 1040 6):
1762 970 1862 1035 Qui

292 1060 351 1111 in
384 1063 552 1128 forma
577 1059 674 1113 Dei
724 1063 961 1126 existens,
982 1077 1084 1115 non
1112 1062 1345 1130 rapinam
1357 1062 1629 1115 arbitratus
1645 1070 1739 1123 est,
1764 1076 1868 1115 esse

287 1164 344 1203 se
370 1151 613 1219 (aqualem
647 1150 773 1207 Deo.
814 1153 916 1206 lsta
945 1154 1101 1222 igitur
1125 1154 1425 1223 signiﬁcant
1461 1163 1515 1208 et
1544 1168 1699 1207 unam
1748 1166 1868 1207 esse

287 1240 661 1305 substantiam,
720 1252 776 1298 et
805 1257 962 1296 unam
1015 1244 1322 1311 potentiam.
1374 1243 1651 1311 Quomodo
1700 1243 1864 1307 enim,

288 1326 407 1399 Ego
429 1339 476 1382 et
501 1340 641 1397 pater
659 1348 817 1385 unum
833 1334 1046 1387 sumus?
1080 1344 1133 1388 et
1159 1333 1458 1403 quomodo,
1487 1332 1647 1386 Pater
1677 1333 1731 1385 in
1766 1348 1863 1397 me,

284 1427 336 1472 et
364 1436 455 1489 ego
482 1422 536 1474 in
561 1432 722 1491 patre,
749 1424 792 1477 si
816 1438 919 1479 non
949 1441 979 1480 a
1009 1435 1161 1494 patre
1190 1425 1541 1480 substantiam
1590 1424 1865 1480 habuisset

281 1519 339 1566 et
372 1512 687 1579 potentiam,
731 1515 938 1583 genitus
965 1515 1031 1569 de
1062 1524 1173 1569 toto
1225 1516 1405 1570 totus?
1462 1524 1518 1569 et
1563 1514 1855 1585 quomodo,

287 1598 413 1653 Non
438 1603 672 1670 rapinam
696 1603 970 1658 arbitratus
1000 1614 1101 1672 est,
1132 1607 1377 1676 aqualem
1400 1621 1508 1658 esse
1526 1606 1700 1677 patri?
1747 1604 1862 1659 Non

1967 432 2108 485 enim
2138 431 2363 486 mendax
2386 432 2547 497 Deus,
2582 449 2678 487 nec
2711 435 2925 503 impius,
2972 433 3138 488 ﬁlium
3166 450 3223 490 se
3259 436 3461 500 dicens,
3491 446 3545 489 et

1969 530 2170 588 patrem
2194 521 2355 574 Deum
2371 521 2457 589 qui
2472 522 2686 575 omnino
2701 538 2803 576 non
2822 532 2993 578 esset:
3012 523 3101 577 sed
3123 535 3335 593 propter
3350 540 3543 594 corpus

1969 613 2267 681 passionem
2291 612 2517 675 induxit,
2541 622 2598 666 ut
2620 613 2964 679 implerentur
2986 615 3165 667 omnia
3187 615 3239 668 iu
3263 616 3536 685 mysterio.

1966 702 2116 771 Quod
2167 715 2219 756 et
2258 714 2541 771 antequam
2584 702 2634 755 in
2666 718 2911 771 corpore,
2956 703 3053 758 fuit
3085 704 3328 759 Christus
3363 704 3537 775 (Joan.

1968 810 2060 858 xu,
2088 792 2182 860 28)
2213 810 2226 845 :
2274 792 2340 845 Et
2366 793 2669 863 gloriﬁcavi,
2707 803 2753 847 et
2781 810 2981 847 rursum
3002 796 3229 863 glori/iro
3260 813 3273 848 :
3306 796 3357 849 in
3396 810 3539 864 mys-

1969 882 2105 937 terio
2150 881 2292 935 enim
2326 883 2376 936 in
2421 896 2583 936 carne
2620 881 2915 936 humiliavit
2958 885 3323 952 semetipsum.
3396 885 3538 954 Ergo

1968 979 2090 1026 ante
2120 971 2257 1025 istud
2305 980 2357 1025 et
2386 978 2507 1040 post
2537 971 2675 1025 istud
2702 971 3028 1041 gloriﬁcatus
3056 982 3137 1026 est
3166 972 3337 1026 Jesus.
3391 973 3539 1039 Quod

1968 1068 2183 1129 propter
2210 1062 2517 1131 mysterium
2546 1070 2599 1115 et
2640 1062 2833 1115 timens
2860 1061 3145 1128 inducitur,
3178 1072 3233 1117 et
3263 1064 3535 1132 postulans

1969 1152 2143 1218 aliqua
2165 1150 2323 1223 (Ibid.
2349 1152 2439 1222 30)
2462 1172 2474 1207 :
2506 1151 2628 1206 Non
2656 1164 2860 1223 pr0pler
2888 1170 2965 1206 me
2991 1155 3121 1206 venit
3152 1155 3257 1206 hwc
3286 1170 3403 1219 vox,
3448 1156 3536 1208 sed

1968 1254 2171 1313 propter
2198 1260 2301 1297 vos.
2358 1244 2553 1298 Eadem
2582 1245 2828 1300 similiter
2854 1246 2955 1298 ista
2989 1244 3146 1309 facio,
3189 1260 3293 1303 non
3327 1253 3541 1314 propter

1968 1348 2076 1398 me,
2101 1333 2191 1387 sed
2227 1343 2442 1402 pr0pler
2469 1347 2584 1386 vos.

2040 1425 2128 1479 XI.
2158 1426 2306 1493 Quod
2331 1426 2469 1481 ﬁlius
2509 1428 2735 1481 hominis
2791 1428 2904 1495 ipse
2946 1425 3213 1492 Christus,
3257 1426 3434 1481 lumen
3486 1428 3537 1480 in

1968 1516 2167 1570 mundo
2198 1516 2343 1570 ﬁlius
2368 1517 2457 1570 Dei
2481 1526 2562 1570 est
2592 1515 2755 1587 (Ibid.
2784 1516 2871 1581 54,
2905 1515 2996 1585 55)
3025 1534 3037 1568 :
3068 1514 3179 1571 Nos
3201 1515 3485 1568 audivimus
3510 1531 3543 1567 a

1969 1606 2095 1676 lege,
2124 1606 2364 1675 quoniam
2391 1604 2622 1659 Christus
2645 1615 2811 1660 manet
2835 1606 2887 1658 in
2917 1614 3192 1659 ceternum:
3222 1615 3267 1658 et
3288 1604 3538 1673 quomodo

282 1691 433 1745 enim
461 1691 631 1746 dixit:
678 1692 792 1747 Non
820 1695 1104 1750 arbitratus
1133 1705 1217 1751 est
1243 1697 1499 1765 aequalem
1546 1710 1686 1760 esse,
1741 1695 1857 1761 sed,
1890 1687 1939 1747 B
1965 1698 2090 1752 dicis
2122 1708 2195 1761 tu,
2238 1697 2374 1761 quod
2413 1697 2573 1762 ﬁlium
2604 1696 2822 1750 hominis
2850 1706 3043 1765 oportet
3085 1696 3363 1763 altiﬁcari?
3415 1694 3537 1760 Quis

284 1778 411 1833 Non
439 1781 713 1836 arbitratus
730 1800 837 1837 esse
852 1786 1105 1849 rapinam.
1150 1784 1270 1839 Vult
1295 1799 1421 1854 ergo
1459 1783 1680 1839 inferior
1712 1799 1857 1849 esse,

282 1885 393 1925 non
424 1871 609 1926 volens
635 1874 871 1941 rapinam
893 1876 1140 1930 arbitrari
1170 1876 1427 1947 mqualem
1469 1891 1611 1931 esse.
1664 1876 1720 1930 lu
1746 1878 1860 1933 istis

278 1960 424 2016 enim
456 1963 697 2018 arbitrari
725 1976 826 2030 est,
884 1976 975 2020 aut
1017 1982 1123 2021 non
1173 1968 1419 2023 arbitrari
1461 1970 1698 2037 rapinam
1743 1983 1861 2023 esse

280 2051 566 2120 aequalem,
590 2069 708 2122 qua:
728 2064 850 2109 sunt
873 2056 1115 2124 mqualia.
1148 2056 1250 2111 Sed
1267 2058 1567 2127 putavimus
1579 2059 1859 2127 aequalem,

281 2143 578 2197 secundum
606 2145 894 2211 potentiam
919 2144 1118 2200 dictum
1148 2162 1286 2201 esse.
1347 2147 1582 2201 Primum
1626 2164 1730 2202 non
1778 2158 1863 2203 est

282 2231 414 2286 illud
441 2232 551 2287 Arii
573 2233 799 2303 dogma,
840 2236 981 2305 quod
1030 2237 1200 2306 major
1250 2245 1334 2292 est
1384 2247 1530 2307 pater
1583 2238 1855 2307 dignitate,

281 2326 537 2393 pOtentia,
567 2328 828 2395 claritate,
865 2328 1160 2395 divinitate,
1190 2330 1398 2384 actione
1427 2347 1441 2383 :
1472 2331 1695 2400 mqualia
1718 2331 1860 2385 enim

280 2415 422 2471 dixit
452 2434 464 2469 :
492 2428 545 2471 et
570 2418 614 2471 si
634 2417 927 2471 secundum
955 2418 1093 2473 istud
1122 2420 1366 2487 :equalia,
1425 2419 1751 2487 impossibile
1774 2436 1861 2475 se-

278 2506 516 2561 cundum
546 2506 686 2561 istud
713 2507 938 2575 aequalia
957 2522 1097 2572 esse,
1129 2508 1173 2562 si
1205 2525 1307 2562 non
1340 2518 1396 2562 et
1433 2510 1728 2562 substantia
1770 2524 1862 2565 ea-

279 2598 405 2652 dem
426 2636 443 2663 ,
494 2598 583 2651 Dei
626 2598 769 2652 enim
809 2598 998 2653 eadem
1036 2597 1153 2668 ipsa
1181 2609 1262 2655 est
1288 2609 1342 2654 et
1370 2602 1626 2669 potentia,
1655 2610 1708 2655 et
1737 2602 1861 2657 sub-

279 2689 496 2754 stantia,
528 2698 581 2743 et
608 2688 876 2752 divinitas,
921 2700 975 2742 et
1015 2691 1199 2744 actio:
1254 2690 1445 2744 Omnia
1483 2691 1627 2745 enim
1672 2706 1858 2757 unum,

282 2791 342 2837 et
364 2796 525 2835 unum
553 2782 797 2850 simplex.
849 2780 965 2835 Huc
991 2782 1218 2847 accedit,
1260 2782 1304 2835 si
1338 2782 1404 2835 ab
1435 2782 1540 2835 alia
1568 2782 1862 2836 substantia

279 2880 401 2927 erat
427 2872 583 2936 titius,
614 2881 669 2925 et
695 2872 739 2924 si
768 2872 997 2926 maxime
1018 2888 1085 2927 ex
1116 2871 1281 2925 nihilo
1304 2889 1319 2937 ;
1344 2888 1461 2941 quae
1490 2873 1581 2926 illa
1610 2874 1858 2927 substan-

281 2964 358 3018 tia
407 2964 646 3032 recipere
693 2965 877 3018 valens
928 2964 1056 3017 istas
1104 2964 1407 3020 divinitates
1456 2974 1510 3020 et
1560 2967 1861 3035 potentias?

1963 1799 2034 1843 est
2059 1789 2195 1856 ﬁlius
2228 1788 2465 1842 hominis.
2500 1786 2643 1840 Dixit
2670 1788 2793 1855 ipsis
2816 1786 3007 1841 Jesus:
3058 1787 3236 1838 Adhuc
3276 1785 3537 1853 paululum

1964 1892 2160 1949 tempus
2207 1879 2375 1933 lumen
2426 1879 2479 1931 in
2515 1878 2651 1931 vobis
2698 1885 2790 1931 est.
2840 1878 2904 1930 Et
2960 1876 3151 1930 deinde
3203 1874 3361 1946 (Ibid.
3395 1873 3532 1945 56):

1966 1970 2219 2037 Quamdiu
2275 1970 2442 2022 lumen
2496 1967 2707 2029 habetis,
2787 1967 2998 2020 credetis
3036 1967 3089 2018 in
3140 1964 3327 2028 lumen,
3354 1971 3407 2015 ut
3435 1963 3533 2030 ﬁlii

1963 2064 2166 2118 luminis
2190 2062 2503 2132 efﬁciamini.
2559 2061 2705 2127 Quod
2735 2060 2997 2131 ὁμοούσιος
3053 2059 3158 2111 Deo
3190 2054 3391 2127 (Joan.,
3419 2070 3527 2118 xtv,

1964 2154 2019 2220 6,
2049 2154 2137 2223 7):
2162 2152 2272 2223 Ego
2297 2167 2408 2205 sum
2433 2151 2535 2214 via,
2557 2160 2603 2203 et
2632 2152 2815 2204 veritas
2845 2159 2891 2203 et
2917 2151 3037 2202 vita.
3095 2146 3285 2199 Nullus
3313 2147 3442 2199 venit
3468 2151 3533 2197 ad

1964 2254 2179 2314 patrem,
2226 2244 2267 2297 si
2292 2258 2390 2295 non
2415 2257 2504 2311 per
2531 2256 2626 2293 me.
2689 2239 2749 2293 Si
2775 2239 3072 2310 cognovistis
3110 2254 3208 2303 me,
3262 2247 3307 2289 et
3345 2244 3535 2305 patrem

1961 2350 2127 2387 meum
2151 2331 2456 2404 cognoscetis
2487 2346 2501 2383 :
2532 2339 2586 2384 et
2614 2328 2797 2383 amodo
2836 2329 3134 2399 cognoscitis
3164 2328 3351 2394 ipsum,
3378 2334 3425 2378 et
3460 2325 3536 2377 vi-

1962 2424 2108 2477 distis
2138 2424 2325 2493 ipsum.
2358 2421 2422 2475 Et
2450 2434 2660 2474 rursum
2690 2420 2754 2473 ad
2786 2419 3086 2487 Philippum
3136 2415 3295 2487 (Ibid.
3325 2413 3379 2477 9,
3409 2412 3495 2479 10)
3520 2428 3531 2462 :

1967 2512 2067 2580 Qui
2097 2513 2220 2565 vidit
2250 2527 2348 2575 me,
2376 2510 2500 2563 vidit
2528 2519 2573 2563 et
2602 2518 2817 2577 patrem.
2853 2505 2974 2559 Non
3000 2506 3160 2557 credis
3189 2503 3321 2570 quod
3368 2517 3457 2571 ego
3484 2500 3536 2552 in

1964 2612 2127 2671 patre,
2156 2610 2200 2654 et
2226 2600 2440 2669 paterin
2466 2615 2545 2652 me
2566 2598 2679 2651 est?
2726 2597 2793 2650 Et
2837 2610 3020 2649 rursus
3064 2595 3163 2649 ista
3211 2602 3265 2646 et
3296 2592 3438 2653 talia,
3482 2590 3533 2644 in

1963 2692 2153 2763 quibus
2182 2690 2521 2744 manifestum
2554 2698 2655 2753 est,
2696 2687 2837 2755 quod
2868 2696 2922 2740 et
2949 2696 3096 2753 pater
3121 2694 3201 2738 est
3221 2684 3371 2751 juxta
3394 2681 3534 2751 quod

1964 2792 2066 2844 est,
2097 2791 2150 2835 et
2178 2780 2316 2834 ﬁlius
2345 2789 2427 2835 est
2449 2779 2605 2847 juxta
2633 2777 2770 2845 quod
2818 2785 2917 2835 est.
2960 2785 3011 2828 et
3037 2772 3237 2826 ideirco
3258 2771 3362 2823 duo
3388 2778 3534 2821 sunt.

1966 2871 2070 2928 Sed
2114 2870 2366 2941 quoniam
2416 2877 2471 2923 et
2516 2876 2667 2936 pater
2706 2866 2759 2919 iu
2800 2864 2929 2928 tilio,
2978 2873 3032 2917 et
3070 2862 3209 2915 ﬁlius
3256 2860 3308 2913 in
3364 2868 3531 2928 patre,

1965 2962 2244 3034 ὁμοούσιοι.
2288 2958 2403 3012 Νοιι
2433 2965 2642 3025 oportet
2670 2955 2831 3024 igitur
2870 2954 3050 3034 dicere
3100 2952 3220 3005 dum
3271 2962 3533 3018 personae,

280 3024 557 3125 mqualitas
584 3056 775 3124 aequati
797 3055 1150 3121 connectitur,
1175 3063 1229 3110 et
1251 3055 1426 3110 simile
1447 3024 1627 3110 simi-li.
1658 3055 1861 3125 Equa-
1888 3043 1933 3106 C
1966 3024 2070 3105 una
2094 3047 2424 3113 substantia;
2450 3047 2542 3101 sed
2571 3045 2674 3100 duo
2701 3054 2849 3114 pater
2876 3052 2929 3097 et
2952 3024 3111 3104 ﬁlius,
3153 3056 3218 3096 ex
3259 3053 3361 3093 una
3404 3038 3533 3093 sub-

284 3147 351 3201 lis
378 3145 539 3215 igitur
567 3146 705 3199 ﬁlius
732 3155 787 3199 et
812 3162 823 3212 ι
845 3155 978 3209 ater,
1035 3154 1089 3200 et
1119 3156 1399 3214 propterea
1432 3153 1487 3200 et
1516 3145 1656 3199 ﬁlius
1689 3146 1741 3199 in
1770 3160 1863 3214 pa-

284 3247 385 3301 tre,
417 3245 471 3290 et
494 3246 640 3304 pater
670 3236 719 3289 in
747 3236 874 3298 ﬁlio,
903 3243 958 3291 et
986 3236 1143 3289 ambo
1171 3251 1357 3291 unum.

358 3327 424 3381 X.
455 3326 558 3384 Sed
587 3328 686 3381 ista
717 3342 875 3381 nunc.
934 3327 1003 3380 At
1032 3342 1162 3382 vero
1192 3328 1285 3381 illa
1308 3327 1531 3382 Joannis
1556 3328 1857 3384 videamus.

281 3419 400 3487 Ipse
437 3417 680 3473 Salvator
704 3417 833 3470 dicit
861 3415 1040 3488 (Joan.
1070 3432 1143 3482 xt,
1172 3416 1264 3488 25)
1300 3434 1314 3470 :
1376 3415 1487 3487 Ego
1544 3434 1657 3470 sum
1693 3434 1861 3471 resur-

281 3509 458 3571 rectio,
486 3510 723 3576 quoniam
749 3508 855 3577 ipse
893 3509 993 3560 vita
1022 3523 1040 3560 :
1067 3510 1195 3572 Quis
1224 3517 1400 3561 autem
1432 3506 1577 3559 iste?
1646 3507 1853 3561 Martha

282 3598 412 3653 dicit
439 3596 602 3666 (Ibid.
630 3598 755 3669 27):
792 3597 1043 3664 Quoniam
1065 3607 1119 3650 tu
1148 3614 1199 3650 es
1221 3597 1448 3650 Christus
1468 3597 1606 3666 ﬁlius
1635 3596 1748 3663 Dei,
1777 3598 1863 3667 qui

280 3690 338 3743 in
373 3688 615 3743 mundum
641 3688 838 3749 venisti.
874 3687 1025 3753 Quod
1053 3701 1158 3741 non
1186 3688 1263 3740 sic
1314 3686 1486 3749 ﬁlius,
1516 3686 1862 3756 quemadmo-

282 3783 409 3838 dum
434 3799 529 3837 nos
555 3800 567 3835 :
603 3782 706 3836 Nos
727 3782 869 3836 enim
890 3782 1176 3850 adoptione
1197 3780 1314 3845 ﬁlii,
1339 3781 1427 3836 ille
1448 3790 1654 3835 natura.
1686 3781 1859 3836 Etiam

281 3875 510 3945 quadam
543 3872 826 3943 adoptione
857 3873 999 3926 ﬁlius
1023 3882 1077 3926 et
1101 3870 1365 3937 Christus,
1416 3871 1509 3926 sed
1562 3871 1854 3927 secundum

282 3979 497 4019 carnem
536 3963 656 4033 (Ps.
681 3980 738 4029 ιι,
763 3962 851 4033 7):
884 3962 992 4034 Ego
1018 3963 1166 4016 hodie
1189 3963 1340 4033 genui
1361 3971 1425 4015 te.
1459 3962 1514 4015 Si
1535 3962 1675 4015 enim
1698 3962 1858 4025 istud,

280 4053 454 4109 solum
485 4054 750 4107 hominem
798 4041 975 4107 ﬁlium
1025 4052 1184 4105 habet
1217 4070 1229 4105 :
1275 4051 1368 4107 sed
1417 4050 1595 4121 (Joan.
1626 4066 1737 4115 \‘Ill,
1767 4052 1861 4120 58)

281 4147 413 4198 Ante
448 4144 702 4197 Abraham
750 4159 839 4212 ego
875 4143 1205 4207 sum,dicens
1235 4143 1376 4211 quod
1394 4154 1583 4197 natura
1597 4142 1862 4198 ﬁliuserat

282 4235 534 4303 primum,
568 4233 879 4287 declaravit.
936 4232 1049 4286 Non
1083 4234 1240 4302 igitur
1265 4233 1639 4287 Photiuiannm
1669 4233 1859 4303 dogma

281 4340 492 4380 verum.
542 4324 741 4378 Deinde
769 4338 866 4377 nos
896 4338 999 4377 non
1046 4335 1230 4392 gentes
1278 4324 1474 4388 solum,
1526 4323 1617 4379 sed
1665 4334 1719 4378 et
1769 4325 1857 4393 qui

1963 3141 2159 3194 stantia
2191 3156 2205 3202 ;
2258 3139 2417 3193 dante
2456 3147 2605 3207 patre
2636 3152 2665 3189 a
2696 3150 2791 3189 sua
2820 3133 3116 3189 substantia
3149 3132 3256 3185 ﬁlio
3288 3131 3529 3185 substan-

1961 3232 2086 3285 tiam
2108 3232 2161 3285 in
2185 3234 2284 3285 hoc
2306 3230 2477 3299 inquo
2496 3228 2677 3299 genuit
2695 3228 2858 3281 ﬁlium
2884 3233 2938 3281 et
2965 3242 3028 3281 ex
3056 3226 3315 3295 ὁμοούσιοι
3354 3221 3530 3274 ambo.

1959 3322 2109 3388 Quod
2159 3322 2273 3390 ipse
2325 3321 2470 3385 facit,
2526 3329 2580 3374 et
2622 3319 2781 3373 faciet
2829 3317 3029 3381 omnia,
3079 3315 3328 3383 quoniam
3382 3326 3480 3382 ego
3505 3325 3550 3363 τι.

1961 3422 2108 3483 patre
2156 3411 2316 3483 (Ibid.
2344 3412 2430 3481 15)
2462 3431 2475 3464 :
2510 3411 2574 3464 Et
2624 3411 2759 3480 quod
2796 3410 3056 3479 resurgitis
3088 3409 3141 3461 in
3176 3406 3374 3460 nomine
3402 3419 3530 3464 meo,

1961 3503 2056 3555 hoc
2082 3502 2288 3571 faciam,
2324 3510 2379 3553 ut
2402 3499 2713 3568 gloriﬁcatur
2742 3500 2963 3567 paterin
3009 3514 3104 3550 me.
3181 3495 3331 3562 Quod
3382 3506 3533 3561 para-

1960 3594 2131 3648 cletus
2161 3602 2214 3648 et
2240 3592 2483 3648 Christus
2514 3591 2561 3662 (Ι
2573 3592 2673 3644 bid.
2705 3591 2792 3657 15,
2828 3588 2917 3660 16)
2946 3607 2959 3643 :
2987 3588 3045 3642 Si
3070 3603 3146 3640 me
3167 3584 3459 3647 dilexeritis,
3490 3592 3535 3635 et

1960 3684 2203 3737 mandata
2241 3699 2353 3737 mea
2379 3682 2744 3735 custodieritis:
2809 3688 2855 3733 et
2886 3695 2975 3749 ego
3002 3677 3187 3748 rogabo
3231 3685 3443 3745 patrem,
3487 3681 3535 3725 et

1961 3778 2117 3832 alium
2148 3777 2458 3843 paracletum
2483 3776 2624 3829 dabit
2653 3775 2807 3838 vobis,
2851 3782 2903 3827 ut
2944 3773 3195 3827 vobiscum
3219 3755 3282 3823 sit
3312 3770 3360 3821 in
3386 3777 3531 3821 teter-

1960 3886 2101 3923 num.
2142 3867 2270 3934 Quit
2314 3877 2488 3921 autem
2543 3875 2625 3922 est
2675 3867 2813 3920 alius
2865 3865 3161 3932 paracletus
3212 3858 3373 3929 (Ibid.
3410 3857 3529 3929 1'7):

1963 3961 2188 4030 Spiritus
2218 3960 2461 4024 veritatis,
2512 3975 2659 4027 quem
2706 3957 2921 4010 mundus
2967 3955 3133 4008 videre
3184 3969 3284 4005 non
3339 3961 3531 4017 potest:

1962 4053 2096 4123 quod
2131 4068 2243 4105 eum
2283 4068 2384 4104 non
2428 4051 2579 4103 videt.
2644 4050 2816 4102 Aliqu
2863 4056 3037 4102 autem
3082 4046 3421 4115 paracletum,
3479 4042 3531 4095 id

1962 4152 2063 4209 est,
2091 4141 2357 4197 Christum
2384 4143 2630 4196 viderunt
2658 4158 2671 4206 ;
2699 4140 2839 4210 quod
2868 4140 2919 4197 in
2941 4153 3121 4199 carne,
3159 4152 3262 4189 non
3292 4132 3533 4188 credide-

1960 4245 2083 4290 ruut
2109 4235 2161 4289 in
2192 4234 2386 4303 ipsum.
2440 4232 2589 4298 Quod
2630 4230 2864 4300 putentia
2889 4228 3088 4283 Christi
3131 4227 3199 4279 sit
3227 4225 3525 4293 paracletns

1963 4325 2152 4397 (Ibid.)
2183 4344 2195 4378 :
2235 4324 2335 4379 Vos
2357 4334 2526 4377 autem
2543 4322 2843 4391 cognoscitis
2872 4320 3061 4385 ipsum,
3114 4316 3351 4384 quoniam
3393 4312 3530 4381 apud

280 4414 513 4484 dispersi
542 4426 667 4468 sunt
695 4414 808 4467 ﬁlii.
871 4414 962 4467 Dei
989 4410 1144 4483 igitur
1173 4414 1310 4468 ﬁlius
1335 4413 1615 4478 Christus;
1670 4415 1765 4469 lilii
1806 4425 1862 4470 et
1887 4394 1941 4454 D
1966 4394 2051 4471 vos
2080 4394 2265 4469 manet.
2320 4417 2456 4483 Ergo
2494 4412 2643 4467 dedit
2694 4412 2866 4480 ipsum
2916 4409 3045 4477 ipsis
3090 4405 3351 4469 Christus,
3401 4402 3535 4457 dixit

282 4520 385 4561 nos
408 4522 422 4557 :
451 4504 544 4559 sed
572 4520 669 4559 nos
697 4521 790 4573 per
818 4503 1189 4572 adoptionem,
1235 4520 1331 4558 nos
1358 4519 1452 4574 per
1475 4503 1657 4559 Jesum
1679 4504 1859 4560 Chris-

286 4607 419 4662 tum,
454 4609 553 4648 nos
584 4603 640 4647 ut
664 4592 754 4647 ﬁlii
780 4593 1007 4662 dispersi
1041 4610 1055 4648 :
1086 4609 1210 4647 num
1239 4602 1293 4649 et
1318 4593 1561 4649 Christus
1584 4596 1663 4649 sic
1682 4594 1858 4650 ﬁlius?

281 4685 485 4740 Natura
514 4684 668 4754 igitur
692 4683 849 4738 Jesus
875 4684 1034 4746 ﬁlius,
1076 4698 1175 4738 nos
1217 4684 1502 4753 adoptione
1550 4684 1661 4738 ﬁlii.
1710 4686 1862 4753 Quod

284 4784 470 4830 natura
502 4774 673 4839 lilius,
698 4785 750 4827 et
782 4774 894 4841 ipse
915 4774 1044 4828 dicit
1069 4788 1210 4843 saepe
1241 4773 1417 4844 (Joan.
1450 4790 1528 4838 xt,
1555 4774 1680 4845 4i):
1714 4776 1866 4829 Pater

285 4866 475 4936 gratias
504 4863 590 4915 tibi
618 4880 713 4933 ago
751 4865 883 4933 quod
910 4880 987 4917 me
1014 4864 1224 4918 audisti.
1271 4865 1337 4918 Et
1377 4864 1552 4935 (Joan.
1583 4880 1674 4931 xtl,
1727 4866 1821 4936 27)
1850 4886 1862 4921 :

284 4956 463 5019 Pater,
520 4958 661 5009 salva
712 4972 789 5008 me
837 4972 899 5009 ea:
932 4956 1032 5008 ista
1059 4956 1206 5010 hora.
1240 4956 1306 5010 Et
1336 4972 1519 5010 rursus
1546 4956 1722 5027 (Joan.
1755 4973 1866 5022 xw,

283 5049 375 5121 28)
406 5068 419 5102 :
446 5048 559 5119 Ego
590 5065 651 5103 ea:
676 5065 762 5102 ore
780 5050 940 5116 patris
963 5049 1201 5118 processi.
1235 5048 1341 5104 Ista
1363 5062 1495 5115 non,
1542 5057 1598 5103 ut
1643 5063 1741 5103 nos
1785 5048 1867 5103 dio

1964 4507 2105 4561 enim
2133 4524 2145 4557 :
2180 4505 2350 4557 Manet
2383 4506 2434 4556 in
2466 4502 2624 4567 vobis,
2654 4502 2771 4553 etin
2798 4499 2933 4553 vobis
2963 4508 3053 4551 est.

2035 4595 2148 4651 XII.
2183 4597 2260 4649 Ex
2290 4595 2371 4649 his
2393 4593 2523 4664 quid
2554 4592 2815 4661 apparet?
2841 4591 2897 4643 Si
2931 4592 3066 4643 Deus
3090 4588 3325 4655 spiritus,
3353 4594 3405 4640 et
3441 4585 3531 4639 Je-

1967 4700 2059 4741 sns
2087 4684 2326 4753 Spiritus,
2375 4692 2667 4737 etsanctns
2717 4679 2966 4750 Spiritus,
3024 4677 3261 4746 spiritus,
3315 4690 3378 4729 ex
3430 4690 3541 4728 una

1968 4776 2262 4832 substantia
2306 4775 2437 4837 tria;
2485 4774 2732 4843 ὁμοούσια
2779 4784 2906 4839 ergo
2933 4768 3050 4823 tria.
3098 4767 3297 4834 Quoda
3323 4764 3535 4818 Christo

1971 4866 2199 4936 Spiritus
2238 4873 2492 4927 sanctus,
2544 4861 2681 4914 sicut
2719 4858 2960 4913 Chl'isllls
2989 4871 3018 4909 a
3068 4857 3195 4919 Deo,
3245 4864 3297 4909 et
3340 4853 3538 4907 idcirCo

1972 4972 2132 5009 unmn
2166 4953 2266 5008 tria
2293 4951 2455 5025 (Ibid.
2493 4950 2617 5018 18):
2668 4947 2786 5001 Non
2817 4962 2900 4999 vos
2929 4945 3208 5012 relinquant
3260 4943 3537 5011 orphanos,

1970 5048 2165 5099 veniam
2194 5045 2259 5097 ad
2280 5060 2383 5098 vos.
2414 5042 2481 5096 Et.
2506 5056 2687 5095 rrrsus
2708 5038 2833 5092 dit-it
2850 5036 3027 5106 (Joan.
3052 5051 3159 5100 xiv,
3178 5033 3417 5104 20):Illa
3459 5033 3539 5085 die

1628 5178 1978 5235 VARIORUM
2014 5176 2241 5233 ΝΟΤᾹΞ.

359 5321 426 5375 Et
449 5336 562 5390 ego.
594 5319 772 5381 Forte,
802 5321 888 5390 sed
916 5335 1025 5389 ego.

356 5385 783 5457 Ante'Abrahatu.
827 5388 898 5441 Ita
930 5385 1279 5457 corrigendos
1299 5386 1549 5441 duximus
1578 5385 1747 5440 editos
1776 5399 1869 5439 co-

288 5460 453 5523 dices,
482 5475 591 5525 pm:
621 5473 679 5510 se
704 5456 929 5511 ferentes
958 5456 1283 5511 auteAdum.

358 5528 605 5582 Credetis.
642 5527 817 5585 Forte,
846 5527 1081 5582 credatis.

360 5599 511 5663 Quod
555 5600 665 5665 ipse
712 5597 867 5663 facit,
918 5607 962 5651 et
1008 5598 1155 5665 faciet
1221 5596 1409 5650 omnia.
1469 5593 1771 5665 Lugendum
1802 5592 1878 5646 vi-

1972 5313 2147 5375 detur,
2182 5310 2330 5376 Quod
2351 5310 2457 5377 ipse
2485 5307 2604 5372 facit
2640 5323 2654 5359 :
2692 5304 2907 5374 respicit
2933 5299 3167 5378 euinrad
3199 5296 3326 5378 illud
3357 5296 3535 5378 (.loan.

1974 5398 2081 5443 xlv,
2116 5371 2232 5449 (ἂγε
2253 5371 2422 5449 Opera
2442 5371 2555 5449 qua:
2577 5392 2665 5444 ego
2688 5371 2909 5449 ftici'oz‘et
2931 5373 3036 5449 ipse
3061 5371 3428 5447 faciet....quia
3453 5383 3549 5433 ego.

1976 5453 2044 5505 ad
2070 5438 2267 5502 Patrem
2293 5438 2561 5500 vado.'Sic
2582 5438 2788 5516 s'tatim:
2820 5442 2879 5494 Et
2905 5438 3036 5509 quod
3062 5450 3360 5516 BESURGlTlS
3382 5438 3432 5487 in
3450 5452 3544 5516 iro-

1980 5521 2112 5573 mine
2152 5534 2282 5580 meo,
2338 5517 2616 5584 legendum
2659 5515 2811 5579 plane
2864 5505 3204 5564 periculus:
3265 5505 3350 5559 hic
3403 5506 3551 5559 enim

1983 5592 2154 5645 locum
2186 5590 2390 5651 recitat,
2420 5584 2574 5638 Joan.
2608 5597 2720 5647 xtv,
2757 5584 2837 5635 15.
