3950 6206
420 187 557 245 1047

1670 190 1859 247 MAR“
1882 189 2219 247 VICTORINI
2256 191 2414 247 ΛΕΜ

3544 190 3714 246 1048

422 301 751 372 cognoscetis,
794 299 1031 370 quoniam
1075 317 1164 371 ego
1218 303 1271 354 in
1303 310 1443 369 patre
1467 317 1597 368 meo,
1622 313 1668 356 et
1697 319 1784 358 uos
1807 305 1857 357 in
1887 320 1986 368 me,
2017 306 2063 364 Α
2094 305 2287 359 mittam
2311 307 2448 360 vobis
2475 323 2508 359 a
2533 316 2695 377 patre,
2732 307 2981 375 Spiritum
3008 307 3254 369 veritatis,
3310 304 3400 371 qui
3449 320 3483 356 a
3538 314 3713 372 patre

422 401 468 444 et
496 407 586 461 ego
607 392 656 445 in
678 391 813 445 vobis
842 390 1176 446 :Secundum
1209 392 1452 462 spiritum
1476 392 1579 446 ista
1612 411 1623 445 :
1654 393 1806 459 Quod
1833 408 1862 445 a
1885 393 1993 447 ﬁlio

427 484 722 553 paracletus
750 482 911 556 (Ibid.
940 484 1070 551 26):
1105 485 1406 541 Paracletus
1439 496 1605 539 autem
1635 497 1841 539 sanctus
1875 485 1996 556 Spi—

430 574 580 637 ritus,
611 588 756 642 quem
782 584 922 642 pater
950 575 1108 628 mittet
1128 575 1181 628 in
1210 577 1411 629 nomine
1433 592 1562 636 meo.
1589 576 1675 628 ille
1690 590 1777 629 vos
1806 576 1999 630 docebit

430 663 599 716 omnia
623 679 735 732 qua:
763 680 852 734 ego
881 666 1079 720 dixero.
1133 665 1464 720 Manifestum
1500 681 1570 720 ex
1602 665 1715 732 his,
1762 665 1901 735 quod
1944 666 1997 720 in

432 751 642 807 Christo
668 753 828 819 Deus,
853 764 905 808 et
930 753 985 807 in
1007 763 1194 809 sancto
1235 754 1436 823 Spiritu
1470 753 1731 819 Christus,
1773 755 1998 823 primum

432 842 735 911 paraeletus
785 841 1027 898 Christus
1058 885 1073 908 ,
1142 845 1441 913 paracletus
1482 854 1699 899 sanctus
1751 844 1999 915 Spiritus.

445 931 645 987 Deinde
692 932 837 988 misit
876 932 1118 989 Christus
1150 935 1325 989 Deus:
1359 950 1476 1005 quas
1515 936 1719 991 locutus
1745 946 1825 991 est
1851 934 2003 990 Chri-

438 1032 572 1087 stus,
609 1023 723 1091 ipsa
768 1024 998 1093 loquitur
1044 1036 1260 1082 sanctus
1306 1027 1558 1096 Spiritus.
1604 1026 1711 1083 Sed
1761 1026 2005 1083 Christus

444 1110 651 1166 locutus
691 1121 774 1168 est
826 1112 880 1169 in
942 1116 1226 1184 parabolis,
1283 1125 1337 1171 et
1375 1116 1501 1171 fecit
1546 1117 1895 1187 signa:ergo
1952 1117 2005 1172 in

440 1203 647 1257 occulto
692 1206 866 1257 omnia
888 1246 903 1272 ,
935 1207 1075 1275 quod
1117 1207 1230 1276 ipse
1276 1207 1329 1262 in
1354 1223 1517 1263 carne
1546 1220 1688 1274 erat;
1720 1210 1857 1266 sicut
1895 1210 2009 1279 ipse

442 1288 605 1355 intus,
636 1290 713 1345 sic
742 1301 795 1345 et
825 1307 1008 1348 verum
1037 1295 1177 1349 intus
1198 1295 1250 1349 in
1276 1296 1543 1365 parabolis
1580 1308 1635 1353 et
1661 1298 1846 1367 signis.
1893 1298 2013 1367 Spi-

442 1379 576 1434 ritus
595 1390 770 1436 autem
796 1394 1011 1439 sanctus
1034 1385 1190 1441 docet
1216 1388 1432 1442 omnia:
1490 1400 1545 1443 et
1589 1390 1732 1445 enim
1782 1390 2014 1460 Spiritus

441 1477 655 1524 sanctus
679 1472 910 1542 loquitur
936 1474 1147 1543 spiritui
1171 1477 1483 1543 hominum;
1534 1478 1705 1548 ipsum
1746 1482 1886 1550 quod
1934 1490 2017 1536 est

446 1558 698 1626 loquitur,
729 1571 784 1615 et
808 1564 948 1632 quod
971 1573 1053 1618 est
1079 1565 1311 1635 loquitur
1332 1565 1387 1620 itt
1411 1568 1554 1621 nulla
1576 1570 1740 1638 ﬁgura
1766 1586 1779 1623 :
1804 1570 1871 1624 Et
1894 1570 2017 1625 ideo

2097 390 2343 444 adveniet.
2398 390 2547 457 Quod
2579 391 2774 460 duplex
2801 390 3033 459 potentia
3061 398 3152 447 τοῦ
3185 390 3334 461 λόγου
3377 388 3442 441 ad
3472 387 3660 441 Deum
3689 405 3703 437 :

2101 496 2203 534 una
2230 480 2281 535 iu
2305 481 2607 546 manifesto,
2636 479 2879 536 Christus
2907 482 2957 535 in
2983 496 3149 535 carne
3174 499 3188 532 :
3238 479 3341 533 alia
3367 479 3420 532 in
3445 478 3704 542 occulto,

2099 572 2325 640 Spiritus
2348 583 2580 647 sanctus:
2631 571 2685 625 In
2736 572 3016 641 praesentia
3043 585 3171 639 ergo
3208 585 3329 623 cum
3358 576 3477 622 erat
3515 568 3701 636 λόγος,

2104 664 2203 718 hoc
2227 673 2309 718 est
2330 664 2594 729 Christus,
2622 678 2727 718 non
2752 673 2956 733 poterat
2982 663 3167 718 venire
3190 664 3339 735 λόγος
3361 661 3414 715 in
3441 659 3699 719 occulto.

2106 754 2204 807 hoc
2241 763 2342 818 est,
2390 752 2620 823 Spiritus
2646 761 2862 808 sanctus
2906 753 3082 823 (Joan.
3106 767 3216 815 xvr,
3240 752 3297 821 7)
3327 769 3340 805 :
3394 747 3610 802 Etenim
3653 750 3701 802 si

2105 862 2205 897 non
2232 845 2454 908 discedo,
2483 846 2766 913 paracletus
2788 861 2885 897 non
2910 844 3065 897 veniet
3091 843 3156 895 ad
3184 858 3289 895 vos.
3327 842 3441 894 Duo
3463 852 3602 907 ergo
3627 848 3689 892 et

2107 934 2215 997 isti,
2260 949 2323 989 ex
2376 934 2479 988 alio
2507 933 2676 999 alius,
2714 948 2784 989 ex
2817 933 2929 988 ﬁlio
2966 931 3195 1000 Spiritus
3237 940 3479 995 sanctus,
3528 928 3698 981 sicuti

2112 1041 2177 1080 ex
2208 1026 2313 1079 Deo
2337 1025 2474 1080 ﬁlius
2494 1024 2946 1091 conrationaliter,
2992 1035 3045 1079 et
3091 1022 3319 1092 Spiritus
3363 1029 3592 1075 sanctus
3619 1035 3693 1073 ex

2114 1124 2283 1184 patre.
2335 1115 2483 1183 Quod
2510 1115 2687 1169 omnia
2714 1116 2813 1170 tria
2841 1132 3026 1178 unum,
3076 1125 3227 1183 pater
3250 1128 3357 1167 non
3403 1113 3581 1165 silens
3622 1111 3701 1163 si-

2118 1206 2358 1269 lentium,
2390 1205 2481 1260 sed
2513 1221 2613 1260 vox
2644 1207 2697 1259 in
2728 1205 2961 1269 silentio,
3003 1204 3139 1259 illius
3182 1204 3291 1273 jam
3334 1217 3476 1264 vox;
3528 1215 3698 1268 para-

2116 1295 2282 1350 cletus
2307 1311 2408 1350 vox
2440 1296 2583 1351 vocis
2613 1295 2772 1366 (Ibid.
2802 1298 2889 1359 13,
2921 1294 3010 1365 14)
3044 1314 3055 1347 :
3101 1293 3223 1348 Cum
3241 1295 3429 1348 venerit
3461 1291 3699 1359 Spiritus

2114 1388 2357 1451 veritatis,
2390 1386 2589 1455 prteibit
2628 1387 2764 1441 vobis
2811 1387 2867 1439 in
2900 1387 3101 1440 veritate
3124 1385 3308 1438 omni:
3358 1397 3465 1437 non
3505 1390 3691 1435 autem

2119 1491 2300 1531 verum
2344 1476 2474 1530 dicit
2509 1492 2539 1530 a
2578 1484 2793 1532 semet:
2840 1474 3082 1531 Christus
3125 1472 3266 1527 enim
3311 1471 3511 1525 veritas
3546 1489 3561 1522 :
3609 1472 3700 1523 sed

2118 1582 2442 1635 quecumque
2476 1566 2669 1632 audiet,
2702 1567 2951 1635 loquetur,
2996 1574 3043 1619 et
3092 1577 3301 1618 uentura
3347 1564 3481 1615 dicet
3518 1562 3699 1613 vobis:

443 1649 552 1713 ipse
568 1648 759 1703 docebit
788 1668 893 1705 vos.
928 1654 992 1707 Et
1015 1669 1134 1723 qua:
1162 1655 1433 1725 loquitur?
1458 1657 1797 1727 Quaecumque
1818 1660 2015 1724 dixero,
2049 1664 2093 1723 B
2122 1657 2221 1713 Ille
2244 1674 2322 1712 me
2351 1658 2636 1721 honorabit,
2676 1659 2912 1727 quoniam
2938 1673 2999 1710 ex
3038 1672 3145 1708 meo
3182 1655 3415 1724 accipiet,
3467 1664 3513 1705 et
3566 1669 3697 1705 nun-

446 1739 582 1794 dixit
600 1739 861 1799 Christus.
911 1743 1122 1811 Dixere,
1151 1746 1217 1801 de
1240 1748 1418 1802 futuro
1444 1758 1545 1803 est.
1582 1750 1654 1805 De
1678 1764 1783 1820 quo
1802 1750 2019 1807 futuro?

448 1830 563 1885 Non
609 1847 673 1887 eo
712 1834 854 1902 quod
901 1851 1061 1901 nunc,
1113 1836 1207 1891 sed
1232 1853 1297 1893 eo
1317 1839 1458 1907 quod
1483 1849 1565 1894 est
1592 1850 1713 1909 post
1732 1842 2021 1899 ascendere

447 1924 513 1977 ad
536 1932 755 1993 patrem.
803 1926 866 1981 Et
890 1926 935 1980 si
956 1927 1057 1984 iste
1078 1929 1377 1997 paracletus
1404 1930 1622 1986 veniens
1649 1947 1680 1985 a
1718 1933 1825 1988 Deo
1848 1932 1901 1988 in
1927 1950 2021 1989 no-

449 2014 593 2067 mine
617 2013 839 2077 Christi.
873 2016 965 2071 illa
995 2017 1150 2072 docet
1173 2034 1290 2088 quae
1331 2017 1459 2074 ditit
1490 2019 1644 2076 Jesus
1672 2038 1685 2074 :
1738 2023 1852 2090 ipse
1895 2039 2024 2095 ergo

453 2101 628 2166 Jesus,
656 2118 721 2157 an
754 2105 869 2173 ipse
890 2109 1024 2162 alter
1052 2108 1209 2163 Jesus
1234 2108 1257 2161 ?
1298 2124 1363 2163 an
1396 2110 1514 2178 ipso
1538 2112 1709 2165 altero
1736 2114 2023 2182 paracleto,

454 2196 554 2251 hoc
601 2205 704 2260 est,
751 2196 950 2265 Spiritu
995 2209 1180 2253 saneto
1218 2200 1359 2254 inest
1402 2201 1579 2265 Jesus,
1625 2203 1764 2257 sicut
1809 2204 1860 2258 in
1910 2204 2026 2274 ipso

460 2283 634 2339 Deus?
665 2285 763 2340 Ista
796 2286 895 2342 hac
943 2288 1082 2343 serie
1122 2289 1295 2345 tribus
1342 2291 1709 2357 existentibus,
1764 2304 1818 2349 et
1864 2310 2024 2350 unum

454 2384 581 2429 sunt
607 2376 727 2441 tria,
757 2385 810 2431 et
844 2378 1137 2449 ὁμοούσιονε
1166 2380 1362 2450 quippe
1382 2381 1593 2437 dicente
1612 2382 1827 2439 Christo
1848 2386 2024 2458 (Joan.

457 2479 564 2529 xrv,
586 2465 710 2535 28):
736 2465 813 2520 Eo
837 2477 882 2520 et
902 2470 1041 2522 venio
1069 2470 1136 2522 ad
1160 2486 1245 2524 vos
1270 2488 1281 2523 :
1306 2486 1334 2524 a
1360 2472 1469 2527 Deo
1489 2473 1623 2528 alius
1650 2475 1857 2530 dabitur
1878 2478 2029 2533 vobis

457 2558 777 2625 paracletus,
809 2562 1265 2634 qaiqutecumque
1305 2564 1483 2631 habet,
1534 2582 1565 2621 a
1614 2583 1700 2623 me
1743 2568 1924 2634 habet,
1976 2579 2031 2624 et

462 2661 806 2720 quaecumque
828 2650 986 2706 habet
1014 2662 1185 2723 pater,
1244 2658 1461 2711 tradidit
1517 2659 1653 2714 mihi
1696 2660 1893 2715 omnia.
1941 2661 2032 2715 Et-

465 2740 605 2795 enim
623 2755 781 2796 omne
808 2744 1118 2814 mysterium
1146 2744 1247 2801 hoc
1268 2756 1369 2811 est,
1414 2757 1563 2818 pater
1587 2750 1873 2819 inoperans
1898 2765 2029 2821 ope—

470 2830 624 2895 ratio,
648 2831 787 2887 filius
816 2849 1045 2902 operans
1066 2836 1323 2904 operatio,
1352 2837 1404 2891 id
1426 2848 1508 2893 est
1527 2840 1667 2908 quod
1705 2850 1786 2895 est
1814 2856 2034 2911 regene-

466 2935 582 2976 rare
624 2939 636 2975 :
680 2932 892 2979 sanctus
944 2936 1121 2981 autem
1165 2927 1392 2996 Spiritus
1436 2944 1664 2999 Operaos
1713 2932 1951 3000 operatio
1978 2933 2031 2987 in

465 3010 602 3078 quod
633 3019 715 3066 est
740 3028 1077 3082 regenerare.

542 3100 676 3156 Xlll.
702 3103 803 3158 Sed
830 3104 931 3158 ista
958 3105 1170 3174 quidem
1201 3116 1253 3162 et
1277 3108 1331 3162 in
1359 3109 1475 3163 aliis
1495 3110 1655 3164 dicta.
1698 3111 1850 3178 Quod
1869 3113 2031 3185 λόγος,

468 3194 569 3245 hoc
597 3202 697 3257 est,
727 3191 880 3248 Iesus
905 3196 985 3249 vel
1013 3193 1274 3261 Christus,
1307 3198 1527 3265 mqualis
1552 3208 1634 3254 est
1658 3200 1844 3269 patris,
1873 3212 1925 3255 et
1956 3201 2035 3255 in-

464 3282 627 3337 ferior
656 3282 703 3353 (ι
714 3284 839 3355 bid.)
869 3304 881 3337 :
914 3286 987 3339 Eo
1012 3286 1079 3338 ad
1099 3297 1311 3357 patrem,
1347 3292 1585 3358 quoniam
1616 3300 1758 3360 pater
1780 3292 1943 3360 major
1967 3303 2038 3346 est

466 3386 562 3424 me.
624 3370 754 3426 Item
783 3373 911 3427 dicit
940 3375 1131 3430 Paulus
1156 3377 1412 3448 (Philipp.
1430 3394 1488 3443 ll,
1513 3378 1569 3448 6)
1605 3397 1618 3433 :
1668 3380 1787 3433 Non
1809 3382 2039 3451 rapinam

468 3461 740 3515 arbitratus
770 3472 841 3517 est
869 3480 921 3517 se
946 3466 1187 3534 aequalem
1215 3482 1317 3519 esse
1341 3467 1465 3521 Deo.
1506 3467 1573 3522 Et
1603 3467 1655 3522 id
1677 3470 1819 3538 quod
1841 3470 2036 3524 dictum

473 3561 558 3605 est
586 3552 764 3622 (Joan.
798 3570 854 3620 χ,
884 3555 975 3625 30)
998 3573 1012 3611 :
1038 3554 1147 3625 Ego
1177 3566 1222 3610 et
1246 3566 1387 3626 pater
1412 3574 1567 3611 unum
1590 3576 1782 3615 sumus.
1812 3561 1879 3615 Et
1898 3564 2037 3630 quod

477 3644 716 3713 operatio
744 3653 796 3700 et
821 3655 989 3714 pater,
1015 3656 1068 3700 et
1096 3647 1233 3702 ﬁlius
1259 3665 1271 3699 :
1302 3658 1355 3703 et
1382 3648 1524 3717 quod
1554 3665 1656 3704 non
1682 3650 1905 3714 diceret.
1954 3666 2039 3707 me

475 3736 645 3804 major
667 3747 748 3791 est
773 3748 942 3808 pater,
966 3739 1067 3793 nisi
1105 3738 1289 3793 luisset
1311 3740 1526 3808 aequalis
1560 3758 1574 3794 :
1630 3742 1831 3796 accedit
1856 3741 2039 3807 etiam,

476 3827 523 3879 si
550 3836 691 3883 totus
717 3843 779 3883 ex
808 3837 939 3896 toto,
963 3840 1017 3885 et
1042 3832 1217 3885 lumen
1239 3846 1301 3885 ex
1331 3831 1552 3897 lumine,
1584 3842 1636 3887 et
1662 3832 1708 3886 si
1728 3833 1903 3887 omnia
1926 3850 2043 3904 qua:

477 3916 636 3970 habet
658 3928 806 3984 pater
833 3918 1154 3973 deditﬁlio:
1208 3920 1386 3973 omnia
1434 3929 1610 3975 autem
1659 3931 1781 3975 sunt
1826 3932 1879 3977 et
1920 3924 2042 3975 sul:-

477 4005 690 4069 stantia,
719 4015 774 4061 et
805 4015 1056 4074 potestas,
1106 4016 1159 4063 et
1184 4008 1434 4077 dignitas,
1476 4011 1695 4079 aequalis
1747 4012 1903 4080 patri,
1950 4011 2042 4066 sed

479 4094 651 4162 tnajor
692 4105 869 4164 pater:
916 4096 1054 4164 quod
1081 4097 1194 4165 ipse
1218 4097 1364 4151 dedit
1406 4098 1506 4166 ipsi
1547 4100 1747 4163 omnia,
1790 4110 1843 4155 et
1886 4117 2044 4157 causa

483 4195 563 4239 est
585 4185 685 4254 ipsi
716 4188 822 4239 lilio
853 4197 910 4240 ut
936 4188 1025 4249 sit,
1050 4197 1107 4241 ut
1133 4188 1234 4242 isto
1263 4188 1422 4243 modo
1451 4187 1541 4242 sit.
1589 4189 1670 4243 Ad
1721 4191 1822 4244 hoc
1870 4202 2043 4247 autem

483 4276 671 4344 major,
695 4277 833 4345 quod
863 4277 1001 4332 actio
1025 4277 1297 4334 inactuosa
1326 4296 1341 4333 :
1386 4278 1592 4333 beatior
1618 4280 1760 4333 enim
1790 4296 1892 4349 quo
1929 4283 2047 4337 sine

2122 1748 2263 1801 tiabit
2290 1748 2447 1802 vobis.
2488 1745 2685 1802 Deinde
2711 1746 2949 1816 adiungit
2976 1745 3136 1813 (Ibid.
3173 1743 3260 1813 15)
3297 1760 3310 1795 :
3350 1742 3535 1796 Omnia
3582 1757 3700 1810 qui:

2121 1839 2269 1892 habet
2297 1848 2457 1908 pater,
2490 1855 2600 1892 mea
2628 1850 2766 1893 sunt.
2828 1838 2961 1892 Dicit
2990 1853 3152 1907 ergo:
3201 1852 3264 1890 ex
3308 1852 3417 1889 meo
3457 1836 3698 1904 accipiet,

2123 1930 2264 1999 quod
2294 1944 2396 1983 una
2424 1929 2611 1994 motio,
2660 1932 2761 1985 ltoe
2790 1939 2893 1991 est,
2947 1930 3084 1983 actio
3131 1941 3291 1997 agens
3320 1924 3571 1995 Christus
3592 1936 3695 1987 est,

2124 2028 2178 2073 et
2205 2018 2433 2089 Spiritus
2463 2030 2678 2073 sanctus
2708 2036 2721 2072 :
2751 2028 2807 2073 et
2835 2019 3056 2086 primunt
3088 2027 3169 2072 est
3195 2017 3393 2079 vivere,
3419 2016 3559 2069 etab
3585 2015 3699 2085 ipso

2124 2111 2264 2180 quod
2290 2120 2369 2165 est
2392 2110 2588 2175 vivere,
2614 2110 2913 2179 intelligere
2946 2126 2960 2161 :
3000 2110 3180 2163 vivere
3199 2109 3412 2177 quidem
3434 2106 3699 2170 Christus,

2126 2202 2420 2271 intelligere
2448 2202 2674 2270 Spiritus
2700 2219 2712 2253 :
2772 2216 2898 2271 ergo
2923 2200 3151 2269 Spiritus
3184 2215 3212 2252 a
3249 2198 3466 2253 Christo
3490 2196 3702 2267 accipit,

2128 2295 2242 2363 ipse
2274 2294 2518 2349 Christus
2546 2309 2573 2346 a
2606 2304 2776 2361 patre,
2823 2303 2877 2348 et
2902 2293 3099 2347 idcirco
3118 2302 3171 2347 et
3194 2290 3467 2360 Spiritusa
3498 2300 3669 2359 patre.

2198 2382 2335 2437 XIV.
2366 2384 2549 2438 Omnia
2581 2383 2738 2454 igitur
2759 2399 2940 2448 unum,
2969 2371 3060 2436 sed
3086 2398 3114 2437 a
3136 2391 3299 2452 patre.
3334 2382 3485 2448 Quod
3515 2380 3705 2435 Chris-

2132 2482 2215 2528 tus
2238 2486 2291 2528 et
2310 2489 2339 2527 a
2369 2484 2516 2544 patre
2545 2474 2825 2543 processit,
2852 2474 2955 2528 hoc
2983 2484 3084 2538 est,
3135 2473 3275 2543 quod
3335 2473 3474 2527 Deus
3530 2474 3702 2541 ipsum

2132 2563 2296 2629 misit,
2327 2564 2428 2617 hoc
2449 2573 2551 2626 est,
2583 2580 2614 2618 a
2647 2564 2754 2618 Deo
2777 2564 3054 2631 processit,
3086 2563 3212 2617 dicit
3240 2564 3382 2616 enim
3412 2561 3576 2632 (Ibid.
3608 2561 3698 2624 27,

2130 2652 2224 2723 28)
2248 2670 2262 2705 :
2305 2654 2555 2719 Quoniam
2583 2670 2673 2723 ego
2695 2670 2727 2705 a
2752 2654 2856 2707 Deo
2895 2655 3117 2721 processi
3144 2669 3163 2706 :
3203 2654 3427 2722 processi
3452 2670 3483 2706 a
3515 2664 3657 2719 patre
3684 2671 3700 2705 :

2131 2742 2568 2812 Cognoscendum
2610 2745 2748 2814 quod
2788 2754 2841 2799 et
2879 2744 3011 2799 dixit
3043 2763 3057 2799 :
3109 2756 3154 2799 et
3196 2745 3348 2798 exivi.
3375 2744 3483 2798 Sed
3506 2743 3647 2813 quod
3676 2761 3704 2794 a

2138 2835 2241 2889 Deo
2261 2836 2565 2905 prteposuit,
2596 2854 2628 2889 a
2666 2836 2769 2889 Deo
2791 2838 3005 2904 processi
3030 2853 3047 2889 :
3073 2836 3215 2906 quod
3244 2835 3533 2905 signiﬁcat,
3569 2834 3703 2904 quod

2137 2930 2275 2983 Deus
2302 2929 2472 2997 ipsum
2502 2929 2663 2983 misit.
2699 2928 2911 2983 Credite
2944 2930 3098 2998 igitur
3146 2928 3245 2981 hoc
3285 2928 3538 2993 primum,
3580 2940 3705 2995 quo-

2060 3023 2104 3082 C
2137 3018 2278 3072 niam
2304 3034 2401 3087 ego
2423 3033 2451 3071 a
2483 3019 2591 3073 Deo
2616 3018 2773 3072 exivi.
2801 3018 2953 3084 Quod
2979 3027 3158 3072 autem
3180 3032 3207 3070 a
3236 3017 3366 3081 Deo,
3390 3026 3445 3069 et
3476 3024 3535 3069 ut
3553 3013 3701 3084 quis?

2136 3109 2217 3163 Ab
2238 3109 2332 3163 illo
2363 3110 2471 3163 Deo
2496 3109 2584 3176 qui
2609 3116 2758 3176 pater
2778 3124 2928 3161 meus
2948 3119 3031 3161 eSt
3061 3125 3073 3159 :
3126 3106 3278 3160 Exivi
3300 3106 3461 3175 igitur
3484 3124 3515 3157 a
3546 3114 3699 3174 patre,

2138 3210 2183 3251 et
2206 3201 2316 3251 veni
2338 3200 2389 3251 in
2412 3197 2674 3250 mundum.
2748 3197 2914 3265 Ilujus
2964 3196 3221 3250 orationis
3266 3196 3524 3249 naturalis
3579 3195 3700 3246 ordo

2139 3288 2239 3343 iste
2268 3298 2348 3343 est
2378 3305 2390 3341 :
2425 3288 2664 3343 Processi
2694 3304 2720 3339 a
2752 3297 2919 3356 patre,
2947 3286 3087 3341 exivi
3110 3303 3138 3339 a
3163 3287 3294 3347 Deo,
3329 3285 3449 3340 veni
3480 3285 3531 3337 in
3556 3300 3695 3337 mun-

2139 3377 2285 3432 dum.
2330 3376 2435 3433 Sed
2482 3377 2698 3432 effectus
2729 3387 2781 3431 et
2802 3377 3085 3431 locutionis
3117 3376 3249 3430 ordo
3271 3376 3339 3430 ab
3367 3374 3696 3428 horninibus:

2139 3468 2377 3535 quoniam
2403 3482 2488 3519 vos
2508 3467 2753 3520 dilexistis
2799 3483 2876 3518 me
2921 3477 2965 3519 et
3007 3466 3309 3530 credidistis,
3356 3465 3494 3533 quod
3536 3481 3567 3516 ιι
3599 3462 3696 3516 Deo

2140 3556 2306 3619 exivi;
2361 3555 2461 3609 hoc
2499 3556 2639 3609 enim
2677 3555 2900 3623 primum
2950 3556 3002 3608 in
3051 3554 3227 3609 ﬁdem.
3280 3554 3482 3608 Deinde
3536 3563 3697 3607 autem

2142 3648 2359 3715 processi
2397 3648 2458 3699 de
2488 3656 2649 3717 patre,
2677 3661 2949 3716 exponens
2973 3661 3000 3699 a
3030 3645 3393 3714 superioribus
3414 3646 3564 3715 cujus
3591 3655 3695 3699 erat

2142 3737 2294 3800 dixit,
2324 3738 2463 3792 unde
2489 3746 2539 3791 et
2566 3738 2665 3805 ipsi
2688 3737 2865 3792 dicunt
2894 3737 3053 3809 (Ibid.
3076 3737 3167 3809 30)
3197 3754 3211 3791 :
3264 3737 3528 3792 Credimus
3579 3738 3697 3806 quod

2143 3846 2175 3882 a
2201 3840 2342 3897 patre
2362 3830 2527 3884 existi.
2562 3830 2695 3895 Quid
2728 3840 2904 3884 autem
2935 3845 3094 3898 supra
3124 3828 3324 3883 dimisit
3347 3829 3511 3883 Deum
3540 3838 3590 3882 et
3617 3843 3696 3896 pa-

2147 3921 2321 3974 trem?
2346 3935 2449 3974 non
2479 3919 2609 3974 dicit
2626 3920 2765 3973 enim
2793 3920 2969 3990 (Joan.
2997 3935 3110 3985 vui,
3145 3917 3256 3988 16),
3281 3936 3380 3972 non
3404 3935 3516 3971 sum
3545 3919 3696 3972 solus:

2145 4012 2382 4080 quoniam
2402 4020 2541 4082 pater
2563 4027 2755 4065 mecum
2778 4018 2882 4076 est;
2930 4020 2984 4065 et
3021 4025 3123 4064 non
3154 4020 3236 4063 est
3262 4009 3556 4078 intelligere
3579 4007 3698 4077 quod

2150 4110 2301 4174 pater
2335 4116 2521 4171 passus
2548 4110 2629 4156 est
2660 4119 2672 4154 :
2703 4116 2875 4171 neque
2905 4104 3044 4155 enim
3087 4102 3222 4170 ipse,
3247 4099 3341 4153 sed
3372 4101 3534 4153 homo
3580 4100 3697 4167 ejus.

2147 4193 2295 4261 Quod
2322 4194 2373 4248 in
2394 4193 2835 4248 resurrectionem
2862 4191 3035 4246 carnis
3057 4190 3236 4245 venit?
3253 4189 3428 4259 (Joan.
3446 4205 3572 4253 xvtt,
3589 4190 3633 4251 l.
3650 4188 3696 4255 2)

2151 4283 2395 4353 Gloriﬁca
2436 4284 2600 4351 ﬁlium
2633 4324 2649 4350 ,
2696 4293 2751 4335 ut
2800 4284 2936 4348 ﬁlius
2984 4282 3230 4350 gloriﬁcet
3282 4292 3331 4334 te
3366 4279 3699 4333 sicuteidedi-

480 4368 747 4435 molestia,
779 4381 831 4424 et
852 4369 1213 4439 itnpassibilis,
1244 4382 1307 4444 et.
1327 4372 1445 4427 fons
1469 4374 1705 4429 omnium
1746 4389 1863 4445 qua:
1901 4384 2044 4441 sunt,
2075 4384 2127 4443 1)
2152 4375 2216 4428 sti
2244 4382 2533 4444 potestatem
2553 4378 2796 4427 universae
2820 4374 3008 4434 carnis,
3065 4382 3118 4424 ut
3166 4387 3309 4424 omne
3356 4370 3489 4439 quod
3543 4367 3701 4422 dedisti

485 4458 848 4527 requiescens,
878 4474 907 4513 a
930 4476 988 4514 se
1019 4460 1279 4529 perfecta;
1332 4472 1385 4516 et
1423 4462 1619 4517 nullius
1648 4478 1808 4533 egens
1840 4481 1854 4517 :
1910 4464 2050 4520 ﬁlius

483 4562 659 4605 autem
687 4560 745 4605 ut
769 4562 929 4617 esset,
962 4552 1183 4622 accepit,
1242 4553 1365 4608 etin
1397 4554 1449 4607 id
1480 4555 1619 4624 quod
1649 4564 1732 4609 est
1758 4570 1934 4626 agere,
1984 4558 2051 4611 ab

488 4639 695 4693 actione
722 4640 1044 4708 procedens,
1100 4641 1154 4695 in
1208 4642 1583 4711 perfectionem
1621 4645 1861 4707 veniens,
1906 4657 2050 4701 motu

488 4726 716 4783 efﬁcitur
745 4729 1036 4796 plenitudo.
1064 4731 1168 4787 Sed
1197 4732 1443 4801 quoniam
1470 4733 1521 4787 in
1545 4733 1684 4800 ipso,
1710 4744 1764 4789 et
1782 4735 1833 4787 in
1856 4734 2050 4803 ipsum,

488 4826 539 4869 et
590 4832 682 4885 per
735 4817 910 4887 ipsum
952 4819 1235 4891 gignuntur
1256 4821 1466 4888 omnia;
1523 4838 1734 4891 semper
1762 4825 2050 4893 plenitudo,

494 4916 547 4960 et
574 4921 785 4978 semper
813 4911 1204 4978 receptaculum
1233 4921 1331 4977 est,
1377 4926 1481 4981 qua
1508 4911 1712 4968 ratione
1737 4925 1785 4969 et
1814 4915 2055 4984 impossi-

493 4998 613 5051 bilis
638 5008 691 5052 et
722 4999 1004 5067 passibilis.
1038 5002 1177 5071 Ergo
1197 5001 1416 5071 aequalis
1453 5011 1507 5057 et
1528 5002 1837 5071 inaequalis:
1889 5004 2055 5072 Major

490 5088 658 5155 igitur
695 5097 861 5156 pater.
919 5090 1067 5157 Quod
1093 5093 1435 5160 paracletusa
1477 5094 1609 5157 Deo,
1658 5104 1711 5147 et
1761 5110 1788 5147 a
1838 5094 2055 5150 Christo

498 5177 669 5247 (Joaa.
704 5195 795 5245 xv,
825 5180 919 5249 26)
951 5198 967 5235 :
1030 5182 1154 5237 Cum
1183 5186 1367 5237 venerit
1419 5185 1723 5252 paracletus,
1778 5202 1921 5255 quem
1967 5204 2056 5257 ego

2149 4467 2270 4533 ipsi,
2302 4466 2384 4520 det
2409 4466 2505 4533 ipsi
2529 4466 2677 4518 vitam
2702 4474 2958 4518 (sternam.
3015 4462 3156 4531 Ergo
3212 4476 3317 4515 non
3365 4463 3535 4515 solum
3563 4459 3702 4513 homo

2153 4556 2413 4621 Christus,
2442 4556 2536 4612 sed
2570 4556 2780 4611 Deusin
2811 4554 3044 4608 homine.
3094 4552 3244 4620 Quod
3299 4552 3401 4606 hoc
3452 4552 3518 4604 sit
3560 4550 3699 4603 vitam

2153 4648 2349 4703 habere
2374 4688 2387 4711 ,

2155 4737 2313 4803 (Ibid.
2330 4738 2385 4803 5)
2408 4758 2419 4790 :
2444 4734 2533 4789 Est
2558 4746 2723 4788 autem
2742 4748 2928 4788 «eterna
2948 4734 3070 4797 vita,
3099 4740 3155 4784 ut
3184 4740 3489 4799 cognoscant
3507 4740 3550 4782 te
3567 4744 3698 4781 unum

2155 4837 2202 4880 et
2230 4841 2401 4880 verum
2430 4824 2610 4889 Deum,
2668 4835 2714 4877 et
2766 4839 2911 4893 quem
2934 4821 3218 4892 prcemisisti
3239 4817 3273 4871 J
3280 4836 3418 4872 esum
3448 4816 3695 4872 Christum.

2156 4915 2305 4983 Quod
2332 4916 2428 4969 fuit
2455 4922 2578 4968 ante
2604 4913 2858 4968 mundum
2884 4911 3045 4983 (Ibid.
3075 4911 3162 4979 5):
3219 4907 3287 4961 Et
3342 4924 3474 4961 nunc
3503 4907 3699 4977 glori/ira

2156 5024 2254 5072 me,
2285 5017 2445 5074 pater,
2480 5006 2617 5075 apud
2645 5015 2691 5059 te
2714 5006 2879 5076 ipsum
2908 5005 3090 5072 gloria,
3112 5018 3261 5071 quam
3289 5002 3442 5054 habui
3468 5009 3697 5069 antequam

2159 5098 2375 5148 nuutdus
2402 5105 2547 5147 esset.
2592 5094 2741 5161 Quod
2772 5094 3012 5148 homines
3040 5107 3069 5145 a
3103 5092 3231 5154 Deo,
3287 5105 3393 5143 non
3442 5099 3602 5142 tamen
3639 5103 3689 5142 ex

2163 5187 2271 5240 Deo
2284 5186 2335 5257 (Ι
2345 5203 2458 5239 oan.
2480 5201 2606 5248 xvtt,
2630 5183 2684 5247 6,
2703 5186 2787 5255 7):
2815 5182 3135 5252 Manifestavi
3157 5183 3227 5235 tui
3251 5197 3431 5235 nomen
3456 5178 3693 5232 hominibus

2458 4646 2675 4701 credere
2725 4646 2775 4698 in
2824 4644 3102 4698 Dominum
3177 4651 3231 4695 et
3288 4642 3338 4693 in
3392 4640 3555 4693 ﬁlium
3604 4640 3699 4706 ejus

1798 5293 1879 5348 VA
1892 5293 2148 5350 RIORUM
2189 5295 2409 5349 NOTAE.

504 5402 710 5521 "Misit
746 5403 969 5460 Christus
1009 5404 1164 5460 Deus.
1221 5407 1361 5491 Edit.
1419 5406 1577 5461 Basil.
1642 5407 1774 5459 misit
1808 5404 2066 5460 Christum

555 5487 657 5521 em.

555 5487 657 5521 ειη.

578 5538 642 5589 Id
694 5553 764 5596 est
821 5545 953 5612 quod
1010 5555 1097 5597 est.
1154 5543 1241 5599 Sic
1295 5544 1424 5599 edit.
1508 5545 1674 5601 Paris.
1727 5546 1980 5615 elLugd.
2013 5556 2068 5599 ut

2169 5409 2328 5463 Basil.
2362 5411 2414 5461 in
2439 5409 2488 5460 id
2508 5409 2639 5478 quod
2663 5417 2752 5462 est.
2786 5408 2853 5461 Et
2871 5407 3065 5478 (statim,
3091 5422 3103 5457 :
3144 5415 3350 5458 sanctus
3379 5414 3543 5457 autem
3569 5402 3689 5472 Spiri-

2168 5492 2247 5532 tus
2274 5495 2509 5547 operam,
2540 5480 2762 5545 operatio
2788 5479 2841 5528 in
2863 5477 2914 5528 id
2933 5477 3067 5543 quod
3093 5484 3164 5528 est
3186 5488 3501 5542 regenerore.
