3950 6206
243 279 382 336 1049

1395 278 1753 334 Αιινιίιιδιες
1796 277 2004 333 ARIUM
2047 277 2241 332 LIBER
2287 281 2320 332 Ι.

3340 275 3475 330 10:30

241 404 372 459 quos
390 388 571 444 dedisti
592 391 732 443 milii.
773 390 848 444 Ex
875 391 1332 445 istomanii’estum
1376 390 1514 460 quod
1565 405 1668 442 non
1695 403 1807 442 om-
1833 391 2054 454 Aenim
2087 391 2242 444 modo
2274 381 2446 444 utilius
2489 389 2659 458 potuit
2706 388 2904 452 videre,
2951 387 3104 442 sicuti
3154 386 3353 441 dictum
3395 395 3476 440 est

243 493 346 534 nes
377 480 446 532 tui
469 489 632 544 erant,
681 490 724 531 et
763 481 886 531 milii
921 495 1001 533 cos
1033 479 1233 545 dedisti,
1273 489 1316 532 ct
1338 481 1534 532 verbum
1558 487 1695 530 tuum
1720 495 1806 529 cu-

240 570 522 623 stodierunt
552 585 570 622 :
620 568 771 622 Nunc
814 581 1167 639 cognoverunt,
1212 571 1449 640 quoniam
1488 569 1656 622 omnia
1699 583 1809 635 qua:

243 661 370 711 mihi
393 660 592 721 dedisti,
618 676 647 710 α
671 675 715 712 te
740 671 874 714 sunt.
908 661 968 713 Et
1001 660 1124 728 quid
1150 661 1410 724 mirabile,
1448 662 1489 711 si
1517 659 1755 712 homines
1777 675 1806 710 a

244 749 382 814 Deo,
405 750 448 801 si
472 759 524 802 et
543 763 688 814 caro,
712 749 850 818 quod
876 751 987 817 ipse
1009 765 1124 802 eam
1151 752 1387 802 ionuavu
1413 750 1432 800 ?
1459 749 1590 813 Quid
1619 748 1808 815 igitur?

245 844 500 911 numquid
522 845 598 897 sic
619 845 958 898 etChristus?
987 845 1153 898 Absit.
1202 844 1364 896 Totus
1404 844 1486 896 hic
1529 845 1674 895 locus
1708 843 1809 896 hoc

245 935 572 1003 struit,quod
589 935 825 989 homines
841 953 867 986 a
886 937 1146 999 Deosunt,
1160 935 1250 990 sed
1270 950 1372 987 non
1389 950 1589 988 omnes.
1607 935 1809 987 Rursus

244 1035 304 1081 et
319 1027 477 1090 istud,
490 1028 627 1096 quod
641 1028 880 1081 Christus
893 1043 1000 1082 erat
1016 1039 1138 1082 ante
1159 1028 1586 1081 constitutionem
1605 1029 1807 1092 mundi,

244 1121 389 1189 quod
411 1135 584 1175 Omnia
611 1120 816 1174 tradidit
847 1131 994 1190 pater
1018 1123 1144 1182 ﬁlio,
1170 1122 1212 1173 si
1237 1131 1292 1174 et
1315 1135 1506 1173 nomen
1531 1107 1698 1182 dedit,
1726 1120 1807 1172 di-

245 1211 319 1263 cit
339 1212 480 1263 enim
506 1210 665 1282 (Ibid.
695 1212 780 1282 12)
811 1229 826 1266 :
851 1213 1103 1267 Custodivi
1137 1228 1221 1267 eos
1241 1213 1292 1266 in
1315 1213 1507 1264 nomine
1534 1222 1638 1276 tuo,
1685 1227 1811 1280 quos

245 1302 372 1354 mihi
399 1303 596 1356 dedisti.

320 1389 433 1445 XV.
471 1393 734 1447 Habemus
763 1409 890 1462 ergo
941 1393 1078 1462 quod
1123 1392 1364 1448 Christus
1414 1394 1573 1447 habet
1619 1408 1811 1447 nomen

243 1483 433 1551 patris,
470 1483 682 1551 etquod
707 1484 815 1536 vita
846 1493 950 1547 est,
995 1493 1050 1538 et
1092 1483 1251 1537 habet
1298 1493 1636 1552 protestatem
1684 1483 1813 1536 dare

244 1574 443 1627 vivere.
472 1575 620 1639 Quod
653 1575 768 1643 ipse
795 1576 898 1628 vita
928 1583 1033 1640 est,
1076 1584 1129 1628 et
1175 1587 1320 1643 paler
1350 1578 1474 1640 vita,
1519 1576 1714 1627 dictant
1734 1583 1816 1626 est

244 1663 424 1736 (Joau.
462 1682 532 1728 vr,
565 1665 687 1734 58):
745 1665 885 1718 Jlisit
934 1682 1012 1718 me
1041 1669 1388 1737 patervivens.
1455 1665 1521 1719 Et
1576 1666 1688 1719 haec
1735 1676 1815 1719 cst

1912 481 2086 550 (Joan.
2120 497 2157 545 l,
2197 480 2284 552 18)
2311 499 2320 532 ;
2359 479 2675 552 Unigenitus,
2701 481 2784 547 qui
2809 491 2880 532 est
2904 479 2956 532 in
2979 479 3164 549 gremio
3189 479 3366 548 patris,
3390 477 3477 530 ille

1910 572 2178 626 enarravit.
2209 570 2360 637 Quod
2389 581 2470 623 est
2498 585 2615 624 esse
2645 569 2842 623 Deum?
2873 572 2922 621 in
2961 568 3163 636 gremio
3211 566 3370 630 enim,
3423 574 3477 620 et

1912 663 1962 715 in
1984 669 2151 736 μήτρᾳ
2179 662 2510 723 substantiae,
2532 660 2813 730 ὁμοούσιον,
2845 669 3082 726 uterque,
3129 667 3180 710 et
3234 657 3476 710 substan-

1914 759 1980 809 tia
2013 755 2361 808 etdivinitate
2382 756 2700 816 consistens,
2745 760 2968 820 uterque
3023 751 3074 803 in
3123 759 3366 818 utroque,
3423 759 3476 803 et

1910 843 2180 913 Cognoscit
2210 853 2426 912 uterque
2448 851 2746 910 utrumque.

1981 935 2116 988 XVI.
2150 935 2284 998 Quid
2315 934 2492 1002 igitur,
2525 943 2576 986 et
2605 942 2657 986 tu
2688 932 2983 995 Valentino,
3006 929 3176 985 dicis?
3207 931 3467 986 Processit

1911 1028 2112 1096 primus
2133 1029 2249 1080 αἰὼν
2271 1065 2286 1091 ,
2333 1036 2385 1078 et
2413 1025 2593 1078 volens
2624 1025 2801 1077 videre
2828 1029 3026 1091 patrem
3059 1037 3163 1074 non
3194 1022 3374 1090 potuit.
3410 1021 3466 1074 In

1910 1117 2112 1187 gretuio
2141 1116 2302 1184 patris
2347 1129 2463 1169 esse
2515 1115 2712 1176 ﬁlium,
2759 1122 2813 1167 ct
2837 1128 3046 1180 serui-ter
3075 1127 3193 1166 esse
3242 1111 3472 1166 Joannes

1911 1209 2054 1262 dicit.
2103 1207 2216 1260 Non
2267 1206 2436 1260 solum
2469 1220 2594 1271 ergo
2647 1212 2846 1273 patrem
2879 1203 3016 1256 videt
3043 1244 3056 1268 ,
3095 1203 3185 1256 sed
3215 1203 3369 1255 etiam
3422 1201 3476 1256 it

1914 1307 2062 1368 patre
2099 1312 2309 1364 semper
2349 1307 2450 1349 est.
2481 1294 2632 1360 Quod
2681 1302 2763 1347 est
2812 1308 3055 1362 magmnn
3090 1302 3358 1362 peccaturo
3386 1289 3480 1346 td-

1914 1405 2122 1444 versmn
2147 1399 2384 1441 sanctum
2418 1388 2665 1456 Spiritqu
2692 1386 2867 1440 dicere
2892 1383 3101 1457 (Matth.
3135 1399 3226 1448 stt,
3251 1385 3308 1437 3|
3327 1423 3341 1446 ,
3365 1381 3475 1451 52):

1917 1481 2093 1538 Omnis
2133 1482 2445 1552 blasphemia
2471 1490 2516 1533 et
2561 1489 2817 1547 peccatum
2865 1479 3142 1530 remittetur
3172 1475 3472 1529 hominibus.

1918 1571 1984 1626 Et
2014 1574 2056 1625 si
2077 1574 2188 1641 quis
2219 1573 2402 1625 dixerit
2429 1586 2705 1623 sermonem
2743 1570 3006 1621 adversum
3034 1569 3195 1633 ﬁliuni
3223 1567 3439 1619 hominis
3461 1605 3476 1628 ,

1916 1666 2192 1719 remittetur
2244 1664 2328 1716 ei:
2372 1662 2471 1726 Qui
2513 1673 2677 1713 autem
2723 1661 2904 1712 dixerit
2947 1657 3204 1710 aduersum
3256 1665 3482 1709 sanctum

244 1757 538 1810 substantia
573 1759 660 1810 Dei
684 1769 736 1811 et
760 1756 978 1823 Christi,
1009 1758 1256 1830 ὁμοούσιοι
1283 1774 1426 1828 ergo.
1472 1760 1670 1812 Deinde
1701 1759 1810 1812 dic-
1842 1755 1884 1813 B
1913 1757 2178 1824 Spiritum,
2209 1771 2309 1806 non
2339 1755 2614 1807 remittetur
2639 1753 2685 1805 ei
2709 1767 2863 1820 neque
2884 1752 2935 1803 in
2961 1751 3058 1802 isto
3081 1748 3288 1811 uacula,
3319 1762 3474 1814 neque

242 1854 352 1900 tum
379 1856 479 1912 est,
509 1847 684 1902 lumen
707 1848 967 1912 ChriStus,
995 1859 1047 1902 et
1080 1850 1214 1903 Deus
1243 1863 1419 1902 verum
1447 1849 1620 1902 lmneu
1653 1866 1663 1900 :
1712 1849 1809 1901 ista

242 1941 387 1992 enim
411 1938 478 1992 ad
502 1939 901 2007 intelligentiam
931 1957 944 1993 :
992 1954 1118 1992 num
1141 1940 1280 1992 aliud
1304 1950 1385 1994 est
1407 1940 1636 2007 Spiritus
1660 1954 1811 1992 sane-

251 2028 375 2081 tus?
400 2027 559 2080 Nihil.
585 2029 735 2095 Quod
757 2029 948 2082 deinde
971 2031 1169 2094 lumen,
1214 2045 1318 2082 non
1357 2031 1649 2082 substantia
1677 2047 1688 2081 :
1735 2031 1812 2083 sic

239 2131 372 2186 ergo
393 2117 653 2187 ὁμοούσια.
682 2118 748 2172 Ει
771 2121 945 2171 omnia
970 2134 1085 2187 qua:
1113 2117 1268 2172 habet
1288 2119 1444 2182 Deus,
1472 2118 1628 2173 habet
1653 2118 1808 2181 ﬁlius,

241 2209 500 2282 ὁμοούσια
523 2225 668 2280 ergo.
689 2211 793 2267 Sed
816 2211 882 2266 de
905 2211 1005 2264 isto
1048 2211 1326 2279 posterius.
1379 2211 1528 2276 Quod
1556 2221 1709 2262 natus
1731 2219 1812 2262 est

243 2296 422 2370 (Joan.
447 2314 594 2365 xvm,
619 2300 708 2364 tl)
736 2317 748 2354 :
775 2299 842 2352 In
863 2300 995 2353 istud
1018 2311 1163 2353 natus
1184 2317 1316 2362 simi,
1366 2311 1411 2352 et
1434 2301 1485 2351 in
1531 2300 1662 2351 istud
1701 2299 1810 2350 veni

237 2390 291 2441 in
319 2389 599 2451 mundum,
649 2400 704 2442 ut
748 2405 984 2458 regnem.
1047 2391 1198 2456 Quod
1241 2405 1270 2444 a
1326 2390 1536 2442 Christo
1583 2389 1809 2457 Spiritus

240 2489 459 2534 sanctus
481 2478 657 2550 (locu.
685 2495 752 2533 xx
776 2520 790 2545 ,
817 2480 905 2549 2|)
931 2497 946 2532 :
992 2478 1270 2548 lusu/ﬂavit
1302 2479 1542 2532 Christus
1566 2489 1612 2531 et
1640 2479 1766 2530 dixit
1795 2496 1806 2530 :

242 2572 468 2639 Accipite
509 2570 758 2639 Spiritum
801 2583 1046 2624 sanctum.
1113 2571 1213 2624 ista
1280 2572 1452 2623 omnia
1519 2569 1806 2623 secundum

243 2660 592 2729 Evangelium
638 2661 875 2715 Joannis.
926 2660 1209 2714 Videamus
1255 2661 1410 2714 etiam
1439 2670 1489 2714 ct
1514 2661 1806 2713 secundum

243 2751 550 2804 Matthzrutu
583 2765 744 2811 patica
771 2765 785 2813 ;
813 2751 1002 2803 similia
1041 2753 1181 2804 enim
1209 2759 1489 2816 prmtereo.
1557 2749 1706 2815 Quod
1756 2757 1810 2802 et

241 2849 457 2893 Satanas
480 2844 669 2893 latetur
697 2839 962 2893 Christum
992 2840 1081 2893 Dei
1112 2855 1229 2892 esse
1275 2841 1460 2904 lilium,
1505 2840 1630 2893 diett
1667 2842 1805 2893 enim

242 2929 459 3001 (Matth.
489 2946 564 2993 tv,
600 2931 652 2996 ὅ,
678 2931 733 3000 6)
763 2951 775 2984 :
830 2933 889 2986 Si
933 2942 984 2984 tu
1026 2948 1076 2984 es
1120 2930 1284 2984 Filius
1317 2929 1429 2983 Dei.
1478 2932 1541 2984 Et
1565 2931 1701 2985 istud
1729 2945 1808 2984 ter

243 3022 376 3076 dicit
401 3040 413 3074 :
441 3021 544 3076 Sed
568 3023 618 3074 in
643 3022 876 3076 secundo
900 3025 1157 3076 conﬁtens
1179 3022 1246 3075 de
1291 3023 1395 3075 ﬁlio
1432 3023 1521 3077 Dei
1565 3024 1802 3087 tentavit,

1915 1850 1966 1900 iu
1997 1846 2429 1917 futuro.Primum
2463 1842 2875 1913 respiciendum,
2909 1842 3047 1910 quod
3072 1841 3300 1907 Spiritus
3328 1853 3482 1892 sanc-

1917 1952 1999 1993 IIIS
2054 1941 2144 1992 Dei
2180 1949 2277 1992 est.
2317 1939 2612 1990 Dixitenim
2648 1935 2810 2006 (Ibid.
2839 1976 2854 2000 ,
2891 1933 2983 2003 9.8)
3028 1950 3042 1986 :
3077 1931 3141 1984 In
3176 1931 3356 1998 spiritu
3386 1928 3482 1982 Dei

1914 2048 2004 2102 ego
2022 2033 2172 2101 ejicio
2202 2031 2468 2084 dwmouia.
2511 2029 2707 2081 Deinde
2735 2027 2803 2080 de
2829 2023 3159 2092 hlaSphemia
3188 2033 3240 2074 et
3269 2031 3481 2090 peccato

1913 2123 2053 2191 quod
2094 2130 2382 2190 peccarnut
2426 2118 2592 2173 Judaei
2621 2160 2634 2182 ,
2684 2117 2840 2172 sicuti
2871 2116 3040 2177 dixit,
3067 2115 3220 2182 quale
3269 2126 3389 2166 esse
3428 2112 3479 2164 iu

1911 2222 2152 2265 sanctum
2179 2212 2452 2279 Spiritum.
2486 2209 2742 2272 Primum,
2763 2206 2900 2277 quod
2924 2204 3254 2274 blasphemia
3281 2211 3331 2256 et
3361 2217 3481 2271 pec-

1911 2311 2083 2355 catum
2127 2301 2177 2354 iu
2223 2301 2474 2369 Spiritum
2523 2308 2762 2352 sanctum
2812 2313 2916 2348 non
2957 2296 3253 2348 remittetur
3305 2293 3477 2346 alicui.

1913 2394 2190 2446 Peccatum
2246 2400 2328 2446 est
2353 2432 2366 2452 ,
2413 2389 2791 2460 blasphetniter
2819 2404 2938 2442 cum
2969 2387 3237 2441 voluntate
3279 2387 3475 2442 dicere.

1911 2481 2015 2535 Sed
2046 2481 2180 2535 istud
2229 2499 2332 2533 non
2363 2481 2574 2534 sufﬁcit.
2613 2481 2750 2534 Dixit
2794 2477 3116 2534 secundum:
3166 2478 3369 2531 etiamsi
3400 2478 3482 2530 in-

1911 2573 2262 2641 vitusaltquis
2291 2573 2416 2625 dicit
2465 2572 2904 2640 qualemcumque
2951 2583 3288 2632 sernmnem,
3339 2567 3480 2637 quod

1911 2680 2017 2718 non
2049 2675 2130 2718 est
2163 2673 2434 2732 peccatmn
2458 2704 2472 2723 ,
2507 2678 2608 2714 non
2657 2662 2981 2728 relinquetur
3007 2660 3078 2712 illi
3111 2661 3160 2711 in
3202 2660 3346 2712 otnui
3374 2673 3478 2712 sm-

1910 2754 2050 2807 Culo.
2083 2754 2134 2807 Si
2159 2755 2316 2822 igitur
2341 2762 2556 2804 sanctus
2587 2751 2846 2817 Spiritus;
2899 2750 2988 2802 Dei
3034 2749 3263 2815 Spiritus
3286 2757 3398 2813 est,
3425 2758 3480 2803 et

1909 2851 2122 2896 sanctus
2161 2843 2390 2910 Spiritus
2420 2857 2449 2892 a
2495 2841 2583 2894 Dei
2632 2840 2740 2892 ﬁlio
2786 2840 2960 2892 omnia
2993 2839 3182 2900 habet;
3216 2854 3317 2891 una
3344 2840 3470 2894 sub-

1910 2937 2100 2989 stantia
2134 2934 2302 2987 tribus
2352 2949 2380 2986 a
2428 2933 2724 2986 substantia
2769 2934 2962 3000 patris,
3021 2934 3302 3002 ὁμοούσιατ
3353 2947 3480 3002 ergo

1912 3027 2009 3078 tria
2035 3064 2049 3087 ,
2080 3023 2180 3077 hoc
2202 3031 2318 3086 est,
2349 3023 2509 3076 simul
2538 3024 2707 3077 οὐσία.
2736 3020 2788 3075 Si
2817 3021 2956 3074 enim
2989 3022 3150 3088 patris
3178 3022 3473 3075 substantia

245 3113 290 3167 si
339 3111 451 3180 ipse
499 3122 640 3166 eSset
684 3111 948 3176 Christus,
975 3113 1104 3166 dicit
1125 3114 1265 3166 enim
1293 3127 1310 3163 :
1345 3113 1510 3164 Filius
1541 3129 1590 3165 es
1614 3123 1667 3164 tu
1695 3112 1804 3179 Dei,
1835 3113 1878 3175 C
1911 3115 2170 3182 Spiritus;
2202 3125 2254 3168 et
2284 3113 2447 3177 ﬁlius,
2480 3113 2728 3181 Spiritus,
2752 3123 2965 3165 sanctus
2995 3123 3169 3165 autem
3208 3113 3435 3181 Spiritus
3459 3155 3474 3180 ,

244 3204 382 3256 mitte
403 3212 451 3254 te
479 3203 737 3256 deorsum.
783 3203 1040 3271 Scriptum
1071 3214 1142 3254 est
1184 3204 1316 3254 enim
1350 3220 1362 3253 :
1415 3203 1550 3269 quod
1604 3201 1808 3270 Angelis

241 3295 349 3348 suis
371 3294 626 3363 prmcipict
656 3297 716 3347 de
737 3304 800 3346 te.
848 3294 1181 3356 Conﬁtetur;
1218 3294 1306 3362 qui
1330 3294 1474 3354 dicit,
1511 3295 1572 3347 de
1601 3305 1664 3359 te,
1719 3293 1808 3347 Dei

243 3385 409 3438 tilium
433 3388 733 3452 conﬁtetur,
759 3398 810 3440 et
835 3385 973 3438 hunc
1001 3385 1302 3439 conﬁtetur.
1330 3384 1528 3438 Deinde
1551 3387 1808 3438 conﬁten-

244 3485 328 3532 tur
375 3491 559 3530 rursus
598 3479 867 3533 diemones
911 3478 1061 3550 (Luc.
1111 3493 1183 3541 tv,
1219 3478 1334 3544 at).
1399 3475 1615 3529 Exibunt
1658 3477 1807 3528 etiam

241 3569 491 3622 daemonia
516 3586 545 3620 a
573 3569 761 3630 multis,
790 3570 1122 3622 exclamantia
1143 3578 1189 3621 et
1215 3567 1430 3622 dicentia
1448 3582 1466 3619 :
1499 3565 1574 3618 Tu
1597 3583 1648 3618 es
1671 3566 1809 3632 ﬁlius

244 3659 358 3713 Dei.
379 3659 538 3721 Audi,
563 3659 677 3726 Ari,
702 3659 845 3726 audi,
870 3660 1081 3724 Eusebi,
1100 3669 1151 3713 et
1171 3673 1356 3712 omnes
1381 3658 1577 3721 audite,
1603 3658 1805 3724 Ariani,

243 3759 295 3803 et
316 3750 545 3802 maxime
571 3751 657 3819 qui
688 3750 862 3803 dicitis
886 3751 952 3803 ab
975 3765 1038 3804 eo
1061 3765 1166 3817 quo
1216 3759 1296 3802 est
1336 3763 1455 3802 esse
1498 3745 1765 3801 Christum
1791 3765 1803 3801 ;

241 3842 332 3896 sed
355 3843 646 3895 secundum
675 3843 935 3910 serpentis
961 3841 1322 3896 intellectum:
1373 3838 1618 3909 quoniam
1661 3848 1808 3906 pater

240 3931 292 3986 ὃν
315 3943 417 3994 eSt,
451 3933 539 3998 qui
569 3929 691 3985 fecit
711 3931 978 3984 Christum
1006 3949 1019 3985 :
1072 3932 1195 3984 Ideo
1238 3947 1297 3983 es
1333 3946 1394 3983 eo
1418 3930 1556 3998 quod
1583 3937 1662 3982 est
1687 3942 1808 3982 esse

239 4023 408 4078 ﬁlium
435 4023 692 4077 diecntes.
718 4023 907 4076 Audite
927 4037 1074 4092 ergo,
1109 4023 1272 4075 ﬁlium
1299 4021 1426 4074 dicit
1455 4020 1545 4074 Dei
1571 4029 1802 4083 satanas,

241 4116 324 4169 cui
351 4115 594 4182 promisit
623 4129 840 4182 regnum
867 4113 1066 4171 mundi,
1097 4115 1194 4169 scit
1217 4113 1391 4164 omnia
1414 4125 1531 4180 quae
1557 4111 1805 4177 insuper-

241 4206 361 4259 ais:
415 4203 537 4256 inde
571 4205 711 4257 enim
747 4214 846 4256 est.
901 4204 1034 4268 Quid
1079 4205 1218 4257 enim
1254 4213 1369 4271 post
1399 4201 1606 4255 tertiam
1632 4210 1803 4253 tenta-

240 4295 464 4357 tionezn,
493 4293 630 4361 quod
661 4292 904 4346 diabolus
929 4294 1212 4355 abscessit,
1235 4291 1510 4346 confessus
1532 4301 1614 4344 est.
1639 4291 1800 4343 lilium

240 4400 362 4441 esse
387 4385 512 4439 Dei?
549 4383 694 4449 Quod
720 4393 772 4438 et
793 4384 1060 4438 daemones
1096 4384 1342 4437 dixerunt
1384 4383 1546 4436 ﬁlium
1571 4397 1690 4436 esse
1715 4381 1803 4434 Dei

1911 3205 2074 3274 patris
2128 3215 2208 3258 est
2241 3203 2494 3272 Spiritus?
2543 3203 2596 3256 Ιιι
2649 3204 2966 3271 quoortlioe
3007 3205 3214 3270 ponitur
3263 3216 3479 3259 sanctus

1909 3296 2176 3364 Spiritus?
2203 3306 2256 3350 et
2309 3295 2557 3362 prcecedit
2587 3297 2765 3359 enim,
2796 3297 2837 3347 si
2895 3297 3056 3362 patris
3083 3307 3164 3349 est
3213 3297 3474 3363 Spiritus;

1908 3397 1962 3441 et
1990 3387 2246 3457 sequitur,
2297 3387 2338 3440 si
2392 3402 2418 3439 a
2454 3388 2563 3439 tilio
2595 3387 2751 3440 habet
2797 3389 2934 3456 quod
2967 3400 3066 3441 est.
3103 3389 3166 3442 Et
3199 3403 3382 3442 rursus
3413 3387 3476 3441 ﬁ-

1909 3477 2009 3531 lius
2029 3519 2042 3541 ,
2073 3477 2357 3532 secundum
2387 3479 2524 3547 quod
2553 3477 2783 3547 Spiritus
2802 3521 2816 3542 ,
2851 3495 2985 3531 "IIIIS
3014 3488 3094 3531 est
3123 3490 3174 3533 et
3220 3492 3387 3546 pater,
3417 3490 3477 3533 et

1910 3568 2068 3621 estin
2124 3567 2228 3620 ﬁlio
2260 3576 2436 3635 pater,
2469 3579 2522 3621 et
2567 3583 2754 3622 omnes
2784 3569 2834 3621 in
2889 3569 3103 3620 alternis
3151 3570 3472 3622 existentes:

1909 3674 2034 3728 ergo
2065 3660 2322 3731 ὁμοούσιοι
2369 3671 2524 3721 sunt,
2558 3677 2713 3713 unam
2757 3671 2814 3715 et
2843 3662 3080 3714 eamdem
3130 3661 3474 3715 substantiam

1911 3750 2164 3805 habentes
2183 3794 2195 3816 ,
2223 3762 2276 3806 et
2303 3767 2504 3820 semper
2535 3754 2691 3807 simul
2715 3753 2974 3824 ὀμοούσιοι
2999 3753 3172 3806 divina
3200 3753 3477 3809 aﬂectione

1907 3847 2194 3896 secundum
2267 3844 2523 3898 actionem
2589 3845 2979 3899 subsistentiam
3050 3845 3311 3914 propriam
3384 3847 3476 3900 ha-

1911 3933 2114 3986 Dentes.

1979 4021 2140 4076 XVII.
2193 4022 2296 4076 Sed
2328 4024 2423 4076 ista
2478 4038 2664 4078 rursus
2696 4023 2962 4077 sufﬁciunt
2991 4023 3142 4076 nobis
3169 4039 3286 4092 quae
3335 4023 3473 4078 dicta

1907 4119 2032 4162 sunt
2062 4111 2110 4162 in
2140 4111 2460 4176 Evangeliis.
2483 4113 2632 4179 Quod
2659 4113 2901 4166 Christus
2931 4113 3020 4166 Dei
3053 4113 3192 4166 ﬁlius
3220 4114 3331 4182 ipse
3357 4113 3472 4166 Sal-

1908 4211 2056 4253 vator
2103 4201 2228 4254 dicit
2268 4201 2476 4267 (Matth.
2516 4219 2654 4265 xm,
2687 4201 2773 4262 45,
2807 4203 2938 4270 46):
2989 4203 3252 4267 Quomodo
3304 4203 3474 4257 dicunt

1909 4291 2159 4346 Christum
2187 4293 2350 4356 ﬁlium
2383 4293 2545 4346 David
2570 4310 2674 4347 esse
2697 4334 2710 4354 ,
2744 4304 2788 4346 et
2819 4295 2925 4362 ipse
2953 4293 3120 4346 David
3164 4295 3286 4348 dicit
3327 4297 3378 4348 in
3413 4296 3475 4348 li-

1908 4385 1994 4438 bro
2026 4385 2381 4440 Psalmorum:
2415 4387 2552 4440 Dixit
2595 4386 2841 4440 Dominus
2874 4387 3086 4440 Domino
3132 4405 3269 4450 utea,
3301 4388 3417 4440 sede
3441 4404 3472 4440 a

240 4475 431 4544 (Marc.
457 4490 495 4541 ι,
519 4476 608 4542 24)
634 4492 648 4528 :
675 4473 808 4534 Quid
833 4475 971 4526 nobis
998 4483 1043 4526 et
1065 4474 1168 4536 tibi,
1196 4473 1270 4538 ﬁli
1293 4470 1407 4534 Dei,
1426 4471 1627 4524 venisti?
1655 4470 1802 4536 Quod
1834 4467 1886 4526 D
1911 4477 2098 4528 dextris
2127 4476 2288 4528 meis?
2321 4476 2483 4530 David
2507 4493 2624 4544 ergo
2657 4476 2927 4530 Dominum
2954 4488 3094 4530 vocat
3119 4519 3132 4538 ,
3162 4489 3209 4530 et
3229 4478 3472 4541 quomodo

242 4581 348 4620 non
380 4575 586 4633 oportet
609 4564 848 4618 dubitare
871 4563 936 4617 de
959 4563 1172 4617 Christo
1195 4561 1406 4629 (Matth.
1435 4576 1508 4625 st,
1533 4560 1587 4629 6)
1617 4578 1630 4615 :
1670 4558 1802 4612 Bea-

241 4665 320 4708 tus
343 4666 417 4709 est
443 4656 527 4723 qui
549 4671 644 4712 non
669 4654 1044 4708 scandalizatur
1066 4654 1118 4706 in
1147 4669 1241 4706 me.
1299 4651 1451 4717 Quod
1499 4651 1671 4704 omnia
1715 4665 1808 4718 pa-

241 4748 335 4801 tris
360 4745 498 4799 lilius
525 4747 675 4798 habet
700 4744 859 4816 (Ibid.
892 4745 1020 4815 27):
1071 4744 1254 4798 Omnia
1293 4743 1413 4795 nti/ti
1463 4742 1645 4794 tradita
1689 4750 1807 4794 sunt

241 4853 272 4888 a
291 4849 456 4904 patre,
484 4835 650 4887 nullus
675 4835 928 4904 cognoscit
973 4835 1137 4902 ﬁlium
1165 4836 1263 4888 nisi
1297 4845 1454 4901 pater,
1487 4848 1575 4885 nec
1615 4845 1806 4900 patrem

242 4927 340 4980 nisi
363 4924 500 4992 ﬁlius
527 4925 798 4994 cognoscit,
837 4934 885 4976 et
935 4925 1016 4976 cui
1067 4924 1171 4976 vult
1215 4924 1353 4990 ﬁlius
1399 4923 1634 4975 revelare.
1677 4923 1806 4986 Quin

243 5030 424 5078 causa,
469 5013 639 5067 solum
683 5015 847 5069 illium
880 5015 1017 5069 scire
1075 5023 1300 5083 patrem,
1353 5023 1443 5066 aut
1499 5025 1700 5082 patrem
1753 5022 1808 5066 ut

243 5112 530 5176 cognosvat
561 5104 756 5158 lilium?
785 5105 885 5160 nisi
909 5104 1048 5175 quod
1071 5105 1246 5159 nullus
1272 5104 1431 5159 habet
1459 5105 1805 5158 substantiam

243 5198 380 5266 ejus.
405 5197 594 5252 Omnia
615 5199 754 5251 enim
785 5212 902 5266 qua:
930 5197 980 5251 in
1005 5197 1338 5261 claritudine,
1363 5197 1487 5251 etin
1513 5195 1804 5262 divinitate,

245 5287 296 5342 in
321 5289 576 5356 potentia,
600 5288 651 5340 in
677 5286 786 5355 ipsa
810 5287 1020 5342 actione
1043 5297 1095 5342 et
1129 5297 1452 5356 cognoscunt
1483 5296 1704 5355 patrem,
1756 5295 1810 5341 et

244 5379 445 5435 colunt.
509 5377 611 5433 Sed
662 5377 910 5444 quoniam
952 5393 1293 5447 cognoscere,
1372 5378 1473 5432 hoc
1523 5387 1624 5442 est,
1671 5377 1808 5432 scire

245 5467 408 5538 ipsius
434 5467 544 5533 Dei,
572 5467 742 5536 ipsum
771 5466 910 5536 quod
939 5476 1021 5521 est
1050 5467 1100 5522 ei
1120 5482 1257 5528 esse.
1293 5467 1394 5523 hoc
1413 5478 1512 5533 est,
1561 5465 1808 5520 subsuta-

242 5562 367 5615 tiam
389 5561 546 5628 ejus:
578 5559 776 5613 ideirco
800 5559 977 5613 nullus
997 5559 1270 5628 cognoscit
1295 5560 1480 5623 Deum,
1527 5556 1628 5610 nisi
1683 5557 1808 5612 sub-

244 5657 495 5712 stantiam
517 5655 758 5713 eamdetn
777 5654 978 5712 habens
990 5654 1150 5723 ﬁlius,
1170 5664 1222 5712 et
1237 5655 1433 5712 habens
1449 5652 1516 5710 ab
1530 5655 1664 5723 ipso.
1685 5653 1805 5712 Alio

1913 4565 2050 4634 ﬁlms
2075 4566 2219 4633 ejus?
2271 4565 2325 4618 in
2375 4567 2476 4619 isto
2504 4566 2771 4620 Cbristunt
2819 4577 2872 4620 et
2920 4580 3200 4634 antequam
3248 4569 3471 4622 essetin

1909 4671 2068 4708 carne
2095 4671 2209 4709 mea
2230 4695 2244 4718 ,
2279 4664 2332 4709 et
2355 4655 2597 4724 spiritum
2632 4657 2720 4709 Dei
2748 4671 2895 4722 esse,
2941 4666 2994 4709 et
3026 4657 3185 4708 Deum
3215 4669 3335 4711 esse
3362 4658 3474 4726 ipse

1910 4747 2024 4800 hmo
2049 4747 2394 4800 demonstrat.
2429 4745 2714 4800 Videamus
2742 4747 2900 4815 igitur
2929 4755 2982 4801 et
3010 4747 3320 4816 Apostoium
3341 4788 3356 4814 ,
3387 4747 3471 4801 di-

1907 4839 1978 4894 cit
2002 4839 2140 4892 enim
2170 4837 2234 4890 de
2263 4835 2474 4892 Christo
2501 4840 2563 4890 ad
2604 4838 2903 4891 Romanos:
2934 4839 3193 4902 Quoniam
3227 4839 3361 4891 Deus
3391 4849 3472 4892 est

1910 4929 2148 4983 Christus
2181 4927 2351 4996 (Rom.
2385 4944 2418 4982 ιι
2447 4970 2461 4993 ,
2491 4931 2546 4996 5)
2568 4929 2616 4982 in
2647 4929 2775 4980 diem
2814 4929 2905 4981 ira:
2929 4937 2974 4981 et
3010 4929 3323 4982 reuelationis
3342 4929 3474 4996 justi

1904 5018 2085 5087 judicii
2109 5014 2221 5069 Dei.
2249 5017 2376 5072 Sine
2400 5020 2558 5073 dubio
2590 5019 2689 5072 hoc
2714 5018 2781 5072 de
2815 5017 3056 5072 Christo:
3088 5021 3198 5086 ipse
3223 5019 3362 5071 enim
3385 5019 3473 5087 ju-

1913 5108 2145 5162 dicabit:
2194 5111 2439 5177 queniam
2492 5110 2628 5178 apud
2683 5110 2841 5162 Deum
2891 5112 2948 5164 τὸ
2990 5115 3058 5178 μὴ
3103 5103 3154 5161 ὃν
3206 5107 3339 5161 nihil
3369 5118 3473 5164 est.

1915 5197 2224 5266 Exemplum
2265 5198 2332 5253 de
2360 5199 2552 5254 Genesi
2591 5199 2791 5252 inducit
2823 5199 3010 5250 Paulus
3041 5197 3214 5266 (Rom,
3239 5212 3313 5260 tv,
3349 5199 3472 5269 l7):

1915 5289 2042 5354 Quia
2072 5297 2262 5353 patrem
2289 5289 2563 5341 multarum
2591 5290 2808 5359 gentium
2856 5289 3002 5355 posui
3033 5296 3080 5340 te
3111 5295 3229 5340 ante
3254 5303 3364 5339 eum
3395 5288 3478 5340 cui

1909 5378 2160 5433 credidisti
2198 5378 2303 5432 Deo
2327 5419 2341 5442 ,
2382 5379 2467 5443 qui
2496 5379 2710 5444 viviﬁcat
2752 5385 3004 5442 mortuos,
3037 5387 3082 5429 et
3111 5385 3253 5430 uocat
3282 5392 3339 5428 ea
3363 5391 3476 5444 qua:

1909 5486 2006 5523 non
2027 5480 2139 5523 sunt
2170 5479 2405 5538 tanquam
2431 5471 2550 5523 sint.
2579 5469 2838 5533 Quoniam
2869 5468 3097 5536 Spiritus
3125 5468 3215 5521 Dei
3243 5467 3470 5535 Spiritus

1908 5559 2121 5622 Christi,
2154 5569 2206 5614 et
2234 5560 2370 5614 idem
2397 5559 2622 5626 Spiritus
2662 5565 2876 5612 sanctus
2906 5557 3080 5628 (Rom.
3105 5573 3211 5620 rm,
3240 5555 3293 5626 9)
3319 5571 3334 5610 :
3379 5555 3474 5608 Vos

1905 5668 2018 5708 sero
2047 5669 2146 5708 non
2175 5653 2290 5707 estis
2318 5653 2370 5707 in
2393 5666 2574 5721 carne,
2600 5651 2688 5706 sed
2711 5651 2763 5705 in
2799 5651 3018 5719 spiritu:
3043 5651 3086 5704 si
3131 5657 3294 5705 “mea
3317 5648 3471 5719 spiri-
