3950 6206
486 220 613 271 1051

1686 216 1877 272 ιιΛιιιι
1922 212 2257 272 VlCTORlNl
2296 220 2383 274 AF
2393 220 2454 275 ιιι

3591 234 3735 287 1052

484 350 563 392 tus
598 336 685 390 Dei
712 336 899 389 habitat
929 336 979 386 in
1004 335 1181 386 vobis:
1207 333 1251 385 si
1274 334 1385 401 quis
1405 342 1570 384 autem
1602 333 1833 401 spiritum
1860 330 2047 383 Christi
2073 331 2121 389 Α
2150 341 2193 383 et
2224 333 2489 389 divisiones
2528 337 2916 394 ministeriorum
2955 352 3069 396 sunt
3093 383 3107 407 ,
3140 345 3230 398 sed
3259 346 3392 399 idem
3434 344 3693 398 Dominus
3721 388 3733 401 .

483 444 585 481 non
627 426 803 491 habet,
831 426 912 479 hic
959 440 1057 477 nou
1089 433 1161 476 est
1200 424 1380 492 ipsius.
1405 422 1589 476 Totius
1627 422 1858 492 mysterii
1890 423 2050 475 virtus

485 518 539 573 in
570 518 831 586 baptismo
859 523 971 578 est,
1004 515 1119 584 ejus
1147 516 1379 583 potentia
1409 515 1458 568 in
1504 514 1813 582 accipiendo
1840 514 2048 580 spiritu.

487 610 598 665 Hoc
626 607 667 661 si
700 607 773 661 ita
814 617 918 669 est,
949 605 1145 659 dictum
1172 614 1282 659 est:
1314 620 1398 657 vos
1435 605 1485 657 in
1512 605 1691 673 spiritu
1716 605 1829 656 estis
1852 621 1869 655 :
1897 619 2051 672 quem

484 709 697 756 sanctus
742 699 969 766 Spiritus
1014 698 1161 751 dedit
1192 697 1357 751 vobis.
1389 696 1485 763 Qui
1519 697 1617 749 iste
1656 704 1737 749 est
1789 695 2051 761 Spiritus,

486 791 756 860 adjnnxit:
790 789 847 843 Si
864 800 1027 842 tamen
1077 787 1299 857 Spiritus
1327 786 1417 839 Dei
1450 786 1635 838 habitat
1661 786 1711 838 in
1740 784 1893 837 vobis.
1924 784 2053 851 Quis

485 891 568 935 est
594 880 725 934 iste?
775 878 833 933 Si
878 879 985 946 quis
1041 886 1206 929 autem
1255 877 1487 943 spiritum
1517 873 1704 927 Christi
1732 890 1831 926 non
1886 873 2051 925 habet.

485 972 626 1026 Idem
658 984 781 1037 ergo
811 969 903 1021 Dei
933 968 1149 1036 spiritus
1179 976 1231 1019 et
1260 964 1457 1019 Christi
1491 964 1727 1031 Spiritus.
1760 963 1815 1015 lit
1857 978 1961 1030 quo
2002 972 2055 1014 et

488 1062 615 1115 illud
649 1058 1067 1128 perspiciendum
1095 1099 1107 1121 ,
1142 1058 1280 1126 quod
1306 1055 1442 1109 idem
1468 1064 1549 1107 est
1578 1055 1795 1121 Spiritus
1819 1052 2049 1118 Christi,

488 1151 627 1222 quod
649 1152 759 1220 ipse
780 1149 1039 1204 Christus.
1065 1148 1315 1215 Sequitur
1330 1148 1467 1200 enim
1497 1146 1667 1217 (Rom.
1701 1160 1809 1207 vni,
1837 1142 1925 1213 l0)
1949 1162 1960 1195 :
1995 1143 2055 1198 Si

486 1254 651 1297 autem
698 1240 924 1295 Christus
952 1242 1004 1294 in
1042 1239 1221 1309 vobis).
1254 1237 1405 1294 Unde
1430 1248 1483 1292 et
1503 1238 1719 1304 Spiritus
1748 1236 1859 1299 Dei,
1896 1236 2051 1288 Deus.

487 1337 601 1393 Una
652 1335 807 1405 igitur
838 1334 1167 1395 substantia,
1214 1332 1335 1399 quia
1386 1330 1520 1383 idem
1567 1329 1819 1397 spiritus:
1876 1328 1967 1381 sed
2003 1327 2053 1379 in

490 1428 655 1482 tribus
680 1469 693 1491 ,
724 1424 983 1498 ὁμοούσιον
1010 1425 1183 1492 igitur.
1210 1421 1358 1477 Unde
1382 1436 1483 1474 non
1508 1421 1692 1474 similis
1722 1418 2009 1471 substantia
2036 1459 2051 1483 ,

489 1520 607 1588 quia
629 1518 764 1572 idem
778 1516 1026 1585 spiritus:
1054 1531 1148 1567 nec
1167 1524 1337 1565 tamen
1357 1512 1549 1565 idcirco
1568 1510 1837 1579 passiones
1855 1508 2053 1561 ewdetn

490 1609 611 1661 etin
636 1616 798 1675 patre,
821 1607 939 1675 quia
958 1620 1089 1657 unus
1112 1601 1325 1671 spiritus
1352 1618 1363 1653 :
1388 1602 1436 1654 in
1460 1600 1664 1653 duolms
1682 1600 1820 1653 enim
1852 1609 2051 1650 tantum

490 1699 632 1753 velut
682 1698 950 1766 passiones
970 1734 984 1755 .
1017 1695 1140 1763 quia
1164 1692 1270 1762 jam
1319 1690 1579 1759 progressi
1607 1691 1823 1759 spiritus
1848 1698 1991 1742 sunt.

559 1787 737 1842 XVIII.
794 1786 897 1840 Sed
930 1787 1027 1839 ista
1085 1784 1291 1852 plenius
1342 1790 1523 1850 postea
1573 1780 1747 1847 (Rom.
1797 1794 1878 1842 χι,
1912 1779 2050 1847 '56):

494 1883 741 1947 Quoniam
769 1897 831 1933 ea:
850 1882 991 1948 ipso;
1020 1886 1067 1932 et
1096 1894 1183 1947 per
1215 1878 1414 1946 ipsum,
1444 1883 1487 1927 et
1526 1875 1577 1926 in
1619 1874 1728 1942 ipso
1755 1873 1940 1926 omnia.
1980 1871 2057 1924 Ea:

490 1975 636 2042 ipso:
667 1972 875 2035 dicitur,
901 1981 955 2023 ιιι
982 1973 1047 2022 de
1078 1976 1261 2036 patre:
1297 1963 1394 2017 Per
1414 1966 1578 2032 ipsum
1603 1979 1621 2016 :
1650 1974 1701 2016 ut
1727 1963 1793 2016 de
1813 1962 2051 2015 Christo:

491 2062 556 2116 1η
584 2064 692 2133 ipso
712 2103 727 2127 ,
774 2070 830 2115 ut
854 2060 919 2114 de
950 2058 1147 2128 Spiritu
1174 2066 1376 2109 sancto.
1408 2055 1543 2109 Alibi
1576 2062 1747 2107 autem
1790 2052 1866 2105 sic
1889 2052 2051 2105 dicit:

489 2153 544 2206 ln
574 2154 719 2220 ipso,
767 2166 859 2220 per
888 2152 1080 2219 ipsum,
1110 2146 1174 2201 ad
1202 2146 1394 2214 ipsum.
1432 2145 1583 2210 Quod
1632 2144 1766 2197 Deus
1812 2143 2056 2197 Christus

490 2243 661 2312 (Rom.
693 2258 743 2296 ιχ
764 2283 777 2308 ,
802 2243 855 2309 5)
881 2259 892 2294 :
930 2239 1012 2295 Ea:
1039 2240 1214 2308 quibus
1252 2234 1477 2289 Christus
1507 2237 1776 2289 secundum
1824 2251 2050 2296 carnem,

488 2338 575 2403 qui
597 2347 666 2389 est
688 2352 837 2403 super
866 2350 1035 2387 omnes
1072 2332 1209 2386 Deus
1236 2332 1520 2385 benedictus
1547 2346 1635 2398 per
1662 2328 1829 2381 omnia
1873 2327 2056 2381 swcula

489 2429 806 2480 sceculorum.
866 2424 943 2478 Ad
970 2422 1211 2478 Corinth.
1270 2424 1433 2491 prima
1486 2426 1501 2479 (
1535 2420 1556 2474 l
1586 2420 1703 2473 Cor.
1741 2435 1773 2472 tt
1799 2460 1813 2482 ,
1863 2417 1953 2487 h):
1994 2417 2056 2471 Si

492 2519 621 2571 enim
652 2517 1019 2584 cognovissent,
1057 2531 1307 2583 nunquam
1335 2512 1605 2566 Dominum
1645 2512 1920 2575 maiestatis
1942 2525 2056 2561 cru-

488 2608 780 2673 ciﬁxissent.
811 2604 959 2672 Quod
1009 2603 1287 2667 Christus,
1339 2602 1489 2654 sicuti
1544 2601 1711 2664 Deus;
1763 2597 2057 2665 incompre-

490 2696 799 2759 hensibilis,
858 2705 945 2748 aut
998 2695 1081 2746 vix
1136 2690 1626 2760 comprehensibilis
1679 2698 1799 2752 est,
1862 2686 1953 2741 sed
2005 2698 2057 2741 et

489 2784 931 2855 quemadmodum
959 2784 1158 2837 dictum
1201 2792 1283 2835 est
1329 2780 1529 2851 (lbid.,
1578 2777 1669 2849 9):
1721 2778 1845 2844 Quae
1883 2778 2055 2830 oculus

489 2894 589 2930 nou
618 2877 769 2938 vidit,
818 2892 930 2946 qum
970 2876 1106 2927 auris
1155 2890 1253 2925 non
1280 2872 1503 2937 audivit,
1537 2880 1584 2923 et
1624 2871 1675 2921 in
1705 2885 1790 2921 cor
1841 2868 2056 2920 hominis

492 2983 591 3020 non
614 2966 943 3019 ascenderunt
972 3005 985 3029 ,
1015 2980 1126 3031 quae
1157 2963 1456 3034 prteparattit
1485 2960 1621 3013 Deus
1642 2959 1962 3026 diligentibus
1983 2973 2053 3009 se.

2151 431 2196 473 et
2223 424 2488 477 divisiones
2524 429 2870 496 Operationum
2897 441 3011 485 sunt
3030 474 3044 497 ,
3076 434 3207 486 idem
3234 446 3407 488 autem
3436 434 3577 488 Deus
3599 478 3614 493 .
3649 438 3734 500 qui

2152 514 2320 566 omnia
2345 516 2397 567 in
2424 519 2653 571 omnibus
2680 531 2935 587 operatur.
2978 523 3031 579 Si
3063 525 3220 594 igitur
3245 528 3294 579 in
3325 529 3517 594 spiritu
3545 529 3732 581 nullus

2152 603 2277 658 dicit
2320 608 2608 661 Anathema
2656 609 2810 675 Jesu,
2868 614 2981 683 ipse
3020 624 3102 669 est
3127 617 3344 686 spiritus
3387 628 3439 672 et
3494 620 3633 683 Dei,
3682 630 3734 674 et

2152 693 2319 746 sancti
2349 694 2595 763 Spiritus.
2633 699 2704 752 De
2731 715 2835 767 quo
2875 702 3013 757 idem
3059 704 3197 758 istud
3229 706 3390 761 dicit:
3441 708 3509 760 Et
3550 711 3731 763 nullus

2154 792 2311 849 potest
2345 784 2507 837 dicere
2539 785 2812 841 Dominum
2841 789 3018 845 Iesum
3047 833 3061 857 ,
3088 795 3186 846 nisi
3216 796 3267 847 in
3296 796 3498 862 Spiritu
3524 810 3723 851 saneto.

2155 872 2417 929 Prmlerea
2448 878 2672 946 amplius
2704 879 2839 933 istud
2870 882 2996 935 dicit
3027 885 3165 951 quod
3194 884 3487 941 dii‘isiones
3524 891 3728 955 gratiu—

2156 979 2271 1017 rum
2303 980 2331 1017 a
2356 967 2541 1034 spiritu
2590 980 2710 1022 sunt
2739 1010 2754 1036 ,
2787 986 2814 1023 a
2862 972 2967 1026 Deo
2995 974 3204 1042 quidem
3232 978 3417 1045 gratim
3442 1019 3457 1041 ,
3506 979 3727 1033 divisio-

2159 1070 2251 1107 nes
2281 1065 2455 1109 autem
2488 1073 2517 1110 a
2545 1060 2768 1126 spiritu;
2803 1061 2851 1115 in
2878 1062 3141 1118 actionem
3184 1068 3322 1119 enim
3353 1068 3459 1120 alia
3490 1070 3724 1124 existeno

2158 1146 2227 1198 tia
2278 1148 2504 1213 Spiritus
2533 1161 2747 1205 sanctus
2772 1194 2785 1217 ,
2840 1155 2888 1207 in
2930 1156 3218 1210 substantia
3263 1159 3558 1229 ὁμοοῦσιον,
3584 1178 3724 1230 quo-

2159 1237 2297 1290 niam
2328 1238 2555 1305 Spiritus
2601 1234 2815 1298 sanctus
2844 1245 2978 1298 sicut
3009 1256 3061 1299 et
3087 1246 3439 1302 ministerium
3473 1250 3679 1302 Domini
3708 1269 3721 1301 :

2158 1327 2270 1395 ipse
2295 1332 2487 1383 etenim
2515 1331 2701 1386 dividit
2727 1335 3017 1389 ministeria
3046 1337 3095 1389 in
3119 1339 3431 1406 operatione
3453 1341 3573 1392 vita:
3598 1355 3721 1409 0pc-

2157 1431 2279 1471 rans
2299 1460 2312 1481 ,
2340 1428 2393 1474 et
2422 1421 2532 1489 ipse
2582 1423 2635 1475 in
2662 1425 2954 1478 substantia
2978 1441 3074 1480 sua
3122 1429 3413 1482 secundum
3458 1432 3720 1500 operazin-

2158 1523 2276 1561 nem
2305 1509 2443 1563 vitaz.
2481 1510 2535 1565 ln
2581 1513 2869 1567 substantia
2920 1524 3091 1570 autem
3120 1516 3402 1589 ὁμοούσιος.
3434 1520 3587 1585 Quod
3617 1522 3719 1588 spi-

2158 1598 2286 1652 ritus
2318 1609 2368 1652 ct
2417 1604 2750 1669 operationes
2777 1618 2806 1656 a
2840 1605 2966 1660 Deo.
2996 1605 3343 1675 Operationes
3371 1620 3551 1663 autem
3584 1612 3717 1663 und-

2078 1690 2126 1750 B
2157 1696 2223 1742 ta:
2247 1730 2261 1754 ,
2286 1690 2376 1744 sed
2402 1692 2449 1744 in
2478 1692 2721 1749 omnibus
2752 1695 2889 1749 idem
2925 1696 3081 1751 Deus.
3112 1696 3296 1753 Diﬂert
3325 1710 3502 1752 autem
3538 1700 3671 1753 Deus
3694 1742 3711 1765 ,

2156 1779 2293 1850 quod
2325 1782 2435 1848 ipse
2479 1784 2599 1836 facit
2626 1783 2911 1839 divisiones
2940 1788 3305 1855 operatiomtm
3332 1831 3348 1854 ,
3396 1788 3511 1858 ipse
3542 1799 3709 1845 tamen

2157 1871 2207 1923 in
2230 1873 2475 1926 omnibus
2506 1875 2681 1928 omnia
2710 1890 2969 1945 operans;
3006 1879 3172 1946 ipsum
3201 1882 3343 1934 enim
3376 1897 3498 1936 esse
3529 1898 3712 1951 opera-

2156 1961 2314 2015 tionis
2355 1978 2513 2016 causa
2551 1980 2667 2019 cum
2710 1968 2815 2033 sit,
2848 1970 3207 2036 operationum
3237 1970 3528 2025 divisiones
3562 1974 3673 2025 lat-it
3697 2013 3711 2035 ,

2156 2063 2209 2106 et
2258 2053 2369 2121 ipse
2420 2054 2555 2108 Deus
2600 2054 2751 2123 juxta
2798 2058 3144 2112 substantiam
3198 2060 3417 2128 spiritus
3484 2077 3603 2113 cum
3655 2064 3715 2114 sit

2156 2140 2424 2211 ὁμοούσιον
2469 2145 2691 2208 actioni,
2733 2152 2910 2201 omnia
2937 2162 3061 2217 ergo
3089 2150 3186 2203 tria
3236 2152 3446 2205 actione
3480 2150 3714 2222 ὁμοούσια

2156 2240 2210 2287 et
2236 2233 2524 2286 substantia
2554 2234 2820 2305 ὁμοθύσια.
2864 2239 3012 2305 Quod
3037 2241 3214 2293 omnia
3246 2243 3347 2294 tria
3391 2243 3613 2310 spiritus
3636 2284 3647 2306 ,
3670 2252 3715 2295 ct

2156 2323 2293 2394 quod
2327 2340 2356 2377 a
2386 2336 2533 2392 patre
2556 2325 2783 2396 Spiritus
2811 2346 2825 2384 :
2856 2344 2886 2382 a
2918 2340 3064 2398 patre
3087 2332 3399 2385 substantia.

2226 2413 2367 2468 XIX.
2402 2416 2552 2481 Quod
2602 2417 2841 2472 Christus
2867 2420 2973 2472 vita
3026 2431 3106 2474 est
3130 2461 3145 2485 ,
3180 2430 3233 2475 et
3278 2423 3417 2490 quod
3465 2425 3711 2493 spiritus,

2157 2504 2353 2558 dictum
2385 2515 2465 2559 est
2491 2505 2699 2573 (Ioann.
2733 2523 2816 2561 xvi
2843 2550 2857 2573 ,
2891 2508 3013 2579 65):
3041 2510 3262 2575 Spiritus
3288 2523 3455 2564 autem
3486 2514 3713 2580 rieiﬁcat.

2158 2594 2225 2649 Et
2270 2595 2339 2649 ibi
2371 2611 2575 2649 rursum
2620 2596 2746 2651 dicit
2773 2599 2791 2667 (
2816 2597 2855 2652 ll
2895 2596 3010 2652 Cor.
3047 2614 3130 2663 nt,
3166 2601 3293 2669 l7):
3345 2600 3593 2655 Dominus
3632 2619 3716 2653 au-

2158 2698 2251 2739 tem
2282 2686 2490 2755 spiritus
2533 2698 2620 2740 est.
2654 2688 2803 2755 Quod
2832 2687 3070 2743 Christus
3099 2690 3165 2744 de
3212 2691 3322 2746 Deo
3348 2734 3362 2757 ,
3402 2709 3508 2747 non
3552 2709 3614 2746 ex
3643 2694 3715 2747 his

2157 2790 2273 2843 qua)
2305 2790 2407 2827 non
2440 2786 2561 2830 aunt
2588 2782 2604 2845 (
2630 2776 2672 2830 Il
2699 2777 2814 2831 Cor.
2852 2795 2923 2844 tv,
2954 2778 3042 2850 4):
3080 2778 3147 2834 Ut
3176 2798 3274 2834 non
3310 2784 3593 2852 splenderet
3620 2784 3715 2835 illis

2157 2865 2458 2918 illuminatio
2492 2866 2747 2937 Evangelii
2773 2870 2947 2937 gloria:
2969 2870 3177 2936 Christi,
3205 2873 3290 2937 qui
3312 2883 3382 2924 est
3413 2874 3582 2942 imago
3610 2872 3713 2927 Dei.

2157 2951 2209 3005 Si
2241 2952 2414 3021 imago
2449 2954 2539 3008 Dei
2574 2956 2810 3009 Christus
2853 2957 2918 3010 de
2951 2958 3057 3011 Deo
3088 2957 3350 3013 Christus.
3384 2960 3563 3031 Imago
3582 2966 3714 3015 enim

490 3056 689 3111 Deinde
739 3054 903 3119 dicit,
957 3054 1097 3123 quod
1142 3052 1382 3121 intelligit
1422 3053 1518 3104 ista
1548 3049 1706 3117 (Ibid.
1748 3046 1865 3117 ll):
1910 3048 2051 3102 Sicut
2080 3043 2127 3107 C
2159 3043 2454 3113 imaginalis
2498 3046 2686 3115 imago.
2746 3048 3043 3118 Imaginalis
3091 3061 3264 3105 autem
3327 3053 3503 3118 Deus;
3555 3060 3716 3123 itnago

490 3150 694 3216 spiritus
718 3149 931 3200 hominis
957 3163 1014 3200 ea
1042 3162 1154 3216 qua:
1174 3146 1222 3197 in
1251 3146 1450 3197 homine
1478 3186 1490 3206 ,
1522 3145 1595 3195 sic
1623 3154 1668 3195 et
1698 3159 1754 3194 ea
1780 3157 1891 3210 qua:
1921 3140 2015 3193 Dei
2038 3182 2051 3203 ,

490 3240 697 3308 spiritus
715 3238 826 3291 Dei.
847 3238 902 3291 Si
930 3240 992 3293 de
1014 3237 1224 3291 Christo
1254 3235 1349 3289 ista
1378 3236 1523 3297 dicit,
1551 3234 1632 3287 his
1653 3243 1887 3302 apparet,
1914 3234 2050 3301 quod

491 3344 594 3384 non
642 3341 722 3384 est
751 3329 901 3382 facile
954 3330 1090 3383 scire
1115 3326 1509 3396 generationem
1557 3325 1669 3379 ﬁlii.
1701 3324 1829 3377 Nam
1884 3340 2053 3391 neque

490 3427 606 3479 νοῦς
658 3420 877 3486 percipit
928 3418 1020 3470 Dei
1061 3418 1255 3480 tilium,
1304 3430 1402 3468 nec
1446 3415 1656 3468 modum
1701 3414 2053 3483 generationis

493 3512 631 3564 scire
664 3517 851 3577 potest.
902 3508 955 3561 Si
988 3518 1160 3561 autem
1194 3506 1259 3561 de
1290 3507 1566 3575 prtesentia
1614 3505 1765 3573 ejus,
1812 3515 1864 3557 et
1916 3505 2052 3556 istud

492 3617 647 3669 supra
691 3602 897 3654 oculum
924 3642 937 3665 ,
989 3614 1145 3668 supra
1190 3598 1462 3663 auditum,
1497 3614 1649 3667 supra
1679 3604 1793 3651 νοῦν
1844 3607 1943 3650 est.
1997 3596 2050 3650 Si

492 3704 666 3745 autem
691 3731 705 3754 ,
738 3700 792 3742 ut
817 3690 1027 3759 quidam
1056 3689 1391 3757 intelligunt,
1426 3689 1551 3741 dicit
1597 3689 1693 3741 ista
1725 3688 1791 3741 de
1832 3687 1911 3740 his
1936 3701 2054 3755 qua}

492 3783 807 3851 pra-paravit
861 3782 997 3834 Deus
1035 3779 1373 3849 diligentibus
1424 3779 1632 3849 ipsum:
1681 3779 1844 3831 mttlto
1890 3778 2054 3844 magis

493 3874 747 3929 mirabilis
774 3884 853 3927 est
892 3874 1164 3941 generatio
1190 3914 1203 3936 ,
1249 3888 1302 3927 et
1328 3874 1413 3925 vix
1452 3870 1963 3936 comprehensibilis.
1999 3868 2052 3922 Si

493 3968 589 4021 ista
616 3967 691 4019 sic
715 3966 827 4020 sine
854 3964 1118 4018 intellectu
1141 3972 1263 4018 sunt
1284 4006 1297 4027 ,
1322 3964 1443 4032 quid
1470 3979 1535 4017 ex
1567 3962 1646 4014 his
1668 3975 1830 4030 queas
1853 3961 2050 4023 dicere,

492 4058 559 4111 ab
593 4057 676 4111 his
704 4072 821 4126 qme
847 4072 950 4110 non
995 4064 1155 4120 sunt,
1198 4069 1317 4109 esse
1343 4055 1610 4108 Christum
1641 4063 1757 4117 aut,
1789 4060 1880 4105 aut
1910 4051 2053 4105 simi-

494 4148 561 4203 lis
583 4149 871 4202 suhstantia
899 4159 976 4201 est
1022 4146 1303 4201 Christus?
1328 4143 1837 4214 Comprehensibilia
1887 4152 1938 4196 et
1964 4142 2055 4195 de-

495 4238 658 4291 finita.
690 4240 753 4291 At
778 4253 902 4291 vero
932 4252 1050 4291 esse
1102 4236 1365 4309 ὁμοούσιον
1418 4249 1518 4288 non
1547 4235 1714 4289 solum
1759 4234 2058 4300 incompre-

492 4327 749 4379 bensihile
773 4368 788 4392 ,
839 4340 890 4383 et
917 4328 1072 4383 habet
1095 4327 1541 4381 contradictiones
1568 4326 1779 4379 multas.
1826 4324 1883 4379 Si
1909 4324 2050 4377 enim

2156 3150 2282 3203 ergo
2311 3135 2569 3191 Christus.
2624 3138 2724 3192 Sed
2760 3141 2929 3209 imago
2987 3143 3278 3211 imaginalis
3325 3142 3501 3214 imago
3526 3156 3639 3207 est,
3667 3157 3717 3200 et

2155 3226 2292 3294 quod
2326 3228 2601 3295 imaginale
2624 3242 2703 3285 est
2732 3233 3036 3303 principale.
3065 3234 3239 3303 Imago
3265 3250 3441 3291 autem
3469 3238 3712 3301 secunda,

2155 3327 2207 3370 et
2238 3317 2376 3371 aliud
2424 3320 2710 3375 secundum
2742 3324 3086 3379 substantiam
3137 3326 3204 3379 ab
3252 3342 3317 3379 eo
3351 3329 3489 3397 quod
3540 3330 3716 3399 imagi-

2156 3408 2295 3461 nale.
2329 3409 2430 3463 Sed
2481 3426 2583 3464 non
2624 3411 2963 3483 intelligimus
3009 3416 3076 3468 ibi
3128 3417 3409 3484 imaginem
3462 3420 3613 3473 sicuti
3663 3422 3708 3471 in

2154 3500 2510 3555 seusihilibus.
2542 3502 2635 3555 llic
2687 3506 2827 3557 enim
2862 3520 2960 3560 nec
2987 3508 3333 3561 substantiam
3367 3510 3704 3580 intelligimus

2156 3591 2434 3659 imaginem
2459 3608 2473 3645 :
2506 3594 2687 3648 umbra
2713 3597 2852 3649 enim
2896 3598 3134 3665 quaedam
3165 3608 3247 3651 est
3277 3601 3328 3653 in
3358 3614 3481 3654 aere
3505 3643 3517 3663 ,
3549 3605 3701 3654 autin

2154 3696 2289 3750 aqua
2335 3697 2428 3751 per
2456 3685 2718 3752 quoddam
2768 3686 3042 3755 corporale
3088 3688 3265 3743 lumen
3309 3694 3600 3759 corporalis
3641 3692 3713 3744 ef-

2156 3772 2383 3828 ﬂuentitc
2416 3791 2509 3844 per
2552 3774 2890 3831 reﬂexiouem
2923 3778 3085 3846 ﬁgura
3114 3824 3127 3844 ,
3161 3780 3273 3847 ipsa
3324 3797 3417 3848 per
3448 3796 3612 3835 semet
3640 3783 3712 3835 ni-

2156 3866 2228 3919 hil
2254 3907 2267 3929 ,
2297 3881 2393 3920 nec
2424 3868 2617 3935 proprii
2648 3876 2821 3920 motus
2841 3910 2854 3934 ,
2884 3869 3177 3937 imaginalis
3199 3870 3372 3923 solum
3401 3872 3706 3935 subsmutia,

2156 3973 2325 4027 neque
2354 3973 2548 4027 corpus
2571 4001 2584 4023 ,
2619 3973 2789 4028 neque
2815 3974 3061 4026 sensum,
3113 3976 3283 4031 neque
3318 3964 3708 4033 intelligentiam

2158 4050 2387 4116 habens,
2420 4060 2473 4106 et
2516 4051 2692 4107 ablato
2718 4062 2806 4105 aut
2844 4053 3052 4107 turbato
3084 4056 3132 4107 in
3160 4069 3265 4123 quo
3294 4055 3569 4124 ﬁguratum
3600 4067 3675 4110 est
3695 4096 3707 4118 .

2155 4142 2371 4195 omnino
2404 4142 2528 4196 nihil
2559 4156 2609 4198 et
2641 4159 2897 4214 nusquam
2929 4154 3030 4199 est.
3074 4146 3189 4202 Alio
3220 4147 3380 4215 igitur
3405 4149 3563 4203 modo
3587 4149 3703 4202 dici-

2158 4249 2273 4288 mus
2295 4235 2560 4290 Christum
2591 4236 2871 4306 imaginem
2901 4238 2991 4292 Dei
3022 4252 3140 4293 esse
3162 4279 3176 4302 ,
3219 4240 3448 4307 primum
3480 4256 3594 4295 esse
3619 4282 3631 4303 .
3666 4250 3713 4295 et

2158 4341 2251 4395 per
2279 4336 2447 4381 semet
2493 4342 2647 4392 esse;
2698 4338 2749 4381 et
2776 4345 2893 4398 qua:
2927 4332 2997 4384 sit
3050 4330 3351 4398 intelligens
3381 4347 3537 4398 esse;
3573 4342 3622 4387 et
3645 4335 3711 4386 ii-

492 4414 751 4487 ὁμοούσιος
792 4426 844 4470 et
893 4418 1005 4485 ipse
1062 4418 1359 4487 ingenitus:
1399 4418 1442 4470 si
1470 4416 1737 4488 ὁμοούσιος
1788 4413 2051 4483 quomodo

2160 4428 2363 4473 ventem
2393 4418 2617 4474 dit-imus
2649 4420 2926 4491 imaginem
2950 4464 2965 4487 ,
3003 4434 3055 4477 et
3086 4422 3491 4477 vireiacientem
3513 4466 3528 4490 ,
3557 4434 3608 4480 et
3631 4440 3711 4479 se-

491 4506 645 4571 altcr,
678 4506 943 4573 quomodo
973 4506 1103 4559 alius
1133 4515 1301 4576 pater,
1327 4507 1462 4560 alius
1486 4505 1656 4560 (ilius?
1686 4504 1740 4559 Si
1769 4505 2050 4575 ὁμοούσιος,

489 4595 756 4663 quomodo
794 4596 929 4649 alius
962 4609 1147 4665 passus
1190 4604 1303 4660 est,
1328 4596 1460 4650 alius
1489 4596 1634 4657 non?
1662 4594 1735 4649 Es
1781 4594 1883 4649 isto
1913 4594 2052 4647 enim

492 4688 884 4755 Patripassiani.
935 4688 1039 4744 Sed
1086 4690 1335 4759 quoniam
1391 4692 1479 4746 Dei
1527 4693 1793 4749 voluntate
1832 4690 2044 4762 inquirit

490 4779 665 4830 omnia
690 4819 705 4843 ,
738 4786 790 4833 et
819 4795 877 4832 ea
908 4796 1023 4849 qn:e
1070 4780 1158 4835 Dei
1180 4820 1194 4846 ,
1244 4780 1472 4850 Spiritus
1512 4783 1600 4852 qui
1633 4784 1682 4837 in
1723 4785 1875 4839 nobis
1906 4784 2055 4838 inha-

492 4868 661 4936 bitat,
696 4870 991 4926 invenietur
1022 4873 1208 4927 modus
1232 4873 1423 4927 divina:
1466 4876 1855 4944 generationis,
1902 4876 2049 4945 juxta

487 4976 641 5030 quem
662 4970 715 5017 et
730 4960 998 5035 ὁμοούσιος
1017 4962 1512 5031 manifestabitnr,et
1526 4966 1609 5021 illa
1625 4969 2055 5023 exterminabuu-

493 5064 575 5109 tur
594 5056 635 5126 (ι
654 5057 771 5111 Cor.
802 5073 857 5119 tt,
898 5057 986 5129 12)
1005 5076 1019 5112 :
1039 5058 1146 5111 Nos
1173 5061 1303 5113 enim
1323 5062 1605 5129 accepimus
1626 5078 1723 5116 non
1757 5063 1934 5116 mundi
1950 5064 2055 5131 spi-

489 5147 641 5200 ritunt
662 5190 677 5213 ,
710 5148 798 5201 sed
821 5147 934 5202 Dei.
963 5149 1114 5218 Quod
1139 5150 1277 5207 idem
1308 5153 1525 5218 spiritus
1562 5153 1701 5209 Deus
1728 5166 1780 5208 et
1807 5154 2050 5209 Christus

487 5249 589 5305 est,
614 5252 661 5295 et
685 5250 897 5295 sanctus
925 5243 1171 5310 Spiritus,
1214 5252 1268 5296 et
1294 5245 1431 5299 idem
1458 5261 1592 5300 unus
1610 5246 1822 5316 spiritus
1854 5246 1904 5316 (1
1926 5247 2043 5301 Cor.

489 5347 582 5395 ιιι,
617 5332 766 5402 3-6):
798 5331 1017 5402 Propter
1044 5335 1177 5400 quod
1216 5346 1387 5388 notum
1418 5338 1549 5391 vobis
1580 5339 1748 5409 facio‘,
1776 5339 1914 5408 quod
1941 5339 2051 5391 nul-

488 5422 565 5474 lus
592 5423 643 5475 in
674 5424 852 5487 spiritu
883 5425 976 5478 Dei
1001 5426 1123 5479 dicit
1146 5468 1161 5492 ,
1188 5428 1456 5481 anathema
1478 5428 1626 5484 Jesu.
1661 5431 1726 5484 Et
1769 5434 1935 5486 nullus
1963 5447 2053 5498 po-

495 5520 587 5565 test
613 5513 776 5567 dieere
790 5513 1059 5569 Dominum
1087 5516 1293 5585 Jesum,
1325 5519 1423 5573 nisi
1451 5521 1705 5590 inSpiritu
1736 5532 1926 5575 sancto.
1960 5522 2055 5575 Di-

494 5602 712 5658 uisiones
759 5614 929 5659 autem
971 5608 1251 5677 gratiarum
1294 5621 1441 5678 sunt,
1474 5612 1604 5666 idem
1632 5622 1795 5669 autent
1816 5615 2053 5683 spiritus:

2158 4526 2277 4565 men
2309 4512 2541 4565 omnium
2571 4527 2688 4581 quae
2709 4522 2830 4568 sunt
2858 4514 3037 4584 τλόγος
3059 4514 3194 4568 enim
3226 4530 3319 4585 per
3342 4530 3497 4582 quem
3521 4516 3712 4579 omnia,

2156 4616 2209 4659 et
2230 4605 2341 4658 sine
2370 4605 2472 4657 isto
2497 4606 2645 4660 nihil.
2676 4605 2780 4661 Sed
2815 4606 2913 4659 ista
2942 4606 3119 4661 omnia
3149 4608 3307 4662 etiam
3341 4608 3450 4663 Deo
3474 4611 3715 4664 attributa

2156 4707 2278 4751 sunt
2306 4714 2317 4749 :
2351 4712 2475 4765 ergo
2505 4697 2764 4768 ὁμοούσιοι
2812 4697 2947 4751 Deus
2973 4707 3026 4752 et
3051 4699 3217 4774 λόγος.
3252 4700 3314 4754 Et
3360 4715 3530 4769 quare
3555 4702 3719 4767 imago

2159 4787 2249 4841 Dei
2295 4786 2481 4861 λόγοςτ
2535 4787 2790 4855 Quoniam
2842 4788 2981 4844 Deus
3032 4790 3084 4845 in
3112 4792 3360 4857 occulto,
3408 4792 3460 4845 in
3493 4794 3718 4860 potentia

2156 4878 2295 4933 enim
2321 4896 2335 4945 ;
2363 4879 2505 4953 λόγος
2552 4887 2722 4933 autem
2771 4879 2822 4933 in
2862 4880 3139 4934 manifesto
3166 4902 3178 4935 :
3207 4881 3346 4934 actio
3371 4882 3513 4935 enim
3567 4897 3722 4952 ;qu:e

2158 4970 2296 5024 actio
2327 4969 2528 5025 habens
2557 4972 2734 5026 omnia
2763 4984 2883 5039 quae
2909 4978 3031 5024 sunt
3076 4973 3128 5024 in
3175 4972 3410 5041 potentia
3433 5014 3450 5039 ,
3499 4973 3644 5035 vita,
3674 4981 3723 5026 et

2155 5062 2531 5133 cognoscentis
2559 5062 2848 5116 secundum
2879 5071 3079 5117 motum
3121 5061 3359 5130 producit
3389 5072 3444 5117 et
3475 5062 3718 5117 manifes-

2155 5163 2229 5209 tat
2261 5155 2439 5208 omnia
2464 5172 2477 5207 :
2511 5162 2723 5223 propter
2743 5152 2882 5223 quod
2911 5152 3089 5207 omnia
3116 5167 3233 5223 qua:
3255 5161 3377 5207 sunt
3404 5152 3455 5205 in
3493 5152 3717 5221 potentia

2155 5246 2327 5314 imago
2353 5254 2435 5299 est
2482 5245 2649 5308 actio,
2683 5243 2962 5312 unicuique
3002 5256 3186 5297 eorum
3227 5258 3345 5312 quae
3387 5241 3445 5296 in
3494 5241 3718 5311 potentia

2158 5346 2281 5391 sntit
2308 5336 2540 5405 speciem
2584 5336 2902 5405 perticiens,
2932 5344 2986 5389 et
3035 5333 3267 5389 existens
3316 5348 3409 5403 per
3436 5342 3643 5398 semet,
3691 5345 3718 5383 a

2163 5427 2326 5481 nihilo
2355 5428 2495 5482 enim
2537 5427 2681 5481 nulla
2710 5426 3025 5481 substantia.
3058 5425 3229 5479 Onme
3257 5425 3399 5479 enim
3445 5438 3565 5479 esse
3594 5427 3718 5475 inse.

2163 5519 2452 5588 parabilem
2479 5520 2707 5588 speciem
2733 5518 2885 5572 habet
2914 5534 2928 5583 ;
2965 5518 3129 5588 magis
3155 5526 3330 5572 autem
3361 5518 3477 5587 ipsa
3504 5515 3713 5586 species,

2170 5611 2287 5679 ipsa
2336 5608 2629 5667 substantia
2650 5622 2768 5665 est:
2801 5624 2904 5665 non
2931 5608 3068 5681 quod
3096 5609 3240 5678 prius
3295 5609 3366 5664 sit
3390 5608 3459 5663 ab
3500 5624 3565 5666 eo
3593 5604 3715 5679 quod
