3950 6206
241 287 262 339 1
276 285 383 340 053

1403 278 1759 336 ADVERSUS
1798 276 2008 332 ARIUM
2049 273 2247 330 LIBER
2289 275 2323 326 Ι.

3334 260 3467 314 1054

237 409 326 454 est
353 415 470 455 esse
497 401 737 467 species,
777 399 868 452 sed
896 401 1034 468 quod
1064 399 1334 452 deﬁnitmu
1367 397 1488 451 facit
1513 397 1718 465 species
1746 395 1806 448 ilo
1830 395 1879 454 Α
1906 392 2031 462 quid
2057 393 2174 446 est?
2200 400 2253 444 et
2280 389 2402 460 quid
2440 398 2518 441 est
2563 386 2629 439 ad
2675 383 2936 438 nostram?
2977 379 3173 434 Deinde
3221 376 3321 429 huc
3345 373 3469 443 quid

242 492 336 546 lnd
363 532 376 554 ,
405 490 542 559 quod
569 501 651 543 est
679 504 796 542 esse
844 491 1068 557 species.
1099 489 1303 543 Etenim
1352 487 1492 556 quod
1523 495 1604 541 est
1651 499 1768 539 esse
1790 524 1806 547 ,

243 596 410 637 causa
435 589 514 636 est
569 580 762 649 speciei
793 595 912 634 esse
940 581 989 632 in
1017 593 1083 633 eo
1107 621 1122 645 ,
1151 580 1289 648 quod
1318 592 1436 633 esse
1465 586 1565 632 est.
1599 577 1661 630 Et
1691 575 1810 628 ideo

247 672 393 743 quod
457 681 536 725 est
587 686 740 735 esse,
795 680 945 739 pater
995 681 1094 724 est.
1160 669 1310 736 Quod
1357 671 1597 736 Species,
1650 666 1806 718 ﬁlius.

247 763 456 818 Rursus
485 761 623 830 quod
671 762 839 830 ipsum
889 760 1029 828 quod
1057 772 1134 814 est
1186 776 1334 823 esse,
1363 769 1574 826 praestat
1617 757 1811 826 speciei

250 855 424 925 ipsqu
454 853 592 922 quod
621 861 702 907 est
727 865 844 906 esse
868 870 881 905 :
907 867 1025 906 esse
1051 860 1225 906 autem
1268 851 1462 920 speciei
1487 889 1502 916 ,
1535 851 1705 918 imago
1732 855 1814 902 εει

250 948 372 1014 ejus
391 945 525 1013 quod
546 954 626 997 est
650 957 788 998 esse.
819 941 966 1007 Quod
995 950 1077 996 εει
1115 942 1263 1010 juxta
1282 956 1491 994 causam
1519 957 1530 990 :
1579 939 1812 992 Primum

251 1037 396 1106 quod
426 1044 650 1088 estesse
697 1034 954 1106 specum»
976 1071 992 1098 ,
1035 1046 1159 1101 ergo
1184 1046 1302 1085 esse
1340 1032 1465 1099 ipsis
1495 1029 1698 1084 duobus
1718 1069 1731 1092 ,
1763 1035 1816 1082 et

253 1125 548 1179 secundum
583 1138 702 1177 esse
749 1124 920 1192 imago
949 1131 1030 1176 εει
1059 1121 1208 1189 primi
1238 1135 1357 1175 esse
1400 1121 1510 1173 sine
1541 1129 1815 1186 tempore:

257 1215 487 1285 primum
521 1222 572 1266 ει
599 1213 887 1268 secundum
914 1212 1032 1266 dico
1059 1213 1209 1281 juxta
1261 1226 1496 1266 causam.
1530 1210 1681 1264 Aliud
1712 1210 1816 1262 alio

257 1307 328 1360 ad
352 1307 518 1374 ipsum
539 1304 678 1375 quod
693 1315 774 1360 εει
795 1319 914 1359 εεεε
936 1314 1082 1374 pater
1102 1313 1153 1357 et
1172 1304 1330 1357 lilius.
1350 1301 1496 1368 Quod
1518 1311 1690 1356 autem
1713 1315 1816 1354 non

258 1407 553 1454 retrorsum
596 1412 789 1460 causa,
839 1397 1037 1450 idcirco
1068 1405 1218 1466 pater
1273 1405 1420 1464 pater
1444 1435 1457 1457 ,
1512 1404 1563 1447 et
1595 1394 1730 1446 ﬁlius
1759 1392 1821 1444 li-

260 1489 388 1544 lius.
417 1489 473 1543 In
503 1504 567 1543 eo
591 1498 762 1542 autem
794 1488 932 1556 quod
960 1502 1077 1541 esse
1105 1497 1186 1541 est
1211 1527 1224 1550 ,
1278 1487 1432 1540 ambo
1462 1485 1616 1540 simul
1659 1492 1780 1538 sunt
1802 1522 1818 1547 ,

258 1591 318 1634 ει
347 1595 556 1648 semper
588 1580 743 1633 ambo
767 1621 780 1640 .
813 1579 1077 1652 ὁμοούσιον
1096 1579 1242 1647 juxta
1270 1579 1408 1648 quod
1438 1588 1519 1632 est
1552 1593 1670 1632 csse
1694 1616 1708 1639 ,
1741 1592 1823 1630 se-

259 1669 494 1724 cundum
524 1681 700 1723 autem
727 1670 864 1737 quod
913 1678 994 1722 εει
1023 1669 1252 1736 potentia
1281 1677 1334 1721 et
1368 1667 1606 1732 actione,
1641 1675 1824 1734 poteti-

1910 494 2023 546 est;
2053 493 2098 536 et
2139 487 2290 556 juxta
2317 481 2728 534 similitudinem:
2773 477 2849 530 sic
2879 476 3017 528 enim
3048 473 3279 533 dictum,
3325 466 3473 520 dilTe-

1912 574 2130 629 tentiam
2155 570 2413 639 signiﬁcat
2442 579 2495 623 et
2537 567 2781 635 imaginis
2805 575 2857 616 ει
2903 559 3281 617 similitudinis.
3319 557 3473 609 Multa

1909 679 2028 717 cum
2061 663 2129 715 sit
2170 660 2392 729 quaestio
2430 659 2624 724 dequo
2650 656 2872 710 dixerit:
2921 652 3187 704 Faciamus
3227 648 3473 700 hominem

1902 755 2055 822 juxta
2103 751 2368 819 imaginem
2415 756 2667 810 nostram,
2717 742 3116 796 eoncetlcndum
3151 753 3287 808 nunc
3333 735 3473 805 qtntl

1912 845 1977 897 de
2006 841 2180 895 anima
2229 837 2457 892 hominis
2477 879 2491 901 ,
2534 836 2644 889 sive
2670 835 2733 887 de
2763 833 3017 886 ambobus
3039 870 3054 894 ,
3099 829 3212 882 sive
3240 826 3378 881 enim
3408 826 3473 879 de

1913 935 2022 988 sola
2052 931 2224 984 anima
2249 971 2264 994 ,
2315 927 2444 982 nihil
2473 925 2612 979 aliud
2663 922 2993 990 intelligitur,
3025 919 3124 973 nisi
3165 918 3231 971 de
3269 916 3474 970 anima:

1914 1025 2025 1091 ipsa
2054 1023 2191 1074 enim
2238 1020 2347 1073 sola
2376 1028 2455 1072 est
2479 1018 2623 1086 juxta
2657 1014 2936 1083 imaginem
2982 1011 3104 1074 liei,
3136 1018 3189 1062 et
3226 1009 3372 1077 juxta
3402 1005 3476 1057 si-

1919 1112 2287 1168 militudinem.
2319 1108 2603 1177 Imaginem
2636 1106 2860 1159 dicimus
2883 1118 3001 1157 esse
3034 1100 3123 1154 Dei
3171 1098 3435 1152 Christum
3458 1138 3471 1160 ,

1918 1208 2088 1276 ipsum
2135 1212 2307 1256 autem
2338 1201 2497 1273 λόγον.
2531 1199 2687 1253 Juxta
2734 1195 3013 1264 imaginem
3063 1207 3190 1260 ergo
3223 1190 3312 1244 Dei
3360 1189 3475 1240 ani-

1919 1311 2061 1350 mum
2089 1293 2343 1355 dicimus,
2373 1289 2682 1342 rati0ualem
2727 1285 2982 1339 dicentes.
3028 1281 3141 1335 Non
3171 1280 3310 1334 enim
3338 1280 3480 1351 λόγος

1920 1387 2120 1449 anima,
2154 1383 2246 1438 sed
2275 1380 2575 1436 rationalis:
2621 1388 2672 1431 et
2703 1376 2840 1446 quod
2882 1384 3046 1428 totum
3077 1372 3180 1426 tita
3206 1369 3477 1423 Christus:

1921 1477 2095 1530 anima
2135 1484 2307 1527 autem
2357 1470 2512 1536 vivit,
2560 1469 2696 1538 quod
2754 1467 2856 1519 vita
2901 1462 3246 1517 substantiam
3299 1460 3477 1513 habet.

1920 1568 2070 1621 Juxta
2121 1563 2401 1631 imaginem
2442 1576 2567 1629 ergo
2625 1558 2713 1610 Dei
2767 1557 2973 1609 anima:
3021 1552 3264 1607 Christus
3307 1561 3480 1601 autem

1927 1658 2038 1713 Dei.
2070 1656 2201 1722 Quid
2234 1663 2406 1708 autem
2450 1649 2796 1718 intelligimus
2843 1646 2942 1699 ltoc
2964 1686 2978 1710 ,
3016 1647 3167 1715 juxta
3194 1640 3477 1694 similitudic

261 1761 339 1813 lia
383 1769 549 1828 paler,
595 1761 802 1813 actione
852 1760 1007 1812 ﬁlius.
1039 1760 1198 1812 Natus
1226 1760 1381 1827 igitur
1409 1760 1546 1812 illius
1567 1801 1581 1823 ,
1625 1758 1821 1812 habens
1852 1749 1898 1806 B
1926 1749 2078 1802 nem?
2106 1742 2554 1811 Quemadmodum
2584 1741 2726 1811 λόγος
2750 1734 3038 1791 substantia
3066 1741 3146 1787 est
3166 1772 3180 1796 ,
3215 1729 3370 1783 sit-uti
3397 1729 3487 1782 dc—

262 1851 317 1904 in
343 1850 548 1902 actione
594 1859 647 1902 et
699 1850 1057 1917 potentialiter
1103 1864 1222 1904 esse
1246 1890 1258 1911 ,
1290 1849 1438 1902 sicuti
1472 1848 1821 1916 potentialiter

261 1955 384 1994 esse
416 1939 573 1994 habet
595 1941 764 2007 ipsum
793 1940 1053 1992 actiOnem
1081 1955 1199 1993 esse
1248 1940 1298 1992 in
1335 1940 1619 2005 semetipso
1640 1981 1652 2001 ,
1681 1939 1821 2006 quod

260 2039 346 2083 εει
371 2029 718 2096 potentialiter
741 2043 878 2082 esse.
911 2028 1084 2092 Ipsum
1108 2037 1280 2084 autem
1311 2029 1502 2093 habet,
1534 2028 1819 2080 secmnlam

262 2120 588 2174 intellectum
616 2120 838 2187 accipite
858 2160 872 2179 ,
903 2135 1004 2172 non
1032 2120 1169 2172 enim
1198 2119 1352 2172 liabet
1373 2163 1386 2185 ,
1413 2119 1505 2188 sed
1532 2120 1697 2186 ipsum
1721 2128 1816 2171 est.

263 2209 539 2278 Simplicia
567 2211 706 2264 enim
736 2210 804 2263 ibi
828 2211 1025 2263 omnia.
1055 2212 1158 2265 Sed
1187 2210 1294 2264 dixi
1319 2211 1605 2265 secundum
1654 2211 1825 2264 Eran-

259 2301 456 2369 gelium
490 2299 702 2370 (Jounn.
725 2316 820 2356 xv:
841 2342 856 2365 ,
891 2300 1009 2373 i5):
1042 2319 1361 2371 quiecumque
1386 2303 1528 2355 habet
1558 2311 1717 2370 pater,
1744 2319 1825 2355 ea-

261 2395 379 2447 dem
410 2393 552 2445 habet
581 2394 739 2461 filius.
787 2394 1086 2448 Secundum
1133 2396 1284 2446 istam
1314 2395 1566 2446 rationem
1596 2404 1647 2447 et
1681 2405 1826 2461 pater

262 2484 319 2537 in
347 2485 450 2537 ﬁlio
474 2493 554 2536 est
577 2528 592 2547 ,
621 2493 673 2537 et
703 2485 838 2537 ﬁlius
877 2485 926 2536 in
957 2493 1102 2550 patre
1126 2523 1140 2545 .
1171 2495 1222 2537 ct
1266 2485 1525 2554 ὁμοούσιον
1553 2483 1708 2535 atnbo
1727 2522 1742 2547 ,
1774 2491 1829 2536 ει

262 2574 440 2643 imago
460 2575 594 2627 ﬁlius
617 2575 808 2643 patris;
831 2576 997 2644 ipsum
1022 2576 1159 2627 enim
1175 2589 1291 2628 csse
1310 2574 1532 2626 duorum
1551 2571 1823 2644 ὁμοοῦσιον.

263 2665 416 2729 Quod
444 2676 614 2719 autem
633 2664 855 2718 alterum
881 2664 946 2717 ab
968 2663 1153 2729 altero,
1180 2663 1455 2732 imaginale
1479 2673 1529 2716 et
1549 2663 1738 2729 imago.
1764 2662 1827 2713 Et

263 2771 450 2810 rursus
474 2795 490 2819 ,
523 2756 660 2824 quod
690 2756 822 2808 alter
851 2755 915 2806 ab
935 2754 1098 2807 altero
1125 2795 1139 2820 ,
1172 2769 1330 2806 unum
1355 2754 1663 2821 ingenitum,
1686 2749 1826 2804 aliud

265 2847 502 2915 genitum
528 2862 541 2905 ;
572 2843 685 2897 sine
708 2853 943 2912 tempore
964 2853 1140 2896 autem
1166 2845 1263 2896 ista
1288 2882 1300 2903 ,
1329 2841 1465 2910 quod
1498 2844 1547 2895 in
1573 2842 1828 2910 principio

267 2938 366 2991 ista
393 2977 408 2998 ,
439 2947 488 2990 et
517 2936 583 2988 ab
613 2945 812 2988 :eterno
847 2936 898 2989 in
921 2945 1196 2988 teternum.
1224 2934 1402 3002 Neque
1433 2935 1587 3002 igitur
1611 2935 1696 3002 qui
1738 2933 1832 2985 bo-

269 3027 468 3080 minem
501 3026 680 3079 dicnnt
706 3023 972 3078 Christum
1000 3065 1014 3088 ,
1043 3039 1216 3091 neque
1239 3024 1325 3092 qui
1353 3040 1417 3078 ex
1446 3023 1629 3084 nihilo,
1660 3038 1829 3091 neque

1921 1841 2175 1895 claratnm
2223 1846 2335 1890 est:
2363 1833 2608 1903 quoniam
2658 1840 2710 1883 ct
2754 1831 2896 1902 λόγον
2925 1843 3042 1881 esse
3087 1825 3255 1894 ipsum
3285 1832 3362 1875 est
3388 1863 3401 1887 ,
3434 1830 3483 1873 et

1922 1929 2090 1997 ipsum
2121 1924 2259 1994 quod
2303 1939 2453 1985 csse;
2480 1923 2621 1994 λόγος
2646 1929 2819 1972 autem
2859 1926 2940 1970 est
2969 1930 3154 1984 agere,
3185 1924 3237 1967 et
3266 1925 3344 1966 est
3375 1928 3486 1964 mn-

1925 2030 2031 2073 tnm
2059 2032 2206 2080 esse,
2237 2026 2289 2070 ει
2318 2014 2563 2080 quoniam
2597 2011 2818 2078 simplex
2851 2018 2929 2063 est
2960 2007 3031 2060 ibi
3057 2021 3212 2060 omne
3242 2005 3376 2058 istud
3407 2004 3485 2071 ip.

1924 2124 2038 2163 sum
2066 2123 2184 2162 esse
2212 2116 2264 2158 et
2284 2120 2469 2174 agere.
2506 2105 2604 2155 hoc
2640 2111 2722 2154 est
2758 2099 2896 2168 quod
2944 2109 3023 2151 εει
3053 2112 3171 2151 εεεε
3195 2138 3209 2160 ,
3242 2096 3378 2164 quod
3409 2104 3490 2148 est

1927 2200 2000 2252 ibi
2025 2196 2350 2260 substantia;
2383 2194 2458 2247 sic
2503 2201 2556 2247 ct
2582 2191 2754 2244 anima
2797 2206 2901 2257 quo
2932 2188 3106 2240 anima
3136 2198 3245 2251 est,
3279 2188 3377 2240 hoc
3406 2198 3489 2240 cst

1925 2289 2063 2360 quod
2091 2300 2170 2342 est
2195 2302 2313 2341 esse
2333 2326 2346 2348 ,
2378 2294 2430 2338 ει
2454 2280 2802 2337 substantiam
2839 2294 2991 2341 esse;
3041 2278 3179 2346 quod
3207 2289 3378 2330 autem
3407 2287 3490 2330 εει

1927 2397 1954 2434 a
1983 2396 2039 2434 se
2066 2395 2124 2433 se
2152 2393 2367 2431 movens
2390 2416 2402 2439 ,
2431 2375 2602 2442 imago
2630 2382 2710 2426 est
2740 2370 3082 2424 substantiae:
3127 2369 3295 2438 magis
3315 2379 3488 2423 autem

1927 2471 2039 2538 ipsa
2069 2467 2358 2523 substantia
2389 2466 2532 2532 juxta
2561 2461 2791 2531 speciem
2824 2459 3130 2513 substantia:
3151 2500 3164 2521 ,
3193 2468 3247 2512 et
3293 2458 3410 2513 ideo
3437 2459 3489 2512 in

1928 2560 2233 2615 delinitiune
2275 2558 2464 2609 animm
2508 2570 2626 2608 cum
2683 2551 2938 2612 dit-imus,
2993 2550 3116 2618 quid
3147 2561 3227 2603 est
3279 2549 3493 2602 anima?

1930 2651 2138 2721 proprie
2159 2649 2379 2702 dit'illlllS
2398 2656 2448 2699 et
2473 2643 2910 2704 substantialiter,
2934 2640 3072 2709 quod
3097 2656 3128 2692 ει
3148 2656 3204 2693 εε
3227 2653 3486 2693 movetur.

1931 2740 2260 2797 Manifestum
2294 2749 2345 2792 et
2393 2753 2456 2791 cx
2500 2737 2631 2797 isto,
2683 2735 2820 2804 quod
2872 2731 3235 2788 substantialis
3283 2732 3488 2799 imago,

1930 2829 2096 2897 magis
2125 2837 2297 2880 autem
2329 2824 2616 2878 substantia
2645 2832 2726 2875 εει
2750 2821 2970 2880 animae,
2996 2820 3134 2886 quod
3165 2834 3192 2870 a
3221 2833 3277 2871 se
3316 2833 3493 2872 more-

1935 2933 2033 2974 tur.
2064 2920 2170 2971 l-loc
2213 2926 2387 2969 autem
2419 2924 2498 2968 est
2523 2913 2777 2966 rationale
2802 2912 2946 2978 juxta
2979 2909 3260 2972 imaginem
3293 2916 3382 2963 τοῦ
3413 2909 3494 2960 λο-

1930 3016 2022 3082 γοῦ
2050 3007 2356 3062 rationalem
2384 3019 2521 3058 esse.
2550 3002 2705 3056 Aliud
2747 3001 2904 3069 igitur
2931 3012 3010 3054 est
3041 3002 3195 3069 juxta
3225 2999 3493 3067 imaginem

266 3118 357 3186 qui
387 3133 449 3171 ex
481 3116 657 3184 aliquo
687 3126 924 3183 tempore
945 3130 1042 3169 nec
1063 3115 1149 3169 alii
1177 3091 1477 3182 hujusmodi
1507 3115 1557 3167 in
1589 3115 1682 3168 ista
1714 3129 1832 3181 per-
1858 3099 1902 3161 C
1935 3116 2050 3155 esse
2069 3141 2082 3163 ,
2105 3099 2240 3167 quod
2269 3098 2477 3166 quidem
2507 3094 2798 3148 substantii
2828 3102 2944 3155 est;
2973 3091 3114 3143 aliud
3146 3099 3316 3143 autem
3341 3093 3493 3162 juxta

271 3209 547 3278 spectione
577 3209 753 3263 locum
781 3208 994 3261 habent.

342 3299 754 3353 XXNideamus
783 3307 953 3350 autem
976 3307 1028 3351 et
1056 3297 1214 3350 istud.
1243 3297 1376 3351 Dicit
1405 3297 1610 3367 Moyses
1637 3297 1833 3352 dictum

275 3389 366 3442 Dei
393 3387 544 3459 (Gen.
586 3403 623 3441 l.
649 3386 772 3456 98’):
808 3386 1076 3440 Faciamus
1121 3387 1368 3439 hominem
1398 3391 1670 3439 secundum
1709 3388 1835 3439 ima-

271 3482 438 3550 ginem
488 3489 724 3545 nostram,
749 3488 793 3530 et
822 3479 1095 3531 secundum
1120 3479 1513 3530 similitudinem.
1546 3478 1682 3530 Dens
1712 3478 1836 3531 dicit

277 3573 378 3624 ista
402 3611 415 3634 ,
445 3569 728 3638 faciamus:
763 3569 1093 3636 cooperatori
1123 3567 1249 3620 dicit
1270 3607 1284 3630 ,
1319 3567 1615 3621 necessario
1651 3567 1832 3619 Chris-

275 3670 328 3714 to
350 3702 363 3721 .
398 3671 451 3713 et
499 3659 784 3713 secundum
817 3659 1095 3724 imaginem
1144 3657 1267 3710 dicit
1301 3672 1316 3719 ;
1347 3671 1472 3725 ergo
1530 3656 1688 3708 homo
1733 3670 1835 3708 non

273 3751 450 3818 imago
474 3749 601 3813 Dei,
626 3749 715 3803 sed
746 3748 1036 3802 secundum
1064 3747 1378 3816 imaginem:
1413 3745 1556 3799 solus
1586 3747 1724 3798 enim
1750 3745 1837 3800 Je-

275 3856 367 3894 sus
413 3841 582 3908 imago
633 3839 762 3904 Dei,
793 3837 951 3890 homo
982 3846 1155 3890 autem
1186 3835 1474 3890 secundum
1521 3835 1835 3902 imaginem,

276 3932 379 3985 hoc
408 3941 488 3984 est
516 3972 530 3994 ,
560 3931 732 4000 imago
759 3929 1022 3996 imaginis.
1064 3927 1167 3982 Sed
1195 3927 1322 3982 dicit
1359 3926 1628 3980 secundum
1658 3927 1838 3995 imagi-

277 4039 392 4076 ncm
422 4032 665 4074 nostram.
719 4020 860 4090 Ergo
885 4029 937 4073 ει
984 4028 1131 4087 pater
1176 4029 1227 4072 ει
1255 4017 1394 4072 ﬁlius
1423 4019 1595 4085 imago
1630 4032 1750 4070 una.
1784 4016 1841 4070 Si

283 4113 458 4179 imago
489 4110 652 4176 patris
678 4110 816 4164 ﬁlius
845 4118 925 4162 est
949 4149 964 4172 ,
987 4119 1041 4164 et
1069 4110 1180 4179 ipsa
1211 4109 1383 4176 imago
1415 4119 1580 4176 pater,
1610 4107 1836 4176 imagine

280 4217 408 4269 ergo
428 4199 704 4272 ὁμοούσιοι.
737 4199 851 4268 Ipsa
874 4200 1010 4253 enim
1035 4199 1207 4267 imago
1231 4199 1516 4253 substantia
1547 4210 1654 4252 est:
1682 4215 1840 4252 unum

280 4290 422 4344 enim
455 4300 534 4343 est
559 4299 610 4344 ει
640 4289 862 4357 simplex
895 4297 948 4343 et
976 4289 1045 4342 ibi
1065 4303 1183 4342 esse
1210 4297 1263 4342 et
1295 4289 1502 4356 Operari
1527 4308 1541 4341 :
1571 4290 1638 4343 ita
1669 4302 1841 4344 autem

281 4388 407 4433 sunt
436 4386 488 4430 ει
517 4378 807 4430 substantia
841 4386 895 4432 et
933 4378 1155 4446 species.
1189 4377 1489 4432 Substantia
1521 4388 1691 4432 autem
1721 4393 1839 4433 cum

1931 3192 2306 3247 similitudinem
2344 3204 2481 3250 esse,
2513 3187 2649 3254 quod
2681 3200 2782 3236 non
2809 3194 2887 3235 est
2936 3181 3230 3235 substantia
3258 3223 3272 3244 ,
3315 3180 3407 3234 setl
3441 3181 3491 3232 iu

1933 3281 2221 3337 substantia
2255 3293 2443 3332 nomen
2473 3274 2738 3346 qualitatis
2767 3270 3161 3326 dt-claralivum.
3206 3269 3308 3325 Sed
3340 3270 3497 3322 siculi

1937 3373 2096 3426 Demn
2117 3413 2130 3434 ,
2155 3369 2231 3422 sic
2258 3377 2310 3421 ει
2335 3365 2616 3434 imaginem
2642 3405 2655 3425 ,
2682 3365 2778 3415 hoc
2807 3372 2885 3415 cst
2907 3403 2921 3422 ,
2951 3360 3218 3413 Christum
3247 3360 3493 3410 substan-

1937 3465 2059 3518 tiam
2087 3461 2420 3528 accepimus:
2449 3455 2823 3526 perlectinnem
2852 3463 3026 3504 autem
3053 3451 3204 3518 juxta
3243 3449 3396 3516 quale
3426 3448 3498 3500 si-

1934 3549 2288 3620 gniﬁeativum
2321 3544 2682 3613 intelligimus.
2715 3541 2778 3594 Et
2809 3542 2850 3593 si
2892 3539 3066 3592 simile
3104 3538 3254 3606 quale
3298 3537 3496 3604 signiti-

1936 3653 2020 3697 cat
2046 3638 2362 3700 necessario,
2393 3635 2655 3704 quomodo
2676 3632 2901 3685 dicimus
2925 3630 3154 3683 animam
3187 3627 3494 3680 rationalem

1937 3747 2081 3793 esse,
2113 3741 2163 3785 et
2193 3729 2418 3796 perteue
2447 3724 2754 3778 rationalem
2777 3723 2922 3790 juxta
2951 3717 3348 3773 similitudinem
3383 3731 3500 3785 per-

1938 3821 2180 3878 l'ecti'mis
2225 3819 2276 3873 in
2335 3815 2477 3871 Deo?
2503 3814 2785 3884 perfectam
2823 3827 2940 3865 esse
2977 3809 3199 3863 dicimus
3233 3807 3496 3873 animam,

1930 3918 2080 3986 juxta
2109 3913 2407 3982 imaginem,
2435 3923 2562 3978 ergo
2594 3921 2729 3959 nunc
2757 3915 2809 3958 et
2839 3904 2890 3956 in
2921 3902 3152 3964 mundo;
3180 3904 3334 3972 juxta
3362 3899 3501 3952 sinti-

1941 4004 2201 4058 litudinem
2252 4011 2424 4055 autem
2455 4007 2638 4068 postea
2685 3995 2786 4048 lidc
2842 3994 2893 4047 in
2944 3993 3104 4046 Deum
3136 4001 3189 4044 ει
3238 3991 3289 4044 in
3319 3989 3497 4044 Jesmu

1940 4094 2238 4157 Christum,
2270 4090 2438 4159 qualis
2459 4097 2598 4142 esset
2619 4088 2787 4140 lutura
2817 4085 2861 4138 si
2889 4083 3054 4137 Adam
3079 4099 3179 4134 non
3209 4089 3502 4150 peccasset.

1941 4185 1998 4239 ln
2029 4200 2133 4253 quo
2178 4184 2336 4252 igitur
2361 4179 2635 4235 rationalis
2663 4187 2741 4231 cst
2761 4217 2774 4241 ,
2806 4176 2868 4227 ad
2900 4174 3156 4227 rationem
3193 4174 3346 4240 juxta
3377 4173 3505 4223 iuta-

1942 4276 2104 4344 ginem
2125 4282 2234 4336 est;
2266 4272 2318 4325 in
2349 4285 2452 4338 quo
2473 4268 2642 4322 futura
2675 4264 2903 4334 perlecta
2932 4271 3040 4328 est,
3067 4262 3340 4314 secundum
3364 4261 3504 4312 simi—

1945 4366 2223 4417 litudinem.
2277 4361 2431 4416 Aliud
2460 4359 2618 4429 igitur
2645 4365 2755 4419 est,
2790 4353 3068 4423 imaginem
3098 4368 3214 4406 esse
3237 4393 3250 4414 ,
3284 4363 3334 4404 et
3362 4349 3502 4403 aliud

283 4468 354 4520 sit
399 4467 590 4535 imago,
621 4467 880 4538 ὁμοούσιοι
929 4475 1074 4533 pater
1100 4475 1153 4520 ει
1184 4465 1340 4529 ﬁlius,
1393 4475 1538 4534 patre
1583 4469 1842 4522 existente
1867 4443 1918 4501 Ι)
1941 4457 2084 4526 juxta
2114 4454 2394 4522 imaginem
2415 4494 2429 4516 ,
2459 4460 2512 4506 ει
2539 4449 2703 4518 magis
2736 4446 2874 4500 aliud
2902 4447 3049 4514 juxta
3080 4441 3504 4498 similitudinem.

282 4556 574 4611 secundum
600 4555 739 4625 quod
768 4566 849 4610 est
878 4570 1023 4618 esse.
1053 4556 1209 4611 etiam
1241 4557 1376 4623 quod
1403 4566 1482 4610 est
1511 4571 1698 4626 agere:
1736 4557 1842 4612 ﬁlio

283 4658 461 4700 autem
507 4647 763 4700 existente
811 4646 1100 4700 secundum
1126 4645 1262 4713 quod
1314 4656 1394 4700 est
1441 4661 1634 4715 agere,
1684 4648 1841 4702 etiam

283 4735 423 4798 quod
450 4745 532 4788 εει
561 4750 679 4789 εεεε
703 4776 717 4800 ,
747 4749 1059 4803 unoquoque
1086 4735 1313 4790 habente
1339 4735 1389 4788 id
1417 4737 1553 4804 quod
1585 4736 1672 4800 sit,
1698 4738 1847 4804 juxta

284 4823 426 4891 quod
455 4824 680 4900 maxime
704 4831 814 4889 est,
844 4823 1108 4892 antiquius
1133 4823 1394 4878 existente
1425 4824 1562 4892 quod
1587 4833 1805 4879 estesse
1828 4866 1844 4890 ,

286 4914 354 4969 ab
376 4929 440 4967 eo
465 4914 603 4983 quod
629 4924 709 4968 εει
748 4930 922 4984 agere.
959 4915 1114 4969 Pater
1138 4925 1311 4969 autem
1340 4915 1475 4984 quod
1498 4924 1579 4970 est
1611 4932 1728 4972 esse
1750 4958 1765 4983 ,
1797 4928 1850 4972 et

287 5003 520 5057 maxime
552 5012 699 5072 pater
725 5003 894 5070 ipsum
921 5005 1059 5072 quod
1091 5013 1172 5058 εει
1196 5019 1314 5059 esse
1335 5045 1348 5067 ,
1377 5005 1460 5059 cui
1508 5005 1644 5060 inest
1681 5016 1730 5059 ει
1759 5021 1848 5060 ac-

289 5094 364 5147 tio
393 5094 764 5163 potentitliter.
795 5096 855 5148 Et
898 5111 1078 5150 rursus
1107 5105 1163 5149 ιιι
1185 5095 1397 5162 juniore
1423 5096 1681 5151 existente
1709 5097 1849 5166 quod

289 5194 549 5252 estagere
604 5184 776 5250 ﬁlius,
808 5194 862 5239 ut
885 5184 1063 5254 junior
1091 5187 1157 5240 ab
1185 5200 1249 5240 eo
1289 5185 1429 5255 quod
1475 5195 1726 5250 estesse,
1758 5186 1851 5240 ha-

290 5273 422 5327 bens
471 5272 635 5326 lilium
667 5274 717 5327 in
748 5289 813 5328 eo
856 5274 993 5343 quod
1024 5284 1104 5328 εει
1148 5290 1353 5345 agerea
1395 5274 1562 5344 primo
1588 5275 1725 5345 quod
1771 5285 1853 5330 est

292 5379 429 5418 esse.
464 5362 684 5431 Propter
707 5367 846 5432 quod
877 5379 1010 5417 unus
1034 5373 1182 5434 pater
1223 5366 1369 5433 juxta
1399 5367 1539 5434 quod
1570 5377 1649 5421 est
1691 5382 1810 5421 esse
1835 5409 1849 5432 ,

293 5469 428 5508 unus
459 5453 596 5507 ﬁlius
613 5453 759 5522 juxta
790 5455 926 5522 quod
956 5471 1140 5524 agere,
1187 5466 1411 5526 uterque
1438 5456 1591 5510 simul
1619 5457 1852 5511 existens

294 5544 346 5598 in
376 5551 620 5611 utroque,
661 5542 797 5597 sicut
823 5543 1235 5598 demonstratum
1273 5556 1355 5600 est
1379 5563 1391 5600 :
1420 5549 1677 5618 ὀμοούσιοι
1703 5561 1847 5616 ergo.

297 5633 543 5688 Dicamus
568 5647 726 5702 ergo:
774 5631 1044 5690 Faciamus
1084 5636 1368 5704 hominem,
1397 5647 1443 5692 et
1484 5638 1550 5690 ad
1586 5637 1854 5705 imaginem

1942 4548 2068 4615 Quae
2098 4546 2254 4615 igitur
2282 4541 2602 4612 blasphemia
2623 4583 2636 4605 ,
2682 4539 2938 4611 ὄμοούσιον
2971 4537 3072 4590 dici
3103 4537 3304 4589 Patrem
3343 4542 3394 4586 et
3422 4532 3506 4585 Fi-

1944 4639 2104 4694 lium:
2134 4653 2250 4691 cum
2283 4637 2452 4704 imago
2481 4633 2546 4687 sit
2588 4632 2752 4686 Filius
2776 4632 2926 4697 juxta
2971 4626 3317 4682 substantiam
3339 4664 3354 4688 ,
3402 4638 3504 4675 non

1942 4730 2090 4798 juxta
2113 4725 2504 4780 similitudinem
2523 4724 2545 4776 ?
2566 4723 2669 4776 Sed
2701 4735 2837 4774 nunc
2866 4718 2960 4773 sic.

2017 4817 2156 4871 XXI.
2187 4818 2379 4869 [ianuis
2415 4829 2540 4869 vero
2569 4811 2636 4865 ad
2683 4810 2804 4863 alia.
2833 4807 2982 4875 Quod
3023 4807 3072 4860 in
3107 4803 3321 4859 Christo
3357 4816 3506 4856 crea-

1955 4917 2090 4971 tura,
2124 4906 2213 4960 sed
2239 4921 2341 4959 non
2368 4917 2488 4958 una.
2515 4902 2647 4957 Sunt
2670 4901 2808 4954 enim
2831 4906 3087 4951 creatura:
3111 4907 3248 4949 tres:
3271 4909 3371 4947 una
3393 4893 3507 4961 qui-

1953 4999 2075 5054 dem
2110 5013 2226 5052 cum
2252 5008 2430 5050 creata
2455 5003 2579 5047 sunt
2608 4993 2783 5046 omnia
2825 5005 2919 5058 per
2945 4987 3248 5051 Christum;
3277 4984 3508 5040 secunda

1953 5103 2191 5144 creatura
2240 5097 2415 5141 nostra
2460 5085 2510 5139 in
2557 5083 2768 5138 Christo
2817 5079 3107 5135 secundum
3157 5078 3505 5144 baptismum,

1953 5179 2046 5234 sed
2095 5180 2147 5231 in
2194 5177 2434 5240 Christo,
2469 5186 2519 5230 et
2563 5173 2667 5227 alia
2715 5174 2766 5225 in
2803 5169 3015 5223 Christo
3041 5165 3383 5223 commutatio
3433 5166 3507 5218 lit.

1955 5269 2106 5325 Unde
2136 5267 2204 5340 (11
2231 5266 2346 5321 Cor.
2374 5282 2431 5329 ν,
2461 5265 2550 5336 i7)
2578 5265 2621 5318 si
2647 5277 2744 5330 qua
2781 5263 2830 5314 in
2860 5259 3056 5313 Christo
3097 5273 3222 5310 nova
3253 5266 3509 5320 creatura,

1955 5360 2149 5415 dictum
2176 5372 2257 5413 est
2288 5378 2299 5413 :
2326 5357 2476 5425 Quod
2508 5367 2788 5422 antequam
2825 5361 2963 5406 esset
2993 5349 3234 5404 Christus
3281 5349 3330 5400 in
3353 5361 3513 5400 carnc

1955 5451 2116 5520 (Ibid.
2140 5450 2234 5520 21)
2259 5467 2271 5502 :
2307 5449 2404 5515 Qui
2429 5457 2683 5517 peccatum
2711 5460 2806 5495 non
2837 5449 3070 5501 noverat,
3111 5455 3200 5508 pro
3223 5438 3363 5488 nobis
3391 5451 3508 5500 pec.

1957 5552 2124 5597 catum
2153 5523 2461 5611 fecit.Quod
2505 5538 2603 5592 fuit
2634 5547 2838 5604 tempus
2885 5533 2937 5585 in
2986 5544 3091 5600 quo
3111 5537 3380 5599 peccatum
3410 5540 3512 5578 non

1959 5632 2218 5692 noverat?
2262 5634 2555 5700 Antequam
2596 5638 2738 5682 esset
2782 5626 2834 5680 in
2874 5636 3069 5688 carne,
3117 5621 3182 5675 ad
3230 5615 3514 5686 Ephesios.
