3950 6206
385 5640 524 5698 eniin
573 5642 859 5713 Apostolus
906 5659 918 5695 :

458 218 596 278 1055

1676 218 1859 273 MAR"
1907 212 2236 273 VICTORINI
2276 225 2311 271 A
2324 220 2431 275 Fili

3562 223 3700 279 Illi-0

455 338 608 405 Quod
640 347 918 408 antequam
963 348 1104 394 esset
1144 339 1388 394 Christus
1418 340 1467 393 in
1499 352 1660 393 carne
1709 338 1727 408 (
1754 336 1933 406 Ephcs.
1966 350 2015 397 ι,
2046 334 2099 393 Α
2121 337 2247 389 servi
2274 339 2538 407 accipiens.
2570 340 2831 411 Numquid
2862 344 3001 397 enim
3032 344 3260 397 formam
3291 341 3467 397 solum
3494 340 3705 407 accepit

459 429 514 493 3,
542 428 617 501 4)
661 446 675 481 :
722 428 1022 483 Benedictus
1048 429 1206 484 Pater
1235 429 1438 484 Domini
1466 430 1625 483 nostri
1649 428 1681 482 J
1690 445 1774 482 esu
1804 426 2018 491 Christi,

461 521 545 587 qui
574 520 825 574 benedixit
856 537 945 574 nos
971 524 1021 575 in
1053 524 1187 575 omni
1221 522 1561 575 benedictione
1588 519 1805 587 spiritali
1842 520 1892 571 in
1920 534 2019 571 cae-

460 610 682 674 lestibus,
714 612 767 664 in
795 611 992 665 Christo
1020 612 1165 674 Jesu,
1197 613 1470 666 secundum
1493 612 1626 681 quod
1651 611 1903 680 praeelegit
1932 626 2023 662 nos

460 713 575 757 ante
601 704 1002 757 constitutionem
1050 706 1241 758 mundi.
1272 704 1422 771 Quod
1456 704 1554 757 fuit
1585 702 1828 757 Chrisms
1871 710 2020 755 ante-

462 808 617 862 quam
650 802 790 848 esset
822 796 871 849 in
903 810 1063 850 carne
1091 796 1309 867 (Ephes.
1342 813 1373 850 tt
1395 838 1409 859 ,
1444 796 1531 866 12)
1564 815 1576 850 :
1613 796 1862 861 Quoniam
1904 800 2017 865 fue-

460 884 585 937 ratis
615 884 704 937 illo
752 893 973 955 tempore
1000 888 1109 939 sine
1135 885 1356 952 Christo,
1387 887 1657 939 abalienati
1685 903 1714 937 a
1744 901 2023 939 canuersa—

461 977 597 1030 tione
624 975 789 1030 Israel
838 978 987 1045 Quod
1021 979 1157 1031 Deus
1185 976 1430 1032 Clll‘lSlUs
1471 975 1660 1049 (Ibid)
1700 994 1709 1028 :
1744 978 1898 1045 Spem
1924 994 2024 1030 non

462 1068 731 1134 habentes,
769 1078 816 1123 et
858 1072 965 1123 sine
994 1069 1119 1123 Deo.
1155 1071 1263 1125 Iloc
1288 1079 1402 1133 est,
1438 1073 1554 1123 sine
1596 1069 1825 1123 Christo.
1872 1068 2022 1134 Quod

463 1160 681 1228 spiritus
711 1168 794 1213 est
836 1162 924 1229 qui
973 1162 1150 1213 omnia
1200 1160 1415 1229 colligat
1445 1158 1656 1228 (Ephes.
1701 1174 1772 1221 tv,
1805 1160 1837 1213 3
1861 1200 1873 1222 ,
1923 1158 2019 1227 6):

462 1248 730 1320 Cupientes
771 1252 1026 1305 custodire
1070 1254 1314 1304 unitatem
1361 1252 1567 1319 spiritus
1611 1252 1663 1303 in
1705 1250 2024 1317 colligatione

465 1344 623 1412 pacis.
659 1342 828 1397 Unum
854 1359 1059 1410 corpus,
1090 1354 1135 1396 et
1167 1361 1296 1396 unus
1323 1346 1550 1411 spiritus.
1587 1341 1728 1397 Unus
1757 1343 2019 1406 Dominus,

462 1448 565 1485 una
587 1433 746 1500 ﬁdes,
780 1450 934 1486 unum
974 1434 1243 1502 baptisma.
1279 1434 1421 1489 Unus
1448 1434 1617 1497 Deus,
1648 1444 1693 1487 et
1733 1444 1873 1503 pater
1917 1450 2022 1486 ont-

463 1523 623 1585 nium,
654 1524 811 1591 quiin
832 1526 1080 1587 omnibus,
1114 1535 1158 1578 et
1186 1542 1275 1593 per
1299 1527 1489 1589 omnia,
1519 1535 1563 1579 et
1588 1527 1641 1579 in
1666 1526 1914 1578 onmibus.
1946 1523 2023 1579 Ad

471 1611 686 1667 Galatas
748 1614 886 1682 quod
935 1612 1176 1668 Christus
1227 1616 1365 1669 Deus
1408 1615 1546 1687 (Gal.
1597 1615 1775 1686 1.1):
1832 1614 2024 1668 Paulus

2127 424 2375 484 hominis.
2403 443 2507 481 non
2547 439 2602 484 et
2647 432 2997 485 substantiam
3049 432 3315 485 hominis?
3349 431 3525 485 Induit
3554 429 3701 483 enim

2124 523 2179 567 et
2228 531 2467 582 carnem,
2494 526 2549 571 et
2600 519 2650 571 in
2675 535 2835 574 carne
2884 521 2998 585 fuit,
3025 532 3076 574 et
3106 536 3294 588 passus
3322 531 3409 575 est
3438 524 3489 573 in
3516 536 3702 585 carne,

2124 615 2176 660 et
2208 606 2304 659 hoc
2331 618 2415 662 est
2435 611 2766 679 mysterium,
2793 624 2845 665 et
2870 614 2967 667 hoc
2993 616 3129 681 quod
3158 618 3397 668 salutare
3425 614 3498 667 sit
3525 614 3699 668 nobis.

2126 696 2181 751 Si
2211 696 2369 766 igitur
2397 700 2682 754 exinanivit
2710 718 2766 756 se
2796 704 2965 770 ipsum
2994 746 3008 769 ,
3042 714 3096 759 et
3142 706 3395 759 Christus
3445 706 3697 758 exinani-

2125 792 2199 841 vit
2228 805 2287 843 se
2310 792 2479 859 ipsnm
2512 802 2564 847 et
2592 807 2875 863 antequam
2903 797 2951 849 in
2980 812 3139 851 carne
3167 806 3334 859 esset,
3374 798 3469 849 fuit
3512 798 3701 850 Chris-

2127 890 2228 933 tus.
2262 881 2327 934 Et
2356 887 2399 935 si
2432 882 2530 935 fuit
2553 894 2675 937 ante
2698 884 2860 950 istud,
2886 888 3133 954 quoniam
3161 903 3217 941 se
3244 888 3421 956 ipsum
3450 887 3697 941 exinani—

2125 974 2218 1035 vit,
2251 972 2361 1040 ipse
2391 973 2559 1026 induit
2607 990 2843 1028 carnem.
2884 976 3059 1043 Quare
3100 978 3239 1031 enim
3268 997 3328 1031 se
3377 978 3695 1041 exinanivit,

2125 1062 2190 1125 si,
2218 1071 2273 1117 ut
2300 1064 2450 1127 dicis,
2482 1081 2514 1117 ο
2537 1066 2797 1133 Marcelle,
2820 1078 2907 1119 attt
2929 1068 3169 1133 Photine,
3202 1072 3496 1138 a>Sumpsil
3516 1070 3688 1121 homi-

2126 1169 2245 1207 nem
2272 1155 2418 1223 quasi
2447 1166 2691 1223 quartmn
2744 1161 2919 1210 esset?
2959 1157 3251 1227 Oportebat
3277 1164 3420 1213 enim
3443 1162 3585 1232 λόγον
3606 1161 3695 1229 qui

2125 1254 2265 1298 esset
2292 1261 2531 1311 manere,
2560 1263 2833 1302 assumere
2862 1250 3128 1305 hamineui
3150 1293 3162 1314 ,
3197 1264 3244 1304 et
3277 1251 3439 1305 modo
3465 1254 3694 1322 quodam

2125 1337 2384 1405 inSpirare
2412 1340 2652 1406 spiritum
2683 1342 2747 1394 ad
2776 1348 3016 1397 actiones
3074 1344 3177 1398 Sed
3218 1344 3351 1397 dixit
3373 1386 3386 1405 ,
3418 1346 3695 1397 exinanieit

2123 1447 2176 1484 se
2193 1432 2377 1497 ipsum.
2412 1432 2575 1486 Recte
2600 1450 2612 1484 :
2636 1435 2722 1502 qui
2748 1434 2974 1488 habebat
2999 1436 3219 1490 induere
3242 1436 3537 1489 hominem.
3562 1436 3694 1502 Quid

2124 1522 2283 1590 igitur
2311 1534 2389 1576 est
2410 1564 2424 1588 ,
2457 1525 2728 1577 exinanivit
2754 1526 2843 1578 se?
2873 1527 3229 1579 universalem
3261 1528 3401 1597 λόγον
3432 1543 3537 1580 non
3578 1542 3694 1581 esse

2129 1613 2477 1666 universalem
2508 1614 2561 1667 in
2591 1629 2654 1669 eo
2677 1615 2814 1685 quod
2844 1626 2925 1670 est
2951 1632 3068 1670 esse
3094 1617 3257 1690 λόγος,
3287 1620 3487 1679 Carnis,
3522 1630 3574 1670 et
3596 1618 3691 1671 lico

465 1701 755 1769 Apostolus,
787 1719 885 1755 non
917 1704 978 1756 ab
1009 1706 1310 1770 hominibus,
1342 1722 1498 1772 neque
1526 1723 1613 1775 per
1639 1708 1907 1767 hominem,
1939 1706 2025 1757 sed
2052 1697 2101 1758 B
2128 1713 2207 1756 ret
2235 1717 2380 1757 caro.
2413 1704 2525 1757 Non
2569 1704 2725 1773 igitur
2751 1707 3038 1774 assumpsit
3058 1708 3354 1772 hominem,
3386 1710 3479 1762 sed
3528 1706 3693 1761 factus

466 1809 554 1861 per
578 1792 753 1847 Iesum
775 1794 1048 1860 Christum,
1072 1805 1117 1849 et
1147 1795 1305 1847 Deum
1328 1808 1539 1864 patrem.
1569 1798 1630 1849 Et
1656 1812 1837 1850 rursus
1861 1795 2019 1867 (Ibid.

464 1885 553 1947 ‘H,
589 1883 678 1954 ιε)
705 1905 717 1939 :
749 1884 1082 1956 Evangelium
1120 1888 1256 1958 quod
1286 1889 1681 1957 euangelizatum
1720 1899 1791 1942 est
1836 1907 1866 1941 a
1914 1905 2020 1954 me,

464 1991 563 2029 non
592 1986 666 2030 est
698 1981 851 2046 juxta
878 1978 1165 2041 hominem;
1209 1995 1307 2031 non
1338 1979 1466 2031 enim
1496 1996 1584 2047 ego
1621 1980 1683 2031 ab
1718 1979 1916 2031 homine
1941 1995 2026 2032 ac-

462 2068 568 2134 cepi
596 2069 782 2134 ipsum,
816 2068 902 2121 sed
924 2084 1011 2138 per
1038 2070 1388 2129 reuelationem
1408 2068 1533 2122 Jesu
1554 2068 1761 2123 Christi.
1795 2069 1871 2123 Ad
1901 2068 2023 2123 Phi-

464 2157 764 2228 lippenses.
816 2160 955 2228 quod
996 2160 1239 2214 Christus
1268 2159 1497 2228 Spiritus
1526 2160 1780 2233 (Philipp.
1813 2178 1859 2225 ι,
1892 2162 1979 2232 19)
2010 2180 2021 2214 :

464 2249 532 2304 Et
579 2251 629 2303 in
674 2251 1133 2305 subministratione
1181 2252 1405 2321 Spiritus
1450 2253 1574 2307 Iesu
1613 2253 1819 2308 Christi.
1873 2255 2023 2321 Quod

462 2342 742 2415 ὁμοούσιος,
772 2354 825 2395 et
852 2344 1007 2397 simul
1037 2344 1168 2408 patri
1198 2345 1335 2399 titius
1356 2344 1609 2415 (Philipp.
1640 2361 1698 2410 lt,
1732 2346 1784 2411 5,
1811 2344 1863 2415 7)
1897 2366 1909 2399 :
1944 2346 2025 2398 Is-

464 2432 554 2484 tud
582 2434 712 2485 enim
740 2435 901 2502 sapite
926 2435 975 2487 in
1008 2434 1083 2486 his
1112 2436 1244 2504 quad
1272 2446 1317 2488 et
1343 2437 1394 2489 in
1421 2435 1640 2497 Christo,
1670 2439 1753 2505 qui
1783 2440 1833 2490 in
1863 2442 2026 2507 forma

466 2521 560 2575 Dei
588 2523 821 2583 existens.
851 2540 949 2576 non
1003 2527 1233 2590 rapinam
1260 2527 1530 2579 arbitratus
1552 2536 1623 2581 est
1652 2544 1757 2581 esse
1784 2528 2027 2596 aequalem

472 2612 610 2678 Deo,
639 2613 727 2668 sed
768 2615 1085 2679 semetipsum
1124 2616 1418 2679 exinaniuit,
1468 2620 1682 2689 formam
1739 2619 1863 2671 servi
1894 2619 2027 2671 acci-

465 2705 636 2772 piens,
682 2706 732 2756 in
763 2705 1140 2759 similitudinem
1172 2707 1384 2759 hominis
1412 2706 1640 2773 effectus,
1680 2719 1723 2762 et
1748 2710 1913 2777 ﬁgura
1944 2709 2023 2761 in-

462 2808 634 2850 ventus
682 2798 831 2850 sicuti
855 2799 1024 2850 homo.
1072 2798 1304 2852 Primum
1339 2800 1579 2865 Pltotini,
1621 2811 1672 2854 et
1703 2803 1768 2854 ab
1810 2803 1943 2866 isto,
1976 2811 2028 2855 et

462 2899 585 2943 ante
618 2890 796 2955 istum,
828 2894 916 2959 qui
952 2890 1219 2945 hominem
1256 2891 1441 2947 dicunt
1470 2892 1648 2947 Jesum
1678 2902 1733 2946 et
1756 2895 1926 2946 solum
1962 2894 2028 2946 ab

462 2980 678 3034 hOmine
706 2978 923 3045 factum,
954 2992 1281 3049 cognoscunt
1311 2983 1525 3049 impiam
1561 2983 1948 3051 blaSphemiam
1978 2985 2025 3036 in

2127 1804 2207 1845 εει
2235 1791 2411 1845 homo.
2448 1793 2540 1847 Est
2572 1796 2727 1861 igitur
2757 1794 2924 1847 forma
2948 1796 3262 1857 substantia.
3293 1813 3413 1850 cmn
3445 1798 3691 1851 substan-

2128 1886 2217 1946 tia,
2245 1885 2297 1937 in
2324 1900 2426 1954 qua
2457 1897 2537 1940 est
2575 1890 2739 1939 torma
2774 1928 2786 1949 ,
2818 1888 3080 1959 ὁμοούσιος
3125 1889 3282 1957 igitur
3329 1888 3519 1943 forma:
3572 1889 3695 1941 sub-

2127 1978 2337 2029 stantia.-
2382 1977 2693 2045 principali,
2728 1988 2781 2031 et
2810 1978 3167 2046 potentialiter
3196 1979 3387 2047 priori,
3420 1979 3562 2048 quod
3593 1980 3691 2033 ism

2129 2076 2347 2135 przestat
2378 2066 2561 2120 forma:
2586 2082 2725 2130 esse,
2755 2077 2807 2122 ει
2838 2070 2888 2122 in
2918 2070 3266 2123 substantiam
3295 2085 3440 2135 esse,
3474 2080 3526 2124 et
3556 2086 3690 2124 sem-

2130 2175 2222 2226 per
2246 2161 2405 2213 simul
2450 2176 2568 2213 esse
2597 2178 2608 2212 :
2642 2161 2757 2215 sine
2788 2163 2926 2215 enim
2965 2162 3135 2216 altero
3184 2162 3411 2216 alterum
3461 2179 3565 2216 non
3593 2175 3687 2216 est.

2128 2251 2427 2306 Secundum
2460 2252 2616 2320 igitur
2646 2252 2783 2319 quod
2820 2252 2985 2305 forma
3014 2269 3041 2305 a
3072 2252 3370 2307 substantia
3392 2294 3407 2318 ,
3441 2253 3690 2307 substanv

2130 2345 2197 2397 tia
2226 2356 2307 2399 est
2338 2345 2503 2399 forma
2530 2360 2648 2413 qua)
2674 2347 2743 2400 sit
2770 2346 3103 2408 substantiar,
3132 2346 3271 2399 istud
3298 2348 3393 2399 Dei
3421 2346 3566 2399 [ilius
3596 2356 3689 2400 est.

2127 2436 2277 2501 Quod
2309 2435 2477 2490 ianua
2500 2437 2816 2496 substantia,
2847 2437 2986 2507 quod
3010 2447 3183 2491 autem
3208 2452 3423 2507 semper
3447 2438 3691 2490 substan-

2129 2529 2198 2580 tia
2227 2542 2345 2580 cum
2378 2529 2545 2581 forma
2568 2568 2582 2593 ,
2613 2543 2827 2596 semper
2855 2538 3022 2594 pater,
3072 2543 3289 2597 semper
3314 2530 3455 2582 titius
3500 2528 3565 2581 ad
3608 2542 3694 2596 pa-

2132 2626 2262 2670 trem
2286 2658 2298 2676 .
2334 2618 2434 2671 hoc
2460 2628 2566 2679 est,
2598 2619 2737 2689 λόγος
2779 2619 2841 2671 ad
2870 2620 3066 2677 Deum.
3112 2620 3213 2673 hoc
3242 2629 3423 2674 autem
3462 2635 3689 2685 semper.

2128 2705 2231 2761 Sed
2260 2711 2505 2775 quoniam
2552 2708 2648 2761 ista
2691 2710 2855 2762 forma
2892 2711 3182 2763 substmtia
3226 2720 3339 2775 est,
3368 2726 3492 2780 qnze
3529 2712 3696 2779 imago

2131 2809 2231 2864 εει,
2261 2808 2314 2852 ει
2338 2800 2478 2872 λόγος
2510 2810 2620 2864 est,
2652 2816 2807 2868 quem
2834 2802 2998 2854 lilium
3035 2802 3125 2856 Dei
3153 2816 3272 2855 esse
3318 2802 3580 2865 dicimus,
3613 2817 3694 2856 se-

2130 2889 2359 2940 cundum
2386 2890 2523 2957 quod
2551 2890 2695 2959 λόγος
2724 2900 2804 2942 est
2830 2893 3067 2944 ontnium
3095 2904 3217 2959 qua:
3244 2901 3402 2953 sunt,
3432 2891 3569 2962 λὸγθς
3597 2901 3692 2944 εει.

2132 2977 2461 3033 Universalis
2508 2980 2646 3033 enim
2676 2980 2819 3051 λόγος
2845 2980 2983 3033 ﬁlius
3015 2981 3103 3034 Dei
3147 2992 3229 3035 est
3270 2984 3421 3049 cujus
3469 2984 3693 3049 putentia

464 3072 683 3125 Christo
704 3113 718 3136 ,
751 3071 840 3139 qui
899 3073 949 3125 in
994 3074 1156 3126 lorma
1200 3073 1289 3126 Dei
1335 3075 1591 3127 existens.
1620 3074 1840 3141 Quando
1889 3075 2030 3129 exis-
2059 3063 2103 3125 C
2137 3074 2473 3141 proveniunt.
2501 3082 2553 3125 et
2582 3074 2875 3140 procedunt
2905 3076 2954 3126 in
2984 3076 3387 3144 generationem
3416 3092 3616 3139 omnia,
3644 3084 3694 3129 et

465 3162 624 3215 tens?
653 3164 951 3229 Antequam
985 3164 1190 3217 veniret
1218 3163 1269 3216 in
1293 3178 1484 3232 corpus
1510 3182 1521 3215 :
1554 3164 1865 3229 dixitenim,
1888 3165 2027 3233 quod

464 3253 816 3307 exinaniverit
846 3267 905 3307 se
944 3256 1113 3322 ipsqu
1162 3263 1215 3309 et
1263 3256 1533 3323 acceperit
1576 3256 1796 3309 formam
1845 3258 2026 3311 servi:

465 3352 579 3395 erat
613 3342 771 3412 igitur
795 3354 846 3397 et
888 3354 1168 3413 antequam
1200 3344 1361 3399 homo
1385 3345 1553 3400 ﬁeret.
1592 3346 1657 3399 Et
1682 3348 1852 3411 qualis
1877 3349 2031 3401 erat?

464 3433 607 3504 λόγος
638 3435 747 3498 Dei,
781 3434 946 3487 forma
973 3434 1085 3489 Dei.
1119 3436 1253 3503 Quid
1284 3446 1366 3490 est
1412 3436 1549 3490 istud
1570 3478 1584 3502 ,
1617 3438 1837 3505 arqualis
1886 3438 2020 3491 exis-

470 3535 585 3579 tens
615 3526 756 3579 Deo?
780 3526 923 3595 quod
950 3540 1031 3582 est
1076 3530 1191 3597 ejus
1220 3529 1386 3599 ipsius
1423 3540 1477 3585 et
1507 3534 1758 3599 potentiae
1786 3532 2031 3586 substan-

469 3617 591 3671 tiae:
625 3618 759 3671 dixit
798 3618 941 3672 enim
986 3621 1241 3689 aequalem
1290 3636 1432 3676 esse.
1480 3622 1690 3676 Etenim
1737 3626 1939 3693 :equale
1979 3633 2032 3676 et

468 3706 876 3776 magnitudinis,
911 3717 964 3763 et
988 3711 1302 3778 quantitatis
1330 3720 1411 3765 est
1438 3711 1825 3766 declarativum
1859 3730 1874 3767 :
1923 3728 2032 3765 ma-

467 3797 687 3866 gnitudo
715 3809 890 3852 autem
917 3800 1230 3855 substantia:
1259 3803 1412 3855 molis
1442 3804 1749 3873 magnitudo
1771 3814 1873 3870 est,
1904 3820 2031 3874 qna-

469 3892 588 3943 litas
614 3892 769 3946 enim‘
800 3908 904 3945 non
936 3890 1095 3947 habet
1127 3894 1565 3963 magnitudinem,
1620 3912 1793 3966 neque
1837 3912 1863 3949 a
1909 3899 2030 3951 sub-

470 3984 662 4035 stantia
694 3982 832 4051 quod
866 3994 949 4037 est
992 3999 1109 4039 esse
1139 3985 1315 4040 habet.
1346 3986 1530 4040 Solum
1571 3997 1744 4042 autem
1775 3997 2029 4056 quantum

470 4075 803 4142 substantiae,
856 4078 1218 4144 magnitudine
1261 4089 1513 4148 quantum
1562 4088 1665 4134 est.
1720 4079 1788 4133 Et
1834 4081 2031 4134 idcirco

467 4166 746 4222 declarans
792 4169 977 4222 beatus
1037 4170 1229 4223 Paulus
1282 4170 1373 4224 Dei
1420 4170 1803 4237 substantiam,
1855 4175 2031 4225 omnia

468 4271 664 4331 quanta
695 4261 822 4315 dicit
856 4261 1073 4334 (Ephes.
1101 4279 1179 4330 III,
1218 4266 1303 4329 18)
1340 4283 1351 4317 :
1388 4264 1454 4319 Ut
1486 4264 1581 4317 Dei
1608 4271 1922 4334 cognoscatis
1952 4266 2030 4318 al-

469 4353 749 4415 titudinem,
775 4353 1159 4422 longitudinem.
1190 4355 1528 4419 latitudinem,
1560 4356 1888 4425 profundum.

2130 3164 2446 3216 consistunt.
2480 3163 2649 3233 Ipsius
2674 3180 2801 3234 ergo
2833 3167 3087 3235 potentia,
3125 3170 3423 3234 procedens
3451 3180 3504 3221 ct
3544 3168 3693 3220 simul

2131 3254 2367 3307 existens
2392 3269 2507 3307 cum
2548 3267 2721 3324 patre,
2772 3257 2893 3309 facit
2920 3258 3094 3309 omnia
3139 3266 3193 3310 et
3229 3268 3471 3326 generat,
3506 3270 3560 3313 et
3586 3259 3694 3329 ipsa

2132 3346 2245 3400 [nec
2278 3348 2507 3415 potentia
2538 3348 2587 3400 in
2620 3362 2684 3401 eo
2711 3347 2849 3414 quod
2880 3358 2961 3402 est
2991 3350 3039 3403 ei
3069 3353 3395 3417 prmcedere,
3430 3366 3548 3418 quae
3588 3350 3696 3417 qui-

2132 3438 2251 3491 dem
2281 3439 2421 3491 actio
2452 3438 2667 3502 dicitur,
2702 3440 2812 3507 ipsa
2846 3439 3042 3506 patitur
3068 3440 3111 3492 si
3141 3438 3264 3509 quid
3299 3442 3522 3507 patitur,
3552 3440 3693 3508 juxta

2134 3530 2382 3582 materias
2409 3539 2462 3582 et
2488 3530 2812 3583 substantias
2832 3569 2846 3593 ,
2876 3529 3065 3599 quibus
3090 3540 3307 3598 praestat
3336 3532 3608 3600 proprium
3633 3531 3693 3583 ad

2136 3619 2209 3683 id,
2236 3620 2378 3689 quod
2404 3632 2484 3673 εει
2522 3619 2625 3674 illis
2660 3635 2802 3686 esse,
2826 3620 3131 3675 inversabili
3154 3632 3207 3676 et
3230 3623 3541 3691 impassibili
3566 3624 3695 3675 esis-

2136 3720 2276 3764 tente
2322 3711 2605 3765 universali
2644 3713 2769 3785 λόγῳ
2808 3712 2897 3781 qui
2941 3726 3153 3780 semper
3176 3722 3257 3766 est
3297 3715 3361 3765 ad
3390 3722 3621 3781 patrem,
3649 3722 3697 3766 et

2132 3807 2417 3877 ὁμοούσιος.
2450 3804 2515 3858 Ει
2537 3805 2731 3859 ideirco
2758 3806 2824 3859 de
2854 3806 2961 3859 tilio
2990 3805 3200 3869 dicitur,
3227 3804 3371 3873 quod
3402 3815 3486 3859 est
3512 3808 3693 3873 impas-

2133 3897 2304 3951 sibilis
2330 3906 2382 3950 et
2410 3897 2693 3965 passibilis.
2724 3897 2815 3951 sed
2848 3898 2899 3951 in
2928 3912 3209 3967 progressu
3242 3898 3444 3967 passio,
3477 3897 3695 3951 maxime

2133 3998 2308 4041 autem
2344 3989 2392 4040 in
2418 3996 2659 4041 extremo
2683 3989 3101 4057 progressionis,
3134 3988 3233 4042 hoc
3256 3996 3359 4050 est,
3386 4004 3508 4042 cum
3535 3988 3627 4040 fuit
3647 3989 3689 4040 in

2132 4093 2295 4133 carne
2324 4097 2339 4134 :
2372 4078 2476 4132 illa:
2504 4082 2644 4134 enim
2677 4079 2953 4146 passiones
2993 4094 3096 4133 non
3128 4078 3398 4140 dicuntur,
3432 4080 3692 4148 generatio

2133 4185 2161 4222 a
2190 4181 2367 4237 patre,
2396 4181 2570 4224 motus
2597 4171 2826 4239 primus,
2876 4181 2929 4224 et
2957 4178 3253 4224 creatorem
3279 4183 3401 4223 esse
3422 4172 3655 4223 omnium
3678 4186 3688 4221 :

2134 4262 2230 4315 ista
2257 4261 2397 4315 enim
2446 4262 2814 4316 substantialis
2859 4278 2978 4317 cttm
3004 4263 3130 4327 sint,
3163 4263 3329 4330 magis
3358 4274 3539 4317 autem
3578 4262 3692 4316 sub-

2135 4354 2341 4406 stautize
2385 4370 2397 4405 :
2446 4354 2578 4425 λόγοι
2625 4354 2766 4406 enim
2806 4354 3140 4406 existentium
3184 4354 3335 4421 juxta
3402 4354 3687 4423 potentiam

540 4442 701 4497 XXII.
747 4443 1050 4498 Secundum
1101 4446 1199 4497 ista
1262 4460 1390 4515 ergo
1436 4446 1654 4516 :equalis
1703 4447 1811 4501 Deo
1858 4446 2035 4503 existit.
2060 4431 2115 4493 Β
2137 4443 2442 4497 substantia:
2474 4454 2593 4496 sunt
2624 4443 2858 4509 ipsorum
2884 4461 2898 4496 :
2929 4458 3032 4497 nan
3064 4444 3220 4511 igitur
3250 4444 3552 4511 passiones.

468 4535 735 4589 Christus.
770 4537 881 4590 Non
911 4538 1056 4592 enim
1082 4536 1217 4591 dixit
1247 4539 1436 4592 similis
1467 4537 1605 4601 Deo,
1638 4538 1779 4606 quod
1817 4554 1919 4592 non
1965 4542 2037 4593 si-

468 4629 681 4696 gnitit-at
710 4629 1084 4693 substantiam,
1110 4632 1202 4685 sed
1235 4632 1283 4683 in
1312 4631 1605 4701 substantia
1631 4629 1857 4684 altermn
1885 4632 2031 4701 quid,

470 4722 535 4773 ad
590 4719 990 4774 similitudinem
1041 4721 1189 4787 juxta
1236 4720 1503 4785 accidens,
1532 4720 1685 4774 sicuti
1738 4723 2029 4776 secundmn

469 4812 866 4865 similitudinem
923 4812 1080 4865 homo
1134 4813 1197 4865 ad
1256 4812 1454 4879 Deum,
1489 4811 1591 4866 alia
1626 4826 1745 4865 cum
1795 4813 1863 4865 sit
1906 4812 2032 4878 Dei,

467 4903 567 4957 alia
598 4904 829 4957 hominis
856 4902 1173 4958 substantia.
1205 4903 1281 4957 Ex
1308 4905 1408 4956 hoc
1435 4902 1587 4956 nefas
1614 4914 1695 4955 est
1718 4904 1896 4956 dicere
1927 4905 2022 4955 ho-

467 4995 664 5049 minem
695 4996 953 5064 arqualcm
977 5009 1098 5048 esse
1136 4994 1265 5047 Deo.
1300 4995 1352 5047 Si
1393 4994 1553 5062 igitur
1584 4990 1823 5046 Christus
1863 4992 2033 5047 forma

467 5096 549 5142 est
582 5088 694 5149 Dei,
728 5086 895 5140 forma
922 5096 1100 5140 autem
1148 5085 1445 5140 substantia
1478 5094 1581 5148 est,
1614 5084 1666 5138 id
1692 5084 1862 5152 ipsum
1891 5084 2032 5138 enim

468 5180 633 5235 forma
664 5188 719 5233 et
750 5179 923 5247 imago
948 5196 960 5230 :
982 5188 1065 5231 cst
1084 5190 1258 5231 autem
1287 5178 1455 5230 forma
1478 5185 1535 5229 et
1560 5177 1731 5243 imago
1760 5176 1849 5229 Dei
1868 5178 2030 5249 λόγος,

468 5283 521 5329 et
550 5289 761 5343 semper
796 5272 938 5346 λόγος
971 5271 1036 5325 ad
1070 5270 1234 5325 Deum
1254 5311 1267 5332 .
1297 5267 1560 5342 ὀμοούσιος
1600 5269 1743 5341 λόγος
1786 5268 1927 5336 Deo,
1968 5270 2033 5324 ad

467 5382 624 5439 quem
652 5375 705 5421 et
732 5368 782 5420 in
817 5364 1081 5435 principio
1100 5405 1112 5429 ,
1146 5370 1202 5418 et
1247 5378 1460 5431 semper
1484 5374 1560 5416 est
1589 5362 1749 5432 tem.
1787 5362 1913 5416 Esse
1942 5376 2036 5416 au-

469 5470 574 5517 tem
604 5460 885 5528 imaginem
914 5468 963 5511 et
984 5456 1358 5522 substantiam,
1384 5464 1437 5508 et
1458 5455 1615 5509 simul
1642 5468 1759 5507 cum
1788 5455 2036 5509 substan-

470 5554 564 5617 tia,
590 5549 728 5621 quod
756 5549 1021 5623 ὁμοούσιον
1039 5547 1069 5601 d
1080 5548 1256 5613 icitur,
1280 5561 1347 5601 ex
1375 5545 1478 5601 hoc
1503 5543 1864 5600 manifestum.
1897 5545 2038 5599 Dixit

972 5639 1307 5707 Semetipsttm
1376 5637 1763 5705 exinanirit,f
1842 5653 2039 5699 armant

2206 4533 2395 4589 XXIII.
2427 4534 2531 4588 Sed
2564 4535 2678 4587 ista.
2710 4533 2777 4587 Et
2802 4549 3004 4599 rursus,
3031 4536 3153 4603 quid
3179 4537 3336 4603 igitur
3359 4534 3551 4588 dicunt
3573 4535 3698 4589 Pho-

2136 4625 2352 4678 liuiatti?
2379 4629 2421 4679 si
2466 4625 2725 4697 ὁμοούσιος
2768 4624 2929 4679 Filius
2976 4624 3135 4692 Patri,
3180 4627 3449 4693 quomodo
3482 4628 3616 4681 Deus
3638 4641 3695 4679 ex

2136 4717 2301 4771 Maria
2331 4718 2596 4770 hominem
2631 4728 2807 4769 uatum
2856 4716 3015 4771 lilitnn
3040 4716 3260 4770 habuit?
3289 4718 3425 4785 Quid
3458 4728 3695 4774 autemet

2138 4808 2317 4861 Ariani
2364 4807 2581 4861 dicunt?
2626 4808 2669 4861 si
2705 4807 2971 4876 ὁμοούσιος
3015 4820 3066 4861 ει
3112 4808 3286 4880 λόγος,
3324 4796 3695 4863 ειἐιιι››ιιιιιιίει

2136 4898 2291 4951 simul
2320 4907 2397 4953 est
2429 4898 2566 4951 lilius
2586 4912 2705 4951 cum
2740 4900 2921 4964 patre?
2951 4898 3110 4953 Nefas
3141 4904 3282 4953 enim
3313 4901 3492 4956 dicere
3525 4902 3653 4955 istud
3680 4919 3691 4953 :

2138 4987 2267 5041 Erat
2291 4988 2502 5055 quando
2527 5004 2630 5041 non
2656 4997 2790 5043 erat.
2820 4990 2883 5042 Et
2909 4990 3044 5043 istud
3070 4990 3217 5043 nefas
3244 5008 3256 5043 :
3280 4991 3347 5046 de
3366 4992 3430 5045 iis
3454 5009 3572 5057 qua:
3600 5010 3691 5049 non

2137 5090 2261 5135 sunt
2286 5096 2423 5135 esse.
2455 5080 2601 5149 Impii
2644 5090 2698 5135 et
2725 5080 2798 5134 illi
2832 5097 3043 5145 rursus,
3091 5084 3179 5151 qui
3221 5082 3406 5137 dicunt
3437 5084 3691 5157 ipso-5am

2137 5187 2259 5229 esse
2298 5173 2458 5226 lilium
2508 5172 2662 5241 patri.
2691 5173 2999 5227 SubSIantia
3045 5177 3187 5228 enim
3230 5178 3526 5232 secundum
3569 5180 3691 5249 quod

2139 5265 2433 5319 substantia
2460 5273 2562 5327 est,
2594 5279 2698 5317 non
2728 5273 2813 5318 est
2840 5263 2962 5330 alia,
2994 5273 3049 5317 ut
3094 5266 3164 5318 sit
3192 5265 3385 5320 similis
3408 5269 3473 5321 ad
3505 5270 3687 5324 aliaat:

2137 5357 2323 5413 eadem
2364 5357 2505 5410 enim
2544 5365 2627 5410 est
2670 5357 2721 5409 in
2752 5356 2992 5422 duobus,
3028 5364 3082 5410 et
3126 5372 3228 5410 nou
3269 5368 3352 5413 est
3372 5361 3581 5424 similis,
3612 5363 3690 5417 sed

2139 5450 2275 5519 ipsa.
2304 5450 2407 5503 Sed
2439 5448 2540 5501 alia
2561 5462 2681 5503 cum
2703 5448 2795 5514 sit,
2821 5463 2923 5502 ηοω
2949 5463 3052 5514 quo
3079 5450 3375 5503 substantia
3407 5464 3491 5505 est
3518 5454 3691 5508 similis

2140 5543 2356 5609 dicitur,
2379 5542 2472 5597 sed
2501 5539 2795 5595 secundum
2816 5540 3096 5611 quamdam
3123 5542 3453 5610 qualitatem.
3507 5544 3690 5614 Impos-

2138 5634 2292 5690 sihilc
2314 5648 2440 5703 ergo
2463 5641 2514 5686 et
2533 5634 2876 5700 incongruum
2900 5631 3165 5695 ὁμηούσιον
3189 5646 3310 5688 esse
3333 5632 3551 5705 aliquid.
3570 5637 3691 5692 Prat-
