3950 6206
211 297 351 353 105⁸1

1359 297 1716 356 ADVERSUS
1751 297 1966 354 ARIUM
2006 300 2202 354 LIBER
2242 302 2276 354 l.

3311 298 3450 354 1058

217 421 364 466 terca
396 413 572 467 simile
600 413 738 483 quod
767 415 820 470 in
849 415 1111 470 alteritate
1138 421 1240 480 est,
1270 423 1360 468 aut
1385 415 1436 469 in
1464 413 1648 469 eadem
1677 421 1776 476 est,
1807 413 1858 472 Α
1885 413 2014 481 (ιΙοΙ.
2041 416 2152 475 ι,ιὸ
2185 414 2310 480 20);
2334 414 2433 479 Qui
2451 414 2633 483 eripuit
2653 430 2741 467 nos
2763 415 2824 467 de
2847 421 3088 483 potestate
3108 412 3449 474 tenebrarum,

215 502 386 555 divisa
419 505 468 554 in
496 504 628 558 duas
653 515 827 571 partes
851 506 1165 568 substantia,
1185 505 1338 557 autin
1362 505 1463 557 alia
1492 519 1625 572 :quo
1645 503 1786 557 enim

217 594 533 662 receptibile
563 605 645 649 est
673 596 931 651 dissimile
953 612 1072 652 esse
1091 639 1104 659 ,
1134 596 1235 650 hoc
1259 596 1567 664 receptibile
1602 603 1684 648 est
1714 594 1788 648 si-

217 684 402 739 milem
433 699 550 739 esse
583 701 596 736 :
626 686 917 740 substantia
948 695 1122 740 autem
1167 684 1456 740 secundum
1487 684 1627 752 quod
1667 683 1790 736 sub-

226 777 423 832 stantia
445 787 546 841 cst,
574 793 676 830 nou
704 777 890 846 recipit
920 778 1143 831 similem
1166 790 1306 840 esse,
1333 773 1748 829 autdissintilem
1772 787 1786 825 :

219 868 372 938 juxta
405 867 544 938 quod
574 879 754 923 autem
795 868 1116 937 receptibilis
1147 876 1253 932 est,
1307 865 1576 935 qualitatis
1605 861 1792 922 similis

221 971 316 1014 aut
356 959 630 1014 dissimilis
669 959 864 1013 dicitur
887 999 903 1022 ,
930 960 978 1011 in
1007 957 1242 1026 potentia
1284 971 1377 1010 sua
1407 955 1486 1008 rel
1514 951 1791 1006 existentia

224 1059 477 1104 manente
503 1051 818 1114 substantia,
849 1049 929 1103 vel
958 1050 1142 1102 eadem
1173 1047 1253 1101 vel
1280 1047 1509 1100 diversa.
1542 1043 1677 1110 Quid
1701 1058 1792 1094 au-

230 1151 338 1196 tem
363 1157 487 1195 vero
514 1141 604 1194 illa
640 1141 935 1196 subsmnlia
965 1140 1048 1194 vel
1082 1139 1191 1204 Dei,
1223 1138 1304 1192 vel
1334 1145 1422 1192 τοῦ
1465 1137 1614 1209 λόγου
1643 1150 1792 1187 num-

228 1231 356 1302 quid
379 1231 702 1300 receptibilis
729 1240 809 1285 est
833 1231 1296 1293 dissimilitudinis,
1333 1239 1390 1281 ttt
1412 1228 1616 1280 dicatur
1645 1226 1793 1279 sitnio

229 1320 299 1375 lis
328 1321 487 1376 esse?
511 1321 614 1374 Sed
643 1321 986 1389 impossibile,
1021 1333 1118 1373 nec
1143 1318 1334 1373 similis
1365 1333 1518 1384 ergo,
1551 1331 1652 1369 non
1701 1315 1795 1382 igi-

228 1418 318 1464 tur
345 1410 626 1482 ὁμοούσιον.
653 1411 933 1463 Videamus
965 1410 1123 1478 igitur
1146 1421 1199 1464 et
1228 1408 1367 1462 istml
1393 1425 1406 1461 :
1432 1408 1477 1460 si
1503 1407 1671 1460 simile
1704 1413 1796 1458 aut

229 1501 284 1555 in
313 1502 501 1554 eodem
530 1515 724 1569 genere
751 1499 1042 1554 substantia
1067 1507 1171 1563 est,
1205 1509 1260 1552 ut
1288 1498 1519 1551 hominis
1544 1506 1635 1548 aut
1676 1495 1792 1548 ani-

232 1593 390 1647 malis
419 1609 434 1647 :
461 1591 650 1646 similis
672 1592 811 1645 enim
841 1602 920 1645 cst
961 1600 1014 1644 et
1041 1593 1198 1644 homo
1225 1589 1457 1654 homini,
1505 1599 1556 1642 et
1597 1585 1795 1640 animal

229 1683 450 1738 animali
477 1698 492 1737 :
520 1685 681 1736 autin
712 1682 816 1734 alio
855 1696 1079 1750 genere,
1113 1680 1258 1734 velut
1289 1679 1490 1732 homini
1528 1678 1682 1743 lapis,
1707 1685 1796 1728 aut

1889 513 1934 554 et
1969 505 2224 556 transtulit
2255 505 2305 556 in
2332 521 2536 570 regnum
2566 505 2660 571 [ilii
2683 505 2964 558 dilectionis
2987 519 3125 566 sunt;
3153 505 3204 555 in
3232 518 3326 569 quo
3357 502 3450 554 Ita-

1887 594 2057 646 bemus
2088 594 2478 660 redemptionem
2520 605 2564 647 et
2589 595 2930 649 remissionem
2961 603 3280 663 peccatorum
3318 607 3335 644 :
3363 591 3452 659 qui

1887 693 1960 736 est
2006 685 2172 752 imago
2215 683 2313 737 Dei
2351 685 2646 750 invisibilis,
2699 685 3053 754 primogenitus
3100 694 3216 736 ante
3254 697 3451 735 onmem

1890 783 2193 828 creaturam.
2227 773 2477 840 Quoniam
2503 777 2555 828 in
2578 776 2686 844 ipso
2712 785 2877 828 creata
2908 774 3103 834 omnia,
3134 787 3247 840 qute
3267 774 3318 823 in
3349 787 3450 823 cce-

1891 862 1952 914 lis
1980 871 2026 914 et
2051 877 2160 928 qua:
2183 863 2234 914 in
2263 865 2409 916 terris
2431 903 2446 929 ,
2478 864 2722 928 visibilia,
2755 874 2799 916 et
2824 863 3124 926 invisibilia,
3151 863 3252 914 sive
3277 861 3450 929 sedes,

1889 951 1990 1004 sive
2033 953 2427 1017 dominationes,
2475 956 2578 1008 sive
2605 956 2952 1024 principatus,
3003 955 3101 1008 sive
3145 964 3454 1022 potestates:

1892 1043 2060 1095 omnia
2089 1060 2175 1112 per
2199 1047 2395 1111 ipsum,
2425 1054 2469 1099 et
2494 1045 2545 1098 in
2574 1047 2684 1114 ipso
2711 1047 2982 1100 constituta
3008 1055 3144 1110 sunt,
3177 1055 3221 1098 et
3245 1046 3354 1113 ipse
3379 1052 3450 1097 est

1892 1144 2006 1185 ante
2035 1137 2224 1200 otnnia,
2257 1145 2298 1188 et
2329 1137 2495 1188 omnia
2519 1137 2571 1189 in
2593 1137 2702 1203 ipso
2722 1138 2998 1189 consistunt
3026 1151 3043 1188 :
3073 1135 3178 1202 ipse
3205 1146 3276 1186 est
3297 1141 3448 1203 caput

1901 1227 2127 1290 corporis
2157 1224 2400 1279 Ecclesiae
2425 1243 2535 1295 qua:
2562 1237 2632 1280 est
2664 1229 2996 1295 principium,
3032 1226 3390 1296 primogenitus
3419 1239 3453 1278 tt

1896 1315 2127 1378 mortuis,
2157 1324 2210 1367 ut
2237 1317 2374 1380 ﬁeret
2397 1316 2448 1386 in
2479 1318 2706 1369 omnibus
2737 1318 2844 1385 ipse
2871 1318 3141 1384 primarius
3171 1332 3188 1368 :
3213 1317 3449 1384 quoniam

1896 1406 1947 1458 in
1974 1407 2084 1475 ipso
2125 1407 2425 1475 cumplacuit
2465 1423 2658 1460 onmem
2685 1408 3043 1476 plenitudinem
3086 1407 3365 1460 inhabitare
3403 1415 3452 1459 et

1895 1513 1985 1567 per
2008 1497 2172 1565 ipsum
2197 1498 2539 1562 reconciliare,
2568 1508 2613 1551 et
2640 1509 2976 1551 reconvertcre
2994 1499 3163 1550 omnia
3187 1499 3238 1550 in
3267 1497 3453 1567 ipsum,

1898 1591 2166 1658 paciﬁcans
2196 1606 2284 1659 per
2313 1591 2604 1659 sanguinem
2631 1592 2791 1644 crucis
2813 1592 2923 1654 eius
2945 1591 3046 1644 sive
3070 1606 3126 1643 ea
3154 1605 3264 1657 qua:
3284 1591 3335 1641 in
3358 1600 3456 1642 ter-

1897 1681 1984 1742 ris,
2033 1681 2132 1733 sive
2161 1695 2220 1731 ea
2256 1695 2365 1744 qute
2404 1681 2456 1732 in
2498 1681 2652 1733 caelis.
2694 1680 2888 1733 Totum
2930 1679 3236 1749 mysterium
3275 1677 3327 1731 itt
3356 1676 3460 1732 ista

232 1784 410 1830 statua
436 1790 592 1843 equo.
621 1775 898 1842 Quomodo
943 1775 1100 1844 igitur
1133 1773 1314 1827 dicunt
1347 1774 1440 1826 ista
1482 1771 1584 1824 duo
1613 1768 1791 1842 ὁμοούο

1900 1768 2226 1834 eXpositione
2251 1769 2449 1822 dictum
2485 1778 2585 1834 est,
2615 1770 2753 1838 quod
2781 1769 3063 1842 ὁμοούσιον,
3091 1769 3219 1823 dicit
3255 1784 3319 1823 ex
3355 1768 3459 1823 isto

234 1887 326 1922 σια
353 1871 501 1920 esse?
533 1867 575 1919 si
622 1867 674 1920 in
712 1867 896 1920 eodem
942 1879 1168 1933 genere,
1201 1875 1254 1917 ut
1287 1865 1337 1916 in
1369 1863 1608 1923 animali,
1631 1861 1796 1930 magis

235 1955 812 2025 praeedit-snbstantia
839 1973 851 2008 :
880 1954 924 2008 si
950 1965 1121 2008 autem
1161 1955 1211 2007 in
1237 1956 1344 2020 ipsa
1370 1952 1684 2014 substantia,
1709 1959 1796 2005 aut

238 2046 412 2102 divisa
439 2057 531 2099 ant
550 2046 653 2098 alia
679 2044 952 2113 superiore
981 2044 1271 2098 sobstantia
1297 2052 1446 2106 nata;
1478 2041 1568 2095 sed
1596 2050 1799 2094 utrum-

236 2151 344 2205 que
365 2146 454 2188 aut
483 2136 842 2191 subalternum
871 2147 980 2199 est,
1016 2145 1068 2190 et
1093 2135 1313 2189 alterum
1337 2133 1629 2202 subjectum
1650 2172 1664 2195 ,
1704 2130 1799 2185 sed

238 2227 432 2289 divisa,
467 2243 638 2296 neque
670 2227 720 2279 in
743 2226 988 2296 mqnalia,
1021 2241 1189 2293 neque
1220 2225 1270 2277 in
1297 2223 1574 2292 inaequalia
1596 2263 1610 2284 ,
1643 2221 1803 2276 habet

241 2315 467 2369 alterum
517 2313 803 2382 perfectum
822 2352 837 2376 ,
868 2313 960 2366 sed
987 2312 1091 2366 duo
1121 2312 1349 2380 perlecta
1369 2352 1383 2376 ,
1416 2318 1469 2364 et
1511 2327 1539 2362 a
1569 2311 1800 2378 perfecto

246 2405 562 2476 perlectum.
594 2402 707 2458 Non
730 2405 883 2473 igitur
910 2406 962 2457 in
986 2403 1094 2471 ipsa
1123 2401 1466 2455 similitudine
1485 2442 1499 2463 ,
1530 2402 1722 2469 quippe
1749 2407 1803 2453 et

241 2497 533 2551 similitudo
559 2516 571 2550 :
597 2497 642 2552 si
679 2497 840 2557 istud.
883 2497 959 2549 sic
990 2508 1205 2550 necesse
1251 2502 1333 2548 est
1379 2494 1430 2546 in
1458 2493 1562 2546 alio
1588 2506 1798 2561 genere.

243 2586 398 2641 Unde
423 2588 599 2657 igitur,
640 2601 708 2640 an
742 2586 969 2640 alterum
999 2583 1163 2654 quid?
1193 2582 1268 2636 Ex
1305 2582 1467 2635 nihilo
1491 2581 1685 2651 igitur:
1713 2588 1804 2634 aut

239 2677 349 2732 duo
377 2678 664 2747 principia,
713 2675 806 2729 sed
847 2675 976 2728 nihil
1000 2674 1186 2727 horum
1221 2690 1236 2727 :
1265 2673 1511 2742 quoniam
1553 2679 1608 2724 et
1642 2685 1801 2724 unum

242 2766 582 2836 principium,
613 2777 665 2818 et
694 2780 874 2818 eorum
899 2779 1016 2832 qua:
1052 2772 1174 2815 sunt
1202 2765 1377 2814 omnia
1422 2775 1602 2814 causa.
1651 2760 1806 2812 Pater

240 2855 536 2909 secundum
565 2856 647 2909 τὸν
670 2854 837 2926 λόγον,
872 2853 958 2920 qui
987 2855 1036 2904 in
1067 2851 1324 2919 principio
1353 2859 1497 2914 erat,
1528 2858 1581 2904 et
1609 2848 1806 2902 idcirco

238 2958 457 3010 semper
485 2953 637 2998 erat:
670 2958 774 2996 non
797 2957 923 3012 ergo
948 2958 1011 2994 ex
1048 2940 1214 2994 nihilo
1253 2950 1387 2993 erat.
1419 2942 1471 2994 Si
1505 2956 1630 2994 vero
1655 2948 1707 2992 et
1731 2941 1801 2991 is-

241 3036 360 3098 tud,
388 3049 558 3103 neque
581 3045 630 3086 ct
657 3034 706 3085 in
731 3048 796 3086 eo
816 3031 956 3102 quod
986 3031 1206 3084 alterum
1227 3046 1390 3098 genus
1413 3042 1462 3083 et
1491 3030 1798 3082 similitudo.

1897 1859 1986 1929 qui
2008 1870 2086 1913 est
2108 1858 2278 1927 imago
2295 1857 2576 1912 invisibilis
2602 1858 2714 1922 Dei,
2735 1861 2872 1928 quod
2900 1858 3037 1912 lilius
3055 1856 3455 1928 primogenitus,

1897 1951 2034 2018 quod
2077 1965 2178 2002 uno
2219 1961 2429 2004 et-eatus
2469 1960 2590 2002 ante
2628 1965 2838 2004 onmem
2880 1959 3177 2003 creaturam
3218 1946 3459 2006 dixitzsi

1898 2040 2036 2094 enim
2064 2051 2117 2094 et
2138 2040 2253 2106 ipse
2282 2050 2495 2094 creatus
2518 2052 2680 2105 esset,
2709 2057 2812 2094 non
2837 2040 3059 2103 diceret,
3083 2049 3204 2093 ante
3243 2053 3456 2093 omnem

1898 2140 2192 2185 creaturam
2221 2148 2233 2182 :
2265 2141 2317 2183 et
2341 2130 2552 2199 proprie
2579 2130 2712 2184 dixit
2737 2129 3118 2200 pt-iumgenitus
3134 2131 3271 2200 quod
3295 2126 3462 2183 estde

1900 2221 2030 2274 tilio.
2057 2220 2349 2290 iungamus
2378 2237 2507 2291 ergo
2532 2236 2748 2277 sensum
2776 2239 2788 2273 :
2818 2222 3177 2291 primogenitus
3208 2229 3323 2273 ante
3349 2235 3456 2272 om-

1901 2328 2012 2364 nem
2039 2321 2337 2364 creaturam.
2374 2312 2512 2380 Ergo
2551 2311 2637 2366 hic
2665 2312 2874 2380 genitus
2910 2320 2964 2364 ut
2994 2311 3162 2375 ﬁlius;
3195 2310 3280 2364 illa
3311 2323 3463 2365 crea-

1903 2409 2049 2465 tura,
2091 2409 2150 2455 ut
2193 2416 2310 2469 quae
2339 2409 2518 2454 creata
2545 2402 2614 2455 sit
2645 2419 2658 2454 :
2691 2415 2796 2455 non
2841 2409 3016 2454 autem
3048 2399 3189 2469 quod
3215 2410 3265 2454 ct
3292 2400 3455 2455 alium

1901 2502 2086 2562 postea
2114 2493 2316 2557 genuit,
2345 2493 2438 2547 sed
2466 2493 2604 2562 quod
2634 2503 2757 2548 ante
2786 2507 2997 2547 omnem
3027 2504 3324 2547 creaturam
3356 2492 3462 2560 pri-

1901 2583 2217 2653 mogenitus.
2253 2583 2344 2637 Est
2362 2593 2537 2639 autem
2565 2585 2736 2638 omnis
2761 2595 3003 2639 creatura
3033 2594 3086 2638 et
3130 2599 3313 2638 eorum
3344 2600 3466 2653 qua:

1903 2675 1956 2728 in
1987 2673 2156 2736 ctelis,
2191 2682 2246 2728 et
2271 2688 2454 2728 eorum
2484 2689 2601 2742 qua:
2633 2676 2683 2726 in
2725 2675 2903 2734 terris.
2933 2673 3215 2727 visibilium
3242 2681 3298 2728 et
3325 2673 3465 2728 invi-

1905 2767 2158 2821 sibilium.
2205 2765 2332 2820 Sine
2371 2775 2611 2820 creatura
2641 2780 2767 2834 ergo
2795 2764 2964 2829 illius;
3008 2774 3194 2819 natura
3227 2766 3384 2835 igitur
3411 2774 3466 2822 et

1905 2855 2245 2924 generatione
2275 2855 2434 2911 lilius.
2475 2855 2624 2921 Quod
2650 2855 2892 2909 Christus
2920 2858 3063 2929 λόγος
3099 2865 3209 2922 εει,
3242 2869 3296 2911 ει
3323 2857 3464 2927 quod

1904 2949 2046 3022 λόγος
2096 2948 2330 3001 omnium
2373 2964 2491 3016 qua:
2532 2958 2688 3009 sunt,
2740 2948 2805 3001 ad
2834 2948 2883 3001 id
2917 2947 3134 3012 utsint,
3179 2963 3372 3015 causa;
3405 2957 3464 3004 et

1905 3037 2101 3090 idcirco
2125 3036 2322 3089 dictum
2354 3048 2456 3101 εει,
2491 3036 2628 3104 quod
2662 3035 2711 3088 iu
2742 3035 2859 3104 ipso
2888 3037 3098 3089 coddita
3129 3046 3252 3090 sunt
3281 3038 3461 3091 omnia

240 3127 521 3196 Quomodo
541 3137 716 3181 autem
745 3126 874 3179 dicit
902 3141 1006 3178 non
1034 3124 1171 3193 qttod
1200 3123 1356 3178 Jesus
1388 3123 1670 3177 arbitratus
1718 3133 1795 3176 est
1825 3125 1870 3186 C
1901 3137 1949 3179 et
1975 3141 2066 3194 per
2089 3128 2256 3193 ipsqu
2287 3126 2498 3180 condita
2528 3143 2540 3179 :
2571 3127 2714 3199 λόγος
2741 3126 2880 3178 enim
2911 3134 2962 3178 ct
3004 3139 3160 3179 causa
3195 3136 3276 3180 est
3307 3125 3370 3178 ad
3408 3124 3463 3179 id

239 3219 586 3284 semetipsum
615 3216 870 3285 aequalem
899 3229 1016 3268 esse
1047 3215 1174 3277 Deo,
1202 3214 1293 3265 sed
1323 3212 1460 3280 quod
1511 3229 1609 3263 non
1653 3211 1797 3279 rapi-

242 3325 360 3361 nam
387 3307 658 3358 arbitratus
678 3315 747 3356 est
773 3304 1015 3372 wqualem
1042 3319 1162 3355 esse.
1211 3303 1281 3353 Ea
1305 3303 1443 3355 euint
1470 3317 1586 3370 qua:
1617 3311 1799 3354 natura

241 3406 371 3451 sunt
411 3395 667 3464 aequalia.
718 3408 819 3447 non
869 3408 960 3461 per
989 3392 1318 3445 divinitatem
1366 3390 1664 3460 propriam,
1709 3391 1800 3446 sed

246 3501 366 3555 qua:
389 3485 540 3553 juxta
571 3486 832 3536 fortunam
865 3482 996 3535 facta
1021 3490 1142 3534 sunt
1167 3481 1409 3548 mqualia,
1439 3482 1588 3550 quasi
1621 3481 1800 3548 rapina

249 3576 468 3644 aequalia
498 3583 637 3626 sunt.
663 3573 841 3642 Magna
874 3571 1032 3640 igitur
1056 3570 1391 3633 conlidentia,
1427 3580 1478 3625 et
1505 3585 1624 3624 vere
1651 3579 1804 3622 natu-

247 3665 374 3721 ralis
403 3665 648 3718 divinitas
675 3663 738 3716 ad
783 3663 832 3716 id
862 3662 1000 3731 q-tod
1042 3671 1122 3715 est
1146 3662 1401 3730 :equalem
1425 3676 1562 3726 esse,
1593 3675 1693 3714 non
1717 3675 1802 3713 ar-

243 3755 431 3810 bitrari
462 3757 698 3822 rapinam
732 3754 838 3807 Deo
863 3754 1118 3821 mqualent
1143 3768 1279 3807 esse.

313 3845 505 3900 XXIV.
549 3845 649 3900 Sed
684 3847 801 3898 ista.
850 3844 914 3898 Et
945 3859 1128 3898 rursus
1175 3844 1238 3896 ad
1283 3842 1627 3897 Colossenses
1675 3840 1800 3910 quid

241 3937 367 3993 dicit
398 3953 411 3988 :
442 3937 579 4003 quod
608 3934 820 4006 (Coloss.
855 3951 901 3998 ι,
932 3933 1018 4004 17)
1050 3943 1162 3988 ante
1189 3935 1355 3986 omnia
1384 3936 1580 4002 primus
1621 3931 1795 3986 Jesus.

242 4029 445 4096 Duph-x
477 4029 616 4081 enim
644 4028 912 4090 generatio
951 4026 1064 4094 ejus
1091 4043 1104 4079 :
1137 4041 1239 4078 una
1265 4025 1473 4093 quidem
1516 4026 1567 4077 in
1611 4023 1802 4077 divini-

243 4129 402 4173 tatem
434 4128 487 4171 et
512 4117 852 4181 liliationem,
884 4117 1120 4178 occulta.
1151 4116 1348 4178 divina,
1379 4126 1433 4170 ct
1457 4132 1573 4184 qua:
1598 4116 1699 4168 llde
1722 4115 1800 4167 in-

240 4207 670 4271 telligaturudia
717 4217 889 4259 autem
931 4207 982 4259 in
1045 4221 1258 4259 carnem
1307 4204 1522 4267 venire,
1562 4213 1615 4258 et
1664 4203 1801 4258 ferre

238 4311 479 4351 carnem.
511 4296 598 4348 illa
645 4295 856 4361 quidem
895 4295 1006 4347 sola
1037 4294 1311 4362 generatio
1336 4309 1365 4347 a
1415 4293 1522 4346 Deo
1553 4293 1798 4360 putentia:

236 4385 595 4444 manilestatio
619 4403 631 4436 :
658 4383 756 4438 ista
796 4398 968 4439 autem
1014 4384 1250 4453 acceptio
1287 4383 1450 4452 magis
1473 4382 1668 4447 carnis,
1694 4397 1798 4436 non

1901 3219 2038 3286 quod
2058 3227 2138 3270 est
2160 3231 2298 3280 esse,
2315 3216 2377 3269 iis
2394 3231 2511 3285 qua:
2532 3225 2676 3279 sunt,
2700 3226 2752 3268 et
2769 3226 2850 3268 est
2868 3215 3253 3283 receptaculum
3278 3229 3461 3269 eorum

1903 3323 2020 3378 qua:
2047 3309 2096 3361 in
2123 3308 2236 3376 ipso
2257 3317 2399 3360 sttnt.
2426 3306 2576 3372 Quod
2612 3316 2786 3360 autem
2829 3306 3004 3359 omnia
3044 3306 3095 3359 in
3127 3307 3260 3374 ipso,
3292 3307 3462 3376 ipsum

1901 3400 2286 3468 receptaculum
2303 3400 2598 3467 completur
2619 3398 2865 3452 omnibus
2894 3414 3010 3468 quze
3039 3410 3181 3461 sunt,
3202 3409 3256 3453 et
3285 3400 3458 3468 ipsum

1900 3500 1981 3544 est
2019 3501 2071 3544 et
2120 3489 2388 3558 plenitudo
2421 3507 2432 3541 :
2461 3500 2513 3542 et
2548 3488 2786 3558 idcircn(
2816 3489 2960 3542 Rom.
2997 3504 3068 3550 tu.
3121 3489 3188 3542 56
3217 3488 3460 3560 ),,οηιηὶα

1903 3596 1989 3650 per
2012 3582 2196 3641 ipsum,
2228 3591 2272 3633 et
2301 3583 2468 3632 omnia
2493 3579 2544 3632 in
2565 3579 2729 3647 ipsum
2751 3619 2766 3640 ,
2795 3588 2840 3630 et
2867 3580 3036 3631 omnia
3065 3579 3115 3631 in
3144 3579 3272 3647 ipso.

1970 3669 2132 3724 XXV.
2175 3669 2226 3720 Si
2250 3669 2405 3737 igitur
2430 3683 2494 3722 ex
2526 3667 2688 3721 nihilo
2708 3679 2820 3721 erat
2843 3669 3003 3731 illius,
3031 3669 3296 3738 quomodo
3324 3669 3462 3725 ista?

1900 3761 2026 3815 Sine
2055 3760 2154 3814 iide
2194 3760 2350 3828 igitur
2392 3768 2445 3812 et
2482 3757 2808 3827 impossibile
2843 3760 2920 3813 sic
2950 3763 3047 3812 iSIa
3078 3759 3198 3814 talia
3225 3774 3363 3815 esse.
3395 3761 3462 3816 Et

1900 3866 2104 3914 rursus,
2127 3851 2168 3903 si
2196 3867 2295 3904 non
2324 3850 2610 3921 ὁμοούσιον,
2639 3850 2904 3918 quomodo
2932 3861 2984 3903 et
3014 3860 3162 3918 pater
3187 3851 3460 3918 plenitudo

1900 3953 1950 3998 et
1983 3941 2156 3995 illius?
2185 3940 2340 3995 simul
2371 3943 2510 3993 enim
2555 3941 2730 3992 omnia
2771 3940 3072 4008 plenitudo;
3102 3949 3156 3994 et
3190 3956 3256 3994 an
3285 3941 3460 4010 ὁμοσύ-

1902 4053 2005 4087 σιον
2036 4029 2306 4098 plenitudo
2329 4028 2468 4082 velut
2492 4029 2714 4090 animle,
2745 4039 2796 4081 et
2823 4029 2923 4080 alia
2947 4043 3063 4094 qua:
3093 4037 3267 4080 creata
3296 4027 3460 4082 sunt?

1901 4121 2125 4173 Omnino
2151 4118 2491 4185 impossibile.
2525 4117 2730 4170 Etenim
2754 4116 3018 4186 ὁμοούσιον
3037 4157 3049 4175 .
3081 4116 3232 4168 siculi
3261 4117 3457 4170 dictum

1901 4211 1951 4263 in
1999 4209 2257 4262 alterilate
2293 4219 2410 4262 est:
2443 4207 2575 4260 alter
2612 4208 2750 4261 enint
2789 4207 2975 4259 similis
3021 4206 3310 4260 substantia
3354 4221 3458 4260 non

1903 4309 2070 4367 potest
2098 4298 2228 4361 dici,
2263 4297 2358 4351 nisi
2392 4297 2442 4350 in
2484 4297 2594 4365 ipsa
2625 4311 2728 4349 non
2761 4296 2827 4349 sit
2849 4337 2863 4360 ,
2899 4295 3035 4348 illius
3067 4307 3240 4350 autem
3275 4306 3462 4364 poten-

1901 4389 1984 4441 tia:
2011 4388 2053 4440 si
2082 4388 2244 4441 altera
2273 4388 2560 4441 substantia
2593 4397 2673 4440 est
2699 4429 2713 4450 ,
2755 4395 2806 4439 et
2835 4387 2901 4440 ab
2938 4386 3052 4450 ipsa
3077 4386 3216 4453 quod
3246 4397 3326 4440 est
3353 4386 3458 4440 illis

236 4475 536 4548 generatio.
565 4474 623 4530 Si
643 4474 803 4544 igitur
833 4489 913 4529 est
936 4475 1100 4544 prior,
1129 4491 1230 4529 non
1263 4475 1327 4528 ab
1351 4475 1559 4528 homine
1582 4487 1663 4528 est
1681 4473 1798 4529 Sal-
1824 4471 1872 4531 D
1897 4493 2014 4532 esse
2045 4478 2237 4531 habent
2273 4476 2449 4530 omnia
2475 4493 2592 4544 quae
2626 4486 2749 4528 sunt
2775 4517 2789 4541 ,
2833 4477 3158 4543 impossibile
3185 4486 3262 4530 εει
3297 4492 3458 4532 unum

236 4582 432 4624 valor:
465 4568 512 4622 si
537 4568 807 4637 generatio
834 4579 945 4632 est,
989 4585 1090 4621 non
1135 4578 1216 4622 est
1258 4570 1560 4637 ﬁgmentum
1592 4586 1605 4620 :
1637 4567 1681 4621 si
1707 4584 1800 4621 an-

239 4667 346 4713 tem
371 4673 403 4710 a
446 4659 551 4711 Deo
579 4657 882 4726 generatio,
930 4672 1034 4712 non
1069 4657 1135 4711 de
1176 4656 1338 4709 nihilo
1367 4675 1381 4710 :
1424 4657 1469 4709 si
1498 4657 1674 4727 imago
1703 4657 1794 4711 Dei

240 4748 420 4810 Jesus,
452 4747 719 4819 ὁμοόύσιος
764 4757 842 4801 est
878 4767 891 4800 :
926 4749 1097 4818 imago
1139 4747 1300 4807 enim,
1343 4747 1632 4800 Substamia
1678 4763 1795 4801 cum

240 4837 559 4901 substantia,
591 4839 741 4907 cujus
760 4851 808 4892 et
831 4838 884 4891 in
916 4853 1016 4905 qua
1038 4847 1116 4892 est
1142 4837 1334 4906 imago.
1369 4837 1432 4890 Et
1458 4842 1595 4904 quod
1624 4837 1798 4904 imago

241 4929 557 4991 substantia,
589 4946 618 4983 a
647 4928 937 4983 substantia
974 4930 1087 4997 ejus
1111 4929 1163 4981 in
1195 4944 1297 4998 qua
1327 4938 1410 4982 est
1436 4929 1519 4980 vel
1560 4929 1802 4981 subsistit

239 5023 416 5092 genita
437 5063 452 5088 ,
482 5023 533 5075 ί..
562 5021 968 5075 declarationem
998 5020 1137 5073 intus
1177 5019 1424 5087 potentia:
1450 5038 1462 5072 :
1491 5018 1613 5071 hinc
1655 5030 1801 5084 pater

240 5113 329 5182 qui
360 5112 534 5169 intus.
577 5111 695 5163 hinc
727 5110 864 5165 tilias
901 5110 990 5177 qtti
1039 5107 1187 5161 foris.
1239 5111 1437 5162 llursus
1477 5108 1615 5176 quod
1665 5107 1801 5160 filius

240 5205 402 5276 λόγος,
429 5216 504 5255 e~t
531 5201 583 5255 itt
606 5201 862 5254 actionem
889 5200 1139 5254 festinans
1161 5199 1450 5252 substantia
1480 5241 1494 5261 ,
1525 5198 1624 5251 \ita
1657 5199 1796 5254 enim

238 5293 395 5366 λόγος.
421 5304 470 5346 ει
496 5290 836 5358 intelligentia
861 5291 994 5358 λὸ)ος
1012 5331 1025 5350 ,
1074 5288 1326 5356 processit
1374 5289 1426 5341 itt
1453 5288 1796 5343 subatantiam

240 5397 424 5436 eorum
442 5396 557 5450 quae
573 5393 692 5432 sunt
709 5378 1165 5440 iutellemi‘bitium,
1185 5387 1238 5429 ct
1254 5377 1564 5444 hylicorum,
1584 5389 1630 5431 et
1649 5377 1800 5430 idcir-

241 5487 305 5529 co
327 5472 465 5527 aCtio
484 5470 649 5539 ipsius
674 5476 764 5525 τοῦ
778 5471 944 5543 λογον,
971 5477 1181 5536 propter
1197 5467 1610 5522 imbecillitatem
1629 5468 1802 5538 perci-

243 5563 495 5634 pientium
528 5561 723 5630 ipsum,
750 5571 804 5615 et
840 5559 1099 5629 passibilis
1123 5570 1222 5624 est,
1259 5559 1339 5613 vel
1369 5559 1541 5627 potius
1580 5559 1802 5628 passibi-

243 5654 308 5711 lia
363 5653 558 5712 dicitur
602 5670 612 5704 :
661 5651 787 5706 dicit
812 5651 950 5706 enim
1003 5649 1188 5705 beatus
1240 5649 1431 5705 Paulus
1485 5649 1552 5706 de
1592 5649 1802 5706 Christo

1900 4583 2018 4622 esse
2037 4581 2227 4621 omne:
2249 4581 2388 4620 nunc
2410 4580 2535 4619 vero
2559 4565 2668 4618 Deo
2693 4575 2839 4633 patre
2860 4575 2912 4619 ct
2933 4564 3039 4620 tilio
3060 4566 3190 4638 λόγῳ
3210 4565 3458 4639 ὁμοουσίῳ

1901 4659 2184 4734 eximente,
2217 4657 2463 4722 quoniam
2494 4671 2584 4724 per
2605 4656 2744 4730 λόγον
2775 4657 2949 4709 omnia
2987 4656 3037 4710 in
3066 4671 3227 4709 unum
3267 4673 3457 4711 vocati.

1899 4756 2003 4808 tur,
2032 4755 2084 4800 et
2112 4754 2234 4799 sunt
2256 4761 2284 4799 a
2317 4747 2421 4800 Deo
2445 4747 2641 4806 omnia,
2672 4755 2725 4799 et
2749 4746 2884 4799 Deus
2907 4745 3083 4798 omnia
3114 4745 3164 4798 in
3191 4747 3456 4813 omnibus,

1898 4839 2011 4890 sine
2039 4836 2277 4905 passione
2322 4846 2466 4902 patre
2493 4835 2752 4888 existente
2773 4874 2788 4898 ,
2821 4835 2956 4888 sicut
2997 4833 3134 4890 idem
3191 4845 3456 4889 monstra-

1903 4938 2006 4981 tum
2039 4939 2137 4982 est.
2187 4927 2336 4991 Quod
2382 4939 2555 4980 autem
2603 4925 2754 4979 Jesus
2799 4927 2972 4997 λόγος,
3003 4927 3090 4995 qui
3130 4934 3186 4979 et
3225 4927 3456 4978 omnium

1901 5034 2017 5085 quae
2057 5029 2177 5070 sunt
2217 5017 2433 5084 spiritus
2461 5027 2542 5070 est
2573 5016 2842 5070 vit-ilicans
2863 5058 2877 5081 ,
2908 5017 3029 5071 foos
3057 5019 3177 5069 vitae
3210 5029 3421 5072 interna:
3442 5057 3457 5082 ,

1902 5108 2187 5163 secundum
2217 5107 2524 5178 mysterium
2553 5111 2769 5163 veniens
2796 5111 2844 5162 itt
2874 5125 3108 5174 carnem,
3132 5121 3180 5165 et
3213 5111 3262 5164 in
3291 5120 3460 5165 morte

1903 5211 2234 5268 peccatorum
2268 5199 2390 5253 vicit
2419 5211 2661 5258 mortem.
2694 5212 2747 5255 et
2775 5202 2824 5254 in
2853 5211 3105 5254 aeternam
3137 5201 3292 5254 vitam
3322 5216 3462 5254 mor-

1903 5299 1986 5343 tua
2019 5289 2306 5342 suscitavit.
2349 5290 2498 5356 Quod
2529 5301 2702 5344 autem
2745 5291 2881 5344 Deus
2921 5293 3151 5358 potentia
3190 5301 3268 5345 cst
3300 5291 3462 5354 ipsius

1902 5377 2129 5430 l'onlaua'
2179 5388 2391 5431 mtcrnae
2429 5379 2548 5431 vita!
2571 5418 2586 5441 ,
2617 5388 2670 5432 et
2707 5388 2983 5447 pr0ptcrea
3015 5379 3149 5432 illius
3185 5389 3265 5432 est
3295 5379 3461 5452 λόγος,

1906 5467 2020 5521 lons
2052 5468 2169 5520 vitm
2198 5478 2446 5530 :etcrnze,
2477 5466 2711 5521 existens
2757 5468 2988 5534 potentia
3026 5469 3189 5535 patria
3216 5507 3229 5529 ,
3263 5469 3462 5534 primo-

1905 5559 2110 5628 geuitus
2138 5572 2165 5610 a
2198 5557 2455 5623 mortuis,
2486 5566 2540 5610 et
2580 5556 2777 5610 idcirco
2815 5557 2988 5611 omnia
3033 5558 3084 5610 in
3121 5557 3290 5626 ipsum
3331 5571 3464 5611 con-

1905 5662 2055 5705 versa
2097 5661 2258 5703 unum
2304 5646 2431 5702 lient
2453 5686 2468 5711 ,
2491 5645 2590 5701 hoc
2614 5654 2698 5701 est
2729 5645 2980 5717 spiritalia
3011 5663 3024 5702 :
3053 5659 3179 5716 ergo
3204 5644 3464 5715 ὁμοούσιος
