3950 6206
446 276 582 336 1059

1652 272 1841 329 ΜΑΒΙΙ
1868 269 2215 329 VICTORINI
2252 270 2409 327 ΔΕΜ

3561 268 3705 326 I060

447 394 539 446 hei
589 391 724 446 lilius
748 430 762 455 ,
794 389 935 459 quod
963 398 1177 444 aeterna:
1219 388 1345 443 vita:
1391 387 1509 441 fons
1536 393 1653 449 est,
1685 386 1838 439 sicuti
1874 395 2020 453 pater
2045 397 2091 457 Α
2122 381 2397 437 descensio
2422 386 2509 437 τοῦ
2536 381 2703 453 λόγου,
2729 379 2869 449 quod
2892 380 3138 448 quoniam
3163 395 3191 434 a
3218 387 3368 449 patre
3396 380 3606 440 exiens,
3643 380 3705 430 iis

446 483 678 549 putentia
710 480 907 549 ipsius,
939 488 992 532 et
1020 480 1159 547 quod
1193 494 1286 547 per
1314 480 1481 546 ipsmn
1513 476 1675 529 lilium
1706 491 1866 528 unum
1892 476 2016 528 Iieut

442 570 649 631 omnia,
691 569 938 638 quoniam
980 584 1071 636 per
1102 570 1271 635 ipsum
1302 569 1498 620 omnia.
1530 565 1679 630 Quod
1707 564 1891 627 Jesus,
1918 564 2021 617 hoc

443 660 684 732 estw/oc
712 669 764 713 et
793 674 973 713 semen
1006 668 1124 725 est,
1170 670 1220 712 et
1252 660 1389 712 velut
1434 658 1753 711 elementum
1785 655 2018 707 omnium

442 767 560 821 qua:
588 762 729 817 sunt,
764 753 990 806 maxime
1020 762 1193 805 autem
1223 750 1330 818 jam
1381 751 1433 802 in
1463 751 1653 823 sint;
1678 758 1731 801 et
1768 747 2020 800 manifes-

447 844 643 895 tatione
678 856 862 896 eorum
894 857 1012 910 qua:
1046 851 1198 900 sunt,
1231 839 1367 907 quod
1412 840 1462 890 in
1494 854 1553 891 eo
1581 838 1828 890 inhabitat
1862 835 2020 888 omnis

447 934 710 1002 plenitudo
735 933 1011 986 divinitatis
1038 933 1369 1001 corporaliter
1391 930 1604 1002 (Coloss.
1641 945 1697 993 ti,
1715 930 1792 1000 9),
1826 930 1922 981 hoc
1939 936 2021 981 est

446 1023 501 1077 in
521 1026 830 1093 Operatione
850 1025 1263 1079 substantialiter
1290 1042 1302 1075 :
1337 1024 1388 1076 iu
1423 1032 1567 1090 patre
1592 1021 1732 1075 enim
1759 1019 2019 1088 potentia-

444 1113 567 1167 Iiter
590 1115 764 1166 omnia
791 1113 1101 1166 inhabitant.
1123 1113 1181 1165 Et
1201 1112 1396 1165 idcirco
1416 1110 1568 1165 Iesus
1586 1110 1728 1182 λόγος
1755 1110 1923 1176 imago
1942 1115 2023 1160 est

444 1206 611 1275 patris
643 1205 753 1267 Dei,
789 1203 890 1258 hoc
919 1205 1093 1273 ipsum
1118 1202 1256 1272 quod
1280 1210 1382 1267 est,
1412 1201 1640 1270 potentia
1670 1210 1770 1263 est,
1790 1199 1896 1268 jam
1923 1198 2022 1250 hoc

446 1298 583 1367 quod
604 1307 683 1351 est
710 1298 970 1352 actionem
994 1311 1141 1351 esse:
1162 1311 1319 1350 omne
1346 1294 1485 1349 enim
1514 1293 1651 1361 quod
1684 1293 1733 1344 in
1761 1291 2021 1344 actionem

442 1389 589 1453 exit,
620 1398 673 1441 et
701 1388 870 1456 imago
894 1396 975 1440 est
996 1385 1110 1454 ejus
1136 1386 1272 1454 quod
1301 1394 1382 1438 est
1413 1382 1792 1453 potentialiter,
1823 1386 1877 1434 et
1907 1380 2022 1447 ejus

446 1477 585 1548 quod
601 1486 679 1530 est
705 1477 1057 1543 potentialiter
1073 1476 1208 1529 [ilius
1231 1486 1308 1529 est
1324 1475 1460 1544 quod
1476 1474 1527 1527 in
1543 1474 1748 1526 actione
1761 1478 1861 1536 est,
1881 1486 1944 1524 ex
1960 1470 2023 1523 iis

443 1568 585 1622 Illius
609 1579 660 1623 et
688 1580 838 1638 pater
863 1568 1142 1640 ὁμοούσιον.
1174 1567 1322 1633 Quod
1350 1581 1416 1621 ex
1437 1565 1563 1620 Jesu
1594 1564 1793 1626 omnia,
1820 1571 1875 1616 et
1905 1561 2024 1615 ideo

446 1674 509 1712 ex
543 1660 649 1712 Deo
677 1660 851 1710 omnia
871 1699 884 1719 ,
931 1659 1108 1710 omnia
1150 1657 1266 1709 dico
1295 1668 1639 1724 qua-cumque
1667 1663 1819 1715 sunt,
1849 1661 1896 1705 et
1924 1666 2022 1702 non

2120 476 2208 543 qui
2243 475 2292 526 in
2326 473 2475 528 cmlis
2506 482 2648 537 sunt,
2677 480 2729 525 et
2757 472 2991 541 Angelis,
3014 481 3101 524 aut
3126 472 3353 535 thronis,
3382 470 3466 524 vel
3494 470 3700 539 gloriis,

2120 575 2173 617 et
2205 561 2502 627 hujusmodi
2534 577 2650 630 quae
2677 572 2828 624 sunt,
2864 562 3010 616 dedit
3038 577 3189 615 suam
3230 563 3502 629 propriam
3540 562 3702 613 vitam

2122 656 2351 724 potentia
2392 654 2555 723 patria
2584 673 2595 705 :
2628 655 2767 725 λόγος
2809 654 2949 706 enim
2985 654 3223 707 omnium
3250 662 3373 714 est,
3402 666 3500 720 per
3544 667 3701 721 quem

2122 745 2256 799 facta
2284 753 2409 798 sunt
2445 745 2641 798 omnia.
2675 744 2735 797 Et
2762 759 2977 807 rursus,
3005 744 3143 813 quod
3178 759 3283 798 non
3318 754 3466 799 esset
3499 744 3701 798 vivefa-

2121 852 2277 902 cere,
2311 838 2409 889 nisi
2438 847 2579 889 esset
2625 836 2840 889 materia
2874 836 2938 889 ad
2981 836 3269 906 potentiam
3305 834 3664 889 vivefacieudi
3686 875 3701 898 ,

2122 927 2305 979 ellecta
2329 935 2410 978 est
2432 926 2646 978 materia
2673 934 2875 978 mortua
2905 935 3125 987 naturm,
3151 941 3269 993 qua:
3297 924 3560 980 vivefacta
3583 939 3704 978 suas

2121 1015 2336 1069 militias
2366 1015 2541 1068 emisit
2567 1015 2920 1069 vivilicatione
2943 1015 3148 1077 divina,
3173 1025 3227 1068 et
3248 1018 3492 1082 corrupit
3522 1015 3698 1069 homi—

2122 1122 2281 1171 nem,
2312 1106 2403 1159 sed
2430 1107 2596 1178 λόγος,
2628 1108 2730 1159 vita
2767 1105 2997 1174 perfecta
3026 1107 3309 1174 complevit
3341 1107 3657 1175 mysterium
3683 1148 3697 1171 ,

2122 1210 2170 1253 et
2196 1200 2438 1268 apparuit
2466 1198 2518 1252 in
2548 1199 2797 1262 materia,
2828 1197 2931 1252 hoc
2964 1207 3044 1252 est
3074 1199 3125 1251 in
3156 1214 3318 1252 carne
3348 1208 3402 1253 et
3442 1200 3494 1252 in
3557 1208 3702 1253 tene-

2123 1287 2249 1342 bris.
2293 1288 2569 1355 Quomodo
2616 1289 2755 1342 enim
2800 1298 2914 1341 erat
2962 1288 3210 1357 possibile
3250 1304 3517 1357 apparere
3562 1289 3700 1358 quod

2122 1376 2310 1430 fuisset
2335 1417 2349 1440 ,
2385 1378 2482 1430 nisi
2513 1378 2562 1431 in
2594 1392 2783 1441 carne,
2817 1377 2918 1431 hoc
2956 1387 3065 1441 est,
3098 1380 3148 1431 in
3174 1391 3334 1432 sensu
3370 1380 3699 1448 appareret?

2124 1466 2312 1519 Omnia
2341 1481 2467 1534 ergo
2495 1466 2715 1522 eﬂ'ectus
2738 1468 2879 1540 λόγος
2898 1508 2913 1531 ,
2944 1477 2993 1522 et
3040 1469 3090 1522 in
3121 1469 3367 1523 omnibus
3388 1511 3403 1531 ,
3444 1481 3496 1525 et
3523 1470 3699 1539 genuit

2123 1558 2320 1622 omnia,
2346 1558 2587 1620 salvavit,
2621 1568 2674 1614 et
2704 1561 2958 1626 regnavit,
2994 1560 3097 1613 vita
3127 1569 3324 1614 :eterna
3378 1562 3619 1617 existens
3648 1564 3697 1615 in

2123 1650 2308 1717 spiritu
2331 1665 2345 1701 ε
2371 1648 2511 1719 Ergo
2524 1651 2838 1721 justiﬁcatus
2858 1660 2952 1714 est,
2971 1652 3208 1721 apparuit
3230 1652 3460 1723 Angelis,
3486 1655 3699 1707 veniens

446 1759 616 1801 tenens
656 1757 803 1814 caput
846 1746 1072 1811 Christi,
1118 1761 1180 1799 ea:
1219 1762 1318 1815 quo
1348 1761 1491 1798 omne
1529 1758 1713 1811 corpus
1756 1757 1841 1811 per
1881 1748 2019 1793 actus
2049 1749 2095 1808 Β
2124 1756 2248 1811 ergo
2278 1743 2576 1808 praedicatus
2604 1753 2673 1796 est
2695 1742 2940 1812 gentibus.
2971 1743 3088 1797 Fuit
3112 1745 3268 1813 igitur
3295 1755 3580 1814 antequam
3609 1761 3697 1800 ve-

450 1847 494 1891 ει
544 1838 915 1906 coniunctiones
951 1837 1384 1890 subministratum
1433 1844 1478 1888 et
1533 1834 1869 1903 productum,
1917 1846 2023 1882 cre-

447 1931 538 1982 scit
594 1933 643 1981 in
700 1931 1055 1983 incrementum
1110 1928 1203 1981 Dei
1246 1927 1429 1997 (Ibid.
1483 1924 1628 1995 I9);
1675 1940 1833 1979 unum
1882 1924 2020 1975 enim

450 2025 657 2085 oumia,
717 2022 923 2074 etiamsi
972 2019 1267 2074 dilferentia
1312 2019 1455 2081 sint,
1509 2032 1628 2086 qua:
1681 2023 1803 2068 sunt
1850 2031 1862 2067 :
1918 2027 2021 2066 non

448 2112 591 2166 enim
618 2127 814 2180 corpus
863 2113 1020 2165 totius
1061 2110 1291 2164 universi
1331 2110 1477 2163 velut
1518 2122 1738 2161 acervus
1781 2115 1900 2169 est,
1932 2104 2020 2172 qui

450 2216 675 2255 acervus
703 2210 842 2254 tactu
866 2202 1002 2254 inter
1026 2216 1086 2254 se
1113 2200 1226 2253 solo
1250 2213 1535 2267 granorum
1556 2212 1749 2264 corpus
1770 2194 2020 2257 el‘lieitur,

448 2292 542 2345 sed
586 2292 813 2345 maxime
842 2306 947 2359 quo
977 2288 1250 2344 alternatis
1292 2289 1342 2340 in
1383 2302 1442 2341 se
1486 2286 1709 2339 invicem
1742 2283 1976 2353 partibus
2004 2322 2019 2346 ,

450 2392 505 2434 ut
534 2390 718 2434 catena
757 2381 1037 2434 continens
1084 2392 1277 2447 corpus
1316 2388 1398 2431 est
1425 2393 1437 2429 :
1462 2385 1647 2429 catena
1678 2376 1818 2427 enim
1847 2373 2017 2434 Deus,

448 2470 603 2523 Jesus
635 2471 894 2539 Spiritus,
922 2478 1035 2530 νοῦς
1062 2470 1237 2523 anima
1268 2468 1442 2537 angeli
1466 2476 1520 2521 et
1551 2464 1745 2519 deinde
1773 2477 2023 2533 corpora-

449 2560 519 2614 lia
592 2560 767 2613 omnia
821 2562 1239 2615 subministrata.
1292 2559 1456 2628 Igitur
1501 2557 1773 2628 plenitudo
1831 2557 2024 2625 quippe

452 2650 707 2719 producta
737 2662 839 2705 εει.

524 2739 710 2794 XXVI.
754 2740 809 2795 Si
830 2740 989 2810 igitur
1010 2741 1187 2795 omnia
1212 2755 1391 2805 unum,
1414 2740 1607 2808 quippe
1627 2740 1677 2791 in
1704 2736 2020 2800 substantia,

453 2831 620 2885 multo
650 2831 818 2898 magis
864 2832 1001 2884 lleus
1036 2839 1090 2883 et
1116 2830 1283 2895 Illius,
1317 2845 1419 2882 non
1443 2830 1613 2883 solum
1644 2828 2022 2882 insubstautia-

454 2930 585 2983 tum,
610 2919 702 2973 sed
734 2921 1268 2973 consubstantiatum.
1301 2918 1710 2973 Insubstantiata
1735 2919 1877 2971 enim
1902 2924 2026 2969 sunt

453 3010 625 3064 omnia
653 3008 775 3067 ὄντα
802 3012 852 3064 in
882 3011 1027 3075 Jesu,
1065 3012 1167 3064 hoc
1194 3020 1295 3074 est,
1328 3014 1375 3063 ἐν
1404 3020 1476 3082 τῷ
1500 3012 1627 3082 λόγῳ
1652 3010 1803 3062 sicuti
1825 3010 2021 3061 dictum

2124 1833 2299 1884 niret:
2327 1831 2554 1885 Creditus
2577 1842 2645 1886 est
2667 1835 2717 1885 in
2747 1834 2954 1893 mundo,
2978 1835 3053 1887 sic
3079 1838 3219 1888 enim
3246 1845 3298 1889 et
3324 1836 3490 1890 Isaias
3513 1837 3699 1889 fatetur

2122 1923 2445 1991 pmphetans
2471 1941 2483 1976 :
2512 1923 2780 1978 Laboravit
2820 1924 3109 1996 Egyptus,
3148 1938 3194 1980 et
3232 1929 3559 1981 mercimonia
3601 1927 3697 1981 ΑΞ-

2122 2014 2369 2081 tltiopium
2395 2024 2440 2067 et
2466 2014 2672 2069 Sabaim
2700 2033 2718 2070 :
2763 2015 2867 2070 Viri
2902 2019 3133 2071 altissimi
3162 2020 3212 2072 in
3244 2030 3291 2073 te
3328 2020 3653 2073 ambulabunt
3676 2061 3690 2087 ,

2122 2114 2169 2157 et
2197 2106 2285 2157 tibi
2312 2117 2455 2159 erunt
2482 2109 2627 2171 servi.
2657 2121 2703 2163 et
2728 2121 2862 2164 retro
2885 2122 2930 2165 te
2950 2122 3213 2177 sequentur
3232 2116 3376 2184 ligati
3398 2117 3627 2181 manicis,
3650 2125 3694 2168 et

2123 2206 2170 2250 te
2190 2199 2552 2253 venerabantur
2576 2213 2619 2255 et
2649 2212 2693 2255 te
2727 2205 3088 2272 precabantur,
3116 2207 3249 2275 quod
3274 2209 3326 2260 in
3357 2218 3404 2261 te
3434 2207 3570 2262 Deus
3597 2218 3691 2272 est,

2122 2298 2290 2341 etnon
2310 2300 2381 2342 est
2414 2291 2546 2344 Deus
2571 2301 2713 2345 extra
2742 2303 2787 2346 te
2816 2311 2827 2345 :
2858 2305 2910 2348 tu
2936 2312 2988 2349 es
3015 2299 3145 2350 enim
3176 2297 3343 2364 Deus,
3375 2310 3421 2352 et
3446 2317 3545 2353 non
3579 2302 3693 2354 scie-

2124 2378 2329 2443 bamus,
2363 2380 2492 2434 Deus
2541 2381 2703 2437 Israel
2733 2384 2862 2454 (Isa.
2899 2403 3027 2452 XLV,
3064 2390 3171 2457 H).
3212 2390 3543 2445 Praidicatus
3575 2408 3693 2461 ergo

2123 2470 2176 2524 in
2208 2472 2436 2537 mundo,
2471 2483 2712 2542 receptus
2745 2476 2794 2528 in
2824 2478 2989 2546 gloria
3023 2478 3312 2533 divinitatis
3338 2492 3392 2535 et
3418 2482 3487 2534 ah
3514 2482 3689 2546 initio,

2124 2569 2178 2614 et
2205 2560 2383 2627 initio,
2414 2572 2470 2617 et
2496 2576 2680 2632 postea
2704 2607 2717 2629 ,
2746 2576 2799 2620 et
2825 2582 3035 2639 semper
3062 2571 3130 2625 ab
3157 2574 3373 2625 aeternis
3392 2614 3404 2637 ,
3434 2583 3491 2628 et
3520 2574 3570 2628 in
3596 2589 3691 2628 sac-

2124 2651 2246 2704 cula
2282 2652 2618 2707 saeculorum.
2655 2661 2845 2711 Amen.

2198 2739 2409 2795 XXVII.
2450 2742 2583 2797 Vide
2609 2753 2781 2799 autem
2805 2755 2858 2799 et
2881 2748 3018 2801 istud
3047 2749 3113 2802 ad
3144 2749 3410 2823 ὁμοούσιον
3434 2753 3695 2821 quomodo

2125 2828 2343 2897 spiritus
2377 2831 2503 2885 dicit
2532 2833 2675 2886 Isaiae
2705 2852 2715 2885 :
2745 2833 2813 2887 In
2843 2847 2889 2890 te
2918 2836 3088 2903 Deus,
3132 2849 3175 2893 et
3204 2857 3305 2895 nou
3340 2852 3412 2897 est
3447 2842 3583 2898 Deus
3609 2862 3694 2899 ex.

2125 2927 2204 2971 ινα
2234 2930 2280 2973 te
2301 2936 2320 2972 :
2348 2922 2485 2988 quod
2532 2924 2640 2977 ﬁlio
2680 2925 2806 2980 dicit
2847 2928 3072 2984 Domino
3111 2942 3293 2986 nostro
3314 2975 3328 2999 ,
3358 2936 3694 2990 manifestum

2125 3005 2176 3056 in
2222 3018 2269 3059 te
2307 3010 2473 3072 Deus,
2506 3014 2603 3064 hoc
2632 3023 2713 3067 est
2733 3055 2746 3076 ,
2778 3018 2915 3084 quod
2946 3019 3143 3073 dictum
3174 3032 3256 3074 est
3282 3041 3295 3073 :
3330 3023 3488 3078 Pater
3514 3027 3565 3079 in
3601 3010 3690 3080 me.

455 3111 535 3153 est
564 3117 578 3155 :
609 3099 791 3154 Omnia
816 3103 865 3155 in
894 3103 987 3156 isto
1012 3113 1126 3156 sunt
1153 3103 1352 3155 condita
1375 3100 1591 3170 (Coloss.
1626 3116 1665 3164 ι,
1690 3099 1777 3168 I6)
1804 3117 1816 3151 :
1848 3099 2019 3169 ὁμοούε
2050 3108 2095 3169 C
2128 3095 2281 3148 Aliud
2327 3106 2499 3151 autem
2520 3140 2533 3163 ,
2565 3110 2611 3153 et
2650 3118 2749 3155 non
2773 3114 2842 3157 est
2874 3106 3009 3159 Dens
3034 3118 3173 3161 extra
3202 3121 3248 3163 te
3278 3128 3296 3164 :
3325 3114 3375 3166 in
3410 3117 3512 3168 isto
3543 3118 3697 3173 verbo

458 3210 547 3242 σια
577 3198 751 3242 autem
803 3190 901 3244 ista
949 3206 1051 3243 non
1097 3201 1237 3247 sunt.
1280 3190 1392 3244 Non
1424 3192 1564 3244 enim
1593 3191 1741 3259 quasi
1772 3190 1915 3241 οὐσία
1942 3196 2022 3240 est

455 3278 583 3331 illud
600 3281 822 3347 primum
850 3294 969 3334 esse
989 3282 1128 3348 quod
1145 3292 1228 3335 est
1252 3282 1409 3346 Deus,
1429 3296 1599 3348 neque
1618 3290 1791 3333 autem
1817 3289 1871 3331 ut
1899 3278 2023 3331 sub—

461 3369 651 3422 smntia
672 3370 1005 3439 imago,quod
1027 3381 1109 3424 est
1132 3370 1387 3433 Illius,sed
1406 3371 1560 3424 simul
1582 3370 1751 3424 solum
1776 3372 2019 3431 istorum,

457 3458 596 3527 quod
626 3469 842 3514 estesse
869 3460 1156 3514 divinitatis
1195 3460 1259 3513 ad
1284 3474 1519 3524 causam,
1548 3470 1629 3515 est
1656 3476 1774 3513 esse
1814 3460 1876 3513 iis
1905 3473 2021 3525 qua:

456 3531 737 3603 suntzsola
774 3550 930 3618 igitur
966 3550 1211 3620 ὁμοούσια
1254 3550 1390 3602 Deus
1417 3550 1656 3622 λόγος,εά
1686 3548 2018 3601 Timotheum

458 3644 623 3710 prima
642 3660 653 3694 :
678 3642 875 3697 Etenim
891 3645 1195 3711 conﬁdenter
1216 3660 1454 3713 magnum
1469 3643 1720 3712 quoddam
1734 3653 1805 3695 est
1824 3643 2021 3709 pielatis

456 3735 901 3801 mystermm,qnod
913 3736 1284 3797 manifestatum
1298 3746 1366 3788 est
1380 3734 1430 3787 in
1443 3734 1952 3804 carne.justiﬁcatum
1969 3734 2019 3785 in

455 3824 658 3890 spiritu,
673 3825 906 3893 apparuit
923 3825 1146 3895 Angelis,
1165 3825 1495 3893 praedicatum
1509 3834 1579 3877 est
1597 3824 1843 3892 gentibus,
1862 3825 2022 3877 credi-

452 3920 559 3965 tum
574 3914 627 3965 in
646 3914 855 3976 mundo,
884 3924 1133 3983 receptum
1149 3916 1200 3966 in
1227 3912 1432 3985 gloria(
1462 3914 1480 3967 I
1510 3913 1639 3966 Tim.
1675 3916 1880 3982 111,16).
1910 3914 2021 3967 Hoc

455 4017 559 4055 non
600 4013 682 4057 est
717 4002 785 4056 de
824 4004 989 4071 prima
1038 4004 1378 4071 generatione
1418 4002 1510 4057 sed
1543 4002 1606 4056 de
1632 4004 1860 4057 secunda
1884 4021 1895 4055 :
1923 4002 2021 4055 hoc

454 4092 594 4145 enim
613 4100 693 4145 est
707 4108 951 4161 magnum
968 4095 1297 4163 mysterium,
1312 4093 1450 4163 quod
1478 4094 1613 4147 Deus
1633 4094 1922 4147 exinanivit
1937 4107 2020 4146 se-

452 4182 735 4247 metipsum
756 4196 873 4236 cum
896 4182 1103 4236 essetin
1125 4183 1217 4236 Dei
1245 4184 1434 4247 forma;
1454 4183 1643 4237 deinde
1674 4184 1809 4252 quod
1835 4198 2020 4251 passus

450 4279 553 4331 cst,
593 4272 817 4337 primum
848 4273 901 4326 in
930 4287 1088 4328 carne
1109 4289 1168 4328 se
1196 4289 1335 4339 esse,
1369 4284 1423 4329 et
1451 4275 1694 4328 humana:
1720 4276 2020 4344 generatio-

448 4365 533 4416 nis
562 4362 721 4415 l'atnm
755 4363 950 4417 habere
969 4404 984 4427 ,
1005 4375 1061 4418 et
1084 4364 1137 4417 in
1165 4380 1377 4419 crucem
1411 4365 1542 4419 tolli.
1572 4364 1687 4418 Non
1716 4376 1891 4419 autem
1916 4364 2006 4417 tie-

2126 3201 2310 3240 omnes
2341 3189 2569 3245 haireses
2599 3194 2853 3260 praedicit.
2888 3199 2964 3250 Ad
2991 3201 3127 3253 istud
3150 3202 3272 3270 quid
3305 3204 3491 3261 dicunt
3515 3224 3697 3263 omnes

2123 3275 2334 3370 Iudaei?
2362 3288 2415 3332 et
2454 3282 2540 3349 qui
2570 3281 2752 3337 dicunt
2794 3286 3061 3343 hominem
3102 3306 3220 3346 esse
3256 3295 3475 3349 .Iesum?
3504 3300 3569 3353 Et
3610 3301 3695 3370 qui

2123 3365 2305 3419 dicunt
2340 3383 2403 3421 ex
2435 3370 2634 3425 nihilo?
2658 3383 2711 3426 et
2739 3372 2834 3428 fuit
2866 3379 3080 3445 quando
3111 3396 3215 3434 non
3256 3382 3390 3437 fuit?
3418 3398 3533 3441 erat
3559 3365 3694 3443 enim

2123 3456 2264 3510 Deus
2306 3468 2359 3512 et
2386 3475 2598 3529 semper
2640 3480 2775 3518 unus
2819 3467 2975 3521 Deus.
3010 3469 3064 3524 Si
3108 3474 3247 3526 enim
3278 3474 3436 3530 Jcsus
3471 3480 3611 3551 λόγος
3648 3492 3697 3534 ει

2121 3547 2263 3619 λόγος
2305 3566 2517 3620 semper
2547 3553 2612 3606 ad
2647 3554 2845 3622 Deum;
2887 3568 2939 3611 et
2960 3560 3102 3632 λόγος
3135 3579 3269 3616 unus
3300 3567 3468 3631 Deus;
3500 3547 3553 3621 et
3598 3586 3693 3625 non

2120 3647 2203 3691 est
2248 3639 2416 3705 alius,
2468 3642 2735 3712 όμοούσιον
2776 3662 2902 3716 ergo
2947 3650 3105 3705 Deus.
3157 3654 3218 3706 Et
3251 3656 3395 3727 λόγος
3439 3674 3619 3714 rursus
3654 3661 3696 3714 si

2100 3727 2263 3781 Deus
2300 3740 2381 3783 est
2428 3734 2563 3799 quod
2607 3745 2686 3789 est
2722 3751 2870 3800 esse,
2904 3739 3060 3808 hujus
3108 3753 3282 3797 autem
3334 3746 3459 3811 Dei,
3491 3759 3543 3802 et
3585 3750 3695 3819 ejus

2121 3817 2259 3884 quod
2282 3828 2361 3872 est
2386 3834 2521 3885 esse,
2548 3825 2715 3877 virtus
2736 3836 2791 3880 et
2812 3828 3067 3896 sapientia
3096 3831 3271 3897 Iesus,
3302 3833 3402 3890 hoc
3427 3849 3510 3892 est
3534 3817 3691 3912 1679;,

2122 3923 2257 3962 unus
2289 3910 2425 3965 Deus
2447 3953 2462 3977 ,
2512 3924 2564 3967 et
2602 3930 2706 3969 non
2736 3927 2820 3971 est
2849 3918 3003 3974 alter.
3045 3922 3284 3979 Uualitas
3316 3942 3445 3996 ergo
3475 3910 3619 4002 Mys;
3646 3942 3694 3985 et

2122 3999 2277 4063 Deus,
2308 4008 2363 4055 et
2386 4003 2553 4073 ipsum
2583 4007 2722 4074 quod
2748 4018 2997 4077 estesse,
3029 4024 3081 4066 et
3117 4014 3264 4085 λόγος
3289 4033 3433 4084 esse,
3458 3999 3595 4074 idem
3626 4023 3692 4076 si-

2120 4092 2224 4144 mul
2259 4092 2309 4145 in
2342 4108 2407 4148 eo
2436 4097 2575 4165 quod
2607 4108 2688 4153 est
2717 4116 2837 4155 esse
2857 4105 3179 4169 subsistens,
3207 4120 3261 4162 et
3290 4110 3491 4167 idcirco
3516 4115 3691 4186 ὁμοοόο

2120 4203 2245 4236 σιον.
2271 4184 2421 4249 Quod
2449 4200 2624 4242 autem
2654 4191 2796 4263 λόγον
2817 4208 2933 4248 eSSe
2958 4206 3059 4261 est,
3084 4195 3186 4253 hoc
3200 4210 3300 4266 est,
3327 4203 3490 4257 vitam
3512 4184 3566 4259 et
3591 4210 3691 4260 νοῦν

2120 4287 2277 4364 esse:
2305 4276 2402 4329 ista
2442 4280 2582 4331 enim
2624 4292 2745 4335 sunt
2794 4284 2963 4340 virtus
2999 4298 3050 4341 et
3089 4291 3350 4358 sapientia
3401 4294 3534 4359 Dei,
3564 4296 3692 4364 quod

2120 4373 2201 4415 est
2230 4363 2474 4418 Salvator
2501 4366 2675 4434 Jesus,
2710 4377 3009 4441 progressio
3039 4388 3121 4431 est
3151 4391 3201 4433 et
3232 4385 3529 4449 generatio,
3560 4363 3612 4439 et
3642 4386 3689 4439 in

447 4461 570 4506 rent
597 4453 694 4505 ista
740 4451 995 4505 mirabilia
1020 4492 1034 4516 ,
1082 4454 1125 4506 si
1168 4452 1393 4507 fuissent
1437 4454 1538 4507 illae
1568 4462 1657 4507 aut
1697 4469 1758 4507 ex
1802 4455 2015 4508 homine
2042 4467 2095 4526 Ι)
2120 4451 2466 4507 substantiam
2512 4455 2699 4513 Iilietas
2732 4466 3000 4529 processio
3023 4507 3037 4532 ,
3073 4478 3123 4521 ct
3153 4471 3202 4523 in
3234 4474 3499 4526 actionem
3544 4475 3691 4529 ell‘ul-

447 4544 618 4597 solum
644 4583 657 4607 ,
686 4553 776 4596 aut
814 4558 878 4597 ex
914 4541 1083 4596 nihilo
1108 4583 1122 4604 ,
1153 4553 1241 4596 aut
1270 4559 1335 4597 ex
1379 4545 1487 4597 Deo
1517 4544 1805 4599 secundum
1848 4546 2014 4598 lactu-

448 4648 584 4687 ram.
627 4634 761 4701 Quid
791 4634 931 4688 enim
968 4633 1292 4698 exiuanivit,
1328 4636 1371 4687 si
1411 4649 1513 4688 non
1574 4648 1690 4689 erat
1728 4644 2009 4703 antequam

448 4732 591 4777 esset
617 4725 666 4777 iu
697 4725 899 4779 carne?
922 4725 983 4777 Et
1005 4724 1129 4793 quid
1155 4734 1288 4787 erat,
1317 4724 1453 4793 quod
1480 4725 1607 4778 dixit
1637 4726 1840 4793 aqualis
1868 4726 2011 4778 Deo?

448 4810 687 4881 Equalis
714 4823 889 4867 autem
911 4814 1198 4883 quomodo,
1223 4816 1311 4885 qui
1334 4831 1402 4869 ex
1428 4816 1591 4869 nihilo
1615 4815 1811 4869 factura
1845 4818 2010 4870 esset?

446 4902 647 4958 Idcirco
675 4919 799 4973 ergo
835 4921 1073 4974 magnum
1103 4907 1424 4975 mysterium,
1467 4906 1595 4976 quod
1633 4909 2009 4977 manifestatum

444 5007 515 5049 est
540 4998 590 5049 in
623 5012 791 5051 carne.
830 4995 953 5050 Fuit
982 5012 1108 5066 ergo
1134 5008 1414 5068 antequam
1440 5008 1583 5052 esset
1612 4999 1665 5052 in
1694 5014 1856 5053 carne
1878 5040 1892 5061 ,
1921 5000 2015 5053 sed

442 5087 834 5141 manifestatum
857 5088 990 5141 dixit
1014 5088 1067 5141 in
1095 5102 1285 5141 carne:
1309 5088 1709 5157 intelligibiliter
1735 5088 1875 5143 enim
1902 5098 2016 5142 erat

440 5186 497 5230 et
524 5177 970 5243 iutellectualiter;
994 5176 1321 5231 sersibiliter
1348 5188 1527 5230 autem
1567 5186 1622 5232 et
1673 5178 2012 5232 incarnaliter

441 5273 567 5320 tunc
596 5266 963 5322 manifestatus
993 5276 1075 5321 est
1126 5266 1367 5319 Potentia
1404 5266 1545 5320 enim
1575 5275 1664 5323 τοῦ
1692 5268 1835 5340 λόγου
1859 5269 2007 5337 juxta

438 5374 588 5414 suam
618 5359 967 5413 substantiam
1008 5363 1131 5414 vita:
1168 5368 1281 5425 est,
1311 5373 1525 5426 semper
1554 5359 1844 5414 substantia
1867 5401 1882 5425 ,
1923 5376 2008 5415 se-

440 5453 672 5506 cundum
700 5451 841 5519 quod
866 5454 993 5517 vita,
1023 5462 1074 5506 et
1100 5451 1363 5516 vivel‘acit,
1390 5460 1445 5506 et
1468 5451 1792 5519 revivefacit,
1821 5463 1875 5507 et
1902 5468 2003 5507 non

441 5545 699 5615 permittit
726 5558 845 5598 esse
871 5544 924 5597 in
950 5551 1121 5598 morte
1146 5556 1493 5612 quaecumque
1522 5542 1786 5598 vivel’acit.
1814 5544 1869 5598 In
1896 5546 2001 5614 pri-

440 5651 525 5691 nia
560 5636 715 5705 igitur
736 5635 969 5691 motione
991 5635 1170 5689 omnia
1193 5635 1247 5689 in
1268 5634 1429 5689 vitam
1455 5635 1691 5704 adduxit,
1715 5643 1769 5691 et
1801 5635 1897 5691 ista
1923 5646 2004 5691 est

2115 4543 2292 4610 gentia
2316 4553 2369 4596 et
2394 4543 2728 4614 refulgentia.
2763 4551 2869 4606 Iloc
2899 4567 3073 4609 autem
3102 4574 3203 4613 non
3228 4560 3325 4613 fuit
3351 4564 3566 4630 quando
3595 4581 3691 4618 non

2232 4672 2246 4696 ,
2287 4633 2378 4726 sed
2413 4650 2624 4704 semper
2656 4641 2751 4694 fuit
2792 4661 2804 4695 :
2840 4659 3053 4714 semper
3087 4664 3215 4719 ergo
3254 4664 3406 4720 pater
3429 4696 3443 4720 ,
3488 4673 3695 4726 semper

2113 4721 2274 4775 ﬁlius.
2308 4722 2373 4777 Et
2412 4734 2559 4790 pater
2587 4736 2789 4783 tantum
2824 4745 3000 4799 pater,
3029 4746 3085 4790 et
3108 4739 3242 4793 lilius
3277 4750 3479 4797 tantum
3513 4721 3653 4801 [ilius
3682 4765 3693 4801 :

2112 4812 2178 4866 ad
2202 4823 2401 4908 patrem
2433 4827 2631 4884 autem,
2665 4824 2907 4889 quoniam
2958 4827 3007 4880 id
3052 4830 3191 4897 quod
3242 4842 3323 4886 est
3351 4850 3509 4901 esse,
3560 4838 3695 4908 quod

2109 4913 2192 4957 est
2237 4905 2375 4957 Deus
2420 4913 2474 4960 et
2512 4920 2692 4975 pater,
2723 4928 2874 4967 causa
2920 4926 3001 4969 est
3077 4928 3149 4992 τῷ
3186 4921 3319 4993 λόγῳ
3369 4926 3436 4979 ad
3469 4927 3521 4980 id
3559 4905 3694 4998 quod

2117 5004 2200 5087 est
2237 4996 2284 5047 ei
2326 5011 2444 5087 esse
2466 5039 2481 5062 ,
2512 5014 2611 5054 nec
2652 5018 2921 5059 reversum
2953 5018 3125 5063 autem
3156 5030 3169 5065 :
3203 5026 3255 5067 et
3302 5026 3386 5070 est
3424 4996 3693 5087 proprium

2117 5083 2230 5150 ejus
2254 5125 2268 5147 ,
2303 5086 2441 5154 quod
2488 5091 2715 5157 primum
2753 5105 2834 5149 est
2871 5111 2987 5151 esse
3008 5139 3021 5161 ,
3054 5101 3374 5172 quiescere;
3418 5083 3691 5183 ἰὀῦ-λόγρν

2116 5182 2291 5226 autem
2333 5180 2607 5246 proprium
2644 5197 2857 5239 movere
2901 5194 2955 5239 et
2994 5202 3188 5259 agere,
3218 5204 3272 5248 et
3312 5213 3419 5252 non
3459 5180 3693 5256 localiter

2118 5262 2342 5361 moveri,
2360 5279 2529 5334 neque
2557 5269 2609 5323 in
2631 5272 2801 5326 locum
2826 5278 3293 5347 lrauslatione,sed
3321 5288 3561 5345 motione
3580 5307 3693 5361 quae

2108 5358 2299 5445 anima:
2328 5358 2654 5445 estimeliore
2670 5371 2725 5415 et
2743 5363 3000 5424 diviniore
3025 5413 3039 5436 ,
3070 5390 3187 5442 quae
3215 5379 3428 5445 prepria
3462 5358 3690 5436 motione

2108 5450 2163 5539 et
2200 5439 2358 5493 vitam
2401 5444 2519 5503 dat.
2559 5458 2614 5502 et
2648 5451 3018 5523 intelligentias
3050 5439 3185 5528 parit
3213 5439 3513 5522 subsistens
3558 5472 3611 5524 in
3635 5484 3689 5525 se

2108 5537 2240 5597 ipsa,
2267 5545 2439 5588 etnon
2467 5537 2685 5596 discissa
2706 5557 2735 5597 a
2762 5548 2972 5616 propria
2990 5556 3223 5619 potentia
3242 5556 3292 5609 in
3306 5560 3683 5626 operationem.

2180 5639 2415 5698 XXVIII.
2458 5637 2560 5692 Sed
2590 5637 2709 5691 ista.
2746 5639 2810 5695 Et
2853 5656 3077 5699 rursus:
3107 5644 3247 5702 Sunt
3294 5649 3440 5704 enim
3488 5661 3542 5707 et
3590 5653 3682 5705 alia
