3950 6206
188 317 326 373 ιοθι

1325 304 1682 364 Αῡνιειιευδ
1724 300 1937 357 Αιιιωι
1986 300 2184 356 LIBER
2231 300 2273 354 ι.

3294 288 3426 343 1062

188 434 242 488 ἰιι
290 445 436 486 saera
486 429 795 496 Scriptura,
843 426 981 495 quod
1023 426 1161 480 Deus
1205 424 1394 488 Jesns,
1445 424 1585 494 quod
1630 433 1751 475 ante
1780 418 1959 477 Anon
2002 428 2085 472 est
2133 430 2367 471 necesse.
2418 414 2558 468 Deus
2599 411 2741 465 enim
2780 406 3179 467 etsnbtantia,
3221 404 3429 496 etsuho

187 538 402 576 mones:
432 518 571 589 quod
623 518 798 581 lilius,
850 525 904 570 et
940 525 1124 569 natura
1172 515 1342 579 ﬁlius,
1400 524 1451 567 et
1502 515 1551 566 in
1597 525 1757 566 carne

190 611 374 673 ﬁlius,
430 618 481 662 et
534 605 762 660 maxime
814 604 865 657 in
910 618 1067 658 carne
1127 602 1264 656 ﬁlius
1312 611 1565 665 Vocatus,
1618 597 1756 669 quod

192 709 322 755 tunc
364 697 580 753 salvavit
628 695 800 750 omnia
838 691 992 755 ὅντα,
1024 703 1077 747 et
1122 701 1246 746 tune
1286 693 1409 746 vicit
1460 689 1759 743 inimicitias

192 789 482 843 divinitatis
507 829 520 851 ,
543 795 598 840 et
626 800 835 839 onmem
866 796 1087 838 mortem
1116 823 1129 847 ,
1171 792 1223 837 et
1263 780 1398 849 quod
1432 783 1543 851 ipso
1574 790 1760 848 passus

193 881 267 935 sit
311 876 597 932 secundum
641 874 924 928 motionem
964 892 977 927 :
1011 883 1155 941 pater
1201 886 1373 925 autem
1421 887 1525 925 non
1571 886 1763 925 secun-

191 968 321 1022 dum
377 966 742 1021 cessationem.
786 966 838 1018 Si
870 966 968 1017 ista
1025 964 1101 1017 sic
1149 972 1303 1028 sunt,
1338 962 1434 1017 hoc
1470 962 1618 1017 deest
1671 978 1759 1016 so-

196 1059 307 1113 lum
340 1056 597 1126 quomodo
628 1054 1025 1125 intelligendum
1055 1052 1351 1123 ὁμοούσιον.
1383 1062 1471 1105 aut
1497 1052 1764 1123 ὁμοούσιον

195 1164 319 1203 csse
341 1148 501 1207 tilium
534 1147 665 1216 patri
691 1164 703 1197 :
733 1148 832 1200 hoc
862 1145 1001 1199 enim
1032 1143 1220 1213 dogma
1254 1160 1388 1199 nunc
1415 1133 1763 1214 expergefac-

196 1250 309 1294 tum
341 1250 450 1300 est,
481 1252 533 1293 et
567 1236 777 1307 quidem
821 1236 942 1289 olim
975 1236 1275 1290 rumoribus
1302 1237 1586 1304 jaetatum,
1621 1236 1763 1306 quod

194 1344 304 1384 non
349 1337 585 1396 oporteat
626 1326 727 1380 dici
771 1326 1070 1400 ὃμοούσιον,
1117 1325 1209 1379 sed
1256 1327 1422 1395 magis
1460 1327 1760 1399 ὁμοούσιονε

195 1434 339 1473 nunc
367 1418 631 1470 inventum
659 1416 759 1471 hoc
786 1416 996 1487 dogma.
1028 1415 1236 1470 Andent
1261 1424 1435 1470 autem
1470 1426 1521 1470 et
1554 1418 1653 1473 hoc
1679 1418 1762 1469 di-

195 1525 345 1574 cere,
369 1508 505 1576 quod
530 1507 676 1572 olim,
708 1522 808 1561 non
836 1506 955 1561 dico
981 1505 1193 1576 quando
1216 1506 1340 1559 olim
1364 1523 1375 1558 :
1400 1505 1599 1560 sufﬁcit
1622 1507 1763 1561 enim

197 1604 341 1673 quod
370 1603 495 1656 mihi
517 1617 619 1654 non
650 1602 716 1653 ab
740 1613 905 1663 mone,
932 1614 1102 1667 neque
1126 1615 1151 1649 a
1174 1599 1447 1667 praesentia
1470 1597 1645 1661 Jesus,
1672 1597 1763 1652 sed

199 1694 330 1746 olim
360 1691 537 1746 datmn
574 1692 642 1743 sit
669 1697 791 1743 ante
819 1704 987 1742 annos
1013 1696 1245 1752 centum,
1278 1686 1537 1749 concedo,
1566 1695 1620 1741 et
1645 1688 1765 1757 plu-

1859 510 2069 564 stantia:
2092 524 2247 563 causa
2275 516 2375 570 est,
2406 515 2458 559 et
2481 504 2725 558 omnibus
2752 517 2868 570 qnte
2898 508 3023 553 sunt
3046 495 3350 567 pra‘existit,
3379 501 3429 547 et

1860 600 2114 653 universm
2134 595 2569 659 cxistentiaiilnli,
2587 606 2635 648 et
2652 594 2912 647 universa:
2928 588 3191 643 essentiali
3212 584 3432 651 :abipso

1861 692 1999 746 enim
2014 690 2189 744 omnia
2203 698 2255 742 ct
2269 706 2326 742 ea
2342 704 2457 757 qnce
2476 695 2616 748 sunt,
2631 682 2925 738 etnomina.
2944 681 3018 733 Ex
3036 679 3139 733 isto
3156 676 3313 747 igitur
3329 676 3434 728 Deo

1860 780 2169 835 Substantie
2189 778 2500 847 principium
2530 775 2619 845 qui
2634 784 2731 835 est,
2749 784 2797 828 et
2814 772 2933 827 ideo
2950 769 3039 840 qui
3060 763 3433 837 sitisubstantia

1863 870 2129 943 ὁμοοῦσιος
2155 870 2290 924 tilins
2316 869 2366 922 in
2394 868 2509 937 ipso
2534 876 2587 920 et
2606 882 2725 920 cum
2758 864 2890 933 ipso.
2908 861 3111 928 Quippe
3134 858 3296 911 forma
3323 854 3437 924 ejus

1862 963 2031 1033 quisit
2053 970 2105 1015 et
2124 961 2297 1030 iznago
2315 970 2368 1015 et
2393 960 2689 1019 character,
2713 956 2827 1008 sine
2842 953 3030 1021 quibus
3059 952 3196 1002 Deus
3227 962 3329 1000 non
3355 944 3434 998 in-

1864 1052 2115 1121 telligitur
2145 1066 2242 1105 nec
2260 1048 2655 1119 intelligentiam
2681 1043 2946 1099 ascendit:
2968 1056 3071 1096 non
3095 1050 3268 1093 tamen
3294 1034 3434 1106 quod

1867 1157 1971 1196 non
2012 1141 2110 1202 sit,
2144 1141 2281 1209 quod
2327 1148 2407 1193 est
2446 1138 2665 1207 simplex
2706 1137 2881 1188 Deus:
2925 1140 2978 1186 et
3017 1147 3120 1183 non
3158 1127 3294 1196 quod
3338 1126 3439 1180 ista

1876 1234 2026 1303 quasi
2054 1233 2198 1288 aliud
2224 1276 2237 1293 ,
2270 1233 2407 1301 qnod
2441 1231 2492 1284 in
2522 1246 2580 1285 se
2609 1229 2724 1299 ipso
2753 1227 2887 1289 sint,
2922 1233 3012 1277 aut
3035 1218 3397 1275 utaccidentia
3424 1259 3439 1283 ,

1869 1325 1962 1378 sed
1992 1324 2127 1377 istud
2168 1324 2337 1393 ipsum
2370 1322 2536 1376 Deum
2566 1335 2720 1375 esse:
2750 1328 2804 1374 et
2822 1317 2899 1372 sic
2924 1332 3042 1371 esse
3073 1315 3338 1385 ὁμοούσιον
3364 1317 3447 1364 est

1866 1415 2005 1484 quod
2034 1426 2113 1467 est
2136 1430 2276 1480 esse,
2302 1424 2355 1468 et
2379 1422 2526 1483 pater
2548 1411 2688 1481 quod
2720 1419 2803 1464 est
2820 1425 2959 1464 esse.
2984 1407 3133 1475 Quod
3166 1414 3339 1459 autem
3369 1404 3447 1459 sic

1872 1520 1991 1558 esse
2039 1503 2178 1557 ﬁlius
2206 1512 2319 1568 est,
2352 1506 2484 1558 Deus
2510 1503 2649 1556 enim
2682 1501 2821 1571 quod
2863 1508 2943 1553 cst
2970 1513 3089 1552 esse
3112 1538 3127 1563 ,
3158 1496 3234 1549 sic
3272 1506 3448 1550 autem

1871 1610 1989 1650 esse
2016 1595 2156 1669 λόγος
2175 1636 2188 1659 ,
2224 1605 2277 1649 et
2304 1596 2403 1649 hoc
2436 1594 2697 1664 signiﬁcat
2726 1606 2934 1659 semper
2964 1589 3102 1660 quod
3134 1587 3263 1642 dicit.
3293 1606 3303 1640 :
3339 1586 3449 1656 Ego

1867 1697 1912 1738 et
1941 1697 2084 1753 pater
2111 1702 2266 1738 unum
2288 1701 2461 1739 smnus
2482 1684 2657 1755 (Joan.
2683 1700 2736 1747 Σ,
2758 1681 2868 1753 50).
2896 1682 2989 1733 Et:
3021 1679 3174 1731 Pater
3198 1679 3251 1729 in
3281 1693 3377 1740 me,
3408 1683 3451 1727 et

201 1797 313 1838 res.
355 1781 453 1836 Ubi
499 1780 679 1833 latuit?
727 1778 816 1832 ubi
856 1777 1073 1831 dormiit
1118 1786 1239 1830 ante
1280 1776 1522 1830 undecim
1566 1776 1771 1829 annos?
1801 1777 1849 1835 Β
1876 1791 1964 1845 ego
1991 1779 2043 1827 in
2068 1786 2209 1843 patre
2233 1776 2410 1837 (Joan.
2443 1790 2552 1839 xw,
2590 1775 2699 1841 10).
2727 1774 2792 1825 Et
2819 1790 2831 1822 :
2862 1772 3028 1840 siquis
3057 1786 3133 1821 mc
3162 1767 3302 1831 vidit,
3335 1766 3453 1819 vidit

203 1888 325 1925 cum
353 1872 404 1924 in
436 1871 528 1923 Nic
548 1886 605 1922 ua
630 1869 843 1923 civitate
878 1867 980 1921 ﬁde
1008 1866 1315 1922 conﬁrmata
1348 1882 1438 1934 pt't‘
1463 1865 1566 1920 500
1600 1866 1774 1932 plures

205 1962 501 2031 Episcopos
520 2000 534 2026 ,
561 1960 825 2014 Arionitas
854 1957 1195 2012 excludentes
1213 1996 1227 2021 ,
1262 1955 1314 2009 in
1337 1971 1438 2024 qna
1464 1954 1667 2023 synodo
1689 1954 1777 2007 is—

208 2060 382 2105 torum
412 2052 641 2104 virorum
674 2047 924 2101 Ecclesia:
947 2049 1108 2100 tutius
1146 2046 1289 2101 orbis
1319 2046 1513 2099 lumina
1542 2044 1775 2099 fuerunt.

208 2142 375 2197 Vetus
424 2141 579 2209 igitur
621 2142 809 2208 dogma
856 2136 994 2207 quod
1042 2137 1243 2207 fugerat
1293 2155 1305 2189 :
1363 2138 1405 2190 si
1471 2151 1574 2189 non
1646 2136 1776 2197 fuit,

210 2230 510 2285 coovictum
532 2236 633 2292 est,
656 2235 710 2282 et
730 2240 867 2280 nunc
894 2227 1091 2295 capit:
1121 2227 1162 2279 si
1196 2225 1311 2290 fuit,
1333 2233 1423 2278 aut
1442 2225 1783 2279 contentione

212 2323 395 2384 siluit,
429 2328 517 2372 aut
547 2318 856 2386 cognitionis
888 2324 941 2369 et
976 2316 1211 2369 veritatis
1249 2317 1509 2370 sententia
1551 2314 1781 2384 fugatum

215 2419 335 2465 est:
364 2409 497 2462 forte
542 2417 664 2460 tunc
706 2416 759 2459 ιιι
807 2415 1028 2473 patrone
1071 2405 1330 2473 dogmatis
1380 2418 1482 2457 non
1522 2405 1692 2457 solum
1733 2404 1783 2456 in

216 2504 323 2552 vita
349 2541 360 2558 .
393 2496 484 2551 sed
516 2497 791 2563 episcopus
823 2494 964 2547 fuisti
1006 2509 1021 2545 :
1056 2494 1265 2546 tacuisti
1295 2500 1348 2545 rt
1378 2500 1429 2545 tu
1450 2532 1465 2557 ,
1497 2501 1550 2545 et
1579 2492 1708 2545 socii
1737 2500 1791 2543 et

218 2587 503 2654 discipuli,
536 2592 592 2639 et
633 2584 980 2638 conductores
1003 2624 1015 2647 ,
1049 2591 1103 2636 et
1140 2591 1249 2636 toto
1290 2590 1526 2652 tempore
1568 2590 1747 2650 postea
1773 2621 1786 2643 ,

223 2692 497 2745 nsquequo
544 2674 828 2744 imperator
886 2674 1067 2726 Romae,
1115 2674 1247 2740 fuit,
1312 2688 1541 2741 praesens
1599 2672 1790 2725 audisti

225 2767 392 2817 multa
422 2764 704 2825 contraria,
735 2763 952 2816 conviva
983 2762 1216 2816 existens
1268 2764 1488 2816 istorum
1520 2762 1791 2815 hominum

226 2871 362 2923 quos
407 2868 544 2907 nunc
584 2852 995 2905 anathematizas
1028 2869 1039 2902 :
1069 2853 1231 2904 iratus
1279 2854 1359 2904 vel
1406 2853 1544 2921 quod
1593 2854 1709 2906 sine
1745 2860 1795 2905 te

230 2944 389 2996 fidem
421 2944 763 3008 scripserunt.
796 2941 874 2994 An
897 2949 1113 2994 coactus
1134 2957 1160 2993 a
1194 2943 1456 3010 magistris
1489 2942 1689 3010 legatus
1713 2958 1798 2995 vc—

234 3036 355 3088 nisti
397 3035 449 3086 in
494 3032 849 3087 defensionem
894 3030 1240 3099 proditionis?
1272 3032 1375 3085 Sed
1421 3032 1542 3100 quid
1583 3031 1795 3095 differt,

1880 1878 1925 1918 et
1956 1877 2168 1935 patrem,
2196 1867 2437 1938 ὁμοούσια
2475 1865 2637 1921 enim.
2668 1862 2851 1935 (llud,
2875 1862 2952 1933 9).
2981 1862 3114 1928 Quid
3138 1876 3262 1931 ergo
3304 1859 3453 1921 dicit,

1879 1957 2062 2011 dicens
2094 1974 2106 2009 :
2137 1957 2426 2025 prmexistit
2465 1953 2789 2021 substantial,
2839 1951 3101 2024 ὁμοούσιον
3150 1950 3271 2005 est?
3321 1948 3456 2015 Quid

1882 2061 2008 2116 vcrp
2035 2045 2081 2099 si
2102 2046 2371 2117 ὁμοοῦσιον
2408 2055 2508 2109 est,
2543 2061 2646 2099 non
2680 2057 2897 2098 necesse
2926 2050 3008 2095 est
3053 2040 3129 2095 sie
3165 2040 3459 2110 intelligere

1883 2136 2021 2204 quod
2074 2136 2377 2204 praaexistat
2404 2135 2718 2197 substantia,
2751 2150 2778 2186 a
2825 2149 2928 2202 quo
2956 2134 3060 2185 duo
3090 2132 3187 2185 ista
3217 2134 3460 2186 substan-

1889 2223 1959 2277 tia
1991 2224 2183 2278 similia
2216 2226 2348 2279 facta
2391 2226 2539 2278 sint?
2565 2234 2620 2279 et
2658 2225 2948 2279 secundum
2985 2231 3124 2276 tuam
3169 2222 3422 2276 rationem
3446 2262 3459 2285 ,

1888 2324 1940 2367 et
1968 2324 2018 2368 tu
2051 2316 2101 2368 in
2132 2316 2353 2384 idipsum
2395 2314 2620 2369 incurris
2643 2358 2655 2379 ,
2690 2315 2827 2384 quod
2878 2315 3068 2367 metuis
3089 2312 3141 2365 in
3177 2313 3459 2384 ὁμοούσιον.

1893 2408 1970 2458 An
2005 2406 2099 2459 tibi
2139 2407 2237 2460 soli
2283 2407 2405 2461 licet
2452 2406 2743 2477 intelligere
2788 2404 3086 2477 ὁμοούσιον,
3118 2412 3266 2472 patre
3306 2403 3467 2455 dante

1892 2496 2241 2547 substantiam
2274 2495 2415 2559 ﬁlio;
2450 2495 2601 2548 nobis
2631 2502 2807 2548 autem
2858 2509 2962 2547 non
3004 2502 3085 2546 est
3124 2492 3221 2544 ista
3250 2490 3469 2559 eXCOgi-

1893 2583 2022 2636 talio
2059 2584 2322 2656 ὀμοούσισν
2368 2601 2525 2650 esse,
2572 2594 2717 2653 patre
2750 2600 2909 2639 causa
2953 2584 3211 2639 existente
3255 2584 3318 2635 ad
3370 2583 3469 2637 hoc

1897 2686 1953 2729 ut
1996 2676 2063 2728 sit
2094 2676 2235 2731 ﬁlius
2260 2717 2274 2740 ,
2315 2677 2661 2731 SIlbsL’tnlialll
2714 2678 2874 2731 Deum
2920 2692 3036 2730 esse
3062 2718 3075 2737 ,
3108 2686 3162 2729 ct
3200 2685 3254 2729 tu
3290 2674 3471 2728 fateris

1895 2767 2158 2837 ὁμοούσιον
2193 2786 2203 2819 :
2235 2784 2353 2822 esse
2384 2769 2522 2823 enim
2544 2769 2681 2823 dicis
2702 2778 2757 2823 et
2783 2778 2986 2836 patrem
3013 2778 3066 2822 et
3095 2767 3283 2821 ﬁlium.
3316 2766 3468 2833 Quis,

1897 2856 1982 2909 cui
2014 2857 2203 2911 similis
2227 2858 2248 2909 ?
2277 2859 2567 2913 secundum
2593 2858 2939 2929 dignitatem,
2966 2868 3020 2913 et
3044 2858 3349 2927 dignitatem
3381 2872 3474 2911 no-

1902 2945 2099 2999 minnm
2133 2948 2271 3001 ﬁlius
2314 2948 2488 3017 patri?
2508 2950 2599 3003 sed
2627 2961 2800 3003 tamen
2825 2959 2876 3003 et
2902 2960 3047 3018 pater
3071 2950 3209 3003 ﬁlio:
3234 2950 3312 3004 sic
3332 2949 3473 3003 enim

1901 3046 2023 3087 sunt
2052 3035 2227 3089 omnia
2254 3037 2319 3090 ad
2351 3037 2550 3107 aliquid
2572 3080 2585 3103 ,
2612 3039 2656 3092 si
2685 3039 2824 3093 istud
2860 3047 2942 3093 est
2969 3039 3290 3105 similitudo,
3319 3049 3372 3093 et
3399 3039 3478 3093 di-

235 3127 347 3179 sive
376 3125 587 3192 triginta
607 3167 620 3187 ,
646 3124 755 3176 sive
779 3123 1102 3191 septuaginta
1130 3164 1141 3184 ,
1176 3123 1287 3175 sive
1312 3123 1535 3185 amplius
1561 3165 1572 3185 ,
1604 3134 1655 3176 et
1689 3125 1796 3176 sive

1903 3126 2069 3181 cintus
2097 3129 2393 3200 ὁμοούσιον,
2427 3132 2655 3187 similem
2685 3149 2803 3187 esse
2842 3135 3067 3188 dicimus
3092 3135 3257 3188 filium
3300 3134 3475 3203 patri;

237 3218 435 3284 saepius
479 3213 661 3267 eadem
704 3214 833 3267 tides
876 3214 926 3265 in
971 3212 1381 3268 destructionem
1412 3214 1631 3266 aliarqu
1671 3215 1805 3291 αἰρέ-

242 3327 371 3361 σεων
394 3304 577 3359 effecta
602 3304 722 3357 est?
749 3319 845 3357 una
877 3319 996 3357 eum
1028 3304 1115 3369 sit,
1144 3312 1198 3357 et
1224 3305 1290 3358 ab
1320 3320 1423 3359 uno
1452 3306 1727 3373 incipiens,
1754 3315 1808 3359 ct

241 3405 458 3467 operata
495 3410 658 3465 usque
696 3409 853 3448 nunc.
888 3394 966 3447 Tu
998 3402 1172 3447 autem
1211 3396 1397 3449 scribis
1427 3396 1523 3448 ista
1552 3404 1605 3449 et
1633 3395 1802 3449 dicis:

242 3502 361 3556 qua:
386 3485 760 3540 Samosatenus
791 3484 1009 3547 Paulus,
1040 3493 1094 3537 ct
1121 3484 1424 3548 Marcellus,
1455 3494 1508 3539 et
1531 3487 1805 3550 Photinus,

244 3584 299 3630 et
326 3589 467 3629 nunc
494 3574 684 3627 Valens
709 3582 763 3626 et
791 3572 1057 3636 Ursacius,
1076 3581 1129 3626 et
1153 3573 1239 3626 alii
1267 3572 1420 3626 istius
1450 3573 1591 3626 modi
1621 3573 1671 3625 in
1704 3575 1809 3627 ha:-

246 3666 353 3721 resi
372 3663 599 3734 religiosi
622 3663 821 3717 inventi
839 3662 1092 3716 destructi
1112 3673 1251 3716 sunt.
1272 3663 1530 3733 Numquid
1556 3662 1812 3734 ὁμοούσιον

248 3757 524 3812 dicentes?
551 3756 681 3809 Non.
714 3754 991 3821 Quomodo
1018 3762 1190 3807 autem
1217 3754 1684 3823 blaSphemantes?
1719 3754 1811 3808 Sa-

252 3855 555 3901 mosatenus
578 3844 733 3898 sicuti
753 3843 909 3898 Arius
935 3861 946 3896 :
979 3858 1043 3897 ex
1071 3842 1255 3906 nihilo,
1288 3851 1341 3897 et
1368 3843 1507 3911 quod
1538 3842 1814 3912 fuitquan-

252 3939 321 3991 do
348 3952 451 3991 non
486 3938 607 3995 fuit,
636 3935 772 4003 quod
812 3935 1008 3988 factura
1040 3933 1176 3987 ﬁlius
1195 3974 1211 3999 ,
1239 3943 1291 3987 ct
1316 3935 1532 3988 omnino
1556 3935 1817 3989 omnimo-

254 4028 335 4081 dis
381 4025 655 4079 dissimilis
706 4024 861 4091 patri.
904 4023 1039 4089 Quid
1094 4024 1371 4078 Marcellus
1420 4034 1472 4079 et
1523 4024 1817 4079 Photinus?

254 4119 483 4172 Tantum
514 4114 776 4169 hominem
802 4130 866 4169 ex
891 4115 1103 4167 homine
1125 4116 1327 4179 Jesnm,
1355 4123 1408 4169 et
1425 4131 1542 4170 esse
1571 4116 1815 4171 Triadem

247 4217 405 4265 extra
435 4207 633 4262 Jesum.
683 4206 750 4259 Et
789 4221 928 4259 nunc
962 4204 1149 4259 Valens
1188 4214 1240 4260 et
1286 4205 1532 4261 Ursacius
1583 4207 1818 4276 reliquire

258 4300 392 4355 Arii.
428 4298 643 4367 Propria
680 4313 805 4367 ergo
846 4297 1167 4365 blnSphemia
1193 4338 1208 4363 ,
1242 4307 1456 4367 propter
1474 4314 1631 4368 quam
1665 4299 1819 4367 ejecti

259 4398 401 4443 sunt.
430 4388 560 4441 Tum
588 4396 760 4441 autem
794 4384 988 4440 idcirco
1017 4386 1189 4441 vicisti
1238 4403 1348 4452 eos,
1373 4388 1509 4457 quod
1555 4388 1821 4459 ὁμοούσιον

1906 3228 1959 3271 et
2009 3220 2273 3286 quomodo
2318 3222 2636 3290 accipiemus
2676 3224 2824 3277 Isaia:
2852 3224 3051 3279 dictum
3086 3242 3097 3276 :
3132 3225 3259 3279 dicit
3286 3225 3428 3280 enim
3463 3244 3477 3280 :

1906 3308 2036 3360 Ante
2054 3326 2130 3362 me
2154 3327 2253 3362 non
2280 3312 2378 3379 fuit
2406 3312 2538 3364 alius
2567 3311 2729 3377 Deus,
2747 3324 2791 3366 et
2818 3323 2931 3382 post
2954 3331 3030 3367 me
3055 3332 3155 3368 non
3180 3317 3271 3369 erit
3299 3314 3480 3369 similis

1909 3395 2041 3465 (lsa.
2075 3414 2230 3463 um,
2261 3398 2369 3468 10).

1980 3486 2145 3539 XXX.
2179 3488 2315 3553 Quid
2342 3505 2469 3558 ergo
2488 3491 2662 3564 λόγοςῖ
2691 3502 2812 3547 ante
2845 3495 3031 3561 Demn,
3061 3510 3126 3549 an
3151 3507 3269 3565 post
3293 3496 3481 3562 Deum,

1910 3592 1975 3629 an
2004 3592 2121 3631 eum
2159 3579 2302 3633 Deo?
2334 3582 2375 3633 si
2408 3592 2529 3635 ante
2560 3584 2718 3635 Deum
2742 3626 2754 3647 ,
2792 3600 2894 3638 non
2928 3588 3189 3654 ingenitus
3220 3588 3357 3640 Deus
3390 3602 3486 3642 nec

1914 3679 2060 3736 pater
2094 3670 2259 3734 Deus,
2308 3688 2405 3726 nec
2438 3674 2746 3742 principium
2791 3679 3166 3745 principiorum
3194 3696 3205 3730 :
3238 3681 3282 3732 si
3308 3689 3486 3733 autem

1916 3770 2030 3827 post
2073 3761 2233 3815 Deum
2280 3765 2368 3816 οὐκ
2412 3762 2611 3834 ὅμοιος,
2645 3769 2738 3821 sed
2781 3770 2968 3823 similis
3004 3771 3139 3824 alius
3186 3771 3340 3825 Deus.
3384 3771 3489 3826 Sed

1915 3853 1957 3902 si
1997 3851 2132 3904 istud
2179 3852 2326 3907 nefas
2365 3855 2525 3915 dicis.
2560 3871 2663 3910 non
2704 3860 2873 3911 solum
2913 3862 3172 3927 potenria,
3204 3861 3486 3931 dignitate,

1916 3940 2110 3995 deitate
2130 3982 2143 4003 ,
2186 3941 2280 3995 sed
2312 3952 2365 3995 et
2393 3945 2685 4000 substantia
2721 3948 2901 4016 :fqnid
2932 3959 3014 4003 est
3042 3966 3160 4005 esse
3200 3953 3491 4008 substantia

1916 4029 2129 4084 simile?
2157 4030 2234 4085 Ex
2264 4033 2377 4101 ipsa
2408 4034 2508 4087 ista
2543 4036 2836 4091 substantia
2858 4080 2872 4103 ,
2905 4042 3192 4094 secundum
3221 4043 3361 4111 quod
3394 4044 3492 4097 ista

1918 4119 2027 4187 ipsa
2058 4120 2347 4175 substantia
2375 4133 2476 4188 est,
2497 4124 2636 4179 idem
2666 4136 2766 4193 est,
2794 4144 2897 4183 non
2924 4131 3099 4185 simile
3124 4151 3135 4184 :
3165 4134 3339 4187 simile
3355 4135 3493 4188 enim

1917 4210 2167 4277 qualitate
2186 4211 2433 4280 efﬁcitur,
2453 4230 2570 4283 qua:
2589 4218 2879 4272 similitudo
2897 4222 3095 4287 colore,
3114 4222 3316 4289 habitu,
3334 4225 3499 4281 affec-

1921 4300 2081 4359 tione.
2110 4302 2321 4365 virtute,
2349 4303 2516 4359 forma
2539 4307 2831 4362 similitudo
2857 4319 2957 4363 est.
2987 4311 3143 4367 Jesus
3171 4323 3367 4379 autem,
3400 4316 3500 4371 hoe

1918 4402 2001 4443 est
2021 4432 2033 4451 ,
2065 4391 2233 4464 λόγος,
2277 4392 2452 4463 imago
2478 4404 2560 4449 est
2591 4397 2679 4451 Dei
2724 4414 2828 4453 non
2860 4401 3165 4457 similitudo.
3197 4405 3373 4475 Imago
3404 4407 3498 4463 Dei

260 4480 412 4545 dicis,
440 4493 541 4532 n0n
566 4478 705 4531 enim
737 4477 980 4530 dixerunt
1014 4477 1280 4549 ὁμοούσιον
1305 4518 1318 4539 ,
1348 4486 1400 4531 et
1426 4478 1502 4531 sic
1530 4478 1651 4531 victi
1686 4487 1825 4532 sunt.
1855 4471 1908 4532 D
1932 4478 2140 4542 dicitur,
2176 4496 2283 4535 non
2322 4484 2461 4537 enim
2498 4484 2638 4539 Deus
2668 4487 2868 4559 imago,
2900 4491 2991 4545 sed
3021 4493 3157 4546 Deus
3189 4471 3415 4563 imagine
3450 4506 3504 4552 et

332 4569 526 4626 XXIX.
570 4568 851 4622 Videamus
877 4582 1002 4636 ergo
1029 4567 1185 4620 etiam
1215 4575 1269 4620 et
1296 4567 1394 4620 hoc
1426 4567 1565 4635 quod
1594 4567 1746 4631 dicis,
1781 4577 1835 4622 et

262 4660 528 4731 quomodo
543 4658 696 4712 dicis:
724 4656 799 4711 sic
814 4657 1024 4725 sapiunt
1039 4664 1090 4710 et
1106 4656 1238 4720 Afri,
1254 4656 1611 4712 etOrientales
1628 4674 1832 4723 omnes;

263 4767 431 4821 quare
451 4750 608 4818 igitur
620 4748 807 4803 scribis
820 4748 882 4802 ad
903 4748 1107 4812 illos,ut
1127 4746 1338 4815 ejiciant
1352 4764 1377 4800 a
1400 4758 1580 4802 saneta
1602 4749 1837 4804 Ecclesia

266 4839 572 4913 ὁμοούσιοντ
614 4838 802 4892 Dicunt
824 4852 947 4906 ergo
977 4836 1115 4891 istud
1145 4854 1159 4892 :
1193 4836 1305 4892 Non
1348 4840 1579 4907 Oportnit
1623 4841 1687 4894 ad
1745 4856 1838 4895 eos

268 4930 457 4986 scribi:
478 4928 525 4982 si
553 4926 783 4996 oportuit
809 4926 1002 4991 scribi,
1033 4928 1265 4995 oportuit
1285 4936 1337 4981 et
1367 4930 1679 4997 persuadere
1710 4930 1835 4996 illis,

271 5038 376 5075 non
394 5018 836 5086 solumjussione,
863 5017 954 5071 sed
982 5017 1273 5071 rationibus
1291 5027 1345 5072 et
1361 5018 1524 5073 sacris
1538 5019 1832 5089 scripturis:

270 5112 468 5166 debeas
495 5109 634 5163 enim
667 5124 771 5161 non
807 5108 975 5162 solum
1011 5106 1271 5178 ὁμοούσιον
1307 5108 1582 5163 destruere
1607 5150 1621 5176 ,
1653 5110 1747 5164 sed
1784 5118 1838 5164 et

272 5201 535 5275 ὀμοσύσιον
562 5192 851 5253 adstruere.
873 5197 1021 5253 Nunc
1041 5207 1216 5253 autem
1236 5214 1392 5267 supra
1417 5199 1551 5254 infra
1578 5200 1628 5254 in
1656 5200 1839 5273 ὀμ.οοῦ-

276 5316 388 5350 σιου
413 5291 809 5362 ρετνθτνὶιηιθιιι
838 5288 967 5342 nihil
995 5287 1133 5342 aliud
1156 5288 1289 5342 dicis
1307 5329 1323 5355 ,
1352 5305 1507 5359 quam
1535 5292 1675 5361 quod
1698 5292 1836 5348 istud

276 5386 515 5441 dicentes
561 5395 775 5435 necesse
812 5379 882 5433 sit
912 5378 1157 5434 conﬁteri
1202 5379 1547 5434 substantiam
1591 5383 1839 5451 praeexis-

280 5483 421 5540 tere,
451 5481 507 5529 et
532 5472 612 5526 sic
638 5469 909 5540 explosum
936 5476 1139 5538 patrem
1168 5476 1223 5524 et.
1246 5468 1411 5524 ﬁlium
1440 5485 1578 5525 esse.
1606 5471 1837 5529 Primum

1933 4570 2226 4623 substantia
2274 4572 2443 4637 Deus,
2485 4589 2588 4629 non
2620 4588 2676 4629 ut
2708 4577 2844 4643 duo,
2877 4595 2979 4632 una
3008 4579 3147 4635 enim
3179 4583 3501 4653 substantia,

1936 4671 1986 4713 ct
2010 4677 2112 4714 una
2140 4662 2331 4732 imago,
2361 4665 2500 4720 unde
2526 4682 2663 4721 unus
2691 4669 2848 4735 Deus,
2878 4681 2930 4725 et
2956 4688 3089 4726 unus
3110 4675 3269 4746 λόγος,
3292 4686 3346 4730 et
3366 4692 3505 4731 unus

1936 4761 2107 4821 pater,
2139 4768 2273 4806 unus
2302 4754 2461 4820 filius,
2493 4765 2547 4810 et
2576 4758 2675 4812 ista
2709 4776 2867 4813 unum
2894 4778 2907 4814 :
2942 4778 3100 4816 unum
3127 4766 3264 4819 enim
3288 4775 3342 4820 et
3366 4768 3506 4821 istud

1940 4856 2133 4907 unum,
2163 4859 2265 4896 non
2293 4843 2435 4898 duo:
2475 4857 2528 4900 et
2565 4847 2684 4902 ideo
2713 4851 2903 4916 simul,
2936 4863 2990 4905 et
3013 4853 3303 4910 substantia
3334 4856 3507 4927 ipsum

1940 4932 2077 4998 quod
2117 4942 2198 4985 est
2236 4935 2459 4989 alterum
2501 4953 2696 5003 unum,
2736 4949 2790 4993 et
2828 4941 2947 4995 ideo
2977 4943 3113 4997 istud
3146 4960 3250 4999 non
3279 4948 3505 5003 alterum

1942 5036 2134 5087 unum,
2169 5026 2260 5079 sed
2292 5029 2456 5095 magis
2484 5037 2536 5081 et
2566 5030 2738 5083 solum
2769 5047 2948 5085 unum.
2994 5034 3097 5088 Sed
3126 5036 3244 5090 ista.
3288 5039 3353 5092 Et
3393 5055 3510 5093 rur-

1941 5125 2058 5176 sus,
2092 5114 2212 5182 quid
2252 5114 2478 5171 dicimus
2514 5133 2633 5173 esse
2672 5120 3039 5189 substantiam,
3067 5126 3219 5181 sicuti
3244 5129 3511 5198 sapientes

1940 5213 1994 5256 et
2018 5203 2217 5272 antiqui
2245 5204 2602 5261 deﬁnierunt?
2626 5209 2766 5278 quod
2792 5213 3110 5282 subjectum,
3136 5218 3277 5286 quod
3303 5228 3385 5272 est
3411 5220 3511 5273 ali-

1940 5292 2085 5361 quid,
2112 5294 2251 5361 quod
2285 5305 2368 5349 est
2398 5297 2449 5350 in
2474 5297 2578 5350 alio
2608 5315 2712 5353 non
2750 5315 2897 5367 esse;
2931 5313 2984 5358 et
3012 5304 3138 5360 dant
3158 5306 3506 5365 differentiam

1939 5383 2231 5437 existentiw
2268 5394 2320 5439 et
2354 5386 2692 5454 substantiae,
2724 5399 2779 5445 et
2821 5393 3157 5449 existentiam
3198 5399 3409 5468 quidem
3458 5410 3513 5456 et

1940 5475 2422 5531 existentialitatcm
2466 5479 2891 5546 praesistentem
2939 5484 3331 5543 subsistentiam
3393 5490 3511 5547 sine

1604 5565 1961 5630 VARIORUM
1989 5570 2219 5627 NOTE.

354 5660 666 5716 Constet-ut.
697 5654 856 5711 Forte
874 5655 1166 5725 conﬁctam,
1192 5664 1285 5712 aut
1310 5672 1444 5711 nunc
1472 5656 1682 5727 factum.
