3950 6206
462 267 599 325 1065

1623 259 1811 317 MAR“
1854 259 2190 317 VICTORINI
2231 261 2391 318 AFitl

3570 266 3707 323 1061

456 378 834 443 accidentibus,
880 375 1025 445 puris
1068 384 1123 431 et
1170 374 1296 429 solis
1344 372 1471 442 ipsis
1519 388 1636 443 qua:
1680 382 1802 427 sunt
1847 375 1896 425 in
1935 388 2021 437 eo,
2050 374 2095 432 Α
2126 374 2334 440 lumen,
2372 383 2424 429 et
2459 374 2694 441 spiritus,
2730 374 2871 445 quod
2906 381 2988 431 est
3021 374 3250 447 simplex
3288 386 3336 432 et
3385 378 3707 445 incomposi-

454 473 594 541 quod
619 482 699 525 est
724 471 888 524 solam
920 483 1037 523 esse
1066 466 1205 532 quod
1234 467 1519 529 subsistat;
1553 465 1901 519 substantiam
1934 480 2027 516 au-

456 571 562 617 tem
599 561 896 631 subjectum
934 575 1055 615 cum
1098 559 1161 613 iis
1200 558 1448 614 omnibus
1474 573 1591 626 qum
1626 568 1747 611 sunt
1777 556 2026 611 acciden-

455 653 543 718 tial
590 654 640 707 in
688 656 801 722 ipsa
844 650 1212 722 separsliiliter
1249 650 1566 713 existenlia,
1598 650 1649 704 in
1707 664 1803 703 usu
1848 662 2025 704 autem

454 744 763 812 accipientia
800 752 853 799 et
907 744 1268 809 exitsentiam,
1300 750 1356 797 et
1384 743 1756 807 substantiam,
1790 741 2027 795 ubicum-

452 848 557 901 que
603 834 788 888 eodem
842 832 997 889 modo
1035 847 1157 889 esse
1204 832 1400 901 aliquid
1441 833 1798 902 signiﬁcantes
1833 834 2030 885 utimur

452 924 569 981 istis
596 926 920 982 nominibus.
956 926 1035 980 Sit
1062 924 1219 994 igitur
1244 926 1343 987 sic,
1374 924 1488 979 sive
1517 926 1566 978 in
1593 923 1809 978 aeternis
1835 926 1947 977 sive
1974 924 2027 976 in

453 1019 773 1072 mundanis:
822 1018 946 1073 licet
987 1018 1129 1071 enim
1177 1016 1280 1070 dici
1330 1016 1443 1070 sive
1487 1015 1864 1078 existentiam,
1920 1016 2029 1067 sive

454 1110 798 1164 substantiam
821 1150 835 1176 ,
866 1108 978 1163 sive
1006 1107 1145 1178 quod
1187 1116 1269 1162 est
1307 1121 1426 1161 esse
1466 1120 1590 1160 vere
1629 1104 1978 1158 substantiam
2014 1121 2027 1155 :

458 1200 529 1255 ibi
570 1202 733 1256 motio
776 1209 891 1267 est,
931 1209 984 1254 et
1022 1216 1127 1254 non
1172 1198 1489 1268 simpliciter
1528 1195 1824 1261 motio,sed
1861 1196 2030 1263 prima

455 1294 646 1357 motio,
679 1308 795 1361 qua:
838 1307 1005 1359 genus
1042 1294 1109 1345 sit
1144 1299 1197 1345 et
1224 1292 1334 1359 ipsa
1372 1298 1571 1353 status,
1602 1300 1654 1343 et
1687 1287 1884 1340 ideirco
1920 1286 2033 1353 ipsa

460 1381 771 1437 substantia.
807 1382 909 1438 Sed
942 1384 1037 1436 ista
1065 1393 1118 1437 et
1155 1381 1427 1450 longioris,
1456 1389 1510 1434 et
1530 1379 1747 1433 alterius
1776 1375 2028 1445 quaestio-

455 1474 557 1527 nis.
586 1473 737 1529 Nune
762 1484 936 1528 autem
967 1474 1193 1528 fatemur
1209 1475 1346 1543 quod
1380 1474 1448 1527 sit
1474 1471 1545 1527 ibi
1574 1471 1885 1534 substantia,
1916 1482 2034 1537 quae

456 1564 615 1620 habet
656 1566 940 1621 secundum
972 1565 1237 1635 proprium
1268 1564 1618 1633 signiﬁcatum
1662 1563 1762 1616 hoc
1794 1579 1806 1612 :
1840 1558 2035 1629 aliquid

457 1653 510 1711 ὃν
539 1670 689 1722 esse;
729 1657 981 1711 adversus
1018 1666 1194 1710 autem
1226 1670 1319 1710 eos
1355 1656 1443 1724 qui
1481 1654 1660 1707 dicunt
1692 1667 1880 1706 nomen
1910 1650 2036 1705 sub-

2130 476 2236 519 tutn
2261 508 2274 529 ,
2307 483 2425 538 quze
2456 467 2523 519 tbi
2556 477 2611 521 et
2647 468 2783 521 idem
2816 468 2993 522 lumen
3029 478 3082 523 et
3118 470 3336 536 spiritus
3367 486 3380 521 :
3415 480 3500 523 est
3530 480 3704 522 autem

2127 562 2316 615 lumini
2346 573 2398 615 et
2424 563 2630 630 spiritui
2662 563 2834 632 imago
2855 602 2869 627 ,
2900 578 3003 616 non
3042 576 3072 615 a
3106 560 3425 617 necessitate
3469 573 3703 624 naturai,

2127 654 2221 707 sed
2262 654 2533 707 voluntate
2579 654 2953 723 magnitudinis
2983 654 3144 723 patris
3175 672 3187 705 :
3220 655 3332 723 ipse
3359 654 3507 708 enim
3542 669 3599 707 se
3631 657 3706 722 ip-

2127 759 2243 798 sum
2284 746 2809 801 circumterminavit.
2850 748 2915 801 Et
2962 747 3160 802 ideirco
3189 748 3407 811 dicitur,
3444 757 3500 801 tu
3546 758 3596 801 te
3633 749 3707 817 ip-

2127 849 2243 888 sum
2276 835 2548 904 intelligis,
2580 836 2671 890 sed
2700 846 2754 891 et
2782 836 2890 891 ﬁlio
2919 836 3279 905 intelligibilis,
3321 838 3462 891 ﬁlius
3500 853 3628 907 ergo
3659 839 3705 891 iu

2133 935 2277 992 patre
2311 926 2503 995 imago,
2531 938 2584 980 et
2614 926 2780 980 forma
2803 969 2816 993 ,
2860 938 2912 981 et
2942 928 3084 1000 λόγος
3106 968 3119 991 ,
3149 940 3199 982 et
3230 928 3477 982 voluntas
3522 930 3705 995 patris,

2124 1016 2272 1084 juxta
2302 1017 2442 1085 quod
2473 1018 2717 1072 voluntas
2744 1019 2906 1085 patris
2930 1059 2944 1081 ,
2986 1021 3134 1072 alteri
3168 1019 3316 1088 juxta
3348 1020 3491 1089 quod
3527 1023 3709 1073 volun-

2133 1118 2211 1159 tas
2244 1107 2408 1175 patris
2444 1106 2599 1161 filius.
2633 1107 2816 1161 Omnis
2844 1109 2983 1162 enim
3014 1109 3259 1163 voluntas
3285 1112 3576 1179 progenies
3607 1120 3705 1177 est,

2127 1197 2276 1263 juxta
2314 1198 2456 1265 quod
2500 1199 2811 1252 universalis
2858 1201 3137 1263 voluntas,
3175 1202 3497 1269 unigenitus,
3543 1203 3711 1257 semei

2132 1289 2272 1341 enim
2326 1292 2488 1343 totius
2539 1290 2879 1359 plenitudinis
2926 1292 3067 1363 λόγος
3118 1292 3341 1360 prosiliit
3395 1308 3427 1347 e
3476 1292 3711 1361 potentia

2137 1379 2227 1433 Dei
2262 1396 2274 1431 :
2309 1380 2406 1433 ista
2442 1381 2673 1447 potentia
2724 1382 2865 1455 λόγος
2902 1385 3140 1436 existens
3176 1385 3357 1453 genuit
3395 1386 3571 1458 λόγω,
3613 1384 3710 1439 hoc

2133 1482 2247 1535 eet,
2283 1472 2334 1525 itt
2369 1472 2848 1527 manifestationem
2884 1484 2937 1528 et
2962 1474 3319 1542 Operationcm
3350 1477 3592 1529 adduxit.
3625 1476 3711 1530 Sic

2133 1560 2292 1629 igitur
2323 1563 2589 1616 voluntate
2622 1563 2816 1631 patris,
2851 1563 3094 1617 \‘olnntas
3131 1566 3375 1633 apparuit
3413 1565 3535 1634 ipse
3570 1567 3710 1640 λόγος

2136 1652 2320 1706 ﬁlius:
2361 1664 2443 1709 est
2485 1656 2645 1724 igitur
2686 1656 2779 1710 Dei
2818 1658 3060 1711 voluntas
3107 1658 3250 1731 λὸγας
3292 1672 3411 1713 cum
3459 1660 3577 1727 ipso
3625 1660 3711 1727 qui

455 1747 661 1800 stantia:
690 1762 793 1801 non
827 1762 944 1800 esse
976 1746 1199 1815 positum
1248 1747 1300 1799 in
1350 1745 1550 1799 sanctis
1580 1741 1877 1810 scripturis.
1919 1741 2032 1794 Non
2064 1742 2112 1802 B
2138 1760 2348 1814 semper
2391 1757 2509 1811 est,
2552 1757 2606 1802 et
2642 1748 2705 1801 ad
2747 1750 2915 1817 ipsum
2963 1749 3072 1817 ipsa
3100 1753 3341 1804 voluntas
3370 1749 3554 1804 ﬁliatio
3589 1760 3708 1805 est:

456 1838 667 1908 quidem
698 1839 1006 1893 substantia:
1043 1838 1177 1893 forte
1207 1851 1309 1891 non
1334 1844 1442 1902 est,
1472 1834 1808 1889 denominata
1841 1848 1869 1885 a
1907 1834 2035 1886 sub-

456 1931 647 1985 atatttia
685 1939 837 1993 sunt,
866 1930 1003 1985 unde
1044 1931 1185 1984 enim
1219 1928 1502 1983 deductum
1530 1930 1789 1982 ἐπιούσιον
1826 1941 1979 1993 quam
2004 1941 2033 1979 a

457 2020 743 2075 substantia
772 2019 1003 2092 (Mattio,
1022 2036 1097 2085 vt,
1130 2020 1215 2089 Η)
1241 2039 1253 2072 ;
1288 2018 1365 2073 Da
1392 2035 1571 2089 panem
1593 2017 1735 2071 nobis
1752 2019 2031 2079 ἐπιούσιον,

456 2112 795 2165 hodiernum?
821 2111 1078 2178 Quoniam
1110 2110 1261 2166 Jesus
1285 2110 1387 2164 vita
1418 2119 1519 2174 est,
1560 2119 1611 2162 ct
1639 2123 1832 2178 corpus
1874 2106 2037 2175 ipsius

455 2205 562 2259 vita
592 2216 693 2271 est,
724 2220 913 2275 corpus
941 2213 1118 2258 autem
1151 2203 1330 2272 panis,
1371 2203 1523 2257 sicuti
1562 2202 1756 2257 dictum
1801 2213 1881 2256 est
1910 2221 1923 2256 :
1959 2205 2033 2257 Da

456 2298 611 2353 nobis
645 2313 835 2367 panem
872 2296 939 2350 de
982 2296 1140 2350 coelo.
1190 2293 1463 2363 Signiﬁcat
1501 2292 1757 2350 ὶπιούσιον
1795 2309 1859 2348 ex
1900 2294 2032 2363 ipsa,

454 2400 543 2444 aut
570 2391 622 2444 in
652 2390 764 2459 ipsa
794 2388 1087 2443 substantia
1109 2428 1124 2453 ,
1156 2385 1257 2440 hoc
1284 2396 1367 2441 est
1405 2386 1528 2440 vita:
1561 2400 1770 2454 panem.
1801 2386 1887 2440 Sic
1917 2402 2035 2440 rur-

455 2495 548 2538 sus
596 2492 650 2538 et
690 2483 882 2537 Paulus
932 2482 983 2535 in
1030 2479 1266 2545 Epistola
1313 2478 1377 2531 ad
1423 2478 1596 2532 Titum
1626 2476 1774 2550 (Tit.
1809 2492 1867 2542 tt,
1900 2476 2031 2549 ﬂ):

455 2566 716 2636 Populum
742 2573 1047 2646 περιούσιον,
1075 2569 1213 2623 circa
1245 2567 1621 2631 substantiam,
1651 2567 1751 2621 hoc
1779 2578 1863 2621 est
1892 2569 2035 2622 circa

451 2662 613 2717 vitam
643 2664 1019 2717 considentem
1053 2662 1335 2732 populum,
1376 2662 1529 2715 sicuti
1573 2669 1629 2716 et
1668 2662 1717 2715 in
1762 2662 2034 2716 oblatione

451 2753 644 2809 dicitur
678 2774 689 2806 :
724 2754 922 2808 Munda
953 2755 1042 2807 tibi
1079 2754 1323 2822 pupulum
1360 2753 1546 2806 circum
1584 2755 1782 2806 vitalem
1819 2755 2033 2806 tantula-

451 2855 609 2900 torem
634 2848 878 2900 bonorum
906 2862 1113 2916 cperunt
1138 2847 1273 2898 circa
1310 2853 1447 2897 tuam
1474 2845 1806 2897 substantiam
1832 2846 2033 2898 venien-

451 2938 795 2994 temﬂidetur
818 2939 942 2991 milii
969 2938 1107 2993 idem
1123 2937 1405 3006 signiﬁcari
1427 2937 1723 2991 inJeretnia
1752 2938 2027 3005 propheta,

449 3030 537 3082 ubi
565 3030 686 3081 dicit
716 3027 869 3097 (lem,
896 3044 1046 3090 xxut,
1078 3030 1165 3092 18,
1194 3043 1305 3082 sec.
1337 3030 1462 3094 ιιι)
1486 3042 1499 3078 :
1524 3028 1659 3094 Quia
1687 3028 1798 3091 quis
1825 3032 1957 3081 stetit
1979 3030 2031 3081 in

2140 1849 2292 1907 pater
2320 1853 2470 1908 ergo,
2499 1839 2650 1908 cujus
2681 1849 2762 1893 cst
2792 1839 3067 1903 voluntas,
3099 1839 3238 1894 ﬁlius
3266 1850 3444 1896 autem
3476 1845 3713 1897 voluntas

2138 1940 2240 1994 est,
2270 1939 2323 1982 et
2352 1930 2597 1983 voluntas
2624 1930 2738 1999 ipse
2764 1942 2843 1984 est
2869 1932 3009 2003 λόγος
3038 1946 3053 1979 :
3085 1933 3227 2004 λόγος
3254 1947 3382 2001 ergo
3413 1933 3574 1987 ﬁlius.
3603 1932 3711 1987 Non

2137 2019 2278 2073 enim
2325 2022 2467 2093 λόγος
2522 2023 2717 2075 locutio
2761 2023 3001 2092 quaedam
3056 2034 3155 2083 est.
3206 2024 3299 2077 sed
3359 2027 3596 2091 potentia
3649 2024 3713 2079 ad

2137 2114 2422 2166 creandum
2468 2113 2695 2183 aliquid,
2742 2115 3085 2168 confabulans
3134 2115 3196 2169 iis
3239 2116 3434 2182 quibus
3484 2116 3713 2170 futurum

2137 2213 2219 2258 est
2248 2220 2368 2260 esse
2400 2205 2687 2259 secundum
2725 2207 2965 2264 ὀντότητα
2998 2206 3240 2260 virtutem
3273 2208 3562 2276 unicuique
3592 2223 3713 2275 pro-

2140 2299 2305 2366 priam
2334 2299 2678 2353 substantiam
2698 2339 2711 2363 ,
2744 2308 2797 2353 et
2828 2300 2938 2367 ipse
2966 2299 3105 2373 λόγος
3134 2299 3333 2363 forma,
3366 2316 3486 2369 qua:
3523 2314 3715 2369 cogno-

2137 2394 2339 2445 seentia
2378 2404 2458 2446 est
2497 2392 2586 2447 Dei
2618 2409 2629 2444 :
2664 2407 2759 2461 per
2782 2393 2921 2467 λόγον
2951 2392 3091 2447 enim
3127 2395 3298 2447 solum
3340 2394 3714 2464 cognoscentis

2136 2481 2382 2537 efﬁcitur.
2404 2484 2623 2552 Propter
2644 2483 2782 2553 quod
2804 2484 3003 2537 dictum
3023 2494 3102 2537 est
3126 2485 3271 2556 λόγον
3292 2500 3410 2539 esse
3429 2486 3496 2537 ad
3531 2486 3711 2551 Deum,

2137 2583 2190 2627 et
2220 2584 2301 2628 est
2321 2575 2467 2646 λόγος
2493 2574 2745 2635 verbum,
2778 2576 2957 2628 lumen
2985 2591 3014 2626 a
3048 2575 3276 2641 lumine,
3308 2585 3400 2628 aut
3439 2576 3660 2643 spiritus
3685 2590 3715 2628 ι

2142 2663 2351 2730 spiritu,
2383 2672 2434 2716 et
2465 2664 2759 2717 substantia
2787 2678 2818 2716 a
2846 2664 3163 2726 substantia,
3196 2681 3300 2718 non
3334 2666 3502 2732 prima
3540 2677 3593 2719 et
3629 2682 3713 2721 se-

2134 2752 2305 2807 Cunda
2337 2753 2626 2809 secundum
2660 2764 2889 2821 tempus,
2918 2754 3009 2808 sed
3040 2756 3330 2809 secundum
3379 2757 3521 2825 quod
3558 2772 3709 2813 eausa

2136 2851 2219 2895 est
2244 2843 2360 2907 alii,
2416 2854 2469 2895 ut
2510 2843 2576 2895 sit
2617 2843 2844 2908 potentia
2890 2861 2902 2895 :
2949 2858 3159 2912 semper
3188 2846 3383 2909 simul,
3423 2862 3531 2901 non
3573 2850 3709 2903 enim

2132 2934 2366 2987 abscissa
2412 2944 2492 2988 cst
2534 2933 2836 3003 elfulgentia
2884 2934 3127 2997 luminis,
3160 2938 3252 2989 sed
3294 2953 3509 3006 semper
3546 2940 3598 2992 itt
3636 2940 3709 2993 lu-

2136 3024 2277 3078 mine
2318 3034 2426 3089 cst,
2476 3034 2527 3078 et
2578 3026 2687 3093 ipse
2728 3026 2905 3079 lntnen
2961 3028 3192 3080 existens
3236 3040 3491 3095 operatur
3542 3031 3709 3084 omnia

446 3119 725 3173 substantia
760 3119 983 3181 Domini,
1019 3128 1067 3172 et
1107 3118 1231 3171 vidit
1267 3119 1468 3171 verbum
1493 3121 1603 3189 ejus
1625 3119 1650 3171 ει
1681 3119 1791 3184 quis
1821 3118 2030 3186 prtzbut't
2056 3100 2102 3162 C
2133 3116 2274 3186 λόγος
2314 3116 2580 3179 existens,
2627 3132 2655 3168 τι
2717 3132 2775 3169 se
2804 3132 3055 3178 movens,
3097 3129 3149 3170 et
3179 3134 3296 3188 qua:
3335 3135 3549 3186 semper
3606 3135 3709 3175 mo-

446 3226 620 3263 aurem
653 3219 699 3263 et
738 3210 969 3262 audivit?
1002 3210 1064 3262 Et
1092 3218 1206 3273 post
1238 3209 1502 3261 modicum
1532 3207 1661 3261 dicit
1690 3206 1877 3277 (Ibid.,
1906 3207 2031 3279 2‘2):

446 3300 517 3354 Et
554 3302 597 3353 si
640 3302 889 3355 stetissent
925 3301 978 3353 in
1017 3299 1331 3364 substantia,
1366 3298 1459 3352 sed
1502 3299 1551 3351 in
1582 3298 1876 3353 substantia
1904 3299 2032 3353 sub-

445 3390 642 3444 stantia
670 3391 909 3445 scrilmnt
932 3429 946 3451 ,
982 3404 1084 3443 non
1118 3389 1489 3443 insnbstantia.
1523 3387 1627 3443 Sed
1658 3389 1701 3440 si
1732 3389 1850 3455 quis
1874 3388 2033 3441 intel-

444 3480 637 3535 lectum
664 3491 809 3534 certe
850 3479 1111 3548 intelligit,
1141 3478 1268 3531 nihil
1296 3477 1432 3531 aliud
1464 3478 1684 3540 invenit,
1717 3478 1814 3530 nisi
1841 3476 1980 3530 istud
2018 3494 2030 3530 :

448 3572 502 3628 Si
528 3574 644 3643 quis
668 3572 719 3625 in
740 3586 805 3626 eo
821 3571 960 3641 quod
994 3571 1085 3625 Dei
1111 3580 1193 3625 est
1221 3585 1338 3624 esse
1360 3571 1583 3633 steterit,
1606 3571 1705 3623 hoc
1726 3581 1807 3624 est
1830 3571 1877 3621 in
1905 3568 2033 3623 sub-

447 3666 661 3729 stantia,
684 3665 823 3735 quod
852 3664 902 3718 in
934 3665 1043 3733 ipsa
1073 3660 1333 3734 ὁμοούσιος
1362 3663 1519 3725 ﬁlius,
1549 3663 1723 3715 statim
1751 3663 1889 3733 λόγον
1917 3663 2035 3727 ejus

452 3756 629 3817 videt;
658 3757 915 3811 debemus
934 3756 1075 3809 enim
1106 3753 1243 3823 quod
1284 3753 1503 3806 ulterius
1531 3766 1633 3806 non
1682 3760 1781 3813 est,
1808 3750 2032 3804 interius

447 3848 642 3917 aliquid
674 3858 816 3902 stare
844 3850 1018 3902 facere
1041 3888 1054 3909 ,
1086 3848 1171 3903 τὸν
1214 3852 1325 3899 νοῦν
1353 3844 1724 3905 insnbstantia,
1753 3843 2032 3895 substantia

447 3939 564 4002 Dei,
588 3940 687 3993 hoc
708 3949 788 3993 est
820 3942 869 3991 in
901 3939 1217 4003 substantia,
1248 3944 1303 3989 et
1330 3934 1506 3989 statim
1535 3934 2031 4000 comprehendimus

446 4040 501 4085 et
544 4032 731 4099 Deum,
770 4040 825 4085 et
869 4031 1028 4103 λόγον,
1075 4027 1333 4102 amttam
1381 4028 1553 4093 enim,
1595 4037 1649 4081 et
1686 4026 1839 4079 simul
1878 4025 2033 4080 ambo

447 4135 634 4175 unum.

518 4211 711 4267 XXXI.
750 4211 854 4265 Sed
899 4210 1115 4264 videris.
1156 4209 1528 4279 Supponamus
1568 4206 1748 4262 dicere
1785 4207 2029 4261 substan-

451 4301 578 4357 tiam
619 4303 707 4356 Dei
740 4302 791 4355 id
816 4300 941 4356 illud
976 4298 1115 4369 quod
1155 4306 1234 4353 est
1257 4308 1464 4363 esse,et
1493 4305 1584 4354 τοῦ
1613 4305 1760 4356 ιησοῦ
1782 4299 1919 4365 quod
1949 4305 2031 4350 est

450 4406 569 4447 esse
591 4432 606 4453 .
634 4406 754 4446 esse
781 4392 966 4453 Deum,
995 4400 1047 4444 et
1079 4390 1270 4459 pictas,
1304 4398 1358 4443 et
1387 4390 1656 4443 confessio
1682 4406 1694 4443 :
1723 4404 1841 4456 qum
1872 4388 2029 4456 igitur

2135 3221 2297 3270 vens,
2342 3208 2547 3275 copiam
2604 3205 2803 3260 habens
2851 3223 2863 3258 :

2134 3311 2253 3351 esse
2262 3338 2274 3349 .

2204 3387 2417 3443 XXXII.
2451 3388 2579 3455 Qute
2632 3389 2789 3457 igitur
2834 3389 2922 3443 hic
2958 3389 3279 3457 similitudo,
3326 3408 3445 3461 qua:
3492 3395 3709 3450 consilio

2133 3490 2188 3533 ut
2215 3480 2479 3534 efﬁciatur
2510 3489 2564 3535 et
2597 3490 2902 3548 generetur,
2938 3491 2993 3535 ut
3021 3481 3153 3535 dicis
3173 3523 3188 3545 ,
3222 3483 3285 3535 ad
3315 3487 3706 3552 generationem

2133 3572 2342 3625 ﬁlii?A
2382 3588 2439 3629 se
2488 3589 2707 3627 movens
2749 3583 2918 3643 pater,
2949 3591 2978 3627 a
3027 3590 3084 3628 se
3133 3591 3191 3630 se
3225 3592 3490 3645 generatis
3546 3579 3705 3644 ﬁlius;

2132 3663 2224 3715 sed
2268 3664 2497 3729 potentia
2536 3666 2697 3731 patris
2736 3678 2792 3717 se
2828 3680 2886 3717 se
2924 3679 3185 3733 generatis
3224 3667 3361 3719 ﬁlius
3407 3686 3419 3718 :
3464 3669 3705 3722 voluntas

2134 3753 2274 3806 enim
2306 3753 2445 3805 lilius
2470 3792 2484 3813 ,
2518 3753 2655 3805 nmle
2684 3754 2824 3805 enim
2857 3754 2900 3806 si
2934 3755 3044 3823 ipsa
3078 3756 3323 3809 voluntas
3353 3772 3459 3811 non
3486 3768 3569 3813 est
3596 3776 3624 3812 a
3653 3774 3708 3814 se

2132 3858 2188 3896 sc
2216 3857 2476 3912 generatis
2497 3883 2510 3905 ,
2542 3858 2641 3896 nec
2668 3845 2908 3897 voluntas
2938 3855 3019 3899 est
3053 3863 3065 3898 ε
3099 3847 3189 3900 sed
3221 3850 3474 3915 quoniam
3510 3850 3602 3904 Dei
3631 3859 3707 3904 est

2133 3934 2402 3997 voluntas,
2439 3935 2681 4002 equidem
2715 3934 2823 4001 ipsa
2864 3950 2982 4003 qua:
3012 3936 3077 3989 sit
3105 3952 3389 4005 generatis.
3424 3953 3704 4009 generatur

2131 4025 2181 4076 in
2221 4024 2347 4076 Deo.
2398 4022 2465 4076 Et
2514 4024 2633 4077 ideo
2666 4025 2803 4078 Deus
2850 4036 3017 4093 pater,
3065 4029 3307 4083 voluntas
3340 4032 3510 4097 ﬁlius,
3548 4049 3698 4086 unum

2132 4123 2434 4181 utrumque,
2483 4116 2651 4185 magis
2694 4125 2869 4170 autem
2911 4127 2964 4170 et
3006 4134 3198 4184 unum,
3240 4132 3292 4173 et
3331 4125 3505 4176 solum
3547 4139 3697 4177 unum

2130 4219 2233 4257 non
2265 4204 2568 4257 counitioue
2592 4245 2605 4269 ,
2639 4206 2732 4259 sed
2760 4207 3098 4275 simplicitate
3129 4227 3144 4263 :
3176 4225 3455 4280 progressa
3493 4216 3697 4284 quidem

2130 4297 2397 4350 voluntate
2441 4297 2494 4350 in
2538 4298 2824 4365 potentiam
2876 4309 3183 4365 actuosam,
3237 4318 3340 4356 non
3387 4306 3699 4361 abscedente

2132 4394 2304 4438 tamen
2349 4402 2375 4437 a
2415 4388 2705 4440 substantia
2751 4390 2960 4456 propria
2991 4398 3045 4443 et
3074 4391 3261 4445 eadem
3299 4395 3577 4451 motione:
3610 4398 3698 4451 ista

2917 3206 3039 3259 illud
3080 3207 3245 3276 patris
3294 3213 3709 3278 omnipotentem

449 4484 744 4539 substantia
784 4482 913 4535 Dei?
963 4482 1018 4535 Si
1062 4481 1354 4537 substantia
1401 4479 1594 4534 dicitur
1632 4479 1685 4532 in
1725 4452 2023 4539 mundanis,
2050 4452 2105 4512 D
2129 4478 2267 4530 enim
2301 4477 2396 4529 tria
2426 4477 2496 4531 ibi
2528 4492 2687 4531 unum
2718 4452 2871 4541 sunt,
2914 4480 3241 4547 substantia,
3283 4484 3481 4546 motio,
3522 4486 3700 4540 volun-

451 4584 508 4630 ιιι
550 4574 775 4638 animal,
821 4582 877 4624 ιιι
917 4571 1109 4637 homo,
1159 4585 1375 4627 necesse
1401 4582 1481 4626 est
1509 4570 1688 4624 dicere
1730 4568 1781 4621 in
1814 4570 2027 4622 aeternis

450 4668 797 4724 substantiam
827 4678 947 4719 esse
976 4664 1162 4728 Deum,
1187 4662 1281 4716 sed
1313 4663 1459 4716 vides
1486 4662 1655 4730 ipsum
1688 4660 1851 4713 Deum
1874 4660 2021 4726 juxta

451 4759 578 4813 illttd
610 4772 746 4818 esse,
794 4756 930 4825 quod
973 4755 1220 4815 dicimus,
1266 4763 1357 4807 aut
1388 4754 1562 4807 lumen
1586 4795 1600 4817 ,
1633 4760 1723 4805 aut
1752 4752 2018 4818 Spiritum,

450 4861 539 4904 aut
563 4850 734 4915 ipsum
757 4862 895 4909 esse,
924 4855 1015 4900 aut
1042 4845 1326 4911 p0tentiam
1352 4846 1469 4913 ejus
1490 4843 1629 4911 quod
1651 4854 1733 4897 est
1762 4856 1899 4905 esse,
1933 4851 2023 4895 aut

450 4940 850 5009 intelligentiam
882 4936 1270 4996 universalem,
1314 4943 1403 4988 aut
1432 4934 1719 5001 potentiam
1753 4932 2023 4985 universa-

450 5030 515 5085 lis
562 5031 955 5098 intelligentiaa,
1007 5036 1096 5101 aut
1142 5025 1457 5081 universalis
1494 5025 1617 5078 vita:
1659 5029 1738 5077 vel
1780 5022 2019 5085 actionis,

428 5129 539 5196 ‘aut
583 5122 803 5174 aliorum
842 5117 1136 5174 istiusmodi
1174 5118 1226 5171 in
1269 5132 1372 5186 quo
1411 5115 1513 5177 sit,
1544 5115 1739 5169 fontem
1767 5127 1886 5167 esse
1912 5128 2026 5165 om-

452 5215 595 5268 nium
632 5228 817 5266 eorum
843 5227 959 5281 quae
990 5225 1115 5264 vere
1146 5219 1265 5264 sunt
1288 5250 1302 5273 ,
1334 5217 1424 5262 aut
1461 5220 1580 5277 quae.
1614 5213 1758 5259 sunt.
1800 5202 1904 5257 Sed
1944 5203 2022 5256 di-

451 5315 573 5359 cunt
598 5304 875 5370 scripturae
903 5303 1079 5354 lumen
1104 5313 1221 5354 esse
1250 5297 1698 5365 l)eum,spiritnm
1728 5308 1848 5348 esse
1875 5312 1886 5345 :
1913 5293 2025 5347 haec

453 5405 629 5450 autem
668 5394 1017 5448 substantiam
1059 5389 1387 5459 signiﬁcant,
1419 5402 1521 5442 neu
1564 5385 1705 5440 enim
1746 5383 2020 5449 accidens;

453 5486 538 5540 cui
570 5485 737 5555 primo
767 5482 906 5554 quod
945 5493 1028 5537 est
1055 5496 1174 5536 esse
1209 5478 1430 5543 accidit,
1474 5478 1519 5531 si
1556 5476 1696 5531 istud
1738 5474 2026 5529 accidens?

456 5576 560 5633 Sed
586 5575 717 5632 nulli
746 5592 758 5628 :
792 5573 1119 5645 impossibile
1145 5570 1285 5626 enim
1321 5570 1456 5625 ultra
1502 5583 1621 5624 esse
1646 5566 1842 5636 aliquid
1870 5580 2026 5635 supra

453 5667 595 5738 quod
633 5674 715 5723 est
742 5681 879 5722 esse.
921 5666 1063 5734 Ergo
1094 5662 1389 5719 substantia
1411 5702 1427 5727 ,
1452 5660 1603 5730 juxta
1631 5657 1771 5728 quod
1801 5664 1885 5713 est
1906 5670 2027 5713 esse

2126 4579 2223 4622 tas.
2255 4568 2565 4623 Snbstantia
2598 4570 2931 4639 pater,jnxta
2964 4570 3013 4625 id
3043 4572 3213 4640 ipsum
3246 4577 3409 4629 motio
3433 4587 3490 4631 et
3521 4578 3698 4632 volun-

2125 4666 2203 4711 tas
2248 4677 2258 4710 :
2292 4674 2473 4712 rursus
2508 4658 2645 4711 ﬁlius
2685 4660 2849 4712 motio
2874 4672 2926 4713 et
2960 4661 3234 4725 voluntas,
3269 4665 3495 4732 etjuxta
3535 4667 3588 4720 id
3623 4668 3697 4735 ip-

2124 4765 2237 4803 sum
2267 4760 2321 4803 et
2358 4750 2647 4804 substantia
2672 4790 2685 4812 ,
2727 4761 2779 4804 et
2817 4752 2914 4804 Itoc
2954 4762 3034 4804 est
3078 4753 3359 4824 ὀμοούσιον.
3404 4758 3697 4815 Habeamus

2124 4840 2351 4907 exempli
2396 4842 2560 4909 gratia
2609 4840 2746 4893 istud
2788 4840 2925 4909 quod
2953 4857 3050 4910 ego
3079 4859 3219 4896 nunc
3245 4847 3364 4900 dico
3406 4865 3417 4899 :
3453 4851 3533 4902 sic
3561 4850 3697 4905 enim

2126 4945 2266 4983 nunc
2292 4940 2503 4998 oportet
2531 4930 2737 4995 dicere,
2767 4934 3013 4999 quoniam
3046 4935 3196 4988 multi
3228 4937 3277 4989 in
3306 4940 3480 4990 anima
3508 4955 3696 5007 corpus

2126 5034 2241 5074 esse
2267 5020 2471 5084 dicunt,
2507 5021 2599 5074 sed
2634 5036 2769 5073 nunc
2797 5023 3083 5075 secundum
3110 5023 3318 5079 dicendi
3346 5044 3498 5082 usum
3528 5031 3695 5085 anima

2126 5109 2195 5163 sit
2222 5111 2273 5163 in
2304 5125 2544 5176 corpore.
2576 5111 2763 5164 Anima
2800 5112 2850 5165 in
2878 5112 3108 5167 humano
3132 5131 3356 5183 corpore
3394 5132 3515 5184 est,
3548 5122 3599 5175 in
3632 5138 3695 5177 eo

2125 5201 2264 5271 quod
2297 5202 2473 5255 anima
2511 5212 2624 5266 est,
2660 5203 2950 5257 substantia
2979 5215 3076 5267 est,
3124 5206 3278 5261 sicuti
3308 5210 3387 5263 vel
3426 5210 3549 5281 ityle
3574 5254 3588 5277 ,
3618 5212 3693 5267 vel

2130 5307 2339 5360 corpus.
2370 5292 2485 5344 lSliC
2512 5292 2651 5345 enim
2693 5293 2972 5347 mundanis
3002 5294 3120 5347 duae
3155 5297 3485 5354 substantiae.
3527 5302 3592 5355 Et
3622 5304 3692 5357 si-

2130 5383 2236 5437 cuti
2268 5382 2390 5452 byle
2418 5383 2637 5435 formam
2672 5382 2849 5446 habet,
2878 5384 2979 5438 hoc
3007 5396 3085 5438 cst
3107 5389 3361 5456 speciem,
3391 5401 3447 5444 ut
3473 5406 3554 5447 est
3582 5408 3691 5448 cor-

2133 5489 2259 5542 pus,
2306 5483 2396 5527 aut
2435 5474 2576 5527 aliud
2616 5474 2850 5544 aliquid;
2896 5491 3055 5529 unttm
3094 5479 3307 5546 quidem
3336 5483 3514 5545 ὑλικῶς
3540 5487 3686 5541 estin

2134 5565 2328 5620 molem
2357 5573 2682 5618 concretum.
2715 5564 2943 5621 Necesse
2978 5576 3060 5621 est
3101 5568 3245 5623 enim
3283 5572 3482 5641 aliquid
3512 5590 3685 5645 quant-

2134 5658 2254 5713 dam
2292 5656 2635 5728 quantitatem
2675 5671 2795 5713 esse
2836 5676 2847 5712 :
2895 5666 3380 5733 quantumcumque
3426 5665 3584 5737 igitur
3616 5676 3687 5724 est
