3950 6206
240 283 382 343 1065

237 395 380 467 quod
424 405 507 452 est
550 397 782 468 hylicum
831 415 844 449 :

239 487 387 558 hyle,
417 499 472 543 ut
499 491 782 556 subsistat,
813 499 866 544 et
889 491 1182 544 subSIantia
1212 490 1334 554 ﬁat,
1359 491 1467 560 jam
1499 492 1698 560 aliquid
1725 507 1818 546 ex-

239 577 428 634 istens.
482 580 589 634 Isto
624 580 784 635 modo
813 589 866 635 et
895 583 1070 636 anima
1097 622 1112 647 ,
1143 581 1433 637 substantia
1471 583 1819 652 incorporalis

240 685 364 740 quae
405 672 505 734 sit,
552 671 914 728 deﬁnitionem
957 683 1012 729 et
1049 674 1331 744 imaginem
1371 674 1571 729 habet:
1603 671 1816 730 vitalem

242 764 534 831 potentiam
561 774 611 819 et
644 765 1096 833 intelligentialem
1119 806 1132 829 ,
1165 765 1413 834 bipotens
1440 767 1602 832 enim,
1643 778 1695 820 et
1723 781 1817 837 ge-

241 855 376 910 mini
408 855 617 910 luminis
647 874 658 910 :
688 857 886 912 etenim
924 868 975 912 et
1015 857 1243 911 vivificat
1268 860 1425 912 vitam
1454 859 1586 914 dans
1612 861 1819 916 anima-

242 945 386 1000 libus
409 986 421 1009 ,
453 957 507 1000 et
535 947 692 1002 habet
718 948 1111 1018 coinquinatum
1141 949 1224 1004 τὸν
1249 957 1395 1015 νοῦν,
1437 959 1490 1004 ει
1521 949 1784 1022 ὁμοούσιον
1803 991 1818 1018 ,

242 1045 298 1091 ει
330 1036 524 1092 idcirco
549 1037 797 1108 ὁμοούσια
823 1039 999 1090 omnia
1033 1055 1046 1089 :
1087 1038 1242 1092 simul
1269 1040 1412 1093 enim
1445 1040 1742 1094 substantia
1768 1048 1824 1095 et

243 1136 424 1182 motus
451 1128 501 1182 id
528 1130 695 1197 ipsum
721 1144 838 1182 cum
865 1130 951 1192 sit,
977 1128 1268 1183 secundum
1299 1130 1598 1198 subjectum
1621 1130 1819 1196 anima,

238 1217 394 1289 juxta
423 1219 564 1289 quod
592 1221 724 1272 vivit
752 1227 804 1273 ct
831 1218 1068 1273 viviﬁcat
1093 1235 1106 1284 ;
1136 1219 1358 1289 etjuxta
1388 1220 1524 1290 quod
1555 1221 1820 1290 intelligit,

243 1319 304 1366 et
329 1310 672 1378 intelligentia
695 1319 777 1362 est
797 1325 898 1362 una
932 1309 1166 1366 motione
1187 1351 1200 1373 .
1233 1320 1288 1364 ut
1321 1327 1420 1364 una
1451 1314 1563 1379 ipsa
1587 1325 1706 1364 cum
1734 1313 1822 1377 sit,

243 1415 367 1472 quae
415 1401 620 1471 species
662 1410 744 1456 est
793 1403 987 1470 ipsius,
1033 1403 1282 1458 delinitur
1311 1404 1453 1457 enim
1481 1403 1743 1468 motione,
1773 1413 1827 1458 et

227 1492 430 1547 existit
467 1506 628 1545 unum
669 1489 757 1558 ὃν,
816 1492 1012 1558 duplici
1059 1492 1292 1560 potentia
1323 1493 1372 1544 itt
1415 1507 1520 1546 uno
1553 1503 1698 1548 motu
1732 1490 1827 1546 ex-

246 1583 445 1639 istente
492 1601 506 1637 :
556 1584 676 1637 vita:
728 1592 782 1638 ει
858 1583 1219 1652 intelligentia:
1267 1602 1281 1638 :
1325 1584 1827 1653 impassionabilitcr

248 1675 464 1746 quidem
497 1675 594 1730 ista
617 1715 630 1740 ,
663 1676 714 1728 in
741 1675 949 1730 actione
987 1675 1093 1729 duo
1114 1718 1127 1740 ,
1159 1675 1211 1729 in
1241 1691 1341 1729 una
1367 1677 1619 1740 motione,
1645 1677 1695 1731 id
1723 1688 1821 1744 est,

1442 285 1807 347 ADVERSUS
1840 287 2056 348 ARIUM
2095 291 2300 350 LIBER
2339 295 2378 350 Ι.

895 397 984 453 Sic
1030 398 1170 452 enim
1223 397 1513 467 quantitate
1559 399 1891 462 deﬁniturA
1990 404 2227 460 XXXIII.
2267 407 2370 462 Sed
2416 407 2516 462 ista
2559 409 2699 464 sicut
2749 410 2800 466 in
2854 411 3224 471 similitudine.
3271 417 3345 473 De
3396 419 3506 475 Deo

3361 307 3506 365 *1066

1922 494 2088 557 enim,
2119 505 2173 550 et
2194 497 2261 552 de
2286 498 2432 571 λόγῳ,
2461 499 2560 554 hoc
2590 510 2692 563 est,
2726 501 2862 556 Filio
2888 504 3011 558 Jesu
3042 507 3273 571 Christo,
3300 519 3353 562 et
3380 511 3504 577 Spi-

1921 584 2024 639 ritu
2057 596 2240 640 sancto
2267 587 2528 644 diviniore
2569 590 2918 662 intelligentia
2955 604 3201 660 utentes,
3244 598 3503 666 suscipia-

1922 692 2038 731 mus
2083 678 2304 733 istorum
2343 679 2604 751 ὁμοούσιον
2643 683 2917 739 ttnitatem.
2950 686 3184 742 Primum
3229 687 3504 760 inquiren-

1923 765 2071 830 dum,
2090 767 2135 822 si
2161 768 2297 823 ident
2327 778 2409 823 est
2441 771 2599 835 Deus,
2624 780 2676 826 et
2703 773 2810 828 Deo
2834 789 2973 839 esse,
3003 790 3066 828 un
3095 776 3239 829 aliud
3268 779 3505 846 aliquid?

1924 855 1980 910 Si
2017 857 2178 925 idem,
2216 859 2323 928 jam
2367 868 2421 914 ct
2459 875 2578 915 esse
2612 871 2725 926 est,
2759 873 2812 917 et
2845 880 3000 934 agere
3033 883 3044 920 :
3081 866 3124 919 si
3158 876 3331 922 autem
3363 869 3508 924 aliud

1925 948 2036 1003 Deo
2057 964 2197 1015 esse,
2240 951 2382 1005 aliud
2424 952 2589 1007 Deum
2621 967 2759 1014 esse,
2797 957 3242 1024 pra-existentiale
3269 969 3350 1013 est
3401 962 3510 1016 Deo

1925 1051 2067 1102 esse,
2095 1039 2289 1108 quippe
2311 1040 2364 1094 in
2386 1043 2618 1110 potentia
2647 1043 2884 1098 existens
2911 1048 2974 1100 ad
3003 1047 3052 1100 id
3077 1050 3212 1115 quod
3247 1058 3327 1104 est
3365 1065 3506 1117 esse,

1925 1127 2065 1197 quod
2095 1144 2218 1183 vere
2249 1131 2416 1201 magis
2444 1132 2495 1185 id
2527 1141 2608 1187 est
2633 1134 2774 1202 quod
2795 1144 2878 1189 est
2904 1151 3024 1190 esse
3055 1156 3065 1188 :
3096 1140 3333 1208 potentia
3366 1141 3506 1194 enim

1926 1219 2104 1274 omnia
2133 1221 2480 1290 praeexistens
2503 1231 2557 1277 et
2606 1224 2921 1293 principium
2947 1269 2960 1291 ,
2992 1237 3046 1282 et
3084 1238 3208 1282 ante
3234 1239 3315 1284 est
3348 1247 3505 1299 quant

1927 1324 2054 1364 vere
2075 1309 2146 1365 ὃν.
2176 1312 2278 1366 Sed
2304 1313 2443 1366 istud
2473 1315 2641 1380 beate,
2679 1316 2729 1368 iu
2754 1318 2928 1386 quiete
2959 1334 3077 1374 esse
3103 1323 3369 1376 mstimant
3398 1339 3514 1378 om-

1928 1398 2056 1453 nino
2107 1402 2425 1456 omnimodis
2466 1422 2478 1455 :
2523 1403 2574 1457 in
2621 1416 2766 1458 motu
2809 1408 2979 1461 solum
3054 1412 3194 1479 quod
3240 1429 3399 1467 causa
3444 1414 3514 1468 sit

1928 1489 2175 1545 omnibus
2211 1491 2262 1545 itt
2302 1493 2673 1564 qualicumque
2729 1498 2964 1551 motione
3015 1500 3391 1559 existentibus.
3446 1505 3516 1558 Et

1929 1579 2113 1634 dicunt
2147 1581 2285 1635 istud
2319 1585 2700 1651 prtenoscentia
2729 1587 2964 1656 concipi,
2997 1606 3114 1658 qua!
3152 1591 3262 1660 ipsa
3297 1610 3388 1661 per
3427 1609 3514 1648 se-

1931 1680 2042 1724 met
2065 1671 2197 1725 nihil
2225 1681 2326 1738 est,
2355 1673 2449 1728 sed
2507 1677 2856 1745 conceptione
2896 1681 3035 1747 quod
3077 1683 3352 1748 praexistit
3398 1701 3517 1740 sus-

248 1765 393 1836 quod
421 1777 722 1836 generatur,
749 1777 801 1821 et
825 1765 989 1821 Filius
1014 1768 1315 1836 unigenitus
1343 1767 1533 1823 anima:
1560 1769 1674 1837 ipse
1699 1769 1826 1833 vita,
1857 1767 1905 1826 B
1933 1761 2144 1829 cipitur.
2195 1762 2300 1817 Sed
2344 1765 2628 1832 scriptura.
2659 1777 2711 1820 et
2753 1769 2924 1820 omnis
2968 1770 3311 1840 intelligentia
3357 1774 3517 1828 istum

247 1858 370 1927 ipse
419 1865 535 1918 νοῦς
573 1858 808 1913 existens
831 1898 847 1923 ,
892 1869 944 1912 et
980 1858 1144 1927 prima
1174 1859 1405 1926 potentia
1436 1873 1553 1912 cum
1597 1874 1661 1912 co
1691 1859 1827 1928 quod

248 1948 304 2003 ei
327 1962 444 2003 esse
478 1948 583 2001 vita
623 1956 706 2002 est
744 1965 757 1999 :
802 1963 907 2017 quo
947 1950 1086 2002 enim
1129 1957 1244 2014 est,
1301 1949 1401 2002 hoc
1446 1957 1528 2002 est
1569 1949 1708 2018 quod
1751 1956 1833 2004 est

250 2040 362 2094 vita
392 2057 406 2092 :
441 2040 566 2095 illud
595 2041 734 2094 enim
764 2055 885 2095 esse
910 2042 996 2095 isti
1023 2041 1120 2110 ipsi
1142 2041 1281 2111 quod
1321 2041 1618 2095 substantia
1645 2049 1748 2105 est,
1779 2048 1834 2096 et

250 2131 365 2185 vita
409 2140 507 2195 est,
548 2141 601 2186 et
628 2129 790 2199 supra
814 2134 974 2186 vitam
1003 2141 1118 2197 cst;
1165 2147 1271 2186 non
1313 2133 1454 2186 enim
1486 2131 1628 2184 aliud
1659 2131 1832 2184 viviti-

252 2230 377 2284 cat,
426 2236 594 2290 neque
649 2222 1044 2290 semetipsum:
1084 2236 1186 2275 non
1233 2222 1372 2275 enim
1423 2222 1490 2275 ab
1531 2221 1637 2274 alio
1685 2221 1833 2289 quasi

254 2310 406 2364 aliud
433 2311 645 2379 accipit,
678 2311 778 2365 hoc
805 2312 947 2365 enim
977 2312 1142 2381 ipsius
1168 2311 1305 2382 quod
1335 2320 1418 2366 est
1439 2325 1592 2378 esse,
1623 2311 1727 2380 ipsi
1753 2320 1835 2366 est

258 2403 490 2465 moveri,
531 2411 584 2456 et
616 2404 900 2456 motionem
943 2419 1092 2466 esse;
1141 2415 1194 2458 et
1238 2404 1377 2473 quod
1408 2413 1489 2457 est
1518 2405 1700 2468 motio,
1736 2403 1835 2456 hoc

259 2491 368 2545 vita
397 2501 504 2556 est;
539 2500 592 2545 et
625 2493 764 2560 quod
805 2493 908 2547 vita
946 2504 1047 2556 est,
1080 2495 1182 2548 hoc
1221 2503 1303 2549 est
1331 2496 1698 2565 intelligentia.
1734 2494 1836 2549 Ista

260 2582 403 2636 enim
432 2582 797 2636 substantialis
825 2581 946 2636 dico
969 2624 982 2645 .
1015 2583 1295 2650 motiones,
1323 2586 1505 2649 vitam,
1532 2585 1830 2654 intelligen-

263 2673 422 2735 tiam,
467 2674 662 2727 uullam
697 2673 909 2740 dicens,
948 2675 1278 2728 sensibilium
1317 2677 1610 2729 motionum
1656 2691 1754 2730 nec
1785 2677 1835 2731 in

262 2765 440 2818 locum
465 2765 739 2819 transitum
765 2783 779 2819 ε
803 2767 908 2820 duo
938 2782 1065 2836 ergo
1093 2768 1225 2833 ltznc,
1255 2768 1361 2821 vita
1389 2777 1442 2822 et
1464 2768 1834 2838 intelligentia,

264 2857 513 2928 ὀμοούσια
537 2867 658 2911 sunt
687 2858 734 2911 ei
759 2859 898 2927 quod
931 2870 1013 2914 est
1040 2874 1178 2923 esse,
1215 2861 1316 2914 hoc
1341 2870 1443 2926 est,
1474 2862 1686 2916 animae.
1709 2861 1838 2929 Quae

262 2947 373 3003 duo
398 2963 498 3000 una
525 2957 606 3002 est
633 2949 830 3016 motio,
860 2966 977 3020 quas
1013 2951 1226 3019 quidem
1255 2953 1422 3020 prima
1454 2953 1689 3022 potentia
1718 2954 1840 3008 vitae

265 3045 370 3103 est,
393 3035 560 3091 forma
578 3039 716 3092 enim
734 3053 798 3094 eo
817 3040 957 3109 quod
976 3048 1058 3096 est
1079 3055 1220 3105 esse,
1235 3042 1340 3095 vita
1359 3051 1457 3096 est.
1482 3043 1672 3097 Detiuit
1696 3043 1837 3098 enim

1937 1851 2099 1905 Deum
2147 1860 2204 1907 et
2237 1867 2356 1907 esse
2389 1853 2536 1917 dicit,
2562 1863 2615 1908 et
2653 1864 2775 1909 ante
2810 1856 2979 1921 ipsum
3007 1860 3134 1912 nihil
3166 1877 3306 1926 esse,
3337 1864 3426 1932 qtti
3467 1872 3522 1919 et

1932 1938 1986 1994 id
2017 1949 2098 1994 est
2122 1941 2260 2010 quod
2296 1951 2379 1996 est
2406 1958 2544 2006 esse,
2575 1954 2628 1998 et
2655 1945 2705 1998 id
2735 1946 2871 2012 quod
2896 1949 3125 2016 operari.
3154 1949 3314 2004 istum
3351 1954 3519 2008 Deum

1934 2032 2249 2088 conﬁtemur
2271 2042 2323 2086 et
2339 2035 2581 2098 colimus,
2604 2035 2923 2105 principium
2953 2041 3188 2094 omnium
3212 2058 3329 2111 qua:
3351 2055 3474 2100 sunt
3505 2063 3518 2098 :

1937 2123 2145 2180 actione
2189 2125 2330 2180 enim
2369 2135 2508 2190 sunt,
2548 2143 2665 2196 qua:
2700 2137 2822 2181 sunt
2863 2146 2874 2180 :
2915 2139 3038 2184 ante
3077 2132 3216 2185 enim
3258 2135 3523 2190 actionem

1935 2216 2166 2269 nondum
2209 2225 2364 2280 sunt;
2408 2226 2681 2271 actuosum
2713 2219 2853 2271 enim
2885 2220 3048 2274 Deum
3079 2222 3397 2290 accipimus,
3443 2225 3521 2279 si-

1936 2315 2026 2361 cut
2054 2307 2104 2360 iu
2131 2307 2389 2374 principio
2419 2307 2545 2362 fet-it
2589 2311 2723 2362 Deus
2751 2310 2945 2364 cwlum
2977 2320 3030 2365 ct
3060 2321 3277 2377 terram,
3311 2325 3364 2368 et
3398 2317 3525 2370 fecit

1937 2396 2188 2466 Angelos,
2242 2397 2545 2462 hominem,
2593 2408 2647 2452 et
2683 2399 2858 2452 omnia
2905 2400 2954 2452 itt
2987 2403 3135 2455 coclis
3165 2411 3218 2456 et
3260 2403 3311 2456 in
3356 2414 3518 2460 terra.

1937 2486 2042 2541 Iste
2072 2487 2230 2556 igitur
2260 2503 2416 2541 verus
2448 2489 2585 2542 Deus
2613 2497 2668 2542 et
2698 2490 2840 2542 solus
2868 2491 3028 2554 Dens,
3061 2493 3184 2560 quia
3209 2503 3262 2546 et
3288 2496 3524 2563 putentia

1938 2588 1993 2635 et
2019 2581 2227 2634 actione
2252 2580 2412 2646 Deus,
2436 2581 2528 2634 sed
2561 2580 2612 2633 in
2647 2590 2844 2635 a'terna
2870 2599 2881 2632 :
2915 2592 2973 2635 ut
2997 2582 3122 2635 Chri
3157 2593 3240 2638 tus
3265 2595 3317 2639 et
3341 2597 3524 2654 poten-

1939 2671 2011 2725 tia
2041 2681 2096 2726 et
2134 2673 2359 2735 actiOue,
2405 2671 2498 2727 sed
2537 2673 2641 2740 jam
2676 2672 2806 2726 foris
2837 2682 2890 2727 et
2929 2684 3131 2741 aperta.
3167 2677 3320 2730 l’nter
3361 2679 3525 2747 igitur

1943 2763 2082 2817 Deus
2118 2765 2284 2832 prima
2311 2764 2468 2827 actio,
2501 2772 2552 2818 et
2577 2763 2744 2833 prima
2801 2765 3087 2819 cxistenlia
3117 2776 3170 2820 et
3195 2768 3520 2835 substantia,

1942 2864 1996 2908 et
2023 2854 2312 2923 principale
2339 2859 2396 2910 τὸ
2425 2855 2504 2919 ὃν,
2534 2855 2744 2908 actione
2772 2871 2798 2906 a
2828 2871 2885 2907 se
2912 2869 3004 2908 sua
3033 2871 3151 2911 sese
3188 2858 3278 2925 qui
3304 2869 3526 2928 generet

1942 2945 2060 3000 sine
2111 2947 2372 3014 principio
2394 2988 2408 3010 ,
2436 2962 2647 3016 semper
2675 2947 2910 3002 existens
2938 2964 2966 3001 a
2997 2964 3075 3013 se,
3105 2951 3340 3005 existens
3396 2953 3520 3006 inﬁ-

1944 3037 2117 3103 nitus,
2171 3037 2493 3092 omnimodis
2554 3038 2852 3105 perfectus,
2905 3039 3269 3112 omnipotens,
3333 3042 3524 3098 immu-

264 3127 531 3182 inﬁnitum
561 3144 700 3196 esse,
723 3131 860 3200 quod
890 3141 969 3186 est
998 3133 1162 3199 prima
1195 3133 1427 3202 potentia
1453 3134 1723 3198 motionis,
1748 3150 1834 3190 se-
1864 3127 1909 3188 C
1941 3127 2148 3192 tabilis.
2187 3143 2398 3197 semper
2437 3128 2513 3182 sic
2551 3139 2602 3182 et
2641 3129 2828 3184 eodem
2872 3130 3027 3183 modo
3085 3133 3351 3199 existens.
3393 3137 3521 3188 sult-

265 3220 444 3274 cunda
465 3229 638 3276 autem
672 3223 903 3291 potentia
936 3224 1046 3292 ipsa
1075 3226 1268 3290 motio;
1301 3226 1552 3294 quoniam
1582 3226 1723 3294 quod
1747 3226 1841 3280 de-

266 3311 471 3378 ﬁnitur,
500 3320 554 3367 et
574 3313 917 3384 intelligentia
941 3316 1407 3386 comprehenditur
1437 3333 1467 3370 a
1505 3319 1630 3380 vita,
1661 3319 1840 3372 innata

267 3403 618 3474 intelligentia
654 3405 1052 3476 substantiaquc
1080 3409 1168 3474 sit,
1192 3409 1340 3477 juxta
1367 3410 1504 3476 quod
1537 3421 1618 3464 est
1645 3411 1841 3465 intelli-

267 3495 446 3564 gentia
486 3505 536 3549 et
566 3496 878 3562 subsistens,
927 3507 980 3551 et
1022 3514 1114 3567 per
1169 3499 1507 3568 semetipsum
1545 3500 1765 3556 deducta
1808 3516 1839 3555 a

269 3587 566 3640 substantia
594 3588 734 3642 vitze.
766 3587 939 3644 Unum
967 3590 1078 3643 haec
1103 3589 1236 3654 duo,
1278 3599 1332 3644 et
1361 3607 1519 3644 unum
1543 3592 1688 3659 juxta
1720 3607 1840 3647 mo-

236 3676 240 3682 '
273 3686 384 3732 tum
411 3679 549 3734 ﬁlius
577 3689 692 3752 est,
721 3681 1021 3750 unigenitus
1049 3681 1268 3746 animm,
1296 3681 1425 3736 nihil
1454 3685 1716 3752 passionis
1747 3699 1841 3753 pa-

273 3771 620 3840 tientisjuxta
648 3773 786 3841 quod
822 3774 1008 3826 animm
1037 3782 1119 3827 est
1143 3791 1153 3825 :
1181 3773 1281 3827 hoc
1309 3783 1484 3828 autem
1511 3784 1591 3828 est
1621 3775 1698 3828 vel
1731 3791 1842 3828 ma-

275 3868 374 3925 ter,
418 3861 499 3913 vel
540 3870 687 3930 pater
730 3862 982 3930 unigeniti
1026 3863 1156 3928 lilii,
1202 3863 1434 3917 motione
1478 3864 1530 3916 in
1575 3864 1838 3932 duplicem

269 3952 564 4022 potentiam
593 3953 931 4022 procedente,
963 3970 1082 4020 qua:
1107 3956 1217 4008 sola
1244 3955 1438 4023 patitur
1462 3972 1476 4012 :
1507 3956 1672 4010 motio
1697 3957 1839 4012 enim

272 4041 488 4112 passio,
518 4051 570 4096 et
592 4041 823 4105 metione
851 4041 1057 4111 passio,
1087 4043 1140 4096 in
1173 4044 1407 4100 motione
1433 4045 1573 4101 enim
1602 4049 1767 4102 motio
1789 4054 1842 4103 et

271 4145 443 4190 status
470 4148 483 4184 :
514 4143 705 4188 statum
732 4144 904 4188 autem
923 4150 1042 4189 esse
1063 4134 1114 4188 in
1139 4135 1370 4190 motione
1395 4138 1570 4206 passio
1590 4149 1690 4206 est,
1717 4151 1765 4195 et
1788 4139 1842 4194 in

274 4227 516 4282 motione
551 4242 667 4282 esse
699 4243 729 4280 a
758 4235 896 4281 statu
924 4236 1005 4282 est
1032 4227 1237 4296 passio,
1267 4243 1394 4298 ergo
1422 4242 1475 4284 et
1501 4231 1700 4286 motio:
1730 4248 1843 4288 mo-

273 4318 416 4370 tione
449 4316 607 4383 igitur
635 4315 805 4370 omnis
836 4316 1030 4384 passio.
1061 4317 1184 4372 Hasc
1211 4329 1384 4372 autem
1413 4319 1626 4387 duplex,
1655 4337 1845 4377 secun-

270 4407 399 4460 dum
423 4407 582 4457 vitam
613 4413 666 4459 et
685 4405 1078 4474 intelligentiam
1107 4425 1117 4458 :
1144 4408 1429 4462 secundum
1461 4409 1614 4464 vitam
1633 4411 1843 4479 quidem

1940 3219 2201 3272 stantialis
2255 3219 2305 3272 itt
2371 3219 2662 3288 semetipso
2696 3235 2709 3273 :
2749 3221 2890 3293 λόγος
2943 3222 3177 3276 existeus
3227 3223 3288 3275 ad
3365 3224 3414 3278 id
3463 3235 3523 3279 ιιι

1941 3313 2049 3366 sint
2075 3312 2274 3378 omnia,
2309 3328 2412 3365 non
2443 3321 2498 3365 ut
2525 3313 2666 3366 aliud
2697 3313 2917 3381 aliquid,
2946 3322 3034 3367 aut
3063 3326 3111 3367 ut
3141 3315 3388 3380 alterum,
3425 3318 3520 3372 sed

1941 3406 2099 3458 simul
2125 3405 2464 3474 simplicitate
2486 3408 2812 3468 coexistens,
2843 3415 2895 3458 et
2947 3407 3185 3461 unitione
3212 3424 3373 3460 unum
3399 3419 3515 3462 est:

1943 3496 2043 3547 hoc
2067 3494 2208 3548 cnim
2237 3493 2377 3562 quod
2403 3493 2541 3564 λόγος
2569 3502 2647 3545 εει
2668 3533 2681 3555 ,
2716 3492 2766 3545 id
2795 3494 2964 3560 ipsunt
2997 3506 3078 3548 εει
3101 3495 3240 3562 quod
3269 3506 3347 3549 est
3375 3511 3517 3574 esse,

1939 3596 1993 3640 et
2039 3587 2154 3655 ipso
2202 3585 2344 3655 quod
2388 3595 2470 3638 est
2516 3597 2665 3649 esse,
2703 3585 2843 3657 λόγος
2889 3594 2970 3638 εει
3009 3603 3022 3637 :
3066 3586 3177 3654 ipse
3207 3587 3347 3639 enim
3377 3587 3518 3659 λόγος

1942 3678 2080 3732 Deus
2123 3686 2240 3739 est,
2281 3691 2441 3730 unum
2479 3691 2604 3744 ergo
2641 3685 2691 3728 et
2723 3675 2983 3746 ὁμοούσιον
3027 3693 3040 3728 :
3088 3691 3189 3728 non
3222 3679 3361 3731 enim
3395 3680 3512 3733 sine

1943 3770 2151 3823 actione
2183 3769 2340 3830 Detts,
2367 3765 2460 3821 sed
2489 3775 2737 3835 operatur
2771 3767 2928 3830 Deus,
2961 3766 3115 3820 sicuti
3141 3767 3363 3822 dictum.

2013 3858 2252 3912 XXXIV.
2282 3856 2583 3913 Substantia
2609 3866 2784 3910 autem
2816 3856 2904 3909 Dei
2936 3855 3108 3924 imago
3137 3865 3238 3921 est,
3267 3859 3424 3923 actio,
3457 3860 3519 3913 li-

1944 3949 2150 4017 liusque
2175 3957 2255 4002 cst
2276 3988 2290 4013 ,
2321 3961 2415 4016 per
2443 3960 2600 4013 quam
2630 3945 2955 4014 intelligitur,
2993 3954 3048 3999 et
3076 3946 3213 4014 quod
3241 3949 3308 4000 sit
3333 3949 3516 4001 decla-

1943 4049 2089 4094 ratur
2119 4038 2296 4110 (Joan.
2317 4079 2331 4103 ,
2366 4053 2475 4104 xtv,
2505 4036 2562 4106 9)
2600 4053 2612 4088 :
2645 4035 2743 4099 Qui
2781 4052 2856 4088 me
2881 4035 3032 4100 vidit,
3063 4037 3182 4088 vidit
3210 4047 3255 4089 et
3286 4036 3514 4093 Patrem.

1944 4132 2010 4186 Et
2055 4132 2165 4199 ipsa
2212 4127 2507 4183 substantia
2547 4127 2817 4190 existens,
2853 4126 3052 4180 habens
3108 4142 3256 4190 esse,
3287 4138 3339 4182 et
3374 4143 3399 4180 a
3433 4145 3511 4183 se.

1944 4221 2204 4289 Quoniam
2251 4228 2425 4272 autem
2469 4231 2628 4272 causa
2665 4217 2764 4286 ipsi
2805 4216 2958 4270 estid
2988 4215 3037 4268 itt
3073 4232 3174 4282 quo
3202 4227 3302 4280 est,
3343 4218 3516 4288 imago

1945 4312 2060 4380 ipsa
2092 4311 2229 4364 ﬁlius
2258 4319 2339 4364 est
2364 4310 2501 4379 ejus,
2537 4309 2585 4359 itt
2615 4323 2719 4375 quo
2760 4315 2843 4359 cst
2870 4305 3122 4359 ineffabili
3149 4308 3512 4374 generatione,

1946 4412 1998 4457 et
2029 4403 2258 4456 maxime
2292 4398 2633 4470 ingenerabili
2670 4397 3044 4466 generatione,
3069 4407 3158 4450 aut
3185 4400 3349 4466 magis
3378 4415 3516 4454 sem-

275 4495 471 4566 passio,
511 4494 646 4562 quod
684 4495 852 4548 adhuc
881 4495 1076 4565 indiget
1105 4497 1320 4552 alterius
1347 4498 1484 4567 quod
1511 4501 1621 4554 vult
1650 4501 1847 4556 vivel'a-
1869 4490 1923 4549 Ῐ)
1951 4511 2042 4564 per
2071 4504 2357 4564 generante
2383 4491 2726 4562 generatione
2751 4507 2763 4542 ε
2791 4489 2930 4559 quod
2962 4497 3013 4542 ει
3041 4489 3338 4544 Alexander
3362 4491 3510 4546 dixit.

272 4603 418 4651 cere,
451 4595 507 4640 et
553 4584 670 4639 ideo
711 4584 856 4654 juxta
885 4586 1024 4653 quod
1064 4587 1176 4656 ejus
1201 4597 1276 4642 est
1307 4588 1602 4659 particeps,
1633 4601 1686 4645 ct
1709 4593 1840 4648 alias

273 4676 474 4748 patitur
501 4676 768 4743 passiones
795 4691 957 4746 usque
987 4676 1039 4730 in
1077 4687 1320 4732 mortem.
1347 4679 1643 4735 Secundum
1667 4691 1840 4737 autem

277 4767 700 4836 intelligentiam,
718 4767 965 4836 quoniam
989 4781 1037 4823 et
1063 4769 1162 4823 ista
1183 4769 1421 4837 indigens
1446 4779 1529 4826 est
1552 4773 1666 4840 ejus
1704 4773 1842 4843 quod

276 4857 610 4926 iutclligibilc
640 4868 739 4922 est,
769 4868 823 4911 ut
848 4858 1190 4928 intelligentia
1212 4859 1462 4915 subsistat
1487 4877 1500 4925 ;
1533 4863 1699 4933 magis
1728 4878 1846 4931 pas-

277 4947 456 5002 siones
483 4958 533 5001 et
565 4947 893 5003 inﬁrmitates
918 4949 1158 5015 incurrit,
1181 4959 1232 5005 et
1269 4952 1494 5006 volvitur
1517 4953 1844 5009 insensibili-

277 5039 398 5102 btts,
432 5047 484 5092 et
513 5053 608 5107 per
637 5038 961 5107 phantasiam
1001 5041 1053 5094 in
1094 5042 1274 5096 falsam
1303 5044 1695 5100 subsistentiam
1744 5047 1849 5101 cir-

278 5128 631 5185 cumducitur.
661 5128 775 5183 lstis
791 5131 947 5199 igitur
971 5132 1336 5196 existentibus,
1382 5137 1478 5190 ista
1505 5137 1844 5205 patientibus,

278 5229 456 5275 manet
478 5219 651 5274 anima
669 5221 816 5290 juxta
843 5222 1210 5290 substantiam,
1239 5227 1542 5282 custodiens
1572 5228 1622 5282 in
1647 5225 1849 5283 semine

277 5310 532 5367 motionis
558 5312 843 5382 potentiam
871 5313 989 5368 vita:
1018 5324 1071 5369 et
1097 5316 1484 5387 intelligentia),
1517 5336 1618 5390 qua
1643 5334 1852 5389 semper

280 5413 530 5457 manente
556 5401 664 5455 vita
689 5411 743 5456 et
769 5403 1115 5472 intelligentia
1143 5409 1464 5472 accenditur,
1490 5411 1654 5477 magis
1676 5421 1851 5466 autem

282 5507 330 5548 et
345 5492 458 5562 igit,
489 5491 532 5545 si
564 5492 612 5545 in
646 5493 912 5548 fontanam
939 5495 1122 5562 vitam,
1152 5501 1250 5551 hoc
1279 5508 1381 5564 est,
1405 5499 1456 5553 iu
1485 5500 1774 5567 Christum,
1802 5509 1858 5556 et

284 5582 554 5637 fontanam
580 5582 1002 5654 intelligentiam,
1019 5588 1117 5642 hoc
1139 5599 1240 5656 est,
1259 5588 1312 5643 in
1333 5601 1574 5648 sanctum
1601 5591 1856 5662 Spiritum

283 5673 515 5744 resurgit
545 5675 854 5730 resuscitata
891 5677 1088 5731 anima.

806 5769 1074 5829 νει-λοι..
1127 5771 1289 5833 VIII.

1948 4586 2220 4640 Etdicitur
2235 4598 2445 4651 semper
2467 4591 2637 4651 pater,
2660 4594 2869 4648 semper
2888 4579 3027 4632 ﬁlius
3053 4580 3209 4634 simul
3254 4581 3511 4636 existens.

1949 4675 2088 4745 Ergo
2123 4684 2175 4728 ct
2209 4688 2420 4741 semper
2488 4669 2950 4726 consubstantialis
2989 4671 3307 4734 coexistens,
3352 4688 3514 4728 unum

1949 4769 2220 4829 existens,
2264 4766 2315 4819 in
2357 4773 2503 4833 patre
2543 4761 2682 4815 ﬁlius
2720 4772 2836 4826 cSt;
2867 4776 2984 4815 cum
3033 4771 3209 4816 autem
3242 4777 3514 4832 operatur,

1952 4858 2190 4930 procedit
2227 4874 2240 4909 :
2272 4871 2392 4911 cum
2427 4855 2688 4924 procedit,
2719 4855 2770 4906 in
2801 4853 2912 4906 ﬁlio
2937 4863 3018 4907 est
3046 4862 3211 4921 pater.
3241 4857 3518 4922 Quomodo

1946 4960 2123 5007 autem
2142 4949 2277 5003 istud
2295 4947 2553 5002 dicimus?
2569 4946 2706 5000 Deus
2723 4954 2774 4998 et
2792 4944 2929 5016 λόγος
2952 4960 3111 4998 unum
3130 4953 3209 4998 est
3225 4956 3276 5000 et
3293 4952 3517 5016 unitum,

1946 5053 2002 5098 et
2032 5041 2229 5096 idcirco
2268 5039 2551 5110 ὁμοούσων,
2576 5037 2667 5090 sed
2691 5035 2829 5104 quod
2861 5036 3019 5098 Dens,
3041 5035 3188 5104 juxta
3220 5038 3359 5106 quod
3383 5039 3521 5093 Deus

1951 5140 2063 5197 est,
2096 5129 2212 5200 ejus
2239 5128 2378 5197 quod
2409 5135 2463 5181 et
2487 5142 2606 5182 esse
2637 5127 2870 5194 potentia
2897 5133 3012 5188 εει,
3043 5134 3097 5177 ct
3123 5127 3355 5178 omnium
3404 5143 3524 5196 quas

1951 5230 2092 5285 sunt,
2125 5219 2192 5274 ad
2221 5218 2268 5272 id
2297 5216 2436 5288 quod
2459 5227 2539 5270 est
2560 5231 2700 5281 esse,
2726 5229 2883 5268 causa
2915 5223 2998 5268 est
3023 5215 3167 5286 λόγος
3213 5217 3357 5285 juxta
3383 5217 3524 5286 quod

1955 5322 2037 5368 ρει
2069 5331 2080 5364 ι
2111 5312 2252 5384 λόγος
2284 5318 2498 5377 paterna
2528 5316 2608 5361 est
2640 5306 2876 5376 potentia
2899 5346 2912 5369 ,
2942 5305 3006 5358 ad
3038 5308 3324 5361 subsistere
3351 5307 3528 5365 facere

1958 5406 2129 5475 ipsum
2179 5401 2318 5471 quod
2361 5409 2444 5454 est
2498 5413 2616 5453 esse
2657 5417 2668 5450 :
2718 5398 3009 5466 principale
3052 5399 3220 5466 ipSum
3264 5401 3401 5466 quod
3448 5411 3532 5456 εει

1958 5511 2107 5556 esse.
2152 5501 2205 5547 et
2235 5491 2549 5560 principium
2572 5529 2586 5555 ,
2619 5498 2672 5542 et
2704 5488 2983 5554 perfectio.
3014 5489 3092 5542 Ab
3120 5504 3184 5542 eo
3221 5491 3359 5544 enim
3392 5493 3531 5562 quod

1960 5597 2045 5644 est
2078 5601 2198 5640 esse
2239 5582 2557 5645 universale,
2599 5591 2652 5634 et
2689 5595 2848 5648 supra
2879 5581 3177 5637 universale
3215 5597 3374 5639 omne
3415 5588 3534 5640 tnti-

1964 5678 2172 5734 versalo
2197 5689 2316 5730 esse
2335 5715 2349 5740 ,
2387 5683 2443 5729 et
2473 5673 2621 5741 juxta
2651 5684 2842 5742 genera
2862 5711 2876 5734 ,
2909 5679 2963 5724 et
2989 5671 3132 5739 juxta
3161 5673 3366 5740 species
3393 5689 3534 5747 esse,
