3950 6206
427 238 560 294 106⁸1
1713 232 1900 288 ιιΑῐιιι
1941 231 2020 286 Vlt

2129 231 2276 288 »ιιιΝι
2317 231 2475 287 AFN
3541 221 3666 275 1068

423 359 478 404 ct
502 344 792 411 individua,
822 343 960 416 quod
987 350 1069 399 est
1094 356 1213 398 esse
1245 343 1346 397 illis
1374 343 1552 398 liabet.
1580 342 1636 398 Si
1677 343 1834 414 igitur
1856 345 1997 414 λόγος
2027 346 2069 403 Α
2100 345 2185 413 qui
2219 343 2286 396 ad
2330 342 2488 397 Deum
2521 349 2642 404 erat,
2670 351 2715 394 et
2742 353 2826 409 per
2867 353 3013 408 quem
3048 337 3228 402 echctu
3256 341 3376 388 sunt
3403 333 3598 394 omnia,
3629 343 3668 384 ct

425 439 585 493 habet
612 452 726 491 esse
747 476 760 496 .
792 444 870 489 est
913 440 1052 488 enim
1097 436 1235 507 λόγος
1278 435 1327 488 id
1368 435 1537 502 ipsum
1585 433 1724 502 quod
1768 443 1850 488 est
1875 448 1994 488 csse
2094 437 2204 488 sine
2233 451 2330 502 quo
2357 432 2584 500 e/fectnm
2609 442 2681 486 est
2710 432 2854 484 nihil.
2880 428 3155 496 Quomodo
3183 428 3361 495 imago
3389 426 3533 496 λόγος
3561 424 3669 477 est?

429 532 528 598 ipsi
556 537 609 582 et
641 527 801 601 λόγος,
832 541 958 595 ergo
989 541 1053 580 ex
1083 527 1170 578 illo
1201 526 1339 594 quod
1371 534 1453 579 est
1489 541 1648 594 supra
1696 526 1995 581 universale
2095 538 2146 582 et
2166 529 2310 600 λόγος
2361 526 2540 580 ﬁlius?
2581 534 2635 579 et
2666 526 2775 593 ipse
2821 523 2906 592 qui
2949 523 3014 576 de
3050 521 3245 574 Maria?
3281 519 3452 586 magis
3497 528 3668 570 autem

430 637 579 686 esse,
608 635 726 674 esse
768 628 848 672 est
891 635 903 670 :
946 617 1038 672 sed
1081 618 1377 670 universale
1402 619 1541 685 quod
1586 626 1668 671 est
1711 632 1826 671 esse
1854 619 1997 690 λόγος
2097 619 2186 686 qui
2217 619 2355 670 ineo
2379 617 2464 684 qui
2498 615 2565 668 dc
2595 615 2778 667 Maria.
2828 614 2902 666 Ex
2947 612 3008 665 iis
3046 611 3420 673 manifestum,
3456 607 3502 660 si
3540 606 3671 659 ﬁlius

431 721 513 767 est
543 730 554 764 :
587 713 724 766 Deus
759 721 930 764 autem
980 710 1027 763 id
1069 710 1208 778 quod
1235 717 1317 763 est
1349 724 1504 778 supra
1534 709 1830 763 universale
1856 724 1995 773 esse,

434 802 574 856 ﬁlius
618 812 790 854 autem
837 798 974 868 quod
1022 807 1104 852 est
1147 800 1444 851 universale
1495 814 1655 852 esse:
1690 809 1840 866 pater
1875 813 2000 867 ergo

435 896 591 963 supra
625 892 922 946 universale
961 890 1102 957 quod
1131 897 1212 942 cst
1235 904 1374 950 esse,
1405 889 1673 959 ὁμοούσιον
1704 904 1829 956 ergo
1859 888 1910 942 in
1937 902 2003 942 eo

435 984 573 1054 quod
621 992 701 1036 est
743 996 889 1044 esse,
922 979 984 1033 ad
1019 979 1069 1033 id
1107 979 1246 1049 quod
1278 987 1359 1033 est
1399 993 1548 1042 esse,
1579 989 1632 1032 et
1662 979 1802 1046 quod
1843 991 2004 1048 supra

437 1072 734 1130 universale
759 1071 823 1124 ad
861 1070 1155 1124 universale
1197 1087 1208 1121 :
1254 1069 1354 1124 hoc
1393 1083 1566 1122 autem
1609 1078 1665 1124 et
1707 1069 2006 1139 progressio

439 1174 558 1226 est;
590 1162 657 1215 ab
685 1176 749 1215 eo
776 1161 916 1213 enim
944 1159 1087 1235 quod
1133 1168 1214 1212 est
1252 1173 1409 1227 supra
1439 1158 1767 1223 universale,
1796 1159 2007 1212 univcr-

435 1254 545 1310 sale
585 1253 870 1323 egreditur,
908 1259 961 1304 et
1007 1246 1172 1320 magis
1199 1259 1342 1304 certe
1371 1250 1686 1318 intelligeuti
1717 1258 1770 1304 et
1798 1250 2006 1319 egredi-

441 1358 546 1410 tur,
593 1355 646 1399 et
694 1351 888 1406 manet,
936 1357 1037 1396 non
1084 1343 1222 1395 enim
1263 1341 1645 1411 dereiiuquitttr
1688 1341 2006 1395 universale.

441 1439 582 1509 Ergo
617 1448 669 1492 et
710 1436 950 1490 subsisﬁt
983 1451 1078 1506 per
1124 1436 1467 1502 semetipsum
1498 1433 1636 1503 quod
1682 1442 1764 1488 est
1802 1434 2012 1486 univer-

440 1531 550 1583 sale
595 1538 646 1580 et
690 1529 830 1580 intus
858 1527 1021 1580 estin
1055 1539 1120 1579 eo
1164 1523 1304 1594 quod
1346 1534 1426 1578 est
1467 1538 1624 1592 supra
1673 1524 2009 1578 univerSale:

441 1635 740 1674 eonuexum
773 1632 898 1685 ergo
921 1625 1031 1680 est,
1065 1629 1116 1670 et
1145 1616 1502 1685 inseparatmu
1545 1625 1659 1679 est;
1691 1625 1744 1669 et
1770 1615 1907 1669 istud
1935 1615 2015 1669 lu—

2101 708 2193 762 Dci
2215 707 2439 760 redemit
2468 720 2566 760 nos
2597 721 2690 774 per
2726 705 3035 772 sanguinem
3067 717 3220 756 suum
3243 743 3257 766 ,
3289 701 3379 769 qui
3413 702 3485 752 de
3518 698 3671 751 Maria

2102 798 2241 852 ﬁlius
2287 806 2402 858 est,
2431 805 2484 851 et
2529 798 2640 864 ipse
2666 797 2838 863 imago
2886 802 2968 848 est
3019 792 3138 855 Dei;
3172 791 3262 845 Dei
3312 799 3400 844 est
3442 790 3673 843 tiliuszsi

2103 887 2242 941 enim
2268 887 2427 940 totius
2449 896 2711 940 creatura:
2737 883 3143 954 primogenitus,
3177 880 3488 936 necessario
3522 880 3670 941 ﬁlius,

2105 980 2355 1048 numquid
2397 980 2576 1033 alius?
2621 978 2771 1031 .-\bsit
2795 993 2807 1028 :
2834 977 3136 1045 nnigeuitus
3171 975 3312 1028 enim
3367 974 3460 1027 Dei
3497 981 3579 1026 est
3618 974 3676 1022 ﬁ-

2105 1069 2224 1124 lius.
2259 1068 2484 1122 Necesse
2505 1076 2588 1122 est
2612 1082 2738 1134 ergo
2767 1065 3010 1120 eumdem
3044 1065 3215 1132 ipsum
3243 1077 3366 1116 esse
3405 1061 3573 1114 filium
3595 1101 3609 1123 ,
3630 1068 3680 1113 et

2109 1157 2434 1227 imaginem,
2479 1166 2532 1211 et
2574 1170 2695 1210 eum
2741 1156 2828 1222 qui
2872 1155 2940 1209 de
2986 1154 3170 1208 Maria.
3217 1153 3505 1219 Quomodo
3548 1152 3680 1204 enim

2112 1247 2286 1317 imago
2321 1249 2412 1301 Dei
2457 1248 2625 1311 filius,
2659 1247 2703 1301 si
2735 1262 2836 1300 non
2881 1246 3262 1315 ptimogeuitus
3314 1244 3482 1297 totius
3537 1257 3684 1296 crea-

2113 1342 2278 1396 turae?
2304 1341 2368 1394 Et
2412 1341 2680 1406 quomodo
2726 1341 2896 1408 imago
2926 1339 3038 1400 Dei,
3089 1339 3174 1405 qui
3218 1337 3387 1390 Filius
3432 1336 3500 1389 de
3532 1334 3685 1388 Maria

2113 1444 2235 1503 post
2261 1432 2436 1487 omnia
2466 1431 2604 1486 faeta
2635 1442 2787 1484 natus
2813 1432 2928 1484 est?
2957 1428 3294 1482 Manifestum
3337 1442 3469 1496 ergo
3491 1467 3507 1490 ,
3551 1423 3685 1493 quod

2115 1524 2230 1594 ipse
2259 1523 2656 1592 primogenitns.
2683 1521 2818 1588 Quid
2843 1537 2970 1575 vero
2997 1520 3134 1590 quod
3164 1531 3349 1573 natum
3384 1527 3466 1572 est
3495 1517 3562 1570 de
3587 1516 3690 1568 Ma-

2117 1617 2234 1670 ria?
2257 1633 2360 1671 non
2400 1627 2643 1672 creatura
2679 1628 2794 1670 est:
2824 1617 2917 1671 sed
2965 1616 3007 1669 si
3038 1615 3175 1668 ﬁlius
3212 1614 3338 1678 Dei,
3386 1615 3563 1680 imago
3603 1610 3688 1663 Dei

445 1713 608 1766 minis
658 1709 967 1778 refulgentia
1013 1707 1222 1772 dicitur,
1273 1707 1445 1760 omnia
1516 1706 1728 1760 luminis
1774 1705 1974 1760 liabens
1997 1700 2091 1784 ,-B
2119 1718 2241 1763 aute
2272 1724 2484 1763 omnem
2512 1716 2811 1762 creaturam
2839 1716 2993 1759 natus
3020 1715 3122 1770 est,
3149 1704 3262 1772 ipse
3287 1712 3368 1757 est
3401 1703 3453 1756 iu
3485 1717 3582 1761 eo.
3603 1700 3686 1769 qui

444 1805 536 1857 sed
575 1818 677 1855 non
717 1801 1020 1869 accipiens,
1064 1815 1236 1868 neque
1273 1808 1448 1860 enata,
1497 1799 1589 1853 sed
1632 1798 2013 1864 conuaturalis,

448 1897 711 1968 ὁμοούσιος
743 1908 952 1961 semper
999 1892 1256 1946 existens.
1294 1889 1407 1944 Non
1450 1891 1605 1960 igitur
1645 1901 1785 1944 motu
1827 1889 2015 1956 locali,

449 2001 618 2054 neque
652 1983 1014 2037 immutatione
1045 2000 1058 2036 :
1101 1981 1449 2034 immutabilis
1474 1982 1616 2035 enim
1649 1992 1817 2052 pater,
1841 1992 1894 2036 et
1920 1982 2020 2034 im-

451 2075 717 2130 mutabilis
766 2073 932 2138 tilius,
985 2083 1038 2126 ct
1084 2088 1296 2141 semper
1347 2085 1516 2141 pater,
1571 2088 1781 2141 semper
1843 2073 2016 2138 ﬁlius,

450 2164 658 2220 etiamsi
707 2164 841 2217 iilius
887 2163 1133 2217 credatur
1171 2163 1220 2216 in
1264 2171 1412 2230 patre
1452 2164 1623 2233 imago
1676 2163 1936 2226 existens,
1967 2171 2022 2217 et

451 2257 567 2326 ejus
597 2254 736 2323 quod
774 2268 890 2308 esse
935 2253 1123 2317 forma,
1168 2253 1303 2306 sicut
1339 2253 1536 2306 dictqu
1565 2263 1647 2307 est
1671 2292 1685 2317 ,
1720 2253 1831 2307 sive
1865 2253 2020 2322 juxta

454 2359 787 2415 progressum
815 2342 1126 2411 refulgentia
1168 2342 1382 2397 luminis
1414 2344 1551 2396 ﬁlius
1589 2353 1688 2397 est.
1723 2343 1789 2396 lis
1827 2344 1904 2396 sic
1930 2359 2021 2397 ex-

454 2434 756 2499 istentibus,
820 2443 872 2487 et
917 2434 1081 2502 magis
1123 2448 1282 2487 unum
1335 2434 1714 2495 existentibus,
1757 2433 2022 2503 refulgen-

455 2526 524 2579 tia
552 2525 693 2579 enim
723 2523 973 2593 splendor
1012 2523 1243 2585 luminis,
1273 2534 1325 2577 et
1354 2524 1460 2592 ipsa
1493 2527 1543 2577 iu
1569 2539 1627 2578 sc
1656 2525 1831 2578 lumen
1864 2525 2024 2580 liabet

453 2632 483 2671 a
525 2623 672 2685 patre
701 2625 752 2669 et
783 2616 833 2669 in
863 2614 1061 2669 lumine
1088 2622 1168 2667 est
1208 2622 1262 2668 et
1301 2613 1466 2669 foris:
1495 2630 1621 2684 ergo
1667 2624 1722 2670 et
1777 2616 1827 2668 in
1876 2626 2026 2684 patre

463 2706 634 2767 ﬁlius,
675 2717 726 2759 ct
767 2703 906 2774 quod
953 2720 1189 2758 annexus
1233 2714 1315 2758 est
1343 2705 1593 2776 splendor
1635 2706 1877 2772 luminis,
1909 2721 2026 2760 ma—

455 2795 534 2865 gis
588 2794 652 2848 ad
703 2796 875 2849 lumen
926 2809 1049 2849 esse
1095 2795 1346 2863 Splendor
1391 2796 1618 2861 dicitur,
1677 2813 1781 2851 non
1835 2797 1886 2851 in
1943 2797 2024 2850 Iu-

455 2887 630 2950 mine;
663 2887 866 2942 etiamsi
911 2902 938 2937 a
983 2887 1180 2942 lumine
1219 2887 1554 2956 rcSpIrndcat
1583 2889 1635 2944 in
1676 2889 1874 2943 lumine
1911 2897 2023 2954 est,

456 2987 511 3033 et
559 2977 659 3031 hoc
705 2979 964 3046 signiﬁcat
994 2977 1206 3048 (Joun.,
1249 2995 1304 3044 ι,
1347 2978 1412 3050 1)
1459 2999 1470 3032 :
1520 2978 1586 3034 In
1625 2980 1874 3050 principio
1919 2988 2026 3032 erat

2117 1797 2182 1852 de
2214 1798 2374 1852 Maria
2406 1807 2562 1853 natus
2589 1807 2689 1852 est.
2722 1795 3052 1852 Manifestum
3083 1795 3240 1864 igitur
3260 1791 3407 1863 quod
3434 1794 3553 1862 ipse
3579 1789 3691 1845 uni-

2117 1891 2351 1962 genitus.

2192 1979 2424 2036 XXXVI.
2454 1981 2578 2034 Post
2608 1979 2735 2034 illud
2760 1976 3183 2049 perspiciendum
3205 2017 3220 2042 ,
3259 1975 3530 2045 quomodo
3556 1973 3691 2026 idem

2122 2075 2235 2144 ipse
2260 2084 2312 2127 et
2338 2075 2533 2141 imago,
2567 2083 2618 2126 et
2646 2072 2782 2124 ﬁlius
2803 2072 2941 2143 λόγος
2970 2079 3068 2123 est.
3103 2069 3160 2122 ln
3187 2067 3436 2122 confesso
3457 2075 3538 2120 est
3556 2069 3691 2132 quod

2122 2166 2294 2234 imago
2321 2166 2455 2218 ﬁlius
2480 2173 2580 2219 est.
2611 2163 2750 2216 Dixit
2778 2162 2920 2216 enim
2952 2159 3139 2213 Paulus
3166 2157 3384 2229 (Coloss.
3416 2171 3455 2219 ι,
3490 2155 3578 2224 15)
3599 2171 3613 2206 :
3634 2154 3692 2206 fi-

2122 2255 2224 2310 lius
2271 2257 2356 2309 liei
2403 2256 2579 2324 imago
2604 2265 2675 2307 est
2705 2252 2814 2306 Dei.
2854 2253 2976 2305 Dico
3029 2251 3197 2319 ipsum
3253 2263 3373 2303 esse
3423 2248 3563 2318 λόγσν
3591 2287 3604 2308 ,
3632 2245 3693 2299 de

2121 2363 2228 2415 quo
2267 2346 2463 2400 dictum
2506 2355 2588 2400 est
2617 2363 2629 2398 :
2658 2343 2725 2398 In
2754 2345 3002 2414 principio
3040 2352 3144 2396 erat
3179 2343 3341 2415 λόγος.
3383 2341 3520 2394 Dicit
3557 2339 3692 2394 enim

2128 2436 2318 2490 Paulus
2342 2438 2606 2505 quomodo
2650 2435 2788 2488 [ilius
2827 2432 3202 2503 primogenitns
3232 2436 3395 2485 totius
3416 2441 3690 2494 creatum,

2125 2527 2262 2594 quod
2293 2525 2452 2596 (Ibid.
2487 2525 2668 2593 16-18)
2694 2527 2745 2577 in
2777 2527 2888 2592 ipso
2933 2534 3099 2576 CH!th
3135 2524 3230 2574 sint
3266 2538 3436 2574 omnia
3457 2561 3472 2583 ,
3496 2535 3606 2588 qua?
3640 2519 3688 2570 in

2131 2617 2270 2668 costis
2299 2625 2345 2666 ct
2383 2631 2493 2680 quw
2520 2617 2569 2666 in
2600 2624 2752 2677 terra,
2782 2630 2892 2682 quw
2927 2613 3140 2665 t'isibilia
3172 2620 3216 2662 et
3255 2625 3366 2679 rpite
3402 2609 3693 2670 invisibilia,

2126 2708 2228 2760 sive
2259 2706 2448 2759 Tlironi
2472 2747 2486 2770 ,
2524 2707 2623 2759 sive
2647 2705 3044 2765 Dominutiones,
3089 2703 3190 2756 sive
3212 2701 3564 2768 Principutus,
3602 2698 3698 2750 sine

2130 2797 2427 2851 Potestales.
2464 2798 2645 2851 Omnia
2675 2814 2761 2860 per
2799 2799 2963 2866 ipsum
2985 2837 2998 2860 ,
3033 2794 3153 2848 etin
3192 2793 3304 2854 ipso
3349 2801 3522 2844 creata
3551 2799 3691 2843 nuit:

2127 2900 2172 2942 et
2195 2890 2302 2956 ipse
2326 2899 2396 2942 est
2420 2898 2536 2940 ante
2563 2889 2751 2948 omnia,
2785 2897 2828 2940 et
2849 2887 3016 2940 omnia
3040 2886 3089 2937 in
3118 2885 3228 2953 ipso
3265 2883 3568 2935 consistunt.
3609 2879 3693 2931 \'i-
3734 2917 3738 2920 ι

2127 2980 2222 3034 des
2242 2996 2359 3050 qua:
2398 2979 2591 3033 dixerit
2629 2979 2696 3033 de
2740 2980 2880 3041 lilio,
2926 2977 3066 3048 quod
3115 2977 3235 3029 ideo
3278 2972 3691 3044 primogenitus,

460 3071 636 3142 Λόγος,
668 3078 723 3124 et
760 3070 918 3141 Λόγος
947 3078 1053 3121 erat
1084 3071 1149 3122 ad
1177 3069 1378 3124 Deum:
1411 3071 1680 3142 ὁμο-,ἴσων
1708 3087 1836 3141 ergo
1865 3082 1918 3127 et
1958 3075 2018 3125 li-

2129 3072 2247 3141 quia
2277 3073 2451 3123 omnia
2487 3078 2661 3124 creata
2691 3081 2812 3122 sunt
2842 3084 2905 3121 ex
2949 3070 3090 3134 ipso,
3124 3076 3177 3120 et
3200 3081 3292 3134 per
3319 3065 3530 3132 ipsum,
3569 3073 3621 3117 et
3643 3061 3694 3114 in

458 3159 560 3213 lius
599 3167 652 3213 et
697 3169 876 3227 pater,
910 3168 963 3213 et
999 3174 1209 3230 semper
1250 3162 1372 3228 ista,
1412 3171 1465 3215 et
1512 3178 1577 3217 ex
1624 3170 1845 3229 aeterno,
1874 3173 1928 3217 et
1974 3163 2028 3218 in

458 3260 735 3303 aeternum.

529 3339 742 3394 XXXV.
789 3340 1016 3394 Dicinms
1063 3351 1119 3396 et
1162 3343 1284 3396 alia.
1317 3345 1474 3416 Λόγος
1515 3356 1596 3400 est
1638 3348 1703 3401 ad
1737 3349 1932 3413 Deum,
1975 3349 2027 3402 in

456 3430 702 3488 confesso
727 3440 825 3485 est.
858 3431 994 3496 Quid
1026 3441 1107 3485 est
1130 3434 1307 3504 λόγος’)
1337 3451 1430 3502 per
1454 3453 1610 3506 quem
1637 3440 1814 3492 onuiia
1835 3480 1848 3503 ,
1890 3448 1945 3493 ct
1976 3440 2026 3493 in

458 3538 564 3591 quo
593 3522 792 3584 omnia,
823 3531 876 3574 et
903 3522 951 3574 in
981 3538 1139 3590 quem
1182 3526 1395 3588 omnia;
1431 3521 1586 3580 istum
1615 3543 1735 3582 csse
1770 3539 1822 3583 et
1844 3527 2026 3582 Jesum

460 3614 512 3667 iu
542 3614 788 3667 confesso
819 3621 915 3666 est.
941 3613 1088 3679 Quod
1112 3616 1251 3686 λόγος
1279 3628 1358 3669 est
1388 3616 1524 3669 ﬁlius
1549 3617 1661 3683 Dei,
1695 3619 1831 3672 ﬁlius
1852 3630 2027 3673 autem

462 3703 612 3759 Jcsus
647 3703 713 3756 de
750 3717 854 3771 quo
903 3703 1027 3757 dicit
1073 3703 1264 3757 Paulus
1297 3709 1315 3775 (
1349 3705 1540 3760 (.‘olnu.
1575 3724 1611 3770 ι,
1653 3710 1734 3779 15)
1767 3728 1776 3761 τ
1813 3710 1911 3774 Qui
1939 3727 2029 3762 nos

460 3796 587 3848 eruit
622 3797 683 3846 dc
713 3803 950 3860 potestate
984 3799 1331 3860 tenebrarum,
1363 3807 1408 3850 ct
1433 3800 1689 3853 transtulit
1722 3801 1771 3853 in
1821 3817 2031 3872 regnum

461 3884 587 3938 Filii
610 3884 866 3938 clmritutis
891 3901 1012 3937 sum.
1037 3885 1164 3952 Quis
1197 3885 1352 3954 igitur
1386 3887 1480 3940 iste
1508 3889 1680 3942 ﬁlius?
1703 3892 1834 3958 ipse,
1861 3891 2032 3960 inquit

461 3974 620 4042 (Ibid.
677 3973 785 4042 Μ),
825 3974 874 4025 in
913 3991 1010 4042 quo
1040 3975 1275 4028 [iubemus
1315 3976 1727 4045 i'rtlemptionem,
1779 3997 1867 4048 per
1909 3998 2029 4034 sun-

460 4067 656 4133 gninem
709 4065 883 4134 ipxirts,
941 4066 1279 4118 reinisaionmn
1329 4080 1645 4135 peccatorum
1698 4063 2024 4125 murorum.

462 4156 566 4210 Istc
597 4157 714 4221 quis
743 4158 857 4208 est?
889 4156 975 4223 qui
1007 4166 1160 4209 natus
1199 4167 1281 4211 est
1311 4175 1373 4211 ev
1409 4159 1589 4212 Maria.
1631 4161 1764 4228 Quid
1792 4162 2029 4217 deinde?

463 4245 598 4298 istud
631 4244 839 4297 solum?
884 4247 1134 4314 numquid
1174 4250 1402 4302 niaxime
1444 4251 1585 4316 quod
1631 4253 1681 4304 in
1711 4269 1793 4316 eo,
1837 4255 1922 4320 qui
1963 4271 2030 4308 ex

464 4335 620 4388 Maria
651 4335 802 4389 erat?
831 4334 954 4387 Erat
983 4344 1033 4388 et
1062 4347 1183 4388 ante
1208 4353 1362 4405 quam
1386 4353 1450 4393 cx
1482 4338 1662 4392 Maria.
1692 4342 1826 4406 Quid
1851 4352 2029 4396 autem

464 4426 659 4477 inducit
703 4423 859 4492 (Ibid.
896 4424 1005 4489 lii),
1051 4428 1133 4490 qui
1177 4437 1244 4479 est
1272 4430 1436 4497 imago
1471 4428 1595 4482 Dei?
1637 4433 1888 4501 numquid
1930 4435 2030 4487 llOC

463 4517 652 4579 solum,
695 4515 760 4568 de
805 4514 1003 4567 Maria?
1034 4530 1136 4567 nou
1167 4533 1178 4567 :
1212 4518 1381 4585 imago
1420 4520 1558 4572 cui".
1590 4521 1678 4573 Dei
1713 4523 1778 4575 al)
1822 4533 2028 4578 ιιειρτηο

463 4606 655 4674 imago.
689 4606 740 4659 Si
767 4606 921 4672 igitur
951 4606 1003 4659 iu
1045 4606 1152 4658 tilio
1197 4607 1448 4661 habemus
1479 4624 1660 4678 spem,
1691 4622 1743 4666 et
1778 4611 1892 4680 ipse
1936 4630 2030 4681 per

463 4696 771 4764 sanguinem
803 4710 955 4747 suum
982 4695 1204 4750 redemit
1233 4714 1327 4751 nos
1355 4715 1369 4762 ;
1406 4701 1514 4767 ipse
1540 4711 1715 4754 autem
1744 4703 1916 4772 imago
1949 4715 2029 4758 rst

466 4786 584 4850 Dei;
633 4786 802 4854 imago
831 4801 956 4852 ergo
1003 4786 1139 4838 ﬁlius
1174 4797 1254 4840 est
1283 4788 1394 4842 Dei.
1430 4792 1509 4843 An
1551 4806 1649 4858 ego
1689 4791 1809 4846 dico
1851 4795 2028 4848 istud?

461 4875 574 4929 Non
621 4878 797 4934 Solus,
847 4876 936 4929 sed
987 4886 1038 4928 et
1099 4876 1324 4941 Paulus;
1375 4881 1642 4944 quomodo
1698 4884 1839 4937 enim
1891 4887 2023 4939 dicit

462 4965 685 5037 (Ibid)?
719 4963 1082 5036 Primogcnilua
1109 4970 1271 5021 omnis
1302 4982 1565 5025 creatum.
1601 4974 1726 5038 Quis
1756 4977 2026 5046 primoge-

459 5055 636 5108 nitus?
669 5054 850 5108 Filius.
881 5057 1012 5120 Quis
1037 5057 1209 5111 ﬁlius?
1237 5058 1403 5113 Filius
1441 5061 1531 5130 qui
1581 5078 1643 5116 ex
1677 5063 1858 5119 Maria.
1895 5069 2023 5132 Quis

457 5146 595 5199 ﬁlius
624 5161 688 5199 ex
733 5145 926 5198 Maria?
970 5147 1350 5215 primogenitus
1395 5151 1556 5205 totius
1580 5165 1860 5209 eventura).
1893 5156 2024 5221 Quis

457 5235 614 5288 totius
668 5245 926 5287 ereatnrze
974 5236 1393 5306 primogenitus?
1438 5241 1525 5306 qui
1573 5241 1744 5308 imago
1786 5245 1874 5299 Dei
1916 5257 2015 5302 est.

454 5325 680 5379 Necesse
720 5333 808 5378 est
854 5325 993 5378 enim
1043 5327 1446 5395 primogenitum
1485 5347 1604 5386 cs.~e
1642 5343 1763 5388 ante
1805 5351 2016 5391 onmem

450 5429 743 5469 m'ealttt'mn
792 5417 1072 5484 imaginem
1127 5419 1237 5472 Dei.
1285 5423 1411 5486 Quis
1460 5433 1637 5478 autem
1688 5435 1768 5478 est
1803 5427 2019 5497 imago?

451 5507 613 5578 λόγος.
653 5507 780 5570 Quis
808 5507 987 5579 λόγοςῖ
1013 5509 1099 5575 qui
1128 5519 1242 5565 erat
1279 5511 1330 5564 in
1373 5515 1671 5582 principio:
1706 5516 1834 5571 Sine
1876 5519 2016 5574 enim

449 5598 677 5668 imagine
697 5598 833 5653 Deus
856 5601 1154 5668 quouiodo?
1176 5601 1235 5656 Et
1264 5605 1380 5673 quis
1396 5605 1568 5676 λόγοςῖ
1594 5604 1770 5676 (Joan.
1789 5622 1825 5672 I,
1849 5607 1904 5675 2,
1927 5611 1984 5680 5)
2003 5627 2022 5665 :

2134 3164 2272 3232 ipso.
2321 3162 2444 3216 Tria
2485 3176 2614 3231 ergo
2651 3161 2780 3215 dicit
2819 3160 3123 3227 exquibus,
3177 3156 3318 3226 quod
3355 3155 3557 3209 dictum
3595 3160 3690 3217 est,

2131 3254 2308 3307 omnia
2337 3269 2431 3322 per
2458 3254 2658 3321 ipsum,
2682 3253 2764 3306 cui
2786 3251 2968 3304 datum
2993 3259 3076 3303 est
3112 3263 3344 3317 semper,
3390 3247 3532 3316 quod
3567 3261 3692 3299 οοηο

2133 3346 2363 3398 fessiouc
2388 3354 2466 3398 est
2492 3352 2563 3416 τῷ
2593 3344 2740 3416 λόγῳ.
2773 3343 2829 3396 Si
2881 3342 3036 3410 igitur
3067 3340 3260 3394 Paulus
3290 3339 3401 3391 lilio
3439 3336 3587 3392 dedit
3616 3351 3699 3403 per

2132 3437 2336 3505 ipsum;
2364 3437 2534 3504 ipsum
2558 3446 2732 3489 autem
2757 3435 2894 3503 quod
2923 3444 3006 3487 est
3035 3449 3128 3502 per
3154 3435 3345 3500 ipsum,
3379 3431 3526 3484 dedit
3549 3430 3702 3484 Joano

2134 3542 2226 3581 nes
2247 3536 2318 3602 τῷ
2348 3528 2489 3602 Λόγῳ
2521 3528 2721 3596 primus
2748 3525 3035 3594 Apostolus
3060 3535 3113 3578 ct
3137 3525 3546 3593 Evangelistcs:
3582 3531 3700 3576 ante

2132 3633 2317 3672 Omnes
2355 3627 2648 3671 consonant
2689 3617 2847 3669 dicta.
2887 3616 3025 3681 Quid
3067 3616 3170 3667 erit
3213 3613 3601 3677 dubitandum,
3649 3618 3703 3664 ut

2135 3727 2238 3764 nan
2291 3709 2359 3762 sit
2414 3711 2549 3761 ﬁlius
2588 3708 2764 3780 λόγοςῗ
2793 3706 2928 3771 Quid
2977 3721 3101 3759 vero
3135 3705 3238 3758 alia
3273 3704 3378 3758 duo
3417 3719 3536 3771 qute
3567 3701 3705 3756 dedit

2135 3800 2263 3863 ﬁlio,
2297 3799 2445 3866 cujus
2475 3797 2641 3866 magis
2671 3795 2919 3865 propria?
2944 3794 3248 3849 neceSsario
3273 3801 3362 3848 τοῦ
3396 3794 3582 3866 ).ὀγου;
3613 3806 3700 3860 po-

2135 3889 2299 3943 tentia
2324 3889 2468 3941 euim
2503 3889 2638 3956 ejus,
2667 3887 2902 3940 omnium
2930 3903 3051 3955 qua:
3081 3895 3201 3939 sunt
3227 3885 3573 3940 subsistentia
3607 3891 3700 3937 est.

2131 3980 2235 4035 Sed
2279 3982 2320 4032 si
2346 3991 2396 4032 rt
2425 3979 2564 4032 istud
2588 4021 2601 4043 ,
2636 3979 2684 4030 in
2728 3979 2840 4046 ipso
2868 3990 2994 4033 sunt
3025 3981 3195 4032 omnia
3218 4020 3233 4044 ,
3277 3987 3335 4030 ul
3367 3977 3569 4030 dictum
3605 3983 3702 4040 est,

2135 4071 2272 4140 quod
2306 4073 2355 4124 in
2383 4073 2496 4138 ipso
2521 4081 2699 4124 creata
2737 4079 2860 4125 sunt
2903 4072 3079 4123 omnia
3103 4111 3117 4134 ,
3142 4080 3195 4123 et
3224 4069 3344 4123 ideo
3371 4070 3422 4120 iu
3463 4068 3578 4136 ipso
3599 4081 3708 4118 omo

2137 4163 2246 4221 nia,
2280 4163 2526 4230 quoniam
2569 4159 2866 4215 efficienter
2903 4161 3080 4214 omnia
3123 4159 3451 4228 spiritualia,
3489 4157 3630 4227 quod
3657 4163 3708 4210 et

2136 4251 2335 4306 Paulus
2363 4251 2654 4320 signiﬁeat,
2706 4253 2757 4304 in
2786 4249 3245 4304 consummatione
3284 4247 3469 4302 niundi
3507 4247 3565 4318 (Ι
3594 4249 3702 4300 Cor.

2137 4359 2228 4404 xv,
2259 4342 2385 4413 ‘28):
2420 4343 2555 4395 Nam
2588 4359 2702 4395 cum
2734 4344 2905 4395 omnia
2950 4342 3030 4394 illi
3057 4342 3287 4414 subjecta
3327 4341 3553 4409 fuerint,
3599 4349 3708 4392 tunc

2057 4413 2109 4471 D
2136 4435 2245 4501 ipse
2282 4435 2577 4500 subjiciatur
2604 4435 2646 4486 ci
2669 4474 2684 4498 ,
2726 4434 2810 4500 qui
2839 4435 3050 4504 subjecit
3080 4435 3122 4486 ei
3148 4413 3356 4496 omnia,
3388 4441 3442 4482 ut
3473 4430 3538 4483 sit
3578 4428 3709 4483 Deus

2138 4525 2307 4576 omnia
2328 4526 2376 4576 in
2403 4525 2647 4576 omnibus.
2671 4524 2807 4590 Quid
2835 4524 2996 4587 istud,
3027 4535 3080 4577 et
3107 4524 3374 4592 quomodo
3405 4519 3708 4592 posterius?

2137 4613 2288 4670 Nunc
2329 4615 2595 4694 iptoiuodo
2638 4615 2950 4685 spiritualia.
2997 4616 3196 4672 Verum
3243 4617 3403 4685 igitur
3455 4615 3602 4684 quod
3647 4612 3708 4667 de

2139 4704 2300 4758 Maria
2336 4706 2472 4758 lilius
2501 4717 2581 4759 est
2623 4706 2752 4770 Dei,
2784 4718 2836 4759 et
2865 4707 2976 4775 ipse
3017 4707 3189 4774 imago
3214 4719 3268 4760 et
3303 4708 3416 4774 ipse
3455 4706 3636 4778 λόγος,
3660 4711 3710 4757 ct

2135 4795 2250 4863 ipse
2276 4806 2398 4849 ante
2429 4798 2619 4849 saecula
2657 4807 2712 4851 et
2749 4812 2960 4851 omnem
2987 4808 3305 4861 creaturam,
3331 4805 3385 4850 et
3425 4795 3568 4864 quod
3599 4810 3708 4849 om-

2140 4887 2222 4938 nis
2267 4898 2504 4939 creatura
2554 4903 2646 4957 per
2692 4891 2862 4956 ipsum
2902 4900 3076 4940 creata
3121 4899 3233 4952 est,
3267 4897 3318 4941 et
3361 4887 3414 4939 in
3457 4885 3613 4955 ipso,
3644 4899 3706 4939 ex

2138 4977 2273 5048 ipso,
2305 4989 2357 5031 et
2385 4987 2772 5047 consequenter
2792 4997 2905 5049 qna-
2933 4981 3068 5033 dicta
3098 4986 3237 5033 sunt.

2209 5068 2470 5124 XXXVII.
2521 5069 2650 5137 Quis
2698 5086 2828 5139 ergo
2874 5071 2988 5125 sine
3026 5085 3211 5131 sensu,
3257 5068 3376 5138 quis
3419 5069 3709 5137 sacrilegus

2137 5160 2335 5214 Arius?
2367 5161 2483 5230 quis
2510 5161 2623 5214 siue
2659 5161 2767 5215 Deo
2797 5178 2901 5216 non
2949 5162 3089 5215 videt
3116 5161 3237 5230 quis
3263 5159 3455 5215 Jesus?
3493 5170 3548 5216 et
3577 5160 3712 5214 unde

2137 5251 2303 5305 Filius
2329 5253 2668 5321 unigenitus?
2699 5254 2828 5308 Esse
2849 5263 3024 5307 autem
3051 5263 3104 5307 et
3135 5253 3296 5306 Dcmu
3344 5255 3485 5325 λόγον
3525 5252 3710 5325 epos-5-

2132 5364 2263 5408 σιον,
2287 5343 2384 5398 lioc
2411 5353 2510 5407 est,
2528 5355 2580 5397 et
2608 5356 2810 5412 patrem
2834 5356 2884 5400 ct
2910 5346 3094 5409 lilium,
3117 5362 3178 5399 ex
3205 5347 3320 5399 istis
3337 5348 3707 5400 manifestum:

2129 5455 2248 5508 qua:
2278 5439 2423 5494 dedit
2446 5441 2551 5493 lilio
2596 5441 2811 5506 Paulus,
2842 5443 3026 5496 eadem
3057 5443 3204 5497 dedit
3229 5453 3285 5498 et
3309 5447 3464 5513 patri,
3497 5446 3593 5500 tria
3618 5447 3708 5499 ista

2126 5545 2246 5583 cum
2277 5531 2529 5599 dignitate
2558 5543 2775 5600 paterna
2808 5533 2857 5585 in
2886 5525 3022 5598 uno,
3053 5544 3110 5585 ut
3135 5545 3425 5602 appareret
3443 5548 3498 5589 et
3525 5535 3710 5589 divini-

2132 5630 2212 5674 tas
2241 5636 2362 5683 una,
2395 5629 2448 5673 et
2477 5623 2796 5688 substantia,
2823 5630 2877 5677 et
2905 5623 3138 5691 potentia
3159 5609 3405 5693 paterna.
3430 5626 3513 5683 Ad
3533 5624 3709 5682 Colos-
