3950 6206
263 336 399 393 1069

1461 325 1818 385 Αυγειιδυε
1860 325 2069 383 ARIUM
2108 325 2309 383 LIBER
2342 329 2382 383 I.

3330 331 3469 388 1070

254 462 442 502 seuses
492 447 627 502 istud
679 447 811 503 dixit
851 447 917 504 de
960 447 1085 502 ﬁlio.
1125 448 1205 503 Ad
1249 447 1509 501 Romanos
1546 457 1717 501 autem
1745 446 1811 500 dc
1838 445 1884 500 Α
1916 444 2035 495 nia:
2065 443 2312 513 quoniam
2345 453 2395 498 et
2437 443 2645 509 dicitur,
2689 452 2742 497 et
2778 440 2971 496 dictum
3016 454 3129 508 est,
3155 445 3291 513 quod
3326 447 3465 519 λόγος

252 546 411 606 patre
453 538 638 592 eadem
680 538 852 607 (Rom.
895 554 969 599 χι,
1012 538 1229 607 54-56);
1264 538 1387 601 Quis
1429 537 1555 589 enim
1587 539 1813 604 cognovit

252 632 468 675 mentem
507 621 749 673 Domini?
780 631 865 673 aut
900 622 1009 690 quis
1062 622 1377 674 consiliarius
1413 620 1507 690 fuit
1542 619 1687 691 ejus?
1725 627 1812 669 aut

248 712 369 779 quis
423 712 558 778 prius
587 711 741 777 dedit,
770 722 812 764 et
842 711 1077 765 reddetur
1105 712 1185 763 ei?
1209 710 1461 777 Quoniam
1492 727 1553 763 ea:
1583 710 1722 777 ipso,
1765 718 1812 760 et

252 820 348 871 per
393 804 586 871 ipsum,
628 814 674 859 et
711 805 763 856 in
798 805 906 870 ipso
946 804 1133 856 omnia.
1175 802 1332 856 Vides
1372 802 1808 869 quetnadmtulttm

248 896 476 959 eadem,
519 907 570 948 ct
619 897 695 949 sic
738 896 919 949 eadem
972 894 1135 958 dedit,
1185 906 1232 950 et
1281 896 1413 964 patri
1465 907 1517 949 et
1560 897 1695 955 lilio,
1758 898 1808 947 in

248 984 545 1054 όμοούσιονε
569 986 790 1052 primum
816 985 909 1038 tria
931 995 981 1038 ‘ct
1010 986 1126 1045 tria,
1152 985 1340 1039 deinde
1365 985 1547 1039 eadem
1576 994 1627 1038 et
1651 986 1806 1054 patri,

244 1088 301 1128 ct
336 1077 474 1128 lilio:
506 1075 603 1129 hoc
629 1085 805 1128 autem
848 1090 941 1143 per
971 1091 1123 1143 quem
1160 1076 1332 1128 omnia
1361 1087 1413 1129 ct
1455 1076 1586 1145 patri
1625 1087 1674 1129 ct
1699 1075 1807 1129 ﬁlio

243 1166 430 1220 datum
459 1177 565 1220 est:
600 1167 844 1235 quoniam
879 1167 1013 1219 lilius
1032 1168 1189 1238 λόγος,
1224 1166 1310 1235 qui
1333 1177 1410 1219 cst
1438 1166 1671 1220 omnium
1691 1182 1806 1233 quae

242 1265 375 1310 sunt
405 1258 631 1324 potentia
664 1268 900 1320 actuosa,
932 1257 981 1309 in
1005 1271 1064 1310 ca
1096 1272 1211 1324 quat
1243 1267 1382 1318 sunt,
1416 1267 1467 1310 ct
1499 1256 1635 1325 quod
1671 1258 1718 1308 in
1749 1258 1808 1310 li-

244 1342 325 1396 lio
354 1356 500 1411 pater
525 1354 626 1409 est,
660 1348 710 1398 in
739 1347 852 1414 ipso
888 1356 937 1398 et
972 1356 1119 1413 pater
1166 1356 1379 1398 actuosa
1412 1347 1639 1414 potentia
1666 1346 1807 1399 exis—

245 1433 314 1486 tit
343 1451 354 1485 :
382 1434 535 1488 simul
573 1435 710 1487 enim
744 1445 796 1488 et
826 1434 963 1487 ﬁlius
1005 1435 1053 1487 in
1091 1444 1269 1503 patre,
1308 1445 1358 1487 et
1388 1445 1535 1504 pater
1568 1435 1617 1489 itt
1663 1436 1802 1487 tilio:

243 1541 353 1579 una
384 1544 507 1591 ergo
538 1528 765 1595 potentia
788 1569 800 1589 ,
834 1527 933 1582 hoc
961 1536 1074 1590 est,
1114 1544 1212 1579 una
1246 1527 1534 1580 subSIantia
1587 1527 1795 1580 existit:

244 1617 319 1671 ibi
348 1618 485 1669 enim
518 1618 766 1684 potentia,
794 1617 1082 1672 substantia
1114 1636 1125 1669 :
1160 1634 1261 1671 non
1292 1619 1431 1672 enim
1457 1616 1593 1671 aliud
1619 1627 1803 1685 poten-

253 1710 352 1765 tia.
386 1710 524 1763 aliud
555 1711 864 1764 substantia.
894 1710 1035 1764 Idem
1064 1725 1187 1778 ergo
1218 1711 1383 1778 ipsum
1408 1720 1483 1763 est
1510 1719 1563 1764 et
1592 1709 1723 1778 patri
1753 1717 1808 1763 et

1915 528 2015 583 hoc
2040 543 2120 585 est
2148 533 2299 591 lilius,
2334 532 2540 598 subjicit
2566 532 2759 593 omnia,
2788 540 2841 585 et
2871 531 3064 584 idcirco
3094 532 3285 601 adjecit
3331 534 3464 587 Pau-

1914 620 1994 674 lus
2025 622 2176 690 (lleb.
2202 639 2255 685 Χ,
2287 623 2407 692 15)τ
2445 624 2712 689 Quousque
2733 634 2883 690 ponat
2915 623 3138 675 inimicos
3167 641 3334 677 omnes
3355 629 3464 701 ejus

1911 713 2001 765 sub
2023 712 2230 781 pedibus
2257 714 2430 783 ipsius.
2459 714 2616 779 Quis?
2639 712 2833 782 Cujus?
2859 713 3155 777 manifeste,
3182 716 3303 783 quia
3328 715 3465 768 ﬁlius

1914 803 2094 871 patris.
2125 804 2228 857 Sed
2253 806 2498 872 quoniam
2531 804 2578 855 in
2620 804 2723 857 tilio
2749 813 2916 871 pater,
2954 804 3151 858 idcirco
3188 814 3331 873 pater
3357 804 3464 858 ﬁlio

1911 893 2135 960 subjecit
2162 895 2358 957 omnia,
2384 903 2438 946 ct
2460 894 2578 946 ideo
2602 894 2825 946 maxime
2854 893 2987 946 lilius
3015 894 3254 947 inimicos
3283 894 3462 958 habet,

1911 996 2015 1037 non
2048 995 2227 1051 pater:
2260 993 2310 1036 et
2339 986 2582 1052 quoniam
2612 985 2796 1044 ambo,
2825 983 2871 1035 id
2902 993 3009 1046 est,
3038 986 3173 1037 bona
3211 985 3464 1053 ambigui-

1911 1082 1990 1125 tas
2022 1074 2316 1127 intellectus
2336 1114 2349 1137 ,
2380 1082 2434 1126 et
2485 1074 2677 1127 idcirco
2722 1073 2975 1143 όμοούσιοι
3019 1073 3059 1141 (l
3086 1074 3196 1125 (for.
3228 1089 3315 1134 xv,
3347 1074 3459 1142 26),

1911 1173 2186 1231 postremus
2231 1165 2462 1215 inimicus
2498 1162 2815 1216 evacuubilur
2852 1179 3020 1215 mors:
3046 1165 3086 1216 si
3119 1165 3257 1217 cnim
3305 1163 3462 1217 Jesus

1910 1255 2015 1305 \‘ita
2044 1264 2122 1307 est
2160 1266 2208 1307 et
2238 1264 2430 1307 aeterna
2459 1256 2582 1317 vita,
2607 1254 2946 1308 evacuabitur
2977 1270 3004 1305 τι
3033 1254 3137 1307 vita
3163 1270 3300 1308 mors
3321 1270 3461 1306 :otn-

1909 1344 1993 1396 nia
2023 1344 2177 1412 igitur
2201 1343 2373 1409 Iesus,
2409 1344 2457 1397 id
2483 1356 2581 1409 est,
2614 1345 2749 1397 ﬁlius
2772 1346 2982 1412 subjicit
3012 1346 3163 1413 patri.
3196 1345 3298 1398 Sed
3322 1361 3450 1414 quo-

1908 1433 2046 1486 niam
2081 1432 2345 1505 όμοο·5σιος
2389 1433 2519 1501 patri
2550 1442 2603 1487 et
2635 1434 2748 1501 ipsa
2786 1436 3075 1487 substantia
3095 1474 3107 1496 ,
3137 1443 3188 1487 et
3215 1434 3326 1503 ipsa
3368 1450 3463 1503 po-

1910 1526 2092 1589 tentia,
2119 1526 2405 1578 secundum
2431 1525 2565 1593 quod
2597 1527 2820 1593 primum
2875 1535 2955 1580 est
2987 1541 3104 1580 esse
3148 1536 3372 1595 patrem,
3408 1536 3462 1581 et

1907 1616 2045 1685 quod
2071 1631 2186 1669 esse
2213 1616 2440 1685 primum
2469 1627 2570 1677 est,
2603 1617 2888 1670 secundum
2912 1625 3084 1669 autem
3116 1617 3350 1682 operari,
3386 1618 3463 1669 vi-

1909 1723 2063 1772 vt-re,
2098 1708 2422 1775 intelligere,
2450 1709 2693 1776 quoniam
2748 1706 2952 1759 duobus
2991 1720 3148 1758 causa
3196 1715 3274 1760 est
3320 1707 3458 1775 quod

243 1801 376 1853 lilio.
410 1802 517 1856 lluc
546 1812 716 1855 autem
746 1818 807 1854 ex
831 1819 927 1873 quo
952 1802 1141 1867 omnia,
1170 1812 1221 1855 et
1252 1803 1361 1869 ipse
1388 1801 1554 1854 Illius:
1576 1799 1675 1853 hoc
1702 1800 1798 1869 igi-
1830 1804 1877 1865 Β
1909 1799 2159 1867 primum;
2190 1814 2405 1853 necesse
2429 1810 2507 1853 est
2538 1799 2714 1852 dicere
2767 1808 2965 1868 patroni
3018 1798 3279 1864 subjicere
3326 1800 3452 1852 tilio.

240 1900 332 1945 tur
365 1892 493 1959 patti
536 1901 591 1944 ιη
632 1893 899 1959 prOprium
928 1910 940 1945 :
974 1894 1024 1944 iu
1054 1908 1149 1961 quo
1176 1892 1375 1957 omnia,
1409 1890 1545 1960 quod
1584 1891 1721 1963 λόγος
1750 1900 1802 1942 et

238 1982 520 2035 locusest:
549 1986 798 2036 laetorum
830 1983 968 2036 enim
1000 1992 1050 2035 ct
1081 1998 1295 2050 Operam
1326 1998 1416 2048 per
1460 1981 1799 2047 semetipsum

240 2073 358 2140 ipse
378 2083 459 2126 e~t
502 2075 908 2142 receptaculum.
938 2074 1007 2128 Ibi
1041 2084 1215 2127 autem
1255 2074 1602 2127 existentibus
1633 2073 1800 2125 omni-

238 2163 341 2216 bus
381 2180 498 2232 qua:
539 2175 662 2217 sunt
708 2164 931 2218 efficitur
977 2164 1285 2233 plenitudo:
1315 2164 1506 2217 etenim
1553 2174 1605 2216 et
1650 2162 1802 2216 Jcsns

238 2262 393 2323 pater
422 2262 501 2307 est
532 2257 765 2307 omnium
790 2271 1030 2323 operum,
1064 2270 1244 2307 eorum
1268 2270 1384 2324 qua:
1416 2269 1507 2322 per
1554 2254 1803 2322 semctip-

236 2360 380 2397 stnu.
409 2343 576 2397 Unum
600 2360 725 2413 ctgo
748 2356 895 2413 pater
922 2356 974 2398 ct
996 2346 1146 2398 ﬁlius.
1180 2345 1282 2401 Sed
1306 2344 1446 2414 quod
1475 2360 1576 2397 non
1604 2346 1801 2398 extrin-

236 2450 397 2488 scrus
447 2435 810 2504 ingrediuntur
866 2450 1063 2503 opera:
1090 2434 1226 2489 unde
1267 2434 1447 2488 enim?
1479 2433 1608 2487 nihil
1659 2435 1801 2487 enim

237 2536 421 2588 extra;
448 2526 497 2578 iu
524 2539 581 2579 se
630 2525 744 2594 ipso
769 2540 894 2594 ergo
934 2526 1147 2578 omnia:
1180 2525 1292 2593 ipse
1321 2538 1445 2592 ergo
1472 2532 1525 2577 et
1568 2534 1805 2592 recepta-

236 2615 418 2668 culum
448 2626 499 2669 et
527 2615 811 2669 habitator.
848 2616 911 2669 Et
941 2616 1186 2684 quoniam
1213 2614 1263 2668 in
1295 2615 1401 2667 ﬁlio
1432 2623 1598 2683 pater,
1630 2625 1680 2668 et
1713 2629 1806 2682 pa-

240 2715 325 2759 ter
374 2705 670 2759 habitator:
707 2707 975 2774 proprium
1025 2706 1181 2774 igitur
1224 2705 1330 2759 ﬁlio
1382 2706 1433 2757 in
1474 2722 1570 2773 quo
1610 2706 1799 2770 omnia,

240 2793 504 2864 reliquum
552 2812 675 2863 ergo
699 2796 825 2861 hoc,
856 2809 909 2850 et
950 2797 1000 2849 in
1031 2798 1175 2865 ipso,
1209 2795 1306 2849 hoc
1339 2796 1459 2848 dico
1498 2810 1615 2849 csse
1655 2809 1770 2847 com

239 2902 402 2940 mune
433 2906 444 2939 :
474 2887 523 2939 in
555 2888 1008 2940 consummatione
1036 2888 1176 2941 enim
1202 2902 1363 2940 unum
1393 2886 1571 2941 omnia
1604 2895 1653 2939 ct
1684 2886 1802 2938 ideo

239 2977 438 3032 Paulus
480 2978 544 3031 ad
583 2979 882 3034 Corinthios
925 2980 1050 3032 dicit
1095 2979 1145 3050 (l
1184 2979 1297 3033 Cor.
1340 2994 1455 3042 vut,
1511 2977 1611 3047 G):
1661 2977 1804 3031 Unus

239 3068 379 3121 Deus
423 3079 560 3137 pater
599 3085 661 3122 ex
685 3086 783 3139 quo
823 3070 989 3122 omnia
1010 3110 1022 3132 ,
1055 3078 1097 3123 et
1128 3086 1218 3122 nos
1255 3070 1306 3121 in
1338 3070 1479 3135 ipso;
1503 3078 1545 3121 et
1571 3084 1701 3120 unus
1735 3076 1805 3119 est

240 3160 488 3214 Dominus
524 3159 695 3225 Jesus,
730 3177 821 3229 per
861 3176 1003 3230 quem
1049 3161 1237 3224 onmia,
1268 3169 1312 3213 et
1355 3175 1445 3212 nos
1486 3174 1574 3226 per
1614 3159 1799 3228 ipsum.
1831 3164 1875 3227 ρ

238 3250 348 3305 Aut
370 3250 634 3319 quomodo
660 3252 791 3303 alios
818 3252 867 3303 in
897 3250 1044 3319 ipso?
1080 3251 1331 3318 quoniam
1362 3260 1409 3304 et
1447 3251 1498 3303 in
1535 3249 1647 3303 aliis
1674 3248 1803 3302 locis

239 3342 319 3395 sic
350 3342 573 3409 positum
597 3351 676 3394 est
706 3341 772 3393 de
801 3351 962 3407 patre,
996 3356 1057 3393 ea;
1080 3356 1176 3407 quo
1204 3341 1392 3401 omnia,
1419 3356 1509 3409 per
1537 3354 1679 3407 quem
1700 3354 1807 3391 om-

242 3435 349 3496 nia,
376 3435 427 3483 in
456 3433 562 3499 ipso
589 3434 774 3485 omnia.
806 3435 875 3485 l‘e
901 3431 1010 3486 ﬁlio
1053 3442 1228 3486 autem
1254 3473 1266 3494 ,
1296 3433 1346 3484 in
1367 3448 1463 3500 quo
1490 3431 1684 3494 omnia,
1720 3445 1808 3499 per

237 3540 390 3591 quam
418 3523 601 3584 omnia,
631 3525 683 3575 in
712 3538 856 3591 quem
883 3523 1049 3575 omnia
1076 3540 1087 3575 :
1113 3521 1337 3591 :cqualia
1372 3522 1527 3590 igitur
1559 3520 1735 3572 omnia
1754 3528 1808 3574 ct

246 3613 355 3667 ﬁlio
402 3623 453 3665 et
496 3614 628 3682 patri
677 3612 817 3667 dedit
858 3612 1274 3666 Pattluszrecte.
1327 3610 1477 3678 Quod
1541 3609 1805 3681 ὁμοούσιος

244 3712 401 3771 pater
424 3712 476 3755 et
507 3703 644 3756 lilius
664 3742 677 3766 ,
707 3711 758 3756 et
792 3702 987 3756 idcirco
1016 3701 1211 3755 dictum
1251 3710 1330 3755 est
1354 3718 1366 3753 τ
1390 3698 1533 3752 Tum:
1560 3700 1663 3769 ipse
1687 3700 1808 3752 sub-

241 3796 454 3866 jiciatur
478 3795 519 3846 ei
540 3834 553 3858 ,
587 3794 669 3862 qui
709 3792 917 3862 subjecit
944 3793 1041 3861 ipsi
1065 3779 1262 3855 omnia,
1294 3802 1347 3843 ut
1376 3791 1439 3843 sit
1477 3790 1608 3843 Deus
1642 3790 1811 3842 omnia

244 3887 297 3939 in
326 3885 581 3938 omnibus.

322 4022 598 4077 XXXVIII.
638 4022 766 4078 Vide
806 4024 1053 4078 virtutem
1085 4022 1341 4087 dicentis;
1378 4020 1624 4077 conducit
1659 4021 1811 4092 (forte

245 4116 533 4185 Concludit)
572 4117 707 4168 enint
747 4114 1187 4187 ouoodo-tovtﬁlius
1226 4113 1443 4187 subjicit
1469 4112 1601 4180 patri
1630 4112 1807 4165 omnia

248 4208 441 4262 virtute
468 4220 583 4271 sua,
604 4217 657 4258 ut
685 4205 1013 4269 vidctm-,sed
1034 4215 1087 4259 ttt
1108 4216 1186 4259 est
1214 4186 1603 4274 paternaidivit
1626 4203 1763 4256 enim
1792 4218 1805 4253 :

248 4300 556 4371 Subjicietur
583 4299 627 4349 ei
657 4300 740 4366 qui
762 4297 969 4368 subjecit
1002 4298 1100 4365 ipsi
1131 4296 1317 4349 omnia.
1345 4294 1441 4350 Cui
1468 4292 1808 4363 subjicietur?

247 4390 375 4443 Deo.
406 4389 534 4454 Quis
561 4386 893 4455 subjiciatur?
914 4386 1070 4450 ﬁlius,
1095 4386 1176 4437 cui
1200 4385 1416 4453 subiicit
1446 4385 1624 4438 omnia
1646 4385 1805 4439 Deus.

246 4482 401 4533 Actio
419 4481 573 4547 igitur
591 4486 646 4531 ct
669 4488 814 4546 pater
842 4486 893 4530 et
920 4477 1074 4529 ﬁlius.
1102 4474 1405 4531 Sttbstautia
1432 4474 1586 4543 igitur
1614 4474 1807 4527 ubi?In

245 4588 348 4639 qua
378 4571 516 4623 actio
546 4571 676 4637 ipsa,
698 4569 965 4637 magisque
981 4568 1047 4621 sit
1077 4566 1235 4627 actio,
1254 4578 1372 4633 qua:
1394 4572 1474 4617 est
1491 4564 1802 4625 substantia,

247 4662 514 4734 όμοούσιον
562 4674 709 4728 ergo.
742 4659 876 4713 Dicit
900 4658 1090 4711 Paulus
1112 4666 1163 4709 et
1214 4654 1313 4707 hoc
1350 4653 1393 4721 (I
1420 4651 1537 4707 Cor.
1572 4667 1664 4717 xv,
1690 4652 1804 4720 24),

246 4771 358 4806 cum
402 4751 662 4804 tradiderit
695 4766 903 4820 regnum
934 4749 1037 4802 Deo
1067 4758 1111 4801 et
1139 4746 1304 4801 Patri.
1336 4744 1452 4814 Ipse
1484 4745 1639 4813 igitur
1670 4757 1807 4797 nunc

248 4853 468 4911 regnat,
520 4851 573 4897 et
609 4840 897 4893 secundum
944 4840 1210 4907 propriam
1263 4836 1522 4891 aetionetn
1569 4832 1808 4887 Christus

247 4936 457 5005 subjicit
487 4933 662 4985 omnia
685 4974 698 4995 ,
731 4940 783 4984 et
812 4930 1110 4984 inimicitias
1133 4912 1230 4990 .‘et
1258 4927 1426 4998 ipsam
1469 4935 1689 4979 mortem
1716 4940 1807 4977 ex-

249 5025 495 5080 terminat
526 5042 538 5077 :
570 5026 680 5091 ipse
725 5023 881 5091 igitur
923 5020 1163 5088 stthjicit,
1202 5020 1355 5075 sicuti
1408 5019 1535 5073 dicit
1572 5017 1765 5071 Paulus
1790 5058 1805 5080 ,

249 5134 363 5172 cum
393 5116 696 5168 evacuaverit
724 5129 916 5165 omnem
938 5112 1230 5181 potentiam.
1250 5111 1337 5165 Sic
1365 5106 1489 5164 dicit
1510 5109 1648 5178 quod
1670 5109 1806 5161 ﬁlius

251 5208 465 5276 propria
495 5206 683 5257 virtute
715 5203 836 5255 facit
873 5204 991 5255 ista.
1015 5201 1210 5268 Adjicit
1241 5211 1292 5255 et
1322 5200 1459 5255 istud
1488 5198 1646 5270 (Ibid.
1675 5196 1802 5267 25):

255 5299 461 5367 Oportet
503 5296 633 5357 enim
676 5294 820 5347 illum
852 5309 1094 5363 regnare.
1141 5292 1278 5345 Deus
1304 5290 1515 5358 quidem
1558 5303 1651 5341 rex
1687 5301 1805 5340 om-

252 5385 554 5443 ιιὶυηιεερά
603 5385 846 5452 quoniam
896 5381 1155 5455 ὁμοούσιος
1208 5392 1259 5435 et
1319 5380 1488 5441 ﬁlius,
1540 5386 1593 5431 et
1643 5377 1809 5445 magis

249 5480 413 5551 λόγος,
444 5480 543 5530 hoc
569 5485 667 5538 est,
700 5475 932 5542 potentia
956 5483 1008 5527 et
1032 5473 1289 5541 sapientia
1325 5472 1449 5535 Dei;
1481 5484 1699 5523 necesse
1728 5477 1809 5521 est

252 5584 473 5639 regnare
512 5567 734 5634 primum
766 5563 1113 5635 sapientiam,
1148 5578 1238 5631 per
1266 5576 1420 5631 quam
1461 5558 1809 5626 subjicientur

249 5662 423 5714 omnia
446 5676 457 5719 ;
481 5658 608 5729 λόγῳ
632 5653 770 5706 cnim
795 5664 846 5706 et
879 5652 1205 5719 subsistunt,
1246 5659 1298 5706 et
1327 5648 1671 5719 subjicicntur
1691 5661 1776 5700 om
1794 5676 1809 5688 -

1909 1890 2043 1942 Dicit
2069 1903 2216 1957 ergo,
2236 1904 2348 1941 cum
2376 1888 2635 1941 tradiderit
2658 1904 2865 1956 regnum
2887 1886 2991 1941 Deo
3015 1898 3057 1941 et
3090 1888 3239 1953 putri,
3271 1902 3455 1941 neces-

1905 1978 2047 2030 sario
2074 1976 2244 2040 ﬁlius;
2275 1987 2319 2030 et
2346 1993 2458 2029 cum
2483 1976 2794 2030 evacuaverit
2822 1993 3015 2029 omnem
3041 1978 3377 2045 principatum
3416 1984 3460 2028 et

1908 2068 2196 2134 potentiam,
2228 2068 2529 2120 necessario
2559 2066 2715 2120 ﬁlius.
2753 2067 2882 2119 Dicit
2925 2082 3105 2120 rursus
3138 2065 3299 2136 (Ibid.
3329 2065 3457 2135 27):

1906 2156 2216 2211 Cuntuutem
2252 2158 2417 2210 omnia
2451 2158 2674 2229 subjecta
2712 2168 2842 2221 sunt,
2862 2160 3177 2228 manifestum
3205 2160 3337 2226 quod
3375 2173 3464 2210 ex-

1906 2255 1981 2298 tra
2018 2248 2182 2313 ipsum
2217 2247 2301 2314 qui
2343 2246 2542 2317 subjicit
2571 2249 2666 2315 ipsi
2696 2249 2863 2300 omnia
2886 2266 2897 2301 :
2922 2262 3024 2301 non
3071 2261 3226 2316 parva
3269 2248 3463 2302 intelli-

1903 2346 2076 2414 gentia

1976 2478 2215 2533 XXXIX.
2248 2478 2351 2533 Sed
2394 2493 2531 2532 nunc
2557 2477 2899 2531 dimittamus.
2937 2476 3071 2544 Quid
3112 2477 3217 2530 vult
3247 2490 3342 2530 nos
3380 2478 3462 2530 in-

1909 2570 2159 2638 telligerc,
2188 2571 2324 2638 quod
2369 2571 2505 2623 Deus
2534 2584 2692 2623 causa
2738 2570 2821 2637 qui
2852 2570 2938 2632 sit,
2970 2579 3024 2623 et
3069 2580 3382 2638 praepotens,
3410 2578 3464 2623 et

1906 2659 2329 2728 praeprincipiuttt
2360 2661 2637 2728 potentia‘,
2670 2660 2781 2727 ipse
2804 2661 2923 2712 fecit
2949 2662 3145 2723 omnia,
3179 2676 3295 2713 cum
3326 2660 3462 2714 ﬁlius

1905 2746 2066 2801 facit?
2107 2758 2155 2802 ct
2201 2749 2243 2801 si
2274 2761 2419 2817 pater
2460 2750 2509 2801 in
2550 2750 2676 2811 lilio,
2721 2757 2773 2802 et
2800 2748 2937 2803 lilius
2978 2749 3027 2801 in
3078 2760 3243 2817 palrc,
3271 2748 3461 2817 ipsein

1906 2836 2016 2891 ﬁlio
2046 2836 2189 2902 facit,
2218 2852 2336 2907 qua:
2369 2837 2505 2891 lilius
2536 2839 2682 2901 fecit;
2708 2846 2760 2890 et
2789 2836 2963 2907 (Joan.
2990 2852 3041 2901 ν,
3074 2835 3159 2907 19)
3187 2853 3297 2904 qua:
3317 2850 3461 2906 pater

1906 2930 2062 2998 facit,
2100 2930 2237 2998 ﬁlius
2277 2931 2402 3000 facit
2442 2928 2822 2995 indi/ferentem
2856 2929 3013 2997 igitur
3039 2939 3129 2983 aut
3169 2930 3335 2996 patri,
3370 2944 3463 2983 aut

1910 3024 2015 3077 ﬁlio
2042 3023 2230 3078 dantur
2271 3023 2478 3085 omnia,
2512 3023 2620 3076 sive
2658 3022 2991 3089 operationcs
3014 3061 3027 3083 ,
3061 3023 3173 3076 sive
3214 3024 3461 3091 requies:

1907 3113 1960 3167 in
1989 3115 2155 3168 altero
2183 3114 2321 3167 enim
2353 3112 2414 3165 ad
2445 3114 2779 3175 alterutrntn,
2811 3120 2863 3164 ct
2885 3110 3014 3165 nihil
3038 3111 3295 3176 alterum,
3323 3113 3464 3181 quod

1907 3205 1959 3258 in
1989 3219 2091 3258 uno
2118 3204 2360 3258 alterum.
2398 3203 2465 3257 Et
2502 3203 2696 3256 idcirco
2720 3218 2876 3256 unum
2908 3202 3117 3269 solum,
3145 3212 3200 3256 et
3229 3204 3359 3257 nihil
3388 3204 3465 3257 al-

1904 3302 2097 3356 terum,
2124 3292 2217 3347 sed
2247 3293 2587 3347 subsistentia
2616 3293 2826 3360 propria
2847 3303 2898 3346 et
2925 3303 3070 3361 pater
3107 3304 3159 3347 et
3191 3294 3328 3346 ﬁlius
3354 3304 3459 3357 est,

1905 3383 1970 3437 ab
2002 3398 2101 3437 una
2134 3398 2200 3437 ex
2246 3395 2392 3451 patre
2439 3381 2756 3435 substantia.
2788 3380 2951 3433 Filius
2978 3389 3175 3446 autem,
3204 3381 3305 3435 hoc
3343 3391 3459 3446 est,

1901 3473 2044 3546 λόγος
2074 3512 2091 3537 ,
2115 3471 2284 3525 activa
2318 3472 2549 3538 potentia
2569 3480 2667 3532 est,
2699 3480 2751 3523 et
2775 3485 2889 3539 qua:
2911 3470 3086 3533 faciat,
3117 3478 3169 3523 et
3189 3486 3306 3537 qua:
3330 3471 3469 3523 vivi-

1905 3562 2047 3627 ﬁcct,
2074 3571 2128 3616 ct
2151 3564 2221 3616 sit
2253 3560 2667 3630 intelligentialis
2687 3578 2700 3613 :
2724 3558 2899 3612 omnia
2939 3558 3250 3628 igiturjusta
3276 3566 3331 3613 et
3367 3575 3459 3628 ge-

1907 3660 2075 3711 nerat.
2109 3652 2312 3705 etfacit
2351 3649 2638 3705 secundum
2680 3650 2836 3701 vitam
2858 3688 2871 3711 ,
2901 3656 2954 3703 et
2976 3658 3250 3718 rcgeuerat
3273 3664 3463 3705 secun-

1906 3740 2029 3795 dum
2060 3740 2462 3811 intelligentiam
2494 3742 2726 3794 veritatis
2755 3748 2808 3793 et
2837 3740 2956 3805 Dei,
3002 3755 3158 3808 quam
3196 3740 3285 3794 dat
3307 3739 3462 3797 Jesus

1907 3832 2152 3887 omnibus
2193 3832 2333 3905 λόγος
2364 3846 2480 3885 cutn
2519 3831 2605 3897 sit,
2646 3831 2878 3885 omnium
2911 3839 2964 3884 et
3012 3832 3466 3899 iutellcctuutn,et

1908 3922 2274 3976 universaliter
2287 3923 2519 3976 omnium
2530 3938 2560 3990 q
2570 3936 2647 3974 ua:
2662 3921 2861 3975 sunLSi
2878 3920 3141 3989 igitttriste
3155 3930 3393 3989 generat,
3408 3930 3463 3977 et

1908 4014 2004 4068 istc
2036 4022 2308 4083 regenerat
2327 4014 2503 4067 omnia
2525 4054 2537 4077 ,
2569 4014 2663 4065 iste
2691 4012 2901 4079 subjicit
2921 4011 3127 4077 omnia,
3153 4028 3255 4066 non
3289 4014 3459 4066 solum

1907 4100 2168 4168 homines,
2184 4103 2271 4156 sed
2286 4110 2340 4157 et
2355 4110 2408 4156 ut
2423 4100 2753 4155 dicitl‘aulus
2772 4142 2786 4165 ,
2801 4116 3012 4155 omnem
3038 4103 3383 4170 principatum
3408 4110 3463 4155 et

1907 4204 2116 4245 omnem
2145 4193 2427 4259 potentiam
2446 4207 2459 4255 ;
2478 4190 2724 4257 numquid
2742 4191 2837 4242 ista
2854 4201 2906 4243 ut
2934 4191 3111 4255 homo,
3128 4205 3192 4243 an
3217 4199 3271 4244 ut
3296 4191 3460 4264 λόγοςῖ

1910 4280 2114 4335 Etenim
2131 4282 2296 4348 ipsum
2315 4279 2574 4347 subjicere
2590 4292 2692 4332 non
2711 4278 2960 4347 temporis
2973 4281 3139 4333 solum
3152 4281 3267 4347 ejus
3280 4296 3341 4335 ex
3356 4297 3463 4350 quo

1910 4372 1973 4427 dc
1993 4371 2152 4425 Maria
2168 4372 2321 4432 lilius,
2342 4370 2432 4422 sed
2452 4380 2503 4422 et
2520 4377 2663 4433 ante,
2683 4377 2736 4422 et
2751 4376 2952 4436 postea.
2973 4369 3024 4422 Si
3042 4371 3179 4423 enim
3199 4369 3458 4424 diluvium

1912 4463 2101 4516 factum
2132 4469 2213 4515 est
2235 4501 2247 4522 ,
2285 4461 2327 4513 si
2358 4459 2588 4515 Sodoma
2614 4467 2666 4512 et
2690 4457 2984 4513 Gomorrba
3022 4460 3254 4526 incensa,
3280 4460 3324 4514 si
3347 4460 3463 4515 hcce

1911 4565 1964 4610 et
2015 4557 2136 4608 talia
2191 4554 2356 4607 multa
2395 4554 2528 4607 facta
2570 4564 2718 4619 sunt,
2767 4554 2810 4607 si
2854 4554 2907 4608 in
2961 4554 3236 4622 prteseutia
3288 4554 3462 4621 prima

1914 4645 2198 4713 triumphat
2225 4645 2464 4696 inimicos
2507 4644 2557 4696 in
2586 4644 2888 4711 semetipso,
2924 4643 2965 4695 si
2995 4643 3044 4695 in
3073 4641 3303 4695 secunda
3327 4657 3463 4712 pra:-

1912 4738 2077 4790 scntia
2136 4734 2426 4787 novissimus
2467 4734 2695 4787 inimicus
2744 4734 3060 4785 evacuabitur
3106 4748 3274 4796 mors;
3323 4733 3463 4789 ﬁlius

1908 4827 2043 4897 λόγος
2069 4826 2188 4877 facit
2214 4824 2333 4890 ista,
2361 4824 2450 4877 sed
2480 4826 2711 4893 potentia
2743 4831 2976 4888 paterna.
3006 4821 3153 4876 Facit
3174 4824 3328 4891 igitur
3347 4838 3465 4877 om-

1912 4918 1997 4971 nia
2023 4916 2237 4985 Spiritus
2271 4917 2555 4984 ερὶι·ἰιιι;ιὶι;ι
2578 4956 2592 4979 ,
2635 4925 2753 4966 tunc
2790 4922 2835 4966 et
2873 4915 2980 4983 ipse
3016 4915 3306 4983 subjicietur
3332 4913 3459 4981 Deo,

1911 5006 2191 5078 subjicienti
2206 5006 2247 5059 ei
2271 5006 2435 5059 omnia
2460 5020 2476 5058 :
2498 5007 2762 5058 evacuatis
2779 5004 2917 5058 enim
2941 5003 3204 5067 omnibus,
3226 5004 3464 5071 requies-

1913 5099 1983 5152 cit
2009 5091 2177 5150 activa
2221 5097 2479 5164 potentia,
2514 5105 2568 5148 et
2602 5098 2703 5148 erit
2744 5095 2791 5146 in
2842 5095 2952 5161 ipso
2997 5093 3134 5145 Deus
3171 5093 3464 5147 secundum

1912 5188 2049 5259 quod
2090 5196 2173 5241 est
2214 5202 2361 5253 esse,
2393 5195 2447 5241 et
2472 5186 2756 5240 secundum
2788 5184 2921 5251 quod
2952 5192 3035 5236 est
3058 5185 3332 5252 quiescere
3362 5201 3373 5236 :
3410 5185 3463 5238 in

1914 5280 2030 5333 aliis
2060 5287 2232 5333 autem
2266 5280 2508 5332 omnibus
2533 5276 2890 5345 spiritualitcr,
2923 5276 3212 5330 secundum
3242 5291 3387 5330 suam
3409 5286 3467 5332 ct

1917 5369 2197 5437 potentiam
2238 5377 2291 5422 ct
2333 5367 2697 5420 substantiam.
2747 5365 2807 5417 lit
2849 5364 2947 5417 hoc
2989 5373 3067 5419 est
3103 5365 3146 5435 (Ι
3198 5366 3313 5421 Car.
3357 5382 3461 5431 xv,

1913 5460 2027 5525 28),
2054 5469 2107 5511 ut
2130 5460 2191 5511 sit
2217 5460 2269 5511 in
2296 5457 2432 5511 Deus
2458 5456 2623 5509 omnia
2648 5455 2697 5507 in
2723 5455 2979 5508 onnu’bus:
3000 5471 3101 5509 non
3122 5455 3261 5509 enim
3288 5440 3464 5508 omnia

1915 5553 1966 5607 in
1994 5565 2327 5620 unoquoque,
2352 5549 2441 5603 sed
2478 5547 2583 5600 Deo
2603 5547 2861 5599 existente
2891 5547 2940 5601 in
2964 5547 3225 5610 omnibus,
3269 5555 3322 5599 et
3341 5545 3462 5601 idco

1914 5641 2089 5697 omnia
2115 5641 2214 5696 erit
2244 5641 2398 5701 Deus,
2420 5636 2556 5707 quod
2585 5636 2762 5691 omnia
2791 5645 2943 5691 erunt
2969 5636 3075 5691 Deo
3099 5636 3267 5703 plena.
