3950 6206
403 216 537 275 1071

1678 226 1866 282 MARII
1906 222 2244 284 VICTORINI
2284 223 2439 279 AFRI

3523 217 3674 274 107i

472 330 584 386 XL.
618 329 865 387 Dicamus
890 342 943 387 et
978 334 1081 388 alia
1111 334 1288 404 (Rom.
1317 350 1357 400 ι,
1384 335 1470 406 16)
1497 352 1509 389 :
1544 335 1663 389 Non
1689 339 1818 391 enim
1857 353 1975 391 eru-
2006 338 2055 395 Α
2081 332 2197 385 aliis
2228 332 2448 397 talibus,
2485 332 2535 385 in
2565 330 2753 401 quibus
2782 340 2833 385 et
2863 330 3001 385 istud
3032 329 3252 395 accidit,
3300 340 3669 399 quaecumque

401 424 543 476 besco
571 422 901 493 Evangelimn
927 425 1038 479 Dei.
1073 426 1330 481 Virtutem
1362 436 1414 481 et
1448 428 1736 496 potentiam
1774 428 1969 482 Paulus

400 512 525 568 dicit
565 514 831 569 Christum
860 516 1062 582 Iesum,
1097 518 1195 571 hoc
1224 518 1364 572 enim
1397 520 1733 585 Evangelium
1762 518 1891 572 dicit
1916 527 1970 571 et

401 603 467 657 de
491 606 593 658 isto
629 605 669 676 (Ι
710 604 826 660 Cor.
868 622 905 671 t,
931 605 1022 676 ΞΑ)
1049 622 1062 659 :
1093 606 1320 661 Christus
1342 624 1467 678 ergo
1498 607 1593 662 Dei
1634 620 1677 661 ct
1720 608 1972 676 sapientia

402 702 448 748 et
492 696 667 749 virtus.
718 695 855 763 Quid
884 696 1076 751 deinde
1124 698 1381 766 sapienlia
1422 707 1477 752 et
1499 698 1669 751 virtus
1711 698 1833 751 Dei?
1870 710 1973 748 non

409 783 526 853 ipse
554 784 737 838 Deus?
768 785 881 838 Non
909 785 1047 839 enim
1072 795 1126 839 ut
1151 786 1201 839 in
1230 787 1563 855 corporibus,
1592 796 1684 840 aut
1710 786 1761 839 iu
1790 800 1973 853 corpo-

404 873 641 938 ralibus,
670 873 810 928 aliud
855 885 935 929 est
971 876 1366 946 oculus,.aliud
1410 877 1565 931 visio.
1597 880 1699 929 Aut
1727 876 1777 928 in
1824 874 1975 944 igne,

407 965 550 1019 aliud
584 964 749 1035 ignis,
782 966 925 1019 aliud
979 968 1156 1021 lumen
1198 966 1345 1033 ejus:
1371 975 1489 1036 eget
1527 966 1667 1019 enim
1713 966 1900 1017 oculus
1929 972 1982 1017 et

408 1054 547 1126 ignis
589 1055 809 1111 alterius
858 1057 1100 1127 alicujus,
1152 1066 1205 1110 et
1255 1057 1439 1111 oculus
1480 1057 1697 1109 alterius
1735 1054 1978 1129 luminis,

409 1154 468 1200 ut
502 1144 571 1199 sit
614 1160 678 1199 ex
733 1145 846 1215 ipso
882 1155 934 1200 et
984 1146 1035 1200 in
1086 1145 1227 1214 ipso;
1265 1145 1399 1199 visio
1428 1144 1563 1213 ignis
1593 1155 1646 1199 et
1696 1144 1836 1198 aeris
1859 1185 1898 1209 ,,
1929 1153 1985 1197 nt

415 1236 489 1291 sit
513 1253 575 1292 ex
613 1237 727 1306 ipso
780 1239 975 1291 lumen.
1031 1238 1133 1293 Sed
1174 1237 1329 1294 sicuti
1382 1237 1602 1303 visionis
1647 1236 1879 1305 potentia
1929 1234 1980 1288 in

418 1344 478 1386 se
506 1328 665 1384 habet
691 1330 946 1383 visionem
980 1341 1103 1383 tunc
1135 1330 1261 1384 foris
1310 1330 1653 1392 existentem,
1688 1344 1805 1382 eum
1857 1343 1983 1396 ope-

416 1428 565 1473 ratur
588 1420 822 1488 potentia
854 1419 1093 1481 visionis,
1125 1429 1175 1473 et
1202 1429 1483 1486 generatur
1511 1435 1537 1472 a
1565 1418 1799 1487 potentia
1824 1417 1984 1471 visio-

414 1510 501 1564 nis
526 1510 691 1573 visio,
740 1509 1008 1579 unigenita
1044 1524 1103 1563 ea
1141 1509 1290 1578 ipsa:
1327 1507 1460 1561 nihil
1492 1508 1631 1561 enim
1661 1506 1799 1560 aliud
1835 1506 1901 1560 ab
1921 1521 1983 1560 ea

415 1598 669 1670 gignitur,
699 1608 752 1653 et
776 1600 838 1651 ad
873 1600 1160 1667 potentiam
1200 1599 1420 1653 visionis
1449 1598 1584 1651 visio
1625 1606 1729 1663 est,
1764 1613 1864 1651 non
1904 1596 1985 1650 in-

2080 424 2191 476 sint
2228 424 2450 486 similia,
2485 421 2669 478 eadem
2696 438 2812 477 esse
2844 422 3152 503 dissimilia,
3182 423 3369 477 aliaet
3395 421 3497 473 alia
3529 434 3670 489 qna-

2073 515 2236 570 litate.
2268 516 2451 570 Simile
2479 516 2621 570 enim
2651 531 2753 569 non
2784 515 2955 575 idem,
2982 530 3152 584 neque
3180 514 3319 567 idem
3350 527 3539 574 unum,
3565 510 3668 564 sed

2075 606 2212 659 idem
2254 607 2548 675 geminum:
2599 622 2759 661 unum
2802 615 2856 661 et
2897 606 2995 659 ista
3039 621 3143 659 non
3192 604 3523 666 substantia,
3567 600 3667 655 sed

2078 711 2300 750 numero
2342 712 2521 750 unum.
2552 696 2659 751 Nos
2688 712 2828 751 nunc
2856 697 2919 750 de
2948 695 3244 750 substantia
3277 694 3665 764 perquirimus,

2078 801 2191 853 qnze
2220 787 2270 839 in
2305 787 2438 847 Deo,
2471 796 2562 841 aut
2590 788 2695 840 ﬁlio
2717 828 2730 850 ,
2762 797 2852 840 aut
2882 787 2991 855 ipsa
3034 797 3144 851 est,
3175 795 3267 840 aut
3307 786 3531 839 eadem:
3574 794 3669 838 aut

2084 876 2243 929 modo
2272 878 2498 946 quodam
2530 887 2582 932 et
2612 879 2722 947 ipsa
2750 890 2801 933 et
2830 879 3035 933 eadem.
3078 876 3359 945 Quomodo
3391 892 3521 945 ergo
3551 878 3667 945 ipsa

2081 976 2161 1019 est
2201 966 2517 1021 adventante
2558 966 2688 1033 ﬁlio,
2731 977 2784 1022 et
2815 978 2955 1021 tanta
2988 967 3212 1022 faciente
3237 978 3293 1022 et
3332 965 3389 1019 in
3432 967 3572 1019 cado
3612 973 3665 1019 et

2085 1058 2137 1110 in
2170 1068 2303 1112 terra
2325 1099 2339 1124 ,
2372 1069 2424 1113 et
2458 1059 2687 1113 intrante
2718 1059 2768 1112 in
2797 1060 3049 1113 carnem?
3079 1058 3358 1125 Quomodo
3399 1056 3559 1111 Iesus
3599 1057 3665 1109 Ii-

2085 1147 2219 1211 lius,
2252 1149 2391 1217 quod
2425 1148 2686 1217 signiﬁcat
2727 1158 2964 1217 patrem,
3006 1147 3271 1218 quomodo
3311 1157 3366 1201 et
3406 1156 3516 1201 tres
3545 1154 3669 1200 sunt

2085 1236 2413 1303 substantite,
2450 1238 2615 1301 Deus,
2652 1239 2828 1312 Λόγος,
2857 1237 3083 1307 Spiritus
3110 1246 3354 1292 sanctus:
3388 1253 3496 1290 non
3525 1238 3667 1290 enim

2082 1336 2291 1395 oportet
2334 1327 2540 1391 dicere,
2585 1343 2684 1383 nec
2723 1327 2803 1382 fas
2841 1337 2923 1382 est
2947 1329 3152 1393 dicere,
3187 1342 3345 1381 unam
3376 1342 3499 1381 esse
3529 1326 3655 1380 sub-

2085 1416 2361 1482 stantiam,
2392 1426 2501 1472 tres
2531 1433 2651 1473 esse
2677 1433 2952 1487 personas.
2984 1419 3036 1471 Si
3065 1420 3206 1472 enim
3237 1418 3335 1472 ista
3380 1418 3495 1484 ipsa
3537 1416 3666 1470 sub-

2084 1508 2272 1561 stantia
2299 1520 2349 1563 et
2377 1510 2480 1579 egit
2501 1510 2676 1564 omnia
2696 1551 2709 1574 ,
2734 1520 2787 1564 et
2812 1524 2962 1579 passa
2993 1519 3102 1574 est,
3133 1509 3515 1578 Patripassiani
3541 1523 3665 1579 ergo

2086 1607 2139 1653 et
2169 1616 2291 1654 nos:
2324 1601 2479 1655 absit.
2511 1601 2645 1668 Quid
2676 1602 2866 1671 igitur?
2895 1601 3079 1657 eadem
3108 1611 3221 1667 est,
3253 1618 3356 1655 non
3392 1602 3539 1671 ipsa:
3571 1600 3664 1655 sed

418 1702 503 1746 tus
534 1693 723 1756 solum,
758 1692 850 1746 sed
881 1702 933 1746 et
960 1694 1098 1746 intus
1125 1692 1174 1745 in
1202 1691 1457 1759 potentia,
1488 1691 1538 1744 in
1568 1690 1777 1743 actione
1808 1688 1977 1758 magis
2014 1690 2061 1748 B
2090 1694 2130 1746 si
2164 1693 2297 1746 istud
2321 1734 2335 1759 ,
2367 1696 2857 1762 attlxprmexislenle
2884 1694 3179 1749 substantia
3208 1693 3336 1755 duo,
3366 1704 3461 1747 aut
3490 1692 3560 1747 ab
3585 1705 3672 1745 ea-

416 1783 551 1838 foris
572 1825 586 1848 ,
630 1793 683 1838 et
712 1783 831 1838 ideo
848 1784 935 1869 jad
980 1783 1267 1853 potentiam
1290 1825 1304 1847 ,
1336 1782 1531 1853 quippe
1563 1782 1693 1836 visio
1724 1798 1843 1837 cum
1884 1780 1986 1845 sit,

420 1874 680 1947 ὁμοούσιον
710 1889 835 1944 ergo
852 1874 1069 1929 visionis
1085 1873 1338 1944 potentiae
1360 1872 1514 1939 visio,
1534 1882 1587 1927 et
1617 1889 1774 1926 unum
1800 1880 1987 1925 totum.

421 1968 492 2023 Et
517 1967 751 2035 potentia
778 1967 989 2036 quidem
1014 1967 1261 2035 quiescit,
1282 1966 1417 2020 visio
1436 1974 1610 2020 autem
1640 1966 1689 2018 in
1714 1974 1855 2019 motu
1877 1974 1991 2019 est:

423 2067 480 2113 ct
515 2072 609 2125 per
637 2056 896 2111 visionem
934 2058 1111 2110 omnia
1158 2056 1383 2111 visibilia
1427 2058 1579 2122 ﬁunt,
1629 2066 1682 2110 et
1720 2056 1995 2126 passiones

2090 1782 2209 1836 dem
2232 1782 2507 1849 scissione,
2530 1793 2619 1837 aut
2637 1784 2921 1839 amissione
2947 1784 3110 1853 partis
3134 1784 3370 1853 ejusdem
3400 1783 3511 1850 ipsa
3540 1782 3672 1837 facta

2094 1882 2176 1925 est
2197 1872 2377 1926 eadem
2398 1890 2410 1924 :
2429 1888 2597 1942 neque
2622 1873 2951 1940 dimissione,
2969 1890 3138 1943 neque
3158 1874 3507 1929 diminutione
3534 1873 3672 1926 ﬁlius

2100 1972 2252 2017 natus
2294 1975 2404 2028 est,
2438 1964 2529 2018 sed
2563 1965 2827 2034 perfectus
2855 1976 3021 2033 pater,
3057 1976 3108 2020 ct
3138 1980 3349 2034 semper
3376 1965 3670 2034 perfectus,

2098 2065 2151 2109 et
2179 2071 2388 2125 semper
2428 2056 2893 2125 paterzperfeetus
2936 2058 3103 2123 ﬁlius,
3152 2066 3207 2112 et
3249 2073 3464 2127 semper
3500 2056 3673 2128 perfe-

425 2152 568 2207 circa
617 2149 873 2203 visionem
919 2159 1073 2213 sunt,
1131 2149 1349 2204 visionis
1395 2148 1627 2218 potentia
1684 2147 1996 2217 impassibili

438 2242 722 2308 existente,
750 2252 802 2296 et
830 2240 945 2295 sine
988 2240 1232 2311 passione
1276 2240 1532 2295 visionem
1572 2249 1878 2311 generante.
1911 2240 1999 2295 Sic

432 2333 594 2403 igitur
618 2342 670 2387 et
694 2331 871 2385 virtus
889 2340 941 2386 et
969 2330 1227 2399 sapientia
1258 2330 1349 2385 Dei
1380 2330 1491 2399 ipse
1515 2332 1674 2394 Deus,
1697 2342 1779 2386 est
1807 2340 1996 2394 totum,

432 2425 574 2493 quod
616 2423 863 2493 simplex,
907 2432 961 2477 et
987 2423 1124 2491 quod
1161 2439 1321 2476 unum
1345 2462 1358 2485 ,
1396 2431 1448 2475 et
1475 2422 1628 2475 unius
1673 2432 1726 2475 et
1766 2421 2000 2487 ejusdem

430 2517 765 2579 substantias,
800 2526 850 2570 et
882 2514 1035 2569 simul
1063 2531 1125 2568 ex
1157 2523 1378 2577 mterno,
1418 2522 1473 2567 ct
1514 2529 1751 2579 semper,
1784 2522 1837 2567 et
1865 2529 1892 2563 a
1915 2527 2005 2580 pa-

433 2617 536 2676 tre,
572 2606 661 2678 qui
686 2606 768 2661 sui
793 2615 1073 2676 generator
1117 2614 1199 2660 est
1254 2605 1508 2659 existens.
1544 2604 1811 2672 Sapientit
1850 2603 2007 2668 igitur

436 2708 491 2753 et
521 2697 688 2753 virtus
713 2696 1059 2767 operationis,
1090 2696 1222 2749 hanc
1245 2698 1384 2749 enim
1408 2696 1653 2748 virtutem
1686 2709 1823 2747 nunc
1844 2692 2008 2762 signi-

436 2788 602 2843 ﬁcat:
641 2788 916 2855 conjunxit
951 2786 1092 2839 enim
1133 2784 1445 2854 sapientiam
1484 2793 1537 2839 et
1557 2784 1823 2838 virtutem.
1872 2784 2007 2852 Ergo

438 2881 630 2935 horum
656 2876 889 2947 potentia
918 2886 997 2931 est
1028 2877 1186 2939 Dens,
1211 2886 1263 2929 et
1291 2876 1408 2929 ideo
1438 2885 1612 2944 pater,
1644 2876 1782 2943 quod
1806 2875 1872 2925 ab
1894 2874 2009 2940 ipso
2112 2874 2251 2926 niam
2280 2872 2417 2941 quod
2446 2877 2513 2926 sit
2536 2874 2649 2942 ipsa
2676 2874 2931 2939 dicemus,
2958 2877 3069 2931 sive
3099 2877 3261 2930 Deum
3286 2876 3519 2953 ειΛόγον
3544 2879 3683 2933 dioe-

442 2972 545 3028 ista
572 2988 584 3023 :
615 2969 781 3039 gignit
816 2966 955 3022 enim
994 2966 1094 3020 ista
1132 2967 1181 3019 in
1227 2965 1487 3019 actionem
1511 2973 1563 3018 et
1594 2962 2006 3033 impassibiliter,
2114 2978 2258 3028 mus,
2303 2964 2414 3017 sive
2448 2964 2609 3019 Deum
2640 2974 2691 3019 et
2720 2965 2811 3019 Dei
2839 2967 3083 3021 virtutem
3116 2977 3169 3021 et
3196 2968 3539 3036 sapientiam.
3568 2970 3686 3025 Sive

444 3060 590 3132 quod
628 3059 872 3131 ὁμοούσια
902 3065 1023 3110 sunt
1054 3057 1285 3125 potentia
1326 3064 1377 3109 et
1407 3054 1543 3107 actio
1571 3062 1623 3106 et
1652 3053 1809 3119 Deus,
1841 3062 1893 3106 et
1918 3052 2011 3106 Dei
2040 3052 2083 3113 C
2116 3056 2255 3123 quod
2282 3067 2363 3109 est
2387 3072 2506 3111 esse
2532 3066 2586 3111 et
2611 3059 2795 3124 vitam,
2820 3060 2934 3113 sive
2954 3059 3093 3128 quod
3122 3070 3201 3113 est
3224 3075 3344 3131 esse
3371 3062 3683 3132 intelligere,

448 3152 641 3214 virtus,
676 3159 728 3204 et
768 3147 1024 3217 sapientia
1053 3164 1065 3200 :
1096 3162 1211 3215 qua:
1242 3161 1358 3199 cum
1394 3144 1562 3199 activa
1601 3152 1741 3205 sunt,
1776 3144 1921 3214 juxta
1952 3158 2013 3197 ea
2116 3156 2207 3199 aut
2234 3147 2630 3217 intelligentiam
2650 3189 2663 3213 ,
2688 3151 2799 3204 sive
2822 3164 2942 3204 esse
2966 3159 3021 3205 et
3045 3153 3205 3205 vitam
3232 3152 3556 3223 intelligere,
3581 3154 3688 3207 sive

448 3256 566 3313 qua:
591 3239 720 3294 foris
756 3248 879 3293 sunt
898 3253 1078 3292 curam
1109 3236 1387 3300 habentia,
1416 3236 1480 3289 ad
1514 3237 1677 3289 Deum
1704 3245 1848 3298 sunt,
1877 3249 2015 3289 sem-
2120 3245 2319 3305 patrem
2363 3247 2417 3293 et
2457 3238 2654 3305 ﬁlium,
2700 3241 2811 3294 sive
2851 3240 3030 3296 lumen
3068 3251 3121 3297 et
3156 3242 3551 3311 eﬁ‘ulgentiam,
3581 3244 3689 3299 sive

450 3349 547 3403 per
602 3330 913 3401 sapientiam
971 3330 1179 3392 dantia,
1242 3343 1450 3396 semper
1508 3325 1856 3387 viviﬁcantia,
1912 3340 2016 3379 non
2120 3324 2283 3380 Deum
2312 3336 2364 3381 et
2391 3327 2922 3392 characterem,sive
2954 3331 3121 3385 Deum
3150 3340 3205 3385 et
3230 3332 3455 3385 formam
3485 3344 3538 3386 et
3565 3334 3692 3386 ima-

450 3425 649 3487 Deum,
699 3422 789 3477 sed
843 3436 872 3474 a
936 3422 1042 3475 Deo
1087 3420 1276 3473 factam
1336 3433 1426 3487 per
1474 3417 1753 3485 semetipsa
1807 3431 2018 3471 omnem
2120 3416 2323 3486 ginem,
2354 3418 2465 3472 sive
2488 3419 2829 3472 substantiam
2856 3429 2908 3475 et
2934 3422 3353 3489 speciem',sicut
3382 3424 3484 3487 ibi,
3513 3439 3613 3477 noxi
3641 3432 3694 3477 ut

457 3524 754 3570 creaturam
794 3528 807 3564 :
854 3522 907 3566 et
950 3512 994 3566 si
1043 3526 1144 3580 qua
1216 3510 1425 3579 passio,
1469 3508 1521 3561 in
1584 3507 1792 3562 actione
1850 3505 2022 3575 passio
2125 3506 2274 3572 lieic,
2308 3509 2417 3563 sive
2446 3509 2791 3563 substantiam
2823 3518 2877 3564 et
2909 3512 3228 3576 motionem,
3260 3513 3373 3567 sive
3407 3514 3692 3581 potentiam

456 3613 559 3661 est.
602 3604 706 3657 Isto
766 3602 923 3656 modo
967 3602 1079 3655 sive
1124 3602 1264 3675 λόγος
1300 3609 1378 3653 est
1426 3599 1598 3662 Jesus,
1652 3597 1762 3651 sive
1810 3598 2020 3659 lumen,
2126 3609 2178 3652 et
2200 3600 2482 3663 actionem,
2510 3600 2620 3655 sive
2641 3601 2908 3655 silentium
2934 3610 2987 3657 et
3006 3604 3220 3658 effatum
3250 3604 3423 3672 ipsum
3452 3607 3694 3661 substan-

464 3694 578 3748 sive
626 3691 960 3761 refulgentia,
1006 3690 1116 3744 sive
1165 3689 1351 3754 forma,
1386 3689 1495 3742 sive
1540 3689 1747 3758 imago,
1773 3676 1884 3741 sive
1923 3688 2027 3742 vir-
2128 3689 2251 3741 tiam
2279 3704 2398 3744 esse
2425 3690 2800 3745 conﬁtendum.
2833 3692 2997 3746 Deum
3026 3694 3166 3747 enim
3199 3694 3342 3763 quod
3368 3706 3598 3751 estesse
3624 3697 3697 3751 di-

459 3792 549 3839 tus
590 3793 644 3837 et
673 3781 931 3851 sapientia
954 3821 969 3846 ,
996 3782 1105 3835 sive
1152 3781 1452 3845 character,
1482 3779 1593 3833 sive
1634 3780 1738 3831 vita
1772 3779 2028 3849 ὁμοούσιον
2128 3790 2313 3835 centes
2336 3780 2498 3834 ﬁlium
2520 3782 2714 3848 vitam;
2739 3784 3335 3853 quomodoseparamus
3365 3787 3530 3841 vitam
3553 3788 3615 3841 ab
3637 3801 3695 3843 eo

461 3874 735 3945 apparebit
760 3872 914 3942 Λόγος
941 3881 993 3927 et
1037 3872 1171 3926 Deus
1204 3872 1381 3933 Pater,
1423 3879 1482 3923 et'
1504 3869 1690 3935 Filius,
1725 3869 1951 3938 Spiritus
1978 3877 2032 3923 et
2131 3869 2271 3938 quod
2299 3880 2379 3924 est
2404 3885 2543 3931 esse.
2570 3872 2681 3925 sive
2708 3871 2757 3926 in
2786 3883 2963 3940 patre,
2990 3874 3100 3928 sive
3127 3874 3179 3927 in
3208 3875 3348 3927 ﬁlio?
3375 3876 3587 3930 Etenim
3617 3892 3698 3946 pa-

464 3964 725 4018 Christus.
2134 3970 2216 4014 ter
2257 3962 2306 4014 in
2343 3961 2518 4030 seipse
2544 3960 2701 4016 habet
2728 3961 2919 4028 vitam,
2947 3972 3001 4019 et
3025 3963 3196 4030 ﬁlius,
3224 3974 3454 4035 excepto
3482 3968 3620 4037 quod
3645 3969 3699 4021 ﬁ-

540 4055 670 4110 XLI.
702 4053 886 4108 Adhuc
912 4053 1218 4107 inducamus
1244 4051 1425 4106 eadem
1450 4052 1581 4121 ipsa.
1611 4051 1778 4106 Vitam
1801 4051 2036 4106 dicentes
2134 4050 2233 4104 lius
2268 4066 2296 4104 a
2341 4063 2488 4121 patre
2513 4053 2715 4122 accepit
2742 4053 2881 4120 quod
2911 4054 3088 4109 habet.
3117 4054 3275 4111 Pater
3300 4072 3431 4127 ergo
3458 4070 3513 4112 et
3542 4058 3699 4114 Filius

465 4147 767 4213 Christum,
799 4145 1064 4216 quomodo
1090 4146 1345 4216 ὁμοούσιος
1374 4154 1453 4199 est
1481 4145 1623 4199 Deo?
1653 4145 1783 4200 Dicit
1807 4144 2036 4199 Joannes
2136 4156 2164 4193 a
2197 4156 2255 4196 se
2280 4142 2412 4206 orti,
2447 4157 2475 4195 a
2507 4157 2564 4198 se
2590 4151 2831 4212 potentes
2858 4144 2922 4198 ad
2954 4145 3145 4210 vitam,
3186 4147 3261 4200 sic
3301 4145 3435 4201 mihi
3476 4150 3700 4220 intellige

469 4240 662 4312 (Joan.
688 4256 733 4301 ι,
759 4240 813 4305 5,
839 4238 932 4307 4);
968 4238 1114 4304 Quod
1141 4239 1329 4305 factum
1353 4246 1452 4298 est,
1480 4238 1531 4290 in
1558 4238 1667 4306 ipso
1694 4238 1793 4291 vita
1818 4248 1940 4290 erat.
1968 4236 2041 4290 Et
2138 4231 2337 4287 habere
2365 4234 2569 4299 dicere,
2603 4234 2867 4305 quomodo
2896 4236 3271 4306 Evangelium,
3301 4248 3349 4291 et
3388 4250 3540 4307 pater
3578 4243 3700 4294 enim

468 4332 659 4385 iterum
684 4327 874 4399 (Joan.
905 4326 1080 4394 v,26)
1104 4344 1114 4377 :
1142 4326 1303 4379 Sicuti
1328 4327 1457 4379 enim
1485 4336 1621 4393 pater
1646 4326 1789 4379 liabet
1814 4327 1963 4379 vitam
1986 4326 2039 4378 in
2142 4323 2286 4376 liabet
2325 4325 2376 4376 in
2406 4340 2457 4377 se
2484 4324 2655 4377 vitam.
2698 4324 2902 4379 Habere
2940 4341 3069 4397 ergo
3107 4342 3211 4381 non
3250 4329 3403 4397 quasi
3441 4330 3586 4387 aliud
3616 4330 3699 4387 sed

468 4420 754 4487 semetipso,
793 4419 865 4470 sic
903 4426 946 4469 et
984 4416 1089 4483 ﬁlio
1117 4417 1249 4468 dedit
1286 4416 1436 4467 vitam
1466 4416 1644 4469 habere
1666 4419 1716 4469 in
1743 4418 2003 4484 semetipso
2023 4432 2041 4470 :
2065 4419 2116 4478 D
2143 4414 2312 4483 ipsum
2343 4422 2453 4479 est,
2484 4414 2574 4469 sed
2608 4414 2658 4468 in
2690 4414 2978 4471 intellectu.

2097 2155 2244 2209 ctus,
2291 2158 2344 2200 et
2388 2162 2450 2201 ex
2496 2156 2695 2201 mterno
2736 2158 2790 2202 et
2828 2150 2876 2203 in
2907 2158 3162 2203 attentum
3197 2148 3355 2203 ﬁlius.
3386 2149 3666 2216 Quomodo

2101 2241 2257 2309 igitur
2282 2240 2464 2293 eadem
2487 2284 2499 2304 ,
2531 2241 2580 2292 in
2608 2240 2812 2295 duobus
2837 2243 2975 2295 enim
3002 2256 3119 2310 quae
3144 2242 3370 2295 eadem?
3398 2241 3493 2295 sed
3524 2251 3667 2308 pater

2103 2338 2157 2382 et
2188 2329 2325 2381 ﬁlius
2355 2345 2548 2395 unum,
2583 2339 2635 2383 et
2663 2330 2751 2398 qui
2781 2340 2948 2399 pater,
2982 2341 3160 2397 pater:
3191 2342 3243 2384 et
3270 2332 3358 2399 qui
3393 2333 3567 2397 ﬁlius,
3603 2333 3666 2384 ﬁ-

2109 2418 2233 2471 lius.
2263 2419 2323 2471 Et
2350 2434 2452 2473 non
2480 2419 2616 2473 idem
2645 2431 2792 2489 pater
2816 2432 2868 2475 et
2894 2421 3046 2484 ﬁlius,
3080 2435 3177 2475 nec
3202 2422 3339 2475 idem
3367 2421 3509 2475 ﬁlius
3536 2429 3679 2492 pater

2105 2510 2219 2578 ejus
2241 2511 2389 2578 cujus
2413 2511 2547 2564 [ilius
2568 2522 2667 2565 est.
2692 2512 2802 2565 Non
2829 2527 2955 2581 ergo
2977 2529 3135 2566 unum
3161 2523 3311 2567 sunt:
3338 2529 3515 2583 neque
3538 2516 3645 2583 ipsa
3661 2555 3676 2581 ,

2108 2616 2277 2670 neque
2314 2602 2497 2656 eadem
2529 2612 2613 2657 est
2641 2602 2951 2658 substantia.
2987 2604 3319 2674 Relinquitur
3358 2621 3487 2675 ergo
3529 2606 3680 2661 modo

2108 2693 2331 2760 quodam
2362 2707 2479 2748 esse
2509 2705 2561 2749 et
2592 2695 2755 2763 ipsam
2786 2704 2840 2749 et
2868 2695 3130 2750 eamdem.
3173 2694 3287 2750 Non
3319 2700 3463 2751 enim
3500 2697 3577 2751 ias
3604 2706 3682 2752 est

2114 2782 2291 2836 dicere
2314 2782 2531 2838 alterius
2555 2798 2673 2838 esse
2696 2785 3003 2840 sul-statuite
3032 2796 3230 2854 patrem
3258 2796 3311 2841 et
3333 2786 3532 2840 ﬁlium:
3561 2802 3682 2856 quo-

469 4509 606 4577 Quid
646 4520 749 4563 tam
791 4506 982 4561 simul?
1020 4505 1151 4571 Quid
1182 4516 1284 4559 tam
1313 4505 1681 4561 idem'iHabet
1706 4516 1854 4575 pater
1891 4509 1941 4561 in
1980 4523 2039 4562 se

471 4602 669 4655 vitam:
704 4598 864 4653 habet
892 4606 945 4652 et
980 4597 1117 4649 ﬁlius
1149 4596 1199 4649 in
1241 4606 1407 4650 semet
1438 4596 1616 4651 vitam.
1656 4598 1790 4663 Quid
1833 4608 1907 4652 est
1945 4598 2039 4653 ha-

470 4694 598 4748 bere
636 4692 794 4744 vitam
824 4691 873 4743 in
912 4688 1120 4757 seipse?
1145 4688 1316 4758 Ipsum
1349 4688 1444 4742 sibi
1472 4689 1628 4741 vitam
1658 4704 1809 4757 esse,
1842 4706 1943 4744 non
1971 4691 2039 4744 ab

470 4784 577 4838 alio
611 4783 852 4850 accipere
890 4781 1047 4833 vitam
1068 4821 1082 4843 ,
1113 4780 1203 4832 sed
1234 4794 1262 4832 a
1293 4780 1471 4848 seipso
1498 4787 1551 4833 et
1579 4780 1695 4832 aliis
1724 4780 1870 4835 dare.
1904 4781 2040 4835 Dicit

470 4874 658 4943 aliquis
686 4872 869 4926 similis
895 4870 1199 4924 substantia:
1227 4878 1375 4933 esse,
1420 4886 1521 4924 non
1565 4878 1737 4925 tamen
1780 4871 2039 4943 ὅμοούσιον

470 4981 607 5022 esse.
652 4963 784 5019 Illud
818 4965 924 5032 jam
966 4963 1194 5026 dictum,
1236 4964 1516 5031 quoniam,
1548 4956 1715 5016 simile
1750 4965 2038 5019 substantia

468 5071 577 5125 non
619 5054 840 5111 dicitur:
887 5066 1056 5120 neque
1095 5051 1233 5104 enim
1273 5061 1351 5105 est
1386 5052 1533 5121 juxta
1573 5052 1710 5117 quod
1748 5054 2037 5109 substantia

473 5155 585 5211 est,
626 5142 793 5211 magis
834 5151 1006 5195 autem
1047 5142 1089 5194 si
1120 5141 1351 5210 ejusdem
1397 5142 1704 5196 substantia:
1746 5154 1853 5209 est,
1898 5146 2034 5201 idem

467 5234 757 5292 substantia
786 5233 999 5293 dicitur,
1030 5247 1133 5286 non
1161 5232 1351 5291 simile,
1377 5232 1548 5287 simile
1574 5234 1712 5286 enim
1738 5234 1883 5301 juxta
1908 5253 2039 5305 qua-

460 5328 668 5388 litates,
697 5335 755 5378 nt
784 5324 919 5391 ignis
942 5321 1233 5378 substantia
1263 5333 1372 5388 est,
1402 5332 1454 5376 et
1479 5338 1569 5378 aer
1594 5327 1880 5380 secundum
1910 5328 2035 5383 sub-

463 5416 709 5474 stantiam
749 5414 923 5480 idem,
966 5413 1055 5471 ὕλη
1096 5412 1235 5467 enim
1278 5414 1463 5468 ambo:
1488 5415 1825 5485 qualitatibus
1852 5428 2028 5474 autem

468 5509 671 5571 simile,
694 5514 783 5559 aut
821 5502 1109 5566 dissimile,
1149 5503 1362 5559 notione
1401 5504 1681 5570 virtutum,
1724 5516 1779 5560 et
1816 5507 1934 5562 aliis
1959 5509 2031 5563 si-

461 5600 605 5656 mile.
636 5596 730 5652 Dic
754 5604 808 5652 et
834 5602 1005 5660 terra,
1034 5603 1085 5649 et
1108 5607 1240 5662 aqua
1269 5593 1527 5664 gravitate
1551 5604 1604 5651 et
1629 5595 1909 5665 densitate,
1940 5608 2031 5671 aut

2216 4505 2368 4561 XLII.
2418 4507 2520 4561 Ista
2550 4506 2798 4562 diximus.
2851 4509 2905 4564 Si
2941 4509 3103 4579 igitur
3143 4522 3291 4581 pater
3330 4515 3382 4569 in
3424 4518 3702 4585 semetipso

2145 4595 2303 4651 habet
2333 4598 2489 4651 vitam
2512 4638 2524 4661 ,
2557 4598 2661 4651 vita
2692 4606 2801 4665 est,
2833 4608 2887 4653 et
2912 4602 3207 4657 substantia
3236 4604 3349 4674 ejus
3379 4607 3488 4659 vita
3518 4618 3626 4673 est,
3657 4617 3704 4662 et

2143 4688 2220 4741 sic
2251 4688 2407 4742 ﬁlius.
2445 4688 2578 4743 Dicit
2606 4690 2747 4744 enim
2780 4690 2971 4760 (Joan.
3008 4708 3119 4760 xw,
3148 4694 3219 4765 6)
3246 4713 3258 4746 :
3291 4694 3401 4766 Ego
3432 4714 3545 4751 sum
3575 4700 3700 4751 vita:

2146 4790 2293 4849 pater
2321 4797 2446 4850 ergo
2478 4782 2580 4835 vita
2614 4791 2724 4847 est,
2757 4790 2810 4836 et
2849 4782 2985 4837 ﬁlius
3021 4786 3149 4839 vita.
3196 4786 3379 4841 Omnis
3423 4791 3528 4843 vita
3566 4790 3702 4858 juxta

2145 4873 2284 4940 quod
2314 4873 2415 4925 vita
2454 4882 2566 4940 est,
2610 4882 2781 4927 motus
2807 4882 2911 4940 est,
2942 4873 3215 4930 viviﬁcaris
3240 4876 3428 4941 quibus
3456 4895 3611 4947 posse
3632 4889 3706 4934 est

2146 4963 2419 5017 viviﬁcari.
2458 4964 2523 5019 Et
2574 4964 2770 5018 idcirco
2822 4964 3061 5020 deﬁnitio
3112 4968 3305 5022 anima:
3344 4977 3397 5023 et
3438 4970 3563 5024 vitae
3613 4971 3701 5025 ista

2144 5064 2256 5109 est:
2300 5054 2437 5123 quod
2467 5069 2494 5107 a
2525 5068 2585 5110 se
2624 5065 2865 5110 movetur
2903 5070 3043 5110 esse.
3083 5055 3151 5111 Et
3183 5068 3240 5111 ut
3266 5059 3564 5131 substantia
3602 5062 3701 5129 ejus

2144 5144 2279 5199 istud
2311 5147 2520 5213 dicitur,
2553 5147 2719 5201 multo
2748 5146 2913 5217 magis
2942 5163 3071 5218 ergo
3100 5150 3198 5203 ista
3232 5151 3283 5204 in
3325 5152 3435 5206 Deo
3472 5163 3526 5207 et
3554 5154 3699 5227 Λόγῳ.

2143 5235 2278 5299 Quid
2305 5250 2433 5305 ergo
2462 5236 2728 5291 diximus?
2758 5237 2859 5291 vita
2902 5248 3051 5307 pater
3087 5248 3142 5294 et
3180 5239 3479 5295 substantia
3520 5252 3629 5309 est,
3655 5254 3701 5299 et

2142 5342 2200 5381 se
2228 5341 2443 5381 movens
2472 5327 2795 5395 substantia,
2819 5338 2873 5384 et
2900 5330 3026 5383 nihil
3055 5330 3194 5385 aliud
3222 5347 3281 5386 se
3307 5347 3531 5389 movens
3558 5337 3701 5391 motio

2144 5419 2242 5473 nisi
2277 5420 2381 5471 vita
2416 5418 2525 5488 ipsa
2548 5462 2561 5485 ,
2591 5420 2752 5489 igitur
2780 5431 2835 5475 et
2861 5421 3186 5487 substantia,
3215 5432 3269 5477 et
3293 5424 3422 5477 vita.
3453 5425 3560 5481 Sed
3588 5442 3701 5497 quo-

2142 5510 2281 5563 niam
2312 5508 2365 5563 in
2396 5518 2540 5565 motu
2572 5510 2918 5581 intelligentia
2946 5513 3096 5581 quasi
3139 5512 3282 5568 aliud
3313 5513 3697 5588 adintelligitur,

2136 5608 2190 5655 et
2212 5614 2314 5656 non
2346 5600 2582 5672 perfecte
2613 5601 2778 5658 aliud.
2810 5603 2985 5673 Ipsum
3016 5614 3195 5661 autem
3234 5605 3421 5665 vivere
3462 5608 3530 5666 ad
3576 5609 3700 5667 aliud
