3950 6206
234 287 373 344 1075

1437 295 1790 354 ADVERSUS
1829 255 2039 362 ARIllill
2078 305 2279 364 LIBER
2319 309 2356 364 l.

3324 317 3458 373 107$

238 405 396 460 veluti
426 405 684 460 mixtione
715 408 766 461 in
800 416 1021 478 utroque
1061 409 1305 474 alterius,
1346 409 1489 477 juxta
1530 412 1667 480 quod
1700 411 1801 466 vita
1831 416 1880 475 Λ
1905 417 2071 487 ﬁlius,
2112 424 2304 479 veritas
2348 426 2513 492 Deus,
2559 429 2751 483 veritas
2787 432 2954 495 lilins,
2996 440 3048 484 et
3079 432 3215 486 Dens
3241 442 3293 488 et
3321 433 3456 487 ﬁlius

243 505 352 562 est,
383 504 435 552 et
463 508 640 550 motus
671 507 784 562 est,
815 515 973 553 unum
1003 509 1102 554 est.
1133 500 1335 554 Rursus
1356 501 1502 570 juxta
1533 501 1668 569 quod
1701 502 1803 555 vita

236 595 342 652 est,
367 587 418 638 in
439 585 607 654 ipsum
631 587 772 639 aliud
796 604 977 654 unum,
1001 599 1052 642 et
1075 589 1268 644 idcirco
1288 591 1469 644 eadem
1493 591 1799 645 substantia.

238 677 347 734 Sed
371 679 480 732 sive
510 679 620 747 ipsa
642 722 655 744 ,
689 679 799 734 sive
827 679 1007 734 eadem
1038 681 1296 752 ὁμοούσιον
1333 683 1629 736 necessario
1655 692 1707 735 et
1735 683 1806 736 si-

238 769 352 824 mul
380 771 750 838 est:quoniam
789 769 892 823 duo
921 772 1076 824 simul
1101 782 1250 834 sunt;
1277 773 1470 826 etenim
1499 772 1611 826 sine
1637 772 1804 826 altero

239 878 511 931 nunquam
549 861 642 915 fuit
665 863 912 917 alterum.
943 863 1109 918 Unum
1140 879 1263 930 ergo
1284 875 1335 918 et
1357 881 1513 918 mnnn
1545 876 1664 918 sunt
1686 867 1800 917 ista.

240 951 354 1006 Hoc
382 953 537 1021 igitur
558 951 694 1020 quod
717 962 797 1006 est
817 967 934 1006 esse
953 952 1132 1015 vitam,
1158 961 1212 1007 et
1238 969 1328 1022 per
1355 963 1521 1009 semet
1550 968 1666 1008 esse
1695 968 1804 1009 mo-

241 1043 473 1105 tionem,
507 1051 653 1111 pater
676 1053 788 1096 est:
823 1042 932 1096 Hoc
960 1052 1132 1097 autem
1166 1044 1303 1112 quod
1335 1055 1415 1098 est
1441 1054 1636 1098 motuin
1663 1061 1802 1112 csse,

239 1144 295 1190 et
322 1149 414 1204 per
443 1144 606 1188 semet
637 1149 756 1188 esse
785 1137 972 1200 vitam,
1007 1135 1140 1188 illius
1169 1146 1268 1189 cst.
1319 1135 1488 1190 Causa
1524 1138 1660 1191 enim
1689 1154 1801 1191 mo-

241 1225 401 1280 tionis
430 1225 551 1278 vita.
585 1224 741 1279 Pater
767 1240 892 1295 ergo
918 1235 969 1280 et
1001 1227 1166 1294 magis
1194 1227 1492 1295 principalis
1521 1227 1623 1280 vita
1643 1270 1656 1293 ,
1688 1245 1804 1280 mo-

241 1318 440 1373 tionem
469 1317 882 1384 requiescentein
914 1317 1110 1370 habens
1141 1316 1190 1370 in
1219 1317 1556 1380 abscondito,
1586 1327 1640 1371 et
1670 1318 1807 1371 intus

239 1421 300 1462 se
321 1418 617 1463 moventem
637 1425 650 1461 :
667 1407 830 1461 Filius
849 1415 1022 1461 autem
1045 1409 1094 1460 in
1119 1407 1394 1462 manifesto
1417 1408 1599 1472 motio,
1617 1417 1668 1460 et
1690 1407 1808 1460 ideo

243 1499 414 1564 ﬁlius,
442 1503 688 1571 quoniam
715 1501 782 1554 ab
804 1515 868 1555 eo
895 1500 1033 1570 quod
1061 1510 1141 1554 est
1171 1501 1311 1554 intus
1344 1502 1616 1570 processit.
1648 1501 1808 1570 Magis

241 1602 420 1646 autem
450 1593 612 1645 motio
640 1592 898 1652 existens.
940 1591 1078 1659 quod
1111 1592 1160 1644 iu
1188 1591 1485 1645 manifesto.
1519 1592 1622 1644 Isto
1649 1592 1808 1644 modo

243 1693 298 1737 et
327 1680 430 1735 vita
459 1679 594 1733 ﬁlius
623 1695 650 1732 a
684 1690 827 1747 patre
858 1681 985 1745 vita,
1021 1681 1106 1742 qui
1138 1683 1215 1735 sic
1237 1682 1424 1749 accipit
1451 1681 1606 1734 vitam
1635 1695 1753 1734 esse
1779 1697 1807 1734 a

1905 528 2004 567 nua
2035 517 2241 570 veritas.
2293 517 2496 574 Veritas
2523 521 2662 574 enim
2689 523 2738 576 in
2764 525 3046 592 semetipsa
3077 524 3286 578 veritas.
3329 524 3456 578 Item

1902 605 1944 658 si
1974 606 2160 660 similis
2187 609 2390 662 veritati
2431 621 2509 663 est
2549 612 2715 675 ﬁlius,
2758 613 2806 666 id
2843 624 2956 677 est,
2997 615 3133 682 quod
3174 614 3344 668 simile
3376 625 3458 670 est

1907 694 2084 760 ducit,
2111 714 2226 765 qua:
2253 699 2428 753 ducit?
2454 701 2495 753 si
2521 711 2692 756 autem
2721 704 2943 770 veritas,
2976 705 3026 758 in
3056 706 3326 759 veritatem
3357 705 3456 758 du-

1905 787 1994 838 cit.
2027 786 2128 840 Sed
2156 789 2296 842 enim
2333 791 2491 844 Deum
2519 793 2692 859 ducit,
2723 805 2777 847 et
2809 797 2944 848 Deus
2969 797 3189 861 veritas,
3235 797 3283 849 in
3323 799 3456 851 veri-

1909 885 2066 930 tatem
2095 878 2239 932 ducit
2269 896 2414 950 ergo.
2451 883 2553 936 Sed
2588 887 2942 952 impossibile,
2975 903 3092 941 cum
3122 889 3231 957 ipse
3264 889 3460 944 veritas

1907 984 2008 1020 non
2037 968 2134 1033 sit,
2165 970 2213 1022 in
2255 973 2526 1026 veritatem
2557 974 2779 1030 ducere:
2813 977 3003 1030 veritas
3034 994 3158 1047 ergo
3198 989 3249 1031 et
3290 989 3456 1047 pater,

1906 1072 1952 1115 et
1988 1062 2150 1126 filius,
2179 1063 2331 1117 sicuti
2360 1075 2410 1118 ct
2434 1067 2624 1120 dicitur
2653 1068 2838 1138 (Joan.
2863 1086 2940 1129 γι.
2969 1071 3098 1139 57):
3131 1071 3286 1136 Quem
3314 1073 3462 1125 mittit

1907 1158 1972 1206 ad
1999 1171 2073 1206 me
2102 1154 2274 1219 Puter,
2305 1158 2392 1210 iste
2419 1160 2485 1210 ml
2510 1175 2586 1210 me
2611 1161 2783 1213 veniet.
2814 1161 2889 1214 Ex
2932 1161 3043 1214 istis
3071 1163 3311 1217 omnibus
3352 1176 3457 1217 non

1907 1244 2074 1297 solum
2101 1246 2449 1313 concluditur,
2482 1248 2570 1300 sed
2603 1248 2874 1302 manifesta
2899 1248 3129 1303 efﬁcitur
3168 1251 3461 1315 confessio,

1905 1344 2052 1386 extra
2071 1336 2409 1390 mutationem
2428 1351 2542 1390 esse
2559 1347 2754 1390 motum
2785 1338 2836 1392 in
2867 1339 2989 1393 Deo.
3012 1339 3122 1392 Non
3145 1341 3285 1393 enim
3317 1340 3462 1394 loca-

1909 1424 1970 1476 lis
1995 1440 2162 1493 neque
2184 1439 2298 1478 cum
2325 1427 2565 1492 passione
2585 1428 2870 1496 generatio,
2894 1437 2983 1481 aut
3003 1431 3355 1497 corruptione,
3377 1439 3468 1482 aut

1909 1525 2216 1584 augmento,
2249 1517 2326 1569 vel
2353 1517 2660 1584 minutione,
2693 1534 2859 1585 neque
2885 1519 3052 1587 aliqua
3085 1518 3465 1584 immutatione;

1911 1615 1989 1658 est
2019 1605 2156 1657 enim
2188 1621 2396 1660 movere
2427 1606 2496 1659 ibi
2521 1647 2534 1670 ,
2568 1617 2620 1660 et
2648 1608 2843 1660 moveri
2875 1608 3043 1673 ipsum
3072 1609 3207 1676 quod
3236 1619 3315 1661 εει
3344 1622 3464 1662 esse

1911 1697 2132 1751 simulet
2155 1698 2347 1766 ipsmn,
2365 1707 2416 1752 et
2433 1700 2673 1764 simplex,
2695 1708 2746 1751 ct
2768 1701 3057 1764 intellectu,
3083 1716 3238 1752 unum
3266 1700 3317 1752 in
3343 1713 3468 1763 uno,

246 1770 629 1842 prmprincipali
661 1770 934 1839 principio.
967 1769 1152 1824 Natum
1183 1771 1477 1825 universale
1504 1771 1569 1824 ab
1598 1772 1805 1824 univer-

1930 1786 2044 1840 icut
2062 1787 2112 1840 in
2137 1789 2387 1855 potentia,
2407 1798 2458 1843 ct
2477 1789 2578 1842 acti
2601 1806 2701 1844 inc.
2721 1791 2940 1859 Semper
2956 1791 3183 1858 quidem,
3207 1790 3466 1862 ὁμοούσιον

245 1862 375 1928 sali,
407 1869 512 1914 tota
543 1877 609 1915 ex
643 1871 774 1925 leta,
803 1874 853 1914 ct
885 1862 1080 1916 idcirco
1107 1863 1232 1916 dicit
1261 1861 1434 1931 (Joan.
1465 1877 1546 1926 γι,
1573 1863 1694 1931 534):
1727 1860 1809 1914 Vi-

245 1971 365 2009 vens
395 1964 531 2023 pater
561 1955 692 2006 misit
719 1970 823 2017 me,
854 1962 899 2006 et
930 1969 1020 2022 ego
1049 1954 1153 2006 viro
1183 1964 1384 2021 prapter
1414 1953 1597 2021 ipsum.
1629 1952 1681 2006 Si
1715 1953 1810 2021 igi-

250 2053 340 2099 tur
376 2057 634 2114 gcnerans
664 2044 713 2096 in
745 2043 881 2107 vita,
923 2052 974 2096 rt
1015 2042 1152 2096 ﬁlius
1194 2042 1481 2097 secundum
1524 2044 1810 2095 motionem

250 2137 416 2190 ﬁlium
437 2175 453 2201 ,
485 2134 769 2188 secundum
794 2143 966 2188 autem
991 2143 1185 2188 motum
1214 2134 1374 2187 vitam
1400 2147 1540 2198 esse,
1567 2133 1724 2186 vitam
1754 2132 1813 2186 ﬁ-

251 2216 327 2282 lio
356 2227 511 2281 dante
541 2237 688 2295 patre
717 2227 767 2280 in
800 2228 1085 2280 motionem
1111 2267 1124 2291 ,
1155 2227 1549 2294 generationem
1578 2235 1630 2280 et
1658 2226 1813 2279 simul

252 2318 447 2384 vitam,
478 2319 589 2386 ipse
613 2327 784 2372 autem
818 2318 868 2371 in
899 2319 1182 2387 semetipso
1207 2318 1496 2390 ὁμοούσιον;
1520 2333 1642 2387 ergo
1670 2327 1816 2386 pater

253 2421 311 2465 et
343 2409 475 2462 ﬁlius
503 2419 556 2463 et
587 2424 742 2462 unum
769 2419 848 2463 est
873 2423 1101 2478 semper,
1132 2419 1184 2464 et
1210 2425 1274 2463 ex
1303 2421 1502 2463 :nterno
1525 2419 1676 2462 natus
1702 2418 1813 2474 cst,

255 2501 526 2556 etalterin
549 2500 739 2563 altero,
761 2510 814 2553 et
835 2499 1195 2568 inseparabilis
1217 2499 1498 2568 separatio,
1522 2508 1574 2552 et
1595 2499 1647 2552 in
1671 2508 1816 2566 patre

259 2591 429 2656 ﬁlius,
457 2599 511 2644 et
537 2591 586 2643 in
619 2591 725 2642 ﬁlio
754 2601 922 2655 pater,
947 2597 1006 2643 et
1044 2591 1272 2644 maxime
1313 2589 1450 2643 ﬁlius
1488 2590 1653 2652 actio,
1683 2605 1816 2658 quo-

260 2683 406 2738 niam
436 2683 573 2735 ﬁlius
599 2697 716 2735 cum
742 2682 952 2736 actione
983 2682 1114 2734 vita:
1146 2682 1299 2735 Pater
1326 2693 1500 2736 autem
1528 2681 1816 2735 secundum

263 2773 318 2829 id
365 2773 503 2843 quod
532 2783 610 2828 est
654 2787 802 2835 esse,
831 2772 968 2835 vita;
999 2780 1052 2826 et
1099 2771 1384 2825 secundum
1435 2771 1573 2840 quod
1613 2783 1692 2825 est
1740 2772 1818 2824 vi-

264 2872 374 2918 tam
413 2876 560 2924 esse,
590 2863 746 2915 actio.
791 2859 966 2914 Manet
992 2861 1150 2929 igitur
1180 2871 1346 2928 pater,
1391 2871 1442 2914 et
1482 2861 1822 2928 impassibilis

261 2960 464 3007 manet.
507 2950 768 3019 Operatur
810 2949 977 3014 ﬁlius,
1007 2959 1060 3003 et
1106 2949 1154 3002 in
1203 2948 1678 3003 iiiaiiiiestatiooem
1728 2951 1824 3004 du-

263 3045 356 3098 cit.
392 3043 454 3097 Et
483 3043 617 3096 Deus
645 3043 785 3095 intus
810 3051 1089 3109 operatur,
1119 3041 1387 3095 existente
1427 3041 1633 3094 aetione
1670 3041 1818 3110 juxta

1913 1875 1965 1928 in
1987 1891 2050 1929 eo
2073 1878 2206 1944 quod
2231 1889 2310 1930 est
2331 1894 2469 1945 esse,
2488 1880 2773 1933 secundum
2796 1891 2968 1934 autem
2991 1895 3146 1948 agere
3163 1881 3226 1932 ab
3245 1894 3309 1933 eo
3329 1880 3466 1948 quod

1913 1977 1994 2020 est
2028 1981 2174 2031 esse,
2219 1967 2385 2032 ﬁlius,
2424 1979 2476 2022 et
2511 1979 2679 2038 pater.
2720 1970 2820 2025 Sed
2861 1969 3012 2025 sicuti
3041 1970 3236 2024 dictum
3275 1980 3386 2037 est,
3418 1979 3473 2026 et

1915 2054 1966 2108 in
1998 2055 2105 2109 ﬁ’rio
2135 2069 2303 2124 pater,
2332 2068 2385 2112 ct
2413 2057 2464 2112 in
2497 2070 2640 2129 patre
2670 2060 2828 2115 ﬁlius.

1985 2146 2162 2200 XLIV.
2204 2148 2334 2202 Num
2376 2150 2532 2204 timor
2566 2167 2632 2205 ex
2671 2152 2772 2208 isto
2811 2153 3060 2216 nascitur,
3089 2167 3206 2208 esse
3237 2168 3330 2208 nos
3375 2153 3475 2208 ista

1915 2235 2149 2290 dicentes
2173 2240 2316 2306 quasi
2341 2239 2790 2308 Patripassianos?
2816 2242 3028 2298 Multum
3057 2242 3229 2296 dill'ert
3258 2259 3477 2312 serpen-

1918 2326 2080 2380 Iintmt
2107 2329 2291 2398 dogma
2315 2345 2344 2383 a
2367 2331 2601 2385 veri‘ate.
2624 2332 2701 2384 Illi
2723 2332 2807 2385 eni
2831 2349 2859 2384 ιι
2884 2334 3040 2386 ῡιιιιιιι
3063 2334 3231 2387 solum
3257 2349 3373 2388 esse
3395 2333 3478 2386 di-

1917 2427 2040 2469 eunt
2062 2457 2076 2479 ,
2107 2433 2260 2487 quem
2294 2435 2388 2472 nos
2417 2433 2614 2488 patrem
2653 2421 2906 2486 dicimus,
2939 2422 3106 2489 ipsum
3135 2423 3304 2477 solum
3335 2423 3478 2477 exis-

1920 2515 2112 2558 tentem
2136 2515 2188 2560 et
2211 2505 2510 2561 effectorem
2533 2510 2788 2574 omnium,
2807 2521 2859 2564 et
2881 2511 3086 2565 venisse
3110 2527 3211 2565 non
3238 2512 3407 2566 solum
3427 2512 3480 2568 iu

1920 2597 2192 2662 mundum,
2209 2597 2300 2650 sed
2326 2606 2378 2651 et
2407 2599 2457 2651 in
2485 2615 2716 2661 carnem.
2737 2613 2790 2655 et
2808 2603 2910 2654 alia
2935 2603 3130 2664 omnia,
3155 2618 3270 2672 qua:
3299 2618 3394 2657 nos
3419 2604 3484 2657 ﬁ-

1921 2686 2047 2740 lium
2073 2687 2258 2741 fecisse
2280 2689 2518 2743 dicimus.
2541 2693 2595 2745 Si
2612 2693 2750 2748 enim
2767 2693 2989 2747 dicimus
3011 2704 3230 2762 patrem,
3253 2705 3481 2762 patrem:

1923 2793 1974 2834 et
2002 2781 2164 2834 ﬁlium
2185 2824 2198 2846 ,
2233 2783 2394 2836 ﬁlium
2416 2825 2428 2847 ,
2459 2801 2618 2839 unum
2651 2796 2703 2840 et
2727 2787 2983 2852 dicentes,
3013 2798 3063 2842 et
3092 2787 3210 2840 ideo
3232 2790 3395 2860 λόγος,
3429 2787 3482 2840 id

1922 2874 2061 2939 quod
2091 2889 2277 2936 unum,
2309 2890 2408 2927 non
2439 2877 2607 2928 solum
2638 2894 2795 2930 unum
2824 2878 3060 2931 dicentes
3080 2919 3094 2942 ,
3122 2879 3212 2930 sed
3247 2893 3402 2930 unum
3432 2887 3486 2932 et

1925 2978 2106 3016 unum.
2139 2963 2291 3018 Aliud
2321 2975 2492 3018 autem
2517 2965 2860 3033 impossibile,
2890 2984 3050 3022 unum
3078 2968 3218 3020 aliud
3245 2983 3483 3037 passum,

1934 3054 2196 3119 quomodo
2230 3069 2356 3122 ergo
2395 3054 2775 3124 Patripassizuii
2803 3059 3018 3110 sumus?
3049 3058 3184 3111 Deus
3209 3058 3348 3111 enim
3392 3073 3489 3112 nec

265 3135 574 3206 potentiam.
616 3133 678 3188 Et
726 3135 777 3188 in
822 3143 988 3203 patre,
1019 3141 1072 3187 ct
1120 3132 1170 3186 in
1226 3131 1332 3186 ﬁlio
1377 3133 1523 3202 juxta
1568 3132 1824 3187 actionem

1939 3144 2174 3212 procedit
2209 3159 2236 3197 a
2277 3145 2580 3212 semetipso,
2619 3161 2788 3215 neque
2816 3147 2868 3199 in
2898 3147 3174 3200 manifesto
3200 3149 3336 3200 actio
3374 3159 3486 3214 est,

265 3225 406 3281 actio
427 3235 525 3279 est.

341 3317 520 3373 XLIII.
554 3319 655 3373 Ista
682 3317 981 3387 liujusmodi
1011 3325 1219 3386 Oportet
1248 3330 1498 3371 revocare
1520 3315 1583 3369 ad
1612 3315 1696 3369 illa
1722 3331 1834 3370 om-

270 3412 357 3467 nia
385 3425 502 3479 qum
530 3409 943 3478 prmposuimus:
975 3407 1084 3462 sive
1115 3408 1250 3462 Deus
1276 3419 1356 3461 est
1391 3405 1564 3477 λόγος,
1608 3405 1717 3460 sive
1756 3407 1835 3460 lu-

271 3518 392 3558 men
433 3512 483 3556 et
525 3499 861 3568 cli'ulgentia,
906 3499 1017 3552 sive
1057 3497 1321 3552 silentium
1355 3505 1408 3551 et
1436 3496 1681 3558 cﬁ'atum,
1721 3495 1833 3550 sive

272 3595 374 3648 alia
417 3593 604 3660 quibus
635 3606 793 3644 unum
825 3599 877 3642 et
905 3590 1060 3642 simul
1090 3604 1150 3643 ea
1193 3589 1446 3659 ὁμοούσιον
1487 3595 1735 3656 apparet,
1782 3594 1836 3639 et

272 3683 507 3753 ingenita
528 3681 812 3750 generatio.
838 3680 933 3735 Ubi
957 3681 1112 3748 igitur
1134 3681 1288 3732 liabet
1313 3681 1481 3732 locum
1505 3677 1642 3745 quod
1664 3677 1835 3730 simile

273 3784 355 3828 est
380 3773 642 3844 ripae-imos
662 3811 675 3835 ,
703 3769 914 3824 dicere?
945 3785 1042 3838 qua
1074 3784 1227 3822 causa
1265 3767 1492 3822 dicitur?
1528 3766 1747 3834 Semper
1783 3775 1836 3820 et

275 3861 584 3931 mysterium
635 3870 799 3914 totum
844 3859 944 3912 lioc
982 3869 1093 3912 est:
1127 3858 1272 3912 Unus
1304 3858 1461 3920 Deus,
1495 3867 1547 3911 et
1578 3856 1749 3920 Pater,
1783 3869 1835 3910 et

277 3952 439 4007 Filius
461 3963 514 4006 et
534 3951 758 4021 Spiritus
777 3961 990 4006 sanctus
1013 3965 1148 4014 unus
1174 3951 1327 4003 Deus.
1352 3950 1534 4004 Simile
1559 3965 1684 4017 ergo
1705 3963 1835 4018 quo-

276 4043 436 4098 modo
463 4059 597 4095 unus
622 4043 794 4097 Deus?
818 4043 885 4096 At
909 4042 1161 4107 ὁρισθείσιον
1189 4043 1483 4095 necessario
1513 4056 1648 4094 unus
1677 4042 1830 4093 Deus.

277 4135 332 4191 Si
361 4137 504 4189 enim
536 4135 676 4187 velut
707 4150 808 4187 non
837 4135 1024 4198 simul,
1058 4132 1356 4187 necessario
1397 4133 1531 4194 duo;
1573 4133 1615 4184 si
1658 4142 1833 4186 autem

277 4228 452 4282 simile
499 4227 626 4281 illud
664 4227 919 4288 alterum,
953 4225 1252 4289 necessario
1277 4224 1502 4278 alterum
1535 4225 1834 4295 ὁμοούσιονς

278 4335 404 4388 ergo
434 4318 732 4373 necessario
757 4316 972 4369 alterius
1013 4315 1338 4369 subStantize.
1382 4314 1468 4367 Isti
1510 4314 1719 4376 Ariani,
1752 4314 1836 4367 isti

282 4409 596 4463 Lucianistm
616 4449 631 4471 ,
663 4410 744 4461 isti
773 4406 1086 4471 Eusebiani,
1129 4406 1211 4459 isti
1242 4405 1521 4474 Illyriciani
1541 4445 1555 4469 ,
1582 4405 1675 4459 sed
1703 4405 1837 4475 abji-

1936 3248 2108 3301 neque
2133 3233 2275 3286 velut
2301 3232 2351 3286 in
2381 3232 2640 3288 metione:
2669 3235 2807 3300 quod
2836 3234 2978 3288 intus
3003 3234 3166 3288 metio
3193 3236 3352 3289 veluti
3383 3251 3487 3290 non

1937 3332 2019 3376 est
2045 3323 2236 3385 motio;
2263 3324 2400 3396 λόγος
2426 3332 2598 3377 autem
2641 3324 2730 3392 qui
2756 3325 2824 3378 sit
2865 3323 2918 3377 in
2958 3324 3203 3378 motionis
3237 3327 3485 3394 potentia,

1937 3413 2103 3482 magis
2132 3413 2294 3467 motio
2317 3424 2368 3468 et
2393 3414 2532 3468 actio
2553 3423 2666 3480 est,
2696 3414 2858 3468 fertur
2885 3416 3115 3484 potentia
3141 3431 3232 3469 sua
3273 3415 3324 3469 in
3364 3417 3492 3471 eﬂe-

1937 3501 2162 3556 ctionem
2189 3518 2371 3557 eorum
2397 3520 2514 3572 quas
2533 3507 2694 3558 sunt?
2721 3521 2824 3574 quo
2849 3507 2990 3559 enim
3015 3509 3151 3578 λόγος
3171 3549 3183 3570 ,
3209 3507 3308 3562 hoc
3335 3524 3493 3562 causa

1937 3599 2020 3644 est
2045 3606 2227 3645 eorum
2251 3607 2367 3659 qum
2392 3602 2543 3646 sunt:
2570 3609 2674 3662 quo
2699 3603 2872 3649 autem
2898 3611 3074 3659 causa,
3101 3597 3198 3650 hoc
3223 3613 3325 3650 non
3357 3600 3406 3651 in
3435 3613 3494 3654 se

1937 3691 2112 3735 manet
2137 3698 2366 3752 semper,
2389 3686 2474 3753 qui
2505 3686 2568 3738 sit
2601 3685 2650 3738 in
2677 3701 2740 3739 eo
2766 3687 2904 3755 quod
2931 3698 3012 3741 est
3035 3688 3194 3760 λόγος.
3224 3690 3285 3742 Et
3308 3704 3494 3745 secun-

1936 3772 2060 3826 dum
2094 3775 2192 3826 lioc
2219 3784 2298 3827 cst
2329 3775 2425 3827 iste
2456 3774 2771 3828 inversibilis
2800 3787 2853 3830 et
2905 3777 3277 3842 immutabilis,
3306 3780 3397 3832 sed
3440 3781 3494 3834 in

1939 3864 2000 3916 iis
2038 3879 2155 3932 qua:
2194 3875 2317 3918 sunt
2340 3865 2486 3932 juxta
2516 3880 2710 3934 genera
2743 3883 3090 3938 eorumzqua:
3133 3877 3257 3922 sunt
3282 3869 3414 3922 alius
3441 3879 3496 3922 et

1937 3954 2092 4017 alius,
2121 3954 2235 4021 ipso
2263 3969 2367 4020 quo
2398 3954 2705 4007 universalis
2731 3956 2872 4027 λόγος
2893 3968 2993 4019 est,
3020 3959 3071 4010 in
3100 3966 3247 4026 patre
3272 3971 3493 4012 manens

1939 4044 2077 4098 idem
2109 4045 2236 4113 ipse.
2266 4044 2542 4099 l’assiones
2573 4045 2727 4114 igitur
2751 4048 2878 4101 ubi?
2908 4064 3075 4117 neque
3102 4049 3156 4102 in
3187 4059 3334 4118 patre
3353 4089 3366 4114 ,
3398 4063 3494 4103 ne-

1938 4149 2040 4201 que
2072 4135 2123 4186 in
2152 4135 2284 4199 lilio,
2312 4135 2402 4188 sed
2426 4136 2570 4202 juxta
2600 4151 2715 4203 qua:
2740 4147 2861 4188 sunt
2886 4153 3078 4205 genere
3103 4153 3197 4191 suo
3226 4154 3326 4190 non
3356 4139 3495 4193 reci-

1939 4223 2154 4290 pienda,
2185 4224 2428 4276 virtutem
2462 4233 2619 4276 totum
2647 4231 2733 4276 τοῦ
2762 4226 2936 4296 λόγον,
2968 4227 3239 4295 quodlibet
3279 4229 3492 4282 univer-

1939 4311 2098 4365 Salis:
2129 4325 2440 4380 unoquoque
2465 4314 2742 4379 existente,
2771 4326 2824 4369 et
2851 4317 2940 4368 illo
2969 4317 3317 4372 distribuente
3342 4334 3496 4373 suum

1941 4401 2240 4468 proprium,
2281 4411 2338 4453 ut
2364 4403 2683 4470 Angelorum
2703 4444 2716 4460 .
2747 4405 3494 4474 l’oteutiarum,Ttironorum,

279 4498 484 4551 cientes
509 4495 712 4563 aliqua,
742 4495 1044 4557 auferentes
1068 4495 1240 4562 aliqua
1267 4505 1320 4546 et
1346 4503 1628 4558 mutantes,
1654 4509 1840 4548 omnes
1865 4469 1918 4532 Ι)
1951 4490 2373 4544 Dominationum
2393 4532 2406 4555 ,
2448 4492 2772 4547 Potestatum
2793 4537 2806 4558 ,
2847 4497 3167 4562 animarum,
3199 4509 3252 4553 et
3277 4502 3499 4555 sensibi-

280 4589 504 4642 diversze
531 4585 793 4653 opinionis
821 4586 1072 4639 haeretici.
1103 4584 1213 4638 lloc
1252 4583 1484 4647 accedit,
1509 4584 1551 4636 si
1583 4585 1842 4656 ὁμοούσιον

283 4689 434 4748 pater
459 4687 514 4730 et
540 4675 698 4741 ﬁlius,
727 4675 992 4740 quomodo
1015 4675 1136 4728 dicit
1165 4674 1408 4729 Salvator
1429 4674 1602 4743 (Joan.
1627 4686 1738 4738 xiv,
1762 4675 1838 4744 6):

286 4767 394 4836 Ego
421 4783 531 4817 sum
555 4764 844 4818 veritas?Si
876 4763 923 4815 id
946 4763 1084 4831 quod
1112 4764 1308 4816 dictum
1337 4774 1416 4816 est
1444 4777 1626 4817 verum
1652 4774 1753 4824 est,
1783 4764 1843 4816 ﬁ—

283 4859 386 4914 lius
411 4871 529 4910 cum
556 4856 624 4908 sit
650 4857 870 4908 veritas:
900 4854 1071 4906 minor
1099 4864 1268 4920 pater,
1292 4854 1479 4906 similis
1507 4853 1593 4920 qui
1619 4855 1686 4906 sit
1706 4855 1842 4908 veri-

287 4949 415 5013 tati,
447 4960 551 4998 non
581 4945 794 4998 veritas.
827 4944 1032 5008 Quanta
1065 4943 1392 5010 blasphemia
1425 4941 1557 4994 ista?
1584 4941 1637 4995 Si
1667 4952 1843 4996 autem

288 5044 482 5097 veritas
511 5041 677 5103 Deus,
708 5039 899 5091 veritas
928 5037 1063 5090 ﬁlius
1085 5076 1099 5100 ,
1127 5035 1282 5089 sicuti
1314 5037 1410 5105 ipsi
1444 5035 1582 5088 lilius
1609 5035 1765 5100 dicit,
1794 5043 1848 5088 et

288 5150 416 5188 vere
440 5132 594 5194 dicit,
617 5131 875 5202 ὁμοούσιον
900 5129 1038 5183 Deus
1062 5137 1144 5182 est
1164 5127 1332 5180 ﬁlius:
1360 5139 1464 5180 non
1486 5139 1612 5194 ergo
1630 5125 1848 5194 duplex.

290 5225 386 5280 sed
428 5238 529 5277 una
570 5237 783 5290 semper
804 5219 1026 5281 veritas,
1055 5230 1106 5272 et
1139 5218 1294 5271 valde
1325 5217 1483 5283 foris,
1521 5225 1574 5271 et
1601 5216 1848 5271 deorsum

290 5316 477 5381 valde,
506 5313 644 5381 quod
669 5323 748 5366 est
777 5311 952 5365 simile
977 5311 1214 5375 veritati,
1243 5309 1385 5379 quod
1411 5309 1544 5362 forte
1570 5307 1622 5361 in
1654 5311 1848 5362 mundo

291 5406 482 5460 cxistat
509 5402 803 5456 similitudo
827 5401 1084 5462 veritatis,
1111 5399 1198 5453 ubi
1218 5409 1270 5453 et
1289 5413 1459 5460 error.
1483 5407 1537 5452 et
1556 5398 1845 5466 corruptio,

290 5505 342 5551 et
361 5496 535 5550 omnis
557 5493 748 5562 passio.
768 5491 941 5560 Ipsum
963 5504 1088 5559 ergo
1108 5488 1379 5542 veritatem
1399 5502 1539 5551 esse,
1561 5487 1850 5542 substantia

292 5596 406 5650 est;
436 5601 540 5639 non
572 5583 712 5638 enim
755 5580 896 5634 aliud
925 5580 1248 5640 substantia,
1279 5577 1425 5632 aliud
1456 5577 1683 5632 veritas:
1711 5575 1854 5644 quod

293 5679 432 5731 enim
473 5676 699 5742 simplex
722 5713 736 5735 ,
780 5673 883 5726 lioc
918 5672 1144 5736 veritas,
1185 5669 1409 5739 simplex
1438 5669 1604 5724 Deus.
1631 5668 1851 5736 simplex

1948 4579 2105 4642 lium,
2135 4589 2191 4634 et
2220 4581 2382 4648 ipsius
2408 4583 2601 4638 carnis.
2632 4582 2812 4638 Passio
2843 4586 3000 4653 igitur
3027 4589 3078 4641 in
3111 4589 3247 4655 istis,
3275 4599 3327 4644 et
3350 4592 3500 4659 juxta

1950 4668 2062 4722 lucc
2091 4685 2195 4722 non
2224 4676 2315 4724 τοῦ
2342 4672 2508 4742 λόγον,
2543 4673 2643 4727 hoc
2673 4683 2782 4737 est,
2813 4674 2924 4729 ﬁlii.
2957 4677 3255 4732 Secundum
3284 4695 3499 4737 carnem

1948 4771 2077 4825 ergo
2106 4758 2344 4812 Salvator
2374 4775 2560 4829 passus
2589 4772 2668 4813 est
2689 4802 2703 4826 ,
2736 4765 3291 4834 secundum'spiritum
3322 4780 3501 4825 autem

1947 4847 2088 4915 quod
2133 4857 2270 4913 erat,
2301 4851 2415 4903 sine
2445 4850 2706 4917 passione.
2736 4850 2882 4905 Unde
2908 4854 3083 4910 diil'ert
3113 4865 3344 4912 nostrum
3371 4859 3502 4931 dog-

1949 4953 2034 4991 ma
2058 4953 2086 4991 a
2114 4939 2533 5008 Patripassianis.
2558 4940 2671 4995 Non
2695 4943 2834 4996 enim
2865 4943 3028 4999 ﬁlium
3055 4961 3171 5002 esse
3197 4951 3372 5018 passio
3393 4963 3498 5016 est,

1950 5027 2106 5080 sicuti
2147 5027 2371 5092 dictum,
2415 5043 2512 5083 nec
2551 5028 2728 5085 facere
2766 5032 2960 5100 aliquid
2998 5049 3095 5090 nec
3125 5037 3296 5106 loqui:
3328 5039 3504 5096 divina

1953 5118 2094 5171 enim
2123 5119 2355 5187 potentia
2382 5120 2498 5173 sine
2529 5121 2771 5188 passione
2797 5121 2925 5176 ﬁunt
2951 5127 3154 5190 omnia,
3185 5136 3239 5182 et
3266 5129 3366 5183 ista
3392 5146 3506 5185 nia-

1951 5208 2033 5277 gis
2065 5223 2186 5274 sua,
2229 5217 2283 5261 et
2309 5209 2695 5274 substantialis,
2741 5220 2795 5264 et
2831 5213 3004 5268 divina
3047 5215 3204 5270 motio
3244 5227 3354 5285 est,
3398 5235 3506 5276 non

1955 5297 2149 5365 passio.
2180 5297 2379 5351 Deinde
2403 5299 2469 5353 de
2495 5299 2594 5352 isto
2618 5314 2722 5353 non
2751 5299 2959 5357 luerunt
2987 5304 3387 5378 Patripassianl,
3413 5312 3510 5366 sed

1954 5384 2021 5439 de
2058 5400 2242 5440 cruce:
2283 5386 2420 5455 quod
2458 5387 2613 5442 Pater
2653 5391 2931 5447 cruciﬁxus
2968 5404 3049 5448 est
3075 5395 3311 5454 dicentes
3347 5403 3510 5458 sacri-

1960 5481 2091 5549 legi:
2123 5478 2431 5546 impassibili
2464 5481 2720 5548 passionis
2748 5483 3111 5555 implicantes,
3143 5499 3196 5542 et
3224 5507 3326 5545 non
3358 5493 3512 5550 intel-

1961 5567 2212 5637 ligentes,
2243 5570 2542 5622 necessario
2569 5570 2762 5640 aliquid
2795 5573 3112 5642 impossibile
3153 5592 3300 5644 esse,
3345 5582 3390 5634 si
3431 5592 3517 5638 est

1960 5655 2105 5709 aliud
2145 5657 2282 5723 quod
2325 5656 2563 5724 patiatur.
2609 5659 2714 5715 Nos
2753 5669 2924 5718 tamen
2968 5664 3342 5732 iinpassibilem
3371 5681 3423 5724 et
3454 5675 3514 5724 ti-
