3950 6206
503 180 639 235 10ῖὸ

1817 176 1998 233 ΜΛῐῖιι
2044 176 2371 232 VICTORINI
2403 183 2436 232 .\
2449 178 2555 233 ΡΜ

3596 178 3745 232 1016

503 294 632 347 lium
656 291 1060 361 dicimus,juxta
1083 300 1255 345 autem
1284 289 1419 359 quod
1440 292 1595 361 Λόγος
1620 304 1739 345 caro
1765 288 1929 342 tactus
1955 299 2055 353 est,
2086 293 2132 351 Α
2162 298 2331 343 autem
2362 290 2477 341 ista.
2507 288 2780 356 Quomodo
2808 304 2931 359 ergo
2957 290 3292 358 compnlsio?
3332 290 3395 343 Et
3441 290 3542 344 hoc
3582 293 3701 342 Arii
3726 306 3739 339 :

504 384 827 454 passibilem.
859 386 925 436 At
952 398 1077 438 vero
1108 382 1395 441 miseratio.
1422 394 1474 436 et
1501 383 1596 447 ira,
1623 390 1675 433 et
1700 381 1943 450 gaudium
1966 421 1979 433 .
2007 389 2061 433 et

502 474 735 538 tristitia,
756 482 810 527 et
832 465 932 526 alia
960 472 1256 542 hujusmodi
1280 472 1347 525 ibi
1376 487 1476 526 non
1505 481 1621 525 Sttnt
1650 471 1940 540 passiones,
1965 468 2057 522 sed

501 575 708 629 natura,
734 576 789 618 et
814 564 1124 617 substantia.
1154 564 1208 617 Si
1237 564 1393 632 igitur
1421 564 1636 632 spiritus
1666 562 2053 625 benevolentia,

499 658 613 726 ipse
639 672 732 726 per
755 671 813 710 se
839 656 1084 725 optimus,
1109 656 1418 723 quibusdam
1448 655 1498 708 in
1526 654 1713 718 vitam,
1743 653 2055 723 quibusdam

500 751 555 804 in
583 760 802 803 mortem
830 760 938 811 est;
970 764 1071 801 non
1105 762 1193 800 sua
1224 758 1406 800 natura
1439 754 1693 809 mutatus,
1725 745 1817 799 sed
1850 746 2053 814 patien-

497 839 625 892 tium
658 836 868 891 materia
903 847 955 891 et
984 837 1251 891 voluntate
1271 876 1284 899 ,
1326 837 1644 904 signatorem
1675 836 2053 895 immutabilem

497 928 741 981 divinitas
786 944 876 995 pro
917 927 1294 995 accipientibus
1322 938 1411 979 aut
1442 937 1494 979 ut
1524 936 1759 995 oportet,
1789 937 1873 981 aut
1901 926 2053 981 aliter

496 1017 630 1071 al‘tlei
649 1017 858 1081 dicitur,
880 1018 956 1070 vel
984 1018 1117 1085 pati:
1144 1017 1387 1086 quoniam
1407 1032 1435 1068 a
1454 1016 1645 1069 nostris
1670 1016 1913 1070 sensibus
1934 1032 2051 1086 qu:e

495 1107 668 1160 divina
686 1116 805 1159 sunt
821 1108 1161 1160 aestimamus.
1182 1106 1235 1159 In
1250 1105 1584 1160 sensibilibus
1600 1107 1737 1159 enim
1752 1106 1897 1175 juxta
1912 1106 2050 1175 quod

492 1198 686 1250 animal
710 1206 790 1250 est
815 1196 1004 1248 animal
1023 1237 1035 1257 ,
1067 1197 1164 1248 hoc
1189 1204 1289 1261 est,
1318 1196 1487 1248 anima
1520 1206 1671 1248 utens
1694 1210 1936 1264 corpore,
1969 1195 2049 1250 vel

492 1301 684 1356 corpus
722 1287 1036 1348 animatum,
1078 1286 1221 1353 juxta
1261 1300 1473 1339 sensum
1519 1286 1623 1353 pati
1663 1287 1879 1339 dicitur:
1924 1301 2049 1342 vero

493 1387 667 1431 autem
694 1388 863 1443 neque
893 1390 983 1442 per
1007 1384 1173 1427 semet
1199 1374 1362 1429 solius
1386 1375 1573 1427 animre
1600 1386 1721 1428 sunt
1749 1378 2041 1445 passiones,

493 1467 659 1522 multo
685 1464 850 1533 magis
878 1464 1091 1532 Spiritus
1112 1463 1275 1537 Λόγον
1305 1474 1360 1519 et
1390 1465 1499 1520 Dei.
1543 1464 1882 1535 lmpassibilis
1905 1470 2043 1525 enim

487 1559 662 1612 divina
689 1563 871 1611 natura
900 1562 998 1608 est.

559 1711 715 1766 XLV.
757 1712 1035 1765 Discedant
1071 1724 1198 1781 ergo
1235 1710 1608 1779 Patripassiani
1631 1750 1647 1776 ,
1673 1713 1917 1782 quoniam
1948 1729 2045 1769 nos

488 1811 541 1855 et
572 1814 768 1871 patrem
798 1802 1019 1856 dicimus
1044 1811 1095 1855 et
1122 1802 1283 1854 tilium
1305 1841 1319 1866 ,
1346 1803 1515 1869 ipsum
1544 1804 1710 1855 solum
1742 1805 2044 1871 passibilem

483 1894 630 1962 juxta
656 1902 853 1947 motum
883 1894 932 1946 in
962 1893 1103 1963 hyle.
1138 1893 1412 1946 Discedant
1441 1893 1647 1957 Ariani,
1678 1896 1920 1962 quoniam
1948 1910 2044 1951 nos

489 1994 688 2038 natura:
715 1984 876 2037 tilium
904 1984 1126 2037 dicimus
1144 2023 1157 2046 ,
1187 1993 1308 2037 ante
1334 1998 1545 2037 onmem
1574 1992 1865 2038 creaturam
1891 1988 2042 2054 geni-

486 2085 617 2129 tum.
662 2073 940 2127 Discedunt
969 2082 1023 2127 et
1051 2076 1152 2127 ἀπὸ
1190 2080 1281 2127 τοῦ
1322 2070 1460 2133 ὄντος
1502 2072 1737 2127 dicentes
1776 2074 2039 2129 Christum

483 2180 621 2228 esse,
645 2163 781 2233 quod
806 2180 833 2217 a
858 2165 963 2218 Deo
987 2163 1153 2218 factus
1175 2164 1260 2229 sit,
1285 2166 1371 2234 qui
1398 2164 1533 2218 Deus
1554 2162 1605 2217 ὃν
1631 2175 1711 2218 est
1736 2182 1750 2217 :
1780 2178 1874 2217 nos
1900 2168 2040 2219 enim

489 2258 653 2311 tilium
686 2258 910 2311 dicimus
940 2267 1199 2323 naturam,
1231 2267 1283 2310 et
1309 2272 1337 2309 a
1368 2268 1513 2325 patre
1544 2259 1710 2326 ipsum
1740 2271 1877 2322 esse,
1909 2258 2041 2312 et-in

485 2357 653 2417 patre.
686 2347 963 2401 Discedant
992 2347 1219 2402 Marcelli
1246 2358 1296 2401 et
1322 2346 1529 2401 Photini
1561 2348 1834 2415 discipuli,
1870 2348 2039 2418 ipsum

482 2440 621 2491 enim
652 2437 876 2491 Verbum
900 2437 1121 2491 d.cimus
1150 2438 1199 2490 in
1227 2452 1385 2492 carne
1408 2438 1589 2500 fuisse,
1620 2454 1721 2491 non
1750 2440 1887 2491 aliud
1915 2438 2041 2492 Ver-

482 2528 604 2581 bum
632 2542 768 2592 esse,
801 2536 853 2580 et
872 2528 1011 2579 aliud
1040 2528 1304 2581 hominem
1323 2568 1337 2591 ,
1362 2528 1412 2581 in
1440 2542 1543 2596 quo
1567 2527 1831 2581 Christum
1857 2529 2040 2583 dicunt

488 2634 628 2684 esse,
661 2619 751 2673 sed
787 2621 953 2686 ipsum
986 2619 1140 2689 Λόγον
1166 2633 1377 2671 Carnem
1404 2620 1654 2672 induisse.
1682 2619 1761 2671 Illi
1791 2620 1929 2672 cnim
1959 2620 2040 2673 di-

485 2720 609 2763 cunt
636 2722 753 2761 esse
778 2717 829 2758 et
864 2708 1059 2763 Deum.
1092 2718 1144 2760 et
1172 2709 1351 2779 Λόγον,
1384 2720 1435 2760 et
1465 2708 1738 2775 Spiritum.
1780 2710 2034 2776 Quartum

478 2806 651 2851 autem
686 2795 877 2856 lilium.
912 2798 964 2849 id
994 2809 1073 2851 est
1106 2798 1399 2863 hominem,
1433 2799 1522 2865 qui
1553 2816 1615 2852 ex
1645 2801 1834 2865 Maria,
1880 2817 2034 2869 quem

475 2886 959 2959 assumpsitAé-yoc,
983 2896 1037 2940 et
1064 2896 1117 2939 ut
1135 2887 1428 2940 ministrum
1461 2889 1593 2941 rexit
1612 2889 1695 2942 cui
1727 2890 1922 2943 homini
1948 2892 2031 2943 di-

475 2986 599 3029 cunt
618 3016 633 3040 ,
658 2986 711 3029 et
738 2976 912 3029 sedem
940 2988 1170 3045 paratam
1198 2992 1333 3030 esse.
1369 2978 1682 3031 Exciderunt
1709 2994 1833 3048 ergo
1858 2997 1884 3030 κ
1914 2980 2033 3034 'l‘ri-

476 3066 658 3119 nitate.
692 3066 747 3120 Si
776 3078 948 3119 autem
981 3080 1155 3120 manet
1182 3067 1412 3121 Trinitas
1452 3069 1598 3132 Sola,
1636 3069 1749 3138 ipse
1787 3072 1943 3123 homo
1980 3086 2034 3125 ct

469 3156 640 3229 λόγοςς
665 3172 819 3224 quem
850 3157 1009 3227 λόγον,
1036 3171 1131 3224 nos
1156 3172 1311 3225 supra
1343 3158 1505 3210 tilium
1534 3159 2029 3214 demonstravimus.

474 3250 587 3301 Non
616 3259 789 3301 autem
824 3250 923 3300 hoc
953 3247 1243 3317 signiticat:
1276 3258 1328 3302 et
1358 3249 1494 3320 λόγος
1518 3291 1530 3313 ,
1565 3266 1689 3303 caro
1721 3252 1885 3304 tactus
1912 3262 1993 3305 est
2013 3293 2028 3316 ,

471 3349 750 3407 corruptus
776 3340 916 3409 λόγος
945 3339 998 3392 in
1028 3354 1238 3391 carnem
1271 3354 1559 3394 conversus
1588 3353 1664 3395 est
1688 3380 1703 3405 ,
1736 3344 1825 3396 sed
1864 3344 2026 3415 λόγος,

474 3442 567 3494 per
604 3443 757 3495 quem
798 3428 981 3482 etl'ecta
1018 3438 1142 3481 sunt
1169 3429 1344 3482 omnia
1366 3470 1380 3496 ,
1412 3439 1466 3483 et
1494 3431 1668 3483 omnia
1694 3432 1911 3485 etiectus
1932 3473 1944 3494 ,
1978 3446 2031 3486 et

470 3532 595 3571 caro
624 3518 790 3573 factus
819 3531 899 3571 est
922 3560 935 3581 ,
964 3529 1017 3571 ut
1046 3518 1097 3572 in
1128 3535 1288 3573 carne
1312 3534 1429 3574 cum
1457 3531 1631 3586 esset,
1664 3531 1828 3575 totum
1860 3522 2030 3575 homi-

470 3622 590 3661 nem
620 3623 712 3661 sua
741 3607 984 3676 passione
1012 3618 1065 3662 et
1094 3620 1263 3664 morte
1297 3610 1441 3679 juxta
1485 3612 1754 3679 passiones
1791 3614 2029 3681 corporis

468 3707 811 3752 mercaretur.
858 3700 910 3753 Si
953 3700 1090 3753 enim
1133 3716 1236 3753 non
1266 3710 1379 3754 erat
1407 3702 1517 3769 ipse
1548 3704 1703 3755 homo
1732 3704 1799 3757 de
1829 3703 1987 3757 Maria
2010 3745 2025 3771 ,

468 3806 631 3859 quare
661 3790 947 3844 exinanivit
974 3790 1352 3857 semetipsum?
1398 3791 1463 3844 Et
1488 3792 1611 3860 quid
1642 3802 1721 3846 est
1750 3795 1766 3861 (
1792 3792 2021 3861 Philipp.

469 3898 505 3936 ιι
532 3924 546 3948 ,
580 3882 651 3951 7)
700 3886 914 3951 farinam
958 3884 1086 3935 servi
1133 3884 1421 3950 accipiens?
1458 3896 1510 3937 et
1554 3884 1678 3952 quid
1721 3900 1902 3937 rursus
1946 3896 2026 3939 est

469 3970 647 4039 (Joan.
682 3987 719 4037 t,
758 3972 816 4025 It
838 3971 879 4041 ),
912 3981 957 4023 et
984 3974 1141 4045 Λόγος
1168 3989 1285 4025 cura
1325 3977 1485 4042 factus
1526 3976 1637 4027 est?
1666 3974 1944 4029 Discedam
1972 3985 2026 4031 et

463 4059 677 4124 Basilii,
705 4061 981 4131 όμοούσιοι.
1012 4062 1117 4115 Nos
1144 4062 1283 4115 enim
1306 4062 1565 4133 ὁμοούσιον
1584 4063 1827 4129 dicimus,
1855 4075 1907 4119 et
1936 4082 2025 4120 ve-

461 4152 639 4216 ritate,
670 4163 720 4204 et
745 4152 892 4219 juxta
922 4152 1189 4223 Synodum
1222 4154 1273 4206 in
1310 4141 1610 4223 Niczeapoli.
1658 4155 1745 4211 Sic
1784 4159 1922 4210 enim
1967 4167 2023 4212 et

466 4252 633 4310 pater,
683 4251 737 4297 et
783 4243 918 4298 titius
970 4260 1125 4297 unum
1174 4246 1350 4311 ambo,
1400 4255 1453 4301 et
1494 4263 1724 4316 semper,
1770 4258 1824 4303 et
1865 4251 2019 4304 simul

2161 380 2353 434 deinde
2379 381 2644 449 quomodo
2673 382 2769 435 ista
2796 382 3036 435 collisio?
3056 392 3117 435 et
3142 396 3366 450 quorum
3397 392 3451 434 et
3494 382 3545 434 in
3587 380 3738 449 quo?

2159 468 2417 539 Numquid
2446 471 2839 524 voluntatumin
2863 473 2967 525 Deo
2987 470 3580 540 concursio?Numquid
3611 484 3736 538 pas.

2158 558 2363 611 sionum
2386 569 2473 614 aut
2494 559 2929 627 ditl'erentiarum,
2954 561 3181 615 maxime
3203 560 3593 617 contrariarum
3619 576 3734 614 ino-

2160 648 2392 703 tionum‘!
2416 651 2540 704 Etsi
2568 651 2703 704 istud
2732 665 2914 719 passus
2936 662 3012 705 est
3046 663 3212 720 pater,
3235 652 3321 720 qui
3348 660 3433 704 est
3458 651 3578 705 sine
3605 665 3730 718 pas-

2156 742 2324 806 sione,
2342 753 2392 796 et
2411 758 2511 796 n0n
2535 758 2598 796 ex
2622 757 2715 795 sua
2737 742 3030 796 substantia
3050 743 3289 809 apparuit
3311 742 3361 797 ei
3387 742 3530 795 titius
3550 741 3729 796 2colli~

2155 831 2303 884 sione
2344 830 2482 885 enim
2518 831 2739 885 duarum
2769 841 2857 885 aut
2887 833 3230 895 voluntatum,
3259 843 3347 885 aut
3373 831 3685 900 passionum
3708 872 3723 895 ,

2155 938 2252 978 nec
2280 923 2516 977 voluntas
2545 923 2678 977 facta
2703 934 2784 977 est
2804 965 2817 985 ,
2847 939 2941 977 nec
2972 923 3165 991 assio,
3208 925 3373 977 multo
3417 922 3590 991 magis
3624 938 3722 977 nec

2154 1012 2447 1066 substantia
2473 1013 2819 1067 asubstantia
2859 1026 3102 1083 paterna.
3144 1014 3235 1067 sed
3279 1024 3435 1068 extra
3475 1014 3718 1083 quurdain

2150 1102 2459 1167 substantia,
2480 1120 2596 1173 qua:
2617 1119 2680 1157 ex
2704 1103 2867 1157 nihilo
2886 1104 3135 1159 existeret
3154 1105 3221 1159 de
3241 1102 3367 1177 λόγῳ
3391 1106 3459 1157 ad
3488 1113 3717 1173 patrem.

2152 1191 2419 1262 Suspicari
2450 1193 2580 1260 ista,
2610 1192 2769 1262 impia
2800 1193 3144 1263 blasphemia.

2219 1364 2399 1419 XLVI.
2449 1363 2681 1419 Diximus
2720 1364 2785 1420 de
2823 1364 3103 1438 όμοοῦσιον,
3132 1376 3187 1421 et
3218 1366 3549 1423 sumeienter
3578 1369 3714 1423 disi-

2149 1474 2267 1513 mus
2296 1480 2308 1511 ε
2341 1460 2440 1513 hoc
2463 1459 2603 1513 enim
2641 1457 2792 1512 nobis
2833 1462 3181 1529 propositum.
3214 1464 3495 1528 Quomodo
3532 1476 3709 1521 autem

2147 1555 2190 1607 si
2221 1549 2500 1623 ἴμοούσιον,
2536 1552 2692 1616 titius,
2724 1561 2774 1605 et
2801 1566 3011 1621 semper
3037 1568 3154 1608 cum
3188 1563 3337 1623 patre
3364 1566 3468 1620 est,
3502 1567 3556 1611 et
3589 1574 3710 1627 pru-

2072 1651 2120 1711 Β
2148 1644 2307 1706 cedit,
2336 1655 2389 1697 et
2423 1642 2711 1704 descendit,
2744 1653 2796 1696 et
2823 1643 3079 1706 ascendit,
3122 1654 3175 1698 et
3209 1646 3455 1711 mittitur,
3489 1656 3544 1700 et
3588 1648 3706 1704 facit

2146 1746 2266 1801 quae
2302 1732 2587 1785 voluntatis
2620 1742 2741 1785 sunt
2780 1735 2964 1801 patris,
2995 1742 3049 1786 et
3075 1734 3339 1802 quomodo
3384 1736 3559 1803 imago
3589 1751 3706 1791 cum

2147 1824 2215 1877 sit
2246 1823 2356 1886 Dei,
2388 1823 2437 1876 in
2466 1822 2682 1877 dextera
2710 1822 2890 1877 sedeat
2912 1822 3023 1887 Dei,
3055 1833 3106 1877 et
3135 1824 3260 1892 quid
3293 1824 3363 1877 sit
3390 1823 3629 1889 dextera,
3655 1837 3708 1882 et

2145 1914 2267 1981 quid
2299 1913 2506 1975 sedere.
2535 1924 2588 1968 et
2613 1914 2732 1982 quid
2764 1924 2845 1968 est
2884 1930 2978 1982 per
3000 1931 3155 1982 quem
3188 1915 3323 1969 facta
3352 1928 3479 1971 sunt
3507 1922 3703 1985 omnia,

2144 2014 2196 2058 et
2225 2003 2490 2074 quomodo
2512 2005 2708 2067 omnia,
2736 2013 2788 2058 et
2812 2004 2935 2074 quid
2967 2009 3047 2058 est
3076 2006 3215 2076 qttod
3240 2007 3369 2059 nihil
3402 2006 3601 2062 factum
3627 2021 3705 2064 est

2143 2096 2258 2150 sine
2290 2096 2423 2165 ipso,
2465 2104 2519 2150 et
2546 2096 2811 2164 quomodo
2845 2106 2894 2150 et
2938 2098 3049 2165 ipse
3079 2096 3400 2152 voluntatem
3432 2097 3625 2161 habet,
3654 2111 3705 2155 et

2143 2201 2260 2253 quae
2306 2186 2445 2251 facit,
2487 2186 2754 2240 voluntate
2795 2186 2956 2255 patris
2998 2185 3140 2251 facit,
3186 2197 3240 2240 et
3279 2190 3550 2256 quomodo
3586 2205 3701 2257 per-

2144 2274 2330 2339 fectus,
2355 2284 2408 2329 et
2434 2290 2463 2328 a
2494 2275 2728 2343 perfecto
2769 2287 2916 2344 patre
2955 2286 3008 2329 ut
3050 2276 3388 2343 imperfectus
3423 2288 3479 2332 et
3508 2292 3702 2346 corpus

2142 2370 2363 2435 accepit,
2391 2376 2444 2421 et
2474 2380 2614 2420 nunc
2642 2381 2834 2435 corpus
2860 2365 2979 2429 t‘ert,
3009 2377 3063 2420 et
3097 2368 3141 2420 si
3165 2378 3405 2421 sanctum
3442 2369 3698 2436 spiritale,

2142 2471 2194 2515 et
2218 2459 2390 2513 simile
2418 2473 2600 2513 eorum
2630 2458 2933 2521 hominum,
2965 2460 3051 2527 qui
3084 2468 3202 2528 post
3236 2462 3403 2513 sancti
3438 2470 3613 2527 erunt,
3650 2470 3700 2513 et

2141 2550 2405 2617 quomodo
2444 2563 2756 2617 semperque
2790 2550 2877 2619 qui
2917 2556 3208 2614 moveatur,
3242 2560 3296 2603 et
3330 2565 3360 2603 a
3400 2566 3459 2604 se
3494 2552 3698 2618 genitus

2141 2640 2373 2708 potentia
2415 2637 2626 2706 quidem
2660 2639 2823 2705 patris
2855 2655 2867 2689 :
2905 2639 3003 2692 ista
3033 2641 3174 2693 enim
3205 2642 3381 2693 omnia
3415 2640 3691 2711 όμοοόσιον,

2139 2730 2415 2784 deliniant.
2449 2729 2501 2784 Si
2545 2732 2663 2797 quis
2697 2730 2887 2798 dignus
2928 2730 2995 2785 sit
3034 2731 3347 2800 intelligere,
3396 2743 3449 2785 et
3500 2735 3549 2785 in
3600 2735 3696 2786 isto

2140 2823 2274 2876 libro
2302 2824 2528 2876 inveniet
2561 2820 2740 2875 Fidem
2772 2822 2849 2875 sic
2877 2837 3017 2887 esse,
3045 2832 3097 2874 et
3125 2824 3463 2892 permittente
3496 2824 3619 2886 Deo,
3647 2833 3695 2877 vt

2138 2912 2259 2967 Jesu
2291 2912 2499 2965 Christo
2539 2914 2757 2965 Domino
2787 2922 2998 2976 nostro,
3030 2921 3081 2966 et
3119 2913 3315 2981 Spiritu
3357 2926 3543 2967 sancto
3572 2916 3694 2967 chi-

2063 3001 2108 3063 C
2140 3023 2278 3072 mus,
2311 3021 2376 3059 ne
2414 3006 2534 3076 quis
2565 3005 2943 3074 blasphemiter
2974 3006 3270 3073 intelligens
3300 3019 3476 3056 meum
3511 3007 3690 3073 dogma

2136 3099 2347 3162 dixerit,
2380 3098 2552 3149 omnia
2582 3098 2720 3149 enim
2766 3111 2794 3148 a
2838 3107 3017 3149 sancta
3058 3098 3316 3163 scriptura
3344 3107 3399 3148 et
3429 3096 3687 3158 dicuntur,

2136 3198 2188 3242 et
2230 3198 2371 3241 sunt.
2422 3187 2666 3240 Dicemus
2714 3186 2943 3241 maxime
2991 3186 3150 3251 illud,
3190 3201 3221 3240 e
3264 3202 3368 3255 quo
3417 3188 3690 3255 gignuntur

2136 3279 2313 3331 multa:
2364 3278 2614 3341 haereses,
2667 3278 2805 3347 quod
2856 3277 3160 3347 Evangelia,
3205 3289 3255 3331 et
3302 3278 3609 3345 ApOSltilth,
3642 3290 3690 3334 ct

2134 3368 2306 3421 innuis
2338 3380 2486 3421 vetus
2511 3366 2782 3434 Scriptura
2814 3368 2881 3421 de
2918 3369 3026 3420 Deo
3064 3368 3275 3435 quidem
3307 3369 3438 3420 dicit
3480 3371 3684 3435 omnia,

2133 3471 2182 3515 et
2210 3460 2274 3513 de
2303 3458 2427 3513 Jesu
2461 3458 2700 3523 Christo,
2734 3458 2832 3512 hoc
2871 3470 2949 3513 est
2989 3458 3054 3511 de
3091 3459 3221 3531 λόγῳ
3265 3460 3575 3525 incarnato,
3610 3462 3687 3513 hic

2131 3552 2268 3605 enim
2315 3552 2621 3621 mysterium
2660 3550 2841 3603 salutis
2878 3559 3072 3603 nostr.c
3111 3552 3247 3619 egit,
3302 3551 3385 3603 hic
3426 3565 3523 3603 nos
3569 3553 3687 3604 lihe-

2131 3656 2217 3693 ros
2264 3639 2415 3701 fecit,
2460 3637 2680 3691 redemit
2723 3656 2735 3689 :
2776 3638 2827 3691 in
2881 3639 3037 3690 istum
3093 3638 3363 3691 credimus
3403 3640 3682 3693 secundum

2129 3743 2361 3792 crucem,
2398 3737 2452 3781 et
2484 3728 2630 3796 juxta
2663 3728 3103 3781 resurrectionem
3133 3744 3157 3778 a
3203 3729 3427 3782 mortuis
3455 3729 3683 3784 Salv/ato-

2128 3833 2240 3872 rem
2280 3826 2546 3882 nostrum,
2598 3816 2791 3871 idcirco
2833 3818 3026 3871 Paulus
3067 3819 3236 3872 dicit:
3282 3817 3405 3872 Non
3437 3822 3567 3871 enim
3600 3824 3680 3891 ju-

2128 3910 2287 3962 dicavi
2332 3909 2604 3976 quidquam
2637 3909 2764 3961 scire
2808 3910 2857 3961 in
2890 3910 3026 3961 vobis
3055 3910 3149 3963 nisi
3185 3909 3361 3964 Iesum
3411 3910 3673 3978 Christum,

2126 4011 2172 4054 et
2201 4001 2330 4053 hunc
2355 4000 2653 4066 cruciﬁxum
2680 3998 2731 4070 (1
2759 3998 2875 4054 Cor.
2909 4016 2963 4067 ιι,
2997 4000 3072 4071 2).

2197 4172 2397 4227 XLVII.
2426 4170 2752 4227 Conﬁtemur
2790 4174 2947 4242 igitur
2984 4175 3147 4229 Deum
3193 4185 3397 4243 patrem
3446 4182 3673 4247 omnipo-

2125 4273 2341 4329 tentem,
2373 4264 2687 4317 conlitemnr
2728 4264 2890 4317 tilium
2936 4266 3261 4335 unigenitum
3303 4266 3488 4321 Jesnm
3533 4268 3672 4323 Chri-

461 4332 647 4398 ambo,
691 4342 744 4386 et
783 4335 1026 4402 quoniam
1067 4336 1343 4406 όμοούσιον.
1374 4337 1521 4403 Quod
1551 4348 1722 4391 autem
1762 4341 2019 4411 όμοούσιον

2134 4364 2280 4420 ιιιιιιι,
2318 4355 2477 4407 Deum
2517 4353 2583 4407 de
2620 4354 2725 4407 Deo
2761 4354 2939 4407 lumen
2972 4370 3152 4407 verum
3211 4356 3277 4409 de
3310 4372 3436 4411 vero
3465 4359 3671 4422 lumine,

460 4422 676 4488 dicunt,
719 4432 767 4475 et
802 4424 845 4476 si
885 4426 1197 4479 contitentur
1227 4427 1388 4480 tilium
1419 4442 1447 4480 a
1479 4436 1627 4498 patre
1657 4429 1850 4485 habere
1891 4434 2011 4485 sub.

459 4521 743 4584 Stantiam,
773 4519 864 4574 sed
904 4521 1043 4573 aliud
1084 4522 1292 4589 quidem
1334 4523 1535 4590 dicunt,
1574 4526 1808 4583 dicentes
1849 4547 2019 4600 neque

458 4612 795 4679 generatione
836 4611 999 4664 tilimn
1021 4653 1036 4678 ,
1080 4627 1246 4681 neque
1284 4613 1523 4669 faciendo
1553 4632 1672 4674 esse
1702 4634 1729 4672 a
1764 4621 1889 4687 Deo,
1922 4626 2016 4679 sed

459 4702 730 4769 compulso
759 4702 977 4756 isterum
1004 4704 1226 4757 duorum
1248 4747 1261 4769 ,
1286 4714 1335 4759 et
1362 4710 1716 4775 generationis
1740 4724 1791 4766 et
1820 4714 2014 4771 iacien-

456 4795 540 4859 di,
565 4794 723 4849 veluti
752 4795 936 4864 lapidis
960 4805 1012 4848 et
1038 4795 1157 4849 ferri
1175 4838 1189 4860 ,
1213 4807 1369 4866 atque
1397 4799 1513 4853 inde
1535 4801 1700 4856 emitti
1725 4804 2009 4862 ﬂammam.

458 4888 559 4942 Ista
589 4886 825 4940 dicentes
853 4884 1043 4938 occulti
1073 4885 1249 4940 Ariani
1277 4897 1417 4969 sunt.
1450 4888 1683 4945 Primum
1712 4910 1815 4949 non
1853 4914 2012 4967 gone.

456 4978 659 5031 ratione
685 4977 922 5030 dicentes
955 4975 1040 5028 Dei
1086 4974 1246 5028 tilium
1287 4992 1433 5042 esse,
1474 4980 1565 5033 sed
1607 4981 1836 5052 tactura,
1869 4993 2009 5059 quod

458 5067 645 5135 dogma
674 5076 755 5119 est
787 5064 929 5131 Arii;
958 5064 1155 5117 factura
1187 5065 1326 5118 enim
1354 5075 1463 5134 est,
1493 5071 1629 5137 quod
1670 5088 1697 5127 a
1732 5082 2009 5148 compulso

455 5160 628 5221 exilit,
670 5166 723 5211 et
766 5171 828 5211 ex
862 5156 1025 5211 nihilo
1053 5167 1152 5210 est.
1184 5155 1297 5210 Non
1328 5162 1466 5212 enim
1496 5175 1523 5213 a
1557 5161 1695 5216 ferro
1724 5178 1809 5221 aut
1840 5170 2009 5241 lapide

455 5249 696 5311 ﬂamma,
728 5246 865 5315 quod
897 5250 1123 5300 maxime
1150 5244 1306 5299 Arius
1336 5249 1548 5305 insanus
1578 5254 1730 5321 sapit.
1764 5256 1872 5313 Etsi
1902 5263 2011 5317 col-

452 5340 571 5392 lisio
596 5337 729 5391 facta
756 5345 866 5402 est,
900 5338 993 5391 fuit
1016 5341 1226 5408 quando
1254 5358 1355 5396 non
1382 5344 1508 5398 fuit:
1536 5357 1587 5399 et
1611 5347 1653 5400 si
1680 5351 2007 5419 compulsum

454 5428 681 5483 faciendi
724 5437 775 5482 et
813 5431 1153 5498 generatione
1193 5431 1361 5487 factus
1398 5444 1478 5489 est
1505 5436 1666 5503 tilins,
1700 5444 2011 5508 prazexstitit

454 5520 613 5576 {actio
633 5530 684 5575 et
705 5523 979 5593 generatio
1004 5536 1281 5596 antequam
1314 5528 1498 5584 luisset
1525 5530 1677 5589 titius.
1709 5533 2008 5594 Posteriora

2120 4444 2343 4498 formam
2378 4444 2485 4506 Dei,
2522 4444 2609 4513 qui
2640 4443 2796 4497 habet
2833 4444 3178 4497 substantiam
3209 4445 3273 4498 de
3306 4447 3397 4500 Dei
3439 4450 3674 4503 substan-

2122 4541 2210 4604 tia,
2246 4546 2507 4601 naturam,
2540 4536 2956 4605 generationem,
2994 4536 3155 4591 lilium
3189 4537 3346 4591 simul
3385 4556 3508 4593 cum
3540 4554 3673 4610 patre

2118 4631 2624 4685 consubstantiatmn
2672 4628 2808 4697 quod
2857 4628 3022 4683 (ἔντιλθί
3068 4628 3335 4700 όμοοῦσιον
3387 4635 3669 4701 appellant,

2120 4720 2525 4790 primogenitum
2556 4727 2677 4772 ante
2703 4718 3128 4771 constitutionem
3159 4720 3338 4772 mundi
3364 4761 3378 4783 ,
3403 4732 3457 4774 et
3490 4726 3671 4792 primo-

2117 4813 2348 4881 genitum
2389 4819 2512 4863 ante
2554 4824 2764 4863 omnem
2807 4818 3101 4863 creaturam
3126 4850 3140 4874 ,
3178 4811 3277 4864 hoc
3314 4822 3417 4877 est,
3464 4823 3519 4867 et
3559 4826 3668 4868 ante

2116 4900 2460 4957 substantiam
2496 4898 2763 4963 veniendi,
2797 4910 2847 4951 et
2879 4899 3267 4968 generationis,
3296 4912 3346 4955 et
3385 4904 3663 4969 revivendi,

2118 4991 2519 5062 primogenitum
2550 5004 2577 5041 a
2611 4989 2831 5043 mortuis
2867 4990 3029 5061 λόγον,
3061 4990 3149 5057 qui
3180 4990 3251 5044 sit
3289 4993 3528 5047 omnium
3568 4997 3664 5048 ιιιιὶ-

2117 5080 2339 5136 versalis
2367 5080 2527 5153 λόγος,
2558 5078 2693 5151 λόγον
2720 5087 2895 5132 autem
2927 5078 2991 5132 ad
3024 5079 3208 5143 Deum,
3233 5081 3376 5153 λόγον
3397 5084 3448 5135 in
3476 5096 3666 5152 postre.

2114 5173 2213 5227 mis
2270 5170 2594 5238 temporibus
2647 5170 3012 5234 incarnatum,
3061 5178 3116 5223 et
3164 5185 3325 5225 cruce
3380 5172 3661 5229 vincentem

2113 5272 2335 5316 mortem
2384 5268 2437 5314 et
2483 5274 2640 5313 omne
2688 5272 2979 5327 peccatum,
3033 5259 3362 5315 Salvatorem
3412 5273 3656 5330 nostrum,

2106 5352 2337 5423 jndicem
2366 5352 2599 5404 omnium
2621 5390 2635 5414 ,
2669 5365 2879 5419 semper
2915 5366 3034 5405 cum
3078 5362 3228 5420 patre
3269 5354 3655 5409 Stlbstatttialctn

2110 5451 2161 5497 et
2187 5440 2464 5514 όμοούσιον,
2496 5442 2778 5510 potentiam
2808 5441 3035 5495 activam
3064 5458 3093 5496 a
3136 5444 3303 5511 patria
3337 5448 3587 5514 potentia,
3612 5456 3655 5502 ct

2108 5542 2483 5605 generantem,
2533 5542 2589 5588 et
2639 5531 2916 5592 iacientem
2963 5539 3180 5605 onmia,
3226 5545 3281 5593 et
3322 5538 3648 5601 subStantiam
