3950 6206
243 254 382 312 1οη

1409 257 1767 315 ADVERSUS
1805 257 2019 316 ARIUM
2059 259 2262 317 LIBER
2292 264 2329 317 l.

3340 280 3476 333 1078

251 369 515 424 cxistendi
554 369 791 435 omnium
813 412 826 434 ,
859 380 911 424 et
944 372 1357 441 generationem,
1398 382 1452 427 et
1489 373 1811 428 reviviscen-
1837 373 1885 432 Α
1914 372 2038 427 dum
2071 375 2421 444 privationem
2448 380 2588 435 nulla
2614 384 3013 454 participatione
3033 388 3097 441 ad
3126 404 3183 443 se
3214 390 3473 454 invicem;

252 460 381 514 tiam
412 476 426 511 :
458 462 704 526 quoniam
734 463 839 514 vita
863 472 943 515 est
966 472 1182 527 aeterna,
1208 472 1261 517 et
1291 464 1383 518 Dei
1415 467 1601 528 virtus,
1636 474 1690 519 et
1727 479 1815 518 sa-

250 548 445 616 pientia
474 567 486 602 :
515 551 685 618 ipsum
728 549 1105 617 iuversihilem,
1131 553 1507 607 immutabilem
1532 555 1624 624 (al.
1648 564 1815 607 muta-

252 638 601 708 bilem)juxta
622 640 761 708 quod
786 641 926 713 λόγος
946 651 1047 705 est,
1071 650 1123 696 et
1148 642 1285 710 quod
1309 656 1520 711 semper
1536 644 1675 715 λόγος
1695 652 1777 697 est
1799 663 1812 699 :

246 728 397 798 juxta
421 740 591 783 autem
616 729 753 797 quod
775 738 856 784 est
878 746 1057 785 creare
1078 733 1272 795 omnia,
1289 744 1338 786 et
1358 733 1739 800 tnaximejuxta
1762 733 1813 787 in

250 818 378 890 Iter
402 820 659 873 actionem
691 820 1074 887 itnpaSsibiliter
1098 822 1400 890 patientem.
1427 820 1491 876 Ut
1518 820 1634 873 fons
1655 838 1815 889 aqua-

251 926 373 965 rum
403 910 761 975 immutabilis,
794 911 1161 979 impassibilis,
1204 924 1350 966 extra
1383 928 1591 965 omnem
1623 913 1811 966 motio.

252 1017 400 1065 nctn,
426 1016 542 1055 cum
566 1000 696 1067 ﬁuit,
720 1012 772 1055 et
801 1004 851 1054 in
875 1001 1068 1055 ﬁumen
1096 1002 1326 1067 advenit,
1350 1002 1500 1070 juxta
1527 1002 1730 1055 alveum
1762 1010 1813 1056 et

253 1108 448 1161 genera
462 1102 513 1146 et
524 1094 797 1162 qualitates
822 1102 973 1147 terra:
986 1094 1218 1148 creditur
1232 1096 1358 1162 pati,
1374 1109 1585 1161 semper
1597 1110 1813 1150 servans

254 1184 541 1251 potentiam
573 1198 719 1251 aquai
758 1199 940 1247 suam,
971 1195 1023 1237 et
1052 1184 1202 1236 sicuti
1238 1182 1430 1237 ﬁumen
1475 1185 1655 1252 irrigat
1705 1195 1812 1237 ter-

253 1287 390 1335 ram,
424 1272 616 1325 nullam
637 1274 1037 1327 diminutionem
1069 1273 1323 1337 sentiens,
1348 1274 1411 1327 ad
1440 1272 1541 1327 hoc
1565 1274 1702 1343 quod
1732 1282 1815 1327 est

253 1379 375 1418 esse
412 1379 635 1432 aquam;
680 1366 755 1419 sic
798 1364 1035 1419 Christus
1078 1365 1165 1419 ille
1212 1376 1296 1419 est
1344 1365 1552 1429 ﬂuvius,
1598 1367 1663 1421 de
1709 1382 1813 1436 quo

254 1453 518 1522 Propheta
548 1456 671 1509 dicit
702 1471 715 1507 :
752 1454 849 1521 Qui
878 1456 1075 1524 irrigat,
1105 1465 1149 1508 et
1178 1455 1402 1525 infundit
1445 1466 1597 1509 totam
1629 1467 1813 1510 terram

253 1545 405 1615 (Gen.
430 1563 486 1612 tt,
518 1546 573 1617 6)
608 1564 620 1601 :
650 1547 740 1600 sed
766 1543 1007 1598 Christus
1038 1554 1175 1598 totus
1202 1561 1359 1599 omne
1383 1544 1583 1615 irrigat,
1608 1556 1663 1601 et
1690 1547 1813 1600 visi-

253 1636 379 1690 bilia
407 1648 461 1691 et
489 1636 785 1699 invisibilia,
819 1636 1034 1690 nomine
1061 1636 1181 1689 vita:
1208 1635 1442 1689 omnium
1482 1650 1664 1690 eorum
1696 1651 1812 1705 quze

1917 478 2046 532 ergo
2077 480 2174 517 nec
2200 467 2444 521 alterum.
2476 470 2528 523 Si
2558 472 2717 539 igitur
2736 489 2853 543 qua:
2876 485 3017 540 sunt,
3048 479 3203 531 etiam
3230 480 3475 535 dichren-

1917 552 1982 605 tia
2014 554 2119 607 sint
2142 554 2402 616 etaltera,
2425 559 2648 625 quadam
2682 572 2855 617 tamen
2887 567 3261 621 communione
3287 572 3471 625 eadem

1915 652 2070 705 sunt,
2114 654 2167 695 et
2208 646 2498 699 secundum
2542 648 2696 703 istum
2736 654 2949 706 modum
2994 666 3047 709 et
3087 657 3270 710 eadem
3309 661 3473 715 altera

1913 742 2061 798 sunt;
2088 742 2141 786 et
2166 734 2300 788 istud
2325 736 2532 791 duobus
2559 742 2726 794 modis
2758 744 2868 798 sive
2904 746 3067 801 altera
3104 748 3151 801 in
3177 749 3471 811 itlentitate.

1912 823 2023 876 sive
2055 822 2240 876 eadem
2286 825 2334 877 in
2364 826 2657 891 alteritate;
2687 832 2777 883 sed
2806 833 2848 884 si
2881 834 3060 888 eadem
3095 836 3144 890 in
3185 839 3471 904 alteritatc,

1915 916 2082 981 magis
2126 916 2175 968 in
2224 916 2542 971 altcritatcm
2592 933 2810 990 vergunt
2850 926 2936 977 :si
2997 936 3169 980 autem
3217 930 3379 984 altera
3424 934 3471 984 iit

1912 1003 2222 1061 identitate.
2274 1008 2501 1062 maxime
2549 1010 2792 1065 itlcntitas
2837 1027 3074 1084 apparet.
3127 1018 3260 1083 Quid
3318 1021 3474 1090 igitur

1915 1094 2033 1147 istis
2055 1096 2301 1149 concinat
2333 1097 2453 1151 hinc
2482 1101 2925 1167 perSpicieudum.

1985 1273 2167 1327 XLIX.
2200 1276 2271 1330 De
2326 1277 2431 1332 Deo
2472 1289 2525 1333 et
2551 1279 2698 1353 λόγῳ,
2731 1279 2830 1336 hoc
2853 1292 2963 1349 est,
2995 1284 3061 1340 de
3092 1296 3237 1355 patre
3276 1298 3330 1343 et
3369 1290 3476 1343 ﬁlio

1916 1367 2010 1421 Dei
2038 1368 2295 1435 permissu
2318 1370 2639 1425 sufﬁcienter
2664 1373 2884 1439 dictum,
2908 1378 3156 1444 quoniam
3176 1394 3333 1432 uuutn
3358 1396 3473 1449 qua:

1912 1456 2037 1509 duo.
2076 1458 2277 1511 Dictum
2314 1468 2364 1512 et
2391 1460 2457 1513 de
2479 1462 2623 1532 λόγῳ,
2660 1461 2758 1515 hoc
2788 1472 2869 1517 est
2905 1464 2971 1518 de
3014 1465 3121 1519 ﬁlio
3152 1479 3205 1522 et
3246 1469 3311 1523 dc
3351 1470 3473 1538 Spi-

1915 1547 2018 1598 ritu
2045 1558 2250 1611 Sancto,
2284 1549 2422 1616 qttod
2458 1550 2507 1601 in
2540 1565 2665 1603 uno.
2699 1550 2752 1605 Si
2794 1552 2948 1620 igitur
2978 1571 3095 1623 qua:
3133 1556 3257 1622 duo,
3289 1574 3470 1625 unutn,

1915 1647 1968 1689 et
1996 1637 2045 1689 in
2076 1654 2179 1690 uno
2200 1639 2330 1704 duo;
2365 1641 2490 1694 illud
2523 1657 2680 1695 unum
2710 1646 2758 1696 in
2787 1659 2892 1713 quo
2922 1656 3043 1699 sunt
3068 1647 3193 1712 duo,
3225 1654 3469 1719 quoniam

253 1738 381 1783 sunt
414 1728 701 1781 substantia
731 1727 932 1796 irrigat.
962 1726 1017 1779 In
1049 1742 1152 1796 quo
1179 1738 1352 1781 autem
1386 1727 1486 1780 vita
1506 1767 1519 1790 ,
1553 1736 1633 1781 est
1662 1727 1813 1781 Chri-
1840 1719 1887 1779 B
1915 1743 2033 1782 cum
2064 1728 2153 1781 illo
2182 1740 2283 1795 est,
2324 1741 2377 1784 et
2414 1747 2477 1785 ex
2508 1744 2707 1785 a:teruo
2744 1750 2862 1787 cum
2900 1737 3015 1805 ipso
3052 1753 3262 1809 semper
3301 1758 3313 1793 :
3346 1758 3462 1811 quzc

252 1831 370 1875 stus
407 1839 418 1873 :
450 1821 502 1873 in
529 1834 633 1889 quo
671 1819 802 1888 rigat
830 1817 1053 1887 Spiritus
1081 1828 1293 1872 sanctus
1313 1859 1327 1883 ,
1362 1819 1411 1871 iti
1443 1835 1546 1887 quo
1580 1820 1811 1886 potentia

254 1921 340 1967 est
375 1911 669 1975 vitalitatis,
711 1909 867 1963 Pater
904 1918 956 1963 et
1001 1910 1137 1963 Deus
1187 1927 1199 1961 :
1254 1918 1414 1963 totum
1458 1918 1630 1963 autem
1678 1925 1813 1964 unus

258 2005 417 2059 Deus.
452 2002 775 2057 Conﬁtetnur
803 2014 931 2069 ergo
966 2010 1019 2053 et
1051 1999 1304 2067 Spiritum
1335 2010 1572 2052 sanctum
1605 2015 1669 2051 ex
1708 1999 1813 2051 Deo

253 2093 414 2148 Patre
430 2092 601 2146 omnia
624 2092 922 2151 habentem.
942 2092 1190 2164 τῷΛόγῳ,
1211 2090 1309 2144 hoc
1328 2099 1429 2154 est,
1453 2089 1575 2143 Jesu
1601 2088 1814 2143 Christo

256 2183 501 2238 tradente
533 2182 603 2235 illi
634 2182 829 2243 omnia,
858 2198 974 2250 qua:
1002 2179 1244 2234 Christus
1275 2180 1433 2233 habet
1474 2196 1501 2231 a
1544 2180 1713 2233 Patre.
1751 2180 1816 2233 Et

253 2277 357 2330 isto
384 2273 686 2341 bujusmodi
718 2272 876 2326 modo
897 2272 1049 2326 simul
1076 2274 1391 2326 conlitemur
1412 2286 1533 2326 esse
1554 2271 1667 2324 hare
1690 2271 1810 2337 tria,

254 2382 319 2421 ex
361 2366 465 2420 isto
486 2366 633 2435 quod
671 2379 849 2428 unum,
895 2371 949 2417 et
988 2378 1147 2416 unum
1182 2363 1368 2429 Deum,
1404 2361 1653 2435 ὁμοούσια
1684 2363 1812 2427 ista,

255 2467 309 2512 et
351 2470 561 2525 semper
598 2454 753 2508 simul
795 2464 847 2508 et
893 2464 1116 2524 patrem,
1162 2461 1215 2507 et
1252 2452 1437 2517 ﬁlium,
1470 2461 1524 2505 et
1562 2452 1813 2521 Spiritum

252 2553 494 2599 sanctum
544 2543 790 2599 ineﬁ‘abili
834 2544 1087 2611 putentia,
1130 2551 1183 2595 et
1224 2541 1547 2609 ineloquibili
1589 2554 1813 2609 genera-

255 2636 402 2689 tiooe
439 2636 599 2687 ﬁlium
632 2634 744 2695 Dei,
776 2632 955 2686 Jesum
980 2631 1271 2694 Christum,
1303 2633 1462 2703 Λόγος
1500 2632 1587 2699 qui
1636 2633 1724 2693 sit,
1763 2638 1818 2684 et

255 2728 446 2789 Deum,
478 2736 532 2780 et
560 2725 864 2794 imaginem,
893 2734 947 2777 et
979 2722 1221 2785 formam,
1250 2733 1303 2775 et
1330 2724 1689 2777 characterem
1714 2762 1728 2785 ,
1760 2731 1816 2775 et

262 2816 633 2885 refulgentiain
664 2814 845 2881 patris,
878 2822 931 2867 et
956 2812 1223 2877 virtutem,
1251 2820 1302 2865 et
1343 2812 1653 2880 sapientiam
1700 2810 1812 2876 Dei,

259 2925 354 2978 per
386 2922 501 2976 qum
529 2915 777 2973 appareat
806 2914 857 2957 et
886 2902 1183 2957 declaratur
1207 2901 1341 2956 Deus
1372 2902 1420 2954 in
1446 2901 1673 2971 potentia
1704 2914 1815 2952 om-

252 3003 422 3066 nium,
460 3010 514 3054 et
556 3003 811 3063 existens,
850 3008 903 3051 et
944 3010 1183 3057 manens,
1224 3004 1277 3048 et
1310 3010 1470 3063 agens
1513 2994 1687 3046 omnia
1727 3007 1809 3046 se-

1913 1820 2067 1872 simul
2094 1830 2214 1871 snnt
2239 1821 2337 1873 sibi
2368 1821 2591 1875 invicem
2623 1823 2826 1889 eadem,
2857 1826 2960 1879 duo
2989 1843 3149 1881 unum
3192 1840 3346 1895 sunt;
3381 1847 3471 1885 nc-

1913 1923 2065 1963 cesse
2098 1920 2179 1962 est
2215 1909 2372 1978 igitur
2401 1910 2494 1963 ista
2538 1912 2676 1966 idem
2708 1931 2845 1968 esse.
2878 1917 3153 1981 Quomodo
3194 1921 3327 1973 istud
3360 1924 3424 1975 sit
3458 1942 3469 1975 :

1917 1999 2073 2059 Audi,
2103 2009 2153 2050 ttt
2186 2001 2324 2053 dico.
2356 2004 2493 2054 Ante
2521 2008 2694 2055 omnia
2726 2020 2841 2072 qum
2864 2021 2988 2059 vere
3015 2018 3157 2071 sunt,
3186 2025 3351 2066 unum,
3375 2010 3474 2061 fuit

1915 2087 2026 2142 sive
2057 2088 2223 2156 ipsmn
2254 2104 2433 2155 unum,
2465 2102 2744 2160 antequam
2778 2094 2847 2146 sit
2885 2094 2934 2147 ei
2971 2110 3091 2149 esse
3128 2113 3307 2150 unttm.
3340 2099 3470 2151 llltul

1916 2177 2056 2231 enim
2090 2194 2244 2229 unum
2273 2189 2477 2245 Oportet
2506 2180 2685 2234 dicere
2715 2192 2767 2234 et
2800 2183 3110 2252 intelligere,
3144 2187 3280 2253 quod
3312 2202 3469 2239 unam

1916 2268 2341 2336 imaginationem
2372 2269 2651 2322 alteritatis
2675 2270 2851 2334 habet,
2883 2288 3041 2325 unum
3079 2275 3274 2337 solum,
3308 2291 3468 2328 unum

1915 2357 2174 2425 simplex;
2211 2374 2366 2411 unum
2402 2374 2497 2427 per
2536 2364 2969 2425 concessionem,
3002 2379 3160 2416 unum
3203 2376 3325 2417 ante
3360 2380 3471 2417 om-

1922 2462 2040 2501 nem
2094 2449 2461 2512 existentiam,
2511 2458 2631 2501 ante
2673 2464 2881 2503 omnem
2939 2453 3466 2517 existentialitatem,

1918 2548 1971 2591 et
2000 2539 2226 2591 maxime
2256 2548 2378 2591 ante
2404 2540 2579 2591 omnia
2613 2538 2884 2607 inferiora,
2916 2557 3037 2596 ante
3066 2544 3234 2611 ipsum
3262 2544 3343 2607 ὃν,
3374 2546 3472 2598 hoc

1916 2629 2056 2683 enim
2084 2644 2241 2680 unum
2265 2641 2387 2682 ante
2413 2627 2483 2681 ὅν.
2514 2631 2651 2683 Ante
2670 2646 2878 2684 omnem
2904 2634 3059 2700 igitur
3085 2636 3491 2702 essentitatem,

1916 2719 2285 2782 substantiam,
2314 2719 2728 2786 subsistentiam,
2757 2731 2809 2775 et
2835 2722 3007 2777 adhuc
3027 2727 3201 2778 omnia
3235 2744 3351 2795 qua:
3380 2744 3471 2795 po-

1921 2812 2146 2864 tentiora
2177 2827 2355 2875 untnn,
2387 2812 2499 2864 sine
2524 2812 2823 2877 existentia,
2863 2814 2977 2873 sine
3018 2817 3327 2881 substantia,
3355 2821 3467 2875 sine

1916 2900 2274 2969 intelligentia.
2302 2901 2469 2968 Supra
2497 2904 2633 2953 enim
2665 2902 2796 2967 hmc,
2823 2903 3157 2969 immensum,
3183 2908 3466 2975 invisibile,

1917 2992 2305 3045 indiscernibile
2343 2991 2734 3060 univcmaliler,
2775 3005 2828 3047 et
2867 2996 2947 3047 his
2987 3012 3103 3065 quae
3148 2999 3197 3050 in
3246 3000 3380 3065 ipso,
3411 3014 3462 3053 et

254 3094 485 3148 cundum
514 3094 772 3146 actionem
802 3090 921 3153 lilii,
942 3088 995 3142 id
1023 3097 1120 3149 est.
1149 3087 1275 3142 Jesu
1301 3086 1518 3151 Christi,
1551 3100 1702 3153 quem
1732 3083 1810 3137 in-
1838 3069 1882 3131 C
1917 3084 1995 3135 his
2021 3100 2136 3151 qote
2166 3094 2281 3151 post
2324 3083 2522 3148 ipsum,
2558 3084 2715 3135 etiam
2748 3100 2863 3150 qoze
2904 3101 2965 3138 ex
2996 3087 3126 3153 ipso.
3155 3086 3261 3140 Soli
3293 3099 3466 3141 “me...
3492 3142 3499 3145 _

252 3194 556 3247 caritatum,
584 3192 635 3234 et
663 3180 1002 3244 cruciﬁxum,
1042 3190 1094 3231 et
1126 3186 1484 3246 resurgentem
1520 3193 1547 3227 a
1590 3174 1809 3227 mortuis

253 3283 304 3329 et
336 3272 706 3325 ascendentem
748 3271 798 3323 in
834 3270 1019 3333 caelos,
1050 3279 1101 3321 ct
1131 3267 1402 3321 sedentem
1438 3267 1499 3318 ad
1542 3266 1807 3319 dexteram

254 3363 446 3428 Patris,
473 3373 521 3416 et
542 3362 775 3431 judicent
806 3361 1035 3413 futurum
1066 3358 1243 3412 venire
1274 3360 1558 3411 viventium
1590 3368 1642 3411 et
1669 3373 1811 3411 mor-

256 3464 485 3518 tuorum,
526 3452 734 3506 Patrem
772 3451 943 3504 omnis
979 3461 1236 3503 creaturae
1276 3458 1328 3502 et
1367 3450 1715 3512 Salvatorem,
1757 3459 1809 3503 et

253 3558 406 3607 voce,
438 3549 491 3596 et
519 3551 627 3595 toto
652 3541 810 3595 corde
840 3539 1158 3594 conﬁtemur
1184 3552 1411 3605 semper,
1446 3540 1594 3611 ἁμήν.
1625 3538 1806 3592 Gratia

252 3644 304 3688 et
338 3648 435 3702 pax
477 3648 504 3685 a
547 3632 653 3685 Deo
692 3644 859 3701 patre,
898 3642 949 3685 et
991 3633 1096 3685 lilio
1137 3633 1251 3699 ejus
1290 3632 1411 3685 Jesu
1446 3630 1659 3685 Christo
1705 3633 1807 3685 Do-

252 3724 399 3778 mino
428 3734 630 3791 nostro,
660 3725 736 3777 sic
764 3724 861 3777 ista
889 3722 1163 3777 conﬁtenti
1194 3721 1245 3775 in
1277 3721 1449 3775 omnia
1480 3723 1671 3777 saecula
1707 3738 1807 3775 sae-

250 3815 509 3868 culorum.

323 3992 549 4046 XLVIII.
576 3992 821 4058 Spiritus,
847 3993 1003 4065 λὸογος,
1028 3998 1163 4057 νοῦς,
1189 3991 1463 4060 sapientia,
1487 3992 1803 4051 substantia,

256 4094 433 4138 utrum
477 4086 612 4137 idem
659 4086 865 4148 omnia,
905 4101 968 4138 an
1005 4086 1167 4138 altera
1212 4100 1239 4136 a
1276 4098 1332 4136 se
1374 4083 1635 4136 invicem?
1671 4082 1734 4135 Et
1766 4082 1807 4135 si

254 4176 429 4241 idem,
484 4177 852 4229 communione
907 4176 1162 4243 quadam,
1214 4190 1278 4227 an
1330 4176 1709 4228 universitate?
1754 4174 1807 4226 Si

252 4266 628 4319 communione
665 4265 909 4332 quadam,
955 4266 1075 4334 qttid
1125 4266 1373 4334 priututn,
1419 4266 1540 4333 quid
1583 4280 1649 4317 ex
1681 4263 1804 4326 alio,

252 4368 304 4411 et
334 4372 434 4425 qua
466 4356 875 4409 communione?
899 4356 941 4409 si
974 4357 1313 4409 universitate
1341 4365 1393 4408 ct
1432 4357 1560 4418 ista,
1597 4362 1650 4407 ct
1687 4367 1804 4421 qua:

252 4446 568 4509 dilI'erentia,
598 4454 649 4499 et
675 4461 791 4514 qua:
821 4445 1155 4497 communio?
1180 4446 1219 4497 si
1248 4460 1275 4497 a
1304 4461 1358 4497 se
1388 4444 1606 4499 invicem
1639 4446 1802 4497 altera

253 4537 579 4601 oinnimodo,
606 4536 769 4589 altera
801 4536 851 4588 iti
880 4536 978 4588 alia
1009 4544 1064 4586 nt
1094 4534 1418 4602 subjectum,
1452 4536 1550 4587 alia
1581 4544 1636 4587 ttt
1669 4536 1804 4588 acci-

252 4626 385 4679 dens
420 4642 431 4675 :
462 4640 524 4676 an
548 4627 692 4693 juxta
719 4626 875 4678 alium
907 4626 1129 4679 alterum
1161 4625 1411 4677 modum?
1433 4623 1487 4678 Si
1514 4626 1669 4693 igitur
1689 4639 1801 4675 om-

254 4719 484 4773 nimodis
521 4721 704 4783 altera,
738 4728 788 4771 et
816 4720 1099 4793 έτερόνυμα,
1133 4728 1185 4771 et
1223 4719 1438 4771 alterius
1475 4717 1796 4772 substantiae.

251 4810 357 4864 Sed
405 4808 534 4861 nihil
584 4807 900 4862 omnimodis
945 4810 1161 4863 alterius
1209 4810 1514 4863 substantia:
1561 4827 1572 4861 :
1622 4823 1799 4862 eorum

252 4903 391 4959 enim
422 4917 538 4970 qua:
565 4910 687 4954 sunt
710 4899 761 4954 ὃν
788 4914 973 4968 genus,
1006 4908 1057 4951 et
1096 4900 1261 4969 magis
1288 4915 1454 4968 genus
1482 4899 1534 4952 in
1574 4914 1635 4953 eo
1662 4900 1799 4968 quod

252 5002 331 5047 est
356 5005 496 5045 esse.
527 4990 629 5044 Sed
660 4991 905 5059 quoniam
931 5004 1046 5041 esse
1072 4989 1369 5057 dupliciter,
1401 5000 1450 5042 et
1482 4990 1648 5057 ipsmu
1675 4992 1731 5043 τὸ
1752 4986 1803 5043 ὃν

252 5080 555 5149 dupliciter.
583 5088 663 5131 est
689 5080 826 5132 enim
858 5092 982 5131 vere
1013 5091 1160 5139 esse,
1190 5088 1269 5130 est
1300 5089 1350 5131 et
1378 5078 1547 5131 solum
1578 5093 1712 5131 esse.
1746 5078 1801 5133 Si

254 5170 411 5238 igitur
443 5170 501 5221 τὸ
537 5164 608 5231 ὃν,
640 5181 763 5219 vere
801 5162 851 5219 ὂν
894 5176 947 5220 et
989 5166 1156 5219 solum
1188 5162 1239 5219 ὂν
1276 5167 1339 5219 ad
1382 5168 1555 5221 omnia
1583 5167 1723 5233 ὄντα,
1752 5183 1804 5226 et

251 5260 421 5312 solum
452 5253 502 5310 ὃν
543 5257 608 5308 ad
638 5256 808 5307 solum
848 5253 983 5317 ὄντα,
1016 5256 1125 5308 sive
1164 5259 1488 5327 συνωνύμως,
1528 5259 1636 5310 sive
1675 5260 1806 5329 ὁμω-

254 5351 421 5419 νύμως
450 5347 711 5409 dicuntur,
745 5360 847 5397 non
879 5344 1192 5397 omnimodis
1216 5346 1377 5399 altera
1405 5359 1523 5400 sunt
1556 5366 1569 5401 :
1596 5352 1807 5416 partici-

253 5440 465 5508 patione
514 5437 671 5505 igitur
716 5434 985 5503 cujusdam
1032 5437 1415 5488 communionis
1463 5439 1637 5490 omnia
1691 5456 1807 5508 qua:

253 5536 394 5589 sunt,
425 5526 487 5578 ad
532 5526 697 5577 altera
730 5534 871 5576 sunt.
909 5524 1110 5576 Etenim
1152 5524 1289 5592 quod
1326 5532 1397 5596 τῷ
1430 5522 1534 5580 ὄντι
1568 5536 1669 5590 est,
1708 5529 1805 5584 hoc

254 5617 391 5689 quod
427 5628 529 5668 non
558 5608 611 5665 ὃν
636 5622 739 5679 est,
767 5611 1067 5683 opponitur,
1097 5615 1241 5682 quasi
1269 5616 1588 5671 contrarium
1617 5632 1805 5674 secun-

1831 4409 1881 4467 D

1911 3174 2007 3226 sibi
2044 3183 2096 3226 et
2125 3172 2494 3237 disccrtnhile,
2523 3183 2575 3226 et
2603 3172 2876 3225 delinitunt
2912 3176 3018 3242 ipsa
3050 3190 3140 3227 sua
3170 3178 3464 3241 existentia,

1911 3277 2012 3314 non
2040 3271 2232 3322 actum,
2266 3268 2323 3313 ut
2350 3275 2451 3313 neu
2480 3262 2724 3328 quiddam
2768 3262 2991 3315 alterunt
3017 3264 3080 3315 sit
3108 3265 3173 3316 ab
3202 3267 3313 3332 ipso
3343 3281 3465 3319 con-

1910 3354 2166 3416 sistentia,
2194 3361 2247 3405 et
2273 3354 2641 3421 cegnoscentia
2672 3354 2749 3405 sui
2784 3353 3044 3419 itupartile
3076 3356 3321 3424 undique,
3350 3359 3465 3411 sine

1912 3445 2093 3512 ﬁgura,
2124 3445 2237 3497 sine
2266 3445 2536 3512 qualitate,
2587 3458 2758 3510 neque
2789 3442 3122 3509 inqualitatc;
3155 3445 3267 3497 sine
3291 3448 3463 3513 quali-

1910 3543 2013 3588 tate
2039 3535 2214 3603 quale,
2246 3536 2359 3587 sine
2389 3534 2590 3596 colore,
2634 3536 2748 3587 sine
2773 3535 2965 3601 specie.
2994 3535 3105 3587 sine
3134 3534 3317 3601 forma,
3352 3553 3465 3589 om-

1910 3632 2062 3683 nibus
2096 3630 2275 3683 lormis
2314 3645 2520 3685 carens.
2554 3631 2733 3699 Neque
2760 3633 2896 3700 quod
2934 3633 3000 3685 sit
3029 3634 3137 3701 ipsa
3175 3632 3337 3685 forma
3363 3646 3461 3698 qtta

1908 3720 2199 3774 formantur
2242 3723 2448 3788 omnia,
2480 3733 2532 3776 et
2576 3724 2944 3777 universalittm
2968 3736 3019 3777 et
3058 3724 3315 3792 partilium
3346 3738 3462 3776 om-

1910 3812 2050 3863 nium
2083 3825 2199 3879 qua:
2226 3821 2367 3863 sunt.
2392 3812 2563 3865 Prima
2591 3827 2750 3866 causa
2801 3816 3033 3865 omnium
3062 3814 3460 3881 principiorum,

1908 3902 2218 3969 principium
2251 3903 2481 3955 omnium
2524 3904 3010 3971 intelligentiarum,
3054 3902 3462 3969 pratintelligen-

1910 3994 1978 4045 tia
2013 3998 2245 4049 omnium
2276 3997 2647 4063 potentiorum,
2678 3994 2924 4045 lortitudo
2948 3995 3055 4062 ipsa
3080 3994 3311 4046 motione
3334 3993 3467 4046 rele-

1909 4084 2072 4149 brior,
2108 4086 2221 4152 ipso
2251 4096 2387 4137 statu
2419 4087 2676 4139 stabilior.
2718 4085 2941 4138 Motione
2971 4085 3108 4137 enim
3142 4085 3463 4152 ineloquihili

1908 4183 2074 4226 status
2106 4184 2213 4237 est,
2248 4186 2384 4227 statu
2424 4185 2597 4229 autem
2636 4174 2881 4228 ineflabili
2911 4176 3258 4242 superelativa
3304 4179 3464 4229 motio

1906 4270 2004 4315 est.
2045 4262 2448 4317 Continuatione
2483 4266 2623 4317 omni
2667 4264 2896 4327 densior,
2931 4265 3176 4318 distantia
3216 4267 3460 4318 universa

1906 4352 2079 4415 altior,
2103 4352 2367 4406 deﬁnitior
2384 4355 2627 4408 universo
2645 4370 2886 4421 corpore,
2917 4366 2970 4409 et
2995 4356 3161 4423 major
3181 4356 3322 4408 otnoi
3352 4369 3460 4406 ma—

1906 4442 2195 4510 gnitudine,
2217 4445 2358 4495 omni
2384 4444 2698 4511 iucorporali
2731 4446 2926 4511 purior,
2951 4447 3089 4498 omni
3120 4447 3458 4514 intelligentia

1909 4542 1960 4585 el
1985 4547 2205 4600 covpore
2235 4534 2629 4600 pcnetraliilior,
2660 4536 2891 4586 omnium
2925 4536 3335 4602 potentissimus.
3368 4551 3461 4603 po-

1909 4624 2067 4677 tentia
2123 4626 2509 4691 potentiarutn,
2562 4625 2705 4677 omni
2744 4641 2971 4691 genere,
3016 4627 3157 4678 omni
3193 4628 3457 4692 potentia,

1907 4716 2047 4768 omni
2089 4716 2261 4783 specie
2302 4714 2492 4782 majus,
2528 4724 2690 4767 totum
2724 4730 2847 4767 vero
2887 4731 3001 4781 qua:
3028 4726 3149 4768 sunt
3182 4716 3355 4767 omnia
3390 4717 3466 4783 ip-

1906 4822 2020 4859 sum
2049 4807 2282 4859 existens
2311 4806 2450 4856 omni
2482 4814 2589 4856 toto
2615 4804 2799 4873 majus,
2830 4807 3108 4872 Corporali,
3142 4816 3194 4861 el.
3224 4809 3464 4875 incorpo-

1906 4897 2023 4958 rali,
2080 4896 2219 4947 omni
2270 4905 2415 4963 parte
2446 4896 2609 4961 magis
2652 4912 2769 4963 pars
2821 4897 3153 4950 inenarrabili
3196 4900 3463 4965 potentia,

1906 5002 2055 5056 pura,
2088 4986 2318 5041 exi-lens
2344 5002 2447 5053 prce
2472 4987 2732 5054 omnibus,
2759 5004 2874 5057 quin
2904 5002 3025 5042 vere
3047 4999 3186 5041 sunt.

1982 5161 2041 5214 L.
2090 5160 2181 5213 llie
2205 5171 2281 5214 est
2317 5162 2472 5227 Deus,
2505 5162 2587 5216 hic
2615 5162 2790 5227 Pater,
2830 5162 3302 5234 praiutelligentia,
3334 5182 3466 5233 pra:-

1908 5258 2141 5312 existens
2168 5268 2218 5311 et
2256 5258 2666 5327 pra'existentia,
2711 5260 3086 5314 beatitudinem
3117 5277 3263 5315 suam
3290 5276 3337 5317 et
3368 5264 3465 5318 itit-

1911 5347 2094 5401 mohili
2139 5348 2366 5400 motione
2410 5348 2746 5415 scutclipsnttt
2783 5350 3117 5414 Ctt~todiens,
3160 5362 3210 5404 et
3255 5366 3467 5422 propter

1911 5437 2049 5490 istud
2074 5455 2173 5489 non
2203 5436 2441 5505 indigens
2466 5438 2708 5499 aliorum,
2732 5439 2989 5507 perlectus
3013 5456 3168 5508 super
3187 5443 3463 5509 perfectos,

1910 5527 2165 5595 tripoteus
2195 5527 2246 5580 itt
2280 5527 2547 5591 unalitate,
2578 5528 2791 5595 spiritus
2824 5530 3081 5595 perfectus
3101 5539 3153 5583 et
3180 5544 3335 5597 supra
3361 5529 3469 5597 spi-

1908 5618 2089 5673 ritum.
2117 5618 2228 5671 Non
2256 5616 2394 5669 cnim
2418 5616 2602 5685 spirat,
2631 5618 2723 5672 sed
2754 5627 2952 5673 tantum
2974 5617 3186 5688 spiritus
3208 5629 3287 5674 est
3311 5620 3361 5674 in
3379 5636 3463 5686 eo,
