3950 6206
447 181 586 243 1079

1674 174 1863 232 MAR“
1900 168 2239 228 VICTORINI
2280 176 2441 231 ΛΕΜ

3564 181 3706 234 1080

447 298 587 367 quod
623 304 705 353 est
741 297 793 351 ei
817 309 958 363 esse,
988 295 1207 365 spiritus
1232 294 1443 362 spirans
1476 292 1529 346 in
1566 290 1934 357 semetipsum,
1968 294 2026 341 ut
2052 284 2105 345 Α
2128 284 2409 344 descensio
2436 290 2579 345 enim
2611 291 2737 359 vita,
2764 294 3007 347 ascensio
3032 294 3311 363 sapientia.
3344 294 3580 364 Spiritus
3610 310 3703 348 au-

448 388 519 443 sit
548 386 794 458 spiritus;
832 385 1080 456 quoniam
1116 393 1197 440 est
1235 383 1454 453 Spiritus
1485 377 1857 450 inseparabilis
1888 392 1915 429 a
1942 390 2029 430 se-

448 478 699 546 metipso,
732 477 845 545 ipse
880 476 981 530 sibi
1002 484 1055 530 et
1082 476 1249 560 locus,
1287 483 1340 527 et
1366 471 1632 526 habitator
1662 471 1712 523 in
1738 465 2028 534 semetipso

452 581 694 630 manens,
727 566 870 619 solus
912 564 964 617 in
994 565 1129 626 solo,
1165 562 1358 632 ubique
1383 561 1645 625 existens,
1685 568 1738 613 et
1766 570 2027 626 nusquam

449 655 824 724 simplicitate,
867 668 1003 707 unus
1048 653 1136 722 qui
1173 651 1277 715 sit,
1324 662 1429 705 tres
1469 649 1736 719 potentias
1774 645 2028 700 eounieus

454 744 789 802 existentiam
817 758 1030 798 omnem
1050 784 1063 810 ,
1098 741 1259 796 vitam
1291 756 1502 795 omnem
1532 749 1584 793 et
1624 736 2024 792 beatitudinem.

453 835 560 891 Sed
592 835 688 889 ista
718 835 894 889 omnia
915 842 968 887 et
989 848 1172 898 unum,
1196 842 1250 886 et
1271 831 1493 901 simplex
1519 844 1700 894 unum,
1727 837 1780 882 et
1801 826 2031 881 maxime

455 930 509 983 in
538 926 774 996 potentia
814 926 927 993 ejus
984 924 1122 993 quod
1161 932 1244 977 est
1276 937 1427 986 esse,
1459 920 1559 974 hoc
1605 929 1687 975 est
1732 918 2029 973 CXiSlt‘nliiB

456 1017 713 1087 potentia,
738 1016 857 1070 vitae
878 1026 929 1069 et
961 1012 1301 1068 beatitudinis
1322 1011 1461 1081 quod
1493 1010 1634 1065 enim
1662 1018 1742 1064 est
1770 1022 1821 1062 et
1853 1006 2033 1062 existit

455 1107 713 1178 potentia,
750 1122 868 1174 qua:
898 1104 969 1157 sit
994 1103 1312 1167 existentire,
1354 1116 1415 1155 ac
1452 1100 1687 1169 potentia
1734 1108 1814 1152 est
1843 1098 1962 1151 vita:
1978 1106 2034 1152 et

456 1196 798 1254 beatitudinis
821 1196 931 1265 ipsa
960 1211 1053 1265 per
1080 1193 1437 1263 semetipsam,
1469 1201 1522 1245 et
1567 1191 1688 1245 ideo
1714 1200 1767 1244 et
1793 1190 1929 1262 λόγος
1951 1187 2033 1241 sui

458 1292 649 1361 ipsius,
679 1301 730 1344 et
762 1289 958 1352 vivere,
1000 1298 1051 1341 et
1078 1302 1261 1356 agens,
1301 1284 1501 1339 habens
1527 1283 1817 1337 secundum
1864 1280 2030 1350 ipsam

457 1381 822 1450 suimetipsius
890 1379 1261 1433 inexistentem
1322 1375 1701 1438 existentiam,
1773 1375 2031 1427 indiscer-

458 1473 638 1528 nihilis
672 1472 888 1542 spiritus
927 1470 1197 1535 counitio,
1246 1468 1527 1533 divinitas,
1578 1465 2029 1531 substantialitas,

457 1562 747 1626 beatitudo,
770 1559 1261 1631 intelligentialitas,
1278 1559 1529 1622 vitalitas,
1545 1556 1834 1625 optirnitas,
1850 1565 1904 1608 et
1921 1558 2033 1608 uni-

2132 387 2236 433 tem
2265 390 2316 434 et
2343 380 2461 435 ista.
2501 383 2729 452 Spiritus
2760 385 2917 454 igitur
2949 395 3171 455 utraque
3208 406 3219 440 :
3262 388 3312 441 in
3344 402 3451 440 uno
3487 387 3620 448 duo.
3654 398 3705 443 et

2130 470 2267 525 sicut
2324 473 2587 529 existente
2644 477 2749 529 vita
2803 477 2971 545 prima
3028 478 3346 541 existentia,
3407 479 3703 533 necessitas

2130 561 2228 616 fuit
2250 563 2302 617 iu
2332 567 2640 634 virginalem
2669 569 2951 636 potentiam
2978 570 3303 635 subintrare,
3334 579 3386 624 et
3414 570 3704 624 masculari

2130 655 2348 725 virginis
2378 666 2529 725 partu
2572 660 2739 711 virmn
2779 661 3023 729 generari
3066 660 3229 713 ﬁlium
3273 661 3387 714 Dei.
3431 661 3486 713 in
3534 662 3702 728 prima

2131 745 2271 798 cnim
2301 746 2557 812 motione,
2600 750 2820 817 primam
2849 750 2967 803 dico
3000 753 3049 803 in
3086 752 3449 820 apparenti-nm
3488 752 3705 806 venien-

2133 847 2261 905 tem,
2293 840 2457 893 veluti
2482 840 2677 895 defecit
2705 856 2732 893 a
2766 845 2997 910 potentia
3028 846 3210 911 patris,
3242 854 3294 897 et
3324 847 3372 897 in
3404 844 3703 912 cupiditate

2133 929 2291 983 insita
2320 929 2695 998 vivefaciendi,
2731 937 2867 986 intus
2906 934 3115 1001 quidem
3146 936 3379 989 existens
3416 938 3545 995 vita,
3582 952 3702 988 mo-

2133 1024 2276 1075 tione
2314 1030 2486 1075 autem
2516 1022 2644 1077 foris
2681 1025 2915 1078 existens
2948 1026 2998 1077 in
3032 1025 3379 1092 semetipsam
3426 1026 3652 1079 recurrit
3688 1043 3701 1077 :

2132 1126 2317 1165 rursus
2354 1111 2403 1165 in
2437 1113 2777 1181 setnetipsam
2829 1130 3082 1168 conversa
3128 1116 3269 1168 venit
3309 1118 3357 1169 in
3408 1130 3558 1169 suam
3602 1131 3703 1184 pa-

2136 1200 2286 1255 triam
2315 1200 2671 1269 existentiam,
2703 1205 2892 1258 virtute
2923 1206 3103 1259 ell‘ecta
3140 1216 3192 1259 et
3220 1205 3447 1274 perfecta
3477 1206 3567 1275 (al.
3606 1222 3703 1274 per

2133 1292 2269 1348 facta
2304 1294 2357 1348 iu
2376 1295 2789 1364 omnipotentem
2818 1299 3060 1352 virtutem
3091 1298 3305 1352 ell'ectus
3331 1308 3412 1352 est
3436 1300 3703 1367 perfectus

2132 1384 2370 1453 spiritus,
2404 1397 2531 1440 nutu
2566 1386 2614 1440 iu
2664 1388 2934 1456 superiora
2976 1404 3254 1454 converso,
3289 1389 3389 1443 hoc
3429 1400 3509 1444 est
3536 1391 3694 1444 intro.

2134 1476 2223 1530 Sic
2243 1477 2530 1531 secundum
2561 1486 2739 1549 typum
2768 1480 3001 1546 oportuit
3045 1480 3283 1533 ordinem
3316 1494 3469 1546 esse,
3499 1491 3553 1533 et
3576 1496 3698 1533 cum

2133 1576 2216 1621 est
2236 1568 2286 1621 in
2314 1583 2537 1637 corpore
2558 1570 2795 1637 spiritus,
2821 1569 2920 1622 ltoc
2951 1578 3050 1634 est,
3080 1571 3184 1623 mio
3210 1570 3441 1636 Christo,
3465 1581 3520 1623 et
3547 1570 3700 1639 quasi

456 1654 736 1709 versaliter
763 1651 1083 1706 OmIIiMOdiS
1131 1650 1329 1714 οηυιίηι
1372 1665 1501 1717 [δυΐο
1528 1648 1819 1718 ingenitum
1843 1649 2025 1719 προόν,
2060 1642 2107 1703 Β
2132 1660 2536 1715 diminutionem
2569 1662 2699 1729 pati,
2736 1669 2787 1715 et
2812 1676 2841 1713 a
2872 1660 3083 1729 Virgine
3116 1664 3280 1723 nasci,
3312 1673 3361 1715 et
3393 1662 3502 1730 ipsa
3535 1663 3698 1714 veluti

460 1746 690 1800 unalitas
724 1743 1044 1799 counitionis
1069 1744 1213 1797 nulla
1245 1741 1559 1797 counitiOni.
1590 1742 1695 1796 Isto
1738 1740 1897 1810 igitur
1925 1755 2031 1794 uno

458 1839 753 1899 existente,
791 1851 951 1890 unum
998 1834 1222 1904 proinde
1260 1833 1430 1888 exiliit
1456 1848 1653 1898 unum,
1694 1832 1745 1885 in
1787 1831 2030 1885 substan-

460 1928 533 1983 tia
564 1943 749 1993 unum,
785 1928 834 1980 in
886 1934 1030 1980 motu
1056 1940 1239 1989 unum,
1267 1933 1321 1978 et
1350 1933 1524 1980 motus
1550 1921 1690 1977 enim
1719 1921 2027 1989 existentia,

458 2018 709 2087 quoniam
760 2015 1040 2071 existentia
1077 2023 1271 2068 motus.
1306 2012 1446 2067 Istud
1491 2011 1650 2081 igitur
1682 2026 1843 2065 unum
1892 2010 2032 2064 exis-

460 2109 750 2166 tentialiter
787 2124 980 2174 unum,
1018 2106 1112 2161 sed
1152 2120 1255 2159 non
1285 2114 1342 2158 ut
1381 2104 1539 2159 Pater
1569 2101 2031 2157 inexisteutialiter

460 2216 651 2268 unum,
700 2201 789 2269 qui
836 2209 916 2254 est
955 2197 1243 2253 secundum
1284 2195 1572 2265 potentiam
1628 2193 2032 2250 existentialiter

460 2306 641 2344 unum.
678 2288 845 2344 Habet
873 2288 1014 2343 enim
1058 2287 1369 2357 potentiam,
1412 2296 1465 2341 et
1510 2286 1677 2350 magis
1703 2285 1860 2339 habet
1889 2283 2029 2353 quod

458 2382 510 2437 ei
534 2382 765 2436 futurum
794 2391 876 2435 est
900 2379 1189 2435 secundum
1218 2378 1577 2447 operationem
1602 2392 1741 2443 esse,
1770 2385 1823 2430 et
1844 2390 2031 2431 secun-

467 2474 592 2528 dum
621 2473 896 2528 veritatem
922 2487 1026 2525 non
1052 2471 1227 2534 habet,
1254 2468 1345 2523 sed
1369 2478 1450 2523 est
1470 2485 1483 2525 :
1507 2468 1752 2537 quoniam
1774 2465 2027 2536 potentia,

458 2564 665 2618 coactio
690 2572 903 2617 actuosa
943 2561 1012 2615 sit
1042 2559 1235 2626 omnia,
1272 2569 1349 2613 est
1378 2558 1493 2613 sine
1532 2558 1795 2621 molestia,
1822 2567 1877 2611 et
1908 2571 2031 2613 vere

459 2654 779 2709 omnimodis
824 2669 926 2706 non
970 2666 1154 2722 egens,
1203 2668 1322 2721 qua:
1348 2650 1418 2705 sit
1454 2651 1519 2705 ab
1547 2650 1648 2705 hoc
1681 2660 1736 2704 ut
1759 2649 1829 2703 sit
1853 2649 2029 2703 omnia

459 2745 697 2815 potentia
727 2759 742 2797 :
771 2745 966 2799 etenim
999 2758 1103 2813 qua
1155 2752 1342 2812 potens
1369 2753 1491 2797 nata
1521 2742 1657 2797 actio
1688 2752 1825 2812 eget,
1869 2757 2030 2812 agens

458 2835 570 2905 ipsa
599 2836 844 2890 unalitas.

530 2928 617 2983 Ll.
664 2927 824 2997 igitur
868 2927 965 2981 ista
991 2928 1279 2983 secundum
1316 2927 1455 2982 istud
1485 2926 1622 2997 quod
1658 2941 1775 2981 esse
1804 2926 2029 2980 dicimus

459 3035 645 3083 unum,
667 3035 827 3073 unum
857 3019 959 3073 vita
985 3029 1086 3084 est,
1114 3036 1231 3087 quae
1255 3020 1323 3073 sit
1352 3020 1515 3073 motio
1546 3019 1768 3084 inﬁnita,
1796 3019 2028 3074 eﬂectrix
2056 2993 2101 3056 (ἶ

459 3110 716 3174 aliorum,
750 3110 830 3163 vel
871 3124 1053 3164 eorum
1093 3126 1211 3178 qum
1245 3124 1368 3164 vero
1409 3119 1553 3175 sunt,
1583 3111 1663 3163 vel
1700 3125 1884 3165 eorum
1915 3125 2033 3179 qua:

459 3209 606 3265 sunt,
638 3200 871 3254 existens
904 3201 1063 3273 λόγος,
1099 3200 1162 3253 ad
1198 3200 1249 3253 id
1279 3200 1421 3269 quod
1464 3209 1546 3254 est
1576 3214 1694 3254 esse
1730 3216 1847 3269 qua:
1874 3211 2026 3266 sunt,

458 3292 638 3347 omnia
673 3308 701 3345 a
731 3300 961 3347 sesemet
982 3307 1198 3346 movens
1228 3306 1441 3362 semper
1471 3291 1523 3345 in
1557 3300 1722 3355 motu,
1753 3292 1806 3346 in
1835 3302 2031 3346 semet-

460 3384 572 3455 ipsa
598 3384 801 3438 habens
825 3395 1044 3448 motum,
1075 3385 1240 3453 magis
1266 3394 1439 3438 autem
1464 3384 1573 3452 ipsa
1598 3392 1770 3437 motus
1799 3394 1879 3438 est
1913 3402 1925 3435 :
1954 3385 2032 3439 sic

458 3476 600 3530 enim
644 3474 917 3542 Scriptura
958 3474 1133 3528 divina
1177 3473 1303 3527 dicit
1350 3494 1361 3528 :
1405 3474 1553 3539 Quod
1580 3474 1716 3527 dedit
1747 3475 1852 3542 ipse
1890 3484 2031 3543 pater

459 3563 596 3617 Deus
628 3566 678 3617 iu
705 3567 817 3632 ipso
845 3581 948 3618 esse
976 3566 1127 3617 vitam
1153 3581 1258 3618 esse
1288 3565 1462 3635 (Joan.
1488 3580 1539 3630 v,
1570 3564 1683 3634 26).
1737 3567 1841 3620 Iste
1893 3566 2031 3619 [ilius

459 3664 541 3709 est
560 3656 722 3729 λόγος,
751 3655 840 3725 qui
866 3656 1034 3710 estad
1065 3658 1248 3720 Deum,
1279 3656 1380 3711 iste
1417 3673 1510 3723 per
1538 3673 1692 3724 quem
1740 3657 1877 3711 facta
1907 3668 2031 3712 Sunt.

458 3746 658 3809 omnia,
699 3748 799 3800 iste
846 3748 981 3801 [ilius
1019 3757 1073 3802 et
1111 3748 1299 3801 tilietas
1340 3758 1445 3802 tota
1492 3749 1828 3817 paternitatis
1872 3750 2029 3803 totius

459 3851 675 3906 semper
702 3838 792 3906 qui
824 3837 891 3891 sit
926 3848 978 3891 et
1010 3837 1169 3901 illius,
1202 3848 1255 3891 et
1290 3853 1355 3891 ex
1391 3846 1590 3891 aeterno
1625 3856 1638 3893 :
1680 3838 1818 3891 ﬁlius
1854 3848 2028 3892 autem

459 3941 512 3986 et
542 3941 711 3985 semet
742 3939 884 3984 mota
912 3931 1164 3994 mutione,
1200 3930 1432 3999 potentia
1458 3930 1599 3984 enim
1632 3931 2024 3999 progrediente,

459 4030 513 4075 et
544 4020 709 4075 veluti
749 4021 1009 4075 immobili
1042 4022 1455 4090 prteexistentia,
1487 4032 1540 4076 et
1576 4038 1679 4076 non
1707 4033 1846 4076 mota
1879 4024 2028 4092 juxta

456 4112 597 4180 quod
625 4112 855 4179 potentia
884 4112 998 4166 fuit.
1030 4112 1134 4165 Ista
1169 4113 1335 4166 motio
1376 4128 1635 4180 nusquam
1661 4113 1947 4183 requiescit
1976 4124 2029 4168 et

458 4218 488 4256 a
524 4202 807 4271 semetipsa
852 4217 1135 4270 exurgens,
1165 4212 1218 4256 et
1242 4201 1293 4255 in
1327 4218 1484 4257 omne
1514 4218 1680 4273 genus
1720 4212 1894 4257 motus
1918 4204 2025 4258 fes-

455 4296 631 4348 tinans
664 4310 675 4345 :
709 4293 904 4360 quippe
926 4292 1034 4343 vita
1061 4308 1177 4361 quae
1200 4292 1269 4345 sit
1298 4294 1521 4356 infinita,
1552 4304 1604 4348 et
1633 4296 1741 4363 ipsa
1772 4296 1825 4349 in
1855 4295 2026 4349 vivifi-

452 4386 662 4440 eatione
700 4381 865 4437 veluti
911 4380 1035 4434 foris
1076 4382 1337 4449 apparuit.
1378 4383 1688 4437 Necessario
1728 4385 1885 4453 igitur
1921 4389 2023 4441 vita

454 4490 578 4533 nata
607 4484 710 4539 est,
752 4474 855 4527 vita
887 4483 1058 4527 autem
1091 4473 1252 4539 ﬁlius,
1295 4474 1397 4527 vita
1431 4475 1612 4539 mctio,
1655 4490 1682 4527 a
1709 4477 1850 4530 \itali
1884 4494 2021 4546 pra).

452 4567 729 4623 existentia
762 4565 887 4628 vita,
921 4564 1197 4618 existentia
1237 4564 1288 4617 iu
1330 4564 1725 4629 constitutione,
1775 4577 1827 4622 et
1854 4584 2019 4637 appa-

449 4661 618 4716 rentia
657 4659 889 4713 omnium
931 4668 1182 4719 totorum,
1213 4672 1331 4725 qua;
1365 4657 1513 4725 juxta
1553 4660 1839 4725 potentiam
1874 4671 2018 4729 pater

448 4761 552 4815 est,
588 4759 642 4803 ut
671 4750 737 4803 ah
769 4763 950 4802 eorum
986 4764 1101 4815 qure
1128 4762 1252 4802 vere
1289 4757 1410 4801 sunt
1456 4748 1796 4816 intelligentia
1828 4756 2019 4819 prasino

448 4842 737 4911 telligentia
786 4849 1021 4907 apparet.
1068 4840 1167 4892 Ista
1213 4838 1373 4908 igitur
1410 4841 1689 4893 existentia
1749 4852 1827 4895 est
1859 4844 2017 4897 totius

444 4935 741 4989 existentire
770 4933 897 4992 vita,
922 4940 975 4985 et
993 4931 1143 4999 juxta
1169 4932 1305 4998 quod
1337 4932 1440 4985 vita
1468 4942 1639 4985 motus
1672 4935 1820 5002 quasi
1846 4934 2017 4988 fauni-

443 5042 599 5081 neam
630 5026 816 5080 sortita
844 5034 924 5077 est
957 5022 1271 5092 potentiam,
1315 5023 1413 5076 hoc
1433 5025 1571 5093 quod
1596 5026 1908 5093 concupivit
1938 5026 2014 5079 vi-

440 5120 677 5175 viticare.
711 5119 813 5173 Sed
844 5117 1087 5181 quoniam
1135 5117 1271 5170 sicut
1296 5116 1737 5182 demonstratum,
1771 5121 1867 5173 ista
1901 5136 2013 5174 mn-

440 5213 515 5267 tio
542 5226 646 5265 una
671 5224 789 5264 cum
826 5208 912 5271 sit,
944 5218 997 5261 et
1026 5209 1132 5262 vita
1174 5218 1254 5262 est
1280 5209 1559 5276 sapientia,
1598 5219 1705 5265 tcta
1756 5228 2009 5270 conversa

437 5301 492 5355 in
523 5298 855 5366 sapientiam,
896 5306 949 5349 et
976 5297 1143 5366 magis
1173 5296 1222 5349 in
1256 5298 1588 5353 exiSIcntiam
1623 5301 1866 5368 patriam,
1899 5320 2011 5357 ma-

434 5391 516 5459 gis
542 5398 630 5443 aut
658 5398 800 5442 retro
828 5398 986 5441 motze
1014 5388 1263 5442 motionis
1284 5387 1335 5442 in
1365 5389 1585 5458 patriam
1615 5394 1927 5460 potentiam,
1956 5408 2009 5451 et

432 5483 501 5537 ab
531 5482 647 5552 ipso
668 5481 928 5537 vivificata
943 5484 1044 5538 vita
1070 5497 1348 5542 recurrens
1376 5484 1430 5539 in
1447 5495 1673 5555 patrem,
1698 5488 1781 5543 vir
1797 5488 2003 5558 eliecta,

2133 1752 2484 1806 diminutione
2521 1767 2614 1805 sua
2669 1754 2833 1821 patria
2879 1755 3102 1816 virtute,
3140 1753 3239 1806 hoc
3274 1764 3371 1814 est,
3413 1752 3696 1805 existentia

2132 1842 2392 1897 diviuiore
2427 1854 2478 1896 et
2509 1843 2674 1911 prima
2710 1858 2989 1912 resurgere
3019 1852 3071 1897 et
3110 1842 3376 1905 renovari,
3413 1855 3461 1895 et
3502 1843 3695 1897 reverti

2131 1933 2182 1986 in
2216 1946 2440 2003 patrem,
2477 1936 2575 1989 hoc
2611 1943 2711 2000 εει,
2742 1934 2794 1987 in
2843 1934 3173 1988 existentiam
3204 1943 3258 1988 et
3284 1933 3572 2002 potentiam
3597 1949 3691 2002 pa-

2131 2026 2307 2082 triam.

2202 2204 2309 2259 ιιι.
2346 2203 2622 2272 Quomodo
2668 2203 2805 2258 istud
2856 2212 2956 2269 est,
2991 2204 3163 2257 adhuc
3210 2203 3379 2260 audeo
3407 2204 3606 2268 dicere,
3639 2218 3696 2259 ut

2131 2306 2313 2351 nostra
2342 2297 2620 2352 incidentia
2669 2297 2893 2366 plurima
2943 2297 3274 2364 expositione
3301 2298 3574 2351 manifesta
3602 2300 3687 2351 sit.

2130 2387 2395 2441 Ponamus
2445 2387 2842 2456 intelligentiam
2894 2388 3224 2440 :secundum
3268 2390 3425 2442 istum
3480 2390 3689 2443 modum

2131 2479 2269 2533 Deus
2314 2480 2543 2547 potentia
2598 2488 2677 2531 est
2722 2479 2937 2531 istarum
2982 2480 3132 2531 trium
3184 2481 3535 2546 potentiarum
3589 2482 3694 2535 exi-

2130 2570 2358 2633 stentiae,
2376 2569 2496 2621 vita:
2518 2568 2875 2645 beatitudinis,
2899 2568 2997 2621 hoc
3019 2578 3118 2629 est,
3137 2569 3252 2637 ejus
3280 2570 3416 2637 quod
3444 2582 3527 2625 est
3553 2585 3690 2635 esse,

2130 2659 2269 2728 quod
2297 2660 2497 2722 vivere,
2526 2659 2662 2727 quod
2708 2659 3023 2728 intelligere.
3056 2660 3204 2725 Quod
3254 2672 3427 2714 autem
3462 2664 3512 2715 in
3565 2679 3692 2716 uno-

2130 2763 2340 2818 quoque
2396 2750 2613 2803 istorum
2650 2750 2745 2802 tria
2778 2791 2789 2811 ,
2819 2750 3152 2802 manifestum
3195 2758 3247 2803 et
3300 2752 3438 2820 quod
3472 2764 3551 2807 est
3576 2768 3693 2808 esse

2131 2839 2393 2907 primum,
2447 2847 2499 2893 et
2555 2838 2840 2891 secundum
2908 2839 3049 2907 quod
3096 2849 3178 2893 est
3216 2854 3335 2893 esse
3402 2842 3689 2895 secundum

2132 2930 2302 2997 ipsum
2336 2930 2511 2983 vivere
2558 2938 2609 2983 et
2660 2930 2972 2999 intelligere,
3012 2929 3127 2983 sine
3179 2930 3281 2982 ulla
3314 2932 3571 2996 unitione,
3603 2934 3691 2987 sed

2134 3021 2444 3089 simpliciter
2484 3021 2791 3089 simplicitas
2820 3030 2872 3075 et
2898 3020 3033 3074 istud
3067 3023 3398 3076 manifestum
3426 3025 3582 3078 sicuti
3604 3025 3692 3079 de-

2134 3120 2504 3172 monstratum.
2538 3112 2663 3165 illud
2712 3123 2764 3166 et
2804 3111 2905 3165 tale
2932 3112 3072 3180 quod
3102 3122 3184 3165 est
3226 3128 3363 3178 esse,
3394 3115 3556 3168 Deum
3580 3131 3691 3171 esse

2132 3200 2450 3267 manifeste,
2506 3202 2657 3255 sicuti
2704 3201 3164 3265 demonswatum;
3221 3205 3456 3271 potentia
3512 3216 3693 3272 potens

2132 3290 2413 3360 prmstaudi
2442 3290 2580 3357 quod
2625 3304 2742 3344 esse
2771 3290 3036 3355 omnibus,
3068 3305 3170 3343 non
3202 3292 3267 3344 ab
3292 3307 3355 3345 eo
3383 3294 3527 3361 quod
3578 3309 3693 3349 esse

2134 3392 2189 3436 ut
2214 3391 2417 3452 partem
2463 3382 2597 3435 dans
2627 3392 2678 3435 et
2708 3391 2977 3450 paternam
3005 3390 3058 3434 et
3083 3382 3404 3435 etl‘ectricem
3448 3386 3693 3452 potentia:

2134 3474 2412 3541 unicuique
2437 3472 2573 3541 quod
2604 3480 2685 3525 est
2710 3487 2827 3527 esse
2847 3477 2894 3525 ei
2929 3471 3197 3540 proprium
3225 3474 3525 3528 consistens
3559 3492 3570 3526 :
3598 3475 3694 3529 hoc

2130 3577 2304 3618 autem
2339 3578 2431 3633 per
2453 3564 2838 3617 ministrantem
2863 3563 3018 3636 λόγον,
3048 3566 3148 3617 hoc
3177 3572 3257 3616 est
3275 3577 3367 3631 per
3396 3566 3553 3617 vitam
3580 3580 3693 3633 qua:

2130 3656 2375 3708 omnibus
2402 3663 2614 3722 prastat
2657 3653 2855 3718 vivere,
2876 3661 2928 3706 et
2955 3662 3077 3705 tunc
3101 3654 3361 3719 subsistit,
3392 3654 3581 3721 aliquis
3605 3670 3692 3709 ac-

2131 3748 2332 3815 cipiens
2354 3748 2493 3815 quod
2547 3755 2629 3801 est
2655 3761 2772 3801 esse
2822 3746 3110 3799 secundum
3140 3745 3280 3812 quod
3312 3755 3392 3799 est
3421 3747 3579 3799 vitam
3609 3761 3692 3801 ac-

2131 3838 2327 3905 cipere.
2376 3837 2428 3891 Si
2469 3838 2623 3906 igitur
2652 3850 2768 3889 esse
2796 3836 2907 3896 Dei,
2951 3851 3053 3887 non
3086 3835 3151 3887 ab
3182 3850 3245 3888 eo
3274 3836 3417 3903 quod
3445 3837 3543 3889 sibi
3575 3852 3689 3891 esse

2130 3928 2373 3982 erunibus
2403 3938 2638 3996 prmstat,
2692 3926 2785 3980 sed
2827 3924 3161 3979 ministrante
3211 3926 3313 3980 hoc
3341 3928 3478 3996 quod
3508 3936 3588 3982 est
3613 3930 3689 3980 vi-

2132 4028 2233 4072 tam
2276 4034 2394 4073 esse
2423 4035 2437 4083 ;
2472 4020 2643 4086 ipsum
2696 4028 2871 4071 autem
2904 4019 3061 4069 vitam
3090 4033 3209 4071 esse
3256 4020 3307 4072 in
3361 4034 3425 4073 eo
3452 4021 3689 4090 estquod

2130 4121 2209 4165 est
2236 4112 2348 4177 Dei,
2372 4126 2491 4165 esse
2520 4126 2676 4163 unum
2708 4120 2762 4164 et
2812 4110 2947 4163 idem
2980 4119 3063 4164 est
3104 4113 3417 4178 quiescenti,
3448 4113 3587 4180 quod
3618 4123 3692 4168 est

2129 4216 2247 4255 esse
2275 4201 2446 4269 patri,
2484 4215 2603 4255 cum
2652 4215 2716 4253 eo
2770 4200 2908 4269 quod
2962 4209 3041 4254 est
3086 4216 3204 4255 esse
3247 4203 3365 4256 vita:
3404 4205 3690 4257 secundmu

2130 4292 2481 4354 identitatem,
2506 4301 2677 4346 motus
2699 4300 2779 4345 est
2805 4306 2866 4344 ex
2887 4307 2978 4345 sua
3008 4294 3237 4360 potentia
3259 4308 3285 4345 a
3309 4293 3475 4362 patria
3506 4303 3690 4361 poten-

2133 4388 2201 4438 tia
2232 4383 2557 4452 dependens.
2592 4383 2654 4436 Et
2692 4382 2941 4453 quoniam
2972 4384 3142 4437 omnis
3182 4385 3412 4452 potentia
3442 4386 3689 4439 naturalis

2130 4485 2211 4529 est
2238 4475 2498 4536 voluntas,
2533 4473 2697 4527 voluit
2745 4474 2904 4527 vitam
2937 4488 3149 4527 movere
3193 4476 3558 4543 semetipsam,
3611 4478 3688 4531 in-

2128 4567 2230 4621 sita
2259 4566 2404 4634 juxta
2430 4566 2778 4619 substantiam
2809 4565 3043 4619 motione
3075 4565 3492 4633 impassihiliter,
3516 4580 3686 4624 erecte

2126 4661 2177 4713 in
2208 4657 2257 4713 id
2286 4660 2422 4726 quod
2466 4669 2565 4713 est.
2611 4657 2870 4711 Naturalis
2894 4656 3031 4708 enim
3069 4657 3326 4721 voluntas,
3363 4674 3466 4713 non
3496 4662 3685 4729 passio.

2124 4750 2423 4806 Secundum
2475 4750 2632 4819 igitur
2658 4748 2792 4817 quod
2824 4757 2905 4801 est
2946 4761 3064 4801 esse
3095 4748 3207 4813 Dei,
3240 4750 3289 4802 iu
3320 4765 3429 4818 quo
3459 4753 3684 4819 potentia

2124 4842 2421 4897 existentim
2478 4850 2578 4905 est,
2616 4840 3026 4895 substantialitas
3062 4842 3252 4909 patria,
3280 4844 3571 4898 secundum
3599 4858 3688 4912 po-

2122 4934 2360 4996 tentiam,
2387 4934 2676 4988 secundum
2720 4931 2853 4986 istud
2899 4946 3019 4986 esse
3063 4932 3237 5001 ipsum
3293 4944 3344 4987 et
3372 4936 3477 4988 vita
3508 4945 3607 4990 est.
3634 4936 3686 4991 Si

2120 5038 2246 5093 ergo
2276 5025 2439 5079 movit
2463 5026 2565 5077 vita
2614 5022 2975 5089 semetipsam,
3008 5024 3173 5077 motio
3222 5035 3399 5078 autem
3424 5027 3683 5091 voluntas,

2122 5120 2286 5188 patria
2321 5136 2448 5189 ergo
2478 5120 2659 5181 motio,
2684 5128 2734 5173 et
2763 5116 2930 5186 patria
2958 5117 3222 5181 voluntas,
3248 5119 3495 5188 quoniam
3522 5119 3683 5188 patria

2121 5213 2354 5282 potentia
2387 5214 2511 5266 vita.
2560 5211 2662 5267 Sed
2711 5211 2754 5263 si
2808 5208 3093 5263 secundum
3135 5210 3278 5278 quod
3307 5222 3383 5263 esr
3413 5225 3532 5264 esse
3560 5210 3680 5274 vita,

2118 5304 2282 5360 m0tio
2307 5315 2406 5369 est,
2442 5304 2651 5373 propria
2679 5316 2807 5371 ergo
2831 5302 2992 5353 motio
3023 5301 3144 5352 vitm
3172 5310 3272 5352 est.
3301 5300 3406 5354 Sed
3438 5301 3680 5368 quoniam

2117 5396 2282 5449 motio
2309 5395 2521 5449 aliunde
2549 5393 2613 5447 ad
2642 5392 2782 5446 aliud
2828 5392 3013 5456 fertur,
3052 5390 3211 5445 veluti
3243 5391 3310 5443 ab
3341 5378 3577 5459 eo‘qnod
3604 5402 3681 5445 est

2111 5488 2253 5543 intus
2288 5487 2451 5555 foras,
2482 5485 2622 5556 quod
2671 5484 2773 5539 vita
2820 5491 2876 5539 et
2914 5480 3153 5553 potentia
3181 5490 3285 5547 est,
3317 5490 3373 5536 et
3396 5492 3604 5552 natura,
3631 5492 3678 5538 et

3875 60 3886 409 l

3882 412 3889 635 ι
