3950 6206
179 252 357 307 1081
1418 248 1550 305 ADV
1562 248 1775 306 ERSUS

1888 248 2018 305 LIUM
2060 247 2258 303 LIBER
2296 249 2335 304 1.
3326 243 3465 300 1082

178 363 478 419 voluntas
505 380 517 415 :
550 372 603 419 et
632 364 859 419 maxime
887 363 1026 419 istud
1053 363 1331 418 existentia
1361 362 1547 432 ipsius,
1568 362 1688 417 ideo
1716 358 1794 415 εἴ·
1822 367 1868 426 Α
1898 366 2178 419 existentia
2224 374 2274 418 et
2330 363 2600 419 beatitudo
2650 363 2787 417 idem
2830 376 3057 419 :rursus
3107 374 3227 417 esse
3277 369 3330 416 et
3356 361 3457 415 vita

174 450 481 523 fulgentia
513 456 705 509 dicitur
726 469 846 509 esse
869 456 949 509 vel
980 454 1301 525 progressio,
1332 464 1422 507 aut
1462 454 1651 509 elevali
1686 452 1798 521 spi-
1902 458 2064 522 idem,
2093 468 2146 512 et
2174 458 2276 510 vita
2306 467 2355 511 et
2386 457 2677 525 intelligere
2721 455 2880 510 idem.
2913 456 3111 508 Dietutn
3141 454 3207 507 de
3236 454 3350 509 istis
3376 462 3461 507 est

179 543 361 600 ritus
406 546 784 612 manifestatiu,
818 546 1087 617 operatrix
1114 546 1164 599 in
1190 542 1552 599 vivefaciendo
1582 542 1633 597 id
1656 541 1799 612 quod
1900 549 1953 603 in
1977 548 2113 602 libro
2142 530 2229 617 qui
2274 555 2399 601 ante
2422 548 2598 613 istum,
2633 557 2685 601 et
2730 547 2780 600 in
2809 545 2945 607 aliis,
2973 544 3220 612 quoniam
3272 545 3322 598 in
3351 556 3457 598 uno

178 648 390 692 omne
438 648 601 693 totum
646 647 727 693 est
754 638 1097 693 essentitatis.
1131 637 1277 691 lntus
1309 638 1466 706 igitur
1521 636 1784 689 existentit

1902 644 2022 706 tria,
2052 652 2103 696 et
2129 641 2325 695 ideirco
2370 638 2555 694 eadem
2591 639 2686 693 tria
2722 641 3026 709 εσυνώνυμα
3081 634 3181 714 ἄρα
3228 641 3291 692 τὰ
3316 640 3454 711 τρία,

185 726 378 792 νίιεν,
410 727 555 796 juxta
611 728 751 797 quod
801 738 884 783 est
920 730 1209 782 motionem
1254 742 1373 783 esse
1415 729 1580 796 ipsam
1614 726 1796 790 vitam,

181 817 412 886 proles
441 819 555 888 ejus
583 820 721 890 quod
744 830 825 875 est
852 833 1053 891 patrem
1081 834 1199 873 esse
1228 820 1329 873 vita
1370 830 1486 873 est:
1510 817 1797 872 secundum

183 909 365 980 quod
396 912 562 965 motio
586 922 684 966 est.
713 912 816 968 Sed
860 914 1111 982 quoniam
1144 913 1308 965 motio
1347 912 1494 981 juxta
1515 909 1652 979 quod
1682 924 1797 961 mo-

185 1000 280 1054 tio
318 1010 440 1067 est,
474 1002 671 1056 nullam
698 1004 981 1058 elationem
1015 1003 1233 1071 habens,
1264 1005 1331 1056 ab
1354 1018 1417 1057 eo
1438 1003 1574 1071 quod
1603 1010 1684 1056 est
1714 1002 1798 1053 in-

182 1099 291 1147 tus
327 1107 624 1163 progressa
670 1095 813 1150 foras
855 1105 955 1160 est,
983 1097 1121 1150 sicut
1158 1110 1347 1150 sensus
1373 1094 1525 1148 abeo
1553 1093 1639 1162 qui
1685 1098 1800 1153 νοῦς

188 1193 317 1248 est,
348 1187 650 1253 potentiam
700 1187 967 1241 fontanam
997 1198 1050 1243 et
1106 1188 1455 1241 universalem
1508 1185 1797 1253 accipiens,

184 1271 372 1341 juxta
432 1276 719 1331 motionem
772 1288 827 1332 et
856 1280 996 1332 intus
1034 1288 1087 1333 et
1132 1278 1261 1333 l'oris
1298 1290 1415 1332 est:
1449 1276 1610 1331 motio
1654 1274 1796 1328 enim

190 1371 334 1425 νοῦς
370 1375 481 1431 est,
533 1368 609 1421 sic
635 1378 691 1423 et
725 1369 827 1422 vita
855 1368 1003 1438 juxta
1026 1369 1165 1438 quod
1219 1370 1383 1422 motio
1422 1377 1525 1432 est,
1560 1366 1698 1419 illius
1719 1373 1802 1418 est

198 1454 415 1511 factus
436 1458 715 1513 manifesta
762 1463 926 1515 motio
946 1478 973 1515 a
1004 1462 1236 1516 metione
1265 1463 1451 1531 patria,
1479 1476 1595 1530 quae
1624 1459 1674 1511 in
1712 1472 1800 1512 oe—

192 1549 367 1604 culto
404 1560 511 1613 est,
544 1567 660 1619 qua:
685 1554 974 1607 secundum
1004 1554 1222 1621 primam
1258 1554 1545 1622 potentiam
1567 1551 1802 1605 existen-

195 1640 280 1693 tia
334 1648 451 1694 est.
486 1640 689 1697 Rursus
718 1645 825 1697 vita
872 1643 1161 1707 secundum
1190 1644 1329 1713 quod
1357 1644 1517 1697 motio
1541 1653 1643 1705 est,
1675 1655 1797 1709 pro-

1898 732 2185 787 secundum
2207 745 2396 785 nomen
2420 728 2555 799 quod
2586 730 2786 784 obtinet
2815 727 3205 797 unumquidque
3235 727 3454 782 istorum

1901 822 2186 891 potentiam
2213 836 2385 877 suam.
2417 820 2625 874 Etenim
2654 818 2792 889 quod
2820 829 2903 873 est
2929 833 3067 883 esse,
3093 828 3145 872 et
3173 820 3273 871 vita
3298 828 3349 873 et
3376 818 3457 871 iu-

1902 912 2188 980 telligentia
2238 910 2357 964 :sic
2396 917 2448 963 et
2498 909 2639 962 aliud
2684 908 2747 962 ad
2794 906 3149 973 alia;eadem
3202 907 3355 976 igitur
3405 916 3459 963 et

1901 1005 2188 1073 συνώνυμα,
2218 1000 2405 1055 eadem
2435 1007 2812 1069 eongenerata,
2845 999 3005 1067 igitur
3030 1005 3081 1051 et
3107 996 3458 1050 consubstan.

1901 1097 2044 1151 tialia
2088 1097 2205 1149 ista.
2252 1093 2353 1149 Sed
2382 1094 2530 1163 quasi
2577 1100 2793 1162 apparet
2844 1090 3078 1144 alteritas
3118 1088 3355 1157 quasdam
3402 1088 3454 1142 in

1900 1189 2035 1252 iStis,
2060 1196 2111 1241 et
2140 1186 2401 1249 maxime,
2433 1184 2630 1238 idcirco
2658 1182 2841 1235 eadem
2883 1196 2983 1236 non
3029 1182 3139 1248 ipsa
3169 1196 3184 1243 ;
3212 1178 3453 1247 quaedam

1899 1279 2037 1333 enim
2067 1292 2161 1332 sua
2208 1277 2437 1344 potentia
2493 1278 2542 1327 in
2590 1274 2819 1336 occulto,
2851 1281 2905 1325 ct
2954 1269 3231 1325 manifesta
3277 1268 3459 1322 aliaet

1898 1379 2020 1424 sunt
2041 1380 2095 1425 et
2122 1370 2503 1436 intelliguntur,
2534 1366 2810 1420 existentia
2842 1372 3016 1417 autem
3066 1365 3117 1415 in
3145 1361 3329 1416 eadem
3363 1374 3456 1428 po-

1901 1463 2063 1517 tentia
2091 1461 2245 1515 simul
2272 1461 2502 1529 potentia
2553 1468 2603 1514 et
2629 1455 3101 1512 consubstantialia
3143 1462 3287 1515 sunt,
3322 1452 3453 1506 etin

1900 1555 2013 1609 istis
2042 1554 2169 1607 solis
2213 1552 2351 1606 inest
2376 1566 2534 1604 unum
2568 1564 2686 1603 esse
2716 1547 2922 1611 eadem,
2951 1545 3070 1599 aliis
3092 1558 3219 1600 vero
3244 1542 3310 1598 ab
3339 1542 3453 1597 istis

1899 1645 1950 1699 in
1979 1643 2252 1697 identitate
2283 1643 2447 1695 altera
2476 1655 2593 1694 esse
2618 1648 2669 1693 et
2697 1638 2909 1692 eadem.

192 1730 424 1785 cedens
469 1748 498 1785 a
527 1734 695 1800 patria
743 1735 993 1800 motione,
1035 1745 1090 1789 et
1120 1734 1259 1789 intus
1291 1743 1343 1788 et
1386 1734 1513 1788 foris
1553 1741 1633 1785 est
1658 1749 1670 1783 :
1698 1730 1792 1785 sed
1827 1731 1869 1789 Β
1965 1734 2073 1787 LV.
2112 1732 2259 1786 Nune
2306 1741 2480 1785 autem
2530 1726 2952 1799 perspiciendum
3004 1726 3129 1795 quid
3161 1723 3455 1793 signiﬁcent

196 1820 364 1875 enim
397 1822 507 1875 vita
536 1824 697 1876 motio
722 1833 805 1878 est
838 1841 849 1877 :
883 1827 983 1879 vita
1016 1827 1173 1895 igitur
1201 1835 1254 1880 et
1284 1827 1421 1879 intus
1462 1836 1510 1879 et
1539 1824 1666 1878 l'oris
1694 1834 1795 1887 est,

196 1909 350 1964 vivit
389 1910 554 1979 igitur
584 1913 739 1977 Deus,
766 1915 892 1967 vivit
922 1917 1033 1984 ipsa
1065 1917 1188 1981 vita,
1228 1931 1353 1985 ergo
1375 1906 1433 1970 et
1455 1916 1589 1969 Deus
1611 1923 1662 1968 et
1694 1915 1795 1967 vita

198 2015 417 2055 unum.
450 2000 614 2072 Igitur
646 2006 743 2058 ista
763 2005 868 2059 duo
898 2007 1024 2061 etin
1056 2023 1393 2078 unoquoque,
1424 2018 1476 2061 et
1499 2010 1720 2062 alterum
1743 2017 1797 2062 et

200 2090 361 2146 idem
400 2109 415 2144 :
450 2093 502 2145 in
535 2093 643 2148 ﬁlio
669 2096 826 2164 igitur
851 2104 1020 2165 pater,
1050 2106 1103 2151 et
1128 2100 1177 2151 in
1204 2108 1350 2167 patre
1372 2098 1531 2151 ﬁlius.

280 2181 433 2235 LIII.
478 2182 753 2239 Exclamat
805 2188 959 2255 igitur
1000 2189 1213 2254 veritas,
1245 2188 1383 2258 quod
1426 2188 1668 2258 ὁμοούσια
1698 2188 1793 2241 ista

201 2273 523 2327 secundum
579 2276 903 2333 identitatem
948 2280 1157 2331 counita
1214 2279 1495 2332 alteritate.
1529 2278 1729 2333 Rursus
1749 2278 1793 2332 si

205 2374 377 2432 pater
407 2365 536 2431 vita,
568 2376 621 2420 et
650 2368 788 2421 ﬁlius
811 2370 933 2433 vita,
964 2372 1211 2438 quoniam
1265 2371 1399 2421 Illius
1430 2372 1528 2422 vita
1560 2385 1677 2422 cmn
1722 2371 1792 2421 sit

204 2454 521 2509 secundum
547 2456 685 2525 quod
732 2470 904 2512 metus
936 2468 1040 2523 est,
1069 2470 1122 2513 et
1151 2461 1289 2512 intus
1320 2470 1373 2514 et
1394 2459 1519 2513 furis
1546 2468 1643 2521 est,
1667 2458 1795 2509 vivit

207 2542 387 2607 Deus,
423 2546 557 2597 vivit
586 2546 748 2610 ﬁlius,
778 2556 832 2600 et
873 2548 1001 2601 furis
1053 2551 1231 2602 vivunt
1262 2550 1435 2601 omnia
1465 2549 1657 2617 ubique
1686 2547 1792 2600 ﬁlio

205 2636 513 2689 exiStente.
538 2635 597 2688 Et
625 2638 870 2705 quoniam
896 2638 947 2691 in
972 2639 1081 2691 ﬁlio
1110 2650 1277 2707 pater,
1312 2639 1505 2707 ubique
1533 2648 1586 2691 et
1618 2648 1787 2706 pater.

207 2724 437 2779 Rursus
464 2728 588 2780 item
620 2729 865 2795 quoniam
910 2728 961 2781 in
1016 2730 1125 2782 ﬁlio
1172 2741 1319 2796 pater
1350 2748 1361 2782 :
1391 2744 1507 2781 cum
1556 2728 1790 2780 videritis

207 2814 416 2880 ﬁlium,
452 2825 507 2870 et
558 2815 947 2882 intellexeritis,
979 2820 1223 2873 videbitis
1267 2830 1314 2872 et
1372 2820 1672 2887 intelligetis
1701 2834 1789 2885 pa-

210 2912 378 2958 trem.
420 2905 485 2959 δί
509 2906 618 2973 quis
654 2923 731 2959 me
757 2908 906 2973 videt,
936 2909 1067 2962 videt
1096 2919 1138 2961 et
1187 2923 1375 2977 putrem
1401 2926 1417 2961 :
1452 2919 1665 2977 propter
1687 2907 1788 2961 huc

209 2996 363 3049 enim
416 2996 620 3052 dictum
650 3008 749 3052 est.
777 3000 1033 3064 Quoniam
1088 3001 1222 3056 ﬁlius
1263 3001 1428 3055 ferina
1459 3013 1539 3055 est
1582 3002 1743 3071 patris
1775 3018 1786 3052 :

1900 1824 1997 1877 alia
2022 1823 2234 1877 nomina
2282 1820 2552 1889 inprimis
2602 1819 2791 1887 posita.
2825 1816 2952 1870 Dico
3000 1824 3171 1868 autem
3215 1812 3453 1881 spiritus,

1898 1917 2058 1989 λόγος,
2090 1923 2223 1979 νοῦς,
2279 1923 2491 1968 sanctus
2521 1912 2768 1982 Spiritus,
2802 1908 3081 1978 sapientia,
3137 1907 3453 1991 substantia.

1897 2008 2123 2074 Spiritus
2155 2005 2458 2059 substantia:
2489 2018 2676 2057 nomen
2726 2010 2807 2055 est
2840 2000 2919 2054 vel
2966 1997 3283 2061 existentite,
3313 1992 3452 2065 quod

1897 2097 2110 2168 quidem
2137 2110 2257 2151 esse
2283 2098 2565 2165 signillcat,
2594 2102 2647 2148 et
2673 2094 2723 2146 in
2772 2107 2837 2147 eo
2865 2090 3001 2159 quod
3024 2089 3146 2157 quid
3174 2098 3254 2141 est
3273 2096 3327 2141 et
3354 2102 3450 2155 ap-

1898 2190 2129 2260 pellatur
2157 2198 2207 2242 et
2236 2187 2565 2256 intelligitur.
2596 2184 2649 2239 Si
2678 2184 2822 2238 voles
2848 2197 3003 2237 nosse
3032 2181 3154 2250 quid
3192 2190 3269 2234 est
3294 2180 3451 2241 Deus,

1897 2281 2123 2349 Spiritus
2150 2279 2263 2345 ejus
2290 2276 2427 2347 quod
2458 2276 2527 2329 sit
2573 2289 2690 2329 esse
2741 2275 3001 2343 signiﬁcat
3044 2285 3205 2340 :ergo
3235 2270 3373 2324 Dens
3398 2278 3453 2322 et

1897 2373 2129 2440 Spiritus
2161 2370 2299 2439 quod
2324 2381 2540 2423 estesse
2566 2367 2840 2437 signiﬁcat.
2863 2363 3201 2432 llnrsusqnid
3223 2360 3454 2417 estvita?

1893 2464 2031 2533 quod
2065 2464 2314 2531 Spiritus.
2373 2460 2603 2527 Spiritus
2648 2474 2773 2527 ergo
2819 2468 2871 2511 et
2902 2458 3006 2509 vita
3050 2454 3189 2526 quod
3233 2463 3451 2509 estesse

1894 2556 2153 2624 signiﬁcat
2184 2572 2193 2605 :
2226 2554 2301 2605 sic
2339 2563 2390 2604 et
2439 2551 2665 2619 Spiritus
2697 2557 2907 2602 sanctus
2938 2546 3076 2613 quod
3104 2556 3184 2600 est
3211 2559 3327 2599 esse
3366 2558 3453 2597 se-

1891 2647 2119 2699 cundum
2164 2645 2297 2698 istu‘l
2329 2646 2496 2711 ipsntn
2549 2658 2738 2695 nomen
2785 2638 3082 2708 signiﬁcat,
3139 2652 3258 2690 cum
3304 2636 3449 2690 dill’e-

1892 2738 2057 2790 renlia
2085 2735 2307 2788 duorum
2342 2734 2628 2801 primorum
2654 2746 2757 2783 uno
2785 2730 2999 2782 nomine
3030 2728 3443 2780 nontittatortuu.

1891 2826 2017 2892 Quae
2039 2825 2332 2879 differentia
2356 2821 2711 2876 substantialis
2738 2834 2856 2873 cum
2892 2819 2979 2883 sit,
3011 2816 3147 2885 quod
3176 2823 3255 2869 est
3282 2814 3447 2883 signi-

1892 2920 2030 2971 ﬁcat.
2059 2918 2135 2971 Ex
2184 2916 2247 2968 iis
2275 2916 2381 2982 jam
2425 2921 2663 2980 apparet,
2696 2910 2942 2979 quoniam
2986 2907 3278 2961 substantia
3307 2920 3441 2959 uno-

1890 3024 2101 3078 quoque
2141 3008 2401 3060 existenle
2450 3004 2586 3073 quod
2635 3011 2716 3056 est
2759 3017 2876 3056 esse
2911 3002 3188 3069 signiﬁcat.
3235 3001 3287 3053 ln
3331 2999 3447 3053 istis

214 3104 322 3144 non
350 3101 533 3144 autem
568 3108 706 3146 nunc
736 3092 902 3146 forma
951 3109 1073 3148 esse
1109 3094 1235 3148 foris
1261 3106 1408 3148 extra
1438 3095 1783 3149 substantiam
1813 3094 1856 3154 C
1892 3100 2057 3153 tribus
2087 3099 2242 3167 igitur
2262 3098 2488 3165 Spiritus
2519 3095 2831 3155 substantia,
2859 3093 3100 3163 ὀμοοὺσια
3127 3106 3269 3159 ergo.
3296 3090 3443 3156 Quo-

212 3178 569 3250 intelligitur,
596 3197 764 3250 neque
817 3192 873 3236 ut
900 3185 950 3237 in
983 3186 1133 3238 nobis
1187 3186 1435 3254 adjaccns
1478 3186 1785 3239 substantia:

214 3266 388 3323 facies
426 3286 441 3333 ;
494 3271 585 3324 sed
631 3273 920 3327 substantia
952 3276 1195 3343 quaedam
1239 3276 1550 3341 Stthaislclts,
1602 3277 1652 3329 in
1684 3292 1784 3344 qua

212 3372 448 3431 apparet
498 3373 550 3417 et
596 3364 994 3419 demonstratur
1019 3368 1157 3437 quod
1185 3370 1449 3421 occultum
1478 3378 1531 3422 et
1554 3369 1784 3422 velatum

213 3464 299 3508 est
350 3456 407 3509 in
458 3456 583 3509 alio.
620 3457 756 3511 Deus
804 3468 978 3513 autem
1021 3469 1077 3512 ut
1107 3460 1332 3514 velatum
1383 3458 1630 3528 quiddam
1657 3470 1782 3512 est:

213 3559 379 3599 nemo
407 3548 551 3600 enim
583 3549 727 3603 videt
769 3550 930 3604 Deum
964 3569 975 3602 :
1017 3554 1183 3605 forma
1233 3552 1389 3620 igitur
1418 3551 1575 3615 ﬁlius,
1602 3552 1651 3604 in
1681 3566 1784 3619 quo

214 3636 431 3691 videtur
466 3639 620 3692 Deus.
641 3640 695 3695 Si
719 3642 857 3695 enim
891 3644 1169 3697 existentia
1198 3645 1353 3706 Deus,
1376 3646 1628 3711 putentia,
1656 3646 1783 3698 sub-

212 3732 440 3796 stantia,
491 3742 685 3797 motus,
730 3745 782 3788 et
826 3736 927 3788 vita
958 3738 1008 3789 in
1057 3739 1264 3790 occulto
1312 3737 1450 3789 Deus
1506 3740 1645 3789 velut
1672 3738 1784 3790 sine

214 3819 410 3874 fortun.
444 3822 585 3891 Ergo
632 3824 675 3877 si
726 3826 998 3879 manifesta
1052 3828 1176 3891 vita,
1228 3838 1276 3879 et
1314 3828 1588 3880 manifesta
1633 3829 1782 3896 juxta

214 3921 393 3965 motus
426 3915 734 3980 potentiam,
767 3917 871 3969 vita
912 3918 1068 3984 juxta
1118 3930 1315 3971 lllUlUlll
1370 3921 1418 3971 in
1470 3919 1695 3982 occulto,
1730 3921 1779 3972 in

213 4007 552 4071 apparentia,
603 4007 652 4059 in
697 4008 956 4062 existente
1006 4010 1240 4062 motione
1290 4011 1622 4077 intelligitur,
1653 4026 1779 4078 pro-

214 4094 512 4160 nuntiatur,
543 4094 766 4149 videtur.
802 4097 990 4151 Adhuc
1016 4097 1091 4150 sic
1120 4098 1259 4166 quod
1307 4109 1387 4151 εει
1416 4114 1551 4164 esse,
1587 4110 1733 4165 pater
1762 4114 1774 4150 :

213 4183 356 4249 quod
388 4197 569 4238 autent
620 4186 742 4250 vita,
772 4185 930 4249 ﬁlius,
963 4201 1081 4240 cum
1111 4188 1178 4240 sit
1209 4188 1529 4256 impossibile
1558 4188 1605 4240 id
1638 4189 1776 4257 quod

216 4280 298 4325 est
321 4287 445 4328 esse
494 4277 947 4342 comprehendere
973 4293 986 4329 :
1019 4278 1071 4330 in
1099 4278 1306 4332 occulto
1334 4281 1471 4331 enim
1496 4280 1644 4332 .illnd
1674 4290 1776 4345 est,

215 4363 323 4417 vita
348 4375 529 4420 autem
554 4367 699 4435 juxta
722 4368 861 4437 quod
887 4369 988 4422 vita
1013 4380 1112 4433 est,
1145 4369 1252 4438 jam
1277 4379 1329 4423 et
1358 4370 1485 4423 illud
1510 4379 1591 4424 est
1613 4386 1728 4423 esse
1762 4388 1773 4422 :

1888 3189 2027 3242 niam
2073 3189 2297 3257 Spiritus
2337 3202 2439 3239 non
2472 3184 2641 3239 diviso
2670 3184 2863 3252 Spiritu
2895 3200 2906 3235 :
2939 3184 3129 3251 quippe
3160 3197 3296 3235 unus
3322 3197 3441 3236 cum

1884 3283 1954 3335 sit
1999 3284 2050 3334 in
2095 3282 2281 3343 tribus,
2311 3280 2401 3333 sed
2450 3289 2665 3342 natm-re,
2712 3276 3038 3345 potentizeet
3086 3276 3307 3329 actionis
3342 3292 3463 3332 una

1885 3387 2001 3425 eum
2030 3372 2099 3425 sit
2147 3370 2422 3423 existentia
2453 3369 2639 3436 patria,
2671 3378 2725 3420 et
2758 3367 2854 3433 ipsi
2888 3366 3024 3433 quod
3055 3376 3132 3417 est
3183 3380 3300 3419 esse
3351 3366 3471 3419 Ilﬂ-'

1886 3463 2028 3516 benti
2067 3463 2159 3515 tria
2190 3474 2306 3514 sese
2350 3460 2651 3528 generantia
2710 3458 2999 3510 substantia
3054 3469 3177 3509 sunt
3201 3458 3444 3526 omnipo-
3487 3499 3491 3503 .

1886 3555 2045 3607 lentia
2074 3572 2085 3606 :
2111 3568 2279 3621 neque
2303 3553 2459 3619 igitur
2484 3550 2763 3617 prmextitit
2790 3550 3088 3602 existentia.
3124 3548 3277 3602 l‘atcr
3297 3550 3435 3603 enim

1883 3657 1993 3695 suze
2021 3644 2182 3711 ipsius
2211 3642 2517 3695 substantim
2545 3648 2845 3708 generator,
2876 3648 2928 3691 ct
2977 3638 3195 3691 aliorum
3246 3654 3443 3692 secum.

1884 3733 2007 3785 dum
2038 3732 2288 3785 verticem
2332 3731 2541 3782 fontana
2590 3740 2671 3783 est
2712 3730 2989 3783 existentia
3017 3746 3029 3780 :
3058 3744 3224 3797 neque
3277 3731 3440 3783 scissa

1883 3832 1964 3877 est
1989 3825 2100 3891 ipsa
2142 3824 2421 3875 existentia
2450 3840 2461 3872 :
2495 3833 2545 3873 et
2574 3823 2872 3885 existentia,
2920 3832 2970 3873 et
3001 3822 3229 3889 putentia
3277 3822 3325 3874 in
3373 3838 3439 3877 eo

1882 3916 2019 3983 quod
2050 3926 2127 3966 est
2170 3928 2325 3976 esse,
2382 3913 2431 3965 in
2485 3928 2800 3980 unoqnmpte
2849 3913 3065 3967 istorum
3111 3914 3262 3965 trium
3290 3914 3435 3980 juxta

1882 4008 2210 4072 tuajeslatetn
2258 4019 2466 4056 Omnem
2520 4014 2569 4057 et
2601 4004 3056 4071 ontnipnteuliatn,
3091 4015 3143 4056 et
3194 4002 3437 4057 omnibus

1881 4097 2049 4150 modis
2105 4095 2501 4163 perfectionem,
2534 4111 2651 4162 qua:
2694 4106 2855 4148 semet
2916 4103 3149 4161 generat,
3186 4095 3347 4163 ipsam
3380 4107 3436 4147 se

1880 4188 2277 4239 substituentetn
2309 4202 2335 4237 a
2365 4202 2482 4239 sese
2529 4196 2850 4249 moventem,
2890 4202 2947 4237 se
2978 4200 3186 4253 semper
3214 4199 3432 4238 moven-

1882 4287 2007 4341 tem,
2053 4277 2580 4338 consubstantialem,
2612 4278 2764 4328 simul
2810 4285 3073 4341 potentem
3118 4277 3283 4341 ipsum
3333 4274 3432 4330 hoc

1877 4368 2014 4435 quod
2044 4367 2119 4418 sic
2148 4376 2378 4427 estesse,
2403 4369 2640 4433 rtipsmn
2674 4366 2809 4433 quod
2835 4375 2914 4418 εμι
2938 4380 3059 4435 esse
3081 4374 3226 4433 patre
3252 4364 3427 4420 dante.

216 4448 268 4505 in
300 4454 404 4508 vita
452 4456 611 4526 igitur
636 4467 855 4527 apparet
882 4460 1021 4529 quod
1053 4469 1133 4513 est
1176 4474 1315 4525 esse,
1348 4461 1504 4527 igitur
1531 4461 1635 4513 vita
1660 4461 1774 4528 ejus
1804 4441 1856 4499 Ῑ)
1883 4458 2019 4511 Dicit
2047 4458 2287 4512 Salvator
2322 4476 2333 4509 :
2368 4458 2550 4509 Omnia
2597 4473 2707 4525 qua!
2747 4458 2891 4509 habet
2921 4468 3062 4523 pater
3090 4474 3198 4509 men
3227 4468 3363 4521 sunt,
3388 4470 3432 4511 et

213 4542 352 4610 quod
390 4554 474 4599 est
520 4561 656 4602 esse.
701 4547 805 4603 Sed
836 4552 976 4603 enim
1008 4560 1159 4618 pater
1188 4550 1327 4604 Deus
1356 4552 1494 4619 quod
1521 4560 1604 4604 est
1632 4566 1771 4615 esse,

216 4628 355 4687 ﬁlius
378 4646 554 4691 autem
578 4638 704 4704 vita,
722 4639 856 4693 ﬁlius
878 4656 1005 4710 ergo
1029 4640 1133 4694 vita
1165 4644 1328 4709 patris
1355 4643 1446 4696 Dei
1476 4643 1639 4695 forma
1671 4652 1772 4703 est,

220 4723 271 4777 in
299 4742 400 4795 qua
444 4730 747 4797 speculatur
774 4734 1003 4800 potentia
1036 4734 1222 4801 patria.
1249 4731 1582 4787 Credendum
1617 4734 1773 4801 igitur

221 4814 272 4869 in
307 4820 470 4873 lilium
503 4822 614 4888 llei,
642 4831 697 4877 ut
722 4825 824 4876 vita
853 4825 904 4877 in
938 4825 1089 4878 nobis
1140 4825 1250 4888 ﬁat,
1281 4842 1396 4893 quae
1426 4836 1505 4879 est
1544 4836 1598 4879 et
1627 4842 1770 4889 vera,

215 4917 481 4966 etaeterna
513 4915 635 4966 vita.
663 4914 717 4968 Si
742 4914 879 4967 enim
914 4915 1223 4969 habebimus
1250 4916 1401 4968 ﬁdem
1430 4918 1481 4968 in
1505 4916 1767 4970 Christum

217 4994 561 5069 Nazarenam,
592 5003 918 5058 incarnatum
947 5004 1016 5058 de
1042 5004 1223 5068 Maria,
1248 5005 1297 5056 in
1323 5005 1482 5057 tilium
1515 5005 1605 5057 Dei
1631 5006 1767 5059 idem

218 5086 551 5160 habebinms,
584 5097 671 5164 qui
727 5095 824 5149 fuit
850 5106 905 5150 et
930 5098 1148 5151 euectus
1177 5106 1255 5150 est
1277 5095 1503 5165 Spiritus
1527 5098 1770 5151 incarna-

219 5184 317 5231 tus.
345 5182 619 5245 Quomodo
648 5185 786 5238 istud
817 5185 1014 5248 audivi,
1037 5185 1174 5239 dico.

284 5269 414 5327 LIV.
445 5276 548 5329 Sed
579 5286 788 5345 oportet
838 5278 985 5346 prius
1016 5278 1214 5340 videre,
1243 5282 1509 5346 quomodo
1546 5280 1647 5331 alia
1678 5280 1762 5332 cui

221 5362 569 5417 attribuentnr
603 5366 757 5431 patri,
789 5381 853 5418 an
903 5367 1051 5419 ﬁlio?
1083 5367 1208 5420 Dico
1262 5377 1435 5421 autem
1487 5368 1763 5436 Spiritum,

220 5449 376 5522 λόγον,
401 5464 533 5521 νοῦν,
563 5469 801 5510 sanetum
826 5458 1099 5526 Spiritum,
1133 5461 1465 5527 sapientiam,
1513 5461 1763 5514 snbs‘tan-

223 5542 362 5607 tiam,
386 5548 608 5613 primum
634 5558 780 5615 pater
802 5558 852 5602 et
877 5550 1012 5603 ﬁlius
1036 5550 1196 5614 idem,
1216 5551 1350 5605 ﬁlius
1375 5560 1617 5605 autemet
1644 5566 1763 5604 san-

226 5640 333 5689 ctus
346 5637 565 5708 Spiritus
586 5640 725 5696 idem
742 5657 755 5695 :
771 5641 1049 5697 existentia
1071 5643 1226 5712 igitur
1245 5652 1299 5698 et
1326 5643 1428 5698 vita
1448 5642 1613 5709 idem;
1637 5656 1763 5711 ergo

1876 4551 2062 4603 idcirco
2088 4550 2198 4602 dixi
2210 4567 2227 4603 :
2244 4566 2303 4602 ea:
2329 4566 2434 4601 meo
2460 4552 2667 4615 accipiet
2693 4548 2866 4615 (.Ionu.
2904 4564 3012 4610 xvt,
3047 4548 3156 4613 15);
3185 4565 3281 4600 non
3302 4552 3431 4602 enim

1873 4642 2101 4708 loquetur
2153 4656 2183 4690 a
2218 4641 2499 4707 semetipso,
2544 4641 2630 4689 sed
2655 4654 2978 4703 qnwrumque
3006 4640 3168 4699 (ttulit,
3201 4640 3430 4706 loquetur

1874 4730 2122 4801 (10.,15).
2146 4731 2366 4784 Sanctus
2399 4730 2554 4798 igitur
2586 4730 2809 4796 Spiritus
2832 4730 2873 4781 si
2907 4730 3195 4796 loquitor,a
3223 4730 3329 4782 ﬁlio
3350 4731 3429 4782 ln-

1872 4826 2078 4889 quitttr;
2105 4823 2215 4890 ipse
2232 4831 2403 4873 autent
2422 4838 2448 4873 a
2475 4821 2761 4887 patre.Vox
2784 4820 2955 4885 igitur,
2976 4831 3021 4872 et
3046 4822 3204 4889 lar/9;,
3226 4828 3279 4872 et
3304 4820 3432 4874 Ver-

1874 4914 2016 4978 bum,
2045 4916 2126 4967 isti
2147 4924 2273 4975 tres,
2294 4922 2505 4980 promer
2529 4912 2665 4977 quod
2692 4928 2847 4963 unum
2874 4922 2998 4963 tres.
3017 4911 3118 4965 Sed
3140 4920 3284 4978 pater
3307 4912 3427 4981 qui-

1872 5005 1991 5059 dem
2023 5008 2071 5058 in
2124 5007 2331 5059 silentio
2377 5006 2621 5069 loquitur,
2657 5006 2793 5057 ﬁlius
2836 5006 2885 5057 in
2925 5007 3219 5067 manilesto,
3273 5015 3322 5057 et
3374 5008 3424 5059 in

1873 5099 2135 5152 locutione
2177 5108 2390 5151 sanctus
2424 5098 2649 5164 Spiritus
2707 5110 2809 5148 non
2855 5096 2903 5147 in
2954 5096 3228 5149 manifesto
3261 5098 3428 5165 loqui—

1872 5199 1976 5252 tur,
2002 5191 2093 5243 sed
2125 5206 2240 5257 tptze
2268 5190 2493 5257 loquitur
2531 5188 2868 5254 Spiritualiter
2899 5188 3145 5255 lotptitnr.

1941 5280 2067 5334 LVI.
2094 5281 2191 5334 Ista
2217 5282 2366 5348 igitur
2388 5282 2482 5332 tria
2503 5294 2621 5332 vera
2651 5280 2866 5343 Iumina,
2888 5278 3051 5344 magis
3072 5286 3242 5330 autem
3266 5290 3429 5331 unum

1871 5372 2070 5437 lumen,
2113 5386 2294 5424 verum
2340 5384 2475 5422 llllllS
2514 5371 2668 5441 λόγος,
2702 5384 2799 5420 una
2831 5382 3130 5428 vox,nnnm
3170 5366 3421 5432 Verbum,

1870 5462 1971 5516 hoc
2001 5471 2102 5525 est,
2134 5478 2231 5513 una
2261 5461 2490 5527 polentia
2518 5460 2711 5521 activa,
2745 5468 3018 5519 Cthttttal,
3044 5465 3320 5523 antequam
3349 5459 3423 5508 fa-

1867 5557 1971 5611 ciet
1997 5571 2112 5611 esse
2138 5554 2405 5625 quiddam.
2428 5556 2627 5607 Animae
2648 5562 2821 5605 autem
2850 5550 2987 5618 quod
3016 5548 3112 5601 alia
3135 5545 3423 5603 substantia

1869 5646 1958 5713 sit,
1987 5645 2319 5701 manilestum
2351 5661 2362 5695 :
2390 5643 2547 5698 Facta
2578 5640 2718 5698 enim
2740 5656 2768 5695 a
2798 5638 3067 5708 tripotenti
3095 5637 3307 5707 Spiritu,
3331 5654 3421 5693 ne-
