3950 6206
470 219 608 275 1085

1652 217 1841 273 MAR”
1886 214 2217 272 VICTORINI
2256 216 2413 273 ΛΡΜ

3578 229 3726 285 1084

469 347 572 402 que
594 346 723 400 pure
751 345 875 395 vox,
909 344 1079 400 neque
1108 329 1347 391 verbum,
1372 328 1463 383 sed
1504 327 1640 383 sicut
1664 333 1784 400 ἠχὼ
1814 327 2032 383 auditut
2058 328 2111 389 Α
2137 329 2559 396 prmexisteotem
2608 331 2659 385 in
2683 332 2930 402 patriam.
2984 333 3039 389 Ι.ι
3080 334 3181 390 isto
3211 336 3375 405 igitur
3402 337 3522 392 sine
3551 338 3721 392 ἰιιιιιιο

470 422 732 492 loquatur.
751 420 923 491 imago
938 420 1102 489 magis
1120 419 1263 474 vocis
1279 434 1434 488 quam
1454 434 1571 472 vox.
1596 418 1661 472 Et
1674 419 1771 473 hoc
1788 418 2036 472 estJoan-

468 513 551 569 nis
591 528 686 565 v0.1:
711 513 1038 565 exclamautis
1068 512 1119 563 in
1156 511 1349 564 deserto
1382 532 1392 565 :
1427 509 1641 580 Dirigite
1680 511 1809 563 viam
1834 508 2038 562 Domini

473 603 628 677 (Mat.
659 620 735 670 tn,
758 602 847 674 5):
876 603 1047 657 anima
1074 602 1212 657 enim
1238 602 1287 655 in
1307 601 1540 664 deserto.
1563 601 1757 656 hocest
1778 600 2041 655 inmundo

468 696 762 760 exclamat,
804 692 1052 763 quoniam
1082 694 1151 746 sit
1169 691 1445 749 Dtnriuum
1477 692 1636 745 Deum
1666 700 1721 745 ct
1746 693 1859 746 vult
1886 707 2038 743 mun-

468 784 603 847 dari,
624 792 681 837 ut
708 783 927 837 Domino
955 784 1154 836 fruatur
1178 782 1302 847 Deo;
1321 790 1373 835 et
1398 781 1497 836 ista
1528 780 1655 835 dicit
1674 781 2038 836 testimonium

473 877 540 931 de
574 878 702 939 Deo,
736 884 789 929 et
816 872 1086 944 prremi‘sa
1116 881 1199 927 est
1227 872 1277 926 in
1310 873 1561 927 mundum
1583 874 1646 927 ad
1680 874 2039 929 testimonium

470 964 1192 1024 testimonii:testimonium
1243 963 1381 1019 enim
1434 964 1524 1017 Dei
1577 964 1730 1019 Jesus
1778 966 2038 1030 Clnistns,

470 1055 636 1111 Filius
661 1072 788 1127 ergo
808 1056 920 1120 Dei,
943 1056 1079 1110 ﬁlius
1105 1055 1338 1110 Joannes
1352 1055 2041 1111 Domini.EtcnimJoannes

470 1164 570 1201 non
589 1158 694 1201 erat
710 1148 897 1209 lumen,
922 1147 1011 1199 sed
1022 1146 1152 1199 venit
1173 1155 1226 1198 ut
1253 1147 1586 1199 testimonium
1604 1146 1783 1199 dicere!
1798 1146 1859 1198 de
1884 1146 2037 1199 lumi-

472 1254 532 1291 ne
552 1236 727 1310 (Joan.
749 1255 788 1303 ι,
807 1238 884 1310 8).
908 1238 1135 1292 Verbum
1152 1236 1327 1307 igitur,
1342 1246 1506 1292 etvox
1523 1237 1658 1291 lilius
1670 1245 1769 1299 est,
1788 1237 1900 1305 ipse
1911 1236 2038 1303 vita,

471 1326 590 1398 ipse
618 1329 777 1401 λὸγος,
802 1328 916 1397 ipse
945 1335 1141 1393 motus,
1168 1328 1281 1397 ipse
1316 1335 1451 1391 νοῦς,
1481 1328 1593 1399 ipse
1622 1327 1901 1397 sapientia,
1930 1327 2043 1397 ipse

470 1418 772 1485 existentia,
798 1428 851 1474 et
878 1419 1172 1474 substantia
1196 1420 1383 1488 prima,
1410 1419 1524 1489 ip<e
1551 1420 1690 1475 actio
1716 1420 2038 1489 potentialis,

471 1511 583 1580 ipse
605 1508 679 1570 ὅν.
722 1511 950 1579 primum
996 1527 1143 1574 vero,
1176 1508 1229 1567 ὃν
1257 1527 1321 1564 ex
1350 1527 1453 1579 quo
1482 1511 1659 1565 omnia
1689 1508 1830 1569 ὄντα.
1860 1518 1913 1563 et
1944 1526 2039 1577 per

472 1615 628 1671 quem
657 1598 779 1654 et-in
812 1614 917 1669 quo
949 1618 961 1652 :
987 1600 1075 1669 qui
1100 1608 1183 1654 est
1211 1598 1418 1654 medius
1440 1599 1494 1654 in
1520 1600 1717 1669 Angela
1743 1598 2036 1662 Trinitatis,

2138 417 2274 472 lectu
2307 422 2557 489 temporis
2588 430 2847 491 tempore,
2885 426 2951 479 ab
2990 440 3056 479 eo
3083 425 3222 495 quod
3265 437 3381 483 erat
3406 444 3528 483 esse
3552 429 3725 485 Veluti

2138 510 2413 579 egrediens
2442 512 2493 565 in
2538 512 2917 581 inepieiendum
2946 516 3115 585 ipsum
3145 519 3282 586 quod
3314 529 3429 573 erat
3456 522 3719 588 quoniam

2139 600 2208 653 ibi
2237 603 2410 656 clunis
2436 614 2611 658 motus
2660 605 2949 661 substantia
2979 616 3062 662 est
3089 609 3327 665 alterilas
3356 619 3502 675 nata,
3526 613 3635 666 cito
3658 616 3717 667 iu

2140 694 2465 750 identitatem
2511 697 2734 752 revenit.
2760 699 2873 754 Non
2895 701 3036 755 enim
3065 702 3354 756 secundum
3382 704 3606 758 dorsum
3635 706 3720 758 cf—

2141 785 2413 855 l'ulgentia,
2447 789 2538 842 sed
2591 790 2744 845 sicuti
2773 791 2991 853 lumina,
3018 802 3106 845 aut
3135 792 3310 848 vultus
3333 809 3392 849 se
3436 797 3716 851 intuentes

2140 877 2344 931 visione
2366 878 2417 931 in
2439 893 2497 932 se
2529 878 2771 953 invicem,
2803 878 2851 933 id
2896 880 3065 947 ipsum
3084 897 3241 935 unum
3258 882 3447 938 eodem
3476 884 3637 937 modo
3657 892 3716 938 et

2140 968 2430 1037 perfectura
2458 967 2709 1021 substitit.
2734 967 2957 1023 Lumina
2984 979 3157 1025 autem
3181 971 3414 1041 undique
3446 984 3502 1026 ut
3529 976 3711 1026 vultus

2143 1073 2200 1111 se
2233 1059 2553 1126 aspicientes
2579 1066 2723 1123 sunt,
2772 1067 2827 1113 et
2874 1060 3088 1114 dorsum
3139 1076 3243 1115 non
3274 1064 3491 1124 habent.
3516 1073 3571 1117 et
3597 1079 3716 1133 my-

2143 1148 2277 1201 stice
2305 1146 2501 1201 dicitur
2530 1148 2690 1211 Deus,
2718 1147 3006 1203 secundum
3031 1150 3249 1205 dorsum
3279 1152 3488 1207 videtur
3517 1170 3530 1204 :
3566 1152 3707 1205 nulla

2142 1238 2300 1307 igitur
2360 1237 2708 1293 diminutione
2768 1248 2929 1294 totum
2985 1255 3197 1310 semper
3272 1260 3431 1297 unum
3488 1243 3707 1306 mansit,

2145 1330 2372 1383 maxime
2397 1331 2750 1398 potentiiicata
2772 1332 3077 1387 counitione
3105 1335 3333 1403 potentia
3364 1336 3551 1401 patria.
3573 1336 3710 1388 San-

2142 1430 2256 1475 ctus
2284 1421 2437 1491 igitur
2467 1422 2696 1492 Spiritus
2746 1433 2917 1478 motus
2948 1426 3146 1494 primus
3174 1426 3341 1493 intus,
3367 1444 3486 1494 σιιιω
3516 1429 3584 1482 sit
3614 1444 3707 1482 cx-

2143 1513 2390 1580 cogitatio
2415 1515 2603 1581 patria,
2630 1516 2728 1568 hoc
2749 1525 2830 1571 est
2851 1517 2929 1569 sui
2956 1516 3118 1585 ipsius
3139 1522 3513 1586 cognoscentia
3535 1541 3549 1575 :
3575 1538 3707 1591 pne-

2143 1605 2573 1670 cognoscentiam
2616 1606 2756 1657 enim
2807 1606 3176 1673 cognosccnlia
3236 1609 3507 1675 prmcedit.
3551 1610 3703 1667 Juxta

470 1700 675 1761 patrem
709 1692 943 1746 declarat
971 1690 1421 1761 prmexistentem,
1449 1701 1505 1745 et
1546 1692 1776 1760 complet
1800 1700 2038 1747 sanctum
2071 1696 2118 1755 B
2144 1692 2298 1748 istum
2325 1709 2452 1764 ergo
2478 1697 2873 1764 cognoscenda:
2903 1697 3115 1751 modum
3145 1700 3436 1754 naturalem
3480 1702 3607 1756 toris
3633 1703 3706 1757 ei-

469 1784 721 1855 Spiritum
749 1786 799 1839 in
831 1784 1205 1855 perfectionem
1232 1801 1246 1841 :
1274 1793 1331 1840 ιιι
1358 1784 1499 1839 enim
1531 1784 1659 1838 dicit
1685 1784 1877 1838 Paulus
1906 1784 2037 1839 bea-

477 1886 560 1931 tus
579 1876 934 1947 :Evangelium
949 1879 1107 1930 virtus
1120 1886 1191 1929 est
1214 1875 1308 1929 Dei
1322 1885 1365 1930 et
1386 1876 1635 1944 sapientia
1652 1874 1823 1947 (Rom.
1836 1915 1849 1937 ,
1870 1891 1907 1939 ι,
1932 1873 2041 1945 l6):

473 1984 570 2038 per
583 1971 830 2023 virtutem
851 1967 1041 2023 Filium
1058 1966 1527 2037 signitic:ms,quod
1543 1965 1717 2020 omnia
1742 1981 1831 2035 per
1847 1965 2041 2034 ipsum;

473 2064 639 2117 verbo
667 2061 808 2116 enim
840 2061 1049 2117 virtutis
1082 2059 1209 2115 fient
1264 2059 1461 2124 Omnia,
1512 2067 1564 2113 et
1609 2059 1777 2112 sancti
1820 2057 2045 2127 Spiritus

475 2152 734 2222 sapientia
782 2153 1017 2221 perfecta
1066 2152 1199 2206 ﬁunt
1248 2151 1446 2205 omnia.
1483 2150 1539 2206 Si
1560 2149 1716 2221 igitur
1746 2152 1882 2205 Deus
1922 2151 2043 2216 ista,

470 2242 623 2296 simul
654 2244 749 2296 ista
803 2241 921 2296 tria.
955 2240 1212 2309 Quoniam
1262 2249 1437 2295 autem
1485 2258 1643 2294 unum
1692 2240 1818 2305 duo,
1862 2241 2047 2299 omnia

470 2333 625 2389 simul
651 2332 885 2389 existunt
924 2331 976 2386 in
1004 2330 1305 2401 cognitione
1333 2330 1491 2384 simul
1543 2330 1628 2385 exi
1660 2338 1805 2385 tente
1832 2331 1940 2385 vita
1992 2331 2044 2385 in

470 2432 640 2493 patre,
673 2422 724 2475 in
756 2437 854 2491 qua
878 2430 963 2476 est
1010 2428 1225 2475 sanet-is
1254 2427 1309 2474 et
1359 2419 1588 2487 Spiritus
1614 2418 1907 2476 secundum
1934 2420 2047 2476 exi-

471 2512 745 2574 steutiam,
776 2512 1025 2581 quoniam
1055 2511 1156 2566 tria
1183 2526 1340 2564 uumu
1374 2518 1545 2572 erant,
1576 2519 1628 2563 et
1654 2525 1865 2580 semper
1890 2519 2034 2565 sunt.

472 2602 526 2658 Si
555 2601 712 2671 igitur
737 2612 939 2656 :eterna
953 2600 1057 2656 vita
1072 2600 1211 2655 illius
1237 2601 1591 2655 elui-esceutia
1618 2607 1699 2655 est
1720 2612 2045 2668 prmaeternte

470 2695 612 2759 vim,
633 2693 746 2764 ipse
775 2703 949 2748 autem
978 2693 1080 2747 vita
1107 2692 1478 2763 cognoscentia
1510 2694 1742 2760 perlecta
1770 2700 1825 2745 et
1844 2700 2040 2746 :eterna

474 2785 580 2840 vita
610 2802 622 2837 :
652 2794 775 2840 tunc
807 2786 947 2840 enim
992 2783 1225 2853 perfecta
1260 2798 1377 2837 cum
1418 2783 1729 2851 cognoverit
1756 2791 1960 2851 etqute,
1994 2791 2047 2837 et

472 2879 622 2945 eujus
649 2876 735 2940 sit,
767 2874 1015 2946 quani-tm
1044 2882 1097 2929 et
1148 2873 1433 2944 semetipsa
1485 2883 1537 2926 et
1572 2873 1811 2943 jussione
1840 2874 2041 2944 patris:

478 2973 605 3021 tunc
651 2966 792 3020 enim
824 2965 876 3019 iu
930 2973 1100 3020 semet
1143 2966 1394 3029 existens,
1430 2980 1532 3018 non
1585 2964 1641 3017 fit
1689 2964 1916 3029 inﬁnita,
1944 2966 2045 3020 sal-

2147 1783 2333 1838 tectam
2375 1785 2767 1853 intelligentiam
2820 1797 2972 1840 natus
3016 1798 3098 1841 est
3164 1789 3323 1855 ﬁlius,
3354 1792 3460 1844 vita
3494 1791 3701 1847 factus:

2147 1890 2250 1929 non
2282 1877 2442 1944 quod,
2476 1893 2579 1930 non
2606 1876 2759 1932 fuerit
2782 1880 2907 1942 vita,
2932 1878 3027 1933 sed
3048 1883 3294 1949 quoniam
3320 1883 3445 1937 foris
3468 1886 3573 1937 vita
3600 1903 3706 1939 ma-

2144 1969 2223 2036 gis
2249 1969 2374 2033 vita,
2406 1969 2459 2022 in
2490 1979 2630 2022 motu
2662 1970 2801 2024 enim
2831 1972 2952 2024 vita.
2981 1972 3071 2025 llic
3101 1984 3179 2026 est
3203 1975 3344 2046 λόγος
3372 1976 3465 2044 qui
3492 1987 3707 2031 vocatur

2144 2055 2297 2111 Jesus
2340 2056 2599 2122 Christus,
2626 2073 2721 2127 per
2749 2075 2903 2128 quem
2931 2059 3113 2114 eﬂecta
3152 2073 3275 2117 sunt
3295 2064 3492 2128 omnia,
3528 2080 3703 2120 semen

2147 2147 2383 2202 omnium
2412 2149 2477 2202 ad
2508 2148 2558 2203 id
2592 2161 2648 2201 nt
2670 2152 2796 2213 sint,
2825 2150 3021 2219 quippe
3044 2150 3147 2204 vita
3175 2167 3274 2220 qua
3299 2153 3438 2218 sine,
3465 2156 3705 2221 impossi-

2146 2238 2252 2292 bile
2306 2246 2387 2293 est
2438 2254 2556 2293 esse
2592 2239 2785 2310 aliquid
2835 2239 2885 2295 in
2920 2241 2981 2294 iis
3007 2257 3122 2310 qum
3152 2250 3295 2305 sunt,
3318 2252 3373 2297 et
3402 2244 3453 2296 in
3489 2243 3557 2298 iis
3581 2260 3695 2313 quae

2146 2341 2249 2381 non
2279 2337 2419 2391 sunt,
2452 2344 2567 2398 qua:
2593 2330 2997 2385 consecutiones
3023 2339 3163 2386 sunt.

2218 2419 2396 2474 LVlll.
2422 2420 2677 2487 Quoniam
2706 2431 2881 2477 autent
2908 2423 3136 2477 diximus
3157 2439 3311 2477 tinam
3338 2426 3627 2481 motionem
3656 2436 3706 2479 et

2145 2510 2409 2576 eamdem,
2441 2520 2493 2564 et
2534 2512 2673 2584 λόγον
2719 2521 2773 2566 et
2822 2522 3058 2567 sanctum
3091 2513 3365 2582 Spiritum,
3396 2516 3542 2587 λόγον
3572 2517 3705 2569 ineo

2146 2599 2283 2667 quod
2310 2601 2412 2653 vita
2438 2609 2521 2655 est
2550 2617 2562 2654 :
2607 2610 2844 2655 sanctum
2875 2601 3126 2670 Spiritum
3157 2603 3295 2671 quod
3342 2614 3426 2657 est
3450 2619 3571 2659 esse
3620 2620 3707 2659 eo.

2144 2692 2524 2758 gnoscentiam,
2572 2699 2625 2745 et
2673 2692 3067 2761 intelligentiam
3097 2707 3257 2748 esse:
3287 2694 3549 2760 QuOniam
3591 2712 3703 2764 qua:

2146 2781 2375 2836 diximus
2400 2780 2449 2834 id
2483 2782 2652 2849 ipsum
2700 2797 2820 2836 esse
2866 2785 3024 2837 vitam
3072 2790 3125 2837 et
3152 2787 3619 2853 cognoscentimu:
3654 2793 3707 2840 et

2146 2873 2393 2941 quoniam
2440 2872 2673 2926 diximus
2702 2880 2895 2927 motam
2948 2875 2998 2926 in
3030 2874 3195 2944 prima
3250 2875 3488 2929 titutione
3519 2876 3707 2930 intelli-

2148 2962 2414 3032 ligentiam
2440 2981 2453 3017 :
2483 2962 2589 3017 Iste
2613 2963 2752 3017 enim
2780 2964 2915 3018 ordo
2944 2966 3195 3019 naturalis
3221 2974 3274 3020 et
3292 2967 3501 3021 divinus
3528 2983 3708 3037 pcten-

476 3072 609 3111 Vans
639 3064 693 3110 et
740 3057 938 3111 salvata
982 3071 1011 3110 a
1057 3054 1361 3125 semetipsa,
1391 3069 1608 3110 necesse
1633 3065 1713 3108 est
1755 3054 2048 3124 intelligere
2076 3057 2120 3119 C
2152 3056 2220 3108 tia
2251 3069 2369 3108 eum
2413 3055 2521 3119 sit,
2568 3069 2785 3110 necesse
2838 3055 2934 3109 fuit
2976 3056 3373 3126 intelligentiam
3422 3059 3489 3113 ad
3522 3064 3709 3114 suimet

474 3154 528 3199 et
553 3145 732 3199 dicere
760 3165 770 3196 :
800 3146 938 3213 quod
969 3144 1201 3214 potentia
1238 3144 1329 3198 Dei
1366 3144 1417 3198 in
1450 3144 1561 3212 ipsa
1588 3153 1689 3209 est,
1715 3147 1815 3199 huc
1842 3155 1924 3199 est
1955 3162 2045 3213 pa-

475 3244 558 3289 ter
587 3234 639 3287 in
679 3234 804 3298 ﬁlio,
835 3234 944 3303 ipsa
974 3244 1151 3289 autem
1181 3250 1272 3304 per
1296 3234 1633 3302 semetipsum
1666 3234 1870 3288 infinita
1924 3234 2039 3288 fuit.

478 3327 547 3381 Et
573 3328 670 3380 hoc
694 3326 955 3396 signiﬁcat
977 3344 989 3379 :
1015 3336 1057 3378 et
1083 3327 1222 3400 λόγος
1243 3342 1360 3379 caro
1383 3327 1546 3393 {actus
1570 3335 1642 3379 est
1673 3325 1847 3397 (Joun.
1870 3343 1903 3390 ι,
1928 3328 2039 3391 14).

483 3417 695 3471 lniiuito
743 3417 883 3471 enim
934 3425 1079 3470 motu
1129 3418 1179 3470 in
1230 3416 1479 3471 inferiora
1513 3416 1616 3471 vita
1665 3418 1962 3482 descendit,
1992 3426 2046 3496 et

483 3508 731 3562 viveiecit
756 3506 1171 3576 corruptionem,
1204 3507 1352 3576 cujus
1392 3522 1548 3561 causa
1575 3506 1887 3562 universalis
1906 3508 2045 3580 λόγος

480 3610 535 3656 et
579 3599 813 3670 potentia
870 3599 988 3653 vite
1036 3614 1161 3653 caro
1192 3598 1357 3652 factus
1408 3607 1509 3662 est,
1534 3606 1592 3651 ut
1626 3597 1757 3652 dixit
1785 3600 2042 3669 angelus:

481 3691 707 3759 Spiritus
745 3698 950 3743 sanctus
976 3690 1202 3742 adveniet
1231 3690 1282 3741 in
1324 3698 1389 3748 te.
1418 3698 1464 3743 et
1510 3690 1667 3742 uirtus
1697 3690 1939 3743 Altissimi
1960 3690 2047 3743 ob-

479 3780 727 3833 mnbrabit
776 3779 862 3831 (ibi
893 3782 907 3844 (
936 3779 1058 3832 Luc.
1104 3794 1150 3843 ι,
1184 3781 1253 3833 '55
1282 3778 1326 3849 ).
1361 3779 1520 3833 Natus
1570 3790 1651 3834 est
1697 3780 1855 3849 igitur
1896 3780 2050 3836 Jesus

481 3868 720 3924 Christus
768 3870 1057 3922 secundum
1086 3884 1300 3923 carnem
1345 3870 1412 3924 de
1463 3870 1642 3937 Maria,
1671 3880 1724 3924 et
1772 3887 1832 3926 ex
1866 3880 2050 3926 saneto

481 3961 704 4031 Spiritu,
738 3960 928 4015 virtute
955 3959 1235 4015 AlliSsimi.

556 4052 708 4106 LVII.
745 4052 931 4105 Omnia
964 4051 1122 4122 igitur
1147 4051 1389 4106 Christus
1424 4050 1672 4105 Dominus
1708 4061 1909 4117 noster,
1925 4065 2051 4105 caro

482 4154 696 4200 sanctus
721 4144 969 4213 Spiritus,
997 4143 1249 4197 ditissimi
1281 4142 1465 4209 virtus,
1491 4144 1651 4218 λόγος.
1677 4142 1790 4213 Ipse
1813 4142 2052 4212 implevit

484 4236 817 4307 mysterium,
846 4243 902 4289 ut
933 4234 1106 4288 omnis
1132 4234 1237 4288 vita
1264 4250 1382 4289 cum
1424 4250 1583 4290 carne
1631 4235 1695 4289 ad
1738 4234 1950 4303 impleta
1974 4236 2052 4287 lu-

487 4328 629 4382 mine
650 4338 851 4382 aeterno
880 4336 1119 4381 recurrat
1145 4328 1210 4381 ab
1239 4327 1385 4380 omni
1416 4326 1754 4396 corruptione
1783 4326 1835 4379 in
1862 4326 2046 4381 cmlos.

2144 3146 2307 3213 ipsius
2346 3147 2773 3214 cognoscendam
2828 3148 3047 3201 moveri.
3075 3146 3237 3200 Natus
3266 3156 3347 3200 est
3368 3147 3534 3213 filius,
3568 3151 3708 3223 1670.-

2143 3234 2232 3303 qui
2262 3237 2349 3299 sit,
2376 3235 2475 3290 hoc
2528 3243 2609 3293 est
2639 3237 2744 3288 vita
2773 3237 2967 3290 virtute
3015 3238 3201 3304 patria,
3234 3250 3526 3306 generante
3552 3240 3705 3293 intel-

2145 3325 2380 3393 ligentia,
2411 3326 2509 3380 hoc
2535 3335 2615 3379 est
2644 3325 2782 3395 quod
2805 3340 2925 3379 esse
2956 3327 3189 3379 omnium
3217 3342 3335 3395 qua:
3374 3336 3520 3390 sunt,
3554 3330 3707 3382 veluti

2146 3424 2405 3470 :eternum
2438 3415 2658 3470 fontem.
2683 3416 2795 3469 Non
2830 3415 3042 3470 fallatur
3068 3431 3218 3486 ergo,
3243 3418 3287 3471 si
3311 3417 3427 3486 quis
3452 3420 3709 3474 sultintef-

2147 3508 2336 3561 lexerit
2357 3516 2593 3561 sanetum
2627 3506 2878 3575 Spiritum
2909 3518 3129 3562 matrem
3157 3523 3274 3561 esse
3302 3510 3449 3575 JeSu,
3472 3519 3527 3564 et
3552 3525 3707 3579 supra

2145 3606 2199 3651 et
2242 3598 2510 3662 deorsum,
2541 3613 2696 3666 supra
2737 3597 2947 3666 quidem
2991 3607 3045 3650 ιιι
3075 3597 3290 3663 dictum,
3326 3599 3574 3653 deorsum
3618 3616 3709 3654 au-

2150 3700 2252 3744 tem
2281 3690 2383 3743 isto
2412 3689 2571 3744 modo
2603 3708 2615 3743 :
2647 3703 2863 3743 necesse
2892 3688 2987 3741 fuit
3014 3688 3341 3743 Iiberationis
3362 3692 3531 3758 gratia
3556 3706 3709 3745 omne

2149 3780 2403 3841 divinum,
2430 3779 2530 3833 hoc
2557 3790 2637 3833 est
2667 3779 3005 3833 seminarium
3028 3779 3309 3847 Spirituum
3337 3782 3574 3834 omnium
3599 3782 3710 3833 uui-

2151 3872 2427 3927 versaliter
2456 3872 2819 3936 existentium,
2851 3879 2905 3925 et
2926 3872 2974 3924 id
3002 3871 3141 3938 quod
3187 3880 3269 3924 est
3294 3886 3416 3926 esse
3462 3874 3706 3942 primum,

2152 3965 2252 4020 hoc
2280 3977 2359 4019 est
2392 3965 2741 4019 tmiversalem
2788 3965 2947 4037 λόγον,
2971 3964 3035 4017 ab
3063 3963 3312 4017 inferiore
3341 3964 3463 4033 Ityle
3503 3973 3559 4017 et
3586 3978 3704 4017 cor-

2152 4058 2396 4125 ruptione
2427 4056 2570 4109 omni
2618 4055 2904 4117 incarnari,
2938 4055 2987 4107 in
3035 4052 3493 4107 mortiﬁcationem
3541 4054 3711 4107 onmis

2151 4147 2506 4216 corruptionis
2533 4156 2580 4202 et
2615 4146 2811 4216 peccati
2844 4163 2856 4198 :
2886 4144 3118 4199 lenebrm
3162 4146 3301 4199 enim
3350 4154 3403 4199 et
3458 4145 3711 4214 ignoratio

2151 4240 2341 4294 anima!
2371 4240 2591 4308 direpta:
2632 4238 2698 4291 ab
2723 4237 2911 4307 ltylicis
2936 4237 3186 4305 potentiis
3230 4246 3492 4304 eguerunt
3520 4236 3712 4291 lumine

2152 4342 2351 4386 :elerno
2398 4331 2449 4381 in
2477 4328 2727 4382 auxiliqu
2760 4336 2816 4381 ut
2863 4328 3005 4399 λόγος
3035 4327 3244 4391 animae,
3273 4335 3325 4379 et
3348 4326 3515 4398 λόγος,
3543 4328 3712 4380 carnis

484 4418 665 4489 Neque
697 4418 853 4488 igitur
882 4418 1053 4473 selum
1095 4434 1241 4484 caro,
1290 4433 1461 4488 neque
1490 4419 1661 4473 soluat
1690 4426 1903 4472 sanctus
1931 4417 2052 4486 Spi—
2076 4410 2127 4469 D
2154 4423 2406 4493 mysterio
2434 4420 2622 4475 mortis
2669 4418 2879 4472 detrusa
2914 4417 3256 4484 corruptione
3291 4416 3343 4470 in
3392 4417 3712 4471 reviviscen-

483 4511 641 4576 ritus,
670 4526 837 4579 neque
863 4512 1033 4565 solum
1076 4508 1325 4581 Spiritus,
1359 4525 1456 4565 nec
1474 4503 1823 4585 λόγοςἐοιιιιιι,
1855 4510 1947 4564 sed
1970 4510 2047 4565 si-

486 4600 595 4653 mul
623 4600 798 4654 omnia
833 4600 1084 4653 Dominus
1110 4609 1291 4654 noster
1314 4599 1486 4653 Jesus.
1513 4600 1739 4653 Sanctus
1764 4615 1889 4669 ergo
1933 4599 2051 4668 Spi-

486 4691 618 4744 ritus
644 4691 816 4743 omnis
840 4690 1111 4745 beatitudo
1140 4692 1192 4745 in
1224 4692 1391 4761 prima
1425 4691 1655 4760 ingenita
1686 4692 2047 4760 generatione,

489 4796 607 4850 qua:
635 4781 746 4833 sola
773 4782 1043 4850 generatio
1074 4788 1155 4835 est
1183 4792 1236 4834 et
1266 4781 1478 4843 dicitur,
1510 4782 1623 4850 ipse
1654 4792 1820 4851 pater,
1854 4783 1965 4850 ipse
1990 4782 2050 4835 ll-

487 4873 589 4928 lius
648 4872 762 4927 l'nit.
810 4874 1006 4943 Spiritu
1039 4876 1179 4928 enim
1203 4884 1400 4929 motoa
1458 4876 1766 4943 semetipso,
1826 4876 1925 4930 hoc
1968 4884 2050 4929 est

487 4968 609 5022 vit-.e
652 4966 900 5035 perfecta:
926 4969 976 5021 in
1014 4969 1247 5023 motione
1276 4968 1576 5033 existentis,
1613 4968 1839 5023 volentis
1868 4969 2051 5025 videre

489 5059 847 5127 semetipsam,
905 5058 1004 5113 hoc
1048 5069 1129 5111 est
1158 5060 1444 5127 potentiam
1474 5073 1645 5125 suam,
1678 5070 1878 5129 patrem
1908 5062 2052 5115 scili-

490 5158 595 5212 cet,
628 5148 759 5201 iaeta
792 5158 872 5201 est
896 5150 1006 5217 ipsa
1030 5148 1386 5203 manifestatio
1406 5150 1507 5213 sui,
1534 5165 1652 5219 qua:
1677 5152 1950 5219 generatio
1971 5162 2052 5206 est

490 5248 543 5291 et
590 5238 802 5305 dicitur,
832 5239 1052 5307 etjuxta
1103 5238 1204 5293 hoc
1249 5238 1378 5293 imis
1404 5240 1657 5294 existens.
1707 5239 1890 5295 Omnis
1908 5242 2049 5296 enim

492 5332 892 5400 cognoscentia,
923 5332 1213 5384 secundum
1237 5330 1376 5400 quod
1404 5334 1771 5401 cognoscentia
1794 5345 1897 5387 est.
1929 5334 2056 5387 l'oris

490 5430 572 5477 est
592 5422 658 5475 ab
690 5423 779 5476 illo
805 5421 944 5491 quod
993 5423 1136 5490 cupit
1168 5436 1508 5491 cognoscere.
1540 5422 1693 5477 Foris
1713 5432 1885 5477 autem
1910 5424 2047 5492 dico,

490 5515 628 5568 sicut
651 5516 699 5567 in
724 5516 1049 5582 inspeCIione
1074 5513 1362 5569 secundum
1384 5514 1523 5583 quod
1553 5525 1634 5569 est
1659 5516 1836 5571 videre
1858 5527 2055 5571 semet-

493 5608 659 5677 ipsam
693 5624 706 5661 :
745 5605 884 5679 quod
931 5615 1013 5661 est
1056 5607 1194 5663 scire
1231 5607 1311 5662 vel
1356 5606 1538 5663 videre
1582 5607 1867 5679 potentiam
1911 5609 2055 5665 illam

2150 4512 2297 4575 tiam,
2330 4517 2385 4564 et
2407 4509 2630 4573 animas,
2655 4516 2710 4561 et
2738 4520 2923 4560 carnes
2953 4520 3048 4574 per
3080 4516 3317 4558 Sanctum
3344 4505 3597 4572 Spiritum
3624 4505 3713 4558 ad-

2153 4603 2561 4657 ministratorem
2592 4598 2655 4651 ad
2685 4596 2892 4649 divinas
2935 4605 2989 4650 et
3015 4593 3389 4651 vivel‘acicntes
3414 4594 3712 4663 intelligen-

2153 4693 2251 4746 tias
2290 4692 2556 4761 erigerent
2593 4687 2987 4757 eognoscentia,
3017 4686 3140 4751 (ide,
3174 4701 3377 4739 amore.
3422 4686 3711 4753 Rgspomlit

2152 4784 2309 4852 igitur
2336 4782 2551 4852 angelus
2578 4780 2752 4834 Maria:
2775 4788 2828 4834 et
2847 4779 2972 4832 dixit
3001 4778 3075 4832 illi
3105 4796 3118 4832 :
3143 4778 3366 4847 Spiritus
3395 4788 3600 4832 sanctus
3624 4777 3710 4830 ad-

2154 4876 2312 4929 veniet
2334 4876 2385 4928 in
2410 4883 2477 4939 te,
2510 4882 2556 4926 et
2610 4872 2769 4924 virtus
2795 4868 3037 4923 Altissimi
3081 4868 3385 4921 inumbrabit
3416 4869 3506 4921 tibi
3550 4867 3707 4939 (Luc.

2154 4982 2194 5027 ι,
2226 4966 2339 5025 55).
2374 4963 2495 5019 Ηεεο
2536 4962 2642 5017 duo
2688 4962 2738 5015 in
2765 4969 2929 5022 motu,
2962 4974 3077 5028 qua:
3100 4968 3223 5012 sunt
3263 4958 3407 5030 λόγος
3427 4967 3482 5012 et
3505 4972 3711 5013 sanctus

2158 5055 2405 5124 Spiritus,
2438 5054 2503 5107 ad
2539 5053 2590 5107 id
2633 5062 2686 5106 ut
2727 5050 2940 5121 gravida
2969 5058 3113 5103 esset
3141 5051 3322 5113 Maria,
3345 5058 3402 5102 ut
3428 5050 3711 5109 :edjlicarc-

2157 5155 2241 5199 tur
2260 5160 2385 5200 caro
2405 5160 2435 5197 a
2463 5158 2643 5208 carne,
2675 5143 2764 5196 Dei
2793 5141 3041 5209 templum
3067 5148 3121 5193 et
3141 5139 3468 5194 domicilium
3490 5140 3710 5195 advcueo

2155 5249 2279 5293 runt
2311 5255 2323 5290 :
2350 5248 2564 5292 sanctus
2591 5236 2801 5307 quidem
2833 5234 3061 5301 Spiritus
3080 5233 3313 5300 patentia
3341 5232 3394 5285 in
3426 5242 3596 5298 motu,
3623 5249 3707 5301 ge-

2150 5331 2446 5385 nerationis
2491 5330 2630 5381 enim
2700 5326 3011 5396 principium
3064 5332 3277 5388 motus;
3329 5324 3497 5377 virtus
3542 5334 3709 5377 autem

2158 5422 2406 5476 altissimi
2433 5420 2543 5489 ipse
2582 5417 2726 5492 λόγος
2752 5428 2870 5470 est:
2913 5413 3081 5469 Virtus
3120 5414 3253 5467 enim
3283 5423 3329 5466 et
3355 5415 3600 5482 sapientia
3622 5413 3711 5466 Dei

2162 5513 2307 5585 λόγος
2349 5512 2497 5566 Jesus
2540 5511 2590 5579 (Ι
2620 5512 2735 5564 Cor.
2768 5525 2803 5575 ι,
2850 5507 2966 5577 24).
2998 5505 3100 5561 Sed
3133 5505 3200 5560 de
3226 5506 3375 5578 λόγῳ,
3420 5505 3523 5560 hoc
3551 5517 3629 5560 est
3653 5506 3712 5560 de

2166 5607 2295 5675 tilio,
2316 5604 2630 5662 obumbrabit
2655 5602 2761 5671 tibi,
2785 5598 2938 5659 dixit.
2969 5597 3272 5657 Perfectum
3301 5603 3467 5669 enim,
3488 5598 3713 5655 divinum
