3950 6206
228 250 367 305 1085

1419 243 1780 301 Αιινειιευε
1818 244 2029 301 ΛΒῐωΙ
2063 243 2260 299 LIBER
2302 245 2340 300 1.

3335 243 3471 300 1086

225 371 280 414 et
328 361 605 431 splendide
651 371 707 416 ut
760 370 839 414 est
893 361 1092 414 rlarum
1142 374 1248 413 non
1287 358 1427 428 capit
1454 357 1679 410 humana
1706 371 1801 410 na-
1828 365 1876 424 Α
1907 356 2023 410 sibi.
2061 356 2222 426 Magis
2251 365 2425 412 autem
2457 356 2613 411 simul
2657 355 2932 411 existentia
2963 355 3076 409 sine
3104 355 3279 425 aliquo
3306 355 3469 408 inter-

224 461 371 507 tura.
425 455 490 508 Et
537 454 638 508 lioc
684 453 943 522 signiﬁcat
989 470 999 499 :
1048 448 1112 503 Et
1158 448 1300 521 λόγος
1347 465 1466 502 caro
1520 449 1685 517 {actus
1729 457 1801 500 est

225 543 411 611 (Joan.
446 561 502 608 t,
561 542 674 614 14).
709 543 871 610 Magis
920 551 1094 596 autem
1126 539 1589 593 obumbrationetn
1642 538 1803 608 signi—

223 635 376 702 ﬁcat,
435 636 573 707 quod
602 637 798 694 dictum
828 649 943 695 est:
972 635 1265 691 Exinanivit
1308 629 1625 704 semetipsum
1651 632 1805 703 (Plii-

223 727 362 796 lipp.
394 743 453 791 tt,
487 726 565 798 7).

302 819 435 874 LIX.
471 820 732 875 Habemus
760 836 888 891 ergo
917 821 1209 876 secundum
1255 819 1497 875 ordinem
1532 816 1806 887 prmmissa

222 911 324 966 Dei
355 922 409 968 et
439 914 667 978 Patrem,
687 924 739 969 et
767 915 952 968 Filium
976 915 1255 986 ὁμοούσιον,
1275 923 1322 968 et
1351 911 1593 984 ὁμοούσιοι
1621 924 1807 964 secon-

223 1003 357 1057 dum
388 1005 716 1062 identitatem
749 1007 801 1060 in
829 1007 1142 1062 substantEa.
1183 1007 1296 1062 Una
1327 1006 1468 1060 enim
1515 1002 1805 1056 substantia

227 1094 491 1164 Spiritus,
521 1098 562 1150 is
592 1099 762 1166 ipsum
790 1113 907 1152 esse
947 1107 1048 1153 est.
1080 1099 1253 1168 lpsmu
1283 1114 1400 1153 eSse
1427 1110 1599 1152 autem
1622 1108 1671 1153 et
1705 1097 1808 1150 vita

223 1197 284 1241 et
320 1188 615 1259 intelligere
655 1199 755 1243 est.
787 1189 890 1243 Ista
923 1191 1040 1254 tria,
1077 1192 1125 1243 in
1167 1189 1386 1260 singulis
1415 1191 1729 1259 quibusque,
1757 1196 1812 1242 et

225 1280 354 1335 Ideo
381 1297 482 1335 una
507 1282 776 1348 divinitas,
807 1292 858 1336 et
889 1299 1049 1336 unum
1073 1299 1086 1347 ;
1115 1282 1254 1352 quod
1302 1297 1459 1335 omne
1485 1297 1620 1336 unus
1651 1281 1808 1345 Dens,

224 1369 356 1440 quia
383 1388 544 1426 unum
569 1372 759 1438 Pater,
797 1373 963 1427 Filius
992 1384 1206 1428 sanctus
1232 1374 1460 1443 Spiritus
1484 1391 1497 1426 ε
1521 1370 1810 1426 secundum

234 1464 534 1533 potentiam
573 1475 629 1519 et
657 1467 919 1520 actionem
961 1467 1131 1519 solum
1185 1474 1474 1535 apparentc
1529 1464 1808 1518 alteritate.

227 1552 386 1620 Quod
417 1552 557 1610 Deus
586 1556 636 1608 in
667 1555 932 1623 potentia,
962 1564 1018 1610 et
1048 1556 1098 1609 in
1127 1555 1335 1609 occalto
1362 1564 1505 1610 motu
1551 1562 1726 1606 movet
1761 1560 1815 1607 et

230 1645 462 1716 imperat
499 1647 697 1710 omnia,
741 1655 797 1700 ut
836 1649 885 1700 in
925 1648 1168 1712 silentio;
1214 1649 1360 1722 λόγος
1405 1658 1580 1701 autem
1624 1646 1812 1710 Filius,

1901 446 2058 508 vallo,
2083 447 2290 515 sphaera
2317 457 2397 501 est
2427 456 2480 499 et
2509 448 2698 516 prima,
2722 455 2774 500 et
2814 444 3068 512 perfecta,
3112 454 3161 499 et
3211 445 3318 513 ips:i
3361 444 3472 499 Stzla

1902 539 2106 608 Spliacra
2149 550 2236 592 :at
2270 555 2395 592 vero
2432 539 2530 591 alia
2556 538 2704 607 juxta
2734 537 3130 590 similitudinem
3163 534 3471 604 splnrriram

1903 629 2088 699 magis.
2123 629 2198 684 Ex
2222 630 2319 682 ista
2351 628 2554 682 ratione
2593 629 2916 691 necessario,
2950 637 3002 679 et
3032 635 3258 698 σημεῖον,
3290 635 3473 691 poten-

1905 722 1972 772 tia
2006 730 2104 781 cst,
2134 730 2183 773 et
2205 725 2415 795 γραμμὴ
2442 727 2493 772 et
2521 723 2758 794 γραμμήν
2783 730 3010 785 operans
3041 724 3248 786 σημεῖον
3271 725 3347 769 est
3381 733 3393 767 :
3422 723 3475 767 et

1903 825 1932 862 a
1963 812 2266 879 semetipso
2281 810 2486 874 exiens,
2516 820 2568 863 et
2611 810 2797 863 exiens
2840 822 2942 861 non
2970 820 3202 874 semper,
3245 804 3296 858 in
3329 820 3476 857 man-

1905 902 2077 964 sione,
2108 911 2159 955 et
2188 902 2239 954 iu
2268 913 2412 954 motu
2440 900 2618 962 simul,
2647 912 2857 966 semper
2885 896 3061 960 simul,
3102 897 3263 969 κύκλῳ
3307 904 3474 949 semet

1907 993 2173 1046 circulans
2203 990 2434 1060 undique
2462 989 2724 1058 splneram
2757 1001 2875 1042 esse
2927 988 3031 1040 Deo
3079 986 3272 1055 ubique
3329 984 3468 1039 exii-

1911 1093 2071 1138 lente.
2103 1084 2308 1152 Quippe
2339 1097 2458 1136 cum
2489 1083 2557 1135 sit
2588 1089 2797 1153 σημεῖον
2822 1095 2850 1132 a
2878 1095 3002 1148 qun,
3035 1087 3088 1132 et
3118 1078 3166 1130 in
3193 1077 3330 1146 quod
3361 1091 3476 1130 οιιι-

1911 1179 1995 1231 nis
2022 1177 2188 1230 motio
2212 1176 2565 1229 conversione
2591 1174 2885 1236 reducitur,
2914 1172 2998 1224 hic
3027 1177 3109 1224 est
3150 1170 3289 1224 Deus
3335 1169 3475 1240 ).o'-,o;

1913 1275 2074 1331 totus,
2104 1273 2230 1326 νοῦς
2263 1274 2424 1328 totus,
2472 1273 2613 1317 totus
2659 1262 2935 1331 sapientia,
2969 1261 3299 1329 omnipotens
3348 1262 3473 1312 sub-

1911 1359 2124 1420 stantia,
2166 1356 2459 1410 substantia
2501 1370 2656 1424 quem
2714 1368 2980 1416 veremur,
3031 1367 3185 1419 quem
3228 1350 3472 1414 colimus,

1913 1454 2027 1508 solo
2055 1452 2251 1520 Spirittt
2281 1451 2540 1516 videntes,
2578 1450 2740 1518 ipsius
2772 1459 2899 1502 nutu
2927 1456 2984 1501 et
3012 1447 3281 1500 voluntate
3311 1446 3360 1498 in
3394 1447 3473 1514 ip-

1918 1561 2032 1598 sum
2073 1544 2236 1598 erecti
2261 1543 2428 1610 gratia
2459 1542 2632 1595 crucis
2656 1541 2940 1595 miserante
2972 1554 3067 1592 nos
3101 1537 3324 1592 Domino
3351 1552 3472 1590 nos-

1917 1650 1996 1690 tro
2021 1637 2145 1691 Jcsu
2172 1635 2382 1690 Christo
2411 1651 2423 1686 :
2457 1638 2605 1706 ἁμήν.

228 1736 428 1804 quiest
456 1735 695 1804 Spiritus
726 1747 964 1801 sanctus,
993 1746 1046 1790 et
1070 1753 1199 1791 voce
1242 1719 1609 1790 confabulatur
1628 1735 1692 1790 ad
1720 1751 1812 1803 ge-

1987 1727 2120 1781 LXI.
2157 1727 2341 1780 lit-ecta
2371 1726 2602 1778 m0tioue
2631 1722 2826 1792 cyclica
2863 1729 3060 1775 rectam
3092 1719 3234 1784 dico,
3265 1719 3402 1789 quod
3446 1733 3476 1771 a

229 1826 468 1881 neranda
506 1828 682 1881 omnia
723 1829 1013 1882 secundum
1036 1831 1215 1886 vitam.
1250 1837 1301 1882 ct
1329 1828 1615 1882 secumlum
1659 1827 1813 1879 intel-

229 1918 504 1987 ligentiam
537 1919 932 1981 substitucutia,
963 1919 1025 1973 ad
1057 1920 1103 1972 id
1126 1920 1265 1990 quod
1295 1929 1515 1974 estesse
1544 1917 1810 1972 omuilius.

239 2011 322 2065 Ex
357 2010 420 2064 iis
448 2023 687 2079 apparet,
720 2013 857 2081 λογος
888 2012 997 2080 ipse
1024 2021 1075 2064 et
1102 2010 1330 2081 Spiritus
1368 2019 1582 2063 sanctus
1626 2013 1738 2068 νοῦς
1766 2015 1816 2060 et

224 2101 487 2168 sapientia
515 2119 527 2154 ε
581 2101 631 2154 id
679 2103 849 2170 ipsum
880 2102 1075 2155 etenim
1112 2110 1165 2154 et
1212 2099 1402 2154 Paulus
1428 2098 1560 2153 dixit
1588 2098 1765 2151 divine
1797 2113 1810 2149 :

229 2192 362 2256 Quis
379 2192 604 2262 cognovit
645 2200 760 2246 νοῦν
801 2191 1047 2245 Domini?
1086 2190 1262 2260 (Rom.
1290 2207 1368 2254 ιι,
1398 2188 1512 2257 54).
1542 2189 1608 2242 Et
1633 2203 1814 2242 rursus

225 2280 294 2336 de
317 2281 435 2350 ipso
469 2300 481 2335 :
525 2280 694 2334 Virtus
720 2292 764 2334 et
795 2283 1040 2349 sapientia
1076 2281 1170 2334 Dei
1197 2280 1248 2349 (l
1294 2279 1411 2334 Cor.
1443 2295 1478 2340 ι.
1516 2277 1628 2348 ⁵24).
1666 2278 1816 2332 Salo-

234 2359 362 2426 mon
395 2373 553 2425 etiam
581 2372 890 2440 sapientiam
915 2372 981 2426 de
1025 2373 1139 2441 ipso
1167 2371 1312 2434 dicit,
1337 2379 1383 2422 et
1416 2369 1575 2422 multa
1604 2368 1814 2420 nomiaa

229 2463 286 2517 in
312 2461 504 2515 Filium
532 2472 868 2526 revocantur,
897 2472 952 2517 et
983 2463 1155 2532 ipsum
1200 2471 1255 2516 et
1300 2461 1650 2514 substantiam
1691 2458 1818 2511 dicit

229 2554 432 2609 Paulus
456 2554 520 2608 ad
564 2554 809 2609 "Elil‘a‘OS
830 2556 1023 2625 :in:ago
1045 2555 1337 2608 substantiw
1358 2555 1464 2623 ejus
1485 2551 1641 2622 (Heb.
1668 2566 1704 2614 ι,
1735 2551 1814 2619 5).

229 2645 304 2699 Ει
357 2646 479 2699 item
533 2645 1035 2700 consubstantialem
1087 2645 1335 2714 pupulum
1382 2643 1513 2697 dixit
1561 2651 1614 2696 et
1658 2642 1804 2697 Jerc-

233 2737 414 2791 tnias:
446 2738 561 2806 quia
586 2739 698 2804 quis
726 2741 855 2791 stetit
898 2739 948 2791 in
984 2739 1260 2792 substantia
1291 2754 1420 2800 mea,
1449 2748 1492 2790 et
1533 2736 1653 2789 ridit
1695 2735 1816 2786 Ver-

231 2828 350 2880 bum
379 2844 543 2879 meum
571 2825 700 2895 (Jer.
735 2843 884 2891 χχιιι,
940 2829 1025 2894 i8,
1057 2846 1156 2881 sec.
1201 2830 1346 2898 us).
1389 2829 1452 2882 Et
1498 2842 1681 2881 rursus
1715 2844 1727 2878 :
1761 2824 1819 2880 Si

232 2918 480 2971 stetissent
525 2918 574 2968 in
595 2917 874 2970 substantia
920 2935 1058 2983 mea,
1105 2928 1150 2971 et
1203 2919 1458 2972 audissent
1502 2918 1650 2970 verba
1709 2933 1820 2969 mea

236 2999 413 3067 (Ibid.
469 3007 584 3076 22).
643 3009 706 3062 Ει
761 3010 1098 3079 livangelium
1149 3009 1436 3063 secundum
1467 3009 1816 3063 Mattliaaini:

1913 1827 2126 1890 σημεῖον
2153 1817 2204 1871 in
2252 1825 2475 1888 σημεῖον,
2510 1815 2608 1888 hoc
2627 1823 2709 1869 est
2735 1829 2762 1864 a
2793 1813 2947 1866 Patre
2973 1812 3023 1865 in
3055 1811 3262 1864 Patrem
3293 1810 3340 1863 in
3384 1825 3475 1878 ap-

1915 1908 2150 1979 parentia
2206 1909 2358 1962 istius
2399 1907 2648 1960 motionis
2690 1914 2743 1959 et
2772 1902 3062 1958 divinitatis
3102 1901 3379 1964 universm,
3424 1911 3474 1955 et

1912 2003 1997 2056 τὸν
2037 2001 2196 2072 λόγον,
2242 2007 2292 2052 et
2323 1982 2437 2050 Filii
2490 1998 2669 2051 existit
2707 1996 2947 2065 jussione
2995 1993 3082 2048 [)ci
3117 1994 3286 2061 imago
3329 1992 3475 2060 juxta

1915 2090 2193 2159 imaginem
2222 2101 2275 2144 et
2305 2088 2702 2142 similitudinem
2734 2086 2823 2139 Dei
2864 2085 3035 2153 imago
3067 2083 3329 2153 imaginis,
3373 2082 3478 2137 hoc

1915 2192 1996 2237 est
2042 2181 2157 2236 Filii
2188 2199 2200 2234 :
2235 2182 2406 2251 imago
2451 2181 2590 2235 enim
2623 2178 2791 2233 Patris
2838 2176 3020 2240 Filius,
3049 2185 3104 2230 ut
3142 2175 3475 2229 demonstra-

1919 2283 2026 2328 tum
2071 2283 2150 2328 est
2182 2290 2193 2326 :
2223 2272 2323 2326 hoc
2361 2280 2536 2326 autem
2583 2280 2682 2336 est,
2722 2269 2972 2338 quoniam
3023 2266 3185 2320 Filius
3225 2264 3331 2317 vita
3374 2271 3477 2328 est,

1917 2367 2089 2436 imago
2142 2365 2296 2434 igitur
2342 2365 2463 2416 vilic
2489 2363 2661 2415 anima
2702 2360 2890 2415 eil‘octa
2916 2369 3016 2423 est,
3080 2357 3253 2411 anima
3304 2364 3479 2409 autem

1917 2473 2034 2512 eum
2076 2473 2169 2509 suo
2191 2465 2278 2530 νῷ,
2307 2455 2372 2508 ab
2403 2471 2467 2508 eo
2497 2454 2586 2522 qui
2617 2459 2733 2512 νοῦς
2759 2459 2862 2514 est,
2895 2449 3128 2518 potentia
3159 2448 3278 2499 vitce
3327 2447 3482 2499 intel-

1918 2547 2152 2601 lectualis
2180 2556 2280 2610 est,
2311 2561 2414 2599 non
2444 2551 2554 2605 νοῦς
2586 2555 2686 2607 est,
2721 2543 2782 2594 ad
2801 2535 2915 2595 νοῦν
2957 2538 3168 2609 quidem
3193 2536 3482 2605 respii-icus

1917 2639 2064 2710 quasi
2110 2625 2223 2698 νοῦς
2270 2647 2349 2690 est
2379 2654 2391 2688 :
2423 2637 2557 2688 visio
2597 2634 2737 2688 enim
2788 2631 2859 2684 ibi
2900 2629 3064 2683 unitio
3107 2638 3208 2690 est,
3259 2641 3481 2693 vergens

1917 2741 2090 2784 autem
2120 2728 2389 2790 deorsum,
2419 2736 2472 2779 et
2516 2737 2698 2776 aversa
2724 2737 2750 2773 a
2777 2728 2863 2793 νῷ,
2890 2730 2941 2772 et
2991 2734 3047 2773 se
3075 2727 3127 2771 et
3169 2731 3321 2769 suum
3365 2721 3483 2768 νοῦν

1919 2823 2077 2884 trahit
2105 2822 2374 2874 deorsum.
2412 2817 2709 2883 Intelligens
2759 2822 2956 2865 tantum
2989 2809 3194 2872 eliecta,
3230 2822 3334 2860 nou
3372 2809 3483 2875 jam

1919 2925 1966 2966 ιιι
2003 2909 2346 2979 iutelligibile,
2383 2907 2473 2961 sed
2505 2906 2551 2958 si
2585 2904 2662 2958 sic
2690 2899 3128 2973 perseveraverit,
3157 2913 3337 2952 eorum
3366 2910 3483 2966 qua:

1918 3019 2077 3073 super
2097 3003 2286 3056 caelum
2315 3009 2437 3052 sunt
2463 3007 2631 3050 mater
2668 3004 2769 3059 est,
2815 2994 3010 3055 lumen,
3045 3007 3146 3044 non
3178 3005 3356 3044 verum
3401 2990 3479 3041 lu-

237 3095 434 3150 Panem
450 3107 674 3151 nostrum
697 3100 1172 3152 consubstantialem
1194 3100 1259 3150 da
1282 3100 1422 3151 nobis
1441 3097 1814 3168 ltodie(.llattli.
1847 3079 1891 3142 Ο
1925 3111 2066 3159 men,
2095 3105 2147 3148 et
2175 3093 2385 3160 q'niiletn
2415 3105 2533 3144 cum
2562 3103 2658 3142 suo
2699 3084 2913 3156 proprio
2934 3091 2999 3156 νῷ
3044 3083 3240 3136 lumen.
3271 3080 3324 3135 Si
3357 3095 3483 3132 vero

237 3205 312 3248 ιι.
348 3190 456 3259 Η).
490 3189 544 3242 lu
583 3190 830 3258 parabola
861 3190 1026 3244 Lucas
1059 3209 1071 3242 :
1106 3188 1530 3262 Dixitjuuiorde
1569 3189 1689 3255 ﬁliis
1725 3205 1816 3257 pa-

248 3282 312 3333 tri
343 3296 360 3332 :
394 3279 471 3331 Da
497 3280 622 3332 mihi
668 3296 941 3348 congruam
976 3290 1168 3349 portent
1205 3279 1496 3333 substantia:
1527 3278 1678 3346 (Luc.
1728 3293 1816 3342 xv,

242 3369 360 3439 η).
387 3369 446 3423 ΕΙ
483 3385 665 3423 rursus
694 3387 707 3424 :
739 3369 820 3422 lbi
845 3370 1104 3438 dissipavit
1133 3370 1468 3423 substantiam
1492 3384 1631 3420 suam
1659 3365 1816 3436 (Ibid.

244 3462 354 3531 13).
405 3461 554 3528 Quod
600 3464 741 3515 enim
772 3462 892 3515 inde
939 3462 1236 3526 descendit,
1270 3461 1530 3529 potentias
1558 3474 1680 3512 suas
1715 3472 1819 3512 non

243 3553 432 3605 tenuit.
467 3551 568 3605 Ista
598 3555 790 3606 anima:
821 3562 964 3615 sunt,
997 3551 1088 3605 sed
1120 3552 1226 3604 dixi
1253 3550 1389 3604 istud
1418 3551 1699 3603 adversum
1733 3565 1822 3602 ne-

243 3655 429 3713 gantes
457 3647 634 3704 οὐσίας
664 3659 855 3696 nomen
881 3644 1107 3712 positum
1132 3656 1250 3697 esse
1279 3641 1330 3694 in
1366 3641 1528 3693 sacris
1575 3640 1810 3708 Scriptu-

249 3738 345 3789 ris.
371 3734 591 3788 Accedit
621 3745 819 3796 autem,
845 3734 983 3802 quod
1011 3735 1262 3795 animam,
1298 3732 1396 3784 hoc
1427 3740 1506 3785 est
1553 3729 1820 3784 hominem

250 3826 392 3880 Dens
417 3825 542 3878 fecit
566 3825 628 3876 ad
663 3825 943 3892 imaginem
969 3833 1020 3877 et
1049 3822 1448 3876 similitudinem
1477 3836 1645 3874 suam.

324 3916 436 3970 LX.
463 3915 599 3982 Quid
629 3931 754 3970 vero
780 3914 876 3969 ista
907 3915 1226 3984 signiﬁcent,
1254 3913 1372 3967 audi
1405 3922 1461 3967 ut
1488 3915 1605 3966 dico
1630 3931 1642 3966 :
1669 3912 1824 3966 Sum-

248 4024 368 4063 mus
392 4015 504 4062 νοῦν
540 4050 551 4068 ,
586 4017 638 4060 et
670 4007 923 4075 sapientia
966 4005 1220 4075 perfecta,
1253 4006 1353 4059 lioc
1394 4014 1474 4059 est
1512 4005 1654 4077 λόγος
1705 4006 1822 4057 ιιιιί-

250 4101 496 4163 versatis,
531 4099 669 4154 idem
713 4099 882 4167 ipsum
912 4098 1053 4152 enim
1087 4099 1136 4151 in
1177 4107 1376 4151 aeterno
1407 4105 1570 4157 motu,
1603 4097 1826 4148 circula-

251 4193 326 4245 ris
356 4200 531 4244 motus
560 4199 672 4243 erat
704 4206 733 4242 a
785 4194 978 4262 σημείῳ
1005 4189 1174 4258 primo
1203 4197 1255 4241 et
1295 4188 1345 4240 in
1390 4201 1598 4240 summo
1628 4188 1824 4241 vertice

253 4281 526 4336 circularis
577 4280 811 4334 existens
875 4279 1021 4348 juxta
1097 4280 1268 4346 ipsum
1329 4286 1570 4348 σημεῖον,
1627 4277 1822 4341 cyclica

255 4386 414 4425 causa
459 4370 876 4438 inseparabiliter
930 4383 1186 4422 conversa
1214 4409 1227 4433 ,
1268 4379 1326 4421 ut
1378 4383 1406 4420 a
1449 4370 1622 4433 Patre,
1668 4376 1722 4421 et
1774 4368 1822 4420 iu

1924 3186 1973 3239 ia
2005 3184 2253 3239 inferiora
2287 3181 2440 3249 residi
2463 3179 2522 3243 it,
2550 3194 2670 3231 cum
2709 3175 2776 3229 sit
2806 3175 3064 3243 petulans,
3097 3170 3324 3239 potentia
3356 3169 3486 3222 viii-

1925 3276 2116 3331 licaudi
2137 3275 2210 3338 lit,
2235 3272 2409 3326 vivere
2438 3288 2551 3339 qinr.
2572 3270 2724 3322 fat-iet
2751 3268 2802 3320 iu
2829 3265 3100 3328 mundum,
3128 3273 3179 3317 cl
3203 3278 3262 3316 ea
3291 3278 3402 3330 qua'
3432 3261 3482 3314 in

1924 3367 2119 3422 mundo
2139 3381 2301 3434 uSque
2314 3364 2376 3416 ad
2391 3362 2436 3416 la
2446 3360 2618 3429 pidctu
2638 3358 2862 3426 lapidum
2882 3370 3046 3418 more,
3068 3353 3176 3422 ipsa
3191 3351 3348 3405 etiam
3365 3365 3485 3403 ctttll

1921 3467 1989 3531 νῷ
2018 3461 2168 3511 facta.
2225 3453 2428 3511 Etenim
2461 3468 2580 3506 cum
2630 3449 2864 3518 quidem,
2894 3448 3030 3520 λόγος
3061 3445 3122 3497 sit
3156 3443 3350 3506 anima,
3383 3457 3486 3496 non

1921 3529 2062 3622 λόγος
2092 3565 2105 3600 :
2137 3560 2359 3613 cumque
2401 3543 2452 3596 in
2483 3541 2711 3594 medium
2758 3536 3058 3605 Spiiituum,
3091 3543 3143 3586 et
3186 3529 3488 3600 intellig-ibi-

1925 3640 2048 3694 limu
2075 3681 2088 3703 ,
2121 3647 2174 3692 et
2200 3646 2288 3696 τῆς
2310 3636 2429 3694 ὕλης
2471 3630 2682 3701 proprio
2724 3637 2790 3701 νῷ
2833 3627 2898 3680 ad
2937 3635 3159 3691 utraque
3204 3635 3479 3685 conversa,

1923 3740 2012 3783 aut
2056 3726 2229 3781 divina
2261 3727 2336 3786 lit,
2386 3730 2476 3775 aut
2514 3720 2880 3789 iucorporatur
2913 3734 2925 3768 :
2957 3715 3020 3767 ad
3083 3709 3485 3778 intelligentiim

1924 3818 2116 3874 etenim
2160 3832 2268 3870 sua:
2301 3812 2524 3869 licentia:
2566 3821 2666 3874 est,
2695 3819 2749 3863 et
2798 3805 3088 3875 privatione
3121 3800 3228 3855 veii
3276 3798 3488 3853 luminis

1924 3920 2142 3981 propter
2168 3906 2448 3960 scintillant
2479 3913 2688 3956 tenuem
2713 3896 2911 3966 pr0piii
2938 3901 3028 3949 τοῦ
3043 3900 3126 3947 νοῦ
3155 3907 3360 3946 rursum
3391 3904 3486 3942 vo-

1928 3977 2110 4063 catur;
2139 3996 2385 4066 quoniam
2432 3992 2642 4060 quidem
2690 3990 2858 4042 Solum
2889 3998 2991 4048 est,
3023 3983 3288 4037 tenebrata
3313 3977 3486 4032 autem

1923 4093 2171 4146 deorsum
2195 4086 2409 4140 dicitur.
2445 4081 2649 4136 Etenim
2682 4077 3014 4132 summitates
3049 4084 3138 4133 τῆς
3164 4073 3282 4132 ὕλης
3314 4070 3491 4136 purio-

1924 4197 2009 4237 res
2033 4176 2302 4233 animantli
2345 4175 2448 4229 vim
2479 4173 2756 4232 habentes,
2787 4182 2941 4222 causa
2984 4175 3103 4218 sunt
3135 4162 3320 4217 lumini
3350 4162 3490 4215 velut

1925 4273 1976 4327 iu
2005 4285 2096 4324 sua
2122 4265 2488 4321 descenderet.
2511 4249 2701 4327 Quare
2730 4257 2869 4311 cniut
2912 4254 3108 4306 dictum
3137 4262 3216 4304 est
3251 4268 3262 4301 :
3293 4259 3344 4302 et
3391 4248 3490 4302 i~la

1927 4359 2204 4420 discernit,
2239 4355 2363 4408 dii-it
2397 4351 2608 4420 aliquis,
2633 4349 2679 4402 si
2721 4348 2838 4400 talis
2868 4355 2948 4399 est
2993 4342 3185 4397 anima.
3219 4339 3490 4406 Quomodo

257 4464 492 4525 Patrem,
515 4476 632 4514 eum
655 4460 812 4514 Patre
832 4460 1066 4513 existens
1104 4458 1374 4520 incedens,
1393 4459 1547 4512 simul
1570 4459 1817 4523 existens,
1850 4432 1902 4491 D
1927 4453 2120 4507 dictum
2151 4457 2230 4501 est
2258 4467 2270 4500 :
2303 4443 2574 4496 Faciamus
2601 4439 2850 4492 hominem
2879 4438 3030 4508 juxta
3060 4434 3322 4502 imaginem
3349 4440 3392 4483 et
3418 4429 3490 4481 si-

259 4563 313 4607 et
339 4555 391 4606 in
422 4552 578 4606 Patre
600 4561 712 4604 erat
740 4549 924 4612 Filius,
948 4559 999 4602 et
1029 4550 1077 4602 in
1112 4548 1244 4601 Filio
1264 4548 1440 4602 Pater.
1475 4549 1646 4602 Prima
1695 4548 1822 4600 sub-

261 4643 478 4705 stantia,
522 4651 575 4695 et
629 4641 679 4693 in
734 4638 1025 4693 substantia
1061 4638 1169 4706 jam
1218 4637 1530 4702 substantia,
1576 4637 1826 4705 spiritalis

260 4731 555 4786 substantia
583 4729 869 4784 secundum
901 4728 1346 4796 voiv,gcneratrix
1367 4738 1413 4780 ct
1443 4726 1674 4780 eﬂ‘ectrix
1706 4727 1829 4778 sub-

263 4821 482 4883 stantia,
517 4818 940 4888 prchrincipium
978 4820 1235 4872 universa)
1283 4818 1641 4884 intelligibilis,
1672 4828 1718 4870 et
1753 4816 1830 4868 iii-

269 4912 590 4968 tellectualis
620 4919 670 4963 et
694 4909 905 4972 animus,
935 4919 988 4963 et
1027 4910 1212 4979 Iaylicte
1239 4910 1502 4963 universrc
1531 4909 1834 4962 substantia:

269 5006 322 5060 in
351 5005 491 5074 byle.
522 5003 574 5057 Si
609 5003 764 5071 igitur
795 5004 960 5067 prima
1008 5001 1193 5065 motio,
1235 5001 1361 5064 vita,
1391 5000 1620 5065 inquam,
1654 5010 1703 5052 et
1754 4998 1834 5050 in-

272 5093 556 5164 telligentia
592 5110 604 5144 :
638 5093 734 5144 ista
758 5092 898 5144 enim
921 5089 1047 5142 illud
1069 5089 1356 5158 perfectura
1377 5105 1535 5141 unum
1562 5099 1613 5142 et
1639 5089 1828 5141 solum.

271 5185 386 5241 Non
440 5182 611 5237 solum
652 5180 923 5235 circularis
955 5179 1117 5232 motio
1150 5179 1271 5242 ista,
1318 5179 1410 5232 sed
1456 5178 1736 5248 sphaerica,
1782 5188 1836 5232 et

275 5276 443 5344 magis
467 5272 696 5341 sphmra,
727 5280 781 5324 et
807 5285 928 5322 vere
970 5269 1285 5322 omnimodis
1329 5269 1557 5338 perlecta
1605 5271 1831 5338 sphaera.

278 5367 332 5423 Si
363 5366 502 5418 enim
534 5377 650 5416 esse
677 5370 732 5415 et
755 5361 935 5414 vivere
961 5370 1011 5414 et
1034 5359 1349 5428 intelligere,
1390 5369 1438 5412 et
1469 5361 1511 5412 si
1534 5360 1637 5411 vita
1666 5359 1834 5426 ipsum

275 5472 394 5512 esse
419 5463 500 5508 est
522 5461 575 5507 et
594 5451 956 5521 intelligentia,
983 5460 1035 5503 et
1060 5451 1407 5517 summitates,
1431 5458 1482 5502 et
1503 5450 1729 5503 medium
1756 5458 1838 5502 est

275 5550 326 5604 in
360 5558 697 5614 unoquoque,
721 5542 796 5596 sic
827 5551 875 5595 et
907 5540 1248 5609 intelligentia
1280 5558 1292 5594 ε
1326 5555 1483 5594 unum
1525 5541 1678 5610 igitur
1709 5540 1836 5593 isto-

278 5652 394 5699 rum
426 5635 525 5690 tria
553 5641 675 5687 sunt
699 5633 750 5686 in
779 5645 838 5685 se
865 5628 1116 5686 eirculata
1143 5639 1197 5684 et
1225 5629 1589 5705 participanda
1613 5630 1835 5684 invicem

1929 4541 2259 4595 militudinem
2290 4531 2549 4587 nostram?
2575 4529 2734 4600 (Gen.
2768 4544 2801 4591 ι,
2832 4527 2921 4580 26.
2947 4525 2964 4595 )

2001 4630 2156 4686 LXII.
2189 4623 2574 4696 luSpieiendum
2608 4621 2750 4688 prius
2780 4618 2902 4688 quid
2932 4626 3012 4669 cst
3053 4617 3233 4677 homo,
3263 4611 3492 4681 denique

1933 4720 2055 4791 quid
2084 4719 2275 4786 imago,
2305 4712 2511 4780 etquid
2552 4710 2725 4764 dillet‘t
2757 4709 2928 4775 imago
2965 4720 2995 4758 a
3027 4703 3394 4766 similitudine,
3440 4713 3494 4755 et

1932 4810 2196 4880 quomodo
2249 4806 2404 4860 homo
2449 4803 2604 4872 juxta
2653 4800 2934 4866 imaginem
2979 4805 3030 4848 et
3073 4792 3488 4857 similitudinem,

1932 4917 2037 4956 non
2066 4903 2238 4964 imago
2262 4910 2323 4949 ac
2353 4892 2640 4948 similitudo
2669 4890 2888 4943 eﬂectus
2915 4887 2983 4938 sit
3015 4902 3028 4938 :
3059 4894 3112 4938 et
3154 4882 3277 4951 quid
3305 4891 3403 4946 est,
3428 4883 3493 4934 ad

1936 4987 2197 5042 nostram?
2227 4983 2454 5037 linaliter
2480 4981 2618 5036 enim
2663 4979 2838 5039 homo,
2869 4973 3007 5045 quod
3037 4982 3119 5027 est
3173 4972 3226 5025 in
3272 4987 3496 5026 consue-

1939 5081 2140 5143 tudine,
2174 5093 2237 5130 ex
2268 5090 2491 5142 corpore
2511 5082 2564 5126 et
2588 5069 2763 5124 anima
2788 5067 3116 5134 intelligitur.
3149 5063 3370 5130 Quidam
3401 5078 3496 5130 pu-

1937 5182 2051 5226 tant
2078 5187 2137 5222 ex
2169 5181 2390 5236 corpore
2419 5175 2472 5218 et
2500 5164 2674 5216 anima
2705 5158 2896 5228 triplici
2927 5176 2938 5209 :
2971 5155 3181 5226 quidam
3209 5164 3382 5207 autem
3429 5168 3495 5207 ex

1940 5275 2159 5330 corpore
2209 5267 2264 5312 et
2298 5255 2471 5311 anima
2519 5263 2627 5306 tres
2671 5250 2930 5319 potentias
2978 5248 3222 5299 habente.
3273 5244 3496 5310 Quidam

1940 5368 2118 5407 rursus
2147 5350 2324 5402 dicunt
2352 5361 2414 5401 es
2463 5357 2684 5410 corpore
2733 5350 2785 5396 et
2809 5348 2874 5412 νῷ
2905 5337 3099 5407 partiti,
3149 5345 3201 5388 et
3241 5333 3413 5388 anima
3446 5341 3500 5388 et

1941 5441 2147 5511 Spiritu,
2182 5453 2286 5506 quo
2327 5433 2571 5490 eonsiSIit
2616 5431 2782 5484 ﬂuens
2821 5441 3030 5494 corpus.
3081 5423 3266 5478 Adhuc
3289 5422 3498 5492 quilam

1942 5534 2008 5588 de
2059 5545 2279 5601 corpore
2323 5522 2714 5596 quadripotenti
2763 5528 2986 5589 quatuor
3024 5517 3403 5570 elementorum
3448 5524 3502 5569 ct

1945 5625 2117 5683 anima
2169 5619 2388 5692 duplici,
2430 5601 2485 5675 et
2526 5615 2724 5686 duplici
2754 5621 2826 5687 τῷ
2870 5619 2956 5686 νῷ.
3001 5609 3112 5664 Mea
3159 5605 3498 5684 intelligentia
