3950 6206
414 208 552 268 1087

1604 210 1793 267 MAR"
1836 205 2168 264 VICTORINI
2206 209 2361 265 AFRI

3527 212 3690 269 1088

423 326 542 384 haec
576 347 591 384 :
632 326 837 399 Corpus
884 329 1048 397 enim,
1096 331 1233 386 sicut
1278 330 1695 385 demonstratum
1736 345 1748 379 :
1783 323 1988 400 accepi;
2014 326 2063 384 Α
2090 322 2155 376 Et
2174 325 2309 381 sicut
2334 325 2491 381 Pater
2510 336 2745 393 esseest,
2768 328 2933 383 Filius
2959 338 3136 384 autem
3156 328 3282 395 duo,
3309 328 3403 383 sed
3434 330 3487 382 in
3518 338 3688 383 motu

418 418 561 474 enim
608 419 877 487 pulverem
918 421 1057 476 Deus
1078 430 1131 474 et
1160 420 1439 490 plasmavit
1483 418 1687 485 Adam,
1735 417 1838 471 huc
1883 424 1984 479 est,

420 508 681 563 fabricata
717 509 826 579 jam
855 518 1020 576 terra,
1046 510 1380 565 summitates
1409 519 1563 565 terra:
1600 518 1654 562 et
1686 506 1872 565 ﬂorem
1898 502 1989 557 ba-

421 598 609 656 bemus
635 599 893 671 principia
928 602 1188 670 corporis.
1222 600 1505 656 Geminum
1529 598 1685 653 etiam
1724 604 1855 657 νοῦν,
1896 610 1987 664 ge—

420 690 619 746 minam
662 692 891 747 animam
916 692 1149 748 declarat
1180 692 1520 762 Evangelium
1567 694 1701 746 me
1744 691 1993 745 Ματθαῖον

421 793 479 840 et
531 788 726 841 Λουκάν
757 802 770 837 :
802 786 879 838 sic
907 784 1046 839 enim
1076 784 1261 839 dicunt
1293 804 1305 839 :
1338 783 1427 837 Sic
1456 784 1546 837 erit
1573 793 1619 836 et
1646 782 1908 851 prmentia
1929 780 1992 847 [i-

421 874 481 929 lii
508 876 741 929 ltontinic.
792 872 930 929 Tunc
956 873 1056 929 duo
1082 884 1225 927 erunt
1253 875 1303 928 in
1330 889 1451 944 agro
1484 888 1503 926 .'
1525 887 1652 925 unus
1696 870 1991 939 accipietur,

424 975 471 1020 et
497 982 627 1023 unus
677 966 1005 1037 relinquetur;
1032 966 1147 1019 dna:
1170 966 1408 1019 molentes
1434 965 1485 1017 in
1514 962 1748 1032 pistrino,
1772 978 1873 1014 una
1908 976 1991 1013 ac-

424 1056 655 1127 cipietur,
703 1067 751 1112 et
797 1073 900 1109 una
945 1056 1253 1125 relinquetur
1298 1054 1519 1124 (Matth.
1561 1067 1709 1117 xxtv,
1740 1051 1828 1115 40,
1868 1050 1988 1118 41).

427 1145 600 1203 Lucas
626 1157 799 1202 autem
828 1146 1022 1216 adjecit
1052 1146 1117 1201 de
1141 1159 1365 1214 corpore
1386 1145 1517 1208 duo,
1550 1144 1659 1214 ipsa
1689 1151 1831 1195 nocte
1851 1150 1994 1194 erunt

426 1241 529 1294 duo
558 1242 610 1295 in
630 1257 728 1295 uno
751 1240 952 1304 lectulo,
976 1256 1105 1293 unus
1125 1240 1416 1308 accipietur,
1441 1247 1485 1290 et
1511 1237 1638 1289 alter
1680 1235 1990 1303 relinquetur

428 1330 587 1403 (Luc.
632 1347 763 1397 xvtt,
798 1330 921 1401 54).
971 1329 1087 1385 Alia
1116 1339 1290 1383 autem
1328 1328 1589 1382 similiter.
1622 1328 1759 1396 Ergo
1786 1325 1904 1394 quia
1941 1326 1992 1379 in

426 1437 574 1492 agro,
618 1424 760 1493 λόγος
788 1422 894 1476 duo
932 1430 1076 1485 sunt,
1127 1419 1209 1475 vel
1238 1427 1350 1479 νοῦς
1377 1428 1431 1474 et
1474 1420 1613 1492 λόγος
1640 1416 1891 1481 calcatis,
1942 1424 1997 1469 et

428 1512 563 1567 alius
592 1511 815 1583 bylicus.
864 1511 929 1565 Et
975 1510 1234 1565 molentes
1258 1510 1376 1563 duae
1421 1508 1632 1573 animae,
1662 1506 1899 1561 ccelestis
1943 1515 1997 1560 et

429 1603 605 1675 bylica
638 1620 649 1654 :
673 1613 725 1657 et
745 1601 1034 1671 accipietur
1057 1599 1215 1671 igitur
1232 1598 1464 1655 C(I‘IBSIiS
1487 1605 1597 1659 νοῦς
1623 1597 1864 1671 νειλόγος
1884 1611 1993 1651 caa-

2089 431 2143 477 et
2170 420 2220 473 in
2252 425 2401 481 actu;
2431 418 2509 471 sic
2551 420 2724 473 anima
2756 419 2807 472 in
2836 433 2901 473 eo
2929 420 3068 489 quod
3110 420 3306 485 anima,
3345 430 3402 473 ut
3430 422 3685 487 potentia

2091 509 2256 579 patria
2300 526 2314 566 :
2360 507 2643 562 viviﬁcatio
2684 517 2859 563 autem
2904 522 2956 563 et
3000 510 3346 581 intelligentia
3392 512 3448 565 in
3492 521 3680 566 motu.

2089 600 2188 654 Ista
2227 614 2353 669 ergo
2380 614 2499 654 esse
2523 598 2712 653 animae
2733 600 2880 668 juxta
2912 601 3191 670 imaginem
3221 603 3395 658 Patris
3426 613 3480 659 et
3502 603 3629 659 Filii
3659 621 3681 659 :

2090 692 2165 746 sic
2189 700 2363 746 autem
2412 706 2530 745 esse
2571 691 2718 760 juxta
2765 691 3185 757 similitudinem,
3224 697 3491 767 ὁμοούσιον
3531 712 3673 768 ergo

2090 784 2247 837 etiam
2292 782 2403 850 ipsa
2433 769 2487 834 in
2517 796 2611 834 sua
2651 780 2924 848 unalilate,
2949 792 3002 837 et
3030 784 3189 838 simili
3230 787 3525 841 substantia
3557 806 3572 840 :
3599 788 3664 844 in

2092 872 2281 940 triplici
2312 871 2561 941 potentia,
2588 871 2698 937 ipsa
2719 887 3001 941 generaus,
3034 889 3159 943 ergo
3186 875 3295 943 ipsa
3324 892 3383 932 se
3413 894 3671 943 movens,

2092 969 2146 1014 et
2166 976 2376 1030 semper
2404 961 2455 1013 in
2488 972 2630 1014 motu
2656 961 2709 1014 in
2741 962 2935 1016 mundo
2957 964 3270 1028 motionum,
3292 966 3411 1021 lous
3437 978 3489 1022 et
3516 969 3671 1036 ptin-

2092 1050 2308 1120 cipium,
2339 1049 2493 1104 sicuti
2522 1059 2666 1118 pater
2707 1060 2761 1106 et
2792 1052 2929 1106 illius
2966 1054 3132 1123 ipsius
3181 1055 3375 1110 animae
3412 1058 3675 1113 motionis

2092 1150 2145 1195 et
2173 1151 2380 1196 creator
2401 1183 2414 1206 ,
2446 1151 2496 1195 et
2525 1156 2795 1209 prmcausa
2822 1152 2875 1198 et
2902 1146 3349 1215 pra'principium.

2165 1230 2343 1285 LXIV.
2379 1231 2564 1285 Adhuc
2587 1232 2703 1286 dico
2733 1233 2784 1287 in
2805 1235 3011 1289 occulto
3036 1239 3343 1305 mysterium
3376 1254 3619 1311 magnum
3643 1262 3663 1297 :

2095 1321 2251 1377 siculi
2281 1322 2510 1377 divinior
2537 1322 2770 1378 Trinitas
2795 1324 2959 1390 unali,
2990 1327 3278 1381 secundum
3310 1330 3454 1399 quod
3484 1348 3575 1399 pcr
3602 1348 3664 1388 se

2096 1413 2405 1483 eﬂulgenter
2442 1414 2566 1469 fecit
2604 1417 2833 1470 animam
2874 1417 2925 1470 in
2979 1419 3174 1472 mundo
3214 1421 3560 1477 iutellectibili
3607 1426 3656 1479 in

2099 1506 2444 1559 substantiam
2479 1519 2532 1560 et
2563 1508 2826 1576 prOpriam
2867 1508 3236 1577 substantiam,
3265 1528 3421 1580 quam
3450 1515 3658 1585 proprie

2098 1596 2318 1652 dicimus
2345 1598 2689 1652 substantiam
2722 1618 2733 1653 :
2772 1601 2851 1655 sie
2899 1601 3087 1655 animm
3116 1604 3324 1657 trinitas
3356 1607 3529 1660 unalis
3570 1622 3657 1662 se-

428 1694 577 1749 Iestis
599 1694 793 1759 anima,
826 1693 1031 1765 Itylinus
1055 1701 1229 1747 autem
1254 1692 1419 1765 λόγος,
1450 1700 1500 1744 el
1529 1690 1702 1743 anima
1731 1689 1994 1758 relinque-
2024 1691 2070 1749 B
2098 1690 2269 1746 cunda
2306 1692 2584 1760 explicavit
2631 1693 3053 1763 imaginationem
3106 1696 3398 1752 insensibili
3441 1699 3656 1767 mundo,

430 1796 537 1843 tur.
561 1788 835 1855 Quomodo
859 1787 1021 1851 istud,
1045 1786 1187 1840 audi.
1220 1785 1389 1841 Homo
1409 1800 1471 1839 ex
1495 1784 1666 1838 anima
1689 1793 1743 1838 et
1770 1797 1996 1851 corpore

431 1879 781 1933 coulllendus.
813 1877 890 1932 Ex
932 1891 1172 1947 corpore,
1204 1875 1345 1946 quod
1384 1891 1413 1929 a
1460 1885 1597 1929 terra
1625 1873 1993 1944 compositum,

433 1970 590 2025 habet
609 1984 736 2040 ergo
756 1970 984 2024 animam
1008 1981 1143 2025 terra
1170 1968 1418 2039 Itylicam,
1439 1976 1493 2022 et
1520 1966 1683 2021 factus
1704 1976 1784 2021 est
1806 1964 1995 2031 Adam,

431 2059 580 2131 juxta
621 2074 815 2129 corpus
845 2060 1063 2125 animal,
1106 2059 1262 2114 sicuti
1290 2067 1372 2113 est
1413 2057 1607 2111 animal
1656 2057 1723 2110 de
1767 2071 1900 2125 aqua
1947 2063 2001 2110 et

436 2160 594 2206 terra.
626 2150 740 2205 Alia
767 2149 1014 2204 animalia
1046 2149 1099 2205 in
1120 2149 1351 2204 animam
1368 2149 1561 2214 vivam,
1581 2148 1672 2202 sed
1699 2147 1865 2201 Adam
1895 2160 1997 2199 non

432 2241 531 2308 sic,
565 2240 849 2297 insumavit
873 2241 1016 2296 enim
1062 2240 1201 2296 Deus
1226 2240 1279 2294 in
1308 2239 1493 2294 faciem
1523 2239 1639 2307 ejus
1681 2237 1752 2292 ibi
1790 2251 1998 2291 onmem

435 2312 722 2403 potentiam
753 2332 1079 2398 scnsihilem,
1118 2331 1203 2385 cui
1227 2330 1375 2384 adest
1400 2337 1513 2390 νοῦς
1541 2330 1591 2383 in
1631 2328 1999 2382 discretionem

434 2437 639 2479 sensus.
673 2422 787 2478 Alia
820 2422 978 2493 igitur
998 2422 1171 2476 anima
1210 2420 1442 2476 divinior
1471 2435 1589 2475 cum
1619 2433 1717 2473 suo
1745 2426 1811 2491 νῷ
1837 2436 1847 2469 ;
1876 2432 2001 2471 sen-

435 2512 576 2567 sibili
600 2513 741 2567 enim
772 2513 1023 2581 potentiae
1054 2513 1258 2582 hylicus
1286 2520 1403 2574 νοῦς
1430 2521 1510 2567 est
1540 2511 1750 2575 insitus,
1782 2519 1836 2565 et
1876 2526 2004 2565 con-

433 2602 793 2658 substantialis
820 2602 1028 2673 bylienc.
1083 2602 1138 2658 Si
1200 2604 1357 2671 igitur
1389 2602 1524 2657 istud
1554 2611 1657 2668 est,
1701 2600 1859 2675 Λόγος
1898 2617 2005 2657 ρω-

432 2695 602 2763 leStis,
633 2696 733 2751 hoc
762 2705 841 2751 est
865 2702 980 2758 νοῦς
1010 2696 1093 2751 vel
1118 2696 1343 2765 Spit-itus
1368 2696 1578 2751 (“\ilIlIS
1606 2706 1688 2750 est
1730 2696 1781 2749 in
1830 2695 2003 2749 anima

434 2786 632 2842 divina.
662 2786 778 2857 Ipsa
810 2798 986 2843 autem
1018 2788 1195 2841 divina
1242 2788 1416 2841 anima
1470 2788 1521 2841 in
1569 2786 1745 2858 hylicu
1795 2785 2002 2855 spiritu,

436 2877 639 2946 bylicus
666 2885 844 2932 autem
871 2877 1092 2946 Spiritus
1122 2879 1172 2932 in
1199 2879 1371 2948 bylica
1402 2876 1598 2943 anima,
1628 2877 1800 2949 bylicn
1829 2888 2003 2931 autent

438 2968 614 3024 anima
646 2969 699 3024 in
726 2969 928 3024 carnali
954 2985 1199 3039 corpore,
1236 2971 1375 3041 quod
1403 2980 1613 3041 oportet
1644 2970 1850 3041 purgari
1881 2985 2001 3024 cum

441 3060 609 3115 tribus
640 3061 906 3126 omnibus,
941 3071 997 3116 ut
1023 3061 1247 3130 accipiat
1275 3064 1447 3116 lumen
1474 3072 1751 3126 aeternum,
1782 3071 1833 3116 et
1854 3071 2007 3116 mter-
2033 3045 2077 3106 Ο

439 3166 564 3207 nam
587 3151 749 3205 vitam
776 3170 788 3204 :
823 3151 922 3207 hoc
940 3163 1114 3207 autem
1148 3152 1323 3222 petit-it
1352 3154 1482 3209 tides
1510 3154 1565 3207 in
1594 3154 1829 3207 Christo.

510 3241 689 3296 LXIII.
729 3243 969 3298 licamus
1012 3244 1170 3313 igitur
1199 3247 1464 3315 quomodo
1490 3245 1608 3299 talis
1652 3246 1824 3300 anima
1860 3246 2010 3316 juxta

450 3333 734 3402 imaginem
766 3334 877 3401 Dei,
924 3346 977 3390 ct
1016 3337 1162 3405 juxta
1192 3337 1589 3391 similitudinem
1619 3335 1803 3391 etl‘ecta
1848 3337 1937 3399 sit,
1961 3346 2012 3391 et

446 3422 492 3477 si
520 3424 631 3478 sola
656 3422 831 3477 anima
872 3424 1054 3491 homo,
1106 3435 1161 3479 ut
1186 3425 1313 3479 dicit
1343 3426 1552 3491 Paulus,
1584 3424 1718 3478 alius
1749 3434 2009 3491 terrenus,

441 3515 577 3570 alius
620 3515 882 3582 animalis,
911 3517 1045 3571 alius
1075 3517 1345 3586 spiritalis,
1379 3530 1433 3573 et
1479 3519 1579 3573 ista
1608 3518 1785 3572 omnia
1816 3519 1868 3573 in
1902 3533 2005 3572 uno

444 3605 681 3667 homine.
710 3606 803 3661 sed
832 3610 1057 3661 maxime
1088 3607 1353 3662 hominem
1374 3609 1683 3664 interiorem
1713 3609 2015 3679 frequenter

449 3694 597 3761 dicit,
643 3696 720 3749 sic
746 3697 885 3751 enim
916 3706 996 3751 est
1039 3699 1212 3751 anima
1250 3715 1262 3751 :
1292 3699 1495 3769 colligit
1518 3700 1658 3754 enim
1688 3707 1825 3763 νοῦν,
1851 3709 1903 3753 et
1936 3700 2016 3752 di-

445 3784 623 3839 vinam
646 3786 905 3855 animam;
934 3796 986 3842 et
1007 3788 1419 3844 dicitemlestem
1445 3790 1731 3857 hominem,
1758 3791 2012 3860 reliquum

446 3887 623 3931 autem
650 3886 918 3932 terrenum
944 3878 1231 3933 hominem.
1259 3880 1314 3933 Si
1346 3880 1483 3934 istud
1506 3893 1608 3945 est,
1635 3882 1809 3936 anima
1839 3892 2015 3935 nostra

442 3966 592 4036 juxta
616 3966 895 4037 imaginem
923 3978 1006 4023 est
1047 3969 1156 4028 Dei.
1196 3980 1249 4023 et
1291 3971 1500 4025 Domini
1545 3971 1669 4027 Jesu
1714 3970 1930 4025 Christi.
1961 3970 2017 4023 Si

447 4057 587 4112 enim
608 4057 850 4112 Christus
876 4058 1003 4122 vita,
1020 4069 1073 4113 et
1105 4060 1261 4133 Λόγος
1274 4070 1373 4124 est,
1398 4060 1571 4130 imago
1596 4071 1677 4114 est
1696 4060 1809 4126 Dei,
1840 4062 1889 4113 in
1916 4074 2015 4129 qua

447 4147 673 4219 imagine
695 4151 1010 4220 perspicitur
1030 4151 1185 4206 Pater
1204 4153 1360 4215 Deus,
1389 4152 1490 4206 hoc
1518 4162 1599 4206 est
1619 4151 1757 4221 quod
1780 4152 1915 4205 Deus
1938 4160 2020 4205 est

449 4250 570 4292 esse
597 4239 649 4291 in
674 4238 781 4292 vita
816 4257 829 4291 :
856 4239 957 4295 hoc
994 4248 1076 4294 est
1107 4240 1249 4294 enim
1282 4242 1454 4310 imago
1485 4252 1542 4294 ut
1566 4240 1770 4298 dictum
1809 4249 1892 4295 est
1922 4256 1935 4292 :
1967 4249 2020 4293 et

448 4327 493 4381 si
522 4337 605 4382 est
637 4326 879 4384 Christus
907 4332 1033 4395 vita,
1061 4330 1200 4400 quod
1230 4342 1309 4386 est
1357 4342 1535 4386 autem
1564 4331 1761 4397 vivere,
1802 4330 1901 4385 hoc
1938 4339 2018 4383 est

2095 1784 2205 1852 ipsa
2234 1782 2408 1837 anima
2441 1799 2652 1854 semper
2673 1801 2789 1855 quas
2806 1798 3015 1839 sursum
3040 1789 3108 1841 sit
3134 1789 3429 1845 mundanas
3458 1793 3659 1848 animas

2096 1877 2334 1946 gignens,
2366 1886 2419 1931 et
2448 1876 2583 1930 istud
2607 1892 2733 1947 ergo
2758 1878 2903 1947 juxta
2935 1879 3214 1949 imaginem
3259 1892 3312 1936 et
3355 1883 3658 1938 similitudic

2099 1984 2243 2023 nem.
2288 1968 2568 2023 Videamus
2595 1984 2721 2039 ergo
2748 1970 2793 2023 si
2823 1979 2877 2025 et
2911 1972 3060 2041 juxta
3090 1988 3303 2028 carnem
3335 1974 3577 2043 quidem,
3609 1983 3663 2030 et

2095 2063 2241 2130 juxta
2263 2076 2477 2116 carnem
2518 2063 2699 2117 dicunt
2726 2079 2833 2133 prce
2859 2064 3200 2130 divinatione,
3232 2066 3485 2134 quoniam
3519 2066 3659 2121 lutu-

2099 2167 2213 2205 rum
2240 2161 2359 2206 erat
2390 2165 2444 2206 ut
2472 2152 2622 2208 Jesus
2644 2153 3141 2212 inducretcaruem.
3173 2155 3280 2226 Ego
3321 2166 3497 2211 autem
3543 2158 3660 2211 dico

2102 2242 2238 2297 forte
2264 2245 2307 2297 si
2337 2252 2389 2299 et
2416 2245 2467 2297 in
2508 2245 2608 2299 isto
2634 2245 2770 2313 quod
2799 2246 2974 2319 Λόγος,
3006 2255 3056 2301 et
3082 2245 3257 2299 carnis
3282 2256 3365 2301 est
3408 2247 3585 2320 Λόγος,
3611 2259 3662 2302 et

2101 2335 2237 2388 Deus
2283 2344 2333 2389 et
2377 2335 2688 2405 corporalis,
2714 2346 2765 2390 et
2810 2350 2969 2404 super
3010 2350 3165 2390 omne
3193 2350 3384 2405 corpus
3436 2336 3661 2391 dicitur:

2105 2424 2337 2492 potentia
2382 2424 2523 2479 enim
2574 2425 2939 2480 universorum
2983 2435 3036 2479 et
3074 2440 3307 2479 ommum
3349 2426 3512 2490 Deus,
3561 2441 3660 2480 nou

2104 2512 2293 2567 frustra
2323 2514 2606 2568 secundum
2656 2516 2933 2584 imaginem
2965 2516 3225 2585 corporis.
3273 2516 3329 2571 Si
3351 2516 3492 2571 enim
3524 2516 3662 2571 lutu-

2109 2619 2224 2658 rum
2252 2612 2334 2658 est
2358 2614 2593 2658 nostrum
2624 2618 2816 2674 corpus
2844 2614 2896 2659 ct
2932 2621 3142 2660 carnem
3170 2622 3470 2677 resurgere,
3501 2618 3555 2662 et
3584 2611 3663 2663 iu-

2105 2695 2270 2749 duere
2304 2694 2775 2764 ineorruptionetn,
2803 2704 2857 2750 et
2883 2698 2991 2750 tieri
3020 2697 3309 2766 spiritualis
3337 2714 3483 2763 caro,
3517 2700 3664 2756 sicuti

2107 2797 2158 2843 et
2187 2789 2435 2844 Salvator
2464 2800 2641 2843 neSIer
2663 2788 2808 2857 juxta
2837 2791 3011 2844 omnia
3041 2800 3095 2843 et
3120 2790 3236 2855 fuit,
3263 2802 3315 2845 et
3346 2794 3665 2860 resurrexit,

2107 2888 2162 2933 et
2182 2880 2439 2944 ascendit,
2460 2889 2513 2933 ct
2539 2880 2765 2933 futurum
2791 2891 2871 2935 est
2894 2890 2947 2934 ut
2968 2882 3177 2936 veniat:
3205 2891 3260 2937 et
3280 2884 3321 2936 si
3348 2894 3470 2952 post
3499 2900 3669 2938 resur-

2113 2972 2402 3025 rectionem
2446 2972 2836 3036 immulabitur,
2871 2974 3192 3039 accipientes
3240 2974 3482 3043 spiritale
3524 2976 3669 3029 indu-

2112 3072 2366 3125 tnentum,
2398 3061 2527 3114 nihil
2558 3062 2943 3131 intpeditjuxta
2984 3064 3264 3132 imaginem
3309 3065 3488 3119 carnis
3514 3080 3669 3135 supe-

2110 3150 2263 3204 rioris
2284 3159 2372 3206 τοῦ
2398 3151 2541 3222 λόγον
2571 3151 2834 3205 hominem
2875 3151 3065 3207 factum
3094 3168 3229 3211 esse.
3255 3153 3335 3207 Ad
3366 3156 3505 3208 istud
3536 3157 3669 3210 enim

2113 3242 2472 3295 testimonium
2524 3242 2649 3295 dicit
2692 3240 2987 3309 Propheta,
3028 3243 3251 3297 dicens:
3290 3243 3351 3297 Et
3382 3247 3502 3314 fecit
3543 3244 3672 3299 Deus

2112 3333 2361 3385 hominem
2392 3334 2545 3404 juxta
2588 3333 2857 3402 imaginem
2897 3332 2993 3386 Dei
3041 3332 3205 3400 (Gen.
3240 3349 3275 3398 t,
3323 3324 3437 3403 Ἦ).
3466 3335 3519 3389 Si
3556 3334 3674 3389 fecit

2113 3421 2251 3475 Deus
2272 3421 2561 3475 secundum
2583 3422 2883 3491 imaginem,
2911 3423 3221 3491 paterjuxta
3248 3425 3337 3478 lilii
3360 3426 3669 3494 itnagiucm:

2113 3512 2156 3564 si
2186 3522 2361 3565 autem
2390 3510 2523 3565 istud
2560 3511 2703 3577 dicit,
2728 3513 2843 3583 fecit
2865 3514 3026 3578 ipsum
3048 3514 3321 3566 masculum
3349 3524 3393 3567 et
3416 3514 3671 3581 feminam,

2115 3612 2169 3655 ut
2200 3601 2505 3672 praedictum
2538 3611 2638 3667 est,
2670 3605 2784 3673 fecit
2814 3605 3061 3657 hominem
3074 3606 3227 3675 juxta
3254 3606 3527 3675 imaginem
3556 3606 3674 3670 Dei;

2116 3694 2453 3748 manifestum
2478 3696 2725 3763 quoniam
2751 3706 2803 3750 et
2822 3696 2972 3764 juxta
3001 3710 3194 3765 corpus
3214 3706 3264 3749 et
3289 3711 3502 3750 carnem
3531 3698 3677 3752 valde

2116 3794 2169 3839 et
2196 3788 2437 3855 myStice,
2470 3795 2542 3859 τῷ
2582 3787 2710 3859 λὸγῷ
2755 3788 2803 3838 ἱη
2854 3800 2999 3840 mare
3049 3794 3101 3839 et
3138 3786 3326 3839 femina
3372 3786 3674 3840 existente:

2116 3878 2361 3945 quoniam
2386 3876 2499 3945 ipse
2528 3877 2738 3929 sibimet
2765 3875 2900 3929 ﬁlius
2938 3886 3069 3937 erat,
3100 3877 3149 3930 in
3178 3879 3348 3944 primo
3376 3888 3431 3930 et
3452 3878 3678 3931 secundo

2118 3972 2272 4030 partu
2315 3964 2622 4032 spirttaliter
2647 3972 2700 4017 et
2729 3966 3028 4018 carnaliter.
3055 3964 3235 4019 Gratia
3281 3967 3388 4020 Deo
3437 3966 3597 4029 Patri,
3631 3979 3681 4021 ct

2117 4051 2250 4105 Filio
2280 4053 2410 4119 ejus,
2446 4053 2665 4105 Domino
2711 4064 2892 4106 nostro
2933 4053 3056 4108 Jesu
3101 4052 3332 4119 Christo,
3380 4069 3447 4108 ex
3486 4065 3680 4110 aeterno

2119 4141 2171 4196 in
2200 4143 2377 4196 omnia
2408 4142 2601 4195 saecula
2632 4143 2969 4197 saeculorum.
3001 4144 3191 4197 Amen.

2589 4234 2783 4289 LIBER
2824 4234 3197 4291 SECUNDUS.

2188 4326 2227 4380 1.
2272 4327 2434 4381 Deum
2465 4328 2877 4395 omnipotentem
2923 4343 3110 4381 omnes
3164 4328 3392 4383 fatemur
3417 4331 3682 4385 Christum

450 4417 609 4491 Λόγος
637 4419 747 4487 ipsa
774 4430 947 4474 autem
977 4420 1103 4487 vita,
1132 4420 1230 4475 hoc
1257 4430 1339 4476 est
1364 4423 1501 4491 quod
1523 4432 1606 4475 est
1632 4436 1771 4485 esse,
1805 4421 1905 4473 huc
1924 4435 2018 4473 au-
2046 4397 2098 4456 D
2124 4415 2299 4473 Jesum
2330 4432 2424 4472 nos
2450 4434 2586 4471 nunc
2610 4436 2624 4481 ;
2653 4433 2771 4471 mox
2803 4427 2978 4472 tamen
3006 4419 3308 4474 fatebuntur
3331 4436 3541 4487 omnes,
3573 4424 3685 4491 qui-

459 4516 564 4561 tcm
615 4507 755 4577 quod
782 4520 864 4563 est
888 4525 1026 4574 esse,
1059 4510 1215 4565 Pater
1240 4519 1340 4566 est.
1371 4512 1439 4565 Et
1464 4511 1512 4565 si
1541 4526 1721 4566 rursus
1760 4511 1871 4579 ipsa
1920 4510 2021 4564 \ita

455 4598 555 4651 hoc
580 4606 658 4652 est
678 4598 816 4668 quod
847 4599 1143 4670 intelligere
1172 4618 1183 4653 :
1211 4602 1261 4655 id
1292 4613 1465 4657 autem
1495 4611 1577 4657 est
1605 4611 1818 4657 sanctus
1843 4601 2020 4669 8ρίιὶ-

458 4697 558 4753 lus,
592 4696 645 4743 ct
676 4689 771 4742 tria
802 4690 899 4743 ista
925 4701 1048 4743 stmt
1074 4691 1272 4755 omnia;
1301 4702 1351 4747 et
1390 4692 1442 4746 in
1474 4708 1790 4760 unoquoque
1824 4691 1941 4755 tria,
1975 4700 2027 4744 ct

458 4794 619 4833 unum
644 4781 740 4834 tria
758 4791 811 4833 et
829 4781 1043 4835 omnino
1061 4782 1325 4853 όμοούσια.
1347 4783 1404 4838 Si
1431 4784 1586 4852 igitur
1606 4784 1804 4847 anima,
1837 4798 2023 4837 secun-

459 4872 581 4926 dum
614 4874 752 4941 quod
779 4862 951 4927 anitna
980 4885 1081 4936 est,
1105 4886 1157 4929 et
1180 4877 1368 4928 animae
1402 4890 1520 4930 esse
1546 4885 1645 4942 est,
1677 4884 1730 4928 et
1772 4875 1947 4931 vivere
1973 4885 2026 4929 et

461 4961 754 5032 intelligere
799 4972 876 5018 est
912 4967 1048 5019 :tria
1087 4981 1214 5034 ergo
1264 4966 1553 5035 superioris
1598 4966 1817 5019 Triados
1851 4971 2025 5021 anima

461 5064 562 5116 est,
587 5064 641 5106 ut
668 5052 837 5123 imago
855 5054 1114 5124 imaginis.
1140 5055 1233 5109 Est
1251 5058 1392 5109 enim
1411 5057 1558 5125 juxta
1581 5056 1718 5124 quod
1745 5056 1917 5111 anima
1947 5068 2029 5111 est

462 5144 515 5201 in
542 5158 606 5197 eo
629 5144 767 5213 quod
797 5155 881 5200 est
904 5160 1043 5211 esse,
1071 5156 1123 5199 et
1148 5147 1305 5201 vitam
1339 5148 1491 5213 dans,
1524 5156 1577 5200 et
1602 5146 2024 5215 intelligentiam,

462 5246 585 5291 ante
624 5237 913 5307 intelligere
943 5238 1099 5292 simul
1154 5240 1369 5304 habens,
1417 5240 1663 5310 ὁμοούσια
1712 5238 1762 5290 in
1811 5228 2031 5301 uno,ct

463 5336 587 5380 sunt
614 5328 816 5397 singula
847 5336 901 5381 ut
929 5344 1021 5382 sua
1046 5329 1357 5391 substantia,
1387 5343 1488 5383 non
1518 5326 1793 5389 scissione,
1827 5343 1929 5381 non
1952 5327 2031 5380 di-

467 5418 689 5483 visione,
720 5434 822 5473 non
851 5419 1127 5483 eti‘usione,
1166 5434 1263 5473 nec
1294 5420 1650 5488 protensione,
1685 5433 1853 5488 neque
1882 5427 2030 5486 partu

469 5511 707 5579 prmcisa,
737 5509 831 5564 sed
865 5508 1186 5578 sempiterna
1218 5509 1314 5563 tri-r
1347 5526 1360 5562 :
1406 5509 1548 5563 aliud
1577 5506 1809 5563 existens
1848 5508 1899 5563 in
1926 5510 2030 5564 alio

466 5600 743 5667 existente,
760 5610 813 5655 et
830 5599 927 5655 ista
945 5600 1388 5663 subsmutialiler;
1409 5599 1553 5668 juxta
1581 5598 1859 5666 imaginem
1881 5615 2027 5670 ergo.

2124 4510 2221 4565 bus
2250 4509 2381 4563 [Ides
2410 4510 2462 4563 in
2503 4509 2769 4563 Christmu
2801 4508 2986 4563 (ilium.
3039 4511 3111 4564 De
3151 4522 3373 4580 utroque
3402 4514 3542 4579 quod
3588 4514 3689 4567 sint

2125 4598 2301 4662 ambo,
2334 4607 2387 4652 et
2425 4600 2652 4667 singuli:
2683 4602 2878 4669 quippe
2910 4609 2966 4652 ut
3003 4609 3149 4667 pater
3179 4602 3338 4667 Deus,
3374 4602 3514 4656 [ilius
3538 4602 3686 4657 Iesus

2122 4687 2382 4751 Christus,
2418 4700 2523 4741 tota
2578 4690 2729 4743 nobis
2770 4691 2954 4759 religio
2990 4703 3091 4757 est,
3119 4702 3174 4745 et
3204 4708 3329 4761 spes
3377 4704 3508 4757 tota,
3538 4704 3592 4749 et
3637 4696 3686 4748 in

2126 4780 2227 4832 isto
2257 4780 2405 4834 tides.
2437 4779 2540 4833 Sed
2569 4796 2689 4833 cum
2717 4768 2944 4834 latemdr
2973 4782 3207 4851 singulos
3237 4784 3392 4850 duos,
3423 4801 3584 4839 unum
3616 4796 3688 4838 ta-

2127 4889 2246 4929 men
2282 4874 2443 4926 Dcum
2474 4874 2717 4937 dicimus,
2766 4884 2820 4928 et
2848 4875 3031 4928 ambos
3060 4892 3219 4929 unum
3255 4879 3440 4942 lletrm,
3474 4879 3613 4947 quod
3639 4891 3689 4933 et

2127 4974 2273 5033 pater
2311 4966 2377 5018 sit
2409 4966 2459 5017 in
2488 4964 2615 5029 lilio,
2661 4974 2713 5018 et
2744 4964 2879 5018 [ilius
2906 4967 2957 5018 in
2989 4978 3156 5033 patre.
3192 4969 3292 5021 Alii
3336 4985 3495 5022 unum
3530 4972 3685 5025 Deum

2126 5055 2307 5108 dicunt
2336 5063 2537 5124 patrem
2569 5057 2761 5117 solum,
2793 5056 2957 5109 [illum
2991 5072 3117 5111 vero
3147 5060 3439 5125 hominem,
3470 5063 3563 5116 sed
3598 5062 3687 5116 bos

2128 5161 2264 5199 nunc
2292 5147 2597 5199 omittamus
2629 5164 2640 5198 :
2672 5148 2863 5201 etenim
2900 5148 3081 5201 Jcsum
3112 5148 3274 5203 ﬁlium
3311 5167 3429 5205 cum
3470 5155 3687 5209 dicimus

2130 5246 2182 5290 et
2207 5246 2486 5305 antequam
2515 5238 2579 5290 de
2603 5238 2650 5290 Μ
2671 5236 2762 5291 ιΐίει
2796 5248 3131 5303 nasceretur,
3168 5241 3331 5294 fuisse
3370 5244 3534 5297 tilium
3564 5260 3687 5298 conc

2133 5328 2362 5383 ﬁtentur.
2405 5328 2534 5382 Nam
2561 5328 2603 5382 si
2628 5327 2802 5401 (Joan.
2835 5344 2873 5391 t,
2904 5327 3019 5399 1-5)
3049 5330 3099 5383 in
3130 5333 3376 5399 principio
3404 5333 3499 5400 fuit
3528 5332 3684 5408 λόγος,

2134 5430 2185 5474 et
2209 5421 2353 5491 λόγος
2375 5420 2467 5486 [uit
2492 5419 2559 5470 ad
2592 5416 2771 5484 Deum,
2815 5428 2861 5471 et
2890 5417 3030 5471 Dens
3077 5421 3168 5488 fuit
3198 5421 3305 5488 ipse
3344 5423 3508 5494 λόγος,
3539 5436 3581 5477 ei
3602 5427 3684 5477 lloc

2134 5513 2232 5582 fuit
2260 5512 2312 5564 in
2338 5511 2604 5579 principio,
2631 5511 2717 5577 qui
2743 5524 2862 5564 cum
2895 5520 3073 5579 postea
3105 5514 3248 5585 λόγος
3276 5530 3394 5567 caro
3420 5519 3579 5585 [actas
3598 5529 3681 5583 est,

2135 5601 2270 5655 idem
2291 5609 2371 5653 est
2412 5600 2563 5662 Λόγον
2589 5614 2706 5653 esse
2749 5609 2803 5654 et
2832 5599 3030 5653 .Icsum.
3082 5601 3136 5654 Si
3181 5605 3321 5657 enim
3352 5605 3404 5658 in
3450 5602 3682 5675 rﬁttt‘t'pin
