3950 6206
191 303 220 358 1
231 303 334 360 089

1314 297 1668 356 ADVERSUS
1701 290 1911 353 ARIUM
1953 295 2149 350 LIBER
2192 297 2257 353 ll.

3332 298 3356 354 f
3367 298 3469 354 090

187 429 301 470 crat
353 418 513 490 λόγος,
566 416 619 471 ἱη
665 414 922 487 principio
968 416 1126 479 ﬁlius,
1179 416 1268 487 qui
1317 425 1500 485 postea
1530 417 1580 468 in
1621 422 1781 470 earne
1805 411 1856 470 A
1885 420 1970 466 tur
1994 427 2179 468 omnes
2217 413 2308 483 qui
2340 410 2451 466 haec
2476 418 2634 481 atque
2663 409 2962 480 hnjusmodi
3013 411 3080 468 de
3109 411 3322 468 Christo
3348 427 3472 468 seu-

188 505 378 572 Jesus,
418 518 634 578 promer
669 509 1001 580 mysterium.
1044 509 1182 580 quod
1215 509 1465 563 mandato
1498 508 1664 579 patris
1692 510 1787 561 im-

190 599 388 668 plevit.
425 600 714 657 Fatendum
751 613 833 657 est
866 602 1023 670 igitur
1048 618 1077 656 a
1110 603 1372 672 principio
1398 602 1563 656 fuisse
1595 601 1782 654 filium.
1831 599 1834 602 ’

193 688 279 745 De
312 692 479 761 patris
505 691 820 754 substantia,
872 708 938 746 an
985 702 1132 746 extra
1181 692 1445 746 dicimus?
1499 691 1604 746 Sed
1649 688 1786 744 istud

192 783 574 851 qumrendum.
603 782 740 836 Num
765 784 927 838 Deum
958 799 1061 836 non
1087 782 1314 837 fatemur
1336 782 1487 838 esse?
1514 780 1782 835 Fatemur.

192 872 305 939 Qui
341 875 500 943 igitur
542 889 661 930 esse
708 875 846 929 istud
873 878 1099 931 ἁνοὺσιον
1143 875 1389 939 dicimus,
1423 891 1486 928 an
1524 873 1788 927 ἐνούσιονῖ

196 965 256 1021 id
280 978 386 1032 est,
404 968 520 1022 sine
543 969 858 1034 Substantia,
881 985 945 1021 an
972 969 1360 1022 substantiam?
1403 968 1672 1030 Ἀνούσιον,
1706 966 1788 1019 itt-

196 1060 418 1129 quiuut.
470 1059 708 1128 Accipio,
741 1061 832 1114 sed
879 1075 1060 1129 qurero
1088 1062 1342 1124 ἀνούσιον,
1367 1059 1654 1130 quomodo,
1701 1056 1790 1125 qui

198 1152 505 1207 substantia
533 1168 635 1207 non
667 1155 736 1207 sit
762 1153 1016 1208 omnino?
1043 1169 1108 1207 an
1141 1156 1228 1222 qui
1257 1169 1414 1222 supra
1443 1152 1790 1206 substantiam

199 1243 309 1309 sit,
343 1243 394 1297 id
426 1253 506 1299 est
543 1245 886 1321 ὑπερούσιονῖ
932 1244 1056 1300 Sine
1108 1246 1404 1300 substantia
1460 1245 1578 1311 quis
1628 1243 1790 1309 dicat,

205 1334 379 1389 Deum
407 1334 494 1403 qui
539 1350 656 1389 esse
687 1334 952 1390 fateatur?
1003 1351 1123 1391 esse
1169 1341 1312 1390 enim
1372 1337 1446 1389 illi
1499 1335 1791 1388 substantia

205 1438 327 1486 sua.
364 1442 467 1479 non
492 1425 577 1478 illa
596 1427 744 1479 nobis
766 1434 916 1492 nota,
940 1426 1032 1481 sed
1058 1428 1167 1495 ipse
1195 1428 1334 1496 quod
1354 1439 1432 1480 est
1457 1427 1628 1494 ipsum
1653 1439 1793 1489 esse,

205 1523 296 1569 est
323 1515 438 1584 ipse
462 1530 566 1569 non
585 1533 646 1570 ex
665 1517 978 1582 substantia,
1011 1517 1102 1571 sed
1125 1520 1235 1586 ipsa
1265 1518 1579 1580 substantia,
1605 1532 1797 1586 parens

207 1606 478 1671 omnium,
507 1621 535 1660 a
566 1623 622 1660 se
664 1607 760 1660 sibi
808 1623 928 1662 esse
958 1607 1211 1669 tribuens,
1263 1610 1428 1677 prima
1477 1607 1794 1671 substantia,

212 1696 538 1750 universalis
566 1696 880 1763 substantia,
929 1706 1052 1757 ante
1083 1698 1430 1750 substantiam
1479 1697 1792 1751 substantia.

1889 503 2061 558 tinnt:
2094 503 2375 573 loquamur
2416 517 2536 556 cum
2577 503 2692 567 his,
2726 503 2816 572 qui
2863 503 3136 558 Christum
3179 503 3270 558 Dei
3302 503 3466 557 tilium

1887 596 2088 659 dicunt.
2121 608 2173 651 et
2204 596 2365 650 filium
2395 605 2598 658 natum,
2628 594 2824 664 quippe
2853 609 2973 649 cum
2999 595 3265 650 fateantur
3287 595 3470 664 unige-

1889 691 2077 752 nitum,
2102 689 2338 758 genitum
2365 689 2565 757 utique,
2602 704 2705 742 non
2734 688 2948 743 factum.
2978 689 3168 743 Parnm
3198 689 3336 744 istud
3366 699 3466 754 est,

1890 781 2144 849 adjiciunt
2171 823 2183 840 .
2216 781 2284 836 de
2329 789 2480 851 patre
2510 781 2675 835 tilium
2697 822 2711 843 .
2759 780 2826 836 de
2869 781 2978 835 Deo
3011 781 3208 844 Deum,
3242 781 3308 834 de
3348 795 3473 836 vero

1891 872 2091 927 lumine
2120 871 2298 926 lumen
2327 886 2538 937 verum,
2570 872 2752 939 utique
2778 881 2833 926 et
2855 871 3235 941 consequentia
3261 869 3328 925 de
3355 871 3477 940 Spi-

1892 964 1996 1018 ritu
2020 1007 2032 1029 ,
2065 965 2321 1034 Spiritum
2345 1006 2359 1028 ,
2388 965 2520 1020 etin
2545 976 2693 1035 patre
2722 966 2890 1021 filium
2910 1008 2923 1033 ,
2956 967 3080 1022 etin
3110 965 3216 1020 tilio
3245 973 3472 1035 patrem;

1893 1053 2007 1109 lucc
2035 1070 2153 1109 cum
2179 1055 2443 1134 fateantur
2464 1055 2691 1110 consilio
2721 1057 2890 1121 nullo,
2921 1057 3123 1110 ratione
3147 1055 3354 1109 timoris
3377 1069 3476 1124 po-

1895 1147 2000 1201 tius
2036 1164 2193 1218 quam
2223 1149 2484 1204 veritatis.
2521 1147 2626 1204 Alii
2657 1150 3008 1204 substantiam
3043 1150 3163 1206 heic
3193 1151 3476 1205 nominan-

1899 1238 2020 1293 dam
2049 1249 2271 1308 negant,
2295 1240 2383 1293 alii
2417 1239 2712 1305 nominant,
2743 1241 2836 1295 sed
2867 1239 3096 1296 similem
3127 1241 3344 1307 volunt,
3374 1256 3478 1295 non

1898 1333 2141 1386 eamdem
2173 1331 2371 1386 dicere.
2397 1332 2604 1398 Quibus
2629 1333 2758 1386 illud
2791 1333 3016 1402 primum
3046 1333 3478 1404 perspit-iendum

1898 1433 2000 1488 est,
2035 1423 2174 1491 quod
2205 1424 2458 1492 propheta
2491 1423 2652 1478 Isaias
2674 1424 2807 1478 dixit
2833 1424 2964 1496 (lsa.
2998 1442 3144 1491 xutt,
3174 1425 3262 1490 10)
3297 1445 3308 1480 :
3338 1425 3478 1479 Nul-

1903 1514 1983 1568 ltts
2031 1516 2127 1584 fuit
2173 1523 2290 1568 ante
2323 1531 2403 1568 me
2436 1513 2574 1568 Deus
2597 1557 2610 1580 ,
2648 1525 2832 1584 etpost
2874 1533 2953 1568 me
2993 1517 3165 1570 nullus
3199 1517 3294 1571 erit
3335 1516 3481 1571 simi-

1903 1605 1966 1658 lis
2037 1605 2194 1658 Deus.
2247 1605 2302 1660 Si
2357 1605 2496 1659 filius
2547 1604 2824 1671 Christus,
2876 1606 3056 1676 utique
3103 1617 3220 1677 post
3285 1607 3480 1674 DCUlll,

1905 1694 2154 1750 Christus
2183 1715 2196 1762 ;
2233 1697 2411 1750 nullus
2447 1707 2620 1752 autem
2649 1698 2835 1752 similis
2870 1708 2990 1768 post
3021 1699 3183 1754 Deum
3231 1699 3474 1754 Christus

214 1786 323 1841 Per
353 1787 402 1841 id
435 1787 592 1856 igitur
620 1787 758 1857 quod
794 1789 1098 1863 ὑπερούσιος
1129 1798 1229 1855 est,
1263 1791 1490 1849 ἀνούσιος
1515 1803 1548 1840 a
1579 1788 1795 1869 quibus-

1926 1803 2143 1854 :rgonon
2166 1788 2356 1841 similis
2386 1788 2673 1850 Dco,autsi
2706 1804 2810 1842 non
2843 1799 2961 1857 post
2989 1790 3177 1853 Deum.
3207 1801 3348 1844 certe
3363 1806 3482 1845 cum

213 1877 342 1932 dam
391 1879 602 1944 dicitur,
653 1896 758 1933 non
806 1881 944 1949 quod
977 1882 1046 1934 sit
1080 1881 1194 1935 sine
1237 1881 1553 1944 substantia,
1605 1879 1798 1947 quippe

217 1985 344 2025 cum
370 1971 441 2024 sit
474 1988 488 2024 :
523 1986 839 2026 veneremur
867 1987 994 2041 ergo
1026 1974 1212 2036 Deum,
1245 1981 1300 2026 et
1323 1987 1444 2027 esse
1464 1973 1720 2036 dicamus,
1751 1973 1800 2027 id

220 2070 308 2114 est
337 2063 580 2123 ἕνούσιον,
609 2061 694 2129 qui
723 2061 997 2114 constituit
1025 2061 1224 2127 omnia,
1264 2063 1455 2117 cmlnm
1488 2070 1542 2116 et
1584 2072 1799 2127 terram,

224 2151 511 2216 mundum,
544 2152 778 2220 spiritus,
822 2153 1060 2222 angelos,
1084 2154 1308 2217 animas,
1336 2153 1604 2220 animalia,
1635 2165 1687 2208 et
1714 2154 1808 2206 ho-

227 2243 433 2296 minent
462 2242 524 2295 ad
550 2243 829 2313 imaginem
851 2251 906 2298 et
925 2243 1318 2299 similitudinem
1341 2246 1585 2315 imaginis
1600 2262 1806 2300 eorum.

227 2333 372 2402 Quid
398 2335 556 2404 igitur
583 2352 701 2390 cum
741 2337 809 2389 sit
853 2336 1113 2398 ἔνούσιοςῗ
1165 2337 1300 2390 Deus
1327 2347 1478 2406 pater
1523 2335 1703 2406 utique
1729 2337 1811 2392 di-

229 2426 392 2491 citur,
427 2428 504 2480 sic
531 2427 775 2493 fatemur,
818 2437 870 2482 et
902 2438 1049 2497 pater
1082 2428 1345 2499 Unigeniti
1376 2447 1387 2480 :
1419 2429 1653 2483 omnium
1683 2429 1813 2485 fides

233 2517 361 2573 ista.
397 2516 528 2571 Num
564 2518 717 2587 igitur
747 2519 878 2572 fallit
917 2519 1324 2589 intelligentiam
1354 2519 1611 2584 Verbum,
1645 2521 1814 2574 ambi-

232 2625 342 2680 guo
371 2608 505 2664 suo?
553 2608 749 2664 Genuit
791 2609 930 2664 enim
975 2626 1090 2676 vos,
1141 2620 1194 2665 et
1238 2610 1302 2664 de
1337 2610 1641 2665 hominibus
1685 2611 1818 2666 dixit

240 2700 381 2754 Deus
411 2718 422 2751 :
456 2701 498 2753 si
530 2699 687 2769 igitur
716 2699 979 2770 significat
1009 2701 1166 2769 genui
1204 2708 1259 2755 et
1286 2701 1483 2766 ereavi,
1520 2709 1576 2754 ut
1600 2709 1816 2755 creatu-

238 2806 378 2856 ram,
410 2801 464 2844 ct
507 2791 814 2846 naturaliter
861 2791 926 2845 de
971 2806 1085 2845 mea
1114 2792 1405 2846 substantia
1457 2793 1636 2864 genui.
1682 2793 1818 2859 Quid

239 2885 413 2952 magis
440 2884 744 2953 unigenitu?
774 2884 897 2953 quid
941 2885 988 2938 ei
1017 2887 1105 2954 qui
1136 2884 1272 2940 filius
1319 2887 1439 2940 est?
1482 2887 1604 2956 quid
1640 2887 1687 2940 ei
1732 2888 1819 2956 qui

242 2987 381 3028 unus
410 2982 464 3027 et
492 2975 670 3046 solus?
692 2975 816 3044 quid
838 2975 886 3029 ei
911 2975 962 3028 in
992 2992 1097 3045 quo
1125 2985 1274 3046 pater
1298 2977 1559 3046 esl?qnid
1591 2980 1639 3033 ei
1661 2978 1820 3048 quiin

245 3077 396 3137 patre
420 3066 536 3120 est?
566 3067 688 3136 quid
719 3068 764 3122 ei
787 3068 874 3137 qui
903 3069 1050 3139 λόγος
1076 3078 1175 3135 est,
1202 3072 1288 3136 qui
1334 3072 1386 3122 in
1411 3071 1660 3139 principio
1689 3082 1820 3134 erat,

1906 1877 2030 1943 Deo,
2065 1893 2183 1931 nam
2212 1890 2333 1931 ante
2360 1878 2524 1932 Deum
2547 1877 2695 1932 nullo
2719 1879 2875 1934 modo
2903 1879 3194 1952 ὁμοούσιον.
3225 1880 3292 1934 Ει
3321 1881 3485 1936 David

1905 1970 2225 2037 sic(Paalm.
2251 1986 2379 2034 ιιι,
2415 1971 2503 2041 19)
2533 1973 2704 2026 nullus
2736 1972 3042 2026 sintt'listt'bt'.
3077 1971 3296 2038 Deinde,
3345 1972 3486 2044 quod

1907 2062 2087 2115 multis
2112 2062 2426 2127 docuimus,
2478 2045 2769 2116 substantia
2804 2063 2854 2116 in
2898 2078 2963 2117 eo
3007 2062 3145 2128 quod
3194 2064 3489 2120 substantia

1908 2161 2013 2214 est,
2041 2152 2277 2206 maxime
2303 2152 2348 2205 si
2373 2153 2440 2206 sit
2471 2152 2706 2222 ejusdem
2735 2155 2963 2223 generis,
2988 2163 3040 2207 et
3071 2154 3183 2209 hare
3211 2156 3259 2208 in
3282 2155 3490 2210 duobus

1910 2243 2215 2312 pluribusve
2257 2244 2364 2308 sit,
2413 2243 2528 2299 hzrc
2553 2245 2736 2300 eadem
2769 2261 2872 2298 non
2920 2244 3109 2300 similis
3146 2245 3342 2301 dicitur
3369 2260 3490 2302 esse

1911 2335 2235 2399 substantia;
2269 2346 2324 2389 ut
2351 2337 2524 2390 anima
2553 2338 2846 2392 substantia
2891 2350 3005 2406 est,
3047 2349 3172 2393 sunt
3197 2340 3320 2395 licet
3348 2340 3487 2394 mul-

1912 2436 1980 2482 tae
2019 2428 2244 2490 animas,
2294 2429 2344 2482 in
2397 2444 2462 2484 eo
2512 2431 2650 2499 quod
2700 2431 2892 2485 animm.
2939 2441 3090 2499 sunt,
3121 2448 3223 2487 una
3269 2444 3351 2488 est
3387 2433 3495 2488 illis

1916 2518 2208 2587 eademque
2229 2519 2545 2574 substantia.
2579 2521 2691 2576 Non
2723 2524 2860 2593 quod
2890 2525 3224 2590 praecesserit
3253 2525 3339 2580 illa
3367 2526 3495 2580 sub-

1917 2610 2106 2664 stantia
2138 2619 2188 2665 et
2231 2612 2626 2681 praaexstiterit,
2659 2613 2752 2668 sed
2781 2615 2936 2669 simul
2967 2631 3180 2686 semper
3206 2616 3493 2684 exstiterit,

1919 2700 1987 2754 ita
2011 2710 2064 2755 et
2097 2701 2147 2756 in
2174 2703 2403 2758 creteris.
2442 2703 2650 2771 Quanto
2677 2705 2844 2776 magis
2869 2706 2923 2760 in
2956 2707 3100 2761 Deo?
3137 2724 3257 2764 cum
3286 2709 3399 2778 ipse
3427 2708 3499 2764 sit

1919 2793 2068 2864 origo
2096 2795 2436 2861 substantiae,
2467 2812 2584 2850 cum
2617 2813 2722 2875 quo
2745 2797 2925 2852 divino
2953 2799 3179 2869 quodam
3209 2810 3326 2854 ortu
3356 2799 3498 2857 filius

1921 2899 1949 2936 a
1982 2894 2132 2953 patre
2160 2895 2374 2955 accepta
2404 2889 2698 2943 substantia
2719 2931 2734 2954 ,
2764 2904 2977 2958 semper
3003 2906 3120 2944 cunt
3144 2906 3208 2945 eo
3228 2933 3242 2958 ,
3267 2901 3320 2946 et
3341 2891 3392 2945 in
3410 2907 3497 2958 eo,

1922 2984 1982 3027 ιιι
2009 2976 2327 3045 alter'atqne
2374 2976 2512 3031 idem
2555 2977 2793 3047 ejusdem
2839 2981 3183 3048 substantite,
3229 2981 3370 3036 nulla
3418 2983 3502 3039 vel

1927 3066 2066 3120 illius
2092 3066 2474 3135 diminutione,
2506 3071 2587 3124 vel
2634 3069 2789 3138 hujus
2815 3073 3122 3143 acceptione
3149 3074 3504 3130 consubstan-

244 3169 296 3213 ετ
322 3168 431 3213 erat
457 3159 592 3226 apud
629 3157 807 3226 Deum,
838 3170 883 3212 et
915 3159 1046 3212 Dens
1067 3169 1160 3222 est,
1188 3170 1235 3213 et
1259 3176 1347 3226 per
1368 3175 1513 3229 quem
1542 3166 1679 3230 [acta
1707 3171 1824 3215 utut
1849 3141 1894 3204 (ἶ
1929 3157 2038 3212 tiali
2069 3160 2385 3226 completiva
2412 3161 2666 3216 unalitate
2697 3163 2835 3217 Deus
2860 3141 3017 3234 atque
3043 3165 3208 3220 virtus
3230 3167 3342 3233 ejus
3365 3181 3506 3222 seru-

247 3251 441 3315 omnia,
474 3260 520 3304 et
547 3253 653 3305 sine
675 3269 770 3321 quo
801 3254 988 3321 factum
1012 3263 1084 3307 est
1108 3254 1233 3306 tri/ti!
1255 3252 1429 3325 (Joau.
1460 3254 1658 3324 1,145).
1689 3255 1823 3321 Quid

248 3353 428 3396 autem
476 3341 575 3396 hoc
604 3343 885 3412 significat,
931 3345 1068 3413 quod
1100 3343 1344 3399 Christus
1390 3346 1728 3414 unigenitus?
1767 3346 1826 3400 Si

250 3433 393 3491 enim
430 3435 566 3488 Deus
608 3435 842 3487 omnium
886 3443 1034 3500 pater
1073 3446 1155 3489 est
1183 3436 1472 3489 secundum
1503 3447 1822 3502 creaturam,

252 3524 520 3595 quomodo
547 3524 702 3594 hujus
727 3525 980 3593 unigeniti
1023 3535 1191 3591 pater,
1224 3526 1268 3579 si
1301 3539 1404 3578 non
1439 3527 1542 3579 alio
1585 3525 1745 3579 modo
1773 3533 1828 3580 et

255 3631 320 3671 ex
348 3617 664 3679 substantia,
716 3632 818 3670 non
857 3631 921 3670 ex
945 3603 1163 3672 .nihilo?
1210 3617 1336 3669 Erat
1373 3624 1550 3671 autem
1592 3632 1698 3670 non
1729 3615 1828 3672 alia

253 3709 553 3762 substantia
595 3718 717 3762 ante
756 3709 930 3763 omnia
974 3723 1130 3775 quam
1164 3709 1327 3778 patris
1359 3727 1370 3761 :
1400 3709 1466 3764 de
1497 3710 1662 3780 patris
1706 3725 1830 3780 ergo

257 3799 554 3853 substantia
580 3797 844 3854 Christus.

329 3891 394 3946 ll.
421 3893 529 3961 Age
556 3910 568 3943 :
592 3907 730 3947 nunc
749 3907 864 3947 esse
888 3893 939 3947 in
963 3894 1227 3948 Christum
1251 3893 1495 3948 fatemur.
1520 3895 1833 3960 Quaeramus

259 3981 450 4037 eodem
475 3982 629 4036 modo
652 3982 772 4047 hoc,
807 3999 926 4038 esse
961 3986 1178 4040 ἕνούσιον
1202 3993 1303 4049 est,
1337 4001 1401 4039 an
1428 3986 1693 4041 ἀνούσιονῖ
1718 3986 1835 4041 Jam

260 4093 424 4148 supra
461 4078 656 4132 dictum
701 4082 927 4136 ἀνούσιον
965 4093 1083 4135 esse
1111 4096 1216 4133 non
1262 4095 1420 4149 posse
1462 4083 1548 4136 cui
1591 4083 1660 4135 sit
1695 4097 1836 4137 esse.

264 4167 400 4237 Quid
430 4167 618 4238 igitur“?
646 4169 787 4223 istud
817 4184 953 4235 esse,
984 4169 1123 4240 unde
1149 4179 1264 4236 est;
1304 4172 1355 4224 ἐκ
1369 4177 1460 4226 τοῦ
1491 4175 1751 4237 ἀνουσίου,
1774 4187 1840 4227 an

267 4261 318 4314 tu
337 4267 430 4316 τοῦ
459 4262 708 4324 ἐνουσίου,
739 4261 790 4314 id
821 4270 921 4326 est,
951 4260 1016 4313 ab
1041 4275 1105 4315 eo
1131 4259 1271 4330 quod
1299 4271 1381 4316 est
1415 4276 1554 4326 esse,
1587 4277 1653 4315 an
1683 4263 1750 4318 ab
1778 4277 1843 4317 eo

268 4352 410 4422 quod
439 4359 520 4406 est
563 4368 668 4406 non
723 4352 880 4407 esse?
933 4352 1094 4416 Deus,
1142 4359 1201 4405 ut
1237 4351 1516 4421 inquiunt,
1560 4367 1678 4406 esse
1717 4362 1841 4406 est:

268 4443 513 4500 Christus
555 4445 678 4499 item
722 4459 860 4510 esse,
901 4443 995 4498 sed
1042 4445 1203 4513 cmpit
1248 4452 1443 4499 tamen.
1499 4443 1695 4499 Verum
1745 4444 1846 4500 hoc

1933 3263 2028 3317 per
2054 3250 2140 3318 qui
2174 3249 2331 3304 fuerit
2351 3292 2364 3312 .
2409 3263 2462 3306 et
2488 3267 2700 3323 semper
2728 3255 3012 3320 exstiterit,
3055 3255 3155 3311 hoc
3180 3266 3260 3311 est
3284 3257 3422 3314 Deus
3451 3267 3507 3314 et

1936 3339 2140 3414 Ao'yog,
2161 3341 2299 3395 Dens
2329 3351 2380 3395 et
2418 3341 2586 3396 forma
2631 3345 2778 3412 ejus,
2824 3354 2973 3414 pater
3000 3356 3052 3401 et
3076 3347 3241 3411 filius,
3291 3349 3428 3404 Deus
3454 3358 3509 3405 et

1927 3431 2083 3485 Jesus
2103 3431 2363 3493 Christus,
2398 3433 2535 3487 Deus
2563 3444 2614 3487 et
2635 3434 2802 3490 virtus
2825 3448 2872 3490 et
2898 3438 3176 3513 sapientia,
3201 3441 3460 3509 ὀμοοὺσιον
3491 3456 3503 3492 :

1930 3535 2058 3590 ergo
2082 3521 2184 3576 hoc
2213 3522 2258 3576 si
2280 3522 2478 3576 dictum
2503 3523 2768 3594 ὁμοούσιον
2795 3535 2850 3580 ut
2871 3527 3162 3598 ὁμοούσιον,
3193 3545 3311 3586 eum
3340 3529 3390 3582 in
3417 3545 3508 3584 ca-

1932 3613 2050 3666 dem
2079 3622 2201 3667 sunt
2238 3614 2414 3682 specie
2444 3613 2601 3669 simul
2637 3615 2926 3671 existentes
2947 3659 2961 3683 ,
3003 3618 3243 3690 ὁμοειδεῖς
3269 3619 3507 3689 ejusdem

1935 3705 2191 3773 temporis
2211 3714 2263 3760 et
2283 3705 2477 3760 aetatis.
2511 3706 2637 3762 ileic
2668 3723 2792 3762 vero
2820 3709 3081 3780 69mins;
3103 3711 3361 3780 signiﬁcat
3382 3729 3510 3768 con-

1935 3793 2280 3850 substantiale
2309 3794 2464 3850 simul
2493 3805 2548 3851 et
2577 3797 2928 3853 substantiam
2963 3801 3076 3855 sine
3103 3804 3401 3870 composito
3424 3804 3511 3860 vel

1937 3885 2261 3941 discretione
2279 3929 2294 3952 ,
2327 3887 2422 3942 sed
2449 3887 2602 3942 simul
2633 3904 2848 3958 semper
2875 3892 3016 3963 quod
3041 3893 3109 3947 sit
3141 3909 3318 3950 rerum
3345 3899 3514 3952 virtu-

1943 3975 2082 4031 tibus
2108 3978 2511 4049 aCtionibusque
2542 3979 2850 4035 discretum.

2011 4066 2100 4121 lll.
2133 4068 2257 4122 lleic
2283 4069 2526 4124 oriuntur
2549 4070 2876 4138 qumstiones
2904 4089 2916 4124 :
2941 4073 3116 4128 Prima
3138 4115 3150 4139 ,
3183 4075 3320 4145 quod
3349 4076 3400 4131 in
3431 4093 3516 4132 sa-

1943 4156 2048 4211 cris
2071 4157 2362 4227 Scripturis
2405 4158 2717 4213 substantia:
2755 4161 2956 4215 mentio
2995 4163 3129 4217 facta
3180 4179 3283 4218 non
3316 4165 3416 4232 sit,
3463 4175 3520 4223 et

1947 4249 2111 4319 magis
2140 4265 2244 4304 non
2271 4251 2528 4322 ὁμοοὺσιον
2552 4267 2654 4307 non
2682 4254 2750 4308 sit
2783 4254 2994 4310 lectum.
3030 4257 3146 4312 Alia
3186 4259 3327 4327 quod
3351 4261 3392 4314 si
3418 4260 3518 4316 hoc

1947 4339 2018 4393 ita
2061 4348 2170 4406 est,
2222 4357 2532 4412 compassus
2561 4354 2646 4398 est
2684 4343 2794 4400 filio
2828 4356 2999 4415 pater.
3051 4347 3261 4416 Tertia,
3291 4350 3432 4419 quod
3472 4349 3519 4406 si

1949 4432 2050 4486 hoc
2080 4431 2152 4487 ita
2185 4433 2285 4499 sit,
2320 4449 2491 4504 neque
2518 4445 2667 4504 pater
2691 4436 2891 4505 major,
2919 4453 3090 4508 neque
3137 4438 3313 4494 minor
3338 4440 3477 4496 filius
3500 4483 3518 4511 ,

270 4546 372 4592 est.
421 4535 526 4590 Sed
567 4535 705 4590 istud
735 4550 853 4590 esse
893 4535 1029 4604 quod
1070 4511 1251 4606 cmpit,
1295 4537 1361 4591 ab
1388 4551 1452 4590 eo
1479 4537 1660 4606 cmpit,
1703 4552 1820 4605 quot

1958 4538 2127 4592 neque
2157 4525 2292 4579 alius
2318 4525 2568 4591 mittens,
2599 4525 2734 4582 alius
2763 4528 2977 4584 missus.
3024 4529 3091 4584 Et
3118 4531 3232 4586 hzec
3253 4542 3306 4587 et
3335 4531 3522 4603 hujus-

271 4629 373 4684 fuit
399 4628 575 4699 aliquo
601 4627 759 4683 modo
795 4628 986 4696 fuisse,
1031 4637 1090 4683 ut
1115 4629 1290 4684 omnia
1318 4628 1527 4695 divina,
1559 4638 1613 4684 et
1641 4645 1670 4684 a
1701 4630 1843 4684 diri-

276 4721 361 4776 nis
391 4733 506 4774 orta
527 4761 543 4786 ,
594 4721 825 4790 potentia
855 4735 1065 4791 semper
1098 4729 1223 4775 sunt
1251 4736 1312 4775 ac
1342 4722 1552 4776 fuerunt
1579 4739 1591 4775 :
1629 4737 1839 4790 proces-

276 4829 369 4870 sus
391 4823 566 4868 autem
589 4828 773 4868 eorum
799 4820 948 4866 actus
976 4822 1055 4867 est
1077 4854 1091 4878 ,
1118 4821 1172 4867 et
1196 4827 1260 4867 ex
1285 4820 1430 4866 motu
1462 4812 1842 4878 manifestatio,

278 4916 330 4962 et
372 4905 586 4974 quidem
639 4903 870 4959 natalis:
919 4902 1040 4974 quid
1084 4902 1224 4959 enim
1265 4902 1360 4957 Dei
1407 4901 1678 4970 nascitur,
1726 4918 1844 4958 cum

279 4998 422 5052 Deus
444 4995 514 5049 sit
542 4994 843 5064 ingenitus?
871 5009 936 5048 an
967 4993 1094 5048 illud
1115 4992 1368 5048 credibile
1397 5003 1514 5059 est,
1543 5002 1634 5048 aut
1659 4995 1738 5047 fas
1759 5005 1840 5048 est

281 5089 493 5152 dicere,
519 5103 582 5143 ex
608 5087 770 5141 nihilo
800 5087 882 5142 vel
912 5097 1090 5142 natum
1121 5101 1238 5141 esse
1253 5085 1551 5152 Christum,
1584 5102 1742 5156 quem
1768 5085 1848 5140 di-

282 5181 457 5234 rimus
486 5178 578 5233 Dei
601 5178 797 5231 lilium?
826 5178 916 5246 qni
939 5187 1020 5233 est
1045 5177 1299 5232 Dominus
1325 5177 1638 5246 majestatis;
1667 5189 1718 5233 et
1744 5193 1850 5233 cze-

286 5280 400 5328 tera
440 5286 559 5342 qua:
608 5285 764 5338 supra
814 5270 1042 5324 diximus
1089 5271 1213 5324 etin
1235 5269 1351 5323 aliis
1385 5270 1553 5324 libris.
1586 5270 1698 5326 Hoc
1722 5285 1850 5326 vero

286 5375 560 5437 postremo
607 5362 823 5417 hazresis
868 5361 993 5416 dicit
1040 5362 1120 5416 cui
1169 5361 1367 5416 similes
1412 5371 1466 5415 et
1509 5362 1596 5415 illa
1645 5371 1725 5416 est
1776 5361 1856 5417 vel

287 5471 408 5528 qua:
449 5471 481 5511 a
520 5453 678 5508 Maria
713 5453 842 5509 dit-it
885 5453 1110 5524 cmpisse
1139 5451 1442 5520 Christum,
1485 5455 1565 5510 vel
1597 5471 1713 5525 quas
1751 5471 1854 5509 non

289 5547 462 5620 ipsum
480 5548 636 5620 Λόγον
666 5544 902 5601 induisse
933 5561 1168 5614 carnem,
1189 5544 1281 5600 scd
1308 5547 1661 5616 assumpsisse
1689 5545 1858 5600 homi-

289 5655 413 5696 nem
435 5682 451 5706 ,
492 5650 547 5696 ut
573 5654 692 5694 cum
727 5639 840 5707 ipse
868 5634 1024 5709 Λόγος
1063 5647 1298 5706 regeret,
1338 5646 1493 5706 atque
1515 5634 1616 5691 hoc
1644 5637 1858 5691 Marcel-

293 5732 413 5792 lus:
441 5731 581 5803 quod
609 5729 851 5802 superius
871 5737 1066 5795 autem,
1093 5726 1365 5782 Photinus.
1392 5726 1746 5784 Excludamus
1765 5726 1860 5800 igi-

1948 4617 2158 4672 cemodi
2212 4619 2354 4673 talia.
2424 4619 2656 4674 Primum
2712 4621 2870 4692 igitur
2907 4623 3036 4678 illud
3100 4623 3165 4680 de
3226 4627 3523 4685 substantia

1947 4709 2217 4765 videamus
2258 4727 2406 4766 :non
2470 4721 2552 4767 est
2604 4713 2654 4766 in
2711 4713 2820 4769 Deo
2883 4716 3211 4783 substantia,
3267 4733 3438 4788 neque
3470 4720 3523 4776 in

1947 4801 2160 4856 Christo
2201 4819 2213 4853 :
2243 4802 2326 4856 An
2357 4817 2458 4858 non
2511 4811 2593 4857 est
2622 4803 2860 4859 lectum?
2905 4807 2950 4862 si
2987 4822 3091 4863 non
3136 4817 3248 4872 est,
3283 4817 3339 4863 ut
3365 4824 3525 4880 supra

1947 4891 2176 4946 diximus
2221 4893 2388 4963 :quia
2429 4892 2645 4948 omnino
2685 4910 2788 4949 non
2835 4905 2939 4958 est.
2977 4897 3054 4952 sic
3094 4899 3414 4968 accipimus;
3455 4916 3524 4956 an

1949 4985 2068 5053 quia
2105 4986 2320 5042 omnino
2357 5002 2515 5056 supra
2546 4986 2898 5042 substantiam
2931 4998 3042 5055 est,
3077 4991 3241 5046 Deum
3273 5008 3377 5046 non
3407 5007 3528 5049 esse

1950 5077 2106 5132 nobis
2155 5077 2302 5132 nefas
2362 5079 2541 5134 dicere
2595 5097 2609 5132 :
2665 5079 2959 5134 substantia
3035 5089 3117 5136 est
3186 5082 3330 5136 enim
3380 5083 3523 5152 quod

1954 5170 2093 5224 Deus
2113 5179 2226 5236 est,
2253 5169 2394 5240 quod
2421 5170 2635 5239 spiritus
2659 5211 2673 5235 ,
2705 5169 2845 5240 quod
2876 5170 3055 5226 lumen
3094 5179 3197 5227 est.
3243 5171 3349 5228 Cur
3382 5174 3524 5230 enim

1955 5261 2199 5316 addimus
2240 5271 2294 5317 et
2328 5277 2509 5317 verum
2554 5262 2774 5317 lumen?
2811 5263 3018 5317 Etenim
3045 5263 3098 5317 in
3129 5263 3358 5341 divinis,
3390 5275 3444 5318 et
3472 5265 3528 5322 in

1964 5353 2072 5410 Deo
2110 5354 2190 5408 sic
2227 5355 2545 5424 accipiemus
2588 5354 2967 5420 substantiam,
3009 5365 3066 5408 ut
3101 5356 3153 5408 in
3183 5357 3373 5426 hylicis
3410 5372 3533 5412 eor-

1962 5460 2089 5515 pora
2115 5485 2128 5509 ,
2167 5453 2220 5500 et
2249 5447 2299 5499 in
2331 5445 2695 5514 corporalibus
2727 5447 2979 5499 animum.
3029 5445 3154 5500 ﬂare
3179 5448 3319 5502 enim
3350 5459 3433 5504 est
3461 5450 3534 5507 ibi

1963 5539 2291 5604 substantia,
2343 5552 2462 5594 esse
2513 5553 2672 5608 supra
2729 5539 3076 5593 substantiam
3125 5557 3138 5594 :
3197 5541 3361 5596 Deum
3415 5558 3536 5601 esse

1963 5643 2152 5684 omnes
2191 5631 2421 5684 fatentur
2446 5643 2567 5685 cum
2593 5629 2663 5683 sit
2689 5630 2920 5699 potentia
2942 5629 3250 5685 substantiae
3275 5673 3291 5699 ,
3329 5643 3379 5688 et
3418 5634 3540 5692 ideo

1967 5736 2124 5793 supra
2171 5722 2521 5779 substantiam
2557 5732 2717 5793 atque
2743 5736 2808 5778 ex
2838 5721 2940 5778 hoc
2973 5722 3267 5781 substantia
3299 5742 3312 5778 :
3344 5726 3542 5790 ctenim
