3950 6206
447 236 576 295 1091
1666 235 1852 292 MAR“
1895 232 1928 287 ν
1941 226 2225 287 lCTORINl
2266 233 2420 288 AFRI
3560 235 3685 292 1092

450 354 698 420 potentiae
743 353 881 408 inest
903 368 1042 409 esse.
1086 352 1245 408 Certe
1280 353 1421 408 Deus
1449 349 1782 418 omnipotens
1812 356 1893 401 est
1916 355 2011 408 ,.et
2040 340 2095 400 Α
2117 353 2169 397 ιιι
2202 344 2422 411 primum
2465 359 2582 399 esse
2610 344 2679 398 sit
2704 344 2858 401 Deus.
2893 347 3085 400 Verum
3132 349 3251 417 quia
3307 357 3486 418 potest
3520 352 3679 418 accipi

448 457 669 511 quorum
700 444 848 512 origo
878 444 960 498 vel
982 458 1138 497 causa
1168 453 1285 506 εει,
1311 443 1423 509 ipse
1470 440 1559 494 ille
1591 440 1763 492 omnia
1786 448 1865 491 est
1896 436 2003 489 vir-

453 543 561 585 tute
615 533 819 587 scilicet
873 542 927 588 et
978 532 1137 590 modo
1194 531 1456 601 quodam,
1521 529 1661 584 unde
1721 528 1917 582 dictum
1981 541 2009 578 a

450 620 611 674 Paulo
660 622 731 690 (Ι
772 620 889 675 Cor.
935 638 1025 683 xv,
1068 622 1186 691 28)
1245 639 1257 673 :
1316 620 1380 675 Ut
1431 621 1494 673 sit
1556 619 1688 672 Deus
1745 619 1915 671 omnia
1960 618 2011 669 in

451 710 677 762 amnibus
703 726 720 761 :
747 725 871 780 ergo
898 720 950 764 et
980 710 1031 765 ὃν
1059 721 1169 775 εει,
1205 720 1255 765 ει
1290 709 1555 773 existens,
1605 719 1655 761 et
1681 707 1971 761 substantia
1994 746 2009 771 ,

451 816 567 865 qute
602 802 773 853 omnia
812 815 931 854 cum
971 801 1040 853 sit
1076 818 1087 852 :
1118 800 1238 868 quia
1281 813 1472 866 parens
1501 799 1734 851 omnium
1777 804 1891 857 est,
1924 812 2014 861 po-

455 890 611 943 teutia
656 890 812 958 igitur
838 891 1012 945 omnia
1039 899 1139 942 εει.
1171 890 1281 941 Non
1308 886 1653 941 dubitandum
1683 900 1813 954 ergo
1837 885 2014 937 dicere

455 982 798 1035 substantiam
848 982 937 1035 Dei
988 998 999 1032 :
1052 982 1169 1049 quia
1219 996 1336 1033 cum
1390 993 1486 1031 nos
1533 979 1670 1032 circa
1714 982 1877 1044 prima
1934 975 2015 1027 vel

455 1088 659 1125 summa
693 1073 899 1140 proprie
930 1072 1087 1125 verba
1109 1070 1381 1130 delicium,
1406 1082 1510 1121 non
1554 1081 1783 1135 congrue
1803 1064 2015 1118 demum

455 1161 593 1230 apud
618 1178 711 1213 nos
732 1161 869 1231 quod
883 1161 1167 1231 convenire
1191 1161 1357 1228 possit
1380 1158 1737 1225 intelligentia:
1754 1165 2017 1225 aptamus,

458 1261 513 1303 ιιι
537 1251 651 1305 bcic
679 1252 816 1321 quod
843 1260 951 1311 est,
987 1252 1092 1304 Deo
1114 1264 1231 1304 esse
1258 1291 1271 1314 ,
1300 1249 1559 1302 substanti
1580 1250 1717 1327 jure
1759 1246 2016 1300 dicamus.

458 1342 657 1397 Eodem
689 1345 846 1397 modo
869 1343 1190 1411 accipiamus
1219 1341 1486 1397 Christum
1531 1349 1582 1394 et
1606 1354 1724 1394 esse
1770 1340 2019 1394 substan-

460 1435 618 1498 tiam,
647 1443 699 1488 et
724 1447 789 1488 ue
815 1444 959 1503 patre
984 1435 1098 1504 ejus
1125 1450 1243 1504 esse
1272 1434 1614 1489 substantiam
1640 1473 1655 1497 ,
1684 1433 1875 1500 quippe
1902 1445 2019 1482 cum

457 1527 527 1579 sit
552 1535 604 1579 et
631 1527 742 1591 ipse
769 1526 943 1579 lumen
964 1527 1031 1580 de
1053 1502 1278 1591 lumine,
1314 1528 1451 1578 Deus
1484 1525 1551 1579 de
1582 1526 1687 1579 Deo
1706 1564 1718 1587 ,
1771 1523 2020 1592 Spiritus,

462 1616 616 1686 Aéya;
648 1630 741 1683 per
760 1630 914 1683 quem
949 1615 1080 1669 facta
1111 1624 1232 1669 ευιιι
1258 1616 1454 1668 omnia.
1488 1614 1700 1669 Etcum
1730 1615 1795 1667 sit
1817 1612 1887 1666 ita
1907 1652 1922 1677 ,
1969 1620 2025 1664 ut

2112 448 2229 487 0:50
2258 449 2359 487 non
2388 444 2572 504 aperte
2599 436 2721 502 quid
2777 437 2843 489 sit
2887 436 3011 489 illud
3039 452 3156 490 esse
3179 480 3193 500 ,
3225 440 3266 490 si
3295 438 3405 506 jam
3434 453 3677 506 campre-

2116 525 2373 579 ltensibile
2395 527 2491 579 erit
2519 567 2533 591 ,
2565 525 2615 581 ὃν
2642 528 2848 592 dicitur,
2883 528 2929 581 id
2961 541 3072 593 est,
3103 529 3269 583 forma
3324 530 3575 599 (ιιιτεάιιιη
3628 530 3678 583 in

2116 618 2348 669 notitiam
2378 617 2624 674 veniens.
2656 618 2794 682 quod
2821 620 2923 672 tale
2948 635 3065 674 esse
3102 622 3209 688 jam
3260 617 3313 674 ὃν
3366 630 3422 674 ει
3468 621 3680 694 iii-rapit,-

2114 707 2324 773 dicitur,
2370 712 2540 761 omnis
2585 709 2797 781 ὕπαρξις
2838 709 2994 763 hab:-t
3044 711 3181 778 quod
3213 721 3295 764 est
3335 726 3494 773 esse;
3545 710 3680 779 quod

2114 806 2393 875 autemest
2422 813 2537 851 esse
2558 839 2571 861 ,
2603 815 2702 851 non
2730 800 2980 853 ccutinuo
3001 803 3083 853 καὶ
3108 801 3323 875 ὕπαρξις
3352 810 3457 863 est,
3510 815 3681 869 neque

2116 888 2185 952 ὃν,
2218 891 2314 943 ιιῐεὶ
2350 891 2734 959 potentialiter,
2766 906 2869 946 nou
2900 892 2949 943 in
2981 892 3258 946 manifesto
3287 902 3343 945 ιιι
3367 890 3420 945 ὃν
3454 892 3675 957 dicatur;

2117 992 2195 1034 est
2223 982 2360 1034 enim
2390 978 2441 1035 ὃν
2465 982 2627 1050 ﬁgura
2656 984 2891 1050 qtncdatn
2926 984 3206 1037 fortuatum
3253 983 3381 1035 illud
3435 983 3575 1051 quod
3606 992 3683 1037 εει

2118 1087 2257 1136 εεεε,
2276 1073 2414 1141 quod
2445 1083 2618 1128 tamen
2650 1089 2835 1143 purum
2862 1084 2983 1127 tunc
3014 1090 3198 1143 purum
3226 1075 3543 1142 intelligitur
3566 1088 3681 1127 cum

2117 1162 2425 1232 intelligitur
2466 1164 2574 1231 jam
2626 1163 2946 1218 formatum:
2978 1163 3142 1218 forma
3175 1164 3315 1218 enim
3349 1164 3680 1218 intellectum

2126 1256 2399 1321 ingenerat
2420 1295 2432 1317 .
2459 1255 2735 1309 manifeste
2765 1255 3067 1322 pronuntiat
3110 1253 3247 1307 aliud
3276 1270 3395 1308 esse
3428 1260 3646 1307 I'ormam
3670 1292 3684 1315 ,

2120 1344 2257 1397 aliud
2305 1343 2441 1412 quod
2494 1344 2775 1396 formatum
2821 1354 2920 1397 est.
2974 1344 3122 1409 Quod
3175 1353 3349 1397 autem
3407 1346 3685 1396 fomtatum

2122 1445 2204 1490 est
2224 1478 2237 1500 ,
2268 1436 2368 1489 ltoc
2394 1446 2467 1488 est
2496 1449 2614 1489 esse
2648 1454 2660 1487 :
2698 1434 2862 1488 fortua
2894 1451 3015 1488 vero
3040 1445 3151 1498 εει,
3187 1450 3302 1501 qua}
3325 1434 3547 1502 intelligi
3574 1434 3691 1487 facit

2126 1524 2251 1578 illud
2272 1525 2406 1592 quod
2434 1534 2674 1579 estesse.
2711 1525 2819 1579 lloe
2844 1540 2969 1593 ergo
2993 1525 3129 1593 quod
3158 1533 3239 1578 est
3263 1539 3384 1578 esse
3404 1564 3418 1587 ,
3465 1524 3576 1577 Deo
3603 1523 3692 1576 da-

2127 1631 2274 1680 mus,
2308 1614 2528 1668 formant
2560 1628 2734 1669 autem
2765 1616 3004 1681 Christo,
3030 1618 3150 1684 quia
3179 1631 3271 1683 per
3300 1616 3463 1668 lilium
3497 1630 3691 1684 cognoo

465 1721 632 1773 usque
658 1705 722 1759 ad
753 1708 1058 1776 mysterium
1085 1705 1363 1772 corporale
1406 1705 1696 1759 substantia
1722 1717 1813 1755 sua
1846 1702 2025 1755 venire
2056 1688 2104 1749 Β
2130 1709 2292 1760 sciun-
2323 1715 2488 1773 pater,
2516 1706 2564 1760 id
2596 1717 2696 1771 est,
2732 1723 2827 1775 per
2864 1707 3085 1759 formam
3106 1749 3118 1769 ,
3158 1708 3297 1775 quod
3322 1715 3404 1760 est
3454 1721 3611 1766 esse;
3645 1714 3695 1758 ct

473 1798 726 1859 voluerit,
778 1798 844 1852 de
885 1812 989 1866 quo
1038 1797 1234 1850 dictum
1286 1798 1349 1850 ab
1392 1796 1647 1864 Apostolo
1691 1793 1922 1862 (Coloss.
1970 1807 2025 1855 tt,

462 1888 516 1950 8,
547 1887 600 1955 9)
635 1905 655 1940 :-
682 1886 743 1940 Et
784 1905 881 1941 non
914 1888 1184 1941 secundmu
1224 1886 1476 1941 Christum
1507 1886 1663 1953 :qttia
1691 1885 1740 1936 in
1779 1885 1867 1935 illo
1890 1883 2030 1934 habi-

465 1986 535 2028 tat
565 1979 724 2031 onmis
761 1978 1018 2047 plenitudo
1068 1978 1345 2031 divinitatis
1397 1978 1723 2046 corporaliter
1767 1974 1902 2043 quod
1950 1980 2030 2026 est

465 2069 750 2132 cometam;
796 2069 930 2122 Deus
977 2069 1114 2122 enim
1158 2068 1418 2137 potentia,
1461 2076 1514 2120 et
1556 2066 1710 2137 Λόγος
1758 2064 1934 2123 actio.
1979 2063 2027 2115 in

467 2169 690 2227 utroque
720 2169 996 2225 utrumque
1028 2176 1039 2211 :
1074 2174 1195 2211 nam
1225 2167 1275 2211 et
1304 2158 1530 2225 potentia
1559 2156 1696 2223 quod
1717 2162 1887 2223 potest
1912 2166 2029 2206 esse

464 2259 580 2314 est,
628 2259 679 2302 et
721 2249 859 2318 quod
906 2258 1014 2315 est,
1059 2259 1233 2318 potest
1260 2263 1397 2302 esse.
1436 2248 1547 2315 Ipsa
1589 2249 1746 2316 igitur
1797 2245 2028 2314 polentia

465 2343 601 2396 actio
622 2352 697 2397 est
724 2383 738 2407 ,
788 2351 841 2395 et
888 2343 996 2410 ipsa
1028 2343 1162 2394 actio
1193 2341 1441 2407 putentia.
1475 2338 1628 2393 Actio
1682 2346 1763 2393 est
1804 2352 1931 2406 ergo
1977 2346 2031 2391 et

470 2442 637 2500 pater.
669 2434 773 2501 agit
800 2441 853 2487 et
883 2433 1017 2485 tilius
1040 2472 1053 2494 ,
1077 2430 1185 2500 agit
1214 2440 1265 2484 et
1311 2439 1459 2498 pater
1490 2448 1502 2482 ξ
1530 2429 1648 2483 ideo
1692 2439 1858 2498 pater,
1910 2430 2029 2498 quia

467 2524 702 2591 putentia
742 2522 903 2591 gignit
929 2522 1190 2575 actionem
1227 2537 1239 2575 :
1272 2532 1324 2577 et
1355 2522 1473 2575 ideo
1501 2520 1639 2573 illius
1692 2520 1867 2585 actio;
1910 2520 2027 2587 quia

466 2613 602 2667 actio
631 2626 693 2666 ex
729 2612 957 2680 potentia
982 2630 994 2665 :
1022 2628 1146 2681 ergo
1174 2623 1223 2667 et
1249 2622 1396 2681 pater
1440 2612 1491 2666 in
1530 2612 1670 2672 lilio,
1718 2623 1768 2665 et
1793 2612 1928 2665 lilius
1978 2612 2028 2664 in

468 2714 645 2770 patre,
683 2703 773 2757 sed
816 2714 1095 2771 utrumque
1124 2704 1173 2756 in
1203 2704 1452 2771 singulis.
1504 2712 1557 2757 et
1609 2703 1805 2756 idcirco
1845 2719 2023 2755 unum.

467 2794 578 2846 Duo
618 2803 792 2849 autem
818 2835 832 2860 ,
872 2794 993 2863 quia
1032 2811 1136 2864 quo
1174 2796 1340 2864 magis
1384 2805 1493 2857 est,
1534 2796 1583 2848 id
1610 2794 1834 2848 alterum
1866 2809 2027 2863 appa-

465 2891 547 2937 ret
577 2900 589 2935 :
621 2885 785 2953 magis
812 2893 982 2937 autem
1014 2895 1161 2952 pater
1192 2884 1419 2954 potentia
1447 2926 1461 2949 ,
1502 2892 1557 2939 et
1592 2886 1729 2937 actio
1758 2884 1931 2948 illius;
1979 2892 2031 2939 et

467 2974 661 3029 idcirco
691 2975 810 3043 quia
853 2978 1017 3045 magis
1058 2977 1230 3042 actio,
1274 2977 1439 3045 magis
1483 2986 1656 3029 autem
1696 2976 1833 3029 actio
1858 3015 1872 3037 ,
1908 2974 2027 3042 quia

2133 1800 2247 1853 lteic
2276 1799 2471 1853 dictum
2498 1808 2577 1853 est
2600 1798 2775 1865 (Jonn.
2802 1815 2903 1861 MV,
2932 1799 2986 1866 9)
3017 1816 3028 1850 :
3065 1798 3163 1862 Qui
3193 1816 3270 1851 nte
3321 1799 3442 1850 vidit
3462 1839 3476 1862 ,
3506 1798 3626 1850 ridi!
3654 1804 3695 1850 ct

2130 1900 2339 1957 patrem.
2391 1890 2480 1943 Est
2532 1905 2656 1959 ergo
2685 1900 2736 1943 et
2766 1890 2901 1943 Deus
2926 1890 3163 1962 ὗπαρξις,
3190 1900 3240 1943 ει
3266 1888 3508 1943 Christus
3532 1889 3697 1961 52mp-

2128 1982 2234 2044 ξις;
2268 1980 2484 2054 ὕπαρξις
2514 1980 2656 2033 enim
2686 1995 2803 2033 cum
2854 1979 3018 2032 forma
3050 1979 3188 2048 quod
3213 1987 3293 2032 cst
3316 1994 3465 2040 esse,
3497 1987 3550 2031 et
3578 1978 3695 2045 quia

2130 2086 2338 2141 semper
2363 2070 2518 2124 simul
2548 2080 2668 2123 sunt
2690 2110 2704 2135 ,
2733 2078 2787 2124 et
2817 2068 2978 2123 forma
3008 2083 3126 2123 esse
3148 2079 3258 2133 est.
3290 2076 3343 2121 et
3381 2069 3551 2134 ipsum
3582 2080 3698 2121 esse

2133 2163 2299 2213 forma
2322 2202 2335 2225 ,
2366 2159 2505 2213 unde
2534 2168 2682 2229 pater
2739 2159 2788 2211 in
2849 2158 2989 2223 lilio,
3023 2164 3076 2211 ει
3108 2158 3245 2210 illius
3273 2158 3325 2210 itt
3354 2166 3505 2224 patre
3560 2173 3572 2208 :
3621 2164 3698 2210 est

2128 2254 2266 2306 enim
2294 2268 2410 2307 esse
2431 2261 2482 2304 ει
2513 2252 2561 2303 in
2594 2260 2741 2317 patre
2765 2293 2778 2315 ,
2809 2250 2949 2319 quod
2982 2260 3061 2304 est
3095 2250 3360 2317 potentia,
3391 2248 3531 2319 quod
3560 2250 3697 2316 prius

2130 2350 2213 2396 est
2241 2342 2306 2395 ab
2333 2356 2398 2394 eo
2428 2341 2563 2408 quod
2592 2351 2674 2394 est
2705 2340 2895 2393 forma.
2926 2340 3017 2393 Est
3057 2340 3181 2393 itetu
3212 2354 3399 2392 rursus
3430 2348 3480 2392 ει
3512 2342 3561 2391 in
3590 2339 3693 2391 lilio

2129 2430 2393 2495 esse;st
2426 2430 2560 2483 istud
2581 2473 2593 2495 ,
2627 2430 2766 2499 quod
2796 2439 2877 2483 est
2903 2445 3020 2484 esse
3043 2431 3317 2498 proprium
3350 2445 3377 2481 a
3407 2442 3556 2498 patre
3604 2428 3691 2479 lia-

2132 2520 2245 2586 bct,
2279 2530 2333 2573 ιιι
2359 2521 2424 2573 sit
2448 2521 2521 2573 illi
2549 2520 2767 2573 formant
2799 2534 2951 2583 esse;
2985 2521 3117 2573 alter
3147 2534 3271 2587 ergo
3304 2520 3353 2571 in
3380 2520 3551 2573 altero
3575 2559 3588 2582 ,
3648 2526 3698 2571 et

2130 2612 2285 2664 ambo
2315 2625 2493 2663 unum.
2526 2610 2661 2678 Ergo
2687 2606 2738 2662 ὃν
2769 2610 2924 2675 Deus,
2955 2606 3004 2663 ὃν
3031 2610 3188 2673 illius,
3214 2610 3263 2662 id
3296 2618 3380 2661 est
3411 2610 3553 2661 enim
3577 2612 3631 2663 τὸ
3653 2608 3700 2659 ὃν

2129 2716 2247 2755 esse
2274 2716 2392 2754 eum
2424 2702 2589 2753 forma
2612 2720 2622 2753 :
2648 2716 2803 2754 onme
2817 2702 2954 2754 enim
2981 2700 3119 2767 quod
3146 2710 3226 2753 est
3246 2698 3297 2751 δν
3325 2714 3464 2765 ese,
3489 2708 3698 2752 estcum

2132 2790 2296 2843 forma
2325 2790 2451 2843 :ltoc
2472 2799 2526 2845 et
2552 2791 2832 2845 existentia
2851 2790 3042 2843 dicitur
3070 2798 3120 2843 et
3141 2789 3430 2843 sultsttntia
3458 2800 3511 2843 et
3537 2790 3701 2843 ειιιιεὶο

2130 2883 2339 2944 stentia,
2372 2881 2508 2949 quod
2539 2881 2677 2934 enim
2709 2876 2876 2945 ὂνεει,
2906 2891 2955 2933 ει
2978 2880 3156 2933 existit
3185 2891 3233 2932 ct
3262 2879 3561 2948 subjectum
3602 2888 3699 2932 est.

2132 2970 2239 3024 lloc
2266 2982 2436 3025 autem
2460 2981 2541 3026 εει
2570 2971 2709 3042 quod
2739 2982 2953 3026 estesse
2983 2972 3097 3025 sitte
3123 2986 3365 3025 conuexo
3411 2972 3542 3032 ullo,
3566 2970 3701 3040 quod

467 3062 595 3117 loris
618 3063 774 3117 actio.
830 3044 957 3117 Iloci
986 3065 1031 3119 si
1057 3066 1123 3117 ita
1179 3075 1298 3130 est,
1338 3076 1391 3119 et
1433 3066 1726 3119 substantia
1775 3076 1924 3133 pater
1969 3073 2021 3117 et
2047 3044 2092 3107 C
2124 3064 2347 3133 simplex
2403 3072 2520 3128 est,
2576 3062 2711 3131 quod
2744 3078 2939 3125 unum;
2971 3061 3296 3116 manifestior
3330 3063 3493 3132 igitur
3534 3062 3701 3115 subsi—

468 3151 637 3217 ﬁlius,
667 3164 722 3207 et
749 3169 849 3207 una
886 3156 1208 3218 substantia,
1241 3165 1292 3208 et
1323 3154 1389 3209 de
1420 3165 1567 3223 patre
1613 3156 1901 3208 substantia
1925 3195 1939 3218 ,
1977 3163 2029 3206 et

465 3245 620 3298 simul
650 3245 938 3298 substantia
960 3284 976 3311 ,
1000 3254 1052 3298 et
1072 3261 1282 3315 semper
1305 3256 1357 3299 et
1386 3261 1454 3299 ex
1484 3254 1682 3299 teterno
1708 3244 1861 3298 simul
1883 3254 2030 3312 pater

467 3345 521 3388 et
578 3336 747 3400 Illius,
806 3336 990 3389 eadem
1056 3336 1319 3405 simulque
1378 3334 1703 3400 substantia,
1755 3335 1853 3388 boc
1908 3343 2026 3395 est.

468 3424 747 3497 ὁμοούσιον.
781 3425 860 3479 Αιι
898 3441 1000 3478 non
1041 3436 1121 3479 est
1152 3426 1342 3481 lectum
1375 3427 1425 3479 itt
1472 3426 1760 3496 Scriptut'is
1803 3424 2031 3478 divinis?

467 3514 699 3569 Primum
730 3516 815 3584 qui
850 3518 945 3570 ltoc
974 3526 1147 3585 negat,
1179 3532 1289 3571 rem
1320 3516 1511 3572 fatetur
1535 3557 1550 3580 ,
1604 3518 1695 3571 sed
1746 3516 2031 3585 scripturas

468 3607 653 3674 qumrit
698 3607 1084 3675 auctoritatem.
1122 3605 1398 3674 Quomodo
1441 3617 1615 3662 autem
1647 3622 1749 3661 non
1797 3607 2029 3677 iniquum

468 3705 579 3761 εει,
622 3695 740 3750 ideo
778 3713 888 3750 rem
927 3713 1031 3751 non
1072 3697 1380 3764 admittere,
1419 3698 1537 3767 quia
1575 3698 1804 3767 majores
1840 3701 2032 3754 omise-

469 3787 609 3851 rint,
642 3787 818 3857 aliquo
866 3788 1087 3843 fortasse
1117 3804 1279 3854 casu,
1311 3790 1389 3844 vel
1442 3804 1598 3843 cauSa
1625 3831 1638 3855 ,
1672 3804 1790 3843 cum
1829 3795 2031 3845 ratione

470 3876 733 3932 vincaris?
762 3892 944 3931 verum
976 3877 1098 3948 quid
1123 3879 1313 3934 lectum
1342 3889 1531 3950 negant
1570 3882 1938 3934 substantiam?
1965 3896 2030 3934 an

471 3968 537 4023 tle
577 3970 683 4023 Deo
707 3978 762 4023 et
799 3968 1011 4024 Christo
1044 3972 1426 4025 substantiam?
1447 3988 1512 4025 an
1544 3971 1802 4043 ὁμοούσιον
1836 3972 2031 4041 ipsum?

473 4061 545 4113 De
576 4060 680 4113 Deo
703 4071 753 4114 et
779 4058 989 4114 Christo
1011 4061 1299 4115 substantia
1324 4062 1455 4117 lecta
1484 4073 1587 4116 est.
1604 4064 1673 4115 lle
1694 4066 1797 4114 υεο
1822 4062 1953 4115 lecta
1981 4062 2030 4114 in

473 4150 724 4218 propheta
777 4150 1035 4204 llicremia
1066 4150 1196 4221 (Jer.
1249 4167 1395 4216 χχιιι,
1428 4152 1513 4210 18,
1566 4167 1664 4203 sec.
1711 4152 1836 4219 Lxs)
1865 4168 1876 4202 :
1909 4149 2032 4213 Quis

473 4240 602 4293 stetit
624 4240 674 4292 in
701 4238 976 4293 substantia
1005 4240 1239 4303 Domini,
1272 4251 1317 4292 et
1367 4240 1485 4293 vidit
1524 4240 1722 4292 verbum
1743 4240 1888 4306 ejus?
1924 4239 2033 4305 quis

475 4328 687 4397 pratbuit
736 4346 937 4389 aurem,
966 4337 1013 4382 et
1054 4330 1248 4382 audivit
1276 4329 1299 4382 ?
1328 4328 1453 4383 lletu
1499 4329 1652 4397 paulo
1709 4339 1825 4397 post
1866 4326 2028 4397 (Ibid.

472 4417 564 4488 2'3)
595 4435 609 4472 :
641 4416 703 4470 Et
740 4419 784 4471 si
808 4419 1054 4472 stetissent
1104 4419 1157 4471 in
1183 4418 1485 4483 substantia,
1522 4430 1567 4473 et
1600 4419 1853 4472 audissent
1882 4418 2034 4472 verba
2056 4399 2109 4458 Ῑ)

474 4526 602 4563 mea.
634 4509 758 4564 item
806 4512 938 4564 lecta
986 4512 1274 4565 substantia
1326 4511 1462 4578 apud
1518 4510 1826 4579 ιιιιοριιειεηι
1869 4510 2033 4563 David

474 4597 693 4666 (Psalm.
723 4615 977 4665 cxxxvut,
1006 4600 1095 4671 15)
1128 4617 1141 4652 :
1173 4599 1236 4653 Et
1265 4601 1543 4655 substantia
1570 4619 1676 4654 utea
1699 4604 1749 4653 in
1775 4602 2029 4667 inferiori-

474 4691 563 4745 bus
592 4702 752 4745 terrtc.
783 4690 1001 4747 Lectum
1024 4692 1158 4761 apud
1182 4692 1398 4746 Paulum
1422 4693 1484 4745 ad
1510 4692 1758 4747 lleltrmos
1783 4693 1848 4746 de
1877 4694 2031 4746 Citri-

473 4784 597 4853 ειο(
631 4783 782 4839 llcbr.
816 4800 850 4851 t,
880 4785 974 4853 5):
1011 4784 1108 4848 Qui
1147 4795 1217 4838 est
1269 4786 1525 4838 character
1576 4784 1862 4838 substantiw
1904 4787 2030 4847 eius.

475 4873 609 4927 Sunt
652 4884 704 4927 et
728 4875 827 4929 alia
854 4876 1126 4944 exempla,
1156 4891 1338 4930 verum
1372 4878 1482 4930 lucc
1511 4877 1755 4931 sul'licere
1784 4877 2025 4930 arbitror.

544 4964 630 5018 IV.
677 4964 747 5019 Δι
789 4968 929 5021 ειιίιιι
975 4966 1111 5035 apud
1156 4966 1369 5021 Crmcos
1412 4970 1577 5037 posita
1605 4979 1685 5022 est
1720 4968 2028 5032 ὑπόστασις,

475 5073 576 5113 neu
608 5060 771 5115 οὐσία.
803 5057 1088 5113 Videamus
1138 5059 1262 5129 quid
1312 5060 1538 5113 intersit.
1578 5071 1712 5115 Οντα
1759 5063 2033 5113 nominant

474 5148 641 5203 Gt'reei
675 5160 777 5203 tam
807 5166 868 5205 ea
899 5165 1015 5219 quae
1045 5158 1169 5204 sunt
1196 5152 1247 5203 in
1279 5149 1524 5213 aeternis,
1560 5166 1718 5221 quam
1750 5165 1808 5203 ea
1842 5166 1958 5220 qua:
1981 5151 2031 5203 in

474 5240 673 5295 mundo
718 5251 876 5311 atque
925 5241 1193 5295 terrenis:
1230 5242 1279 5294 in
1321 5242 1533 5295 attentis
1579 5242 1735 5311 igitur
1763 5242 1901 5295 Deus
1952 5250 2035 5295 est

472 5331 837 5401 munipotens,
876 5338 1032 5386 causa
1068 5332 1333 5396 omnium;
1379 5341 1429 5385 et
1476 5333 1589 5388 lens
1634 5342 1686 5387 et
1740 5333 1888 5401 origo
1917 5348 2031 5386 ont-

474 5424 617 5476 uitnu
648 5438 763 5491 qua:
783 5432 903 5476 sunt
924 5462 939 5488 ,
960 5405 1009 5476 id
1037 5431 1117 5476 est
1144 5430 1243 5479 τῶν
1267 5419 1417 5477 ὄντων
1445 5425 1659 5479 πάντων.
1694 5422 1825 5489 Quid
1876 5423 2032 5491 igitur

473 5512 660 5569 (lamus
708 5513 851 5568 Deo?
902 5512 999 5567 Itoc
1028 5511 1168 5582 quod
1190 5524 1271 5566 est
1297 5528 1416 5567 esse
1438 5554 1452 5577 ,
1483 5530 1548 5567 an
1575 5514 1821 5566 omnibus
1849 5512 2035 5567 damus

475 5616 593 5657 esse
614 5643 627 5669 ,
656 5602 725 5655 do
744 5644 757 5667 ,
788 5618 889 5657 non
912 5603 1136 5658 damus?
1162 5603 1417 5673 Equidem
1465 5604 1600 5661 ratio
1644 5603 1721 5658 sic
1751 5618 1807 5658 se
1835 5602 2016 5669 habet,

2127 3156 2316 3207 stantia
2338 3162 2449 3216 est,
2473 3162 2527 3208 et
2550 3156 2827 3207 existentia
2858 3166 2958 3219 est,
2991 3165 3041 3208 et
3080 3154 3368 3208 substantia
3398 3153 3613 3207 dicitur.
3647 3153 3700 3207 Si

2129 3260 2253 3313 ergo
2282 3244 2474 3298 dicitur
2504 3244 2573 3298 de
2594 3244 2699 3298 Deo
2720 3244 3079 3307 subsistentia,
3106 3246 3274 3313 magis
3296 3245 3362 3297 de
3388 3247 3495 3299 Deo
3516 3247 3703 3299 dicitur

2129 3335 2448 3399 substantia,
2481 3344 2535 3389 et
2564 3335 2725 3405 magis
2757 3335 2852 3388 ista
2877 3376 2891 3401 ,
2925 3335 3171 3405 quoniam
3201 3336 3501 3404 subjectum
3533 3336 3699 3404 signi-

2130 3427 2279 3487 licat,
2307 3434 2357 3479 et
2387 3426 2673 3494 principale
2696 3427 2833 3495 quod
2857 3426 3106 3501 convenit
3136 3428 3261 3479 lteo.
3280 3424 3404 3479 Non
3431 3428 3503 3479 sit
3528 3437 3699 3479 autem

2132 3517 2421 3585 sabjeetum
2448 3518 2585 3571 sicut
2615 3518 2664 3570 iu
2698 3517 2893 3570 ntundo
2921 3518 3219 3572 substantia
3239 3558 3255 3583 ,
3305 3519 3397 3571 sed
3430 3517 3568 3585 quod
3602 3517 3697 3571 lto-

2133 3607 2368 3662 noratius
2409 3616 2461 3660 et
2503 3608 2767 3676 antiquius
2798 3616 2850 3661 et
2879 3608 3168 3661 secundum
3202 3606 3405 3661 fontem
3439 3604 3699 3661 univcrsi-

2134 3697 2272 3752 tatis.
2303 3697 2498 3751 Verutn
2555 3698 2693 3767 quod
2724 3708 2803 3751 cst
2840 3714 2957 3751 esse
2982 3738 2994 3761 ,
3025 3696 3161 3766 quod
3190 3706 3408 3765 praestat
3436 3697 3572 3750 Deus
3621 3696 3699 3748 his

2132 3802 2249 3854 qua.-
2317 3796 2475 3850 sunt,
2526 3796 2582 3841 ut
2626 3786 3036 3857 unumquodque
3079 3787 3146 3839 sit
3204 3784 3474 3856 ὁμοούσιος
3522 3803 3534 3837 :
3579 3798 3701 3854 ergo

2132 3892 2247 3931 esse
2274 3878 2495 3933 formam
2526 3879 2755 3941 habens.
2787 3889 2840 3933 et
2869 3879 3094 3947 primum
3123 3878 3292 3931 solum
3319 3894 3501 3932 verum
3531 3893 3694 3947 :quo-

2134 3971 2272 4021 uiam
2299 3970 2439 4039 quud
2468 3980 2548 4023 est
2576 3971 2699 4024 illttd
2729 3985 2845 4026 esse
2876 3986 3062 4039 purum
3090 3980 3165 4024 est
3184 4011 3198 4035 ,
3230 3970 3333 4023 ltue
3362 3971 3529 4039 magis
3558 3970 3694 4025 sub-

2132 4063 2320 4112 stantia
2351 4070 2450 4113 est.
2479 4062 2735 4124 Quoniam
2765 4070 2937 4115 autem
2968 4077 3149 4114 tursus
3179 4069 3229 4113 et
3254 4060 3425 4114 forma
3450 4069 3533 4113 est
3560 4076 3691 4123 esse,

2135 4162 2185 4203 et
2210 4150 2318 4217 ipsa
2350 4151 2640 4205 substantia
2682 4162 2795 4215 est,
2843 4150 2934 4205 sed
2969 4150 3067 4202 Itoe
3114 4147 3403 4211 ὑπόστασις
3461 4150 3691 4203 dicitur:

2129 4243 2237 4312 jam
2266 4243 2405 4295 enim
2436 4240 2857 4297 formatuutesse
2904 4240 3198 4294 substantia
3255 4250 3367 4302 est,
3417 4240 3693 4294 formatum

2137 4344 2308 4387 autem
2335 4348 2453 4386 esse
2474 4343 2555 4386 est
2584 4333 2719 4387 Deus
2738 4372 2753 4397 ,
2780 4331 2921 4401 quod
2952 4334 3089 4385 Deus
3119 4341 3200 4384 est
3221 4372 3234 4395 ,
3262 4340 3315 4383 ει
3346 4340 3514 4399 pater,
3543 4331 3616 4383 sie
3639 4338 3689 4384 et

2136 4423 2303 4485 illius,
2336 4423 2475 4492 quod
2506 4421 2645 4495 λόγος
2670 4434 2722 4475 ει
2745 4423 2900 4475 illius.
2927 4421 3273 4475 Subsistentia
3328 4436 3459 4490 ergo
3491 4422 3695 4490 proprie

2134 4514 2326 4565 dicitur
2374 4513 2438 4565 de
2487 4512 2742 4565 ambobus
2764 4552 2777 4574 ,
2806 4512 2943 4580 quod
2967 4520 3047 4563 est
3074 4509 3367 4563 substantia
3404 4529 3414 4561 :
3449 4510 3694 4578 quoniam

2136 4603 2271 4672 quod
2303 4613 2524 4657 estesse
2553 4604 2867 4671 principale.
2897 4616 3016 4654 cum
3050 4600 3216 4654 forma
3243 4602 3538 4654 sobstautia
3566 4599 3697 4653 dici-

2137 4703 2237 4748 tur.
2274 4693 2394 4747 Haec
2421 4702 2591 4746 autem
2621 4703 2673 4745 ct
2699 4692 2991 4745 substantia
3014 4690 3223 4755 dicitur,
3257 4701 3310 4742 et
3340 4690 3459 4743 ideo
3499 4690 3691 4744 dictum

2136 4786 2345 4850 est,-de
2390 4799 2488 4836 una
2519 4784 2817 4836 substantia
2868 4793 2973 4835 tres
3023 4781 3393 4835 s'ubsisteutias
3431 4795 3590 4841 esse,
3642 4789 3695 4833 ut

2138 4877 2304 4945 ipsum
2337 4876 2474 4944 quod
2498 4884 2577 4927 est
2603 4889 2721 4928 esse
2748 4873 2996 4927 subsistat
3032 4871 3327 4939 tripliciter,
3355 4872 3469 4939 ipse
3519 4872 3688 4937 Deus,

2132 4979 2182 5021 et
2208 4965 2477 5031 Cnristus,
2507 4964 2557 5018 id
2586 4974 2672 5019 est
2705 4966 2863 5034 Λόγος
2918 4973 2969 5017 ει
3006 4961 3229 5031 Spiritus
3281 4971 3516 5015 sanctus.
3557 4961 3693 5030 Ergo

2132 5056 2411 5115 ὑπόστασις
2438 5055 2556 5124 jure
2581 5054 2692 5108 Deo
2721 5053 3012 5121 daturjure
3042 5053 3205 5124 Λόγῳ,
3239 5051 3290 5105 ιιι
3319 5061 3430 5116 εει,
3465 5050 3597 5119 patri
3640 5058 3692 5105 et

2140 5149 2267 5201 lilio.
2298 5146 2351 5200 Id
2381 5156 2555 5200 autem
2590 5145 2759 5199 Latini
2784 5142 3127 5197 substantiam
3153 5142 3370 5206 dicunt,
3409 5142 3529 5211 quia
3560 5140 3691 5193 dixi-

2139 5252 2256 5291 mus
2285 5247 2338 5291 et
2362 5234 2709 5289 substantiam
2733 5234 2833 5288 dici
2858 5248 3044 5303 posse,
3069 5231 3271 5287 scilicet
3324 5232 3373 5284 id
3413 5231 3553 5301 quod
3580 5244 3693 5284 esse

2139 5338 2220 5383 est
2240 5370 2254 5395 ,
2284 5328 2449 5396 magis
2479 5327 2760 5381 formatum
2790 5341 2926 5380 esse.
2949 5325 3081 5390 Qute
3111 5339 3229 5378 cum
3273 5328 3340 5376 ita
3365 5326 3471 5377 sint
3495 5364 3510 5387 ,
3559 5326 3692 5377 lecta

2138 5432 2215 5476 cst
2237 5421 2537 5482 ὑπόστασις,
2564 5419 2677 5473 haec
2698 5427 2967 5472 autemest
2988 5420 3155 5482 οὐσία,
3170 5417 3308 5471 sicut
3330 5415 3689 5486 probavimus.

2211 5513 2271 5567 V.
2297 5512 2444 5566 Nune
2462 5509 2735 5563 videamus
2757 5518 2927 5563 utrum
2955 5508 3048 5569 ibi,
3077 5507 3162 5560 ubi
3196 5507 3438 5574 legimus,
3465 5505 3602 5558 aliud
3624 5503 3694 5557 si-

2174 5604 2367 5667 uillcet,
2394 5600 2688 5665 ὑπόστασις
2716 5616 2870 5671 quam
2904 5602 3066 5655 οὐσία.
3095 5598 3242 5654 Multi
3272 5599 3414 5652 enim
3442 5597 3697 5653 aestimant

3880 394 3889 551 ἓ
