3950 6206
236 304 376 357 1093

1403 293 1766 350 ADVERSUS
1803 289 2017 347 Αιιιυιι
2055 289 2259 345 LIBER
2291 288 2359 345 ll.

3361 281 3498 340 l09£

235 414 420 480 copias
443 422 601 481 atque
631 410 868 465 fortunas
893 409 1174 478 signiﬁcari
1195 409 1295 463 hoc
1319 409 1501 473 verbo,
1525 407 1817 469 ὑπόστασις
1846 423 1897 482 Α
1920 405 2108 474 gistis?
2139 421 2203 459 an
2229 403 2377 458 vobis
2405 403 2529 457 licet
2558 402 2634 456 sic
2656 401 2855 464 dicere,
2882 404 3019 454 unite
3048 414 3214 469 magis
3235 398 3501 472 ὁμοοὺσιον

237 503 474 566 scilicet;
509 501 602 556 sed
643 503 685 554 si
717 501 851 554 dixit
882 518 894 553 :
932 499 993 556 Si
1033 501 1276 553 stetissent
1315 501 1366 552 in
1397 501 1682 556 ὑποστάσει
1715 498 1816 550 Do-

239 596 367 648 mini
393 637 407 660 ,
435 595 671 648 vidissent
703 593 916 648 Verbum
931 596 1039 665 ejus
1061 591 1194 664 (Jer.
1215 608 1366 660 xxttt,
1393 593 1463 646 2'2.
1481 636 1494 659 ,
1528 609 1626 646 sec.
1666 591 1813 660 Lxx).

238 687 394 753 Quod
436 686 551 739 heic
593 684 933 753 intelligimus
984 682 1269 740 ὑπόστασιν
1320 684 1568 748 Domini,
1621 683 1718 737 nisi
1766 682 1817 736 id

241 780 383 847 quod
406 787 487 832 est
516 777 690 830 Deus?
725 778 817 830 list
845 786 1020 830 autem
1059 777 1195 830 Deus
1217 777 1456 844 Spiritus,
1488 777 1684 841 lumen,
1725 791 1821 843 po-

245 867 434 931 tentia,
466 868 820 935 otnnipotcrs,
853 875 907 920 ct
935 867 1232 936 huiusmodi
1263 868 1403 920 talia.
1452 867 1544 920 llic
1585 866 1673 936 qui
1716 873 1820 919 Stat

242 972 298 1015 et
329 959 596 1028 intelligit,
627 973 730 1012 non
761 968 938 1012 autem
971 967 1082 1011 erat
1103 957 1190 1027 qui
1222 958 1485 1026 intelligit,
1517 967 1621 1009 stat
1647 971 1775 1024 ergo
1801 971 1814 1006 :

243 1051 546 1121 intelligens
569 1062 742 1104 autem
769 1051 930 1105 Deum
953 1048 1197 1118 intelligit
1216 1058 1270 1103 et
1292 1048 1432 1102 videt
1458 1048 1615 1120 Λόγον
1651 1046 1738 1102 Dei
1766 1046 1818 1100 li-

243 1142 397 1205 lium;
431 1140 764 1195 niantfestuin
787 1156 912 1210 ergo
935 1140 1073 1194 hanc
1100 1139 1191 1193 Dei
1212 1154 1331 1195 esse
1357 1139 1664 1201 ὑπόστασιν,
1696 1137 1816 1207 quia

242 1233 513 1288 intellecta
543 1241 596 1286 ct
626 1232 854 1285 Verbum
877 1229 1206 1300 intelligitur,
1237 1230 1394 1283 simul
1423 1230 1562 1284 enim
1591 1238 1736 1291 sunt,
1766 1236 1820 1281 et.

242 1325 346 1380 hoc
374 1333 456 1380 est
475 1325 762 1397 ὁμοοὺσιον.
789 1323 898 1378 lloc
922 1334 976 1378 et
1005 1323 1194 1378 iterum
1223 1322 1352 1377 dicit
1379 1341 1391 1378 :
1424 1322 1557 1387 Quia
1588 1321 1630 1374 si
1653 1320 1820 1374 stetis-

237 1432 352 1475 sent
379 1421 430 1474 in
457 1437 565 1474 mea
584 1422 886 1483 ὑποστάσει,
919 1429 961 1472 et
983 1421 1186 1472 verbum
1215 1434 1376 1470 meum
1405 1416 1685 1470 audissent.
1716 1414 1816 1467 Su-

240 1526 336 1580 pra
367 1511 565 1575 videre;
595 1511 712 1566 heic
737 1520 915 1565 autem
942 1511 1115 1579 posuit
1143 1513 1445 1576 utruuniue,
1479 1507 1580 1562 hoc
1605 1517 1684 1561 cst
1712 1521 1818 1575 quo

239 1603 558 1672 intelligere.
589 1601 638 1656 ls
669 1602 810 1657 enim
843 1618 956 1656 rem
983 1601 1246 1670 intelligit,
1278 1601 1364 1668 qui
1391 1600 1442 1653 in
1470 1599 1545 1654 rei
1572 1599 1819 1652 substan-

240 1697 316 1750 tia
344 1705 467 1756 stat.
503 1694 554 1748 id
575 1704 678 1758 est,
699 1695 748 1748 in
782 1695 949 1764 primo
969 1693 1113 1748 futile
1140 1695 1238 1759 rei,
1264 1703 1322 1746 ut
1345 1691 1523 1748 omnia
1553 1708 1670 1761 qua:
1693 1701 1815 1745 sunt

236 1788 357 1857 ejus
381 1787 656 1857 intelligat.
683 1787 817 1854 Quid
846 1785 1073 1840 deinde?
1101 1801 1222 1839 cum
1243 1784 1368 1838 alibi
1402 1786 1480 1839 vel
1509 1784 1559 1837 in
1593 1783 1810 1847 Davide,
1845 1792 1890 1851 Β

237 1880 323 1933 vel
347 1880 399 1931 in
431 1877 715 1947 Evangelia
747 1877 913 1946 posita
942 1884 1095 1932 αξιοι
1123 1876 1254 1931 lecta
1285 1873 1573 1935 ὑπόστασις
1599 1915 1614 1940 ,
1665 1891 1819 1929 ιιιιιιι-

239 1968 368 2039 quid
387 1969 526 2024 aliud
548 1984 704 2039 quam
721 1971 871 2025 οὑσὶα
893 1966 1235 2036 intelligitur?
1253 1966 1566 2027 ⁸Υπόστασις
1584 1983 1712 2029 mea,
1740 1967 1819 2020 itt-

237 2061 366 2127 qnid
404 2061 562 2113 David
594 2059 812 2130 (Psalm.
859 2074 1099 2115 cxxsvnt
1125 2101 1138 2124 ,
1193 2057 1282 2128 ts)
1316 2076 1328 2111 :
1363 2060 1428 2113 de
1463 2061 1567 2112 Deo
1594 2059 1776 2127 utique
1799 2098 1813 2122 ,

237 2148 558 2211 ’Υπόστασις
587 2166 694 2204 mea
723 2150 776 2202 in
803 2150 1122 2221 inferioribus
1151 2159 1313 2203 terra.
1351 2149 1482 2202 Dicit
1511 2149 1650 2202 enim
1679 2166 1692 2202 :
1723 2164 1816 2203 oc-

239 2244 443 2297 cultum
473 2258 532 2296 se
560 2257 715 2296 nemo
736 2242 940 2305 credat,
963 2242 1084 2311 quia
1109 2241 1288 2310 utique
1313 2255 1426 2292 sum
1443 2251 1662 2293 etomue
1677 2239 1816 2309 quod

238 2351 361 2389 sum
378 2334 734 2389 etsobstantia
749 2348 884 2396 mea,
903 2345 953 2388 et
974 2334 1023 2387 in
1045 2333 1380 2388 inferioribus
1407 2341 1597 2388 terrm:
1626 2331 1820 2401 ubique

238 2426 478 2481 esteniin
496 2425 750 2488 Deus,vt~l
769 2425 984 2493 Spiritus
1006 2424 1116 2488 Dei,
1132 2438 1251 2492 qua:
1279 2423 1370 2476 Dei
1398 2423 1688 2477 substantia
1713 2435 1816 2476 est.

319 2515 407 2569 Vl.
439 2514 569 2569 Volo
596 2529 735 2568 nunc
762 2524 816 2568 et
841 2513 970 2567 illud
1001 2513 1180 2567 videre
1204 2513 1254 2566 iu
1287 2512 1571 2582 Evangelii)
1602 2527 1696 2582 per
1720 2526 1816 2582 pa-

243 2605 480 2659 rabolam
512 2614 565 2658 et
601 2604 900 2672 exemplum
931 2602 1179 2673 positum.
1229 2603 1366 2656 Dixit
1398 2603 1539 2656 enim
1569 2614 1710 2670 pater
1739 2605 1819 2671 fa-

243 2697 412 2750 milias
466 2696 675 2764 quidam
724 2694 930 2748 duobus
965 2693 1115 2757 (iliis,
1145 2693 1430 2748 ὑπόστασιν
1467 2708 1611 2745 suam
1652 2692 1820 2744 divisit

240 2787 371 2844 an.
405 2806 491 2853 xv,
519 2788 629 2855 12);
654 2791 833 2855 utique
858 2784 1104 2840 fortunas
1126 2793 1178 2838 et
1206 2785 1587 2852 patrimonium
1611 2783 1814 2835 intelli-

243 2885 440 2952 gimus.
491 2879 596 2937 Sed
643 2882 685 2932 si
735 2879 835 2934 hoc
863 2878 1047 2933 relerri
1096 2875 1158 2930 ad
1209 2877 1372 2930 Deum
1421 2884 1668 2944 oportet,
1715 2874 1821 2929 erit.

244 2977 533 3035 ὑπόστασις
554 2983 606 3028 et
627 2971 747 3026 heic
768 2971 1004 3041 potentia
1031 2974 1202 3024 omnis
1228 2979 1281 3024 et
1308 2969 1495 3022 virtus.
1527 2965 1671 3020 llanc
1692 2983 1821 3020 cott-

250 3072 418 3126 snmit
447 3085 581 3124 unus
624 3069 760 3122 [ilius
787 3065 875 3136 qui
901 3081 929 3119 a
965 3064 1074 3118 Deo
1104 3061 1301 3118 recedit
1328 3079 1339 3114 :
1367 3062 1561 3117 etenim
1607 3061 1696 3131 qui
1732 3077 1820 3130 pe-

1923 499 2190 566 probatur,
2224 495 2376 550 nobis
2403 495 2610 551 discere
2636 493 2897 567 όμοούσιον
2929 509 3029 547 non
3060 492 3275 546 licebit?
3307 492 3500 546 Verum

1920 594 1960 642 si
1989 591 2104 643 ideo
2126 590 2300 642 divitis
2333 591 2508 642 lumen
2538 589 2603 642 de
2648 588 2870 652 lumine,
2904 589 3024 656 quia
3049 597 3101 640 et
3144 587 3280 640 Dens
3321 585 3498 638 lumen

1920 680 2114 739 dictus.
2147 694 2199 735 et
2220 681 2464 735 Christus
2507 682 2704 741 lumen,
2747 689 2799 735 ct
2827 681 2952 735 item
3001 688 3052 734 et
3071 679 3229 734 Pater
3259 679 3419 741 Deus,
3449 686 3503 732 et

1919 773 2162 827 Chri~tns
2184 773 2321 826 Deus
2344 774 2550 835 dictus;
2587 772 2636 825 id
2668 771 2884 843 quidem
2913 769 3276 835 manifestum,
3316 783 3500 822 verum

1920 862 1987 916 de
2012 863 2116 916 Deo
2138 878 2240 916 non
2265 863 2477 928 lectum,
2506 864 2682 916 lumen
2700 863 2766 916 de
2787 863 3014 925 lumine;
3039 871 3090 914 at
3109 860 3498 914 licuitsutuere.

1919 955 2099 1009 Liceat
2122 970 2248 1025 ergo
2271 955 2334 1009 de
2363 955 2512 1010 lectis
2545 971 2647 1008 non
2683 955 2815 1008 lecta
2845 967 3184 1022 eoiuponcre.
3207 949 3502 1024 ὀμοούσιον

1921 1044 2115 1099 lectum
2145 1047 2347 1115 negatis
2371 1062 2384 1109 ;
2419 1045 2512 1099 sed
2534 1046 2578 1099 si
2600 1046 2774 1114 aliqua
2796 1045 3009 1110 similia,
3035 1044 3114 1097 vel
3140 1043 3387 1098 similiter
3407 1042 3501 1098 de-

1922 1137 2187 1190 nominata
2215 1138 2350 1191 lecta
2380 1145 2523 1200 sunt,
2543 1135 2662 1204 jure
2703 1136 2812 1205 pari
2846 1147 2896 1189 et
2920 1134 3058 1189 istud
3099 1135 3497 1190 denominatunt

1919 1228 2162 1295 accipere
2201 1227 2476 1282 debemus.
2515 1227 2603 1280 Dei
2637 1229 2787 1282 οὐσία
2821 1227 3000 1281 lumen
3043 1237 3143 1289 est,
3182 1227 3282 1281 hoc
3321 1225 3498 1279 lumen

1919 1317 2023 1369 vita
2051 1327 2152 1382 est,
2176 1326 2227 1370 et
2251 1319 2342 1371 ista
2369 1318 2494 1380 vita,
2520 1317 2620 1371 ista
2653 1315 3021 1386 intelligentia,
3049 1315 3147 1370 hoc
3168 1331 3285 1370 esse
3311 1316 3498 1381 Deum,

1919 1407 2022 1461 hoc
2040 1424 2161 1463 esse
2185 1407 2456 1464 Christum
2477 1407 2945 1462 satisdeclaratutn
2967 1417 3066 1463 est.
3109 1407 3239 1460 l'irit
3267 1419 3428 1476 pater,
3457 1414 3501 1460 et

1918 1513 2007 1565 ego
2037 1498 2144 1550 vivo
2174 1495 2354 1568 (Joan.
2379 1513 2452 1559 Vt,
2478 1496 2592 1567 58).
2616 1496 2769 1551 Pater
2796 1497 2939 1550 habet
2969 1499 3019 1550 in
3041 1514 3093 1550 se
3121 1499 3292 1563 vitam,
3323 1506 3368 1550 et
3395 1498 3502 1563 ﬁlio

1917 1589 2053 1642 dedit
2082 1590 2264 1645 habere
2291 1593 2428 1662 apud
2477 1608 2529 1644 se
2554 1593 2704 1644 vitam
2737 1590 2932 1662 (Joan.
2951 1608 3004 1659 v,
3026 1591 3095 1646 26
3119 1593 3157 1662 ).
3191 1593 3314 1658 Qua:
3355 1592 3500 1646 liabet

1919 1691 2082 1748 pater,
2117 1697 2176 1734 ea
2202 1683 2328 1734 mihi
2357 1683 2493 1736 dedit
2520 1684 2688 1736 omnia
2716 1681 2895 1753 (Joun.
2930 1699 3035 1746 xvt,
3067 1684 3172 1751 l5).
3203 1683 3292 1737 llis
3308 1693 3358 1737 et
3386 1684 3502 1737 aliis

1919 1784 2060 1840 saepe
2085 1773 2386 1840 probamus,
2413 1773 2598 1829 eadem
2621 1774 2672 1828 in
2694 1784 2842 1845 patre
2859 1790 2976 1829 esse
2993 1785 3044 1829 ct
3069 1776 3117 1829 in
3142 1775 3268 1839 lilio,
3283 1785 3339 1830 ct
3360 1776 3498 1845 quod

1921 1879 2135 1932 semper
2152 1874 2201 1919 et
2220 1881 2284 1919 ex
2303 1875 2504 1919 :eterno
2529 1884 2542 1919 :
2567 1877 2619 1921 et
2651 1866 2770 1922 ideo
2787 1867 3045 1941 ὁμοοὺσιον
3063 1869 3377 1936 appellatvm
3396 1876 3496 1921 est.

1996 1955 2124 2010 V‘lll.
2168 1956 2273 2012 Sed
2323 1959 2460 2012 unde
2507 1958 2608 2014 hoc
2655 1959 2911 2026 verbum,
2960 1959 3080 2013 attdi
3133 1958 3497 2029 Evangelium,

1919 2048 2044 2102 audi
2091 2049 2309 2104 Paulum
2350 2051 2676 2120 apostolum,
2710 2051 2832 2106 audi
2869 2052 3166 2106 orationi-nt
3198 2052 3498 2118 oblationis,

1925 2141 2177 2206 quoniam
2204 2141 2307 2194 vita
2345 2149 2428 2196 est
2459 2141 2639 2206 Deus;
2689 2153 2744 2198 et
2790 2152 2988 2197 aeterna
3025 2144 3150 2196 vita.
3203 2142 3308 2197 Nos
3348 2142 3504 2196 Chri-

1924 2228 2105 2294 stiani,
2142 2231 2189 2284 id
2213 2242 2312 2297 est,
2349 2233 2435 2300 qui
2461 2233 2511 2286 in
2547 2231 2818 2288 Christum
2846 2232 3138 2297 credimus,
3167 2233 3426 2288 docemur
3448 2234 3500 2288 in

1923 2321 2210 2391 Evangelia
2234 2323 2447 2394 (Matth.
2477 2340 2546 2388 VI,
2581 2325 2638 2394 9)
2679 2324 2947 2394 quomodo
2983 2326 3145 2379 Deum
3176 2336 3376 2394 patrctn
3419 2341 3502 2379 ro-

1919 2429 2044 2482 gare
2083 2413 2398 2480 debeamus,
2444 2415 2498 2470 in
2526 2432 2628 2484 qua
2654 2416 2897 2471 oratione
2920 2433 3038 2470 cum
3067 2418 3227 2471 multa
3255 2418 3502 2486 petimus,

1923 2515 2032 2558 tum
2063 2505 2289 2573 petimus
2317 2521 2530 2576 panem,
2565 2507 2652 2576 qui
2685 2508 2835 2575 panis
2867 2508 2969 2561 vita
2985 2516 3067 2561 est
3100 2509 3198 2577 (sic
3233 2509 3371 2561 enim
3397 2508 3506 2562 dic-

1925 2604 2033 2646 tnnt
2071 2605 2155 2648 est
2193 2594 2371 2665 (Joan.
2417 2611 2486 2661 Vl,
2512 2595 2604 2666 59)
2639 2619 2650 2648 :
2679 2595 2780 2649 llic
2805 2598 2947 2650 enim
2990 2609 3061 2651 est
3103 2600 3282 2666 punis,
3326 2599 3410 2666 qui
3439 2603 3500 2651 de

1920 2685 2048 2739 cmlo
2075 2685 2374 2756 descendit).
2411 2687 2557 2741 llanc
2588 2690 2750 2741 vitam
2774 2696 2828 2742 et
2857 2687 3050 2742 Christi
3078 2698 3131 2742 et
3172 2690 3285 2753 Dei,
3318 2689 3368 2743 id
3397 2696 3500 2754 est,

1921 2788 2174 2831 :eternam
2201 2777 2339 2846 quod
2366 2780 2583 2833 nomine
2606 2780 2718 2847 ipse
2739 2779 2885 2843 dicit,
2931 2781 3189 2835 ἐπιούσιον
3227 2777 3395 2853 ἄρτον,
3437 2795 3506 2834 ex

1920 2865 2106 2921 eadem
2131 2868 2284 2922 ούσία
2313 2882 2524 2936 panem,
2558 2868 2607 2921 id
2631 2879 2735 2933 est,
2765 2868 2835 2923 de
2858 2870 2960 2922 vita
2987 2869 3077 2923 Dei
3106 2889 3118 2924 :
3144 2871 3504 2924 consubstan-

1923 2958 2102 3011 tialem
2145 2960 2325 3012 vitam.
2361 2957 2514 3015 Unde
2539 2961 2681 3012 enim
2717 2959 2808 3013 lilii
2844 2961 3176 3026 Deieritnus,
3221 2964 3320 3016 nisi
3349 2963 3510 3032 parti-

1921 3048 2187 3117 cipatione
2216 3050 2338 3102 vita:
2358 3049 2609 3104 retenta}?
2647 3066 2806 3119 quam
2839 3052 2991 3105 nobis
3030 3049 3276 3107 Christus
3305 3069 3333 3106 a
3358 3065 3510 3124 patre

247 3162 547 3232 regrinatur
569 3177 599 3214 a
625 3161 754 3225 Deo,
782 3173 881 3213 ncc
897 3158 1140 3227 spiritum
1173 3157 1260 3210 Dei
1292 3155 1470 3215 Ilabcl,
1496 3169 1592 3208 nec
1615 3153 1814 3218 lumen,

1924 3139 2151 3196 al'l‘erens
2188 3141 2354 3196 dedit.
2403 3142 2515 3197 lloc
2555 3157 2683 3213 ergo
2719 3152 2801 3197 est
2848 3143 3000 3214 (Luc.
3036 3160 3114 3210 ιιι,
3148 3143 3224 3216 3),
3273 3145 3356 3208 δός
3391 3149 3510 3219 ἡμῖν

245 3267 347 3308 nec
371 3249 660 3316 Christum,
692 3250 776 3303 hic
797 3249 933 3316 apud
961 3264 1019 3303 se
1039 3247 1304 3302 constnuit
1327 3245 1675 3299 substantiam
1707 3243 1818 3298 Dei.

246 3341 374 3399 llatc
401 3353 478 3397 est
509 3342 647 3397 enim
683 3341 773 3395 Dei
800 3341 1121 3404 ὑπόστασις,
1152 3347 1206 3391 ut
1235 3337 1499 3400 diximus;
1543 3337 1654 3389 sive
1683 3349 1822 3389 nunc

247 3436 367 3490 lieic
393 3432 877 3498 divitiasdicamus,
906 3431 987 3486 vel
1017 3429 1413 3497 patrimonium,
1442 3426 1573 3480 nihil
1602 3425 1780 3479 dill'ert
1805 3442 1818 3478 :

245 3525 326 3580 sic
355 3525 496 3578 enim
518 3522 713 3577 dictum
741 3531 823 3577 est
838 3522 904 3575 ab
925 3519 1165 3590 apostolo
1180 3519 1345 3574 Paulo
1365 3539 1377 3574 :
1397 3519 1441 3572 Ο
1464 3518 1676 3572 altitudo
1698 3516 1826 3570 divi-

245 3618 433 3670 tiaram
459 3616 721 3685 sapientia:
769 3625 814 3668 et
859 3614 1078 3666 scientia:
1130 3611 1253 3665 Dei!
1282 3611 1457 3683 (Rom.
1499 3625 1573 3675 XI,
1604 3608 1719 3679 33).
1767 3607 1822 3662 Si

246 3707 406 3776 igitur
425 3705 620 3760 divitia:
645 3704 761 3770 Dei,
792 3703 1046 3772 sapientia
1070 3713 1124 3757 et
1147 3703 1370 3756 scicntia
1394 3709 1519 3754 sunt
1544 3717 1556 3752 :
1590 3709 1642 3754 ct
1673 3699 1716 3752 si
1735 3712 1823 3752 sa-

248 3798 442 3867 pientia
475 3805 529 3850 et
557 3794 772 3850 scientia
804 3796 916 3864 ipsa
949 3796 1115 3848 virtus
1161 3793 1249 3847 Dei
1285 3803 1363 3847 est
1385 3834 1399 3859 ,
1435 3792 1602 3846 virtus
1646 3798 1823 3845 autem

249 3889 342 3944 Dei
375 3887 617 3943 Christus
643 3899 744 3955 est,
773 3886 1021 3942 Christus
1051 3896 1226 3940 autem
1254 3885 1412 3956 Λόγος
1452 3892 1554 3948 est;
1584 3894 1741 3955 Λογος
1770 3889 1824 3936 et

246 3995 372 4034 vere
396 3979 558 4042 ﬁlius,
591 3979 731 4032 lilins
757 3987 934 4032 autem
963 3978 1014 4030 in
1046 3985 1193 4046 patre
1224 3977 1335 4047 ipse
1361 3985 1442 4030 est
1468 3993 1480 4028 :
1517 3975 1629 4046 ipse
1657 3990 1782 4045 ergo
1804 4014 1820 4040 ,

245 4070 445 4125 divitiae
474 4071 659 4140 patris;
683 4069 795 4138 ipse
817 4071 1104 4129 ὑπόστασις
1132 4077 1231 4122 est.
1263 4066 1377 4121 Jam
1405 4067 1564 4137 igitur
1591 4065 1721 4119 nihil
1743 4064 1824 4119 in—

248 4174 451 4228 lercst,
504 4175 680 4216 utrum
721 4159 1006 4217 ὑπόστασιν
1052 4160 1261 4215 divitias
1313 4158 1702 4228 intelligamus,
1754 4173 1822 4212 an

245 4258 420 4312 οὐσίαν
443 4295 459 4322 ,
505 4251 794 4309 dummodo
821 4253 872 4308 id
902 4253 1233 4323 signiﬁcetur
1262 4267 1366 4320 quo
1399 4250 1514 4321 ipse
1546 4251 1685 4305 Deus
1715 4257 1818 4304 est.

247 4347 388 4418 Ergo
407 4346 598 4400 lccltttu
628 4355 708 4400 est
733 4342 800 4400 tle
831 4343 939 4398 Deo
964 4344 1042 4398 vel
1064 4339 1354 4403 ὑπόστασις
1387 4341 1465 4396 vel
1500 4344 1646 4397 οὐσία
1678 4357 1690 4393 :
1722 4339 1824 4395 hoc

245 4449 423 4494 autem
451 4436 596 4491 etde
623 4434 838 4490 Christo
870 4433 1201 4504 intelligitur.
1237 4433 1446 4486 Dictum
1473 4443 1555 4488 est
1588 4450 1600 4484 :
1632 4429 1743 4500 Ego
1768 4433 1823 4486 in

1924 3231 2176 3285 ἐπιούσιον
2205 3228 2378 3304 ἄρτον,
2421 3230 2472 3285 id
2513 3242 2616 3296 est,
2662 3231 2827 3286 vitam
2866 3249 2932 3287 ex
2959 3233 3145 3288 eadem
3186 3237 3505 3303 substantia,

1923 3323 2122 3375 ctenim
2169 3322 2210 3375 si
2251 3323 2390 3391 quod
2429 3323 2742 3392 accipimus,
2782 3339 2976 3392 corpus
3015 3322 3212 3378 Christi
3257 3335 3360 3393 est,
3392 3326 3507 3395 ipse

1924 3422 2101 3466 autem
2139 3413 2384 3467 Christus
2424 3414 2526 3468 vita
2569 3425 2672 3479 est,
2712 3415 3002 3484 qutt‘rimus
3042 3412 3193 3490 ἄρτον
3226 3418 3501 3484 ἐπιούσιον,

1924 3502 2124 3556 divitiae
2160 3504 2302 3557 enim
2349 3502 2400 3558 in
2426 3503 2639 3558 Christo
2660 3506 3011 3574 corporaliter
3052 3506 3322 3572 habitant;
3356 3509 3507 3563 Grae-

1924 3606 2044 3645 cum
2085 3593 2242 3662 igitur
2265 3593 2603 3661 Evangelium
2625 3593 2778 3648 habet
2798 3595 3078 3662 ὶπιούσιον,
3102 3597 3243 3667 quod
3266 3598 3507 3652 denomi-

1925 3695 2104 3736 natnm
2137 3696 2218 3736 cst
2238 3699 2266 3736 a
2288 3685 2606 3748 substantia,
2637 3696 2689 3740 et
2719 3688 2896 3755 utique
2925 3688 3013 3741 Dei
3037 3691 3334 3744 Substautia
3362 3709 3373 3744 :
3397 3690 3502 3746 hoc

1926 3773 2094 3827 Latini
2119 3774 2199 3828 Vcl
2222 3791 2327 3828 non
2351 3776 2705 3846 intelligentes
2726 3778 2806 3831 vel
2825 3793 2931 3832 non
2951 3779 3185 3834 valentes
3197 3784 3500 3852 exprimere

1927 3882 2030 3921 non
2047 3877 2330 3937 potuerunt
2345 3867 2546 3934 dicere,
2579 3871 3015 3925 ettantntntnodo
3036 3873 3384 3943 quotidianum
3406 3892 3499 3942 po-

1924 3968 2149 4024 suerunt,
2169 3972 2272 4012 non
2293 3959 2564 4016 ἐπιούσιον.
2593 3961 2685 4015 Est
2701 3976 2828 4030 ergo
2848 3973 2900 4017 et
2917 3978 3109 4017 nomen
3133 3963 3350 4030 lectum,
3376 3965 3502 4020 etin

1927 4046 2036 4101 Deo
2059 4048 2377 4115 substantia,
2407 4059 2458 4104 et
2479 4049 2583 4105 dici
2613 4060 2785 4120 potest
2807 4069 2981 4123 gr.ece
3015 4055 3175 4108 etiam
3197 4054 3358 4110 latine
3394 4071 3498 4111 non

1925 4143 2260 4211 exprimitur;
2285 4143 2476 4199 dicitur
2494 4155 2669 4200 tamen
2689 4162 2860 4216 grtece
2873 4148 2994 4218 quia
3017 4147 3505 4220 intclligitur.Ergo

1928 4248 2024 4287 nos
2052 4235 2139 4304 qui
2170 4233 2441 4290 Christum
2483 4237 2770 4302 credimus,
2804 4239 2927 4308 quia
2951 4239 3018 4295 ab
3055 4255 3120 4295 eo
3144 4242 3304 4296 vitam
3349 4255 3508 4298 teter-

1927 4340 2047 4377 nam
2078 4340 2374 4394 speramus,
2405 4329 2527 4398 quia
2556 4328 2669 4397 ipse
2707 4330 2813 4384 vita
2844 4341 2947 4396 est,
2977 4347 3096 4386 cum
3133 4333 3303 4402 ipsum
3331 4335 3508 4405 sequi.

1929 4437 2066 4488 niur,
2097 4432 2152 4477 et
2180 4439 2300 4477 cum
2323 4441 2408 4488 eo,
2435 4433 2486 4480 et
2508 4425 2648 4480 circa
2672 4426 2867 4495 ipsum.
2897 4437 2948 4483 et
2978 4428 3119 4484 circa
3158 4431 3318 4484 vitam
3349 4441 3506 4487 teter-

247 4541 389 4600 patre
411 4572 426 4598 ,
473 4539 520 4583 et
547 4537 691 4600 pater
728 4529 780 4582 in
810 4543 886 4580 me
914 4525 1091 4596 (Joan.
1118 4541 1207 4582 xtv
1227 4567 1242 4593 ,
1292 4527 1400 4595 l0).
1430 4525 1579 4591 Quod
1607 4524 1819 4593 quidem

1929 4529 2048 4567 nam
2097 4529 2321 4582 sumus,
2374 4526 2428 4570 et
2475 4517 2807 4587 appellamur
2856 4519 2974 4581 λαός
3016 4523 3327 4596 περιούσιος.
3374 4521 3511 4578 llinc

247 4622 368 4676 ideo
394 4621 476 4675 bis
511 4621 706 4674 dictum
731 4660 744 4684 ,
774 4620 892 4686 quia
927 4619 976 4672 in
1003 4628 1149 4686 patre
1171 4633 1291 4672 esse
1323 4618 1492 4685 potuit
1518 4616 1678 4683 illius,
1711 4631 1815 4670 non

245 4721 422 4768 tamen
450 4720 505 4765 et
534 4712 584 4763 in
617 4710 725 4763 lilio
775 4719 939 4777 pater,
973 4707 1066 4761 sed
1096 4716 1152 4761 ut
1181 4707 1453 4777 plenitudo
1483 4716 1641 4777 atque
1679 4706 1819 4761 idem

247 4817 409 4856 unum
441 4800 491 4854 in
518 4801 736 4871 singulis
764 4809 924 4854 esset.
959 4799 1013 4853 Si
1042 4807 1223 4854 autem
1265 4798 1448 4853 eadem
1490 4800 1776 4861 ὑπόστασις
1803 4839 1818 4864 ,

246 4894 508 4967 amco-tm
529 4909 673 4964 ergo.
706 4893 904 4948 Eadem
933 4902 1110 4948 autem
1138 4912 1150 4948 :
1182 4909 1301 4947 nam
1323 4891 1566 4948 Christus
1587 4895 1722 4948 Deus
1751 4895 1819 4948 de

248 4989 378 5052 Deo,
395 4987 633 5042 etlotnen
650 4985 715 5041 de
730 4986 949 5041 lumine.
972 4986 1112 5056 Ergo
1130 4984 1410 5059 ὁμοούσιον.
1429 4986 1481 5040 Id
1499 4997 1675 5041 autem
1693 4988 1736 5041 si
1751 5003 1818 5042 ex

246 5090 451 5135 aeterno
463 5089 511 5131 et
529 5089 740 5146 semper
753 5081 1056 5133 necessario
1073 5077 1385 5147 simul,ergo
1397 5095 1520 5133 vere
1535 5079 1817 5152 όμοούσιον.

320 5171 430 5227 Vll.
457 5171 524 5224 At
553 5171 692 5223 enim
720 5169 822 5224 hoc
849 5169 1020 5239 ipsum
1051 5168 1314 5242 όμοοὺσιον
1341 5170 1538 5226 lectum
1561 5179 1659 5225 est.
1690 5171 1822 5225 Om-

247 5263 331 5316 nia
359 5263 505 5317 enim
545 5275 663 5329 quae
709 5260 942 5316 diximus
985 5261 1119 5317 lecta
1151 5275 1273 5317 sunt
1297 5282 1315 5336 ⁴ε
1348 5263 1499 5318 Vobis
1530 5262 1682 5330 dico,
1732 5263 1823 5334 qui

243 5355 352 5424 jam
383 5350 622 5407 fatemini
651 5351 719 5406 de
759 5353 887 5416 Deo,
915 5357 997 5407 vel
1036 5353 1177 5424 quod
1223 5355 1400 5410 lumen
1426 5355 1528 5423 sit,
1555 5355 1640 5411 vel
1679 5357 1819 5427 quod

248 5448 484 5519 spiritus.
520 5443 698 5498 Dicitis
719 5459 845 5516 ergo
867 5445 935 5501 de
965 5446 1074 5501 Deo
1104 5447 1288 5510 Deum,
1331 5445 1399 5501 de
1431 5447 1679 5502 invisibili
1707 5446 1828 5518 Spi-

249 5541 353 5596 ritu
392 5539 672 5608 Spiritntn,
699 5545 752 5592 et
778 5553 960 5593 verum
1004 5538 1183 5593 lumen
1211 5539 1279 5595 de
1302 5554 1428 5594 vero
1454 5539 1676 5608 lumine,
1705 5556 1825 5612 qua:

250 5642 373 5688 sunt
414 5631 730 5690 ὑποστάσεις
772 5628 889 5686 Dei.
921 5629 1115 5686 Verum
1156 5647 1278 5688 cum
1316 5631 1491 5690 dicitis
1529 5632 1824 5705 Christum,

252 5725 417 5782 Deutn
445 5723 513 5780 de
544 5721 673 5791 Deo,
707 5722 884 5780 lumen
915 5722 983 5781 de
1011 5724 1243 5797 lumine,
1272 5737 1326 5787 et
1348 5729 1473 5788 talia
1498 5747 1514 5787 :
1541 5730 1630 5789 ubi
1654 5731 1734 5790 sic
1753 5732 1830 5791 le-

1924 4613 2139 4659 sanctus
2161 4606 2450 4675 Apostolus
2475 4606 2541 4660 ad
2563 4607 2737 4662 Titum
2763 4609 3002 4679 Epistola
3037 4612 3113 4665 sic
3150 4611 3286 4665 dixit
3323 4613 3511 4671 Graece

1925 4693 2053 4765 (Tit.
2083 4711 2140 4761 lt,
2178 4697 2262 4765 Μ)
2293 4713 2306 4749 :
2330 4694 2436 4752 Ἰνοι
2453 4698 2777 4774 λυτρώσηται
2796 4703 2928 4773 ἡμᾶς
2951 4702 3050 4756 ἀπὸ
3073 4704 3242 4765 πάσης
3278 4705 3510 4776 ἀνομίας,

1919 4790 2001 4840 καὶ
2021 4789 2265 4864 καθαρίσῃ
2286 4788 2451 4862 ίαν-τῷ
2471 4789 2587 4845 λαὸν
2609 4793 2902 4867 περιούσιον
2925 4793 3128 4858 ζηλοτὴν
3151 4795 3311 4850 καλῶν
3331 4794 3508 4870 ἔργων.

1921 4877 2142 4933 Latinos
2163 4896 2283 4934 cum
2309 4898 2414 4936 non
2436 4882 2760 4954 intelligeret
2787 4889 3082 4962 περιούσιον
3104 4885 3278 4959 ὄχλον,
3302 4890 3514 4964 περιοὺ⁴

1920 4991 2049 5034 σιον,
2074 4973 2158 5027 τὸν
2191 4973 2455 5048 περιόντα,
2487 4973 2537 5028 id
2567 4984 2669 5041 est,
2701 4976 2843 5030 circa
2875 4979 3039 5032 vitam
3070 4994 3227 5047 quam
3265 4977 3514 5036 Christus

1923 5074 1977 5119 et
1999 5065 2158 5121 habet
2179 5077 2231 5120 et
2250 5069 2363 5132 dat,
2391 5071 2565 5137 posuit
2585 5070 2834 5140 papulum
2854 5071 3210 5126 abundantem.
3235 5073 3373 5141 Quid
3397 5091 3512 5131 tne-

1924 5160 2010 5215 riti
2033 5169 2114 5216 est
2142 5169 2202 5215 ιιι
2230 5163 2464 5218 salvetur
2488 5166 2713 5235 populus
2750 5181 2855 5236 quo
2885 5166 3156 5222 abundat?
3188 5168 3300 5224 Hoc
3332 5179 3510 5226 autem

1925 5267 2110 5306 rursus
2139 5270 2326 5322 magna
2347 5271 2508 5310 causa
2550 5267 2603 5312 et
2634 5258 2796 5310 veluti
2824 5260 3141 5324 necessitas,
3174 5275 3281 5330 quo
3299 5264 3509 5338 περιού-

1927 5365 2058 5406 σιος.
2097 5345 2228 5400 lliuc
2249 5347 2422 5403 oratio
2443 5347 2727 5403 oblationis
2750 5348 3026 5405 intellectu
3054 5351 3243 5406 eodem
3268 5363 3518 5423 precatur

1925 5453 2084 5493 etttn:
2119 5446 2285 5495 σῶσον
2323 5443 2608 5515 περιούσιον
2642 5439 2792 5504 λαὸν,
2851 5443 3076 5507 ζηλωτήν
3114 5445 3278 5500 καλῶν
3329 5445 3512 5522 ἔργων.

1929 5530 2070 5601 Ergo
2116 5533 2250 5588 lecta
2279 5543 2403 5589 sunt
2440 5534 2646 5600 onmia,
2696 5531 3039 5591 denominata
3077 5537 3145 5591 ab
3183 5540 3360 5599 οὐσίας
3392 5539 3519 5596 hinc

1928 5625 2102 5695 itaque
2124 5627 2476 5695 compositum
2503 5625 2772 5699 ὃμοούσιον
2791 5627 2861 5682 de
2893 5628 2998 5681 Deo
3021 5638 3076 5685 et
3105 5630 3341 5700 Christo,
3371 5632 3517 5701 quod

1930 5723 1985 5772 et
2020 5715 2088 5771 ab
2130 5717 2335 5772 ratione
2365 5729 2472 5771 non
2513 5724 2596 5772 est
2632 5717 2866 5774 alienum
2892 5735 2905 5772 :
2930 5717 3090 5775 habet
3126 5720 3271 5778 enim
3316 5721 3515 5794 οὔσιον,
