3950 6206
437 235 575 291 1095

429 438 825 493 denominatum
859 444 938 488 est
961 450 974 487 ε
1000 438 1054 484 et
1080 430 1180 483 hoc
1210 440 1401 481 nomen
1424 438 1610 478 omnes
1634 417 1869 475 excludit
1898 415 2004 467 hrc-

432 530 667 593 retieos;
700 524 1000 582 necessario
1022 538 1148 591 ergo
1178 520 1406 590 positum
1428 534 1455 571 a
1484 513 1791 585 majoribus.
1819 510 2005 563 Dicen-

431 624 555 678 dum
578 637 704 692 ergo
730 632 785 676 et
809 631 1021 687 semper
1044 613 1372 670 tractandum
1396 619 1494 665 est.

505 738 595 793 lX.
620 740 688 791 At
708 734 850 790 enim
867 730 984 800 quia
1009 744 1112 783 non
1129 726 1461 795 intelligitur,
1487 716 1865 776 etscandalnm
1887 710 2010 765 facit

443 827 731 884 tollendum
755 824 891 879 etde
907 822 1007 876 fide
1028 830 1081 876 et
1096 826 1341 879 tractatu,
1359 827 1447 867 aut
1469 821 1613 867 certe
1630 810 1796 862 latine
1811 819 2011 873 ponen-

433 920 595 976 dum:
625 936 726 973 non
762 915 1097 984 intelligitur,
1122 910 1324 965 dicunt.
1355 908 1494 975 Ergo
1532 918 1632 958 nec
1654 902 1816 954 latine
1840 903 2012 965 potest

436 1013 561 1067 diei.
632 1010 743 1065 Non
809 1005 1159 1075 intelligitur,
1205 1014 1370 1069 quare
1421 1010 1513 1050 vos
1561 991 1757 1046 timetis
1827 984 2012 1041 istud?

436 1107 521 1177 qui
562 1104 701 1159 enim
742 1108 1067 1171 oppugnant,
1100 1094 1289 1148 timent
1316 1100 1490 1143 tamen
1516 1104 1527 1138 :
1553 1086 1595 1138 si
1641 1080 1871 1143 timetis;
1905 1077 2013 1130 lineo

434 1194 587 1251 retici
617 1193 766 1255 estis,
810 1190 912 1243 hoc
939 1186 1153 1242 excluso
1194 1182 1497 1236 subintrare
1534 1174 1745 1242 cupitis.
1788 1168 1921 1222 Num
1969 1165 2014 1219 si

441 1272 618 1342 ubam
644 1285 695 1337 in
721 1281 827 1335 Deo
856 1278 1078 1347 negatis,
1110 1271 1371 1345 ὁμοοΰσιον
1394 1269 1513 1321 ideo
1536 1265 1648 1318 tolli
1677 1261 1856 1321 vultis,
1892 1256 2014 1325 quia

438 1379 612 1432 οὐσίαν
635 1370 897 1427 fatentur?
937 1369 1077 1436 Ergo
1111 1361 1404 1430 intelligitis
1424 1368 1477 1412 et
1509 1354 1727 1409 timetis.
1756 1351 1811 1403 Si
1838 1358 2014 1400 autem

438 1476 495 1524 et
519 1466 737 1521 Basilius
754 1464 1019 1535 ὁμοούσιον
1034 1456 1174 1519 dicit,
1193 1465 1245 1507 et
1265 1451 1365 1505 hoc
1386 1462 1596 1518 quoque
1617 1456 1811 1497 nomen
1832 1438 2019 1491 adver-

443 1576 560 1615 sum
588 1557 739 1613 vobis
776 1563 878 1620 est,
927 1562 979 1606 et
1003 1549 1122 1604 ideo
1148 1556 1201 1602 et
1242 1546 1342 1598 hoc
1369 1539 1681 1611 repudiatis,
1709 1532 1828 1603 quia
1853 1529 2019 1584 semel

444 1653 620 1706 οὐσίαν
651 1646 854 1717 negatis
894 1644 945 1697 in
980 1641 1113 1694 Deo.
1143 1637 1200 1692 Si
1222 1645 1395 1689 autem
1424 1632 1543 1685 ideo
1566 1624 1873 1697 repudiatis,
1898 1622 2018 1691 quia

1631 216 1823 273 manu
1849 207 2193 270 Vtcrontau
2234 201 2396 261 AFttI
2464 178 2465 181 γ

428 360 585 415 quam
623 342 696 416 (l)
725 341 920 396 habent
959 336 1235 408 superiora
1273 333 1509 394 nomina,
1561 339 1610 385 et
1634 328 1819 383 eadem
1859 323 2014 377 modo
2042 326 2092 383 Α
2120 328 2283 373 totum
2307 316 2489 369 urbem
2513 313 2780 368 decretam
2805 308 2963 366 fidem
2986 307 3283 371 mittentes,
3316 280 3704 375 cpiscormrum

1900 415 1904 416 ,
2178 408 2249 416 ....
2317 410 2326 416 .
2493 406 2505 416 .
2637 404 2649 416 ι
2709 403 2719 416 ι
2919 411 2929 416 -
2987 414 2989 416 ,
3046 401 3059 416 ι
3094 399 3167 416 -ιιο
3196 414 3226 416 η
3278 394 3538 416 .-Λ-..-..ε-
3612 390 3702 416 --ΑΙ

2121 408 2280 464 millia
2315 410 2367 461 in
2410 406 2594 461 eadem
2636 403 2956 466 habuerunt,
2981 401 3064 455 vel
3094 399 3237 454 illius
3277 394 3563 465 temporis,
3612 390 3707 446 vel

2109 498 2441 570 sequentium
2488 511 2769 551 annorum.
2804 494 3093 549 Probatum
3134 500 3311 547 autem
3354 488 3426 542 ab
3466 486 3703 555 impera-

2112 604 2227 646 tore
2262 589 2606 659 imperatoris
2631 588 2794 642 nostri
2825 594 2993 655 patre.

2179 723 2247 777 Χ.
2289 722 2394 777 Sed
2436 721 2600 776 latine
2622 719 2723 773 hoc
2745 735 2838 772 nos
2860 717 2963 771 dici
2988 715 3233 771 volumus
3260 730 3274 768 :
3298 726 3402 766 nee
3425 710 3531 765 hoc
3552 708 3705 763 vobis

2112 806 2535 886 negabitur,'vos
2564 813 2651 880 qui
2686 809 3038 864 substantiam
3066 808 3271 876 negatis
3295 807 3349 859 in
3376 805 3489 858 Deo
3510 817 3700 871 quam-

2112 922 2216 978 que
2246 922 2273 959 a
2298 904 2493 959 Basilio
2516 900 2825 966 vincamini,
2850 908 2901 953 et
2923 909 2997 963 ιιι,
3025 897 3209 960 Basili,
3232 896 3323 963 qui
3347 894 3705 948 substantiam

2113 998 2403 1061 confiteris,
2465 994 2671 1064 utrique
2721 991 2914 1046 vestris
2955 990 3171 1044 vocibus
3216 989 3494 1060 ὁμοούσιον
3537 984 3707 1039 contio

2116 1091 2319 1144 temini.
2350 1088 2548 1155 Nempe
2587 1086 2762 1139 dicitis
2795 1084 2983 1147 Deum,
3032 1092 3083 1136 et
3126 1082 3376 1135 eumdem
3418 1078 3602 1132 dicitis
3630 1077 3709 1129 lu-

2117 1196 2255 1246 men,
2291 1179 2537 1233 eumdem
2567 1177 2833 1245 spiritum.
2868 1174 2969 1239 Qui
3016 1174 3145 1227 dicit
3181 1173 3301 1237 ista,
3349 1169 3705 1223 substantiam

2118 1270 2243 1323 dicit
2274 1270 2385 1323 Dei.
2436 1267 2563 1321 Nam
2593 1268 2680 1335 qui
2711 1266 2837 1318 dicit
2883 1272 3083 1331 patrem
3117 1261 3200 1315 vel
3249 1261 3703 1328 omnipotentem,

2118 1358 2202 1412 vel
2242 1358 2461 1421 bonum,
2495 1356 2575 1409 vel
2608 1354 2872 1407 infinitum
2905 1360 2959 1406 et
2991 1351 3132 1413 talia,
3167 1364 3270 1403 non
3318 1346 3701 1412 substantiam,

2117 1448 2212 1505 sed
2241 1448 2549 1517 qualitatem
2569 1444 2718 1497 dicit.
2753 1445 2879 1496 Item
2906 1441 3070 1495 tilium
3094 1440 3270 1494 dicitis
3292 1439 3473 1509 Λόγον.
3508 1439 3705 1501 lumen,

2119 1540 2401 1609 spiritum;
2430 1547 2484 1591 et
2505 1538 2604 1590 ista
2633 1534 2979 1588 substantiam
3009 1532 3331 1599 significant;
3356 1530 3569 1583 Rursus
3590 1542 3707 1580 cum

2122 1630 2297 1685 dicitis
2332 1630 2517 1692 Deum,
2544 1626 2719 1680 dicitis
2753 1625 2916 1678 Deum
2948 1624 3015 1678 tle
3041 1623 3168 1685 Deo,
3202 1636 3389 1674 verum
3425 1620 3607 1672 lumen
3640 1616 3702 1671 de

447 1739 769 1810 Ῐῐῑῑθυίϐίιίδῖ
792 1747 845 1791 ει
865 1735 977 1804 ipse
1007 1724 1497 1792 Βθείηυείηῑθιιῖϐίι
1525 1720 1609 1790 (illi
1635 1719 1896 1790 ὅμοούσιον
1918 1712 2021 1765 diei
2052 1711 2097 1769 Β
2126 1736 2255 1775 vero
2283 1719 2484 1773 lumine
2511 1735 2522 1768 :
2552 1723 2924 1783 argumentum
2953 1711 3157 1767 timoris
3189 1713 3368 1765 Basilii
3404 1710 3614 1772 tollitis,
3645 1721 3709 1762 ne

448 1835 575 1898 vult,
599 1833 664 1886 de
684 1846 790 1900 quo
813 1835 930 1897 post
950 1826 1244 1894 loquemur.
1270 1815 1383 1872 Non
1410 1822 1492 1868 est
1511 1812 1775 1884 ὁμοούσιον
1797 1817 2012 1864 nomen,

448 1925 587 1993 quod
620 1936 722 1975 non
749 1893 1078 1984 intelligitur.
1108 1910 1313 1971 Latine,
1340 1902 1606 1975 inquiunt,
1630 1901 1859 1953 dicatur.
1886 1893 2022 1960 Quia

450 1982 665 2069 difﬁcile
690 2011 903 2071 dicitur,
924 1982 1070 2059 video
1099 1999 1379 2070 expetitis;
1412 2005 1464 2048 et
1509 1994 1550 2046 si
1583 1991 1807 2050 dicatur,
1850 1982 2025 2053 sequi-

454 2108 604 2163 mini.
651 2104 891 2174 hlagnum
940 2093 1285 2153 miraculum!
1341 2087 1560 2143 verbum
1607 2097 1702 2136 vos
1742 2078 2026 2133 haereticos

452 2196 597 2261 facit,
630 2196 710 2250 vel
752 2192 925 2262 potius
969 2200 1133 2243 sonus
1173 2180 1354 2243 verbi,
1416 2174 1556 2244 quod
1596 2186 1768 2242 grtcce
1810 2166 2023 2221 dicitur.

459 2260 659 2344 Deinde
687 2286 731 2337 si
752 2260 921 2337 iatine
947 2280 1155 2338 dixero,
1187 2274 1308 2343 quia
1328 2268 1566 2324 Ecclesia
1597 2264 1756 2317 habet
1788 2260 2027 2321 Graecos,

459 2388 512 2435 et
533 2377 653 2449 quia
668 2374 839 2429 omnis
853 2372 1112 2439 scriptura
1136 2365 1215 2419 vel
1234 2362 1439 2416 Veteris
1451 2352 1777 2411 Testamenti
1800 2359 1854 2403 et
1874 2346 2031 2409 Novi,

464 2482 517 2527 et
550 2445 729 2539 igrrece
757 2475 811 2521 et
839 2462 1003 2530 latine
1032 2459 1225 2525 scripta
1257 2464 1361 2517 est,
1394 2451 1439 2506 si
1482 2464 1587 2503 non
1617 2445 1860 2514 ponimus
1900 2453 2031 2508 grae-

459 2578 542 2629 ce,
572 2557 877 2628 interrogati
900 2570 930 2607 a
950 2552 1170 2615 Grzncis,
1202 2547 1324 2617 quid
1349 2534 1817 2612 restiondebimus?
1837 2531 2034 2586 Neces-

463 2656 607 2711 sario
639 2650 921 2707 dicendum
946 2657 1026 2701 est
1048 2644 1312 2715 ὁμοούσιον
1342 2656 1355 2689 :
1382 2650 1509 2705 ergo
1542 2628 1865 2702 ponendum.
1896 2620 2035 2689 Quid

466 2746 680 2803 autem?
728 2745 784 2798 1n
826 2738 1113 2807 Scripturis
1158 2747 1263 2787 non
1304 2729 1465 2783 multa
1505 2734 1628 2778 sunt
1671 2718 1904 2775 nomina.
1953 2713 2035 2767 vel

466 2853 659 2912 grwea,
691 2835 773 2890 vel
820 2830 1093 2893 ltebraica,
1124 2834 1215 2877 aut
1241 2826 1606 2887 interpretata,
1637 2822 1727 2865 aut
1749 2824 1853 2862 non
1876 2806 2038 2861 inter.

469 2901 708 3001 pretata?
737 2935 791 2978 ut
835 2920 1046 2993 (Matth.
1098 2911 1401 2979 xxvu,46),
1443 2910 1569 2968 Ηλιί,
1605 2906 1729 2966 nisi,
1771 2901 1909 2969 λαμᾶ
1946 2917 2041 2949 σα-

473 2987 735 3092 saxeam.
768 2987 898 3070 ltein
941 3009 1226 3080 Golgotha,
1251 3015 1302 3059 et
1346 2997 1663 3055 Emmanuel.
1706 2994 1833 3047 Item
1856 2990 1898 3062 (I
1922 2987 2038 3041 Cor.

2125 1813 2195 1866 sit
2217 1812 2464 1879 superior
2493 1808 2813 1869 substantia,
2848 1822 2912 1860 ex
2940 1821 3040 1874 qua
3068 1804 3173 1857 duo
3200 1811 3345 1856 sunt.
3379 1803 3435 1854 Si
3470 1797 3708 1855 enimvde

2124 1903 2232 1957 Deo
2278 1901 2438 1960 Deus,
2465 1907 2519 1951 et
2550 1898 2726 1950 lumen
2761 1894 2841 1970 ‘dc
2888 1894 3119 1955 lumine,
3151 1892 3329 1957 utique
3374 1890 3546 1958 patris
3588 1888 3707 1941 sub-

2124 1992 2316 2047 stantia
2346 1991 2436 2043 filii
2465 1999 2547 2043 est
2576 2006 2585 2041 :
2615 1988 2737 2057 quia
2762 1986 2877 2055 ipse
2906 1985 3047 2039 Deus
3080 1993 3250 2051 pater,
3274 1984 3389 2050 ipse
3417 1980 3704 2034 substantia

2125 2094 2226 2149 est,
2256 2083 2324 2137 de
2354 2097 2453 2151 qua
2483 2078 2776 2134 substantia
2809 2076 2949 2129 filius
2985 2075 3162 2146 Λόγος,
3198 2074 3403 2137 lumen,
3448 2072 3703 2142 spiritus:

2127 2174 2324 2230 ctenim
2355 2188 2474 2226 eum
2503 2172 2698 2224 dicitur
2727 2168 2892 2229 titius,
2940 2166 3065 2220 item
3094 2165 3360 2227 Salvator,
3393 2164 3523 2217 item
3552 2161 3703 2217 Jesus

2128 2263 2396 2324 Christus,
2424 2258 2715 2313 secundum
2745 2256 3075 2326 qualitatem,
3108 2269 3213 2307 non
3249 2254 3544 2307 secundum
3590 2251 3706 2305 sub-

2134 2352 2384 2406 stantiam
2412 2348 2628 2403 dicitur.
2657 2347 2745 2400 Sic
2772 2345 2974 2412 reliqua
3001 2344 3079 2397 vel
3113 2343 3246 2411 patri
3270 2342 3466 2394 dantur
3483 2342 3563 2395 vel
3584 2341 3705 2404 filio,

2134 2455 2260 2510 ergo
2300 2437 2650 2493 substantiam
2693 2434 2953 2489 fatemini.
2989 2433 3093 2487 Vos
3120 2442 3298 2486 atttem
3336 2440 3485 2486 certe
3522 2431 3707 2485 Basilio

2133 2532 2357 2595 credite,
2375 2530 2461 2598 qui
2488 2526 2671 2582 eadem
2713 2526 2778 2579 de
2802 2527 2997 2589 Deu,et
3032 2524 3098 2577 de
3128 2522 3341 2576 Christo
3363 2523 3511 2586 dicit;
3538 2522 3707 2575 lumen

2138 2622 2299 2678 Deum
2325 2638 2339 2674 :
2370 2621 2631 2689 spiritum,
2659 2618 2819 2689 λόγον,
2850 2604 3279 2670 etsuhstantiam
3308 2612 3616 2667 confitetur.
3645 2611 3709 2664 At

2138 2714 2277 2767 enim
2332 2712 2383 2764 in
2414 2710 2528 2763 istis
2576 2709 2834 2778 ὁμοούσιον
2880 2720 2984 2759 non
3016 2705 3231 2759 estzita
3260 2713 3365 2767 est,
3412 2704 3458 2756 si
3508 2717 3612 2755 non
3660 2700 3708 2753 in

2142 2804 2395 2873 ὁμωυσίῳ
2445 2799 2683 2853 eamdem
2715 2796 3062 2851 substantiam
3110 2794 3394 2863 intelligas.
3423 2791 3518 2845 Sin
3547 2798 3712 2843 autem

2142 2909 2261 2947 cum
2292 2891 2629 2959 componitur
2653 2889 2892 2951 verbum,
2925 2886 3062 2940 idem
3104 2886 3155 2939 in
3193 2884 3404 2937 duobus
3438 2883 3522 2936 vel
3555 2882 3710 2949 plurio

2144 2985 2239 3038 bus
2271 2982 2601 3052 slgnificatur
2640 2978 2885 3051 ὁμοειδὴς,
2916 2977 3057 3047 quod
3085 2980 3271 3031 eadem
3316 2976 3383 3029 sit
3414 2976 3635 3044 specie:
3662 2980 3714 3027 et

474 3063 734 3092 “"L"‘""
768 3063 898 3070 ---τ-ν
951 3063 965 3066 ν
997 3063 1002 3064 ν
1040 3063 1063 3080 ,ι
1214 3063 1224 3072 ,

470 3128 579 3177 xvi,
607 3111 722 3179 22),
756 3106 814 3161 Si
842 3105 953 3175 quis
993 3118 1092 3155 non
1122 3106 1254 3150 mnat
1304 3092 1579 3146 Dominum
1616 3094 1841 3139 nostrum
1867 3078 2039 3133 Cltris-
2068 3074 2112 3136 C
2143 3074 2340 3147 ὁμοή).ιξ
2372 3072 2509 3139 quod
2554 3070 2738 3123 eadem
2771 3079 2946 3129 :etate,
2981 3076 3033 3122 et
3060 3066 3199 3137 quod
3241 3066 3503 3136 ὁμώνυμος
3532 3063 3713 3119 eodem

1968 3178 1971 3179 7
2275 3164 2285 3173 ’
2340 3177 2351 3179 ‘
2456 3159 2726 3179 “"““”‘
2786 3158 2797 3174 ‘
2936 3160 2945 3172 ’
3066 3156 3250 3179 ηλιιλ-ι
3303 3155 3461 3179 η-λ-
3538 3153 3711 3179 M4,...

472 3214 580 3258 tum
618 3178 801 3269 ﬁlium,
845 3198 1075 3265 ἀνάθεμα.
1118 3191 1373 3245 Sescenta
1406 3184 1509 3237 alia
1539 3188 1629 3235 aut
1666 3178 2035 3243 interpretata,

472 3293 647 3364 posita
685 3300 856 3345 tamen
888 3304 900 3339 :
929 3262 1018 3339 aut
1049 3297 1153 3337 non
1190 3281 1559 3345 interpretata,
1594 3278 1645 3322 et
1685 3268 1795 3320 sola
1836 3262 2037 3332 posita;

472 3394 565 3440 aut
587 3383 873 3441 anathema,
920 3374 1058 3445 quod
1092 3386 1195 3425 non
1224 3363 1558 3437 exprimitur,
1606 3371 1703 3412 nec
1754 3352 1915 3407 latine
1946 3360 2043 3402 nec

476 3491 649 3547 graece
669 3516 683 3540 ,
712 3470 966 3529 et‘tamen
996 3464 1226 3535 positum
1248 3467 1349 3521 est,
1382 3464 1436 3510 et
1466 3448 1704 3521 quotidie
1735 3450 2041 3511 usurpatur,

474 3534 613 3623 sicut
637 3534 692 3620 et
714 3561 953 3624 Alleluia,
985 3534 1039 3611 et
1061 3555 1240 3617 Amen,
1263 3562 1379 3619 quae
1403 3548 1456 3599 in
1480 3542 1620 3597 omni
1646 3540 1819 3606 lingua
1842 3534 2046 3587 incom-

477 3656 802 3714 mutabiliter
821 3652 1086 3705 dicuntur.
1111 3644 1257 3698 Licet
1281 3638 1435 3707 igitur
1459 3645 1656 3702 ponere
1678 3626 1865 3682 eodem
1887 3619 2046 3676 modo

480 3750 762 3825 ὁμοούσιον.
789 3744 947 3807 Certe
966 3738 1187 3794 verbum
1219 3748 1339 3788 cunt
1365 3725 1652 3783 tollendum
1681 3730 1783 3783 est,
1808 3724 1891 3769 aut
1924 3712 2047 3780 quia

480 3803 762 3899 obscurum
797 3844 883 3892 est
916 3834 1138 3894 tollitur,
1181 3834 1269 3879 aut
1288 3821 1410 3891 quia
1431 3810 1776 3876 contrarium,
1809 3815 1897 3860 aut
1928 3803 2048 3873 quia

483 3935 661 3989 minus
698 3927 782 3983 vel
820 3926 937 3994 plus
966 3916 1236 3988 exprimit,
1266 3899 1354 3965 aut
1379 3908 1499 3977 quia
1538 3910 1923 3970 supervacuum
1945 3902 2047 3947 est.

482 4024 597 4081 Hoc
620 4036 722 4077 non
746 4018 1028 4073 obscurum
1054 4018 1166 4073 est;
1200 4019 1322 4060 nam
1350 4009 1401 4054 et
1429 4011 1527 4051 nos
1545 3994 1781 4049 diximus
1809 3984 1949 4057 quod
1979 3984 2050 4037 si-

481 4117 734 4191 gnificet;
765 4120 817 4165 et
838 4123 934 4162 vos
958 4104 1078 4174 quia
1116 4093 1433 4164 intelligitis,
1465 4087 1695 4143 timetis:
1728 4076 2050 4136 etBasilius,

484 4172 606 4281 quia
646 4200 925 4271 intelligit,
959 4172 1147 4250 mutat.
1189 4184 1523 4243 Contrarium
1570 4184 1749 4230 autem
1796 4183 1902 4223 non
1947 4172 2049 4230 est,

1228 4280 1231 4281 ⁷
1595 4268 1613 4281 ⁸
1649 4276 1659 4281 -
1710 4280 1715 4281 γ
1765 4276 1850 4281 μμ..
1888 4277 1897 4281 -
1930 4255 2026 4281 -..1.

487 4255 609 4357 nam
648 4311 768 4351 cum
796 4293 863 4346 de
900 4282 1191 4341 substantia
1218 4280 1327 4348 jam
1366 4285 1556 4329 omnes
1594 4268 1851 4322 fateamur
1888 4277 1900 4310 :
1930 4255 2054 4311 sub-

488 4388 682 4448 stantia
712 4393 794 4441 est
832 4380 973 4436 enim
1006 4378 1161 4436 Deus,
1195 4346 1442 4438 Spiritus,
1468 4361 1675 4419 lumen;
1708 4366 1824 4422 qua:
1850 4348 1918 4402 de
1945 4346 2056 4399 Deo

2144 3164 2395 3227 nomine,
2448 3159 2730 3215 concordia
2779 3158 3016 3231 ὁμονοίᾳ,
3062 3156 3252 3210 eodem
3300 3155 3486 3219 corde,
3536 3153 3715 3207 eadem

2400 3268 2526 3324 ergo
2572 3252 3022 3306 consubstantiale
3070 3250 3211 3319 quod
3259 3250 3332 3303 sit
3375 3247 3560 3303 eadem
3600 3246 3718 3299 sub-

2143 3350 2334 3402 stantia
2359 3357 2457 3400 est.
2477 3347 2569 3401 Sin
2598 3353 2773 3398 autem
2797 3344 2923 3414 ὁμοῦ
2954 3342 3285 3409 intelligitur,
3308 3341 3410 3393 erit
3432 3339 3716 3410 ὁμοούσιον,

2147 3439 2309 3493 latine
2349 3438 2501 3490 simul
2544 3435 2989 3497 consubstantialc,
3039 3448 3142 3485 non
3173 3432 3239 3485 ah
3267 3432 3446 3499 aliquo
3476 3430 3601 3490 alio,
3629 3426 3719 3481 sed

2147 3534 2240 3587 Dei
2282 3532 2511 3601 potentia
2554 3544 2617 3583 ex
2656 3538 2878 3581 mtcruo.
2925 3526 3132 3579 Etenim
3180 3518 3223 3576 si
3266 3520 3443 3593 (Iona.
3474 3520 3517 3585 Ι,
3555 3522 3605 3589 l)
3653 3517 3717 3571 In

2148 3622 2394 3692 principio
2441 3629 2547 3673 erat
2593 3620 2754 3690 λόγος,
2788 3617 2992 3686 ριλόγος
3016 3614 3207 3667 eratad
3232 3612 3423 3675 Deum,
3474 3610 3721 3679 quoniam

2149 3711 2464 3780 principium
2500 3718 2623 3761 ante
2652 3706 2783 3760 nihil
2808 3706 2965 3760 habet
2993 3722 3006 3759 :
3035 3704 3079 3758 si
3112 3704 3251 3757 enim
3285 3701 3551 3765 habuerit,
3585 3699 3723 3753 desi~

2153 3805 2230 3856 nit
2271 3817 2390 3857 esse
2420 3800 2739 3870 principium
2771 3814 2784 3850 :
2815 3813 2879 3851 es
2902 3806 3103 3850 artemo
3131 3795 3293 3860 Deus,
3325 3804 3379 3847 et
3418 3808 3483 3846 ex
3529 3799 3725 3845 mterno

2149 3896 2311 3968 λόγος.
2344 3892 2516 3949 Simul
2558 3906 2683 3959 ergo
2723 3890 2901 3955 amba,
2933 3898 2987 3943 et
3029 3903 3240 3955 semper
3271 3887 3455 3952 simul,
3508 3902 3604 3939 nec
3632 3885 3724 3937 ali-

2152 3986 2365 4054 quando
2395 3985 2531 4039 alter
2576 3984 2693 4037 sine
2723 3982 2913 4047 altero,
2946 3995 3044 4035 nec
3073 3980 3211 4033 filius
3252 3994 3319 4034 ex
3348 3993 3415 4032 eo
3441 3978 3582 4048 quod
3616 3992 3716 4031 non

2154 4088 2235 4132 est
2256 4076 2563 4147 aliquando.
2598 4074 2727 4129 Heic
2754 4088 2879 4143 ergo
2909 4072 3163 4127 exclusus
3193 4071 3371 4134 Arius,
3400 4071 3489 4138 qui
3516 4067 3726 4137 protulit

2155 4170 2305 4223 ἐνιότε
2349 4170 2431 4221 οὐκ
2455 4166 2485 4225 ἦ
2511 4183 2523 4218 :
2551 4166 2811 4220 sententia
2859 4165 2975 4234 ejus
3004 4162 3099 4216 fuit
3125 4171 3179 4217 et
3210 4163 3317 4223 illa,
3367 4163 3416 4225 ἐξ
3460 4163 3544 4214 οὐκ
3582 4157 3725 4213 ὄντων

2157 4273 2276 4314 esse
2304 4258 2490 4320 filium,
2534 4256 2584 4310 id
2616 4265 2696 4309 est
2724 4254 2790 4308 de
2827 4253 3017 4306 nihilo.
3060 4252 3336 4320 Significat
3375 4250 3635 4319 ὁμοσύσιον
3658 4251 3729 4301 si-

2160 4351 2267 4404 mul
2299 4364 2437 4415 esse,
2467 4357 2523 4404 et
2544 4347 2887 4403 substantiam
2913 4360 2927 4397 :
2961 4344 3228 4398 Adversus
3254 4352 3541 4411 utrumque
3570 4340 3730 4394 sacri-

2142 3260 2297 3329 ἐννοὶᾳ
2340 3274 2351 3307 :

487 4492 638 4556 patre
665 4486 715 4531 et
731 4473 939 4529 Christo
956 4466 1220 4522 dicuntur.
1245 4456 1357 4511 Hoc
1382 4451 1598 4507 verbum
1620 4444 1908 4515 ὁμοούσιον,
1935 4448 2054 4488 eum
2080 4433 2133 4491 D
2160 4440 2352 4510 legium
2390 4438 2537 4493 verbi
2577 4437 2729 4506 hujus
2765 4436 2998 4504 potentia
3029 4440 3311 4502 repugnat,
3342 4447 3449 4501 quo
3474 4432 3730 4502 ὁμοούσων

1401 4552 1411 4556 -
1483 4550 1494 4556 -
1550 4551 1657 4556 ---Α
1710 4528 2028 4556 “Hann-hu“
2161 4530 2349 4556 Δίρκη..
2376 4548 2388 4556 .
2433 4530 2544 4556 ηἶισΛ
2575 4529 2712 4556 Λιιεικ
2745 4527 2813 4556 ει..
2843 4534 2919 4556 no.
2989 4534 3043 4556 nl
3074 4524 3341 4556 Δημώ-η-..
3396 4524 3463 4556 εἷο
3496 4521 3724 4556 ninnium

488 4528 556 4630 de
580 4564 869 4628 substantia
906 4560 1131 4618 dicatur,
1184 4564 1289 4605 non
1329 4550 1501 4615 potest
1540 4551 1661 4593 esse
1706 4528 2054 4587 conti-arium.

491 4664 597 4723 Sed
627 4662 800 4715 minus
825 4665 914 4708 aut
940 4648 1165 4717 amplius
1190 4636 1523 4709 exprimitur.
1552 4621 1935 4694 Corrigendum
1964 4629 2056 4685 po-

488 4759 595 4815 tius
616 4768 773 4824 quam
803 4741 1172 4803 auferendum.
1214 4734 1331 4790 Jam
1360 4741 1488 4783 vero
1508 4730 1892 4793 supervacuum
1925 4724 2058 4781 quo-

493 4804 685 4906 modti?
712 4842 835 4913 quia
878 4836 984 4906 iam
1021 4832 1239 4891 dictum,
1287 4821 1375 4876 ubi
1422 4815 1663 4913 dictum‘;
1696 4823 1762 4911 an
1790 4804 2057 4913 quiannoq

491 4887 795 5007 utile,qui)d
817 4887 1050 4991 excludit
1071 4916 1350 4975 haereticos
1372 4906 1599 4963 maxime
1618 4900 1846 5007 Ariaqos
1861 4894 1883 4944 ?
1895 4887 2057 5007 9:02

493 4978 785 5101 majo’ribus
812 4987 1037 5096 positum
1063 5022 1118 5067 ut
1148 5020 1329 5065 murus
1359 5012 1411 5055 et
1433 4984 1918 5069 propugnaculum?
1955 4978 2060 5036 Sed

496 5087 665 5194 nuper
690 5127 771 5173 est
798 5087 1045 5185 positum.
1079 5103 1212 5171 Quia
1257 5108 1425 5164 naper
1459 5088 1634 5157 erupit
1663 5088 1922 5138 venenata
1967 5087 2059 5127 co-

497 5173 625 5271 hois
652 5173 1044 5265 haereiicorum,
1082 5208 1187 5265 quo
1224 5201 1399 5246 tamen
1441 5178 1710 5238 conditum
1735 5173 1883 5244 juxta
1917 5176 2061 5221 vete—

498 5319 611 5361 rem
640 5299 816 5361 fidem,
844 5307 964 5349 nam
994 5297 1048 5344 et
1084 5294 1208 5340 ante
1240 5285 1541 5337 tractatum,
1584 5265 1734 5323 multi
1764 5260 1907 5318 orbis
1952 5255 2064 5326 epi-

498 5394 646 5467 scopi
674 5385 894 5447 trecenti
913 5378 1215 5453 quindecim
1243 5374 1294 5427 in
1315 5368 1529 5425 civitate
1567 5361 1740 5416 Nicara
1770 5366 1928 5423 quam
1971 5362 2064 5418 per

577 5551 655 5622 ti)
678 5547 815 5622 lleie
838 5540 1043 5622 videtur
1069 5534 1255 5622 deesse
1296 5519 1732 5599 signiﬁcationem.
1779 5506 2069 5564 denomina-

506 5605 707 5687 tioite'm,
738 5616 819 5674 vel
841 5610 965 5685 quid
991 5605 1184 5664 simile.

2159 4530 2349 4585 dicitur
2376 4548 2389 4583 :
2433 4530 2546 4583 sive
2574 4529 2715 4583 enim
2745 4527 2816 4581 ita
2842 4534 2943 4591 est,
2989 4534 3048 4578 ut
3073 4524 3363 4594 ὁμοούσιον,
3396 4524 3468 4575 sit
3496 4521 3728 4591 ejusdem

2158 4621 2488 4686 substantiis,
2520 4627 2578 4673 ut
2604 4617 2832 4689 ὁμοειδὴς
2860 4616 3011 4671 sicuti
3037 4630 3195 4683 supra
3218 4614 3520 4677 docuimus,
3556 4610 3730 4667 exclu-

2159 4713 2300 4767 ditur
2325 4709 2465 4780 quod
2508 4709 2707 4763 dictum
2744 4716 2847 4772 est,
2890 4720 3008 4760 esse
3044 4702 3315 4758 Christum
3353 4718 3420 4757 ex
3451 4702 3619 4757 nihilo
3649 4720 3661 4753 :
3687 4700 3731 4755 si

2159 4803 2299 4856 enim
2333 4801 2469 4855 Deus
2498 4809 2551 4854 et
2579 4798 2735 4870 Λόγος
2777 4795 2962 4850 eadem
2991 4795 3288 4849 substantia
3320 4802 3465 4855 sunt,
3518 4794 3652 4847 Deus
3678 4799 3729 4846 et

2159 4907 2315 4967 Δογος
2347 4907 2449 4946 non
2472 4891 2641 4945 solum
2670 4904 2776 4943 non
2803 4903 2867 4943 ex
2898 4886 3083 4949 nihilo,
3118 4885 3210 4939 sed
3244 4900 3311 4940 ne
3337 4901 3402 4939 ex
3439 4885 3601 4938 simili
3622 4883 3731 4953 qui-

2161 4983 2282 5038 dem
2304 4981 2620 5035 substantia.
2651 4978 2708 5035 Si
2755 4994 2880 5033 vero
2929 4977 3196 5049 ὁμοούσιον
3242 4991 3308 5029 ex
3351 4989 3416 5029 eo
3464 4973 3605 5043 quod
3633 4979 3729 5039 est,

2163 5072 2318 5126 simul
2347 5084 2466 5125 esse
2494 5068 2786 5124 substantia
2836 5066 3168 5135 intelligitur,
3203 5065 3304 5118 hoc
3331 5074 3413 5119 est
3433 5064 3593 5117 simul
3620 5078 3731 5119 esse

2164 5161 2600 5224 substantiarum,
2649 5158 2807 5212 simul
2854 5158 2993 5214 Deus
3035 5164 3088 5210 et
3127 5158 3293 5227 λόγος,
3328 5164 3384 5209 et
3428 5171 3494 5211 ex
3538 5164 3733 5211 aeterno

2168 5268 2377 5323 semper
2408 5252 2562 5306 simul
2590 5260 2741 5321 pater
2767 5260 2815 5305 et
2846 5249 3008 5305 illius.

2239 5384 2331 5440 XI.
2376 5383 2451 5437 Ex
2471 5380 2571 5436 hoc
2586 5380 2881 5435 excluditur
2895 5378 3035 5450 quod
3057 5378 3256 5435 dictum
3273 5387 3397 5456 est:
3425 5380 3522 5449 fuit
3540 5378 3730 5446 quando

2172 5496 2273 5535 non
2302 5478 2417 5549 fuit.
2448 5474 2559 5547 Hoc
2602 5474 2647 5529 si
2686 5473 2757 5529 ita
2780 5481 2885 5540 est,
2916 5470 3017 5527 hoc
3050 5487 3178 5538 uno,
3208 5471 3261 5526 id
3302 5480 3406 5538 est,
3458 5472 3729 5542 ὁμοούσυκο

2180 5584 2339 5628 omne
2357 5581 2621 5626 venenum
2644 5566 2824 5623 Ariani
2846 5564 3104 5636 dogmatis
3127 5564 3515 5622 internecatur.
3542 5565 3586 5621 0
3608 5562 3733 5622 docti

3566 183 3708 244 1096

3882 420 3891 489 l

3885 372 3891 584 l

3879 64 3887 194 υ

3882 372 3891 609 l
