3950 6206
213 300 348 358 1097

1344 299 1704 359 Αυνειιδυδ
1741 301 1955 357 Αιιιωι
1999 303 2198 358 LIBER
2241 306 2326 360 Ill.

3329 321 3464 378 1098

215 417 481 486 episcopi!
523 429 558 471 ο
605 421 804 472 sancti!
853 432 886 472 ο
928 417 1083 472 ﬁdetn
1134 416 1322 485 spiritu
1367 417 1782 471 conﬁrmantesl
1815 421 1861 479 Λ
1890 418 2238 487 unigenitum.
2273 419 2467 476 Verum
2500 422 2586 475 ﬁat
2617 439 2627 474 :
2653 424 2792 478 Satis
2819 435 2900 480 est
2925 427 3033 493 jam
3056 427 3124 485 de
3152 431 3272 486 hoc.
3303 433 3465 491 Isaias

217 523 252 562 ο
279 509 522 573 verbum,
551 524 676 563 vere
712 510 928 563 verbum
972 509 1091 563 Dei!
1123 508 1264 576 quod
1291 509 1430 562 Dens
1454 518 1509 563 et
1530 511 1672 582 λόγος
1702 525 1790 563 os-
1834 507 1836 509 ’

222 599 478 660 tenditur,
519 597 677 650 simul
699 614 761 652 ex
784 608 1006 664 :eterno,
1031 607 1084 650 et
1109 613 1322 666 semper
1350 598 1644 666 eademque
1665 599 1787 653 sub.

220 689 437 743 stantia.
468 689 675 744 Dictum
707 690 864 757 igitur
894 690 1055 744 latine
1079 697 1161 744 est
1186 689 1449 761 ὁμοούσιον
1479 707 1491 741 :
1526 689 1669 743 unde
1699 705 1789 742 nc-

221 778 460 833 cessario
490 781 649 834 etiam
706 794 878 847 grzece
907 780 1208 848 ponendum
1244 791 1402 849 atque
1431 780 1786 833 tractandum.

223 871 330 926 Sed
356 870 667 940 adjiciamus
694 871 857 925 etiam
891 886 1030 924 nunc
1057 870 1276 939 aliquid,
1318 886 1423 939 quo
1453 885 1546 939 per
1575 872 1786 926 confes.

221 961 430 1017 sionem
479 969 704 1017 vestram
748 971 802 1016 et
843 977 939 1030 per
983 961 1263 1016 lectionem
1323 961 1568 1017 deiﬁcam
1631 963 1791 1016 latine

221 1066 289 1104 ex
301 1066 544 1120 pressum
561 1052 819 1122 ὁμοούσιον
841 1051 1185 1119 approbetur.
1215 1051 1395 1105 Lectio
1416 1052 1592 1106 divina
1619 1052 1745 1106 dicit
1774 1069 1787 1104 :

221 1154 376 1211 pater
405 1144 455 1197 in
487 1143 614 1207 ﬁlio,
648 1153 700 1198 et
726 1144 865 1197 ﬁlius
910 1143 961 1196 in
1009 1152 1174 1212 patre.
1211 1145 1272 1196 Et
1303 1158 1369 1198 ne
1406 1159 1588 1212 parum
1618 1145 1687 1199 sit
1724 1144 1790 1198 ad

223 1234 384 1288 ﬁdem
405 1235 516 1302 ipse
541 1235 790 1288 Dominus
808 1245 989 1290 noster
1001 1234 1155 1289 Jesns
1174 1232 1416 1288 Christus
1451 1233 1580 1288 dicit
1610 1233 1786 1301 (Joan.

223 1337 341 1386 xw,
377 1323 497 1391 l0):
533 1323 638 1394 Ego
667 1324 719 1378 in
749 1323 904 1377 Patre
948 1335 994 1379 et
1023 1324 1178 1379 Pater
1217 1326 1270 1378 in
1307 1342 1402 1378 me.
1449 1325 1585 1392 Quid
1623 1326 1792 1392 ergo?

222 1412 351 1468 Hmc
401 1415 608 1468 nomina
640 1416 818 1469 insunt
861 1416 963 1470 sibi
1009 1417 1276 1471 invicem?
1323 1433 1388 1470 an
1433 1418 1675 1481 virtutes,
1725 1431 1791 1469 an

223 1505 567 1572 substantias,
597 1522 663 1560 an
706 1506 980 1575 sapientia:
1021 1518 1074 1562 et
1118 1507 1446 1575 potestates?
1495 1515 1642 1575 pater
1685 1521 1790 1575 quo

225 1604 378 1664 pater
401 1608 500 1660 est,
535 1598 585 1650 in
610 1596 716 1651 lilio
743 1613 862 1652 esse
886 1613 987 1651 non
1014 1607 1208 1666 potest.
1232 1597 1361 1651 Item
1387 1595 1524 1650 ﬁlius
1565 1598 1618 1650 in
1644 1605 1791 1664 patre

223 1700 346 1740 esse
377 1702 480 1740 non
512 1696 702 1755 potest,
734 1688 824 1742 sed
851 1705 954 1758 quo
984 1688 1193 1741 virtutis
1221 1687 1532 1741 substantiae
1558 1687 1657 1740 sibi
1686 1695 1788 1751 est,

1892 508 1970 560 sic
1998 508 2066 560 ita
2099 508 2250 580 (Isai.
2281 526 2402 574 XLV,
2435 511 2522 580 Μ)
2554 529 2565 564 :
2599 511 2866 568 Laboravit
2888 516 3177 587 zEgyptns,
3207 533 3253 575 et
3281 527 3464 578 merci-

1893 600 2062 650 ntom'a
2086 597 2394 668 :Etltiopum
2435 611 2480 653 et
2521 601 2747 655 Snlmint.
2792 603 2896 657 Viri
2921 608 3157 662 altissimi
3197 611 3249 664 in
3281 623 3327 666 te
3355 632 3466 668 am-

1893 689 2164 753 bulabunt,
2199 701 2243 742 et
2275 692 2531 744 tibi-erunt
2561 695 2686 746 serri
2709 734 2721 758 ,
2755 703 2799 747 et
2847 707 2978 751 retro
3008 712 3292 768 sequentur,
3323 705 3467 773 ligati

1891 780 2103 832 manicis
2141 789 2188 833 te
2226 782 2611 846 venerabantur,
2656 795 2701 836 ct
2753 798 2799 839 te
2848 789 3200 859 precabantur,
3231 796 3365 862 quod
3411 799 3468 851 in

1891 878 1937 922 te
1961 867 2101 922 Deus
2127 880 2229 937 est,
2261 881 2305 924 et
2335 888 2434 925 non
2457 883 2530 927 est
2552 874 2686 928 Dens
2719 887 2857 930 ertra
2887 889 2951 932 te.
2981 880 3160 936 .lesum
3193 882 3461 942 Christum

1893 958 2174 1013 Dominum
2209 973 2470 1028 nostrum,
2505 964 2666 1018 Deum
2696 967 2760 1019 dc
2789 970 2916 1032 Deo,
2949 971 3125 1027 lumen
3151 974 3217 1028 de
3243 976 3473 1032 lumine:

1893 1051 2431 1119 consubstantialem,
2466 1056 2625 1110 simul
2673 1059 3072 1116 substntttialcm
3101 1082 3113 1116 :
3140 1067 3216 1120 sic
3262 1068 3464 1138 reliqua

1893 1139 1959 1193 ad
1990 1141 2352 1212 symbolornm
2378 1160 2498 1213 quae
2532 1149 2845 1216 junguntur,
2872 1161 2924 1206 et
2954 1153 3017 1206 ad
3050 1152 3206 1208 ﬁdem
3238 1160 3465 1228 explici-

1896 1238 2004 1284 tum
2035 1243 2148 1298 est,
2194 1242 2246 1286 et
2274 1233 2575 1290 absolutum
2626 1239 2889 1309 ὁμοούσιον
2921 1244 3130 1310 plenum
3171 1258 3280 1313 est,
3310 1260 3364 1304 et
3401 1253 3470 1308 de

1894 1325 2078 1377 eadem
2118 1325 2434 1391 subStantia,
2461 1337 2512 1382 et
2542 1329 2594 1383 in
2617 1332 2801 1386 eadem
2833 1336 3148 1404 substantia,
3180 1352 3229 1395 et
3258 1359 3470 1415 semper

1894 1413 2072 1479 simul,
2100 1415 2142 1468 si
2177 1415 2367 1484 placet,
2399 1418 2558 1473 latine
2589 1421 2666 1475 sic
2709 1424 2983 1480 habeatur.
3017 1429 3072 1483 Si
3100 1441 3273 1487 autem
3304 1413 3467 1492 unum

1895 1502 2112 1556 verbum
2150 1521 2409 1574 grmcum,
2441 1511 2581 1578 quod
2633 1527 2819 1582 magna
2850 1520 3224 1586 expressione,
3252 1539 3469 1596 magna-

1895 1608 1997 1684 que
2025 1595 2282 1652 brevitate
2327 1609 2613 1671 utrumque
2659 1605 2962 1670 concludit,
2998 1610 3170 1678 placet
3223 1595 3467 1684 manere,

1895 1681 1962 1738 de
1995 1685 2102 1739 Deo
2140 1696 2193 1740 et
2216 1688 2439 1743 Domino
2471 1703 2655 1748 nostro
2686 1708 3020 1764 perseveret;
3054 1702 3314 1773 ὁμοοὺσιον
3343 1681 3470 1763 vero

224 1776 326 1830 hoc
350 1788 454 1842 est,
486 1778 536 1831 in
565 1779 750 1833 altero.
774 1780 898 1834 lnde
923 1779 1144 1834 alterum
1173 1780 1222 1832 in
1250 1779 1421 1832 altero
1445 1795 1457 1828 :
1485 1793 1645 1832 unum
1674 1778 1794 1831 red-
1822 1784 1869 1843 Β
1899 1776 2065 1843 magis
2099 1791 2162 1830 ac
2192 1781 2359 1849 magis
2404 1795 2666 1852 teneatur,
2697 1788 2978 1856 scribatur,
3010 1793 3238 1863 dicatur,
3272 1808 3470 1857 tracte-

222 1867 370 1921 ditur
389 1870 547 1924 etiam
566 1871 968 1925 subsistentibus
984 1871 1201 1940 singulis
1222 1887 1235 1934 ;
1259 1886 1421 1924 unum
1447 1881 1643 1933 tamen,
1667 1869 1790 1939 quia

223 1956 366 2012 idem
411 1960 461 2013 in
508 1971 727 2030 utroque
770 1961 1076 2030 intelligitur
1110 1970 1163 2016 et
1207 1961 1526 2014 nominatur.
1576 1961 1714 2028 Ergo
1738 1969 1794 2014 et

225 2061 379 2119 pater
414 2052 464 2106 itt
495 2051 623 2116 ﬁlio,
660 2063 712 2106 et
742 2051 880 2106 ﬁlius
910 2053 960 2107 in
990 2062 1154 2121 patre.
1184 2053 1287 2109 Sed
1330 2053 1430 2107 isto
1469 2051 1647 2104 modo.
1685 2051 1792 2106 lloc

224 2141 269 2193 si
301 2141 370 2194 ita
398 2151 497 2203 est.
529 2143 799 2197 videamus
827 2152 1038 2197 caetera.
1070 2143 1273 2208 Dicitis,
1303 2152 1357 2197 et
1411 2151 1558 2196 recte
1579 2141 1752 2195 dicitis
1777 2159 1790 2195 :

224 2229 408 2285 Jesum
435 2232 698 2286 Christum
728 2234 1004 2286 Dominum
1029 2242 1286 2298 nostrum,
1313 2232 1474 2287 Deum
1496 2233 1563 2287 de
1587 2233 1713 2300 Deo,
1742 2243 1798 2289 et

227 2323 407 2378 lumen
445 2324 510 2378 de
554 2325 768 2380 lumine.
801 2325 1039 2380 Vicinum
1086 2333 1201 2388 est,
1230 2325 1473 2379 similiter
1519 2324 1698 2380 dicere
1741 2335 1796 2381 et

227 2413 392 2468 istud.
424 2414 666 2469 Dicamus
692 2430 838 2484 ergo,
863 2429 1089 2484 vereque
1108 2414 1346 2469 dicamus
1377 2414 1427 2468 in
1458 2414 1589 2480 Deo,
1617 2415 1794 2470 lumen

228 2506 283 2560 in
310 2507 528 2562 lumine.
552 2507 702 2574 Quod
726 2507 938 2575 quidem
961 2506 1078 2561 ideo
1101 2521 1203 2559 non
1225 2515 1280 2560 et
1303 2506 1560 2561 rcversim
1579 2506 1790 2571 dicitur,

228 2602 351 2666 quia
380 2613 538 2651 unum
568 2598 782 2652 verbum
813 2607 895 2652 est
922 2597 975 2651 in
1002 2597 1224 2652 duobus.
1256 2595 1386 2651 Nam
1410 2606 1558 2665 pater
1584 2608 1637 2652 et
1660 2597 1797 2650 ﬁlius

229 2689 335 2744 duo
361 2697 484 2743 sunt
510 2687 780 2750 vocabula,
812 2696 863 2741 et
903 2689 1098 2742 idcirco
1126 2689 1258 2743 verti
1302 2688 1524 2742 invicem
1554 2699 1793 2756 possunt,

231 2793 287 2835 ut
317 2793 370 2836 et
401 2780 624 2849 paterin
653 2780 762 2834 ﬁlio
787 2780 1006 2844 dicatur,
1041 2789 1094 2834 et
1119 2779 1259 2834 ﬁlius
1289 2780 1340 2832 in
1380 2787 1546 2848 patre.
1576 2781 1644 2833 At
1671 2795 1796 2834 vero

229 2889 351 2927 cum
379 2888 537 2925 unum
565 2887 755 2925 nomen
789 2872 838 2924 in
881 2871 1086 2925 duobus
1130 2870 1340 2933 dicitur,
1388 2868 1526 2924 Deus
1576 2870 1625 2922 in
1668 2870 1794 2935 Deo,

229 2961 419 3017 eodem
446 2961 604 3015 modo
633 2960 834 3016 dicetur
855 2972 908 3016 et
932 2976 1050 3015 cum
1081 2959 1149 3014 de
1177 2961 1344 3014 altero
1364 2959 1578 3023 dicitur,
1610 2959 1794 3015 eadem

231 3056 368 3109 ratio
390 3063 578 3108 etcum
608 3053 796 3107 dicitur
821 3052 998 3107 lumen
1031 3052 1082 3106 in
1105 3052 1322 3106 lumine.
1355 3051 1679 3106 Necessitate
1701 3053 1797 3120 igi-

231 3154 320 3202 tur
347 3147 571 3201 nominis
599 3146 756 3199 unius
779 3145 940 3198 semel
966 3143 1178 3213 quidem
1202 3144 1415 3208 dicitur,
1450 3145 1541 3197 sed
1582 3153 1797 3214 propter
1823 3143 1867 3204 C
1899 3155 2039 3208 enim
2077 3157 2168 3209 Dei
2198 3162 2357 3230 Λόγος
2382 3161 2485 3216 ima

230 3237 339 3292 duo
371 3247 570 3304 patrem
592 3245 644 3290 et
671 3234 832 3288 ﬁlium
862 3233 941 3286 bis
963 3244 1014 3287 et
1038 3234 1344 3303 intelligitur
1369 3243 1423 3289 et
1450 3234 1674 3289 auditur.
1706 3235 1798 3290 Di-

231 3339 416 3378 camus
439 3326 599 3394 igitur
623 3324 801 3379 Jesum
832 3326 920 3379 Dei
945 3326 1128 3390 lilium,
1164 3327 1326 3379 Deum
1356 3325 1422 3380 de
1450 3327 1578 3390 Deo,
1621 3327 1798 3383 lumen

232 3417 298 3471 de
325 3416 540 3470 lumine.
571 3416 813 3470 Dicamus
839 3427 893 3470 et
931 3416 1075 3480 illud,
1109 3417 1272 3471 Deum
1304 3419 1356 3470 in
1383 3417 1510 3482 Deo,
1544 3417 1718 3472 lumen
1749 3420 1799 3472 in

233 3512 453 3566 lumine.
487 3509 541 3562 Si
570 3508 730 3575 enim,
765 3517 819 3562 ut
842 3508 1069 3563 fatemur
1092 3524 1298 3577 omnes,
1330 3520 1384 3566 et
1417 3511 1554 3565 ﬁlius
1578 3512 1627 3566 in
1652 3522 1800 3581 patre

232 3613 335 3668 est,
367 3613 420 3658 et
441 3613 590 3672 pater
617 3605 668 3659 in
696 3606 806 3660 ﬁlio
826 3647 842 3670 ,
875 3615 958 3661 est
981 3615 1154 3661 autem
1196 3616 1342 3675 pater
1363 3615 1414 3662 et
1442 3608 1596 3674 Deus,
1630 3617 1683 3661 et
1721 3609 1801 3662 lu-

232 3712 380 3763 inen,
413 3697 482 3752 ita
510 3709 682 3753 tamen
709 3708 767 3753 ut
791 3699 858 3754 de
879 3709 1027 3769 patre
1055 3700 1192 3755 ﬁlius
1219 3700 1303 3755 hic
1329 3701 1418 3764 sit,
1448 3701 1588 3755 unde
1608 3716 1797 3756 neces-

233 3792 376 3846 sario
399 3803 454 3846 et
478 3806 600 3846 vere
621 3800 702 3845 est
724 3792 900 3846 dicere
925 3809 936 3844 :
969 3800 1019 3846 et
1041 3793 1180 3847 Deus
1207 3791 1262 3845 in
1293 3793 1420 3857 Deo,
1450 3802 1503 3847 et
1541 3793 1716 3846 lumen
1747 3793 1796 3845 in

232 3882 454 3937 lumine.
485 3885 564 3937 An
585 3882 772 3937 durum
795 3883 921 3938 illud
942 3885 1061 3938 est?
1089 3883 1180 3938 sed
1208 3883 1509 3938 necessario
1529 3882 1796 3938 latendum

233 3987 315 4030 est
337 3984 391 4030 et
416 3976 493 4030 sic
519 3990 636 4030 esse
658 3983 712 4029 et
740 3976 819 4030 sic
842 3992 899 4031 se
920 3976 1132 4030 habere.

306 4065 422 4120 ΧΠ.
464 4065 600 4130 Quid
629 4067 673 4119 si
714 4066 870 4120 etiam
901 4067 1093 4120 lectum
1121 4075 1232 4129 est,
1263 4076 1315 4121 et
1343 4082 1408 4121 ex
1449 4066 1656 4120 duobus
1685 4066 1799 4119 istis

234 4171 398 4212 unum
429 4154 762 4223 apertissime
801 4155 878 4209 sic
919 4155 1175 4224 positum,
1206 4167 1263 4209 ut
1289 4171 1318 4209 a
1345 4170 1428 4209 me
1457 4170 1562 4208 non
1610 4155 1798 4207 inven-

235 4255 345 4298 tum
364 4283 378 4309 ,
403 4243 495 4297 sed
521 4258 668 4297 sacra
696 4244 921 4297 lectione
943 4245 1014 4297 sit
1034 4245 1141 4312 jam
1165 4245 1484 4314 probatum?
1510 4243 1799 4313 Hymnicus

234 4335 402 4389 David
431 4333 482 4386 in
514 4333 650 4387 libro
682 4333 1007 4388 Psalmorum
1029 4376 1044 4400 ,
1082 4335 1168 4404 qui
1219 4335 1381 4388 clavis
1425 4335 1795 4404 mysteriorum

234 4427 470 4478 omnium
512 4424 733 4490 dicitur,
760 4426 837 4479 sic
858 4426 966 4479 Deo
1012 4427 1189 4494 psallit
1229 4426 1448 4497 (Psalm.
1471 4444 1630 4493 xxxv,
1658 4427 1748 4496 10)
1781 4446 1792 4480 :

237 4518 486 4583 Quoniam
525 4518 662 4584 apud
688 4528 733 4570 te
753 4527 822 4571 est
853 4522 966 4589 fons
1005 4520 1116 4571 vita:
1134 4559 1149 4584 ,
1177 4528 1222 4570 et
1248 4520 1299 4569 in
1329 4519 1515 4571 lumine
1544 4528 1628 4571 tuo
1656 4520 1793 4573 vidc-
1820 4502 1874 4561 Ῑ)

233 4610 393 4662 bimus
421 4609 587 4662 lumen
616 4625 635 4662 :
657 4610 764 4663 Deo
806 4609 1003 4664 dictum
1046 4611 1402 4676 aestimamus,
1441 4627 1508 4664 an
1544 4611 1796 4666 Christo?

231 4717 299 4756 an
344 4701 588 4770 utrique?
625 4701 756 4766 Quia
801 4703 1112 4772 cuicumqne
1159 4712 1337 4756 recte:
1383 4703 1433 4755 in
1477 4713 1627 4771 patre
1653 4705 1795 4758 enim

233 4792 395 4856 ﬁlius,
427 4801 477 4844 et
510 4792 560 4845 in
589 4791 696 4844 ﬁlio
721 4799 888 4860 pater.
914 4791 1018 4848 Sed
1049 4793 1092 4844 si
1120 4792 1252 4861 patri
1275 4792 1401 4854 Deo,
1424 4792 1522 4846 hoc
1549 4793 1645 4846 erit
1670 4792 1797 4846 illud

235 4883 532 4956 (Jer.xxut,
551 4883 620 4935 22
647 4897 752 4937 sec.
771 4880 929 4951 Lxx):
958 4883 1017 4937 Si
1045 4888 1097 4936 in
1114 4885 1389 4938 substantia
1405 4901 1514 4937 mea
1528 4886 1793 4947 stetissent,

233 4984 279 5027 et
315 4972 518 5026 verbum
560 4989 722 5026 meum
765 4974 1035 5026 audissent.
1068 4973 1124 5028 Si
1170 4983 1344 5027 autem
1382 4973 1526 5038 lilio,
1573 4974 1671 5028 hoc
1697 4975 1799 5028 erit

233 5064 360 5119 illud
398 5061 585 5131 (Joan.
632 5079 742 5128 XIV,
771 5061 874 5132 9):
908 5063 1011 5126 Qui
1044 5080 1120 5116 me
1163 5064 1293 5116 videt
1330 5065 1461 5117 videt
1496 5074 1541 5117 et
1569 5063 1794 5119 Patrem.

233 5155 376 5225 Ergo
397 5157 450 5207 in
473 5153 661 5207 lumine
679 5163 764 5206 tuo
785 5153 1056 5206 videbimus
1078 5155 1262 5207 lumen.
1294 5155 1388 5209 Est
1414 5154 1574 5224 igitur
1596 5155 1794 5222 lumen,

234 5248 285 5301 in
319 5246 507 5301 lumine
539 5255 624 5297 tuo
662 5245 931 5299 videbimus
960 5247 1144 5301 lumen.
1173 5247 1353 5315 Neque
1380 5247 1522 5301 enim
1547 5247 1792 5301 dubitan-

234 5337 353 5393 dem
378 5344 461 5390 est
485 5333 698 5405 quando
723 5345 778 5390 et
806 5335 906 5390 hoc
930 5345 1203 5403 sequatur,
1226 5351 1346 5391 eum
1383 5338 1509 5390 illud
1540 5337 1677 5405 quod
1706 5353 1795 5391 eo-

233 5428 354 5484 dem
385 5425 544 5481 modo
569 5435 670 5491 est,
695 5436 749 5480 et
777 5443 835 5480 rc
861 5428 959 5492 sit,
983 5437 1036 5482 et
1062 5427 1288 5483 lectione
1316 5428 1613 5497 probatum.
1644 5427 1797 5494 Quod

234 5522 279 5576 si
310 5520 381 5574 ita
408 5527 512 5581 est,
543 5518 851 5587 colligamus
877 5519 1054 5573 omnia
1082 5533 1096 5571 :
1132 5518 1240 5588 jam
1279 5519 1546 5591 ὀμοούσιον
1571 5534 1798 5590 appare-

236 5609 576 5680 bitetgrazce
598 5608 942 5671 intellectum,
970 5619 1023 5664 et
1043 5609 1204 5664 latine
1225 5612 1642 5678 pronuntiatum.
1672 5611 1802 5666 Cre-

235 5701 406 5757 dimus
434 5703 486 5756 in
519 5697 682 5756 Deum
701 5706 899 5782 patrem
912 5699 1323 5768 omnipotentem
1335 5743 1350 5771 ,
1365 5710 1420 5760 et
1437 5701 1491 5759 in
1508 5701 1674 5759 ﬁlium
1688 5703 1806 5774 ejus

657 5790 926 5849 PATROL.
987 5789 1150 5852 Vlll.

1896 1876 2000 1934 tur,
2036 1868 2086 1922 itt
2118 1871 2374 1928 Eerlesiis
2402 1879 2648 1938 omnibus
2694 1883 3030 1949 prmdicetnr.
3088 1889 3212 1946 Περ
3239 1894 3380 1948 enim
3411 1896 3472 1950 ﬁ-

1893 1955 1992 2048 des
2011 1961 2148 2027 apud
2168 1962 2395 2018 Nicaeam
2415 2008 2429 2032 ,
2457 1968 2569 2022 haec
2600 1970 2734 2026 lides
2755 1977 3151 2048 apostolorum,
3197 1983 3310 2039 lucc
3338 1987 3469 2044 ﬁdes

1894 2046 2171 2104 catholica.
2205 2052 2337 2108 Hinc
2359 2057 2571 2122 Ariani,
2605 2059 2730 2115 hinc
2757 2061 2991 2121 haeretici
3034 2046 3314 2129 vincuntur
3349 2081 3466 2134 uni-

1895 2141 2195 2235 γενεὴ-ιδῃ
2220 2159 2340 2198 cum
2373 2147 2455 2202 his
2480 2150 2570 2218 qui
2618 2151 2687 2206 ita
2711 2157 2969 2226 sentiunt,
2995 2177 3026 2215 a
3057 2161 3168 2219 Deo
3198 2178 3346 2235 patre
3366 2181 3420 2226 et
3443 2189 3475 2228 a

1895 2224 2021 2282 Jesu
2049 2229 2264 2287 Christo
2294 2235 2518 2292 Domino
2545 2251 2745 2297 nostro.
2779 2224 2971 2304 Amen.

2413 2346 2616 2402 LIBER
2643 2351 2955 2412 TERTlUS.

1967 2441 2160 2486 ΛΟΓΟΣ
2201 2433 2284 2533 vel
2327 2443 2443 2499 νοῦς
2484 2438 2696 2496 divinus
2740 2455 2795 2499 ut
2834 2449 2962 2504 sede
3012 2454 3199 2525 utitur,
3231 2470 3388 2533 atque
3417 2474 3476 2521 ut

1896 2532 2151 2624 corpore,
2195 2524 2367 2578 anima
2404 2529 2642 2596 cmlesti;
2689 2550 2750 2588 ea
2799 2553 2927 2594 vero
2969 2524 3202 2604 sensuali
3248 2524 3351 2622 vos,
3391 2560 3474 2613 vel

1896 2616 2058 2682 Λόγος
2088 2616 2380 2712 insensuali
2402 2621 2576 2674 anima
2595 2662 2608 2683 ,
2643 2634 2698 2677 ut
2739 2627 2853 2694 ipse
2880 2638 3146 2692 sensualis
3167 2640 3218 2694 in
3247 2616 3476 2712 corpore

1898 2707 1981 2751 est
2003 2711 2098 2794 ,_ct
2141 2702 2258 2756 ideo
2303 2704 2354 2758 in
2387 2709 2758 2783 qualicumque
2805 2733 3047 2787 corpore.
3095 2729 3265 2786 Omne
3293 2702 3470 2794 autem

1898 2789 2036 2882 quod
2077 2806 2143 2843 ex
2173 2792 2368 2848 divinis
2406 2808 2487 2851 est
2525 2801 2589 2853 ad
2622 2819 2715 2857 stta
2767 2809 2916 2874 quasi
2962 2828 3082 2880 pars
3127 2833 3306 2875 eorum

1899 2879 1990 2986 sed
2022 2893 2074 2934 ιιι
2104 2882 2295 2952 imago,
2330 2898 2384 2941 ιιι
2412 2889 2463 2943 id
2497 2891 2548 2945 in
2589 2895 2710 2948 aliis
2762 2910 2813 2952 et
2857 2871 3118 2960 assertum
3149 2921 3231 2966 est
3264 2925 3317 2968 et

1897 2969 2116 3075 batnni:
2148 2976 2340 3078 quippe
2370 2995 2488 3035 cum
2517 2982 2568 3035 i-t
2602 2985 2730 3053 ipsis
2759 2989 2956 3047 divinis
2979 2998 3134 3069 Λόγος
3174 3002 3266 3057 Dei
3298 2969 3472 3078 iniago

1899 3067 1984 3156 sit,
2041 3067 2118 3119 sic
2149 3067 2305 3135 igitur
2341 3081 2567 3138 cmtera;
2598 3091 2726 3147 ergo
2765 3083 2998 3138 omnium
3032 3067 3353 3150 divinorum.
3405 3067 3474 3156 fit

2491 3181 2556 3233 go
2585 3177 2702 3234 est,
2731 3170 2801 3223 ita
2834 3182 2921 3227 τοῦ
2949 3177 3097 3248 λόγου
3121 3183 3295 3239 anima
3327 3206 3471 3258 qua:-

1904 3260 2004 3313 qne
2035 3245 2136 3300 hoc
2174 3264 2339 3316 genus
2384 3252 2490 3318 ibi,
2523 3267 2713 3311 cetera
2744 3245 3171 3332 itnagines’sunt.
3198 3277 3265 3328 At
3298 3245 3473 3334 itina-

1904 3344 2016 3389 tura
2062 3341 2296 3394 scnsnali
2341 3358 2442 3396 non
2491 3344 2779 3418 imagines,
2822 3357 2914 3407 sed
2946 3360 3111 3429 magis
3153 3365 3470 3440 simulacra,

1901 3442 1963 3482 ac
1989 3429 2360 3487 simulamenta
2406 3435 2648 3492 dicenda.
2688 3442 2760 3496 lta
2793 3445 2933 3501 enim
2963 3466 3138 3507 rerum
3172 3429 3474 3531 progressio

1901 3530 2013 3613 est,
2040 3530 2096 3574 ut
2135 3523 2440 3613 ell'ulgentia
2473 3529 2714 3597 luminis,
2746 3535 2919 3607 imago
2945 3543 3014 3595 sit
3040 3523 3296 3605 luminis':
3330 3559 3472 3613 unde

1901 3610 2195 3664 substantia
2242 3615 2425 3670 eadem
2473 3628 2553 3672 cst
2601 3622 2656 3674 in
2703 3629 2926 3682 sumntis
2963 3641 3011 3686 et
3055 3640 3306 3708 aeternis,
3349 3610 3472 3714 quia

1899 3701 2073 3799 imago
2103 3706 2348 3778 luminis,
2385 3710 2562 3766 lumen
2593 3727 2694 3769 cst.
2740 3718 2807 3773 Ut
2834 3721 2974 3776 enim
3005 3726 3072 3781 de
3100 3701 3333 3799 Spiritu.
3364 3701 3473 3795 non

1899 3794 2002 3848 nisi
2033 3796 2260 3865 Spiritus
2291 3843 2306 3866 ,
2349 3811 2404 3856 ct
2429 3804 2494 3857 dc
2525 3821 2676 3872 vero,
2703 3825 2884 3865 verum
2906 3856 2919 3876 ,
2953 3826 3008 3870 et
3035 3819 3100 3873 de
3125 3794 3256 3890 Deo,
3284 3826 3422 3884 Deus

1899 3886 1979 3940 sic
2008 3896 2062 3941 et
2101 3888 2166 3942 de
2205 3890 2534 3960 substantia,
2568 3897 2861 3956 substantia
2901 3921 2912 3955 :
2941 3905 3172 3974 Spiritus
3213 3886 3382 3986 enim,
3417 3933 3473 3976 et

1899 3992 2087 4078 verus,
2115 3989 2167 4033 et
2195 3980 2335 4034 Deus
2367 3983 2661 4041 substantia
2690 4001 2789 4044 est.
2820 3992 2988 4050 Omne
3013 4009 3190 4057 autem
3221 3980 3473 4074 quodest

1899 4081 2182 4137 unicuique
2231 4085 2386 4125 suum
2432 4089 2584 4141 esse,
2628 4078 2920 4137 substantia
2952 4097 3052 4142 est.
3092 4089 3195 4146 Sed
3226 4094 3326 4152 hoc
3352 4115 3471 4159 esse

1900 4160 2039 4226 quod
2078 4160 2334 4257 dicimus,
2372 4165 2516 4257 aliud
2563 4168 2783 4240 intelligi
2816 4177 2974 4232 debet
3024 4180 3075 4235 in
3122 4200 3186 4240 eo
3219 4193 3357 4257 quod
3388 4207 3478 4253 est

1898 4262 2015 4344 esse
2045 4251 2217 4304 :aliud
2246 4269 2373 4306 vero
2404 4255 2455 4307 in
2481 4271 2546 4310 eo
2580 4261 2719 4328 quod
2747 4275 2827 4317 ρει
2856 4266 2924 4320 ita
2955 4285 3093 4338 esse,
3127 4289 3182 4330 ut
3212 4251 3372 4339 unum
3399 4251 3474 4344 sit.

1898 4340 2227 4432 substantite,
2256 4343 2399 4397 aliud
2436 4348 2725 4414 qualitatis.
2771 4354 2872 4408 Sed
2904 4357 3002 4413 ista
3047 4365 3123 4417 sic
3154 4367 3206 4421 itt
3243 4340 3470 4432 Sensibi;

1899 4428 2040 4483 libus
2069 4440 2121 4484 et
2164 4431 2216 4483 in
2249 4433 2464 4488 mundo.
2504 4437 2572 4489 At
2607 4438 2658 4490 in
2700 4441 2892 4497 divinis
2919 4456 2972 4500 et
3001 4456 3213 4509 mternis
3240 4459 3337 4515 ista
3365 4428 3470 4522 duo

1899 4537 2058 4614 unum
2093 4538 2291 4579 :omne
2321 4526 2462 4579 enim
2495 4529 2632 4597 quod
2677 4531 2748 4586 ibi
2790 4535 3046 4607 simplex,
3088 4555 3143 4598 et
3183 4548 3285 4604 hoc
3329 4556 3470 4614 Deus

1899 4612 2039 4716 quod
2071 4613 2283 4717 lumen:
2312 4618 2452 4685 quod
2482 4620 2772 4689 optimum,
2801 4631 2938 4694 quod
2964 4633 3269 4707 existenlia,
3326 4612 3467 4717 quod

1898 4705 2038 4769 vita,
2073 4706 2211 4797 quod
2251 4707 2599 4778 intelligentia
2636 4729 2647 4766 :
2679 4716 2827 4771 atde
2873 4720 2972 4776 hoc
3011 4738 3062 4779 ct
3100 4728 3152 4782 in
3183 4705 3300 4788 aliis
3329 4705 3470 4797 am;

1901 4811 2039 4850 mus.
2082 4796 2269 4851 Omnia
2299 4815 2428 4869 ergo
2476 4801 2546 4854 ibi
2577 4804 2998 4865 substantialiter
3046 4815 3305 4888 simplicia
3330 4868 3346 4892 ,
3386 4796 3472 4886 in-

1899 4899 2170 4977 connexa,
2217 4903 2336 4942 cum
2384 4905 2605 4945 numero
2637 4909 2828 4961 unum,
2878 4916 2974 4956 nec
3021 4921 3243 4966 numero
3274 4934 3434 4977 unum

1901 4975 1994 5028 sed
2035 4986 2158 5030 ante
2200 4992 2477 5032 numerum
2509 4997 2706 5050 unum,
2755 4986 2806 5039 id
2849 4997 2962 5055 est,
2992 5006 3116 5052 ante
3140 4966 3472 5080 unutti'qutiod

1903 5074 1986 5120 est
2024 5066 2074 5120 ίη
2106 5082 2350 5131 numero,
2396 5069 2496 5123 boc
2526 5082 2626 5137 est,
2660 5074 2817 5141 plane
2856 5077 3111 5153 simplex,
3157 5095 3325 5151 solum
3346 5066 3476 5162 .sine

1904 5157 2201 5254 phantasia,
2240 5161 2396 5254 quod
2425 5162 2674 5217 alterum.
2707 5166 2857 5223 Unde
2886 5176 3025 5240 quod
3068 5177 3191 5238 inde
3239 5157 3474 5254 nascitur

1903 5251 2098 5350 imago,
2122 5253 2455 5355 non‘seissio.
2485 5269 2583 5308 nec
2603 5255 2812 5325 eﬁ‘mio,
2837 5263 2929 5315 sed
2952 5265 3159 5325 eﬁ'ulsio
3186 5291 3198 5328 :
3225 5293 3323 5336 nec
3352 5251 3478 5355 pro:

1903 5340 2104 5406 tensio,
2146 5340 2240 5395 sed
2291 5343 2630 5410 apparentia,
2683 5363 2782 5402 nec
2825 5355 3142 5418 gerntinatiu
3194 5340 3443 5434 poteniin;

1902 5445 2058 5531 quam
2084 5434 2335 5531 potentias
2361 5434 2501 5488 actio
2536 5452 2547 5487 :
2580 5436 2668 5488 ubi
2696 5438 2835 5492 enim
2865 5445 3024 5512 actio,
3054 5462 3143 5505 aut

1905 5520 1958 5574 in
2005 5522 2445 5617 potentiaAatque
2474 5540 2538 5579 ex
2569 5531 2843 5617 potentia?
2893 5534 2958 5588 Et
2999 5544 3210 5606 quando
3259 5520 3348 5609 aui

1905 5613 2185 5721 petentia,
2218 5613 2318 5721 nisi
2346 5629 2465 5669 cum
2493 5615 2702 5672 actione
2740 5629 2793 5673 et
2830 5620 2882 5675 in
2913 5629 3164 5688 actione?
3188 5638 3303 5696 Non
3348 5613 3479 5721 ergo

1908 5704 2128 5761 alterum
2159 5704 2211 5761 in
2247 5707 2438 5775 altero,
2483 5723 2584 5764 nec
2628 5709 2912 5778 aliquando
2949 5719 3152 5795 simile,
3186 5732 3305 5800 quia
3336 5704 3479 5805 idem

2980 5811 3057 5874 35
