3950 6206
383 226 515 282 1099

1602 214 1792 271 MAR“
1832 212 2170 270 VlCTORlNi
2210 214 2369 272 ΔΕΜ

3508 205 3681 263 1100

380 351 613 407 semper.
646 336 713 390 Et
758 334 880 405 quia
927 331 1235 402 eli'ulgentia
1282 329 1582 384 declaratur
1628 328 1840 389 lumen,
1875 326 1958 379 vel
1989 330 2037 388 Α
2067 338 2224 381 lotus.
2269 328 2370 395 Qui
2398 342 2516 382 cum
2545 328 2595 380 in
2618 332 2860 380 cessante
2900 334 3044 381 motu
3075 324 3335 391 accipitur
3367 328 3534 389 atque
3567 319 3677 371 in-

383 430 521 483 actio
551 428 850 483 declaratur
899 423 1175 493 petentia;
1210 421 1408 476 idcirco
1456 418 1644 488 (Joan.
1686 433 1800 481 xw,
1845 416 1911 484 9)
1946 432 1957 467 ;

390 520 490 586 Qui
521 534 596 570 me
636 518 797 582 videt,
826 515 962 568 videt
1006 524 1050 567 et
1097 513 1323 565 Patrem.
1380 509 1444 563 Et
1492 507 1611 577 quia
1670 504 1962 575 potentiam

385 610 553 680 ipsam
587 609 751 662 solam
786 621 943 660 nemo
975 604 1117 658 videt
1155 601 1342 670 (Joan.
1377 617 1421 663 ι,
1452 599 1589 669 l8):
1624 597 1783 651 Deum
1821 611 1965 649 nemo

386 703 509 757 vidit
538 715 775 770 unquam.
810 698 874 750 Et
905 696 1153 764 quoniam
1202 694 1435 762 potentia
1467 705 1683 745 cessans
1712 688 1818 743 vita
1849 697 1964 753 est,

389 804 443 849 et
468 806 683 847 cessans
732 786 1109 855 intelligentia,
1146 785 1261 838 haec
1308 794 1482 836 autem
1513 780 1621 834 vita
1665 792 1717 833 et
1766 778 1967 832 intelli-

390 885 567 957 gentia
595 882 733 936 actio
759 889 876 944 est;
913 882 955 932 si
985 876 1103 946 quis
1135 877 1296 929 Deum
1328 872 1557 937 viderit,
1593 870 1848 924 moriatur
1878 883 1971 922 ne-

390 993 540 1033 cesse
566 985 648 1031 est
682 992 693 1028 :
723 974 845 1045 quia
870 971 964 1026 Dei
995 972 1097 1024 vita
1129 978 1181 1024 et
1205 967 1549 1036 intelligentia
1600 966 1653 1018 in
1685 962 1972 1033 semetipsa

393 1078 503 1132 est,
535 1084 637 1121 non
682 1066 737 1119 in
782 1073 902 1118 actu
930 1079 942 1115 :
974 1060 1149 1116 omnis
1188 1070 1363 1113 autem
1391 1067 1539 1113 actus
1570 1056 1700 1111 foris
1726 1064 1809 1111 est
1829 1096 1843 1119 ,
1872 1054 1974 1108 hoc

394 1178 523 1215 vero
550 1168 633 1215 est
661 1169 899 1212 nostrum
929 1155 1142 1219 vivere,
1171 1152 1312 1222 quod
1343 1152 1469 1204 foris
1496 1159 1579 1204 est
1606 1149 1783 1203 vivere
1808 1165 1820 1200 :
1849 1161 1976 1215 ergo

393 1262 477 1307 est
503 1266 643 1304 mors
678 1249 838 1302 Deum
867 1245 1048 1300 videre
1074 1242 1265 1313 (Exod.
1300 1256 1487 1305 χχχιιι,
1510 1239 1601 1309 20)
1640 1260 1652 1293 :
1679 1236 1863 1303 Nemo,
1892 1235 1974 1289 in-

395 1342 536 1412 quit,
581 1355 799 1409 unquam
838 1337 961 1389 vidit
997 1344 1041 1389 et
1069 1335 1227 1395 uixit;
1259 1332 1420 1386 simili
1448 1332 1588 1384 enim
1620 1329 1796 1383 simile
1825 1328 1975 1382 vide—

401 1443 503 1487 tur.
538 1428 841 1485 Omittenda
866 1426 1025 1495 igitur
1052 1424 1157 1477 vita
1192 1424 1340 1490 loris,
1368 1420 1657 1475 omittenda
1684 1418 1982 1488 intelligen-

402 1524 472 1579 tia
495 1564 507 1585 ,
537 1522 581 1575 si
613 1522 776 1574 Deum
806 1517 987 1572 videre
1010 1517 1285 1581 volumus,
1313 1524 1367 1569 ct
1397 1513 1497 1569 hoc
1525 1512 1679 1568 nobis
1705 1526 1851 1567 mors
1876 1520 1979 1566 est.

477 1614 537 1667 ll.
577 1611 837 1678 Quoniam
865 1618 1041 1662 autem
1090 1608 1202 1661 hac
1228 1606 1333 1661 vita
1366 1614 1420 1659 et
1450 1602 1796 1675 intelligentia
1823 1604 1985 1676 Λόγος

2064 418 2334 488 telligitur,
2369 418 2470 471 hoc
2496 426 2575 471 est
2606 416 2764 480 Deus,
2792 425 2950 483 atque
2980 417 3092 482 ipse
3120 421 3271 482 pater
3299 420 3406 473 est,
3432 421 3680 475 semper

2062 522 2223 580 atque
2247 526 2310 563 ex
2336 518 2541 563 aeterno
2586 517 2734 578 pater
2762 523 2775 558 :
2804 507 2923 577 quia
2956 520 3167 573 semper
3193 513 3374 557 motus
3423 517 3494 555 ex
3526 499 3678 554 sub-

2065 602 2280 665 stantia,
2311 610 2363 654 et
2409 600 2460 653 in
2505 597 2821 663 substantia,
2859 596 2941 651 vel
2972 595 3150 665 potius
3180 593 3293 662 ipsa
3323 589 3675 648 substantia,

2067 693 2155 763 qui
2184 708 2303 746 cum
2333 690 2475 745 foras
2506 699 2728 761 spectat,
2756 689 2856 743 hoc
2883 697 2965 742 est
2998 695 3175 741 autem
3207 683 3354 738 foras
3382 690 3679 747 Spectare,

2069 796 2269 839 m0tum
2315 784 2401 838 vel
2446 784 2736 836 motionem
2783 794 2901 833 esse
2934 795 2947 832 :
2978 777 3119 848 quod
3160 776 3333 845 ipsum
3383 773 3491 826 hoc
3528 768 3682 824 illud

2069 883 2153 929 est
2191 890 2249 929 se
2295 874 2502 937 videre,
2545 887 2604 927 se
2651 870 2982 939 intelligere,
3013 884 3076 922 ac
3117 881 3275 921 nosse
3316 864 3458 918 velle
3491 879 3504 915 :
3537 875 3681 916 cum

2072 978 2245 1021 autem
2274 981 2333 1021 se
2355 964 2517 1031 videt,
2538 965 2780 1035 geminus
2820 961 2998 1016 existit
3018 969 3071 1014 ct
3096 958 3414 1027 intelligitur
3447 954 3681 1016 videns,

2074 1069 2127 1113 et
2156 1057 2298 1128 quod
2324 1057 2532 1111 videtur
2562 1074 2574 1109 :
2606 1056 2719 1124 ipse
2747 1054 2834 1123 qui
2866 1053 3026 1117 videt,
3051 1036 3223 1121 ipsum
3254 1048 3397 1119 quod
3425 1045 3683 1110 videtur,

2075 1149 2196 1218 quia
2246 1164 2305 1203 se
2346 1147 2485 1202 videt
2522 1164 2535 1199 :
2568 1146 2669 1200 hoc
2701 1154 2786 1200 est
2834 1144 2991 1214 igitur
3022 1143 3164 1196 foras
3212 1149 3502 1211 spectans,
3535 1134 3686 1189 foris

2074 1240 2284 1311 genitus
2314 1240 2399 1296 vel
2440 1239 2698 1304 existens,
2748 1248 2805 1291 ut
2832 1236 2955 1306 quid
3006 1234 3074 1287 sit
3124 1232 3407 1301 intelligat.
3445 1229 3591 1297 Ergo
3618 1226 3676 1279 si

2082 1333 2213 1388 loris
2236 1342 2339 1398 εει,
2368 1341 2422 1387 ει
2446 1336 2489 1386 si
2519 1331 2746 1402 genitus,
2782 1330 2919 1383 (ilius
2951 1344 2963 1381 :
2989 1337 3042 1381 et
3071 1327 3113 1380 si
3144 1325 3305 1389 ﬁlius,
3332 1320 3672 1390 unigenitus,

2084 1427 2204 1494 quia
2234 1425 2401 1491 solus,
2432 1425 2521 1493 qui
2562 1431 2645 1479 est
2673 1422 2849 1477 omnis
2876 1429 3044 1485 actus,
3075 1427 3233 1487 atque
3255 1414 3434 1471 omnis
3463 1422 3520 1467 et
3550 1412 3681 1465 uni—

2084 1516 2340 1579 versalis,
2372 1523 2427 1569 et
2469 1530 2603 1569 unus
2633 1523 2717 1569 est
2744 1522 2920 1573 motus
2942 1552 2955 1574 ,
2987 1509 3124 1563 idem
3170 1514 3346 1561 autem
3380 1511 3677 1569 motusque

2086 1608 2380 1664 substantia
2413 1624 2425 1660 :
2455 1622 2583 1677 ergo
2631 1615 2685 1660 et
2731 1615 2899 1674 pater,
2936 1611 2989 1658 et
3032 1601 3169 1655 illius
3216 1614 3321 1653 una
3367 1596 3672 1664 eademque

403 1717 483 1761 est
505 1748 518 1771 ,
551 1705 637 1774 qui
666 1702 911 1757 Christus
937 1710 1017 1755 est
1047 1717 1058 1751 :
1094 1715 1187 1767 per
1226 1698 1495 1753 Christum
1531 1706 1585 1751 ει
1628 1711 1725 1751 nos
1754 1694 1933 1751 omnia
1963 1710 1976 1747 :
2014 1691 2061 1750 B
2088 1699 2380 1754 suli5tantia
2413 1714 2426 1751 :
2459 1694 2911 1751 consubstantiale
2956 1693 3131 1762 igitur,
3164 1688 3216 1743 id
3242 1696 3347 1749 est,
3379 1686 3668 1757 ὁμοούσιον.

406 1814 501 1867 per
544 1796 714 1864 ipsum
756 1805 838 1847 est
877 1806 1001 1860 ergo
1036 1792 1195 1861 Λόγος
1218 1830 1231 1854 ,
1264 1799 1317 1844 ει
1348 1789 1451 1841 vita
1475 1830 1488 1853 ,
1530 1797 1584 1843 et
1612 1787 1981 1856 intelligentia.

407 1889 614 1954 Quare?
644 1889 765 1955 quia
810 1886 907 1937 ista
937 1884 1116 1938 omnia
1163 1892 1366 1945 motus,
1397 1891 1450 1936 et
1477 1880 1705 1950 adjectio
1732 1891 1814 1933 est
1849 1896 1861 1931 :
1891 1894 1988 1933 nos

412 1996 562 2050 ergo,
589 1978 633 2031 si
661 1992 841 2030 sumus
870 1976 921 2028 in
947 1974 1159 2029 Christo
1176 1974 1533 2043 Domino,per
1549 1972 1816 2027 Christum
1845 1970 1990 2024 vidc-

407 2085 545 2135 nius,
577 2069 628 2123 id
658 2079 762 2131 est,
786 2066 947 2119 vitam
974 2080 1177 2129 veram,
1200 2066 1300 2118 hoc
1326 2073 1426 2127 est,
1463 2078 1555 2131 per
1584 2062 1868 2131 imaginem
1900 2076 1991 2115 ve-

410 2176 545 2215 ram.
580 2160 643 2212 Et
682 2158 805 2227 quia
833 2170 1045 2221 veram,
1070 2169 1197 2225 ergo
1225 2153 1462 2223 ejusdem
1490 2150 1802 2206 substantiae
1824 2190 1838 2216 ,
1872 2148 1991 2218 quia

413 2261 467 2304 et
497 2251 549 2304 in
581 2248 791 2301 actione
834 2244 1066 2315 putentia
1095 2252 1175 2297 est
1208 2262 1221 2295 :
1253 2242 1326 2299 ibi
1369 2257 1496 2312 ergo
1529 2242 1690 2296 Deum
1720 2240 1991 2305 videmus,

414 2351 469 2395 ει
510 2340 635 2394 hinc
678 2337 806 2391 illud
852 2338 870 2407 (
906 2337 1064 2390 Joan.
1119 2351 1227 2400 xiv,
1272 2336 1339 2405 9)
1384 2352 1397 2388 :
1437 2334 1546 2399 Qui
1575 2351 1652 2388 me
1676 2336 1838 2397 videt,
1868 2334 1997 2386 videt

413 2432 600 2487 Deum.
642 2429 793 2497 Quod
836 2444 962 2483 vero
1006 2429 1071 2482 de
1112 2428 1345 2496 potentia
1394 2426 1555 2490 actio,
1588 2426 1707 2479 ideo
1750 2426 1815 2478 de
1843 2425 1999 2477 Patre

416 2521 581 2575 Filius
603 2561 618 2584 ,
661 2535 722 2573 ac
751 2520 817 2573 de
845 2519 1047 2588 Spiritu
1088 2519 1243 2591 Λόγος
1276 2535 1288 2569 :
1318 2526 1371 2572 ει
1399 2517 1519 2587 quia
1546 2517 1614 2572 de
1641 2516 1839 2586 Spiritu
1881 2515 2000 2585 Spi-

419 2616 582 2679 ritus,
614 2612 739 2667 ideo
766 2610 833 2666 de
866 2611 975 2664 Deo
1009 2611 1147 2665 Deus
1182 2627 1194 2662 :
1223 2625 1351 2680 ergo
1382 2609 1447 2663 de
1483 2609 1775 2665 substantia
1815 2608 2002 2663 eadem

418 2702 712 2758 substantia
738 2741 752 2765 ,
783 2710 842 2754 ut
886 2715 1045 2768 supra
1093 2700 1395 2754 docuimus.
1442 2700 1688 2754 Potentia
1721 2700 1865 2754 Deus
1891 2708 2003 2766 est,

418 2793 476 2848 id
507 2802 619 2857 est,
649 2791 789 2860 quod
830 2789 1056 2858 primum
1101 2789 1405 2845 existentia:
1433 2790 1735 2845 universale
1762 2801 2005 2857 estesse,

422 2886 564 2956 quod
609 2900 824 2950 secum,
874 2883 924 2936 id
970 2892 1083 2950 est,
1133 2883 1275 2939 inse
1307 2886 1467 2937 vitam
1498 2894 1553 2939 et
1604 2882 2007 2954 intelligentiam

426 2979 585 3031 habet
614 2993 627 3027 :
655 2974 824 3045 magis
854 2984 1029 3028 autem
1064 2975 1235 3042 ipsum
1284 2974 1424 3043 quod
1454 2985 1537 3029 est
1575 2990 1729 3041 esse,
1762 2975 1865 3029 hoc
1896 2983 2007 3040 est,

2156 1789 2240 1843 lli.
2282 1788 2470 1843 Omnia
2515 1802 2642 1856 ergo
2687 1786 2828 1839 ﬁlius
2852 1826 2866 1850 ,
2906 1792 2960 1837 ut
2988 1781 3164 1838 omnia
3198 1788 3366 1849 pater.
3406 1775 3517 1830 Sed
3548 1775 3671 1844 quia

2095 1880 2459 1951 potentialiter
2479 1879 2625 1947 prior
2655 1887 2738 1931 est
2765 1874 3063 1930 substantia
3106 1885 3263 1941 quam
3290 1878 3445 1922 actus
3470 1881 3533 1920 ac
3559 1880 3675 1919 mo-

2090 1983 2195 2038 tus,
2246 1973 2388 2041 prius
2431 1979 2606 2023 autem
2652 1969 2719 2022 ad
2760 1968 2865 2021 vim
2893 1966 3001 2020 dixi
3044 1975 3097 2018 et
3141 1963 3205 2017 ad
3251 1976 3501 2025 causam,
3550 1958 3675 2027 quia

2092 2065 2262 2120 motui
2304 2078 2460 2118 causa
2495 2061 2793 2117 susbtantia
2822 2077 2835 2112 ε
2862 2060 3038 2113 onmis
3065 2058 3205 2111 enim
3234 2064 3411 2108 motus
3461 2052 3514 2105 in
3544 2052 3672 2104 sub-

2094 2157 2311 2221 stantia,
2338 2170 2466 2223 ergo
2496 2155 2798 2209 necessario
2839 2161 3121 2221 generator
3146 2158 3229 2213 est
3262 2155 3438 2215 pater,
3467 2154 3522 2198 et
3552 2145 3672 2196 item

2098 2248 2402 2303 necessario
2430 2246 2605 2300 omnia
2648 2261 2762 2315 quae
2795 2254 2943 2314 pater
2984 2242 3172 2305 habet,
3228 2240 3392 2293 habet
3431 2246 3490 2292 et
3544 2235 3674 2288 [ilius

2101 2337 2275 2411 (Joan.
2310 2354 2420 2402 xvi,
2470 2335 2558 2406 15)
2615 2353 2629 2389 :
2684 2336 2887 2398 Omnia,
2935 2334 3123 2402 inquit,
3172 2346 3284 2401 qua
3330 2329 3479 2382 habet
3532 2327 3677 2381 Pater

2102 2431 2225 2483 mihi
2254 2430 2411 2484 dedit.
2461 2430 2523 2483 Et
2549 2431 2673 2483 item
2702 2427 2892 2498 (Joan.
2922 2443 2975 2493 v,
3003 2424 3102 2493 26)
3136 2442 3148 2477 :
3180 2422 3335 2476 Pater
3358 2431 3413 2475 ut
3454 2423 3561 2489 ipse
3587 2421 3676 2470 Ita-

2102 2520 2177 2573 bet
2200 2536 2261 2574 et:
2284 2537 2336 2574 se
2364 2520 2535 2585 vitam,
2559 2521 2629 2571 ita
2651 2518 2786 2571 dedit
2813 2517 2950 2571 Filio
2977 2532 3039 2569 ea:
3059 2532 3112 2568 se
3134 2513 3314 2566 habere
3340 2512 3493 2564 vitam
3515 2527 3533 2564 :
3560 2524 3679 2578 ergo

2104 2622 2163 2667 ut
2201 2619 2369 2679 pater,
2404 2612 2471 2664 ita
2525 2610 2661 2663 [ilius
2694 2610 2794 2662 vita
2841 2618 2953 2673 est,
2982 2617 3035 2661 ct
3079 2622 3143 2659 ex
3188 2620 3246 2657 se
3285 2604 3415 2656 vita.
3455 2601 3575 2669 ipsa
3606 2609 3683 2653 est

2108 2704 2249 2759 enim
2278 2704 2405 2768 vita,
2429 2717 2547 2770 quae
2576 2701 2678 2755 sibi
2698 2709 2751 2755 et
2773 2699 2891 2753 aliis
2913 2710 2995 2753 est
3018 2698 3094 2751 vis
3119 2694 3353 2759 vivendi,
3383 2708 3489 2746 non
3522 2692 3686 2744 aliun-

2109 2795 2176 2849 de
2208 2795 2331 2847 vita.
2360 2793 2525 2861 Igitur
2562 2803 2772 2859 motus,
2806 2800 2861 2846 et
2886 2790 3188 2860 principalis
3234 2797 3443 2851 motus,
3476 2794 3532 2840 et
3558 2797 3686 2838 unus

2111 2896 2287 2941 motus
2307 2928 2321 2953 ,
2352 2896 2406 2941 et
2450 2902 2480 2940 a
2525 2901 2583 2940 se
2610 2894 2812 2950 motus,
2843 2892 2897 2940 et
2925 2883 3222 2952 unigenitus
3250 2890 3429 2934 motus
3456 2894 3470 2930 :
3497 2877 3583 2931 hic
3610 2886 3686 2931 est

2114 2983 2275 3055 Λόγος
2307 2998 2319 3033 :
2353 2980 2549 3034 ctenim
2583 2980 2687 3033 vita
2726 2990 2839 3043 εει,
2874 2993 2967 3046 per
2996 2992 3151 3046 quem
3181 2976 3365 3029 vivunt
3396 2972 3596 3028 omnia.
3626 2969 3691 3023 Et

431 3067 570 3137 quod
600 3067 703 3119 vita
744 3076 901 3135 atque
929 3065 1279 3135 intelligentia
1310 3076 1455 3119 motu
1501 3067 1759 3121 interiore
1789 3074 1843 3119 et
1873 3066 1925 3119 in
1955 3080 2013 3120 se
2037 3047 2083 3110 (ἶ
2117 3047 2237 3145 quia
2265 3074 2371 3128 vita
2393 3082 2493 3139 est,
2525 3074 2640 3143 ipse
2664 3081 2746 3126 est
2779 3087 2870 3139 per
2906 3085 3060 3139 quem
3087 3078 3211 3122 sunt
3240 3066 3376 3121 facta
3401 3065 3610 3125 omnia.
3642 3070 3695 3116 el

431 3174 691 3214 converso
717 3175 729 3210 :
759 3167 839 3210 est
864 3173 988 3226 ergo
1010 3167 1184 3211 motus
1214 3158 1264 3211 in
1296 3158 1424 3223 Deo,
1454 3169 1508 3214 et
1537 3176 1600 3215 ex
1643 3159 1744 3215 hoc
1770 3167 1821 3213 et
1850 3160 2012 3228 actio,

435 3250 572 3305 unde
596 3249 796 3302 dictum
826 3248 1015 3319 (Joan.
1047 3265 1103 3314 v,
1130 3248 1227 3319 l9)
1260 3268 1271 3301 :
1306 3251 1462 3304 Amen
1486 3292 1499 3315 ,
1530 3269 1675 3305 amen
1700 3253 1813 3307 dico
1840 3253 1974 3306 vobis
1998 3292 2014 3319 ,

438 3358 539 3395 non
567 3350 723 3411 potest
771 3340 937 3393 Filius
989 3358 1019 3393 a
1060 3343 1328 3409 semetipso
1374 3344 1540 3410 facere
1570 3344 1799 3413 aliquid,
1832 3345 1875 3397 si
1920 3360 2020 3397 non

443 3435 621 3488 viderit
664 3433 869 3487 Patrem
899 3434 1163 3503 facientem
1191 3450 1207 3486 :
1234 3450 1344 3503 qua:
1388 3436 1519 3488 enim
1554 3437 1641 3490 ille
1670 3437 1816 3505 facit,
1850 3437 2021 3491 eadem

445 3534 491 3578 et
522 3524 689 3577 Filius
720 3524 861 3593 facit.
892 3524 1149 3577 Similiter
1176 3540 1303 3594 ergo
1326 3533 1380 3579 et
1402 3525 1559 3580 Pater
1588 3536 1641 3580 et
1670 3526 1795 3581 facit
1820 3538 1874 3581 et
1893 3528 2021 3597 agit,

447 3612 542 3666 sed
567 3613 711 3666 intus
732 3655 745 3678 ,
772 3614 912 3667 unde
951 3629 1068 3667 cum
1098 3615 1242 3667 nullo
1271 3625 1390 3684 eget
1416 3618 1748 3672 extrinsecus
1767 3659 1782 3683 ,
1815 3634 2028 3688 semper

449 3704 697 3772 plenum,
732 3717 944 3773 semper
975 3714 1171 3766 totum,
1205 3720 1412 3774 semper
1445 3708 1652 3761 beatum
1695 3718 1797 3762 est.
1826 3709 2024 3762 Verum

448 3794 697 3863 quoniam
731 3796 834 3847 vita
867 3803 1026 3863 atque
1074 3796 1422 3865 intelligentia
1454 3809 1626 3853 motus
1664 3809 1824 3864 sunt,
1855 3801 2030 3854 omnis

453 3896 627 3941 autem
661 3885 763 3938 vita
792 3885 1036 3949 viviﬁcal,
1071 3901 1229 3940 omne
1251 3902 1374 3940 vero
1399 3891 1537 3958 quod
1570 3893 1861 3945 vivilicatur
1905 3892 2032 3946 foris

455 3986 568 4041 est;
620 3976 851 4044 itemque
896 3976 1243 4042 intelligentia
1274 3980 1415 4045 quod
1468 3980 1714 4049 intelligit
1753 3980 1884 4036 furis
1915 3991 2031 4047 est,

457 4077 511 4121 et
537 4067 587 4120 id
613 4067 751 4135 quod
795 4064 1042 4134 intelligit
1085 4068 1256 4132 intus,
1306 4077 1472 4123 tracta
1524 4079 1578 4124 ει
1627 4070 1730 4125 vita
1766 4088 1831 4127 ex
1875 4073 2035 4127 intel-

456 4160 701 4228 ligentia,
726 4158 809 4212 vel
831 4157 1115 4228 eli‘ulgente
1136 4160 1216 4213 vel
1250 4161 1580 4217 illnnn'nanle
1614 4164 2039 4235 intelligit.Unde

462 4248 530 4301 de
562 4248 669 4301 Deo
694 4256 851 4315 atque
876 4263 940 4301 cx
977 4246 1161 4302 eadem
1193 4249 1484 4304 substantia
1510 4261 1612 4318 est,
1641 4263 1693 4308 et
1719 4256 2037 4322 substantia,

463 4346 518 4391 et
543 4336 671 4400 vita,
698 4346 750 4390 et
778 4336 1126 4406 intelligentia
1146 4379 1158 4401 ,
1188 4339 1419 4409 itemque
1451 4353 1625 4398 motus
1652 4360 1771 4398 cum
1815 4346 1955 4401 intus
1986 4346 2038 4401 in

2120 3168 2170 3221 in
2210 3181 2367 3235 quem
2415 3165 2549 3219 facta
2591 3172 2715 3217 sunt
2762 3162 2939 3215 omnia
2976 3179 2987 3212 :
3020 3161 3140 3230 quia
3181 3167 3395 3228 purgata
3444 3152 3694 3210 omniain

2120 3259 2283 3313 vitam
2313 3264 2563 3311 aeternam
2592 3253 2833 3309 redeunt.
2866 3254 2930 3306 Et
2952 3251 3130 3306 omnia
3160 3251 3210 3303 in
3242 3250 3358 3318 ipso
3387 3247 3527 3301 facta
3555 3252 3694 3306 sunt,

2123 3353 2245 3422 qn’a
2293 3365 2411 3419 qua:
2456 3349 2595 3402 facta
2640 3357 2763 3402 sunt
2812 3347 2865 3399 in
2917 3346 3030 3415 ipso
3074 3346 3175 3397 vita
3206 3351 3328 3397 sunt
3355 3358 3366 3394 :
3395 3342 3525 3396 nihil
3557 3341 3697 3394 enim

2125 3443 2267 3513 quod
2298 3445 2384 3508 sit,
2418 3442 2504 3497 cui
2530 3444 2596 3496 sit
2622 3455 2740 3495 esse
2770 3455 2957 3503 suum,
2990 3455 3052 3492 ex
3082 3452 3185 3506 quo
3213 3435 3311 3504 ipsi
3343 3435 3448 3488 vita
3488 3433 3556 3487 sit
3583 3446 3701 3486 esse

2128 3534 2267 3603 quod
2309 3535 2396 3588 sit.
2442 3534 2578 3601 Ergo
2629 3533 2679 3586 in
2723 3528 2936 3585 Christo
2982 3529 3117 3583 facta
3160 3536 3282 3582 sunt
3321 3526 3534 3588 omnia,
3583 3524 3703 3593 quia

2129 3623 2371 3678 Christus
2400 3620 2557 3696 Λόγος
2609 3631 2709 3676 εει.
2735 3620 2854 3675 Vita
2881 3630 3055 3675 autem
3089 3634 3187 3673 nec
3215 3619 3400 3685 ccepit,
3429 3617 3552 3686 quia
3588 3631 3617 3669 a
3637 3629 3707 3696 se

2132 3715 2231 3769 sibi
2261 3730 2474 3783 semper
2502 3723 2613 3777 est,
2658 3712 2798 3765 unde
2836 3726 3103 3780 nunquam
3146 3708 3373 3771 desinit,
3404 3717 3457 3761 et
3501 3691 3706 3759 inﬁnita

2135 3820 2348 3874 semper
2374 3814 2473 3865 est.
2500 3811 2552 3859 et
2583 3818 2677 3871 per
2701 3803 2900 3865 omnia,
2930 3810 2983 3855 et
3009 3800 3061 3853 in
3092 3800 3343 3854 omnibus
3371 3812 3538 3866 usque
3566 3811 3594 3849 a
3624 3795 3708 3848 di-

2136 3895 2273 3948 vinis
2305 3902 2358 3947 et
2386 3909 2412 3945 a
2437 3891 2905 3959 supraemlestihus
2934 3890 2999 3944 ad
3031 3904 3198 3957 usque
3240 3884 3708 3949 cmlestia,ctelos-

2138 4000 2241 4055 quc
2269 3998 2452 4037 omnes
2472 4025 2484 4046 ,
2528 3983 2723 4036 aethera
2746 4023 2761 4048 ,
2791 3996 2912 4035 aera
2933 4022 2946 4045 ,
2993 3979 3208 4034 humida
3253 3988 3414 4048 atque
3466 3987 3672 4031 terrena
3691 4016 3706 4039 ,

2139 4075 2423 4143 omniaque
2465 4089 2583 4142 quae
2632 4074 2876 4126 oriuntur
2914 4086 2943 4123 e
2981 4079 3143 4133 terra,
3173 4068 3462 4137 omniaque
3495 4074 3706 4120 cmtcra.

2145 4169 2284 4237 Ergo
2324 4175 2377 4222 et
2404 4180 2597 4235 corpus
2625 4179 2853 4233 caroque
2894 4174 3072 4218 nostra
3117 4162 3276 4215 habet
3301 4159 3501 4230 aliquid
3533 4159 3711 4221 vitale,

2145 4256 2425 4328 omnisque
2452 4259 2670 4311 materia
2700 4257 2929 4311 animata
2949 4264 3049 4320 est,
3082 4263 3140 4306 ut
3165 4251 3397 4306 mundus
3436 4251 3709 4313 existeret,

2148 4350 2287 4404 unde
2328 4357 2620 4416 eruperunt
2659 4352 2809 4416 jussu
2856 4346 2944 4400 Dei
2992 4344 3262 4399 animalia.
3310 4342 3371 4395 In
3402 4358 3565 4396 carne
3594 4355 3716 4410 ergo

464 4444 522 4484 se
547 4436 649 4492 est,
676 4428 811 4481 idem
838 4428 1083 4498 estquod
1110 4429 1398 4485 substantia
1430 4448 1441 4485 :
1467 4435 1554 4502 qui
1585 4448 1703 4488 cum
1736 4435 1860 4491 inde
1888 4452 2039 4507 spec-
2063 4415 2121 4476 D
2148 4444 2285 4497 inest
2312 4415 2441 4504 vita,
2463 4440 2511 4493 id
2544 4447 2645 4503 est,
2676 4440 2833 4511 Λόσγος
2861 4438 3014 4491 ενὶιεε
3043 4443 3218 4489 autem
3260 4434 3398 4488 inest
3437 4432 3717 4487 Christus:

468 4531 575 4586 tat,
616 4530 669 4574 et
714 4530 769 4572 ιιι
816 4519 955 4573 foras
985 4520 1245 4587 emineat,
1284 4523 1333 4576 id
1364 4534 1472 4587 est,
1517 4535 1574 4579 ut
1602 4537 1854 4596 operetur
1883 4540 2040 4600 atque

467 4622 615 4680 agat,
644 4612 729 4666 hic
759 4622 940 4681 partus
964 4621 1073 4675 est,
1105 4612 1190 4667 hic
1218 4615 1426 4669 natalis.
1456 4616 1523 4670 Et
1550 4618 1671 4686 quia
1702 4629 1877 4675 motus
1906 4637 2042 4677 unus

472 4712 581 4766 est,
632 4703 935 4771 unigenitus
984 4701 1157 4767 illius,
1205 4715 1377 4758 motus
1408 4715 1585 4761 autem
1638 4726 1770 4763 unus
1815 4712 1922 4765 sive
1952 4712 2041 4766 illa

473 4793 611 4857 vita,
654 4796 765 4847 sive
813 4795 1161 4863 intelligentia
1195 4812 1207 4848 :
1240 4798 1439 4851 etenim
1472 4800 1631 4853 vitam
1680 4814 1880 4857 metum
1925 4820 2045 4859 esse

473 4896 691 4937 necesse
718 4891 818 4936 est.
868 4882 1123 4937 Vivel‘acit
1152 4884 1291 4937 enim
1321 4888 1495 4940 omnis
1520 4890 1623 4943 vita
1648 4931 1661 4955 ,
1703 4892 1843 4946 unde
1870 4906 2045 4949 motus

476 4974 704 5037 estvita,
734 4971 823 5042 qui
873 4974 985 5026 sive
1012 4973 1064 5025 in
1109 4989 1166 5028 se
1192 4974 1447 5042 existens,
1473 4986 1628 5047 atque
1657 4982 1709 5035 in
1736 4997 1793 5037 se
1824 4998 2047 5038 conver-

477 5076 571 5116 sus
594 5061 886 5117 substantia
915 5060 1028 5130 ipse
1066 5060 1166 5116 sibi
1188 5076 1297 5130 est;
1330 5066 1442 5120 sive
1472 5068 1612 5123 foras
1651 5082 1876 5140 spectat,
1910 5075 2051 5130 unde

478 5152 644 5222 magis
670 5153 863 5206 dicitur
894 5163 1067 5207 motus
1100 5172 1112 5206 :
1140 5170 1258 5208 nam
1303 5158 1443 5211 intus
1473 5172 1650 5216 monts
1675 5168 1903 5220 cessatio
1932 5178 2014 5221 est
2039 5208 2055 5233 ,

480 5244 564 5297 vel
612 5252 753 5296 mota
794 5244 1043 5310 cessatio,
1088 5259 1411 5317 cessansque
1454 5260 1628 5305 motus
1662 5270 1673 5305 :
1705 5253 1862 5309 debet
1908 5259 2051 5312 enim

481 5334 619 5389 Deus
652 5334 945 5414 utriusque,
974 5338 1289 5391 cessationis
1317 5338 1436 5393 dico
1466 5352 1518 5395 et
1546 5354 1719 5398 motus
1738 5386 1751 5409 ,
1781 5356 1833 5400 et
1863 5364 2054 5417 parens

483 5440 622 5491 esse,
651 5435 704 5478 et
752 5425 864 5495 ipsa
894 5426 1217 5493 snbstantia,
1249 5430 1387 5499 quod
1420 5434 1678 5489 societate
1729 5447 1783 5491 et
1822 5440 2053 5508 quadam

486 5518 653 5571 forma
710 5517 774 5571 ad
819 5525 1100 5587 utrumque
1145 5520 1261 5574 fons
1304 5531 1416 5588 est,
1468 5536 1550 5580 est
1588 5528 1812 5596 simplex
1863 5531 1975 5601 ipse
2005 5543 2060 5588 et

486 5625 638 5673 unus,
656 5624 975 5680 semperque
994 5626 1127 5666 unus
1155 5627 1218 5668 ac
1247 5615 1413 5681 solus,
1446 5626 1519 5681 et,
1544 5629 1772 5689 utsupra
1801 5622 2055 5694 diximus,

2144 4546 2309 4602 quare
2337 4532 2491 4603 Λόγος
2520 4545 2643 4584 caro
2672 4529 2842 4583 factus
2870 4536 2969 4582 est.
2999 4526 3151 4582 Unde
3201 4540 3307 4579 non
3352 4524 3549 4577 mirum
3582 4520 3717 4593 quod

2147 4622 2405 4694 mysterio
2431 4622 2656 4691 sumpsit
2682 4636 2917 4683 carnem,
2948 4629 3006 4673 ut
3033 4630 3085 4673 et
3115 4618 3264 4672 carni
3292 4627 3346 4671 et
3373 4616 3577 4671 homini
3604 4615 3723 4669 sub-

2147 4716 2382 4780 veniret,
2407 4714 2498 4767 sed
2520 4729 2639 4767 cum
2666 4727 2878 4767 carnem
2911 4711 3151 4780 sumpsit,
3185 4708 3549 4764 universalem
3576 4710 3726 4781 Λόγον

2151 4811 2328 4863 carnis
2361 4808 2586 4875 sumpsit
2609 4823 2621 4857 :
2647 4820 2765 4859 nam
2795 4803 2991 4858 idcirco
3007 4804 3181 4856 omnis
3202 4800 3380 4854 carnis
3406 4806 3645 4869 potestas
3674 4798 3722 4851 in

2152 4914 2311 4953 carne
2338 4894 2709 4963 triumphavit,
2738 4903 2791 4947 et
2816 4893 3015 4947 idcirco
3035 4891 3181 4944 omni
3206 4890 3457 4944 subvenit
3478 4890 3658 4952 carni,
3675 4897 3729 4943 ut

2154 4989 2353 5044 dictum
2368 4997 2443 5040 est
2459 4987 2510 5039 in
2525 4986 2656 5040 lsaia
2676 4982 2825 5055 (Isai.
2845 4999 2934 5046 ιι,
2953 4984 3006 5046 5;
3022 4999 3110 5045 Ln,
3128 4982 3217 5046 lO;
3239 4980 3365 5035 Luc.
3383 4996 3460 5047 ιιι,
3478 4980 3531 5051 6)
3552 4980 3729 5033 :Vide-

2159 5080 2227 5133 bit
2257 5090 2303 5133 te
2331 5078 2490 5131 omnis
2518 5092 2635 5129 caro
2670 5076 2891 5129 salutare
2911 5071 3029 5126 Dei.
3068 5072 3133 5125 Et
3169 5072 3218 5125 in
3242 5071 3375 5125 libro
3395 5070 3729 5127 Psalmorum

2164 5170 2335 5241 (Psal.
2368 5184 2506 5231 thv,
2539 5169 2595 5238 5)
2623 5167 2733 5221 :Ad
2757 5176 2803 5221 te
2840 5167 3000 5221 omnis
3030 5183 3147 5218 caro
3176 5165 3351 5219 veniet.
3382 5165 3515 5220 Item
3544 5174 3601 5219 et
3626 5165 3733 5218 uni-

2166 5262 2425 5315 versalem
2446 5260 2586 5331 λόγον
2612 5260 2801 5313 animo:
2831 5276 2843 5312 :
2870 5273 2988 5311 nam
3016 5266 3069 5312 et
3090 5258 3320 5310 animam
3350 5257 3603 5312 habuisse
3630 5272 3732 5332 ma-

2167 5353 2446 5415 nifestum,
2471 5367 2589 5405 cum
2624 5351 2761 5406 idem
2830 5350 3075 5406 Salvator
3121 5348 3254 5403 dixit
3309 5347 3543 5419 (Matth.
3577 5363 3726 5414 xxvx,

2167 5444 2273 5514 55)
2307 5464 2319 5497 :
2352 5442 2528 5499 Tristis
2567 5456 2637 5499 est
2678 5445 2848 5497 anima
2869 5459 3022 5511 usque
3048 5441 3116 5494 ad
3144 5451 3371 5495 mortem.
3423 5441 3489 5494 Et
3533 5442 3656 5495 item
3686 5443 3730 5493 in

2168 5537 2634 5608 Psalmo(Psatm.
2685 5552 2776 5601 xv,
2816 5536 2915 5605 10)
2952 5552 2964 5587 :
3013 5535 3134 5587 Non
3178 5534 3491 5604 derelinquas
3520 5534 3728 5587 animum

2170 5642 2335 5681 meam
2359 5628 2411 5681 in
2440 5621 2658 5697 inferno.
2682 5624 2831 5693 Quod
2868 5633 3042 5679 autem
3074 5624 3358 5693 sumpserit
3387 5622 3727 5679 universalem
