3950 6206
251 275 276 326 1
295 274 388 328 101

1428 274 1786 332 Αυνιςιιδυδ
1827 275 2040 330 Αιιιυιι
2080 277 2279 330 LIBER
2318 278 2401 330 ill.

3371 279 3510 335 1102

248 383 404 456 λόγον
433 384 654 448 animat,
689 383 771 439 his
819 383 1156 438 manifestum
1207 384 1259 437 itt
1292 382 1573 439 Ezechiele
1605 385 1834 456 (Eucti.

1948 397 2027 438 tur
2060 403 2071 436 :
2101 389 2152 440 ἐκ
2181 395 2300 458 μιᾶς
2352 389 2526 448 οὐσίας
2569 398 2704 463 τρεῖς
2732 385 2853 442 εἶναι
2899 393 2991 452 τὰς
3029 392 3363 452 ὑποστάσεις.
3399 393 3506 448 Hoc

253 488 411 538 xvm,
435 474 488 541 4)
514 495 525 528 :
563 474 746 527 Omnes
767 475 948 529 anima:
990 484 1103 526 sunt
1133 490 1270 540 mem,
1291 485 1342 526 ut
1372 476 1543 527 animo
1562 477 1741 544 patris,
1765 474 1836 527 sic

255 576 306 619 et
335 567 508 619 animo
531 567 647 632 ﬁlii.
678 565 806 620 Item
835 564 1144 619 universalis
1166 567 1356 618 anima:
1379 566 1521 639 λόγος
1551 577 1603 620 et
1631 583 1695 620 ex
1739 566 1837 621 hoc

255 657 582 718 ostenditur,
625 655 766 725 quod
811 666 860 710 et
905 657 1172 718 irascitur,
1216 671 1335 709 cum
1384 657 1644 710 maledicit
1676 664 1730 710 et
1753 672 1838 710 ar-

255 745 380 801 bori
415 746 497 800 lici
519 789 530 806 .
576 756 630 801 et
656 747 785 801 dicit
817 746 1044 816 (Matth.
1078 763 1138 811 x,
1174 746 1273 812 15;
1306 764 1389 810 ιιι,
1421 746 1527 818 2⁵5)
1557 767 1569 800 :
1605 748 1840 802 Sodomis

256 847 309 891 et
342 835 636 890 Gomorr/tis
683 840 734 890 in
779 838 867 890 illa
899 837 978 890 die
1004 839 1316 890 commodius
1363 839 1457 891 erit
1507 855 1655 907 quam
1683 838 1838 891 vobis.

261 928 357 983 Sic
393 927 549 980 etiam
582 929 760 981 multis
790 932 840 981 in
887 927 1038 981 locis.
1070 927 1200 982 Item
1229 940 1277 980 et
1307 929 1482 996 cupit,
1539 943 1658 982 cum
1714 927 1842 980 dicit

265 1018 479 1088 (Matth.
514 1034 658 1081 xxvi,
689 1018 779 1089 59)
803 1035 816 1070 :
843 1016 1019 1082 Pater,
1052 1018 1096 1069 si
1115 1019 1225 1084 ﬁeri
1253 1028 1433 1086 potest,
1453 1018 1785 1085 transferatur
1811 1033 1842 1069 a

260 1126 346 1164 me
375 1111 454 1162 hic
495 1111 645 1163 calix.
681 1110 752 1162 lhi
802 1111 961 1163 etiam
1010 1109 1355 1162 ratiocinatur
1385 1125 1399 1164 :
1431 1110 1517 1161 sed
1550 1110 1640 1178 fuit
1681 1109 1845 1178 potius

263 1203 496 1256 voluntas
517 1213 620 1254 tua.
648 1201 769 1254 lltec
790 1212 841 1254 et
867 1201 968 1253 alia
999 1201 1160 1253 multa
1186 1209 1308 1252 sunt
1334 1201 1523 1268 quibus
1550 1199 1845 1252 ostenditur

265 1294 458 1347 animm
480 1294 619 1366 λόγος
641 1291 950 1346 universalis
975 1309 987 1342 :
1014 1300 1312 1359 assumptus
1341 1305 1465 1358 ergo
1494 1290 1653 1343 homo
1679 1299 1841 1355 totus,

263 1396 321 1440 et
351 1393 742 1453 assumptus,et
762 1385 1012 1438 liberatus
1033 1392 1140 1436 est:
1167 1382 1219 1435 in
1243 1383 1341 1436 isto
1363 1382 1504 1435 enim
1530 1382 1704 1435 omnia
1729 1380 1846 1434 uni-

267 1476 494 1530 \‘Ct‘salia
525 1474 757 1541 fuerunt,
783 1475 1101 1529 universalis
1130 1489 1275 1540 caro,
1305 1475 1480 1527 anima
1511 1472 1843 1534 universalis,

265 1578 325 1622 et
353 1568 403 1621 in
434 1583 644 1622 crucem
681 1569 886 1623 sublata
917 1576 1076 1634 atque
1108 1574 1323 1635 purgata
1349 1573 1473 1617 sunt
1505 1578 1594 1632 per
1622 1561 1844 1617 salutem

274 1658 442 1714 Deum
471 1661 632 1734 λόγον,
662 1656 1035 1714 universalium
1066 1658 1302 1710 omnium
1332 1654 1684 1709 universalcm
1712 1671 1722 1705 :
1755 1668 1848 1722 per

1939 492 2056 529 cum
2089 478 2160 530 ita
2185 479 2251 530 sit
2278 519 2292 541 ,
2325 493 2443 531 esse
2471 489 2525 531 ut
2558 479 2953 532 fundamentum
3004 489 3086 533 est
3138 481 3355 550 reliquis
3384 501 3396 535 :
3429 483 3508 534 vi-

1940 584 2062 622 vere
2088 570 2227 622 eniut
2251 581 2304 624 et
2333 570 2631 640 intelligere
2654 582 2708 624 ut
2745 572 2971 625 secunda
3000 583 3046 627 et
3082 575 3373 641 posteriora
3399 617 3413 638 ,
3449 585 3507 629 ut

1941 671 2127 714 natura
2155 662 2378 729 quadam
2408 664 2458 716 in
2485 678 2550 717 eo
2573 665 2712 733 quod
2745 675 2824 718 est
2851 680 2969 719 esse
2994 707 3007 730 ,
3059 666 3195 720 velut
3225 668 3397 722 inesse
3423 667 3504 720 vi-

1941 750 2186 815 deantur,
2213 753 2293 805 vel
2316 767 2378 806 ex
2402 767 2466 806 eo
2496 755 2634 822 quod
2655 769 2772 808 esse
2797 755 3187 823 quodammodo
3216 767 3271 810 ut
3322 757 3507 812 extite-

1943 842 2084 907 rint,
2114 852 2271 910 atque
2297 843 2349 896 in
2378 858 2442 897 eo
2471 845 2610 913 quod
2641 855 2723 898 est
2747 861 2897 898 suum
2926 861 3066 907 esse,
3110 847 3238 899 illud
3281 848 3505 916 primum

1943 945 2005 983 ac
2036 932 2306 985 fotttannm
2329 947 2446 988 esse
2473 935 2802 988 servaverint
2845 957 2855 989 :
2891 953 3154 1006 nunquam
3202 939 3341 992 enim
3389 955 3508 996 esse

1944 1021 2058 1074 sine
2087 1022 2264 1076 vivere
2285 1031 2444 1091 atque
2474 1025 2769 1095 intelligere
2796 1043 2810 1080 :
2837 1043 3005 1095 neque
3039 1028 3215 1084 vivere
3241 1041 3398 1100 atque
3421 1033 3505 1086 in-

1947 1113 2182 1180 telligere
2213 1114 2327 1168 sine
2354 1131 2417 1169 eu
2446 1116 2584 1185 quod
2608 1128 2686 1169 est
2711 1120 2950 1186 essejam
2981 1122 3254 1188 probatum
3281 1134 3382 1178 est.

2023 1205 2081 1257 ν.
2119 1205 2284 1273 llujus
2316 1209 2388 1258 rei
2439 1207 2502 1259 ad
2533 1208 2930 1278 intelligentiam
2958 1212 3058 1265 hoc
3085 1214 3152 1265 sit
3182 1216 3502 1284 exemplum.

1946 1295 2212 1348 Punamns
2243 1297 2412 1352 visum
2440 1298 2519 1352 vel
2553 1299 2806 1353 visionem
2832 1317 2927 1370 per
2951 1317 3008 1356 se
3033 1304 3077 1355 vi
3107 1318 3199 1357 sua
3229 1316 3387 1375 atque
3413 1323 3508 1361 na-

1949 1396 2064 1438 tttra
2096 1387 2448 1454 potentialiter
2470 1389 2817 1456 existentent,
2847 1391 2947 1444 hoc
2975 1402 3054 1446 est
3098 1396 3213 1461 ejus
3242 1411 3390 1463 esse,
3422 1412 3514 1465 po-

1950 1477 2165 1528 tentiam
2200 1476 2476 1532 habentem
2510 1478 2724 1533 visivam
2759 1483 2823 1533 ad
2874 1483 3156 1538 videndum
3181 1526 3194 1550 ,
3225 1487 3365 1556 quod
3413 1489 3515 1542 erit

1943 1566 2032 1635 jus
2063 1567 2286 1622 videre:
2340 1579 2393 1622 et
2435 1571 2558 1625 item
2611 1574 2896 1641 potentiam
2957 1575 3238 1631 habentem
3287 1580 3517 1635 videndo

1949 1656 2057 1710 visa
2080 1673 2301 1728 qumque
2326 1659 2630 1715 discernere
2655 1704 2670 1727 ,
2701 1664 2838 1732 quod
2870 1676 2950 1720 est
2971 1679 3151 1721 contra
3177 1669 3473 1739 intelligere
3502 1687 3515 1724 :

271 1750 444 1818 ipsmn
474 1756 613 1806 enim
643 1753 818 1806 omnia
876 1750 1008 1804 laeta
1038 1756 1179 1814 sunt,
1204 1747 1292 1817 qui
1318 1755 1401 1800 est
1424 1745 1578 1800 Jesus
1606 1744 1846 1799 Christus
1879 1757 1924 1815 Β
1954 1747 2065 1803 haec
2090 1749 2135 1801 si
2166 1752 2396 1817 potentia
2426 1762 2577 1816 sunt,
2609 1754 2742 1808 nihil
2784 1755 2924 1809 aliud
2973 1773 3127 1825 quam
3169 1775 3288 1814 esse
3325 1760 3520 1816 dicitur

277 1839 417 1894 Deus
445 1852 496 1895 et
522 1843 782 1908 Salvator,
808 1850 862 1896 et
894 1839 1144 1894 Dominus
1172 1847 1367 1891 noster.
1400 1841 1590 1891 Amen.

346 1931 435 1986 IV.
465 1930 620 2004 Λόγος
647 1934 802 2003 igitur
830 1948 947 2003 qua:
975 1941 1127 1995 sunt,
1177 1944 1397 2000 quaeque
1438 1943 1556 1982 esse
1589 1936 1844 1996 possunt,

271 2038 460 2090 qtttm‘c
504 2039 623 2078 esse
668 2037 985 2092 potuerunt,
1048 2025 1212 2080 veluti
1256 2040 1437 2079 semen
1506 2040 1567 2078 ac
1613 2025 1848 2094 potentia

271 2114 536 2170 existeudi
555 2158 567 2181 ,
603 2118 859 2187 sapientia
889 2132 950 2170 ac
977 2118 1143 2171 virtus
1173 2118 1407 2170 omnium
1435 2115 1846 2170 substantiarum

271 2205 342 2260 de
376 2207 482 2260 Deo
509 2207 571 2259 ad
602 2209 838 2262 actiones
867 2200 1054 2262 omnes
1075 2249 1088 2272 ,
1127 2209 1265 2262 Deus
1297 2209 1532 2277 putentia
1566 2208 1725 2276 patris
1755 2221 1847 2260 ac-

275 2307 438 2368 tuque
459 2341 472 2365 ,
503 2315 605 2367 quo
632 2300 769 2354 lilius
813 2300 926 2369 ipse
951 2315 1070 2354 eum
1106 2311 1254 2370 patre
1276 2316 1410 2354 unus
1437 2300 1573 2353 Deus
1599 2309 1700 2353 est.
1723 2299 1848 2352 Etev

275 2391 386 2442 nitn
415 2405 533 2444 cum
575 2390 678 2444 sint
706 2393 818 2444 ista:
849 2391 1145 2445 existentite
1182 2392 1426 2446 viventes
1460 2389 1848 2458 intelligentes-

272 2497 409 2548 que.
434 2480 914 2532 animadvertamus
940 2479 1051 2533 inec
1106 2481 1206 2532 tria
1225 2520 1238 2542 ,
1282 2495 1400 2533 esse
1419 2520 1433 2539 .
1461 2481 1666 2544 vivere,
1697 2477 1851 2532 intel-

276 2572 443 2641 ligere
463 2614 475 2636 ,
509 2573 578 2623 ita
607 2571 706 2624 tria
735 2585 853 2626 esse
874 2612 887 2634 ,
927 2581 981 2624 ut
1011 2587 1172 2624 unum
1202 2585 1412 2640 semper
1438 2571 1540 2624 sint
1563 2611 1575 2634 ,
1609 2579 1766 2638 atque
1798 2571 1848 2622 itt

280 2678 346 2716 eo
371 2662 508 2729 quod
532 2673 612 2716 est
640 2677 779 2716 esse.
808 2661 913 2716 Sed
938 2662 988 2714 in
1021 2677 1084 2716 ro
1111 2661 1248 2730 quod
1285 2671 1359 2715 est
1386 2675 1502 2714 esse
1533 2660 1682 2724 dico,
1713 2659 1853 2729 quod

276 2756 347 2810 ibi
379 2764 598 2809 estesse
631 2773 643 2809 :
679 2757 731 2808 in
761 2755 860 2807 hoe
897 2754 1053 2823 igitur
1079 2769 1226 2816 esse,
1261 2753 1361 2808 hoc
1389 2762 1470 2807 est
1504 2754 1687 2808 vivere
1715 2793 1726 2817 ,
1754 2752 1854 2806 hoc

275 2847 571 2915 intelligere
598 2846 777 2899 omnia
805 2845 1249 2908 substantia‘iter,
1279 2854 1332 2898 ct
1358 2861 1519 2898 unum
1552 2843 1851 2898 subsisten-

277 2941 393 2991 tia:
436 2939 612 2992 vivere
650 2937 796 2992 enim
855 2936 1025 3006 ipsum
1081 2937 1130 2990 id
1189 2946 1271 2990 est
1328 2935 1467 3006 quod
1502 2949 1652 2999 esse;
1684 2948 1854 3003 neque

274 3031 419 3085 enim
450 3030 524 3083 ita
550 3031 599 3082 in
634 3030 740 3083 Deo
763 3070 777 3094 ,
826 3037 881 3082 ttt
933 3032 986 3082 in
1033 3029 1186 3082 nobis
1235 3030 1376 3082 aliud
1407 3040 1489 3083 est
1523 3028 1664 3097 quod
1691 3029 1852 3093 vivit,

1950 1847 2005 1892 et
2034 1851 2243 1892 manent
2266 1881 2281 1906 ,
2314 1849 2364 1894 et
2396 1851 2451 1895 ut
2491 1842 2670 1910 quieta
2697 1855 2852 1908 sunt,
2882 1855 3043 1915 atque
3074 1849 3124 1901 in
3171 1864 3230 1904 se
3260 1865 3518 1907 conversa

1953 1936 2151 1981 tantum
2206 1939 2259 1983 ut
2311 1932 2456 1998 sint,
2499 1943 2786 2000 operantur
2816 1937 2987 1989 solum
3044 1939 3207 2004 visio,
3240 1943 3324 1995 vel
3375 1943 3519 1997 visus

1951 2021 2268 2086 existentia,
2303 2032 2358 2076 et
2409 2023 2605 2079 idcirco
2655 2027 2823 2079 solum
2880 2043 2999 2083 esse
3051 2033 3394 2086 numeranda.
3452 2035 3522 2089 At

1951 2123 2070 2162 eum
2101 2109 2286 2163 eadem
2336 2112 2468 2164 visio
2521 2115 2827 2181 operatione
2877 2118 3090 2172 videndi
3133 2123 3203 2173 uti
3249 2123 3517 2190 emperit,

1951 2203 2096 2268 quasi
2151 2204 2520 2270 progressiOne
2551 2206 2630 2258 sui
2683 2206 2836 2272 visio,
2890 2211 3060 2277 quasi,
3108 2212 3354 2280 inquam,
3413 2229 3521 2268 non

1952 2291 2092 2344 enim
2127 2293 2480 2360 progreditur,
2526 2311 2624 2350 nec
2669 2313 2697 2350 a
2724 2312 2781 2351 se
2811 2299 2953 2361 exit,
3001 2308 3092 2354 seu
3141 2302 3432 2358 intentione
3461 2320 3524 2361 ac

1953 2387 2132 2456 vigore
2165 2390 2388 2455 promite
2437 2392 2710 2458 potestatis
2735 2432 2748 2454 ,
2797 2394 2935 2460 quod
2988 2404 3070 2448 est
3097 2395 3144 2449 ei
3175 2397 3352 2452 vivere
3403 2414 3522 2452 ont-

1953 2483 2035 2531 nia
2063 2495 2181 2547 qute
2207 2490 2328 2532 sttttt
2356 2482 2404 2534 ei
2434 2481 2585 2534 obvia
2612 2523 2626 2545 ,
2654 2483 2736 2535 vel
2781 2485 2970 2550 quibus
3022 2487 3340 2540 inettrreudu
3367 2490 3522 2543 obvia

1953 2570 2293 2635 eonsttexerit
2319 2584 2438 2623 cum
2471 2571 2648 2624 ullicio
2686 2573 2892 2626 vivendi
2942 2574 3194 2644 fungitur,
3230 2579 3330 2631 vita
3361 2578 3525 2648 ipsius

1956 2659 2173 2711 visionis
2201 2668 2314 2722 est,
2348 2676 2464 2729 qua:
2501 2673 2642 2714 motu
2693 2673 2947 2732 operante
3000 2667 3175 2721 vivere
3229 2670 3530 2724 iudicatvi-

1956 2749 2155 2803 sionem
2178 2790 2192 2813 ,
2227 2760 2428 2804 tantum
2451 2752 2500 2804 itt
2533 2769 2597 2806 eo
2619 2754 2758 2822 quod
2789 2755 2929 2809 videt
2956 2773 3086 2825 puro
3123 2759 3332 2814 videndi
3365 2776 3529 2816 sensu

1956 2855 2059 2893 non
2120 2842 2561 2906 discrimiuaute,
2612 2861 2708 2899 nec
2775 2846 3096 2916 dijudicaute
3167 2853 3307 2921 quod
3362 2854 3524 2909 videt.

1955 2929 2104 2997 Quod
2144 2933 2353 3001 quidem
2381 2951 2475 2988 nos
2501 2938 2788 3005 accipimus
2817 2939 3169 2996 a-SIitnatione
3190 2983 3204 3007 ,
3231 2953 3286 2997 ut
3337 2947 3528 3014 opine-

1957 3039 2076 3075 mur
2117 3025 2295 3078 videre
2326 3027 2494 3078 solum
2527 3029 2640 3080 sine
2681 3030 3020 3099 intelligentia
3047 3052 3058 3086 :
3100 3049 3218 3088 cum
3245 3046 3420 3092 autem
3452 3041 3529 3092 vi-

275 3120 418 3172 aliud
449 3121 551 3172 vita
582 3136 698 3188 qua:
729 3118 895 3174 efﬁcit
924 3119 1120 3172 vivere.
1148 3117 1358 3171 Etenim
1389 3118 1434 3171 si
1458 3132 1716 3185 ponamus
1759 3131 1850 3169 ac-
1879 3113 1922 3174 C
1956 3111 2114 3176 dere,
2147 3116 2286 3181 quod
2317 3125 2398 3169 est
2450 3116 2626 3171 vivere
2674 3121 2860 3174 visioni
2881 3164 2894 3185 ,
2937 3125 3116 3180 videre
3157 3142 3260 3182 non
3288 3131 3388 3190 sit.
3422 3131 3526 3185 nisi

273 3211 640 3279 cipianntsqtte
665 3210 837 3279 ipsum
859 3212 1023 3262 vitam
1047 3224 1167 3264 esse
1193 3217 1350 3278 atque
1376 3210 1614 3263 existere
1641 3249 1653 3271 ,
1682 3208 1855 3278 quod-

274 3318 380 3372 que
410 3305 456 3356 ei
489 3302 735 3370 potentia:
765 3305 862 3365 sit,
890 3301 939 3354 id
972 3303 1137 3370 ipsum
1166 3302 1235 3353 sit
1259 3301 1306 3355 ei
1333 3315 1451 3354 esse
1474 3341 1487 3364 ,
1518 3302 1715 3353 clarum
1763 3302 1854 3355 liet

277 3410 441 3447 unuut
470 3402 626 3462 atque
658 3391 799 3446 idem
833 3408 929 3446 nos
952 3392 1194 3459 accipere
1220 3391 1413 3445 debere
1431 3407 1548 3445 esse
1570 3392 1848 3444 etvivere:

276 3486 390 3538 lta-c
416 3483 549 3536 ratio
578 3493 685 3547 est,
711 3483 899 3553 visque
929 3483 1112 3537 eadem
1145 3482 1511 3552 intelligentia:
1559 3491 1640 3536 est
1672 3482 1852 3552 utique

274 3576 375 3629 illi.
408 3575 516 3628 Hoc
545 3575 717 3643 ipsum
744 3589 871 3643 ergo
901 3573 1228 3642 intelligere,
1260 3574 1360 3625 huc
1404 3581 1484 3625 est
1512 3572 1649 3639 quod
1693 3581 1772 3624 est
1803 3572 1852 3624 ei

276 3681 427 3726 esse,
453 3664 607 3733 idque
633 3679 750 3719 esse
781 3665 920 3734 quod
955 3674 1036 3717 est
1063 3663 1362 3732 intelligere
1393 3680 1404 3716 :
1441 3662 1608 3731 ipsum
1644 3662 1742 3715 hoc
1768 3661 1850 3714 in-

277 3755 523 3825 telligere
551 3754 895 3824 intelligentia
919 3764 1001 3808 est
1041 3772 1055 3810 :
1085 3771 1202 3808 esse
1243 3770 1399 3822 ergo,
1432 3769 1550 3808 esse
1577 3763 1629 3806 et
1657 3753 1776 3806 vita:
1801 3762 1852 3806 et

275 3847 636 3915 iutclligentim
660 3857 740 3900 est
764 3889 778 3911 ,
810 3846 860 3899 id
888 3856 1006 3911 est,
1039 3846 1178 3915 quod
1231 3846 1331 3898 vita
1359 3855 1412 3899 et
1461 3844 1844 3914 intelligentia:

276 3955 438 3993 unum
469 3937 625 4008 igitur
654 3936 790 4005 quod
820 3935 959 4000 vita,
988 3945 1041 3990 et
1085 3935 1223 3990 idem
1256 3950 1376 3988 esse
1417 3933 1554 4001 quod
1586 3943 1668 3988 est
1695 3933 1847 3987 iutel-

275 4029 514 4100 ligentia.
538 4029 686 4094 Quod
709 4029 755 4081 si
783 4029 891 4082 haec
920 4028 970 4080 iu
997 4027 1218 4096 singulis
1244 4037 1399 4095 atque
1428 4026 1478 4079 in
1503 4024 1639 4078 binis
1662 4040 1842 4088 unum,

275 4121 516 4190 sequitur
547 4129 600 4173 ut
648 4120 820 4189 ipsum
869 4121 1049 4172 vivere
1082 4119 1181 4172 hoc
1209 4117 1303 4180 sit,
1335 4117 1473 4186 quod
1503 4115 1795 4183 intelligere
1824 4130 1838 4166 :

275 4229 397 4266 nam
431 4211 476 4264 si
502 4227 621 4266 esse
652 4213 751 4263 hoc
775 4221 853 4264 est
877 4210 1055 4263 vivere
1075 4251 1088 4273 ,
1119 4219 1274 4277 atque
1304 4223 1422 4262 esse
1453 4207 1501 4259 id
1524 4207 1662 4276 quod
1689 4205 1841 4258 intel-

275 4305 474 4375 ligere;
509 4304 564 4357 lit
595 4320 754 4357 ntmnt
798 4301 984 4356 vivere
1028 4309 1185 4367 atque
1237 4299 1559 4366 intelligere,
1609 4311 1726 4349 cunt
1775 4295 1842 4349 sit

275 4394 383 4447 illis
414 4410 574 4447 unum
629 4392 768 4462 quod
799 4400 880 4446 est
906 4405 1045 4444 esse.
1080 4389 1192 4443 Huc
1241 4387 1446 4443 accedit
1493 4388 1631 4456 quod
1670 4384 1841 4454 ipsum

1959 3202 2131 3271 capiat
2174 3205 2693 3276 cetupreltendatque
2745 3212 2886 3278 quod
2943 3214 3166 3279 viderit,
3210 3220 3366 3272 simul
3398 3236 3527 3292 ergo

1955 3302 2107 3345 estet
2130 3293 2367 3360 judicare
2396 3297 2532 3362 qttod
2567 3297 2753 3351 viderit
2785 3315 2949 3369 :ergo
2983 3303 3030 3355 in
3075 3319 3139 3359 eo
3159 3309 3297 3375 quod
3327 3319 3408 3363 est
3446 3311 3526 3364 vi-

1956 3382 2102 3446 dere,
2139 3384 2272 3436 inest
2301 3386 2588 3450 dijudieare
2617 3406 2629 3440 :
2663 3405 2832 3457 neque
2871 3393 3011 3445 euint
3065 3397 3107 3448 si
3142 3397 3363 3466 viderit,
3392 3417 3524 3470 quo-

1957 3470 2341 3561 modocumque
2391 3475 2581 3528 viderit
2633 3494 2737 3532 non
2790 3480 3094 3548 dijudieavit
3143 3487 3269 3543 illud
3303 3492 3473 3561 ipsum
3503 3535 3519 3561 ,

1956 3560 2040 3612 vel
2070 3563 2207 3629 quod
2237 3563 2442 3617 viderit.
2489 3567 2656 3636 Ergo,
2706 3580 2758 3622 ut
2799 3570 3051 3639 dicimus,
3087 3577 3135 3630 in
3165 3593 3229 3632 eo
3258 3560 3397 3650 quod
3442 3597 3527 3641 est

1957 3650 2133 3704 videre
2172 3662 2252 3706 est
2296 3654 2622 3722 dijudicate:
2655 3659 2706 3712 in
2763 3677 2826 3715 eo
2879 3675 3050 3720 autem
3092 3671 3230 3737 quod
3269 3684 3349 3727 est
3404 3691 3523 3732 esse

1956 3739 2209 3795 visionem
2257 3745 2393 3798 inest
2425 3747 2601 3801 videre
2657 3768 2667 3801 :
2723 3752 3009 3808 incounexa
3063 3759 3218 3827 igitur
3262 3779 3323 3817 ac
3355 3770 3521 3838 magis

1953 3831 2212 3900 simplicia
2242 3835 2291 3886 itt
2332 3851 2395 3888 eo
2422 3838 2560 3905 quod
2611 3851 2730 3893 sunt
2754 3881 2768 3905 ,
2804 3859 2907 3896 ttott
2954 3847 3091 3900 aliud
3139 3867 3294 3918 quam
3323 3831 3514 3922 unutit,

1957 3923 2088 3976 visio
2108 3965 2122 3989 ,
2156 3926 2333 3978 videre
2353 3968 2366 3992 ,
2389 3927 2725 3995 diserrncre;
2779 3950 2882 4000 quo
2928 3948 3080 4003 parte
3126 3948 3180 3994 et
3205 3942 3254 3995 in
3282 3960 3346 3999 eo
3375 3950 3519 4016 quod

1952 4023 2034 4066 est
2059 4015 2382 4078 discernere,
2407 4019 2543 4073 inest
2570 4021 2769 4086 videre,
2797 4035 2848 4078 et
2878 4027 2927 4080 in
2957 4045 3021 4083 eo
3041 4034 3178 4101 quod
3203 4049 3283 4090 est
3313 4015 3512 4108 videre,

1954 4109 2089 4157 inest
2115 4121 2231 4160 esse
2262 4109 2483 4171 visione,
2503 4121 2679 4178 atque,
2714 4125 2765 4165 ut
2792 4131 2912 4171 vere
2961 4118 3156 4190 dicam,
3190 4143 3290 4180 non
3331 4130 3468 4186 inest
3497 4174 3514 4201 ,

1950 4194 2125 4248 sedeo
2155 4197 2290 4262 quod
2320 4208 2400 4251 est
2429 4200 2556 4252 visio
2582 4239 2596 4264 ,
2628 4201 2678 4253 itt
2709 4218 2772 4256 eo
2801 4216 2882 4259 est
2908 4209 3086 4265 videre
3124 4224 3279 4284 atque
3303 4194 3512 4277 discet;

1949 4301 2076 4339 nere
2110 4287 2213 4340 :ita
2242 4287 2292 4340 in
2333 4288 2555 4358 singulis
2585 4294 2757 4345 omnia
2782 4336 2794 4358 ,
2826 4297 2908 4350 vel
2962 4305 3356 4376 unumquidque
3394 4327 3519 4369 om-

1949 4392 2031 4429 tua
2056 4393 2234 4430 1111111ιῖ.

273 4502 394 4541 esse
422 4485 551 4538 nihil
580 4494 660 4539 est
690 4484 829 4537 aliud
852 4498 1007 4552 quam
1033 4481 1208 4535 vivere
1234 4498 1246 4531 :
1277 4479 1414 4548 quod
1458 4478 1600 4533 enim
1626 4493 1730 4532 non
1763 4477 1839 4530 vi-
1870 4479 1920 4539 D
2018 4469 2104 4522 Vl.
2141 4470 2342 4524 Exlollc
2384 4479 2432 4524 lc
2479 4473 2634 4542 igitur
2673 4486 2830 4546 atque
2862 4481 3036 4550 erige,
3069 4487 3284 4555 spiritus
3329 4510 3515 4566 meus,

275 4577 376 4637 vit,
403 4575 572 4644 ipsum
605 4589 723 4629 esse
750 4574 798 4628 ei
823 4572 1068 4642 deperit,
1102 4583 1158 4624 ιιι
1201 4569 1452 4640 quamdiu
1479 4568 1706 4637 quidque
1738 4567 1836 4632 sit,

274 4669 376 4722 hoe
400 4667 468 4720 sit
491 4667 542 4721 ei
576 4683 727 4720 suum
780 4667 956 4720 vivere
976 4706 990 4731 ,
1024 4663 1164 4718 unde
1194 4659 1544 4716 continui-itur
1573 4673 1691 4713 esse
1718 4673 1837 4711 eum

277 4759 398 4813 vita.
435 4757 537 4814 Sed
570 4773 666 4812 nos
686 4773 805 4812 cum
829 4757 895 4809 de
923 4754 1138 4809 teternis
1159 4752 1444 4822 loquimur,
1487 4749 1627 4802 aliud
1661 4748 1838 4801 vivere

271 4848 560 4920 aetipimus
597 4867 607 4900 :
662 4847 756 4901 sed
807 4847 906 4900 hoc
931 4845 1102 4914 ipsum
1134 4842 1270 4898 scire
1315 4841 1453 4911 quod
1494 4839 1670 4901 vivas,
1699 4838 1836 4892 scire

271 4955 432 5010 porro
460 4939 558 4994 hoc
581 4949 661 4992 est
686 4937 822 5007 quod
853 4936 1148 5005 intelligere
1172 4953 1184 4986 :
1216 4935 1351 5002 Ergo
1380 4932 1516 4986 scire
1539 4930 1836 5000 intelligere

271 5041 381 5096 est,
409 5041 462 5085 et
484 5032 619 5085 scire
646 5030 785 5100 quod
813 5029 991 5094 vivas,
1021 5027 1120 5081 hoc
1148 5036 1230 5081 est
1258 5025 1437 5079 vivere
1467 5043 1478 5077 :
1513 5024 1564 5077 id
1591 5039 1715 5091 ergo
1737 5025 1839 5077 etit

271 5122 565 5191 intelligere
591 5122 730 5191 quod
763 5121 960 5175 vivere.
992 5119 1141 5186 Quod
1169 5117 1215 5171 si
1243 5117 1315 5170 ita
1339 5128 1420 5171 est
1439 5160 1453 5183 ,
1485 5125 1541 5168 ιιι
1583 5131 1742 5167 ιιιιιιιιι
1769 5115 1837 5166 sit

268 5214 446 5267 vivere.
468 5224 520 5267 et
552 5211 846 5281 intelligere
873 5253 884 5274 ,
910 5222 959 5266 et
992 5225 1111 5264 cum
1159 5224 1316 5262 unum
1345 5209 1413 5261 sit
1435 5222 1555 5261 esse
1582 5205 1720 5274 quod
1753 5215 1834 5258 est

267 5309 447 5359 vivere
467 5313 626 5373 atque
649 5302 942 5372 intelligere
965 5320 979 5366 ;
1005 5300 1296 5355 substantia
1321 5315 1478 5352 unum
1501 5339 1514 5362 ,
1540 5295 1830 5351 subsisten-

269 5397 336 5451 tia
370 5396 466 5450 tria
512 5405 635 5448 suut
676 5395 771 5446 i.ta
808 5411 819 5445 :
852 5409 972 5447 cum
1000 5392 1138 5445 enim
1166 5391 1273 5444 vim
1316 5405 1378 5444 ac
1424 5388 1828 5458 significantium

263 5504 410 5542 suam
442 5487 705 5550 habeant,
733 5495 889 5552 atque
919 5495 975 5537 ut
1021 5482 1266 5536 dicuntur
1313 5488 1546 5542 etsunt;
1581 5492 1828 5532 necessa-

260 5582 340 5635 rio
369 5589 426 5634 et
451 5585 578 5632 sunt
604 5575 739 5643 tria,
771 5586 822 5628 et
855 5587 1029 5629 tamen
1075 5590 1270 5637 unum,
1321 5588 1439 5625 eum
1482 5585 1639 5623 omne
1686 5567 1828 5636 quod

257 5671 526 5742 singulum
549 5676 633 5723 est
671 5684 830 5721 unutn
848 5709 860 5733 ,
887 5668 986 5721 tria
1017 5666 1124 5720 sint
1149 5706 1162 5730 ,
1193 5663 1350 5734 idque
1372 5661 1571 5717 Gra‘cis
1594 5661 1665 5715 ita
1692 5659 1827 5713 dici-

1949 4568 2002 4659 et
2032 4559 2343 4659 virtutequa
2395 4579 2420 4613 :t
2469 4563 2577 4617 Deo
2629 4567 2756 4621 mihi
2798 4584 2855 4624 es
2899 4571 3188 4643 inspiratus
3215 4622 3228 4645 ,
3257 4559 3508 4659 agnosce;

1950 4647 2112 4701 Deum
2148 4650 2436 4720 intelligere
2466 4654 2684 4710 dtl'lieile
2708 4698 2722 4719 ,
2759 4675 2860 4714 non
2912 4672 3086 4720 tamen
3127 4647 3508 4741 deSpei-atum;

1947 4756 2086 4841 nam.
2115 4741 2231 4795 ideo
2277 4759 2432 4799 nosse
2485 4761 2542 4801 se
2597 4749 2788 4814 voluit,
2838 4753 2955 4809 ideo
2985 4763 3236 4818 mundum
3268 4779 3318 4822 ct
3347 4787 3512 4839 Opera

1945 4844 2034 4882 sua
2059 4834 2234 4884 divina
2259 4834 2563 4902 constituit,
2598 4849 2652 4891 ut
2679 4855 2799 4894 eum
2827 4858 2919 4911 per
2941 4847 3038 4902 ista
3067 4854 3238 4908 omnia
3262 4834 3509 4919 cernere-

1945 4938 2059 5026 Intus
2085 4939 2095 4974 :
2124 4922 2280 4996 Λόγος
2326 4937 2487 4992 certe,
2520 4929 2609 4998 qui
2652 4932 2764 5000 ejus
2813 4933 2978 5001 lilius,
3027 4943 3114 5008 qui
3154 4945 3325 5018 imago
3351 4993 3363 5016 ,
3415 4958 3507 5026 qui

1939 5015 2103 5068 [arma
2130 5029 2210 5070 cst
2232 5059 2246 5082 ,
2278 5032 2306 5069 ει
2334 5034 2391 5072 se
2416 5019 2480 5072 ad
2509 5032 2708 5088 patrem
2754 5023 3078 5098 intelligendi
3106 5015 3382 5098 transituttt
3412 5015 3506 5104 de-

1938 5107 2032 5161 dit.
2067 5108 2227 5162 Deum
2259 5111 2412 5178 igitur
2458 5112 2507 5164 itt
2557 5129 2657 5180 qua
2691 5127 2905 5181 natura,
2960 5120 3010 5173 itt
3041 5141 3145 5192 quo
3191 5145 3414 5203 genere,
3446 5141 3499 5197 in

1935 5215 2035 5269 qua
2061 5201 2138 5266 vi,
2170 5201 2220 5254 itt
2248 5218 2348 5270 qua
2375 5204 2603 5270 potentia
2639 5207 2879 5274 ponimus
2900 5252 2913 5274 ,
2945 5212 3287 5287 intelligimus
3311 5267 3324 5288 ,
3359 5201 3502 5286 testi-

1936 5294 2184 5345 matuus?
2216 5294 2299 5347 vel
2323 5310 2423 5362 qua
2456 5296 2732 5364 phantasia
2764 5302 3124 5374 intelligentim
3150 5318 3455 5388 attingimus
3481 5370 3497 5394 ,

1934 5395 2091 5454 atque
2113 5385 2164 5438 in
2187 5400 2307 5440 eum
2336 5389 2710 5454 prth-hitttur?
2734 5393 2799 5445 Et
2827 5411 2944 5448 eunt
2975 5385 3354 5471 itttelltgihiletn
3378 5385 3498 5476 esse

1932 5477 2186 5542 dicimus,
2217 5489 2361 5533 certe
2401 5478 2758 5538 iusul‘llatioue
2798 5488 2888 5540 Dei
2943 5491 3117 5547 anima
3145 5500 3295 5555 nobis
3337 5516 3496 5574 atque

1931 5582 1992 5621 ex
2018 5584 2080 5621 eo
2112 5583 2231 5636 pars
2260 5571 2307 5621 ιιι
2339 5571 2489 5622 nobis
2513 5582 2592 5624 est
2617 5614 2629 5634 ,
2668 5591 2785 5641 qua:
2828 5578 2876 5630 in
2925 5585 3076 5635 nobis
3118 5605 3196 5641 cu
3229 5571 3493 5654 ιιιίιχίηίειε

1930 5660 2236 5729 attingimus
2268 5661 2422 5730 igitur
2447 5676 2565 5717 cum
2619 5680 2714 5731 eo,
2769 5683 2876 5737 quo
2937 5673 3058 5728 inde
3112 5694 3294 5758 smnus
3336 5695 3495 5757 atque
