3950 6206
472 270 608 325 ιιιοδ

1730 255 1920 308 MAN]
1965 248 2301 304 VICTORINI
2342 250 2379 303 Α
2392 249 2499 303 Hii

3582 240 3727 297 1104

468 387 777 456 pendemus.
807 383 962 437 Certe
1011 387 1131 448 post
1158 375 1445 433 Salvaturis
1476 372 1760 427 adventum
1786 411 1799 436 ,
1830 385 1947 423 cum
1982 368 2030 419 in
2061 367 2104 423 Α
2136 367 2327 420 dicitur
2355 383 2369 418 :
2400 364 2489 419 sed
2512 362 2587 434 (:2)
2621 360 2872 423 cessatio,
2917 366 3090 411 motus
3128 374 3139 408 ε
3174 356 3219 409 si
3271 353 3509 409 essentia
3539 393 3552 414 ,
3585 352 3724 403 vita.

470 477 747 531 Salvatore
773 474 941 541 ipsum
976 469 1139 523 Deum
1166 465 1389 519 vidimus
1415 504 1427 527 ,
1454 478 1571 515 cum
1602 461 1666 514 ab
1697 474 1760 513 eo
1787 458 1927 511 docti
1954 466 2033 509 at-

470 580 573 627 que
605 560 849 616 instrueti
894 572 1107 619 sumus,
1137 571 1257 610 cum
1287 555 1353 607 ab
1392 569 1456 606 eo
1508 560 1745 605 sanctutn
1779 547 2033 616 Spiritum

470 653 833 721 intelligentia:
865 650 1171 718 magistrum
1210 646 1511 714 accepimus
1535 684 1548 706 ,
1601 642 1726 711 quid
1757 639 1897 693 aliud
1923 652 2037 691 tan-

470 757 555 800 tus
585 743 941 813 intelligentia:
971 740 1217 810 magister
1263 737 1444 796 dabit.
1488 735 1587 788 nisi
1638 734 1799 788 Deum
1846 746 2036 798 nosse,

469 839 637 893 Deum
661 850 1017 904 cognoscere,
1050 833 1212 886 Deum
1263 829 1452 884 fateri?
1484 828 1550 881 Et
1603 827 1833 895 majores
1872 824 2039 878 nostri

470 930 793 999 qucesierunt
818 926 944 997 quid
969 933 1111 981 esset
1136 965 1151 991 ,
1179 932 1268 977 aut
1292 922 1411 992 quis
1431 930 1572 975 esset
1598 920 1765 980 Deus;
1796 927 1849 972 et
1875 918 1954 971 his
1975 917 2041 972 ab

470 1038 536 1078 eo
578 1022 667 1091 qui
712 1021 762 1075 in
808 1024 919 1088 ejus
941 1018 1145 1087 gremio
1174 1030 1385 1084 semper
1406 1023 1487 1068 est
1528 1026 1843 1082 responsum
1867 1012 2041 1065 estita

472 1112 650 1183 (Joan.
681 1126 787 1165 xtv.
810 1111 864 1172 9,
902 1109 989 1179 10)
1015 1126 1026 1161 :
1053 1108 1136 1162 Me
1156 1107 1329 1161 videtis
1354 1116 1397 1160 et
1432 1106 1633 1159 Patrem
1664 1120 1827 1158 meum
1855 1103 2041 1173 quitri-

472 1206 567 1265 tis.
610 1204 728 1257 olim
754 1202 1000 1257 vobiscum
1031 1218 1140 1255 sum
1172 1201 1293 1269 :qui
1320 1215 1397 1253 me
1426 1200 1566 1265 vidit,
1591 1199 1710 1252 vidit
1738 1207 1783 1251 et
1816 1196 2041 1257 Patrem.

474 1309 563 1363 ego
584 1293 635 1345 in
664 1293 835 1355 Patre,
868 1301 913 1345 et
984 1290 1138 1343 Pater
1177 1291 1227 1342 in
1285 1305 1378 1342 me.
1429 1288 1570 1357 Ergo
1608 1286 1731 1356 quid
1780 1284 2045 1339 dicimus?

476 1383 640 1437 Deum
684 1397 871 1450 nempe
907 1380 1192 1448 Spiritum,
1249 1390 1301 1432 et
1353 1379 1603 1445 Spiritum
1653 1378 1807 1430 vitze:
1844 1376 2043 1429 dictum

474 1475 614 1527 enim
645 1484 745 1535 εει,
797 1473 900 1525 vita
932 1481 1078 1539 pater
1120 1479 1230 1533 est,
1273 1478 1325 1523 et
1381 1470 1502 1521 item
1546 1466 1783 1522 Christus
1822 1465 2049 1534 Spiritus

475 1574 576 1617 est.
628 1564 691 1617 Et
734 1563 845 1630 ipse
888 1576 1069 1615 rursus
1118 1562 1185 1614 de
1228 1576 1284 1612 se
1308 1558 1438 1612 dixit
1478 1557 1637 1628 (Ibid.
1680 1558 1752 1624 ᾖ.
1787 1558 1884 1626 6):
1940 1556 2047 1625 ligo

474 1672 583 1707 sum
606 1655 725 1705 vita.
754 1653 817 1705 Et
838 1652 1009 1721 (Joan.
1030 1668 1081 1703 v.
1107 1651 1199 1719 26)
1227 1668 1238 1699 :
1269 1649 1335 1702 Ut
1368 1647 1521 1701 Pater
1557 1648 1699 1700 liabet
1725 1648 1773 1699 in
1803 1664 1852 1701 se
1873 1648 2043 1711 vitam,

2136 457 2307 522 Quod,
2328 466 2381 509 ut
2401 453 2703 515 docuimus,
2736 451 2786 504 in
2814 466 2877 504 co
2903 448 3040 518 quod
3073 458 3291 501 estesse
3318 454 3372 498 et
3400 445 3588 497 vivere
3613 482 3625 506 ,
3661 442 3720 491 in

2142 562 2206 600 co
2233 545 2370 616 quod
2395 554 2475 599 est
2502 544 2767 597 silentium
2795 550 2875 594 est
2920 550 3101 593 tacens
3144 536 3378 591 Verbum
3411 576 3425 597 ,
3455 542 3511 587 et
3558 533 3610 585 in
3659 544 3729 585 eo

2138 638 2277 707 quod
2300 648 2377 691 est
2404 635 2556 705 quies
2587 633 2669 689 vel
2693 633 2918 687 cessatio
2946 632 3085 684 inest
3114 628 3196 682 vel
3226 627 3472 681 occultus
3504 632 3686 675 motus
3708 663 3723 685 ,

2139 731 2221 785 vel
2248 732 2449 783 occulta
2476 726 2633 781 actio.
2663 723 2976 779 Necessario
2994 724 3171 790 itaque
3193 735 3258 774 ex
3288 719 3390 773 bac
3416 714 3733 771 cessaione

2141 830 2293 875 natus
2320 831 2494 875 motus
2519 860 2533 883 ,
2567 826 2622 872 et
2646 827 2769 871 nata
2796 814 2934 869 actio
2963 823 3078 878 est,
3110 810 3195 866 vel
3247 826 3276 863 a
3330 809 3550 864 silentio
3596 805 3733 858 Ver-

2142 914 2297 979 bum,
2331 912 2415 965 vel
2446 910 2511 964 ab
2538 910 2764 963 essentia
2789 908 2915 961 vita.
2947 907 3085 976 Ergo
3124 904 3224 959 i5ta
3250 902 3484 957 essentia
3505 944 3520 965 ,
3556 900 3731 954 silen-

2144 1004 2271 1056 tium
2293 1043 2307 1069 ,
2340 1001 2565 1056 cessatio
2586 1042 2600 1067 ,
2629 999 2804 1062 Pater,
2838 997 2940 1052 hoc
2967 1005 3078 1062 est,
3107 995 3246 1049 Deus
3277 1001 3450 1064 pater.
3489 994 3559 1045 At
3600 1003 3731 1044 vero

2143 1099 2247 1150 vita
2275 1139 2289 1163 ,
2324 1098 2583 1161 Verbum,
2614 1106 2787 1150 motus
2813 1102 2905 1148 aut
2957 1092 3127 1158 actio,
3170 1090 3307 1144 ﬁlius
3356 1096 3412 1144 et
3438 1086 3635 1141 unicus
3665 1084 3733 1136 ﬁ-

2146 1189 2248 1242 lius
2274 1206 2287 1254 ;
2313 1190 2432 1258 quia
2460 1187 2592 1241 nihil
2620 1186 2759 1240 aliud
2785 1200 2941 1255 quam
2968 1198 3129 1237 unum
3153 1222 3168 1247 ,
3192 1179 3279 1235 vel
3304 1179 3412 1233 vita
3432 1218 3447 1241 ,
3470 1176 3558 1229 vel
3610 1189 3732 1229 ver-

2146 1281 2269 1334 bum
2296 1321 2311 1345 ,
2346 1284 2427 1337 vel
2450 1290 2623 1335 motus
2651 1287 2740 1332 aut
2761 1278 2927 1341 actio,
2950 1275 3224 1343 magisque
3244 1271 3425 1326 omnia
3457 1269 3557 1323 ista
3610 1282 3728 1320 mo.

2150 1387 2232 1431 lus
2259 1387 2347 1429 aut
2376 1375 2511 1429 actio
2547 1390 2559 1425 :
2591 1372 2786 1427 etenim
2818 1369 2997 1423 omnia
3022 1366 3106 1419 illa
3136 1365 3305 1418 activa
3330 1371 3488 1426 sunt,
3534 1361 3643 1414 vita
3675 1369 3731 1414 et

2155 1469 2383 1523 Verbum
2407 1508 2419 1532 ,
2450 1476 2596 1519 motu
2626 1466 2803 1532 vigent
2846 1473 2898 1516 et
2930 1470 3073 1514 motu
3129 1465 3458 1528 operantur;
3512 1455 3731 1508 univer-

2150 1560 2276 1613 salis
2304 1571 2478 1611 autem
2529 1564 2732 1617 motus,
2764 1554 2853 1623 qui
2901 1550 3207 1622 principalis
3237 1562 3321 1603 εει
3366 1559 3544 1601 motus
3568 1588 3584 1612 ,
3613 1562 3641 1598 a
3669 1561 3731 1602 se

2150 1650 2319 1703 oritur
2348 1665 2361 1702 :
2392 1648 2513 1717 quid
2542 1649 2681 1701 enim
2712 1656 2793 1700 est
2841 1653 3044 1706 mutus,
3091 1642 3190 1695 nisi
3230 1656 3260 1693 a
3313 1655 3372 1694 se
3418 1640 3520 1694 sibi
3552 1649 3731 1695 motus

474 1747 544 1799 ita
564 1757 608 1800 et
639 1746 775 1799 Filio
802 1746 936 1798 dedit
966 1745 1145 1797 habere
1172 1760 1232 1797 ea:
1257 1760 1308 1796 se
1328 1743 1499 1796 vitam.
1526 1741 1720 1795 Eodem
1747 1740 1904 1795 modo
1930 1740 2049 1808 Spi-
2078 1734 2126 1793 Β
2152 1743 2253 1796 sit?
2283 1741 2411 1795 Nam
2433 1742 2476 1793 si
2518 1741 2584 1794 ab
2601 1739 2705 1792 alio
2734 1747 2999 1802 movetur,
3026 1745 3105 1789 est
3133 1734 3346 1803 quidam
3389 1732 3538 1784 aliud
3566 1745 3727 1800 quam

475 1840 605 1892 ritus
627 1848 838 1891 sanctus
866 1836 1091 1904 Spiritus
1138 1844 1261 1899 est,
1291 1835 1473 1903 utique
1518 1844 1572 1887 et
1621 1835 1731 1901 ipse
1763 1834 1884 1885 vita.
1918 1832 2047 1886 Nam

478 1929 652 1983 omnia
678 1928 922 1982 Christus
938 1927 1139 1995 accepit
1160 1941 1185 1977 a
1209 1936 1355 1992 patre
1390 1924 1567 1993 (Joan.
1602 1940 1731 1977 xvn.
1763 1925 1815 1983 7.
1839 1922 1893 1988 8,
1917 1922 2004 1993 10)
2031 1941 2044 1977 :

480 2017 548 2070 Et
588 2019 774 2081 omnia,
808 2017 977 2085 inquit
1005 2057 1019 2081 ,
1041 2017 1086 2069 ei
1113 2015 1247 2067 dedi.
1280 2014 1343 2067 Et
1390 2014 1513 2068 item
1567 2032 1578 2067 :
1614 2014 1739 2078 Qua:
1768 2014 1913 2066 habet
1940 2030 2050 2067 mea

478 2116 612 2159 sunt.
637 2107 774 2174 Ergo
797 2106 955 2159 liabet
980 2106 1136 2158 vitam
1164 2146 1176 2169 ,
1206 2115 1257 2159 et
1309 2103 1468 2156 vitam
1521 2120 1550 2159 a
1594 2120 1652 2159 se
1694 2120 1833 2159 esse.
1870 2106 2048 2170 Quare

484 2196 659 2251 istud?
682 2196 799 2263 quia
834 2195 919 2248 ubi
960 2197 1063 2249 vita
1095 2205 1204 2262 est,
1230 2195 1303 2249 ibi
1331 2205 1444 2259 est,
1476 2212 1502 2247 a
1536 2211 1592 2250 se
1614 2212 1731 2250 esse
1759 2196 1916 2251 vitam
1947 2215 1959 2252 :
1996 2207 2045 2252 et

481 2290 525 2342 si
555 2288 694 2342 istud
718 2289 787 2342 ita
817 2298 930 2353 est,
956 2287 1026 2340 ibi
1056 2297 1136 2341 est
1166 2288 1460 2356 intelligere
1486 2304 1546 2342 se
1585 2288 1745 2342 vitam
1797 2305 1948 2353 esse,
1995 2298 2050 2343 et

477 2380 602 2448 quid
633 2397 751 2435 esse
803 2381 872 2434 sit
925 2379 1101 2433 vivere
1144 2389 1240 2432 :ct
1293 2380 1415 2448 quid
1462 2394 1581 2434 esse
1610 2380 1748 2449 quod
1795 2383 1898 2434 vita
1925 2390 2044 2436 est:

479 2474 759 2540 conjuncta
790 2472 946 2541 igitur
974 2472 1183 2535 omnia,
1208 2480 1262 2525 et
1290 2487 1447 2525 unum
1479 2480 1655 2525 omnia
1682 2484 1734 2526 et
1779 2489 1880 2526 una
1921 2475 2045 2529 sub-

477 2566 669 2618 stantia
698 2605 709 2625 ,
742 2572 794 2618 et
819 2578 945 2617 vere
964 2563 1226 2633 ὁμοούσια,
1250 2562 1336 2618 vel
1366 2562 1554 2629 simul,
1585 2563 1725 2633 quod
1764 2574 1844 2619 est
1894 2566 2044 2636 ὁμοῦ,

481 2658 565 2711 vel
588 2656 879 2725 eademque
904 2655 1217 2709 substantia.

561 2747 664 2801 VII.
701 2748 855 2801 Pater
882 2746 1039 2816 igitur
1063 2760 1181 2800 esse
1204 2754 1284 2799 est
1304 2763 1318 2809 ;
1338 2746 1437 2801 huc
1458 2746 1595 2801 enim
1621 2748 1829 2802 crcteris
1857 2748 2048 2816 princi-

482 2838 626 2905 pium
653 2845 705 2889 et
757 2835 983 2904 primum
1032 2834 1097 2887 ad
1136 2835 1461 2902 phantasiam
1510 2838 1908 2889 secundorum:
1961 2837 2047 2891 hic

492 2925 631 2979 Dens
655 2966 669 2991 ,
692 2927 733 2979 is
763 2942 882 2978 cum
915 2924 1120 2978 duobus
1149 2925 1354 2978 caeteris
1378 2925 1546 2989 Deus,
1583 2926 1668 2979 hic
1708 2943 1842 2979 unus
1874 2927 2042 2992 Deus,

484 3017 605 3085 quia
634 3014 773 3084 qttud
804 3024 884 3068 est
927 3014 1103 3069 vivere
1158 3022 1210 3067 et
1258 3014 1548 3082 intelligere
1572 3055 1585 3078 ,
1633 3015 1733 3069 hoc
1762 3016 1930 3084 ipsum
1965 3025 2046 3069 est

2153 1850 2324 1892 motus
2344 1877 2359 1898 .
2383 1835 2520 1905 quod
2551 1833 2618 1887 ab
2643 1833 2747 1886 alio
2773 1840 3014 1886 movetur
3045 1848 3058 1883 :
3090 1840 3143 1883 et
3166 1827 3213 1881 si
3259 1826 3388 1881 illud
3432 1824 3577 1896 quod
3628 1824 3731 1879 hoc

2151 1934 2330 1984 nescio
2355 1928 2475 1997 quid
2508 1935 2715 1989 movet,
2747 1935 2920 1978 motus
2944 1938 3045 1976 non
3086 1930 3166 1974 est
3186 1960 3201 1985 ,
3233 1935 3448 1973 movere
3490 1932 3596 1971 non
3638 1932 3729 1985 pu-

2152 2030 2249 2075 test
2282 2039 2295 2073 :
2329 2020 2467 2073 unde
2508 2018 2648 2072 enim
2688 2025 2898 2070 moveat
2936 2030 3039 2068 non
3068 2011 3303 2066 habebit.
3340 2012 3433 2066 Sin
3476 2020 3653 2063 motus
3696 2023 3727 2062 a

2150 2119 2294 2164 motu
2316 2108 2566 2173 nascitur,
2592 2117 2765 2161 motus
2790 2121 2917 2176 ergo
2954 2120 2981 2157 a
3010 2120 3067 2158 sc
3104 2103 3355 2157 nascitur.
3378 2100 3487 2155 Sed
3516 2100 3615 2154 hoc
3648 2107 3730 2153 est

2151 2199 2330 2267 (Joau.
2365 2215 2421 2263 v,
2454 2198 2547 2268 26)
2578 2215 2592 2253 :
2628 2197 2777 2251 Dedit
2801 2197 2848 2249 ei
2882 2208 3029 2264 pater
3058 2195 3239 2258 vitam,
3262 2201 3321 2246 ut
3351 2192 3401 2246 ei
3430 2191 3536 2245 vita
3564 2199 3724 2245 esset.

2220 2291 2353 2344 VIII.
2390 2291 2528 2359 Ergo
2558 2298 2761 2353 motus,
2794 2298 2846 2343 et
2868 2304 3001 2341 unus
3028 2296 3109 2342 est
3153 2295 3356 2351 motus,
3384 2293 3441 2339 ct
3466 2300 3493 2336 τι
3527 2297 3587 2337 se
3617 2297 3726 2337 mo—

2150 2390 2251 2435 tus.
2284 2382 2491 2436 Etcum
2526 2381 2576 2434 in
2621 2390 2768 2449 parte
2819 2378 3059 2433 occultus
3108 2378 3209 2442 sit,
3265 2387 3428 2446 atque
3475 2374 3601 2429 inde
3643 2373 3726 2428 hic

2150 2482 2323 2528 motus
2355 2488 2614 2541 apparens
2636 2488 2663 2523 a
2703 2480 2852 2539 patre
2880 2481 3075 2523 motus.
3112 2468 3177 2523 Et
3204 2468 3326 2538 quia
3352 2482 3382 2521 a
3430 2476 3580 2521 motu
3611 2481 3725 2520 mo-

2151 2577 2263 2629 tus,
2297 2566 2416 2621 ideo
2438 2583 2463 2616 a
2493 2581 2549 2619 se
2590 2573 2792 2626 motus,
2824 2572 2875 2616 et
2908 2576 3043 2614 unus
3096 2570 3299 2625 motus,
3352 2559 3500 2614 unde
3546 2558 3727 2613 unicus

2150 2657 2309 2710 titius.
2360 2656 2455 2710 llic
2484 2656 2641 2727 Λόγος
2690 2653 3008 2706 universalis
3061 2651 3111 2705 iu
3162 2651 3406 2704 omnibus
3440 2666 3537 2719 per
3576 2665 3724 2719 quem

2148 2745 2282 2799 facta
2307 2754 2431 2797 sunt
2453 2746 2648 2797 omnia.
2681 2742 2775 2796 Hic
2817 2743 2921 2794 vita
2947 2742 3218 2804 omnibus,
3269 2741 3389 2810 quia
3439 2755 3561 2809 qua
3596 2740 3723 2795 facta

2146 2848 2269 2891 sunt
2311 2839 2491 2890 vivunt
2541 2837 2737 2889 omnia.
2774 2835 2868 2889 llic
2916 2835 3074 2888 etiam
3126 2833 3282 2888 Jesus
3330 2833 3586 2888 Christus
3612 2843 3719 2898 est,

2146 2928 2267 2996 quia
2292 2928 2355 2979 ad
2391 2926 2550 2980 vitam
2579 2925 2811 2979 salvabit
2848 2925 3047 2978 omnia.
3091 2923 3238 2978 Unus
3266 2938 3393 2993 ergo
3436 2932 3645 2990 motus,
3676 2930 3724 2976 et

2149 3034 2281 3071 unus
2310 3018 2447 3072 ﬁlius
2474 3026 2524 3069 et
2572 3016 2791 3079 unicus,
2822 3016 2944 3082 quia
2997 3016 3149 3069 unica
3182 3016 3318 3079 vita,
3349 3025 3401 3067 et
3444 3030 3552 3069 una
3579 3016 3682 3067 vita
3703 3056 3718 3080 ,

485 3104 625 3173 quod
649 3114 730 3159 est
755 3119 871 3159 esse
897 3120 911 3167 ;
943 3115 994 3157 et
1018 3104 1223 3157 duobus
1254 3104 1367 3156 istis
1389 3105 1525 3172 quod
1558 3106 1742 3158 vivere
1781 3117 1936 3174 atque
1960 3107 2040 3158 iu-
2070 3095 2117 3157 C
2150 3112 2366 3180 solaque
2392 3119 2609 3165 (eterna.
2636 3110 2775 3178 Ergo
2801 3109 3061 3177 ὁμοούσιος
3085 3107 3220 3161 ﬁlius
3244 3106 3378 3176 patri
3412 3124 3427 3160 :
3452 3108 3559 3160 vita
3586 3107 3722 3161 enim

488 3196 729 3263 telligcre
754 3236 765 3257 ,
796 3195 861 3247 ab
882 3210 944 3248 eo
968 3196 1208 3263 provenit
1237 3196 1375 3264 quod
1411 3206 1492 3249 est
1536 3211 1675 3250 esse.
1704 3197 1869 3252 Nemo
1892 3199 2052 3267 igitur

485 3293 692 3352 separet
734 3284 984 3351 Spiritum
1030 3297 1305 3348 sanetum,
1357 3295 1409 3336 ct
1462 3286 1675 3353 profana
1726 3287 2049 3355 blaSphemia

486 3390 604 3429 esse
628 3374 801 3428 nescio
828 3373 949 3442 quid
972 3374 1289 3440 suspicetur.
1322 3374 1442 3441 quia
1469 3385 1522 3427 ct
1542 3376 1651 3439 ipse
1681 3374 1747 3428 de
1779 3386 1926 3443 patre
1946 3388 2047 3444 est,

486 3465 608 3533 quia
640 3464 750 3531 ipse
780 3473 859 3517 est
891 3472 943 3516 et
990 3463 1157 3527 ﬁlius,
1210 3462 1300 3531 qui
1339 3463 1403 3517 de
1452 3474 1599 3532 patre
1646 3478 1771 3518 est:
1823 3483 2051 3537 namque

488 3564 608 3625 post
634 3554 683 3608 id
714 3554 853 3624 quod
878 3564 957 3607 est
983 3569 1131 3616 esse,
1159 3554 1209 3607 id
1251 3564 1330 3607 est
1374 3556 1653 3609 cxistentia
1686 3557 1769 3609 vel
1800 3558 2044 3611 substan-

486 3648 577 3712 tia,
605 3646 685 3699 vel
717 3645 767 3706 iu
788 3644 943 3698 altius
975 3652 1113 3697 metu
1137 3645 1213 3712 (l)
1242 3644 1465 3711 quodam
1500 3656 1713 3715 pr0pter
1736 3657 1854 3701 nota
1880 3648 2049 3702 nomi-

485 3753 549 3791 na
568 3736 912 3798 conscendas,
934 3734 1180 3804 dicasque
1194 3735 1272 3786 vel
1296 3735 1796 3800 existentialitatem,
1819 3740 1896 3794 vel
1921 3741 2048 3794 sub-

484 3828 907 3889 smnlialitatcm,
933 3834 1011 3879 est
1041 3824 1091 3878 id
1109 3826 1471 3899 ὐπαρχὸτητα,
1492 3829 2046 3895 οὐσιότητα,ὁντότητα,

486 3921 730 3975 Omnibus
753 3918 833 3971 his
846 3931 966 3971 esse
983 3916 1122 3984 quod
1137 3916 1253 3969 dico
1268 3932 1485 3970 manens
1509 3918 1558 3970 in
1581 3935 1658 3981 se,
1678 3935 1771 3972 suo
1789 3937 1818 3973 a
1832 3937 1886 3975 se
1905 3931 2049 3977 motu

482 4009 751 4063 viviﬁcans
772 4006 1001 4077 potentia
1029 4020 1142 4070 sua,
1172 4022 1271 4074 qna
1298 4016 1485 4059 cuncta
1514 3986 1857 4075 viviﬁeetittir,
1889 4021 1941 4065 et
1960 4028 2051 4079 po-

484 4099 858 4163 tentiltcantur,
888 4097 1059 4164 plena,
1088 4097 1346 4162 absoluta,
1370 4112 1529 4166 super
1558 4114 1740 4154 omnes
1771 4102 2049 4168 perfectio-

492 4209 586 4248 nes
608 4190 926 4246 omnimodis
971 4200 1052 4243 est
1100 4188 1276 4242 divina
1328 4192 1599 4258 perfectio.
1650 4192 1741 4246 llic
1785 4203 1864 4247 est
1908 4196 2046 4249 Deus

490 4300 648 4353 supra
673 4290 804 4347 νοῦν,
837 4296 994 4349 ειιιιτιι
1028 4283 1337 4345 veritatem,
1386 4283 1720 4351 omnipotens
1777 4286 2003 4350 putentia
2028 4326 2042 4351 ,

487 4384 536 4428 et
570 4372 765 4425 idcirco
794 4387 895 4423 non
928 4371 1088 4422 forma
1118 4386 1131 4432 ;
1160 4376 1271 4429 νοῦς
1300 4379 1494 4433 autem,
1528 4382 1578 4424 et
1608 4373 1822 4436 veritas,
1857 4372 2039 4439 forma,

486 4465 580 4519 sed
606 4479 707 4517 non
736 4472 792 4515 ut
824 4461 1087 4515 iuhmreus
1128 4460 1278 4514 alteri
1307 4462 1673 4529 inseparabilis
1714 4464 1880 4517 forma
1910 4506 1922 4528 ,
1951 4467 2043 4520 sed

486 4563 544 4607 ιιι
573 4551 993 4620 inseparabiliter
1017 4565 1221 4602 annexa
1242 4549 1304 4602 ad
1338 4550 1747 4607 declarationem
1796 4557 2045 4623 potentia:

490 4646 580 4699 Dei
629 4644 791 4712 patris
821 4642 1002 4696 eadem
1051 4642 1341 4694 substantia
1393 4643 1471 4696 vel
1522 4645 1692 4710 imago
1743 4648 1822 4700 vel
1856 4649 2040 4701 forma.

487 4734 618 4789 Illud
652 4733 807 4801 igitur
836 4734 1060 4803 primum
1110 4731 1247 4799 quod
1274 4746 1392 4786 esse
1443 4732 1669 4787 diximus
1692 4777 1705 4800 ,
1735 4738 1873 4805 quod
1906 4739 2043 4793 Dens

486 4832 603 4883 est.
635 4834 683 4877 et
717 4821 981 4876 silentium
1022 4821 1246 4885 dictum,
1301 4831 1353 4874 ct
1405 4823 1553 4891 quies
1598 4836 1756 4892 atque
1794 4831 2038 4882 cessatio.

485 4913 633 4982 Quod
666 4914 709 4966 si
741 4918 809 4965 ita
835 4923 915 4966 est
940 4953 953 4977 ,
989 4912 1235 4979 potentiae
1270 4915 1569 4982 progressio
1594 4956 1606 4979 ,
1637 4931 1753 4983 qua:
1785 4934 1888 4971 non
1920 4923 2039 4987 qui-

484 5007 606 5059 dem
634 5003 964 5072 progressio,
988 5003 1079 5056 sed
1106 5004 1405 5071 apparentia
1433 5015 1546 5069 est;
1579 5015 1630 5058 et
1655 5007 1699 5061 si
1741 5012 2041 5077 progressio

485 5109 589 5149 non
620 5095 887 5148 dimittens
905 5092 1041 5147 unde
1074 5096 1421 5162 progreditur,
1448 5097 1538 5149 sed
1562 5112 1677 5149 cum
1710 5103 2038 5157 connexione

486 5184 789 5254 progressio
809 5224 823 5246 ,
855 5184 1020 5252 magis
1047 5194 1221 5235 autem
1250 5186 1555 5252 apparentia
1583 5204 1595 5237 :
1625 5202 1727 5239 nou
1777 5191 1916 5243 enim
1945 5194 2039 5246 fuit

478 5274 675 5345 aliquid
729 5282 874 5326 extra
917 5273 1057 5341 quod
1094 5276 1389 5341 progressio
1437 5277 1603 5330 ﬁeret.
1653 5278 1855 5348 Ubique
1896 5283 2036 5336 enim

483 5366 619 5419 Dens
640 5404 653 5426 ,
685 5362 929 5417 etomuia
961 5362 1097 5415 Deus
1127 5380 1138 5413 :
1169 5378 1294 5430 ergo
1327 5367 1574 5431 potentia:
1613 5374 1909 5437 progressio
1952 5388 2037 5427 ac-

480 5464 559 5508 tus
585 5452 785 5508 exstitit
814 5467 830 5507 τ
860 5464 905 5505 ιε
938 5460 1099 5517 actus,
1123 5452 1167 5505 si
1195 5452 1459 5507 silentium
1489 5454 1625 5510 Deus
1669 5467 1771 5525 est,
1805 5460 2035 5518 Verbum

549 5636 625 5708 (ι)
658 5635 811 5691 Metu.
845 5634 1002 5691 Forte
1030 5644 1184 5691 metu.

2153 3213 2321 3271 pater,
2350 3214 2401 3257 et
2432 3203 2534 3256 vita
2568 3202 2733 3264 ﬁlius,
2763 3216 2878 3270 qua:
2905 3203 3049 3255 οὐσία
3082 3210 3162 3254 est
3211 3217 3223 3252 :
3275 3200 3400 3254 item
3431 3210 3609 3254 motus
3640 3216 3725 3269 pa-

2155 3304 2255 3355 ter,
2281 3304 2332 3345 et
2381 3302 2551 3345 motus
2610 3291 2746 3343 ﬁlius
2792 3305 2907 3358 qua!
2935 3293 3087 3344 οὐσία
3120 3298 3236 3353 est,
3286 3304 3459 3357 neque
3490 3290 3634 3343 enim
3658 3290 3724 3343 ibi

2150 3384 2343 3449 aliquid
2372 3382 2645 3444 accidens;
2678 3394 2805 3450 ergo
2831 3390 2885 3435 et
2924 3380 3153 3434 Verbum
3197 3388 3364 3447 pater.
3392 3380 3521 3435 licet
3546 3391 3724 3434 tacens

2152 3473 2414 3538 Verbum,
2458 3470 2689 3524 Verbum
2718 3482 2893 3524 tamen
2918 3510 2932 3535 ,
2964 3478 3018 3523 et
3039 3468 3271 3523 Verbum
3320 3469 3461 3522 ﬁlius
3481 3511 3498 3536 ,
3540 3480 3597 3524 et
3628 3470 3725 3525 hoc

2150 3566 2313 3617 οὐσία.
2340 3561 2601 3631 Quidquid
2627 3560 2768 3615 enim
2800 3560 2881 3614 vel
2913 3569 2995 3614 est
3015 3601 3029 3623 ,
3062 3559 3143 3614 vel
3192 3561 3300 3628 agit
3347 3568 3511 3629 atque
3538 3574 3726 3630 opera-

2153 3664 2236 3708 tur
2266 3657 2412 3708 οὐσία
2436 3694 2451 3718 ,
2481 3652 2636 3707 etubi
2690 3652 2854 3720 magis
2910 3654 3097 3716 οὐσία,
3144 3651 3392 3704 Verbum.
3430 3650 3548 3705 Non
3586 3651 3724 3707 enim

2152 3754 2210 3797 ut
2239 3744 2323 3797 hic
2346 3759 2438 3797 aer
2464 3757 2679 3806 sonans,
2702 3741 2928 3795 Verbum
2950 3782 2965 3806 ,
2994 3741 3086 3794 sed
3110 3750 3165 3793 ut
3192 3740 3277 3795 hic
3305 3742 3506 3810 aliquid
3538 3758 3723 3812 agens,

2152 3834 2401 3889 Verbum.
2431 3833 2579 3888 Unus
2604 3847 2730 3902 ergo
2783 3834 2922 3886 ﬁlius
2947 3874 2959 3895 ,
3000 3833 3121 3901 quia
3178 3847 3314 3886 unus
3371 3842 3545 3888 motus
3576 3853 3589 3887 :
3621 3849 3723 3889 una

2153 3925 2259 3977 vita
2285 3966 2299 3990 ,
2324 3924 2443 3992 quia
2471 3939 2572 3976 una
2597 3924 2707 3977 sola
2729 3923 2831 3976 vita
2864 3939 2978 3991 qua:
3014 3932 3232 3977 interna.
3261 3923 3371 3978 Nec
3408 3926 3549 3979 enim
3574 3926 3678 3980 vita
3700 3965 3718 3992 ,

2150 4031 2267 4084 quae
2315 4016 2596 4085 aliquando
2644 4015 2882 4069 moritur.
2930 4014 3205 4083 Nunquam
3249 4026 3424 4070 autem
3476 4019 3718 4084 moritur,

2150 4106 2192 4158 si
2221 4121 2278 4159 se
2301 4104 2453 4158 sciat.
2486 4106 2634 4158 Scire
2663 4113 2837 4158 autem
2880 4120 2937 4158 se
2987 4119 3091 4157 non
3127 4106 3351 4173 poterit,
3398 4106 3499 4160 nisi
3557 4108 3717 4162 Deum

2149 4196 2311 4260 sciat,
2342 4207 2393 4250 et
2416 4197 2578 4251 Deum
2609 4197 2697 4265 qui
2729 4198 2831 4249 vita
2862 4207 2940 4250 est
2962 4236 2978 4261 ,
3003 4206 3055 4249 et
3081 4212 3204 4251 vera
3235 4199 3339 4251 vita
3364 4208 3481 4265 est,
3513 4214 3574 4253 ae
3601 4200 3717 4254 t'ons

2148 4290 2288 4342 vitaz.
2323 4289 2430 4343 lloc
2456 4289 2498 4342 si
2530 4289 2598 4342 ita
2624 4297 2737 4352 est,
2761 4289 2869 4343 Deo
2920 4289 3134 4354 cognito
3176 4299 3463 4359 cognoscet
3509 4291 3713 4344 omnia:

2147 4380 2269 4447 quia
2297 4394 2323 4429 a
2360 4378 2465 4431 Deo
2488 4377 2661 4432 omnia
2684 4417 2699 4443 ,
2731 4389 2779 4431 et
2805 4378 2857 4430 in
2881 4377 3123 4431 omnibus
3159 4378 3295 4432 Deus
3316 4420 3331 4445 ,
3361 4387 3416 4434 et
3446 4380 3582 4434 Deus
3608 4395 3716 4433 om-

2149 4471 2252 4522 nia.
2292 4469 2399 4522 lloc
2424 4467 2654 4522 Joannes
2702 4468 2892 4522 clamat
2942 4467 3117 4535 (Joau.
3150 4483 3277 4521 xvn.
3323 4471 3378 4539 5)
3411 4486 3425 4521 :
3483 4469 3611 4524 Haac
3648 4476 3718 4524 ut

2145 4570 2313 4612 autem
2346 4560 2447 4611 vita
2474 4568 2662 4612 wlerna
2682 4599 2696 4623 ,
2726 4568 2777 4611 ut
2817 4569 3121 4626 cognoscant
3153 4570 3199 4612 le
3228 4562 3395 4613 solum
3455 4570 3501 4614 et
3548 4578 3716 4616 rerum

2147 4652 2304 4705 Deum
2328 4692 2341 4711 ,
2370 4661 2414 4704 et
2441 4668 2584 4719 quem
2634 4652 2813 4704 misisti
2855 4648 3033 4703 Iesum
3061 4649 3337 4705 Christum.
3365 4652 3613 4723 Cognitio
3638 4666 3717 4711 est

2146 4746 2270 4797 vita.
2297 4744 2462 4797 I’orro
2488 4753 2665 4798 autem
2708 4744 2823 4797 sive
2852 4743 2954 4797 vita
2975 4784 2989 4806 ,
3022 4744 3134 4797 sive
3171 4745 3403 4812 cognitio
3432 4756 3610 4800 motus
3638 4756 3719 4802 est

2147 4852 2280 4889 unus
2304 4878 2319 4898 ,
2344 4846 2397 4890 et
2424 4834 2560 4889 idem
2587 4846 2763 4888 motus
2792 4850 2953 4903 agens
2980 4835 3141 4888 vitam
3163 4877 3176 4895 ,
3223 4845 3276 4889 et
3303 4851 3397 4903 per
3434 4838 3599 4891 vitam
3628 4853 3718 4892 co-

2144 4928 2459 4994 gnitionem,
2494 4936 2547 4979 et
2593 4940 2687 4992 per
2740 4924 3094 4993 cognitionem
3151 4925 3357 4978 vitam:
3408 4926 3551 4981 idem
3593 4942 3715 4998 ergo

2144 5028 2318 5070 motus
2341 5058 2354 5080 ,
2384 5015 2487 5069 duo
2518 5015 2690 5068 ofﬁcia
2717 5015 3020 5083 complens,
3066 5015 3227 5068 vitam
3276 5025 3332 5071 et
3380 5032 3715 5086 cognoscen-

2144 5108 2285 5158 tiam.
2317 5104 2473 5177 Λόγος
2501 5116 2674 5157 :mtem
2705 5113 2877 5156 motus
2904 5112 3009 5166 est,
3052 5114 3106 5157 et
3146 5106 3306 5175 Λόγος
3335 5104 3500 5159 ﬁlius.
3553 5107 3714 5161 Filius

2141 5199 2297 5264 igitur
2326 5198 2512 5250 unicus
2542 5198 2593 5249 in
2622 5210 2688 5250 eo
2736 5196 2873 5261 quod
2924 5194 3091 5259 ﬁlius;
3137 5196 3190 5249 iu
3245 5212 3309 5251 eo
3367 5199 3709 5266 autemquod

2140 5288 2312 5359 Λόγος,
2347 5286 2609 5355 geminus.
2649 5284 2769 5354 Ipse
2815 5285 2955 5339 enim
2985 5285 3086 5338 vita
3114 5326 3128 5349 ,
3160 5285 3275 5355 ipse
3304 5290 3707 5357 cognoscentia,

2141 5386 2361 5446 utroque
2428 5386 2677 5445 operatus
2727 5374 2791 5428 ad
2835 5376 3128 5429 animarum
3177 5376 3407 5430 salutem
3461 5377 3708 5448 mysterio

2138 5470 2309 5523 crucis
2338 5485 2350 5521 :
2382 5474 2437 5521 ct
2463 5468 2567 5520 vita
2593 5508 2608 5531 ,
2639 5465 2761 5536 quia
2807 5465 2873 5520 de
2904 5473 3075 5520 morte
3112 5465 3371 5522 liberandi
3403 5467 3703 5525 fueramus:

2213 5651 2291 5722 ('2)
2318 5648 2441 5706 Sed.
2470 5646 2629 5704 Forte
2648 5647 2710 5702 si.
