3950 6206
227 312 377 369 H05

1333 314 1690 373 ADVERSUS
1727 311 1941 369 ARIUM
1984 311 2180 368 LIBER
2219 315 2300 370 Ill.

3339 312 3476 368 H06

226 424 498 493 mysterio
519 435 693 482 autem
716 430 1102 496 cognoscentiie
1125 445 1218 498 per
1238 430 1488 499 Spiritum
1519 435 1757 482 sanctum
1793 443 1804 477 :
1837 425 1888 483 Α
1913 425 2052 478 enim
2081 435 2136 480 et
2161 427 2408 492 rebellat,
2458 443 2520 483 ac
2563 437 2818 499 repugnat
2848 443 3024 484 secum
3055 443 3225 491 error,
3281 431 3478 498 impru-

227 514 362 582 quia
391 514 434 569 is
458 519 627 585 magis
655 527 736 572 est
757 518 912 573 datus
941 532 992 575 ct
1024 522 1134 588 ipse
1175 535 1360 576 omnes
1385 521 1594 583 docuit,
1623 529 1675 572 et
1708 527 1811 571 tes-

228 602 519 657 timonium
545 605 611 660 de
639 605 852 660 Christo
873 609 1022 662 dixit.
1046 609 1195 676 Quod
1224 619 1306 664 est
1345 608 1698 676 cognitionem
1741 607 1811 658 vi-

235 701 350 746 tam
383 709 572 764 agere,
600 706 653 751 et
695 713 758 751 ex
800 700 902 754 hoc
943 702 1105 753 Deum
1157 715 1506 770 cognoscere,
1561 699 1699 767 quod
1731 708 1810 752 est

234 785 412 839 vitam
437 801 617 840 veram
649 788 790 855 fieri,
823 799 876 844 et
908 789 1008 844 hoc
1036 800 1117 844 est
1139 791 1497 844 testimonium
1529 789 1593 844 de
1624 788 1810 843 Chris-

232 883 298 928 to
327 874 529 931 dicere.
558 876 632 932 Ita
662 879 753 933 Dei
784 879 922 934 illius
946 879 1214 942 Christus.
1246 881 1296 934 id
1327 890 1428 944 cst,
1454 882 1612 954 Λόγος
1632 921 1646 944 ,
1670 889 1722 933 et
1749 880 1809 932 ii-

232 965 346 1020 lius
376 966 480 1020 vita
506 983 521 1031 ;
549 977 601 1022 et
621 969 740 1037 quia
767 969 819 1022 id
849 979 928 1024 est
954 980 1129 1023 mutus
1153 972 1309 1024 etiam
1333 979 1386 1024 et
1415 970 1807 1037 ctigtioscentia,

236 1053 387 1109 ﬁlius
417 1066 501 1110 est
528 1071 690 1125 opere
739 1072 846 1127 quo
879 1065 983 1112 vita
1040 1068 1122 1114 est
1158 1059 1314 1114 Jesus
1356 1060 1607 1114 existens.
1639 1058 1810 1126 Opere

235 1155 420 1200 autem
450 1163 553 1215 quo
577 1151 946 1214 cognoscentia
977 1161 1090 1213 est,
1121 1149 1350 1217 Spiritus
1371 1161 1587 1204 sanctus
1622 1159 1677 1203 et
1699 1149 1810 1217 ipse

237 1239 481 1293 existens
506 1280 521 1304 ,
551 1247 608 1292 ut
634 1240 738 1293 sint
764 1241 1064 1295 existentiae
1090 1241 1238 1303 dum,
1280 1240 1476 1295 Christi
1503 1251 1554 1294 et
1585 1239 1810 1308 Spiritus

236 1332 434 1397 sancti,
462 1332 512 1386 in
544 1347 650 1386 uno
677 1342 843 1396 motu,
874 1333 960 1402 qui
993 1333 1135 1386 {ilius
1164 1342 1262 1386 est.
1295 1333 1360 1386 ιΞι
1383 1333 1502 1385 hinc
1532 1341 1582 1384 et
1604 1346 1634 1383 a
1663 1339 1809 1397 patre

237 1421 400 1478 Iesus
421 1424 609 1494 (Eccli.
634 1439 775 1478 mv.
810 1423 864 1493 5)
892 1440 902 1477 ;
937 1422 1019 1478 Ea:
1061 1440 1144 1477 ore
1193 1425 1437 1480 Altissimi
1466 1423 1682 1492 processi
1711 1438 1729 1474 :
1757 1430 1811 1476 et

238 1513 474 1584 Spiritus
502 1525 719 1569 sanctus
746 1515 904 1569 etiam
940 1516 1050 1584 ipse
1071 1531 1098 1568 a
1153 1524 1330 1584 patre,
1364 1515 1482 1584 quia
1535 1529 1670 1567 unus
1691 1527 1806 1566 mo-

238 1612 328 1660 tus
347 1617 631 1674 utrumque
671 1607 723 1661 in
752 1607 1086 1661 existentiam
1119 1607 1354 1675 protulit.
1381 1607 1446 1661 Et
1473 1605 1597 1675 quia
1630 1605 1806 1673 (Joan.

236 1711 349 1750 xvr.
384 1694 481 1760 i5;
505 1712 629 1750 xvtt.
669 1696 754 1765 10)
804 1712 921 1764 qu;e
946 1696 1102 1750 habet
1126 1707 1273 1766 pater
1298 1696 1803 1750 liliodeditomnia:

235 1783 364 1839 ideo
391 1795 444 1838 et
474 1785 634 1851 ﬁlius,
665 1785 753 1855 qui
788 1794 961 1840 motus
1011 1793 1120 1848 est,
1169 1786 1315 1840 dedit
1367 1787 1542 1839 omnia
1587 1785 1804 1854 Spiritui
1837 1785 1883 1843 B

235 1883 425 1928 sancto
456 1890 468 1926 :
499 1875 675 1928 omnia
699 1877 839 1929 enim
865 1892 980 1945 qua:
1026 1877 1181 1931 habet
1211 1877 1388 1948 (Joan.
1424 1892 1534 1931 xvi.
1574 1876 1660 1943 Μ,
1715 1874 1804 1948 15)

235 1963 302 2018 de
327 1982 404 2017 me
419 1965 592 2031 habet,
621 1965 816 2034 inquit;
866 1967 1061 2021 etenim
1090 1967 1209 2034 quia
1239 1976 1290 2020 et
1338 1969 1451 2035 ipse
1495 1977 1663 2020 motus
1692 1979 1801 2033 est,

233 2055 304 2109 de
337 2066 480 2111 motu
500 2057 657 2111 habet
685 2076 699 2112 :
723 2072 825 2111 non
857 2059 996 2111 enim
1029 2057 1165 2110 [ilius
1194 2058 1266 2112 illi
1299 2056 1466 2122 dedit,
1494 2057 1584 2111 sed
1615 2055 1804 2128 (Ibid.)

238 2146 351 2213 ille,
413 2148 611 2216 inquit,
651 2150 713 2201 de
733 2165 840 2202 meo
863 2149 1026 2203 habet.
1055 2148 1423 2218 Principaliter
1451 2149 1592 2203 enim
1631 2157 1810 2202 motus

235 2237 347 2291 vita
379 2247 497 2301 est,
528 2248 581 2294 et
607 2239 719 2307 ipsa
754 2241 858 2292 vita
909 2240 1127 2294 scientia
1169 2250 1251 2295 est
1295 2251 1347 2295 et
1389 2240 1761 2310 cognoscentia
1794 2259 1806 2293 :

233 2343 368 2398 ergo
395 2329 645 2399 quidquid
701 2330 860 2386 habet
909 2331 1313 2402 cognoscentia,
1369 2331 1436 2385 de
1469 2333 1574 2385 vita
1625 2330 1804 2386 habet.

239 2421 368 2478 Haec
393 2436 598 2476 summa
629 2422 861 2477 Trinitas
888 2465 901 2488 ,
942 2423 1055 2478 lucc
1094 2439 1298 2478 summa
1346 2423 1584 2479 Unalitas
1623 2423 1807 2493 (lbid.,

254 2512 288 2581 ᾖ
317 2550 330 2564 .
366 2512 452 2580 15)
491 2531 504 2566 ς
551 2512 732 2566 Omnia
759 2530 1080 2583 quacumque
1123 2517 1266 2569 liabet
1295 2515 1449 2569 Pater
1497 2532 1602 2568 mea
1654 2526 1810 2582 sunt;

240 2613 508 2673 propterea
558 2603 664 2656 dixi
725 2605 842 2672 quia
886 2604 947 2657 de
989 2620 1096 2658 meo
1147 2607 1356 2674 accipiet
1399 2615 1445 2659 et
1492 2606 1810 2658 annuntiabit

239 2695 400 2748 nobis.

310 2785 403 2839 IX.
436 2785 544 2840 Hoc
572 2787 728 2856 igitur
755 2788 886 2841 satis
938 2788 1139 2842 clarum
1179 2787 1370 2853 faciet,
1403 2802 1522 2842 esse
1553 2789 1690 2858 quod
1722 2803 1813 2858 pa-

239 2883 326 2929 ter
351 2883 464 2940 est,
494 2885 547 2929 ct
596 2876 752 2930 vitam
782 2877 922 2944 quod
963 2887 1046 2937 est
1087 2879 1255 2943 tilius,
1285 2890 1338 2932 et
1383 2883 1808 2948 cognoscentiam

239 2968 381 3036 quod
408 2977 488 3021 est
517 2966 744 3036 Spiritus
768 2977 1011 3033 sanctus,
1036 2986 1194 3023 unum
1227 2985 1344 3024 esse
1369 3011 1382 3034 ,
1416 2979 1469 3024 et
1514 2986 1667 3024 unam
1695 2986 1811 3026 esse

240 3058 591 3113 substantiam
617 3101 632 3125 ,
660 3060 1032 3115 subsistentias
1065 3069 1170 3116 tres
1189 3103 1204 3127 ,
1251 3063 1340 3132 qui
1378 3061 1446 3117 ab
1478 3076 1541 3115 eo
1568 3062 1706 3131 quod
1731 3073 1814 3117 est

1912 517 2088 572 dentia
2113 561 2128 584 ,
2166 519 2472 586 inscientia;
2505 531 2558 576 et
2609 523 2706 576 hoc
2751 521 2934 591 (Ibid)
2969 523 3235 589 prudentia
3289 525 3474 585 carnis,

1911 624 2028 677 quae
2050 610 2434 678 imprudentia,
2466 622 2519 665 et
2565 612 2682 680 quia
2722 612 2882 666 Demn
2939 613 3137 677 nescit,
3171 629 3303 666 mors
3357 622 3426 666 est
3458 628 3477 667 :

1910 713 2039 768 ergo
2065 701 2334 768 prudentia
2360 705 2583 772 spiritus,
2607 704 2706 757 vita
2733 715 2878 773 atque
2908 721 3010 773 pax
3042 715 3112 760 est
3137 722 3153 759 :
3181 719 3286 775 quo
3317 705 3475 759 modo

1908 787 2017 857 jam
2046 791 2216 859 juncti
2249 793 2334 847 isti
2360 803 2509 860 sunt,
2539 803 2592 848 et
2622 810 2780 848 unum
2807 805 2949 850 sunt.

1983 899 2049 954 Χ.
2099 902 2390 957 Doceamus
2432 904 2570 972 quod
2605 905 2741 959 Deus
2786 914 2840 959 et
2885 906 3104 959 scientia
3132 905 3198 959 sit
3227 915 3280 960 et
3325 907 3460 970 vita,

1909 1006 2225 1060 quamquam
2247 994 2313 1047 ab
2346 994 2460 1060 ipso
2494 996 2588 1047 ista
2614 994 2804 1048 Paulus
2825 994 2999 1065 (Rom.
3028 1011 3102 1049 ιιι.
3134 993 3257 1065 '55):
3287 994 3352 1059 Ο,
3382 996 3460 1048 in-

1909 1083 2042 1148 quit,
2073 1083 2287 1135 altitudo
2317 1084 2604 1136 divitiarum
2631 1085 2890 1154 sapientia:
2915 1094 2959 1138 et
2985 1085 3204 1138 scientiae
3226 1083 3354 1138 Dei!
3380 1085 3469 1140 Sic

1911 1171 2108 1226 dictum
2135 1175 2202 1227 ab
2222 1174 2408 1228 eodem
2431 1173 2641 1244 (Ep/tes.
2666 1190 2744 1240 ιιι,
2774 1173 2860 1246 10)
2887 1173 3253 1242 :Multiformis
3270 1176 3472 1245 sapien-

1911 1262 1980 1314 tia
2005 1264 2113 1318 Dei.
2144 1266 2276 1320 Hinc
2302 1275 2356 1319 et
2384 1277 2644 1320 secretum
2668 1267 2783 1330 Dei,
2810 1266 2934 1320 hinc
2959 1277 3007 1322 et
3029 1265 3270 1321 Christus
3299 1265 3470 1320 dictus

1911 1358 2187 1428 sapientia,
2216 1356 2345 1429 hinc
2359 1369 2410 1410 et
2439 1357 2562 1408 illttd
2590 1355 2747 1427 (Ibid.
2772 1356 2856 1426 i8)
2888 1374 2900 1408 :
2929 1355 2992 1410 Ut
3018 1357 3218 1426 possitis
3246 1373 3473 1427 compre—

1912 1449 2127 1504 [tendere
2147 1465 2257 1500 cum
2271 1447 2496 1500 omnibus
2507 1449 2712 1512 sanctis,
2731 1448 2914 1514 quaesit
2935 1447 3170 1508 latitudo,
3189 1449 3470 1517 longitudo,

1911 1542 2143 1604 altitudo,
2174 1541 2498 1609 profundum,
2523 1539 2650 1592 scire
2678 1539 2824 1591 etiam
2839 1539 3283 1606 supereminentem
3309 1541 3469 1593 scien-

1911 1633 1992 1685 tite
2022 1631 2320 1684 r/taritatem
2346 1628 2548 1683 Christi.
2579 1629 2652 1682 Ita
2673 1637 2724 1682 et
2751 1628 2966 1682 scientia
3001 1628 3140 1683 Deus
3166 1638 3265 1694 est,
3297 1638 3350 1683 et
3379 1643 3476 1682 nos

1910 1721 2126 1776 scientia
2150 1719 2357 1782 liberat,
2375 1719 2468 1772 sed
2491 1733 2582 1787 per
2602 1718 2865 1772 Christum
2889 1729 3083 1782 tamen,
3119 1721 3237 1788 quia
3265 1721 3374 1787 ipse
3394 1729 3477 1773 est

1909 1818 1963 1864 et
1989 1809 2229 1874 scientia,
2253 1819 2304 1862 et
2324 1809 2503 1875 janua,
2531 1817 2586 1863 et
2611 1810 2736 1872 vita,
2763 1818 2814 1862 et
2837 1808 3008 1880 λόγος,
3036 1819 3088 1863 ct
3117 1811 3349 1864 onmium
3381 1825 3474 1878 per

1907 1918 2063 1972 quem
2096 1901 2226 1956 facta
2259 1913 2378 1955 sunt
2402 1902 2597 1956 omnia.
2631 1900 2768 1971 Ergo
2792 1909 2844 1956 et
2882 1904 3015 1956 scire
3044 1902 3172 1966 ista,
3221 1912 3274 1955 et
3302 1902 3461 1956 etiam

1911 1994 2219 2048 charitatem
2250 1994 2299 2047 in
2326 1991 2591 2047 Christum
2620 1992 2814 2048 habere
2852 1992 3124 2047 debemus.
3158 1992 3281 2046 Hmc
3309 2001 3467 2062 atque

1911 2085 2012 2137 alia
2043 2085 2266 2154 plurima
2287 2125 2299 2148 ,
2331 2095 2384 2137 et
2413 2085 2570 2136 Deum
2597 2084 2870 2137 scientiam
2899 2097 3015 2137 esse
3037 2124 3051 2149 ,
3077 2091 3131 2137 et
3159 2081 3466 2147 Christum,

1909 2183 1962 2228 et
1991 2175 2240 2243 Spiritum
2262 2183 2502 2227 sanctum
2538 2173 2668 2227 satis
2708 2173 2904 2227 clarum
2934 2173 3093 2227 etiam
3141 2173 3299 2226 vitam
3351 2187 3471 2226 esse

1912 2281 2015 2320 uno
2041 2266 2162 2319 licet
2207 2268 2334 2319 satis
2365 2265 2615 2334 probatur
2634 2265 2914 2333 exemplo;
2947 2279 3065 2318 nam
3096 2264 3147 2317 in
3176 2263 3294 2316 aliis
3321 2262 3472 2316 libris

1911 2355 2122 2410 uberius
2139 2352 2756 2423 approbavitnuonan.,
2775 2369 2829 2416 v,
2844 2352 2933 2424 9.6)
2952 2371 2963 2407 :
2981 2353 3142 2407 Sicuti
3165 2353 3293 2406 enim
3319 2351 3475 2405 Pater

1909 2447 2058 2500 vitam
2086 2446 2233 2499 habet
2252 2446 2302 2497 in
2319 2446 2598 2516 semetipso,
2625 2448 2696 2498 sic
2717 2444 2850 2496 dedit
2879 2454 2924 2497 et
2952 2445 3088 2498 Filio
3109 2445 3258 2497 vitam
3287 2445 3469 2496 Itabrre

1909 2536 1965 2588 in
2005 2536 2286 2603 semetipso.
2333 2535 2458 2588 Item
2503 2535 2625 2588 dicit
2681 2533 2856 2606 (Joan.
2889 2549 2962 2599 γι,
3015 2532 3104 2601 58)
3143 2549 3157 2587 :
3205 2534 3349 2588 Sicut
3398 2551 3475 2586 me

1911 2626 2043 2678 misit
2065 2626 2198 2677 vivus
2225 2624 2397 2691 Pater,
2422 2627 2492 2677 ita
2535 2635 2580 2678 et
2604 2641 2692 2694 ego
2716 2626 2824 2677 vivo
2847 2635 3047 2695 propter
3075 2623 3296 2676 Patrem.
3331 2623 3469 2678 Sunt

1912 2715 2071 2784 igitur
2094 2715 2188 2766 ista
2214 2717 2291 2768 sic
2313 2715 2514 2784 singula
2531 2756 2545 2773 .
2566 2723 2624 2768 ut
2655 2715 2828 2767 omnia
2854 2715 2950 2766 tria
2969 2713 3070 2766 ista
3096 2723 3218 2765 sunt
3243 2713 3473 2780 singula,

1911 2821 2012 2859 una
2055 2805 2196 2858 omni
2228 2804 2308 2875 (Ι)
2339 2821 2465 2874 ergo
2503 2806 2795 2858 substantia
2827 2815 2906 2858 est
2937 2813 3102 2872 pater,
3130 2819 3255 2872 ergo
3303 2802 3474 2865 illius,

1912 2897 2136 2964 Spiritus
2166 2906 2410 2962 sanctus,
2436 2896 2602 2961 Deus,
2623 2893 2765 2968 λόγος
2790 2895 3120 2970 παράκλητος,
3149 2911 3307 2947 unum
3330 2905 3472 2958 sunt,

1913 2986 2050 3054 quod
2081 2986 2524 3049 substantialitas,
2553 2987 2781 3038 vitalitas
2801 3026 2815 3049 ,
2845 2986 3141 3048 beatitudo,
3184 2985 3474 3048 silentium,

1913 3076 2006 3130 sed
2035 3075 2171 3143 apud
2199 3092 2254 3129 se
2281 3079 2502 3146 loquens
2525 3076 2790 3129 silentium
2813 3115 2830 3141 ,
2854 3075 3084 3129 Verbum
3108 3113 3124 3138 ,
3152 3073 3312 3129 Verbi
3340 3073 3473 3127 Ver-

239 3165 393 3216 esse,
415 3166 534 3220 qua:
573 3151 865 3206 substantia
892 3161 974 3206 est
1002 3161 1175 3207 mutus
1199 3194 1212 3218 ,
1240 3153 1361 3222 quia
1392 3155 1571 3220 etipse
1592 3194 1605 3215 ,
1636 3163 1692 3207 ut
1718 3154 1812 3206 du-

1919 3165 2040 3220 bum
2064 3184 2077 3219 :
2101 3166 2221 3234 quid
2251 3144 2406 3220 etiam
2435 3175 2517 3220 est
2542 3165 2784 3219 voluntas
2814 3165 3002 3233 patris,
3029 3165 3127 3218 nisi
3151 3163 3317 3217 silens
3351 3163 3478 3217 Ver-

241 3242 492 3309 cuimus,
558 3243 668 3312 ipsa
726 3244 1021 3298 substantia
1075 3254 1185 3310 est,
1231 3245 1506 3315 geminans
1571 3246 1806 3314 potentia

243 3336 427 3402 valet,
462 3345 516 3390 et
543 3337 844 3402 vitalitatis,
879 3346 932 3392 et
967 3339 1270 3407 sapientim,
1305 3347 1462 3408 atque
1515 3339 1810 3408 intelligen-

245 3428 364 3492 tiae,
393 3429 462 3481 ita
491 3430 736 3493 scilicet,
767 3438 824 3482 ut
865 3431 916 3484 in
973 3430 1222 3486 omnibus
1267 3432 1488 3501 singulis
1539 3432 1636 3484 tria
1659 3432 1764 3485 sint
1794 3449 1806 3483 ;

245 3535 372 3590 ergo
390 3520 616 3589 Spiritus
645 3532 860 3576 sanctus
903 3525 1120 3577 scientia
1150 3533 1233 3577 est
1283 3533 1336 3577 et
1385 3524 1666 3592 sapientia.
1701 3524 1812 3578 Hoc

246 3612 318 3666 ita
346 3626 463 3666 esse
515 3612 740 3681 probant
790 3628 956 3667 sacra:
1009 3614 1264 3668 lectiones
1307 3613 1347 3683 (t
1385 3612 1502 3667 Cor.
1550 3630 1606 3668 ιι.
1664 3614 1750 3682 16)
1795 3631 1809 3668 :

251 3701 378 3769 Quis
399 3702 495 3756 Dei
517 3713 726 3757 mentem
751 3705 1008 3774 cognovit,
1029 3705 1127 3756 nisi
1152 3704 1292 3758 solus
1333 3704 1556 3774 Spiritus
1581 3704 1606 3756 .9
1634 3703 1808 3772 (Rom.

247 3809 359 3849 vut.
383 3796 470 3864 16)
497 3815 509 3848 :
539 3795 659 3867 Ipse
679 3797 906 3867 Spiritus
923 3799 1257 3852 testimonium
1283 3799 1446 3852 reddit
1467 3799 1668 3867 spiritui
1691 3815 1807 3852 nos-

250 3899 347 3942 tro.
379 3890 509 3955 Quis
539 3890 691 3944 testis
719 3891 837 3943 sine
889 3889 1148 3944 scientia?
1179 3890 1244 3943 Et
1272 3891 1491 3944 scientia
1525 3889 1660 3958 ipsa,
1691 3891 1811 3957 quia

248 3980 510 4050 sapientia
533 3991 640 4043 est,
670 3981 828 4035 docet
870 3997 967 4034 nos
1001 3996 1118 4036 esse
1152 3981 1287 4034 tilias
1335 3981 1445 4034 Dei.
1481 3980 1610 4034 Item
1645 3997 1658 4034 :
1686 3981 1816 4046 Quis

249 4081 425 4127 autem
449 4081 717 4126 scrutatur
765 4071 967 4124 corda?
996 4071 1111 4137 quis
1142 4072 1243 4124 scit
1285 4071 1633 4140 cogitationes
1662 4072 1817 4136 spiri-

253 4163 372 4217 tus?
399 4163 529 4217 Item
556 4163 821 4232 quomodo
861 4163 924 4215 ad
981 4164 1255 4217 scientiam
1301 4165 1594 4230 junguntur
1618 4161 1817 4215 atuhu?

253 4253 428 4326 (Rom.
464 4270 535 4307 ιι.
572 4253 624 4322 1)
655 4272 666 4306 :
708 4252 972 4306 Veritatem
997 4254 1107 4306 dico
1134 4254 1184 4305 in
1209 4252 1427 4306 Christo.
1460 4251 1559 4307 Ubi
1589 4253 1815 4316 veritas,

251 4344 323 4398 ibi
343 4344 563 4397 scientia
586 4385 598 4406 ,
633 4344 754 4412 quia
778 4344 971 4395 veritas
999 4340 1276 4403 Christus;
1310 4342 1428 4394 ideo
1459 4350 1513 4393 et
1556 4341 1773 4394 scientia
1801 4380 1815 4403 ,

251 4435 391 4504 quod
432 4443 514 4487 est
566 4432 797 4500 Spiritus
839 4442 1074 4486 sanctus.
1134 4429 1199 4484 Et
1229 4433 1352 4484 item
1399 4428 1589 4499 (lbid.)
1633 4447 1647 4482 :
1698 4428 1820 4507 Non

253 4525 484 4589 mentior,
503 4524 833 4578 testimonium
863 4524 985 4575 mihi
1010 4522 1292 4593 per/tibente
1321 4522 1622 4575 conscientia
1642 4535 1752 4574 mea
1767 4521 1819 4573 in
1843 4501 1898 4560 Ῑ)

256 4615 453 4684 Spiritu
469 4624 661 4667 sancto.
681 4613 816 4679 Quid
845 4623 927 4668 est
951 4615 1093 4668 enim
1120 4612 1262 4666 aliud
1285 4611 1606 4666 conscientia
1622 4651 1639 4676 ,
1663 4626 1819 4680 quam

253 4721 372 4760 cum
403 4705 574 4759 altero
601 4705 860 4759 scientia?
890 4704 1038 4758 Nunc
1060 4714 1238 4758 nostra
1285 4719 1404 4758 cum
1435 4703 1667 4772 Spiritu,
1695 4717 1822 4771 ergo

253 4794 485 4866 Spiritus
502 4795 718 4848 scientia
751 4812 764 4849 :
798 4803 851 4849 et
873 4793 1119 4848 Christus
1143 4802 1224 4848 est
1244 4793 1463 4848 scientia
1482 4833 1498 4856 ,
1537 4794 1659 4866 quia
1687 4795 1826 4848 veri-

257 4898 372 4950 tas;
402 4904 530 4957 ergo
566 4897 619 4941 et
646 4887 890 4940 Christus
934 4898 988 4940 et
1043 4886 1274 4954 Spiritus
1302 4885 1546 4940 scientia.
1573 4887 1643 4941 Αι
1679 4887 1823 4942 enim

257 4978 499 5034 Christus
521 4979 624 5031 vita
659 4996 671 5029 :
700 4976 833 5043 Quid
856 4977 900 5030 si
941 4976 1170 5046 Spiritus
1200 4978 1338 5031 vita:
1372 4992 1510 5031 unus
1556 4977 1698 5031 enim
1719 5017 1734 5043 ,
1767 4985 1824 5031 ut

257 5070 400 5136 dixi,
435 5079 608 5122 motus
638 5076 759 5132 est,
783 5077 838 5121 et
880 5067 1065 5120 eadem
1114 5068 1218 5120 vita
1263 5082 1379 5137 qua:
1409 5067 1630 5121 scientia
1656 5085 1669 5120 :
1698 5067 1824 5135 quid

259 5162 399 5216 enim
433 5161 487 5214 in
519 5159 731 5213 Christo
763 5157 972 5222 doetus,
1005 5157 1055 5210 id
1085 5168 1198 5222 est,
1247 5173 1276 5212 a
1329 5159 1464 5222 Deo;
1494 5168 1684 5213 etcum
1707 5158 1827 5212 dico

259 5257 478 5318 doctus,
500 5269 531 5307 a
559 5253 776 5308 scientia
797 5253 949 5318 dico,
979 5253 1119 5322 quod
1143 5255 1255 5308 sive
1297 5269 1326 5308 a
1351 5251 1594 5319 Christo,
1641 5255 1755 5307 sive
1798 5268 1830 5307 a

261 5348 494 5418 Spiritu,
519 5360 680 5398 unum
701 5354 860 5414 atque
887 5343 1024 5398 idem
1046 5353 1128 5398 est
1152 5360 1167 5408 ;
1215 5344 1338 5410 quid
1367 5343 1506 5398 enim
1533 5342 1662 5396 dicit
1688 5342 1828 5396 Pau-

263 5442 376 5504 lus,
433 5452 553 5492 cum
579 5445 863 5502 utrumque
912 5435 1141 5502 idipsum
1195 5448 1314 5489 esse
1358 5434 1592 5488 declaret
1650 5433 1826 5501 (Rom.

264 5545 376 5587 vtu.
421 5528 518 5600 6)?
546 5525 829 5580 Prudentia
868 5539 983 5579 vero
1020 5526 1266 5594 spiritus,
1318 5526 1420 5580 vita
1468 5533 1562 5579 est.
1617 5516 1857 5580 Estnet'

333 5711 408 5784 (i)
425 5709 593 5765 Omni.
621 5707 782 5761 Forte
806 5704 993 5760 omnia.

1915 3258 2075 3311 bum?
2121 3257 2233 3311 Hoc
2281 3272 2408 3326 ergo
2438 3256 2597 3312 modo
2623 3273 2742 3310 cum
2773 3256 3001 3311 Verbum
3027 3266 3177 3325 pater
3197 3257 3298 3316 sit,
3330 3265 3382 3308 et
3410 3255 3475 3308 tl-

1911 3350 2013 3404 lius
2035 3348 2263 3403 Verbum
2284 3390 2298 3414 ,
2319 3349 2367 3402 id
2399 3360 2506 3414 est,
2532 3364 2726 3403 sonans
2751 3348 2983 3403 Verbum
3009 3357 3166 3416 atquc
3195 3361 3424 3414 operans
3451 3361 3465 3397 :

1912 3454 2070 3508 ergo,
2102 3440 2344 3508 inquam,
2376 3439 2418 3492 si
2447 3449 2498 3492 et
2529 3450 2697 3507 pater,
2727 3449 2781 3492 et
2809 3439 2947 3492 ﬁlius
2970 3436 3198 3492 Verbum
3228 3446 3340 3500 est,
3374 3453 3476 3489 una

1910 3529 2200 3581 substantia
2232 3537 2331 3581 est.
2375 3527 2571 3582 Deinde
2603 3525 2776 3598 (Joan.
2805 3541 2860 3592 v,
2889 3526 2977 3595 50)
3001 3544 3013 3579 :
3039 3524 3262 3586 Iustum,
3287 3526 3476 3595 inquit,

1913 3635 2076 3672 meum
2097 3618 2350 3687 judicium
2380 3630 2486 3685 est,
2517 3618 2637 3688 quia
2663 3635 2762 3671 non
2791 3633 2960 3687 qurero
2988 3617 3153 3686 facere
3177 3617 3479 3669 voluntatem

1914 3727 2108 3774 meam,
2134 3711 2221 3763 sed
2243 3711 2349 3780 ejus
2369 3711 2452 3778 qui
2479 3726 2556 3761 me
2581 3709 2732 3761 misit.
2755 3708 2895 3778 Ergo
2917 3723 3017 3761 una
3039 3707 3284 3760 voluntas
3299 3747 3315 3772 ,
3341 3705 3478 3758 unde

1917 3820 2016 3858 una
2047 3803 2374 3858 substantia:
2409 3803 2528 3873 quia
2558 3813 2610 3857 et
2641 3804 2750 3869 ipsa
2788 3802 3027 3856 voluntas
3056 3801 3346 3856 substantia
3376 3811 3475 3856 est.

1916 3894 2146 3948 Verbum
2175 3903 2350 3946 autem
2381 3892 2547 3961 ipsum
2573 3893 2733 3946 vitam
2762 3908 2880 3945 esse
2900 3893 2975 3946 sic
3005 3890 3474 3958 ostenditurUbid.

1915 3983 2009 4056 40)
2028 4001 2040 4036 :
2063 3983 2181 4036 Non
2197 3982 2345 4036 vultis
2357 3983 2424 4035 ad
2436 3999 2512 4035 me
2523 3982 2705 4044 venire,
2721 3992 2774 4035 ut
2789 3982 2937 4034 vitam
2957 3981 3196 4034 habeatis.
3218 3981 3413 4034 Deinde
3426 3989 3481 4035 et

1917 4075 1982 4130 de
2009 4075 2109 4129 hoc
2135 4083 2301 4128 tutum
2330 4075 2635 4142 mysterium
2664 4081 2777 4135 est,
2803 4072 2940 4142 quod
2965 4085 3173 4140 expono
3198 4069 3371 4142 (Jaan.
3401 4086 3475 4134 vr,

1918 4165 2009 4234 57)
2031 4183 2044 4217 :
2080 4163 2239 4218 Omne
2265 4163 2399 4233 quod
2450 4163 2569 4215 mihi
2595 4162 2766 4215 datum
2792 4172 2864 4215 est
2889 4179 2920 4214 a
2944 4160 3095 4213 Patre
3119 4160 3257 4229 apud
3282 4176 3359 4212 me
3382 4160 3478 4211 Ita-

1919 4258 2024 4310 beo.
2049 4257 2178 4324 Quia
2205 4270 2331 4309 vero
2382 4254 2520 4308 idem
2568 4261 2742 4306 mutus
2766 4261 2844 4306 est
2875 4251 3013 4320 quod
3043 4265 3195 4316 esse,
3243 4259 3297 4304 et
3340 4252 3478 4318 quod

1919 4357 2001 4401 est
2023 4362 2141 4402 esse
2161 4355 2336 4401 motus
2361 4356 2462 4408 est,
2490 4353 2543 4398 et
2568 4344 2688 4413 quia
2715 4343 2937 4412 quadam
2971 4341 3312 4410 intelligentia
3336 4341 3482 4409 prius

1920 4454 2040 4495 esse
2058 4483 2071 4505 ,
2102 4439 2168 4492 ab
2210 4453 2273 4492 eo
2296 4435 2436 4506 quod
2465 4435 2666 4489 moveri
2692 4475 2706 4496 ,
2737 4433 2829 4487 sed
2857 4433 2999 4502 prius
3026 4433 3154 4487 κατά
3192 4433 3248 4486 τὸ
3285 4428 3443 4486 αἴτιον
3463 4471 3479 4496 ,

1923 4531 1972 4586 id
2002 4539 2104 4594 est,
2157 4528 2444 4584 secundum
2476 4540 2720 4580 causam:
2763 4524 2880 4579 ideo
2931 4523 3075 4577 dedit
3119 4531 3264 4590 pater
3295 4519 3401 4574 lilio
3430 4531 3487 4574 et

1924 4631 2154 4685 motum,
2199 4619 2286 4688 qui
2316 4629 2370 4672 et
2397 4616 2534 4687 quod
2586 4625 2662 4670 est
2704 4629 2821 4669 esse
2873 4612 3048 4668 habet.
3098 4611 3237 4681 Ergo
3283 4619 3485 4666 motum

1923 4725 2041 4766 esse
2068 4722 2146 4764 est
2183 4708 2358 4781 λόγοςε
2404 4708 2560 4776 igitur
2586 4710 2674 4776 qui
2715 4713 2885 4759 motus
2911 4713 2992 4758 est
3039 4702 3196 4756 habet
3233 4709 3287 4756 et
3322 4713 3441 4756 esse
3470 4718 3483 4752 :

1926 4817 2045 4858 esse
2084 4810 2257 4856 autem
2287 4801 2390 4854 vita
2421 4812 2504 4854 est
2530 4807 2583 4852 et
2613 4798 2862 4853 scientia:
2895 4796 3052 4850 habet
3082 4795 3236 4864 igitur
3263 4794 3438 4847 omnia
3472 4834 3487 4856 ,

1925 4894 2044 4962 quia
2076 4891 2239 4962 patris
2290 4890 2446 4944 habet
2472 4903 2625 4944 esse:
2658 4903 2784 4957 ergo
2834 4887 3155 4940 voluntatem
3182 4885 3344 4954 patris
3390 4884 3488 4937 im-

1929 4982 2039 5052 plet
2063 4982 2217 5036 lilius.
2248 4980 2377 5047 Quae
2411 4991 2586 5034 autem
2617 4980 2858 5033 voluntas
2883 5019 2898 5043 ,
2929 4977 3025 5032 nisi
3045 4978 3165 5048 quia
3191 4991 3308 5030 cum
3340 4985 3491 5044 pater

1931 5074 2039 5128 vita
2063 5074 2164 5138 sit,
2200 5082 2374 5128 motus
2399 5081 2483 5128 est
2517 5073 2626 5127 vita
2655 5070 2811 5140 ejus?
2846 5070 2958 5124 haec
2996 5070 3235 5124 voluntas
3260 5074 3342 5120 est
3365 5106 3380 5131 ,
3407 5064 3489 5118 vi-

1931 5180 2055 5220 vere
2105 5164 2277 5220 I'acere
2325 5163 2448 5217 alia.
2493 5161 2620 5216 Haec
2646 5176 2774 5230 ergo
2801 5170 2854 5214 et
2899 5167 2987 5214 τοῦ
3037 5160 3242 5230 λόγουη
3274 5155 3325 5209 id
3373 5163 3494 5217 est,

1930 5254 2127 5310 Christi
2159 5253 2316 5324 (Ibid.
2343 5294 2360 5318 ,
2388 5253 2474 5315 39,
2505 5253 2613 5322 ω).
2644 5252 2770 5317 Qua:
2797 5261 2901 5316 est,
2927 5251 3115 5318 inquit,
3139 5247 3368 5300 voluntas
3396 5245 3496 5297 Pa-

1933 5345 2020 5398 tris
2039 5345 2126 5414 qui
2151 5360 2228 5397 me
2247 5344 2419 5397 misit?
2437 5352 2492 5395 ut
2511 5360 2572 5396 ex
2591 5359 2647 5396 eo
2667 5343 2798 5411 quod
2817 5341 2939 5394 milii
2959 5340 3094 5392 dedit
3116 5337 3244 5391 nihil
3266 5334 3493 5403 perdam,

1931 5439 2019 5491 sed
2043 5452 2301 5506 resurgere
2329 5435 2512 5504 faciam
2540 5436 2593 5487 id
2613 5436 2780 5503 ipsum
2801 5443 3052 5501 postrema
3081 5431 3180 5483 die.
3209 5427 3334 5481 Haec
3363 5425 3496 5478 enim

1931 5528 2162 5584 voluntas
2187 5536 2259 5582 est
2289 5526 2461 5582 Patris
2479 5527 2576 5581 mei
2597 5566 2611 5592 ,
2638 5535 2692 5580 ut
2713 5525 2873 5579 omnis
2896 5525 2984 5593 qui
3011 5523 3140 5577 videt
3165 5519 3350 5574 Filium
3376 5526 3419 5572 et
3447 5518 3503 5568 in
