3950 6206
464 301 599 359 I107

1688 260 1874 342 manu
1908 283 2241 342 vmroniNt
2278 285 2430 340 mu

3604 290 3745 345 iln3

464 420 631 484 ipsum
652 414 837 477 credit,
871 412 1045 465 habeat
1070 410 1221 463 vitam
1244 415 1481 462 cateruam
1507 448 1520 469 ,
1560 413 1601 457 et
1647 406 1697 457 in
1727 405 1805 457 die
1831 404 2038 457 novissi-
2070 406 2118 462 Α
2150 403 2309 455 tentia
2332 444 2347 465 ,
2374 402 2451 453 sui
2480 400 2882 471 participitione
2926 402 3047 456 facit
3072 403 3251 456 vivere
3276 420 3288 454 :
3316 404 3523 457 etenim
3567 409 3747 459 anima

466 529 549 564 ma
586 517 833 577 resurgat.
864 505 1057 559 Videre
1087 512 1260 556 autem
1292 509 1375 555 est
1414 499 1683 553 Christum
1705 498 1843 551 scire
1876 497 2041 549 Deum

470 603 564 659 Dei
616 602 778 654 ﬁlium
804 641 817 663 ,
850 600 1010 651 vitam
1038 639 1051 660 ,
1083 603 1137 649 et
1166 595 1286 647 vitm
1334 593 1527 655 Deum;
1558 599 1609 644 et
1638 590 1737 642 hoc
1783 596 1865 642 est.
1888 603 2043 641 acce-

467 696 610 763 pisse
635 693 885 761 Spiritum
926 698 1169 743 sanctum
1199 686 1462 749 Verbum,
1508 684 1556 737 id
1587 695 1705 736 esse
1745 681 1881 750 quod
1913 683 2040 734 vita.

474 785 605 838 Hinc
630 783 907 851 probatum
936 790 1015 833 est
1042 778 1202 849 (Ibid.
1244 775 1332 839 69,
1360 777 1477 842 70):
1509 772 1637 827 Post
1656 789 1802 841 quem
1823 771 2044 825 ibimus?

474 876 679 929 verbum
719 876 829 928 vita:
877 873 1055 936 habes,
1107 880 1153 924 et
1203 886 1295 923 nos
1342 868 1591 921 credimus
1639 878 1683 920 et
1723 866 2044 935 cognorimus

471 966 608 1033 quod
657 976 710 1019 tu
761 981 810 1017 es
863 962 1091 1017 Christus
1136 960 1299 1014 Filius
1346 958 1462 1012 Dei.
1511 957 1702 1012 Totum
1730 956 2043 1027 mysterium

474 1056 722 1111 Christus
752 1054 845 1110 Dei
872 1054 1037 1117 ﬁlius,
1072 1052 1313 1107 Christus
1335 1050 1568 1104 Vcrhum
1592 1090 1605 1113 ,
1628 1059 1680 1103 et
1711 1049 1883 1117 ipsum
1915 1046 2047 1101 Ver-

473 1149 596 1201 hnm
625 1189 640 1212 ,
674 1147 795 1199 vitm
822 1153 1035 1198 aeterna:
1064 1143 1315 1198 Verbum.
1350 1140 1491 1208 Ergo
1515 1140 1614 1193 hoc
1642 1138 1873 1193 Verbum
1903 1137 2047 1205 quod

471 1240 609 1302 vita,
642 1247 695 1292 et
736 1238 835 1291 hoc
873 1238 961 1306 qui
1006 1235 1151 1288 audit
1190 1246 1243 1288 et
1305 1232 1509 1299 credit,
1550 1233 1735 1302 utique
1776 1230 2049 1300 cognoscit

474 1330 642 1385 Deum
667 1347 678 1384 :
709 1344 834 1398 ergo
863 1339 913 1381 et
943 1327 1195 1394 Spiritum
1223 1335 1463 1378 Sanctum
1492 1324 1671 1379 habet.

541 1421 633 1476 XI.
663 1420 1005 1475 Pronuntiata
1030 1417 1145 1472 heic
1168 1417 1329 1487 plena
1356 1416 1486 1469 ﬁdes
1513 1425 1593 1469 est
1613 1456 1627 1478 ,
1652 1413 1849 1484 quippe
1878 1429 1907 1468 a
1933 1412 2039 1466 dis-

474 1514 684 1582 cipulis.
719 1514 846 1566 Item
892 1510 955 1563 ad
985 1509 1197 1563 Judmos
1222 1508 1350 1561 dicit
1382 1506 1557 1578 (Joan.
1584 1522 1674 1559 vni
1695 1547 1709 1571 ,
1737 1505 1859 1575 19):
1896 1504 1980 1557 Me
2000 1504 2046 1559 si

471 1604 662 1657 sciretis
686 1644 699 1665 ,
726 1602 916 1655 sciretis
949 1598 1152 1651 Patrem
1175 1613 1355 1650 meum.
1394 1594 1567 1665 Neque
1595 1612 1671 1649 me
1700 1596 1858 1659 scitis,
1889 1609 2049 1663 neque

474 1705 665 1763 patrem
694 1709 878 1745 meum.
912 1691 978 1744 Et
1006 1700 1171 1744 recte.
1196 1689 1524 1757 Quamquam
1556 1688 1696 1741 cnim
1734 1698 1787 1740 et
1814 1688 1863 1739 in
1894 1695 2045 1754 patre

2143 494 2207 546 ad
2234 493 2512 561 imaginem
2556 492 2799 562 imaginis
2836 494 2924 547 Dci
2953 494 3084 548 facta
3110 494 3262 564 (Gen.
3298 510 3317 548 ι
3344 537 3356 557 ,
3381 494 3480 567 26)
3504 513 3517 547 :
3548 495 3747 549 Farin-

2144 600 2256 637 rnns
2296 584 2543 635 hominem
2570 583 2639 633 ad
2664 582 2931 652 imaginem
2960 595 3007 635 et
3048 584 3441 637 similitudinem
3483 595 3741 640 nostram.

2148 676 2286 744 Ergo
2329 673 2571 737 inferior,
2617 682 2720 728 eta
2749 674 2861 728 Deo
2903 684 3062 743 atque
3101 675 3233 747 λόγῳ
3275 676 3449 743 magis
3491 686 3616 730 orta
3666 678 3748 731 vel

2146 767 2301 821 facta.
2329 767 2606 835 Nunquam
2655 766 2769 833 ipse
2793 766 2931 820 Deus
2955 776 3045 819 aut
3079 767 3239 839 λόγος,
3279 767 3373 820 sed
3399 769 3625 836 quidem
3670 769 3750 823 λὸ·

2145 884 2259 934 70c,
2285 875 2389 914 non
2414 861 2503 913 ille
2525 859 2614 928 qui
2640 858 2777 912 ﬁlius
2802 858 3065 927 generalis
3097 858 3179 912 vel
3206 858 3554 925 universalis,
3585 871 3747 930 atque

2147 952 2383 1005 omnium
2406 966 2526 1021 quae
2569 966 2663 1018 per
2686 950 2858 1017 ipsum
2901 950 3036 1004 facta
3076 959 3202 1003 sunt
3226 990 3241 1014 ,
3285 964 3514 1012 semen,
3551 954 3710 1021 origo
3733 994 3748 1018 ,

2149 1044 2287 1099 fons.
2310 1045 2459 1097 Illius
2488 1057 2613 1097 vero
2635 1043 2775 1115 λόγος
2801 1042 2974 1095 anima
3002 1059 3015 1093 :
3047 1041 3315 1110 quomodo
3340 1083 3354 1104 ,
3388 1052 3484 1095 aut
3522 1044 3618 1111 qui
3646 1085 3660 1106 ,
3694 1054 3748 1097 et

2147 1134 2347 1190 dixisse
2378 1135 2617 1199 memini,
2650 1144 2705 1188 et
2725 1149 2821 1187 suo
2845 1134 2961 1187 loco
2989 1147 3105 1187 esse
3125 1132 3415 1187 dicturum.
3454 1134 3599 1204 Ergo
3625 1136 3745 1189 unis

2146 1229 2390 1293 versalis,
2421 1229 2543 1298 quia
2568 1228 2787 1296 spiritus
2831 1236 2885 1281 et
2906 1225 3033 1291 vita,
3065 1242 3169 1280 non
3196 1227 3393 1293 anima,
3446 1229 3615 1281 habet
3659 1242 3751 1296 po-

2148 1330 2389 1376 testatem
2431 1336 2459 1373 a
2509 1322 2797 1389 semetipso
2838 1321 3067 1373 animam
3110 1334 3345 1389 ponere,
3402 1331 3460 1374 et
3522 1337 3746 1375 rursum

2148 1415 2380 1467 animam
2421 1427 2652 1467 sumere.
2691 1414 2829 1467 Deus
2854 1412 3015 1482 igitur
3040 1421 3093 1466 et
3136 1413 3281 1487 λόγος
3304 1454 3317 1478 ,
3346 1413 3429 1467 vel
3463 1416 3591 1481 quia
3638 1416 3748 1468 vita

2150 1516 2271 1560 sunt
2296 1548 2309 1568 ,
2357 1506 2440 1559 vel
2478 1506 2595 1574 quia
2638 1504 2867 1576 Spiritus
2892 1548 2906 1570 ,
2958 1505 3141 1559 vivunt
3182 1514 3234 1560 et
3272 1520 3490 1575 semper
3530 1509 3741 1562 vivunt.

2149 1597 2355 1665 Quippe
2382 1596 2523 1664 quia
2564 1611 2621 1650 se
2663 1597 2872 1662 lvivunt.
2919 1596 3059 1665 Ergo
3107 1597 3493 1669 ἱΙΙειὸμοούσ-ια.
3549 1598 3747 1654 Anima

2149 1703 2277 1743 vero
2307 1687 2572 1760 ὁμοούσιος
2596 1730 2609 1753 ,
2646 1687 2759 1740 haec
2782 1702 2903 1740 cum
2927 1688 3215 1741 assumitur
3245 1702 3276 1740 a
3302 1686 3523 1752 divinis,
3553 1689 3608 1741 id
3635 1699 3740 1755 est,

476 1784 617 1837 ﬁlius
642 1825 656 1848 ,
702 1792 755 1837 et
796 1785 846 1835 in
891 1782 997 1834 ﬁlio
1021 1792 1189 1850 pater,
1222 1780 1512 1835 existentia
1543 1779 1623 1831 vel
1671 1778 1962 1831 substantia
1998 1777 2048 1832 in
2080 1774 2127 1832 B
2156 1794 2183 1831 a
2208 1779 2369 1851 λόγῳς
2396 1793 2568 1847 neque
2593 1778 2735 1831 enim
2773 1792 2801 1830 a
2834 1776 2974 1831 Deo:
3010 1777 3164 1849 Λόγος
3189 1818 3203 1841 ,
3232 1778 3374 1831 enim
3406 1788 3584 1832 motus
3615 1787 3737 1845 est,

472 1874 576 1927 vita
599 1916 612 1939 ,
638 1885 691 1928 et
716 1873 823 1926 vita
852 1872 902 1925 in
931 1871 1225 1924 substantia
1250 1887 1263 1933 ;
1298 1870 1578 1924 invisibilis
1611 1880 1786 1924 tamen
1828 1885 1947 1923 cum
1977 1870 2047 1923 sit

473 1967 801 2028 substantia,
830 1980 933 2018 non
969 1964 1280 2031 intelligitur
1303 1964 1401 2017 nisi
1433 1963 1485 2017 in
1516 1962 1639 2016 vita.
1676 1962 1839 2031 Magis
1867 1971 2043 2016 autem

472 2058 577 2109 vita
604 2054 846 2111 Christus
866 2098 879 2121 ,
912 2069 1233 2124 quamquam
1273 2063 1327 2107 et
1356 2053 1650 2106 substantia
1676 2071 1689 2085 -
1730 2067 1857 2121 ergo
1895 2060 2048 2120 pater

474 2148 523 2199 in
559 2147 665 2199 filio
705 2146 1063 2214 cognoscitur.
1097 2143 1283 2198 Unde?
1326 2143 1459 2207 Quia
1502 2159 1601 2196 non
1630 2144 1767 2196 scitis
1797 2159 1901 2206 me,
1954 2158 2047 2194 nec

477 2234 715 2299 Patrem;
744 2236 787 2288 si
807 2236 998 2287 sciretis
1028 2250 1135 2297 me,
1166 2233 1357 2286 sciretis
1385 2241 1431 2285 et
1472 2230 1697 2286 Patrem.
1749 2232 1921 2301 Ipsum
1947 2231 2045 2284 hoc

473 2326 597 2395 quid
626 2337 705 2380 est
727 2328 749 2378 ?
771 2324 986 2381 Sciretis
1025 2339 1051 2376 a
1085 2339 1170 2377 me
1197 2338 1317 2376 esse
1341 2364 1353 2385 ,
1385 2323 1507 2391 quia
1537 2323 1649 2391 ipse
1687 2331 1741 2375 ct
1777 2323 1999 2376 scientia
2023 2366 2037 2390 ,

476 2419 614 2487 quod
637 2429 715 2472 cst
747 2418 974 2487 Spiritus
1000 2424 1231 2470 sanctus.
1257 2414 1384 2469 Item
1428 2415 1494 2468 ad
1522 2415 1642 2469 illos
1667 2416 1787 2483 quia
1810 2415 2043 2469 Verbum

477 2520 591 2570 est,
626 2520 675 2562 ct
706 2510 935 2563 Verbum
980 2516 1165 2577 pater:
1207 2521 1333 2575 ergo
1383 2522 1484 2559 una
1534 2506 1828 2559 substantia
1855 2504 2040 2575 (Ibid.,

474 2600 566 2672 96)
590 2620 602 2654 :
628 2599 757 2652 Item
787 2602 869 2667 qui
899 2617 975 2652 me
1005 2600 1139 2651 misit
1163 2613 1307 2651 verus
1335 2607 1428 2661 est,
1453 2606 1501 2650 et
1531 2612 1619 2665 ego
1648 2612 1759 2665 qua:
1785 2596 1959 2649 audivi
1984 2594 2045 2648 ab

475 2695 588 2761 ipso
637 2710 695 2746 ea
735 2694 930 2763 loquor.
974 2694 1133 2746 Pater
1176 2691 1280 2747 ﬁlio
1325 2691 1597 2760 loquitur,
1642 2692 1782 2744 ﬁlius
1812 2691 2045 2746 mundo:

476 2784 598 2853 quia
631 2792 779 2851 pater
828 2799 918 2851 per
948 2782 1145 2841 ﬁlium.
1192 2792 1240 2834 et
1275 2781 1414 2833 ﬁlius
1452 2783 1646 2835 virtute
1691 2780 1851 2834 Verbi
1885 2782 2047 2848 patris

478 2875 601 2926 facit
623 2875 797 2925 omnia
823 2916 836 2937 ,
864 2873 911 2925 id
944 2881 1056 2937 est,
1087 2886 1263 2925 secum
1294 2871 1515 2939 loquens
1540 2870 1767 2923 Verbum
1795 2886 1887 2938 per
1917 2870 2048 2924 Ver-

480 2965 599 3017 bum
626 2967 675 3018 in
702 2964 981 3018 nnmifcsto
1008 2966 1227 3033 loquens
1258 2964 1377 3016 facit
1416 2964 1616 3019 omnia.
1654 2964 1841 3018 Sccnm
1869 2975 2045 3018 antem

483 3056 706 3123 loquens
747 3056 975 3109 Verbum
1025 3055 1163 3109 Deus
1209 3064 1291 3108 est
1331 3068 1448 3106 cum
1516 3053 1659 3118 lilio,
1718 3055 1836 3121 quia
1899 3064 2047 3121 pater

2149 1877 2202 1924 et
2229 1877 2402 1922 motus
2424 1869 2596 1923 anima
2621 1910 2634 1932 ,
2664 1876 2719 1921 et
2760 1878 2934 1921 motus
2962 1882 2991 1920 a
3018 1870 3304 1935 semetipso
3345 1877 3525 1921 motus
3550 1914 3564 1936 ,
3596 1870 3736 1924 unde

2150 1958 2325 2027 imago
2365 1967 2419 2012 et
2464 1958 2755 2011 similitudo
2796 1958 2971 2011 anima
2994 1964 3081 2014 τοῦ
3124 1958 3273 2032 λόγον
3302 1966 3403 2013 est.
3435 1960 3575 2028 Ergo
3618 1976 3735 2016 cum

2149 2048 2453 2112 assumitur,
2482 2048 2613 2102 nihil
2636 2048 2883 2116 adjicitur
2914 2048 3069 2102 vita):
3117 2050 3313 2117 quippe
3341 2064 3461 2104 eum
3488 2066 3558 2104 ex
3583 2053 3688 2103 vita
3712 2091 3728 2119 ,

2151 2140 2341 2205 idest,
2370 2154 2435 2194 ex
2468 2139 2677 2193 vivendi
2722 2141 2954 2208 potentia
2984 2140 3177 2193 animm
3224 2141 3331 2193 vita
3363 2140 3453 2193 sit.
3485 2143 3729 2197 Animam

2152 2233 2311 2301 igitur
2334 2248 2454 2287 cum
2485 2234 2707 2287 assumit
2750 2231 2976 2300 Spiritus
2996 2275 3011 2298 ,
3039 2232 3203 2287 veluti
3243 2233 3308 2287 ad
3341 2232 3599 2289 inferiora
3629 2246 3731 2290 tra-

2146 2324 2263 2392 jicit
2309 2324 2600 2395 potentiam
2654 2332 2813 2392 atque
2860 2325 3137 2389 actiones,
3188 2340 3307 2378 cum
3374 2327 3633 2381 mundum
3678 2340 3729 2384 et

2152 2415 2417 2470 mundana
2447 2416 2712 2485 complet:
2738 2431 2865 2485 ergo
2902 2416 3157 2485 Spiritum
3184 2459 3200 2484 ,
3230 2426 3285 2472 et
3315 2420 3553 2475 maxime
3578 2423 3729 2495 A679;

2151 2510 2399 2578 spiritus,
2426 2511 2513 2577 qui
2564 2516 2669 2563 vlta
2701 2520 2781 2563 est
2805 2551 2820 2574 ,
2864 2511 2915 2563 in
2946 2518 3206 2580 potestate
3252 2512 3409 2566 habet
3439 2524 3495 2568 et
3522 2530 3725 2572 sumere

2151 2600 2403 2663 animam,
2428 2609 2480 2652 et
2504 2613 2703 2667 ponere
2727 2616 2740 2651 :
2770 2613 2889 2652 cum
2917 2608 3092 2653 autem
3120 2601 3301 2665 sumit,
3333 2603 3536 2656 mundo
3567 2606 3723 2660 veluti

2150 2690 2404 2753 nascitur,
2452 2699 2505 2743 et
2542 2689 2781 2757 potentia
2811 2689 2926 2757 ejus
2975 2704 3094 2743 cum
3124 2690 3325 2745 mundo
3363 2694 3721 2764 colloquitur:

2150 2795 2270 2833 cum
2300 2796 2426 2833 vero
2456 2782 2603 2847 ponit
2625 2821 2638 2840 ,
2665 2795 2693 2833 a
2735 2779 2932 2832 mundo
2959 2780 3192 2845 recedit,
3244 2791 3296 2835 et
3344 2798 3449 2836 non
3479 2783 3723 2853 operatur

2152 2872 2202 2925 in
2234 2871 2429 2925 mundo
2454 2872 2753 2929 carnaliter.
2787 2885 2885 2924 nec
2925 2881 3097 2925 tamen
3129 2873 3467 2940 spiritaliter.
3498 2876 3611 2929 Hoc
3636 2892 3721 2932 nos

2152 2973 2377 3017 mortem
2408 2962 2524 3031 ejus
2552 2963 2886 3016 nominamus
2908 3005 2921 3025 ,
2947 2971 3000 3016 et
3031 2974 3155 3017 tunc
3184 2978 3305 3018 esse
3341 2966 3542 3020 dicitur
3572 2969 3622 3021 in
3652 2971 3723 3020 in-

2150 3057 2300 3110 ferno
2322 3098 2335 3115 ,
2363 3070 2467 3107 non
2500 3056 2680 3123 utique
2701 3055 2816 3108 sine
2838 3057 3031 3108 anima.
3057 3055 3189 3110 Hinc
3214 3056 3349 3125 petit
3378 3057 3605 3124 (Psalm.
3635 3075 3719 3123 xv,

478 3160 529 3201 et
559 3150 694 3201 filius
720 3163 854 3200 unus
910 3148 1065 3200 Deus.
1101 3146 1217 3213 Ipse
1256 3155 1511 3214 pr:cterea
1550 3144 1677 3197 dicit
1704 3143 1865 3210 (Ibid.
1915 3145 2039 3213 51):
2069 3143 2113 3204 C
2151 3144 2239 3214 10)
2283 3161 2349 3200 ne
2391 3145 2526 3198 Deus
2553 3147 2774 3197 animam
2801 3162 2945 3198 suam
2971 3146 3221 3214 relinquat
3249 3148 3302 3200 in
3336 3148 3561 3219 inferno.
3586 3149 3722 3218 Ergo

479 3239 634 3290 Amen
659 3280 673 3299 ,
706 3254 850 3290 amen
895 3239 1005 3288 dico
1042 3236 1277 3291 vobis:si
1298 3237 1406 3303 quis
1433 3236 1633 3288 verbum
1675 3251 1841 3288 meum
1872 3245 2043 3291 custo-

478 3328 623 3379 dierit
643 3369 656 3391 ,
682 3336 886 3379 mortem
906 3344 1005 3379 non
1028 3327 1226 3379 ridebit.
1265 3325 1328 3379 Et
1358 3325 1468 3393 ipse
1492 3342 1698 3377 rursum
1720 3324 1905 3397 (Ibid.,
1930 3325 2042 3396 55):

481 3416 617 3469 Novi
647 3419 775 3469 enim
804 3416 1038 3481 Patrem,
1072 3427 1119 3469 et
1149 3416 1349 3469 verbum
1378 3417 1487 3484 ejus
1512 3417 1759 3468 custodio.
1815 3416 2047 3485 Uterque

480 3509 754 3572 Verbum,
803 3510 896 3563 sed
949 3519 1003 3561 ut
1050 3507 1177 3560 dixi.
1228 3506 1359 3561 Illud
1408 3518 1662 3573 quantum
1734 3517 1822 3560 aut
1893 3508 2046 3575 quale

478 3610 560 3655 est
609 3602 659 3654 in
712 3600 915 3654 Joanne
968 3601 1160 3667 (Joan.
1218 3616 1279 3662 x,
1320 3600 1407 3661 I7,
1470 3596 1593 3668 l8)?
1648 3599 1925 3665 Propterea
1970 3614 2048 3655 me

481 3690 634 3742 Pater
661 3700 818 3755 amat,
852 3699 894 3742 et
918 3705 1006 3758 ego
1037 3705 1167 3757 pono
1196 3689 1417 3741 animam
1440 3704 1600 3742 meum
1620 3729 1635 3753 ,
1667 3702 1721 3741 ut
1751 3689 1930 3741 iterum
1960 3706 2048 3741 su-

478 3798 613 3834 mam
646 3797 774 3835 eam.
812 3779 974 3833 Nemo
1005 3780 1144 3832 illam
1171 3796 1202 3831 a
1237 3795 1313 3831 me
1351 3779 1517 3843 tollit,
1548 3780 1635 3831 sed
1665 3795 1755 3848 ego
1782 3796 1889 3832 eam
1914 3796 2047 3848 pono

478 3892 510 3927 a
536 3891 613 3927 me
653 3874 805 3942 ipso:
849 3872 1096 3925 licentiam
1128 3871 1284 3924 habeo
1308 3886 1489 3939 ponere
1534 3886 1673 3934 eam,
1708 3880 1753 3923 et
1795 3872 2049 3923 licentiam

480 3967 638 4019 habeo
662 3982 858 4019 sumere
887 3981 1013 4018 eam.
1047 3963 1315 4017 Chrismm
1368 3977 1634 4030 nunquam
1683 3962 1881 4018 dictum
1928 3977 2048 4023 esse

479 4059 708 4128 animam
761 4057 889 4109 satis
939 4054 1276 4109 manifestum
1307 4038 1423 4118 est:
1470 4053 1565 4107 sed
1595 4068 1694 4107 nec
1738 4054 1899 4109 Deum
1929 4053 2048 4108 dic-

480 4134 589 4201 tum
621 4149 875 4200 animam.
930 4144 1137 4197 Etenim
1187 4143 1342 4198 Pater
1388 4144 1525 4197 Dens
1567 4142 1769 4206 dictus,
1819 4144 2049 4210 Spiritus

481 4240 668 4293 dictus.
702 4237 831 4290 Item
880 4235 1018 4289 ﬁlius
1057 4236 1199 4308 λόγος
1240 4234 1442 4298 dictus,
1494 4232 1712 4301 spiritus
1739 4233 1943 4297 dictus,
1996 4243 2051 4289 et

479 4333 598 4387 sine
620 4331 779 4385 dubio
811 4329 947 4383 Deus
973 4348 985 4382 :
1009 4328 1205 4397 quippe
1228 4340 1348 4381 cum
1376 4325 1532 4379 ambo
1555 4338 1690 4383 unus
1718 4326 1874 4379 Deus.
1910 4325 2050 4394 Ergo

481 4424 595 4479 hinc
620 4462 633 4485 ,
661 4423 801 4494 λόγος
822 4461 835 4484 .
874 4427 1069 4491 πνεῦμα
1098 4434 1258 4488 supra
1296 4419 1527 4473 animam
1559 4428 1719 4486 sunt,
1767 4434 1860 4473 sua
1891 4434 2043 4487 supe~

2148 3251 2287 3299 eam,
2314 3236 2434 3302 quia
2461 3234 2731 3289 rediturus
2755 3235 2820 3287 ad
2847 3236 3099 3288 mundum
3124 3244 3225 3302 est,
3251 3246 3303 3289 et
3327 3237 3393 3291 ad
3420 3239 3537 3307 ejus
3552 3253 3719 3292 aetum

2148 3343 2327 3381 secum
2369 3326 2432 3380 ad
2459 3326 2640 3380 inferis
2663 3326 2837 3390 ducit,
2870 3328 3019 3395 quasi
3049 3332 3271 3381 resumit
3292 3344 3419 3399 ergo
3454 3331 3717 3397 animam,

2149 3418 2199 3470 id
2223 3428 2300 3471 est
2327 3459 2341 3482 ,
2372 3426 2554 3481 actus,
2582 3416 2835 3470 mundum
2864 3417 3051 3470 iterum
3079 3418 3268 3486 accipit
3298 3460 3311 3482 ,
3355 3428 3409 3473 et
3431 3422 3555 3489 quia
3579 3432 3723 3475 actus

2150 3510 2200 3561 in
2231 3507 2429 3563 mundo
2456 3508 2637 3572 plenos
2677 3521 2739 3561 ac
2770 3514 2907 3561 totos
2946 3511 3101 3581 Λόσγος
3126 3510 3272 3577 agit,
3305 3518 3358 3563 et
3380 3512 3466 3579 qui
3495 3512 3722 3579 Spiritus

2149 3607 2251 3661 est,
2280 3607 2331 3651 ct
2352 3597 2672 3659 animam,et
2696 3611 2908 3665 corpus,
2935 3612 3118 3651 rursus
3135 3613 3263 3667 ergo
3284 3601 3719 3655 sanctiﬁcanilnin

2150 3688 2248 3742 fuit
2270 3729 2284 3752 ,
2310 3688 2429 3758 quia
2458 3702 2639 3743 rursus
2662 3687 2761 3742 ista
2792 3697 3120 3755 susceperat.
3150 3687 3249 3741 Ivit
3280 3689 3441 3763 igitur
3468 3690 3534 3742 ad
3556 3691 3609 3756 Si
3632 3690 3722 3743 ili-

2149 3791 2257 3835 tnm
2282 3822 2297 3847 ,
2329 3790 2383 3835 et
2404 3779 2761 3835 sanctiﬁcatus
2783 3779 2944 3844 redit,
2980 3794 3100 3835 cum
3144 3781 3401 3849 apostolis
3428 3782 3571 3850 egit,
3603 3792 3719 3851 post

2149 3884 2387 3927 sanctum
2412 3872 2665 3939 Spiritum
2692 3871 2820 3940 egit.
2844 3870 2971 3937 Quis
3001 3872 3164 3940 igitur
3188 3880 3270 3925 est
3305 3871 3537 3939 Spiritus
3564 3887 3717 3927 εςιιιεο

2152 3972 2233 4019 tus
2254 3964 2277 4015 ‘i
2298 3964 2348 4017 id
2371 3971 2453 4017 est
2473 4004 2485 4024 .
2507 3964 2651 4035 λόγος
2668 4002 2683 4027 ,
2711 3978 2846 4016 unus
2866 3964 3005 4016 enim
3032 3974 3206 4017 motus
3229 4003 3247 4029 ,
3272 3973 3324 4017 et
3346 3964 3468 4018 ideo
3490 3966 3712 4021 dictum:

2149 4064 2201 4108 et
2231 4055 2274 4106 si
2303 4053 2517 4108 discedo
2545 4062 2600 4107 et
2644 4067 2885 4121 praepara
2914 4053 3065 4106 vobis
3091 4095 3106 4116 ,
3151 4069 3337 4107 rursus
3374 4056 3551 4109 venio.
3592 4054 3717 4121 Quis

2150 4146 2291 4199 enim
2321 4145 2466 4199 venit
2496 4152 2616 4214 post
2652 4144 2851 4198 abitum
2878 4143 3097 4209 Christi,
3127 4147 3226 4199 nisi
3261 4146 3492 4216 Spiritus
3522 4148 3581 4201 S.
3624 4146 3717 4200 Pa-

2150 4236 2379 4289 racletus
2398 4236 2423 4289 ἳ

2220 4326 2354 4382 XIII.
2389 4326 2440 4381 Id
2474 4329 2543 4380 ita
2572 4342 2690 4382 esse
2713 4328 2851 4396 quod
2873 4328 3024 4383 dico:
3053 4337 3111 4382 ut
3141 4337 3294 4397 pater
3318 4339 3373 4385 et
3399 4330 3539 4384 ﬁlius
3560 4346 3715 4385 unum

2151 4420 2290 4473 sint:
2318 4420 2605 4488 item'quod
2630 4419 2782 4473 Jesus
2806 4429 2860 4474 ct
2884 4419 3114 4488 Spiritus
3136 4432 3355 4475 sanctus
3382 4439 3547 4478 unum
3578 4427 3710 4478 sint:

479 4518 621 4569 rioro
652 4513 941 4567 substantia
970 4554 983 4575 ,
1017 4514 1169 4581 longe
1198 4512 1296 4563 alia
1324 4512 1614 4565 substantia
1651 4512 1841 4564 animre
1881 4520 1935 4563 et
1961 4512 2042 4563 in-
2068 4509 2121 4568 D
2146 4525 2209 4565 ac
2256 4518 2531 4579 propterea
2586 4525 2772 4565 omnes
2844 4526 3010 4565 unum
3057 4512 3199 4577 sint,
3256 4514 3438 4582 juncta
3492 4515 3716 4571 lectione

479 4606 671 4660 t'eriorc
692 4645 705 4665 ,
751 4604 942 4671 quippe
964 4616 991 4657 a
1024 4602 1132 4654 Deo
1177 4600 1443 4654 insufflata
1493 4611 1548 4655 et
1594 4602 1770 4671 genita
1801 4642 1815 4666 ,
1846 4610 1900 4655 et
1928 4602 2043 4657 sola

480 4713 605 4751 vere
636 4693 927 4749 substantia
957 4692 1095 4746 dicta
1116 4734 1130 4759 ,
1161 4693 1300 4762 quod
1339 4692 1583 4745 subesset
1612 4692 1722 4751 suis
1755 4690 1807 4746 in
1835 4707 1894 4746 se
1920 4707 2044 4760 spe-

478 4788 659 4843 ciebus
678 4828 691 4851 ,
723 4794 775 4841 et
805 4784 990 4839 eodem
1018 4794 1172 4854 pacto
1197 4792 1255 4837 ut
1283 4784 1423 4855 hyle.

551 4877 662 4931 XII.
694 4877 803 4932 Iluc
826 4875 1030 4931 accedit
1054 4874 1195 4945 quod
1224 4876 1325 4928 vita
1352 4877 1488 4929 Deus
1513 4917 1526 4939 ,
1553 4876 1657 4928 vita
1689 4872 1965 4941 Christus,
1991 4884 2045 4930 ct

481 4986 543 5023 ex
566 4986 622 5023 se
651 4968 753 5022 vita
778 4967 987 5035 utique,
1016 4965 1110 5021 sed
1136 4975 1190 5019 ut
1213 4974 1363 5036 patre
1388 4967 1548 5021 dante
1574 4966 1819 5019 Christus
1853 4966 2046 5021 habeat

480 5077 547 5115 ex
591 5076 648 5115 se
680 5061 837 5113 vitam
864 5075 901 5135 ι,
928 5073 1055 5126 ergo
1082 5059 1185 5110 vita
1230 5058 1473 5126 superior
1518 5058 1586 5113 ab
1614 5060 1809 5111 anima.
1862 5058 2043 5116 Priora

478 5154 615 5208 enim
658 5157 757 5215 ζωὴ
779 5159 830 5204 et.
855 5154 1071 5223 ζωηρίς,
1097 5149 1145 5202 id
1174 5157 1255 5201 est
1278 5190 1293 5213 ,
1326 5153 1457 5213 vita,
1491 5149 1718 5204 vitalitas
1738 5165 1891 5219 quam
1926 5151 2041 5203 ani-

483 5261 565 5296 ma
592 5260 603 5295 :
634 5257 762 5311 ergo
784 5243 868 5295 illa
896 5242 1137 5312 ὀμοούσια
1163 5240 1301 5295 Deus
1322 5249 1375 5294 et
1407 5242 1548 5315 λόγος
1567 5282 1582 5307 ,
1612 5249 1764 5309 pater
1792 5250 1845 5295 et
1882 5240 2039 5296 ﬁlius.

478 5337 682 5404 Quippe
703 5344 759 5388 ut
798 5336 883 5387 ille
903 5333 1130 5401 Spiritus
1153 5372 1166 5394 ,
1198 5342 1252 5385 et
1288 5331 1373 5385 hic
1409 5332 1636 5401 Spiritus
1659 5373 1674 5396 ,
1706 5341 1759 5386 et
1788 5331 1873 5386 hic
1897 5332 2001 5386 vita
2022 5374 2038 5398 ,

479 5440 530 5482 et
556 5428 642 5480 ille
672 5427 796 5478 vita.
827 5424 955 5478 Item
985 5423 1216 5477 Verbum
1237 5429 1290 5476 et
1318 5421 1568 5485 Verbum,
1598 5430 1651 5476 et
1670 5433 1885 5483 cratera.
1916 5422 2040 5492 Spi-

480 5520 611 5573 ritus
653 5516 812 5586 igitur
842 5514 1001 5567 habet
1034 5520 1345 5582 potestatem
1370 5513 1598 5566 animam
1639 5512 1918 5579 sumendi,
1947 5528 2042 5581 po-

482 5610 639 5664 nendi
680 5617 732 5663 et
775 5605 1098 5661 resumendi.
1127 5604 1338 5660 Etenim
1364 5604 1464 5659 vita
1485 5646 1500 5671 ,
1524 5614 1576 5659 et
1599 5620 1625 5656 a
1650 5620 1707 5659 se
1733 5607 1840 5659 vita
1861 5617 2040 5676 potes-

479 5712 639 5756 tatem
662 5698 822 5753 habet
861 5695 1140 5760 sumendi,
1168 5695 1395 5765 ponendi
1438 5696 1595 5759 illud,
1637 5695 1778 5766 quod
1812 5712 1904 5752 sua
1945 5713 2041 5770 po-

2144 4603 2377 4657 Joannes
2430 4602 2753 4666 declaravit;
2805 4603 2967 4671 εωρίι
2995 4617 3221 4673 namque
3251 4620 3281 4658 a
3329 4606 3488 4678 Λόγον
3540 4606 3713 4676 (Jomt.

2149 4713 2261 4762 xiv,
2318 4696 2389 4766 6)
2447 4714 2460 4749 :
2508 4696 2619 4765 Ego
2662 4712 2807 4757 sum,
2865 4696 3074 4765 inquit,
3131 4697 3247 4764 via,
3305 4707 3349 4750 et
3400 4700 3623 4762 veritas,
3675 4706 3719 4753 et

2144 4792 2263 4843 vita.
2300 4788 2465 4842 Nemo
2491 4790 2621 4842 venit
2656 4788 2723 4843 ad
2754 4787 2957 4842 Patrem
2987 4790 3085 4841 nisi
3128 4806 3217 4859 per
3272 4806 3369 4843 me.
3398 4792 3527 4858 Quis
3580 4793 3716 4847 enim

2144 4880 2207 4934 ad
2241 4880 2292 4933 id
2322 4879 2463 4949 quod
2506 4886 2589 4932 est
2633 4893 2753 4932 esse
2776 4918 2791 4941 ,
2823 4886 2877 4932 et
2907 4892 3090 4931 verum
3138 4893 3257 4932 esse
3284 4882 3545 4947 pervenit,
3578 4880 3715 4950 quod

2146 4980 2296 5041 pater
2347 4981 2467 5035 est,
2526 4970 2624 5024 nisi
2669 4984 2765 5038 per
2816 4968 3027 5023 vitam:
3073 4967 3177 5022 vita
3229 4970 3372 5024 enim
3422 4987 3541 5040 qua:
3596 4987 3715 5025 vera

2144 5065 2249 5119 vita
2291 5072 2402 5128 est,
2438 5062 2559 5131 quia
2582 5071 2780 5116 interna
2823 5071 2939 5126 est,
2981 5060 3082 5116 hoc
3102 5070 3183 5115 est
3219 5077 3344 5116 vere
3381 5077 3536 5122 esse.
3588 5065 3717 5119 nihil

2144 5155 2284 5209 enim
2313 5162 2561 5216 mutatur,
2588 5151 2715 5206 nihil
2744 5152 3118 5220 corrumpitur,
3148 5166 3267 5221 quae
3303 5167 3500 5221 genera
3531 5157 3717 5208 mortis

2145 5253 2290 5311 sunt,
2347 5245 2450 5300 vita
2503 5257 2642 5308 esse,
2689 5258 2871 5298 verum
2919 5242 3024 5297 vita
3069 5252 3152 5296 est
3195 5240 3345 5312 (Job.
3408 5257 3559 5307 xvu,
3615 5244 3711 5313 2):

2154 5332 2317 5397 Vivit,
2348 5333 2513 5403 inquit
2540 5374 2555 5398 ,
2597 5332 2753 5386 Deus.
2800 5334 2938 5401 Ergo
2964 5332 3124 5385 vitam
3154 5345 3274 5387 esse
3297 5374 3311 5396 ,
3356 5333 3492 5387 Deus
3518 5342 3617 5389 est.
3655 5335 3716 5389 Et

2141 5423 2320 5495 (Joan.
2370 5439 2479 5489 xiv,
2516 5424 2644 5491 Iit):
2679 5423 2807 5494 Ego,
2864 5423 3050 5493 inquit,
3098 5424 3227 5475 vivo.
3274 5423 3605 5492 Quicumque
3649 5425 3711 5479 ad

2141 5516 2407 5572 Christum
2429 5516 2600 5581 venit,
2628 5516 2695 5570 ad
2727 5518 2889 5570 vitam
2935 5516 3105 5580 venit,
3137 5525 3191 5571 et
3218 5516 3296 5571 sic
3337 5532 3433 5585 per
3461 5518 3621 5573 vitam
3648 5517 3711 5570 ad

2144 5606 2343 5661 Deum:
2376 5621 2502 5675 ergo
2539 5607 2708 5675 juncti
2736 5618 2858 5660 sunt
2891 5607 3028 5661 Deus
3057 5618 3110 5661 et
3134 5608 3296 5679 λόγος.
3343 5607 3411 5661 Et
3435 5608 3560 5663 hinc
3587 5608 3707 5662 illud

2141 5705 2223 5750 est
2251 5694 2428 5766 (Joan.
2462 5710 2553 5761 xv,
2594 5695 2717 5765 25):
2749 5694 2851 5761 Qui
2877 5712 2956 5750 me
2991 5697 3222 5767 cognovit
3276 5698 3507 5769 cognouit
3530 5709 3579 5754 et
3603 5696 3703 5751 Pa-
