3950 6206
218 319 363 375 1109

1348 307 1713 366 ADVERSUS
1743 305 1960 364 ΛΜοΜ
2000 305 2204 362 LIBER
2235 303 2326 362 III.

3358 303 3491 357 1110

217 446 374 490 trem.
405 434 472 488 Et
505 431 679 502 (Joan.
703 446 810 486 xiv.
834 427 890 500 9)
917 445 930 482 :
962 427 1062 494 Qui
1093 443 1170 479 me
1193 425 1316 479 vidit
1351 424 1472 478 vidit
1507 433 1552 477 et
1578 422 1804 477 Patrem.
1833 424 1884 482 A
1912 421 2086 474 adhuc
2117 430 2297 489 postea
2329 427 2582 474 venturus
2613 428 2726 483 est,
2756 427 2807 473 ct
2833 434 2934 472 non
2955 418 3061 486 jam
3094 431 3188 485 per
3215 414 3488 468 Christum

223 524 368 579 Hinc
396 533 448 577 et
491 521 620 575 illud
659 519 864 591 (Ibid.,
889 516 1018 588 11)-ς
1055 517 1174 570 Non
1216 515 1412 580 credis,
1458 513 1594 582 quod
1639 529 1728 583 ego
1757 513 1811 565 in

230 615 395 668 Patre
416 655 432 678 ,
484 622 529 666 et
560 611 714 665 Pater
751 612 804 662 in
831 610 947 662 me?
977 608 1109 662 llinc
1137 618 1190 662 et
1223 606 1348 660 illud
1382 607 1604 676 mystice
1633 603 1807 672 (Joan.

227 719 343 768 le,
378 701 506 774 M):
563 702 698 755 Etsi
747 700 869 768 quid
918 698 1190 763 aliquando
1234 698 1471 764 petieritis
1515 697 1566 748 in
1614 697 1814 749 nomine

227 811 346 848 meo
365 835 381 859 ,
403 794 536 847 istud
565 792 769 862 faciam.
794 789 928 855 Quid
949 798 1031 844 est
1054 798 1231 856 petere
1257 788 1306 840 in
1328 786 1528 841 Christi
1560 785 1815 840 nomine?

231 886 468 940 animam
500 893 751 938 aeternam
803 881 944 941 ﬁeri,
987 881 1158 934 lucem
1195 878 1285 932 Dei
1313 877 1492 932 videre
1513 917 1526 941 ,
1557 876 1622 929 ad
1643 877 1814 944 ipsum

235 975 529 1031 videndum
560 973 774 1036 venire,
805 980 1058 1024 aeternam
1094 971 1254 1023 vitam
1282 969 1478 1022 habere
1499 1009 1513 1032 ,
1545 983 1648 1020 non
1687 967 1818 1020 divi-

237 1069 342 1122 tias
370 1107 384 1131 ,
418 1082 522 1120 non
555 1065 692 1118 ﬁlios
715 1105 728 1129 ,
759 1078 862 1116 non
892 1061 1156 1127 honores,
1191 1058 1424 1128 nihilque
1449 1057 1771 1114 mundanum
1799 1097 1814 1122 ,

237 1157 336 1213 sed
384 1157 622 1226 spiritale
685 1170 876 1218 omne,
929 1164 1088 1220 atque
1137 1165 1297 1205 omne
1361 1164 1466 1218 quo
1526 1149 1657 1202 uniti
1711 1149 1818 1202 Deo

237 1247 457 1302 Christo
491 1251 809 1316 jungamnr:
855 1245 956 1298 hoc
1001 1245 1140 1297 enim
1167 1250 1283 1303 est,
1313 1251 1370 1294 ut
1415 1239 1739 1310 gloriﬁcetur
1768 1239 1820 1294 in

238 1340 380 1394 Filio
402 1382 415 1404 ,
439 1340 488 1393 id
517 1348 629 1403 est,
660 1340 765 1391 vita
806 1346 1000 1391 aeterna
1023 1377 1037 1401 ,
1077 1349 1232 1404 quam
1263 1333 1560 1402 petentibus
1588 1331 1744 1383 dabo.

311 1429 451 1485 XIV.
507 1429 854 1498 Subjungitur
902 1425 1095 1480 deinde
1145 1423 1450 1492 plenissime
1503 1423 1569 1476 de
1620 1421 1820 1490 Spiritu

236 1533 426 1576 sancto
452 1561 464 1583 ,
489 1519 614 1587 quid
636 1519 742 1581 sit,
777 1517 916 1571 unde
941 1517 1042 1579 sit,
1071 1513 1210 1584 quod
1241 1514 1352 1581 ipse
1385 1512 1454 1566 sit
1475 1510 1631 1581 (Ibid.
1664 1552 1676 1574 ,
1714 1511 1778 1565 15
1803 1552 1819 1576 ,

240 1611 367 1681 16);
401 1610 460 1664 Si
491 1611 652 1668 enim.
701 1608 906 1676 inquit,
934 1622 1012 1659 me
1041 1606 1220 1657 amatis
1243 1643 1257 1669 ,
1303 1603 1544 1656 mandata
1570 1618 1679 1654 mea
1708 1617 1823 1653 cus-

238 1702 418 1756 todite.
453 1700 519 1753 Et
546 1716 637 1768 ego
655 1698 844 1769 rogabo
880 1696 1084 1750 Patrem
1116 1711 1279 1748 meum
1300 1735 1315 1760 ,
1361 1703 1406 1746 et
1455 1693 1610 1745 alium
1659 1691 1821 1744 Para-

1915 512 2053 580 apud
2085 512 2207 565 illos
2227 527 2346 565 esse
2368 510 2560 577 cmpit‘t
2588 507 2918 578 Ergojuncti
2950 518 3108 575 atque
3129 521 3191 558 ex
3220 520 3323 558 uno
3343 512 3489 566 sunt,

1914 604 2004 672 qui
2033 612 2208 656 motus
2237 612 2339 656 est.
2366 602 2422 655 Id
2465 603 2698 670 apertius
2725 603 2775 655 in
2803 600 3147 669 sequentibus
3167 598 3489 661 declaratur,

1915 693 1991 746 ait
2017 694 2159 747 enim
2194 693 2353 762 (Ibid.
2383 734 2397 757 ,
2447 692 2544 754 ‘25,
2569 691 2695 759 26):
2749 689 2874 744 Haec
2918 690 3055 743 vobis
3092 689 3199 741 dixi
3243 687 3379 758 apud
3407 703 3492 739 vos

1917 799 2141 836 manens.
2173 781 2472 835 Paracletas
2500 792 2667 835 autem
2689 780 2914 851 Spiritus
2936 791 3173 845 sanctus,
3214 795 3358 848 quem
3379 781 3496 830 mit-

1919 883 1984 927 tet
2015 873 2170 926 Pater
2199 876 2253 926 in
2282 873 2484 926 nomine
2525 888 2635 924 meo
2660 913 2675 936 ,
2708 887 2794 923 vos
2825 870 3017 923 docebit
3044 871 3213 923 omnia
3241 883 3494 932 quotcum-

1918 983 2014 1032 que
2041 968 2173 1019 dico.
2203 965 2310 1036 Ego
2342 1007 2356 1030 ,
2382 964 2587 1032 inquit,
2617 966 2668 1016 in
2698 963 2834 1015 vobis
2856 979 3050 1015 maneo.
3089 962 3213 1014 Data
3243 971 3324 1014 est
3349 961 3491 1013 enim

1920 1059 2025 1111 vita
2052 1099 2067 1124 ,
2111 1073 2206 1110 nec
2237 1057 2304 1111 ab
2335 1057 2435 1110 illis
2457 1056 2566 1126 jam
2595 1055 2838 1108 Christus
2877 1051 3145 1106 abscedit:
3177 1059 3299 1104 sunt
3337 1051 3494 1119 igitur

1921 1158 1974 1202 et
1999 1147 2223 1216 Spiritali
2251 1155 2396 1200 motu
2420 1187 2436 1212 ,
2470 1146 2610 1215 quod
2633 1155 2713 1199 est
2743 1143 3011 1198 Christum
3045 1144 3095 1196 in
3120 1143 3219 1195 illis
3243 1157 3490 1195 manere:

1922 1242 2021 1310 ipsi
2048 1249 2223 1293 autem
2256 1241 2444 1292 animae
2465 1281 2479 1304 ,
2515 1240 2565 1291 in
2589 1238 2779 1307 quibus
2800 1237 3015 1305 spiritus
3037 1243 3245 1298 manet,
3277 1249 3375 1288 nec
3396 1233 3494 1286 ali-

1923 1329 2138 1400 quando
2186 1330 2441 1392 discedit,
2479 1327 2677 1382 dictum
2721 1337 2897 1382 tamen
2937 1325 3114 1397 (Joan.
3172 1340 3297 1388 xvt,
3365 1322 3492 1391 16):

1927 1420 2081 1474 Nunc
2105 1420 2184 1473 ibo
2213 1421 2279 1472 ad
2311 1418 2535 1471 Patrem.

1994 1512 2109 1566 XV.
2148 1511 2284 1578 Quid
2312 1511 2447 1564 istud
2484 1512 2551 1562 sit
2595 1509 2748 1562 facile
2801 1507 3022 1577 intelligi
3052 1515 3255 1576 potest,
3285 1506 3326 1560 si
3356 1507 3496 1559 acci-

1928 1608 2100 1674 piatur
2125 1620 2188 1660 εκ
2238 1604 2492 1674 mysterio
2534 1601 2731 1655 dictum
2757 1642 2772 1664 ,
2803 1609 2856 1654 et
2897 1600 3156 1668 corporali
3204 1599 3494 1668 mysterio:

1926 1710 2050 1750 nam
2081 1695 2390 1764 spiritaliter
2417 1708 2535 1746 cum
2561 1701 2614 1745 et
2643 1692 2756 1762 ipse
2787 1693 2837 1744 in
2863 1691 3020 1744 Patre
3052 1691 3158 1753 sit,
3188 1698 3240 1742 et
3267 1698 3416 1756 pater
3445 1688 3494 1738 in

237 1794 425 1846 ctetum
453 1790 590 1842 dabit
641 1789 778 1841 vobis
805 1829 819 1852 ,
866 1797 920 1840 ut
947 1786 1199 1840 vobiscum
1226 1786 1290 1838 sit
1334 1784 1386 1835 in
1426 1799 1569 1835 omne
1604 1793 1819 1850 tempus.
1852 1783 1896 1841 Β
1931 1789 2044 1856 ipso
2068 1828 2080 1850 ,
2114 1803 2218 1855 quo
2239 1828 2251 1849 ,
2286 1794 2376 1838 aut
2417 1799 2580 1854 quare
2609 1784 2722 1836 ibit.
2777 1785 2850 1837 Ex
2882 1782 3069 1836 eodem
3098 1781 3352 1852 mysterio
3379 1790 3458 1832 est
3480 1819 3494 1839 .

237 1881 377 1950 Quid
421 1891 500 1934 est
543 1881 846 1934 Paracletns
872 1918 886 1940 ,
931 1879 1017 1947 qui
1049 1886 1253 1931 asserat
1295 1873 1637 1942 adstruatque
1680 1873 1819 1941 apud

237 1974 452 2028 Patrem
477 1973 715 2026 homines
742 1985 926 2024 omnes
953 1969 1142 2024 fideles
1170 1978 1326 2036 atque
1347 1966 1663 2021 credentes?
1693 1965 1821 2031 Quis

237 2074 322 2118 est
353 2064 498 2118 iste?
529 2078 664 2116 unus
692 2077 759 2115 ne
795 2062 942 2115 solus
970 2060 1199 2128 Spiritus
1229 2058 1480 2111 sanctus?
1507 2072 1572 2109 an
1608 2055 1744 2108 idem
1768 2063 1823 2108 et

236 2156 484 2210 Christus
507 2156 530 2207 ‘1
558 2156 765 2209 Etenim
812 2153 926 2221 ipse
953 2152 1117 2204 dixit:
1151 2151 1308 2202 alium
1335 2148 1656 2201 Paracletum
1685 2145 1824 2199 dabit

236 2248 376 2300 vobis
407 2245 560 2299 Deus.
611 2246 740 2298 Dum
788 2244 922 2296 dixit
947 2243 1138 2305 alium,
1188 2255 1245 2294 se
1293 2239 1426 2292 dixit
1469 2239 1628 2291 alium
1656 2255 1669 2302 ;
1697 2237 1820 2290 dum

237 2342 373 2396 dixit
422 2340 768 2402 Paractetum,
827 2352 1044 2405 operam
1095 2334 1323 2388 similem
1387 2332 1718 2397 declaravit,
1769 2338 1825 2384 et

236 2433 484 2487 eamdem
510 2429 897 2501 quodammodo
918 2430 1202 2483 actionem.
1230 2427 1369 2494 Ergo
1390 2433 1444 2478 et
1467 2424 1699 2492 Spiritus
1723 2423 1823 2476 Pa—

237 2527 471 2581 racletus
494 2566 510 2591 ,
542 2533 594 2578 et
639 2523 865 2592 Spiritus
912 2531 1127 2574 sanctus
1152 2560 1166 2584 ,
1214 2518 1352 2570 alius
1403 2516 1738 2579 Paracletus,
1771 2524 1826 2567 et

240 2617 358 2684 ipse
396 2631 426 2668 a
475 2623 622 2684 patre
655 2613 900 2666 mittitur.
949 2611 1105 2665 Jesus
1145 2624 1271 2677 ergo
1299 2608 1526 2676 Spiritus
1573 2613 1821 2660 sanctus:

243 2714 424 2760 motus
449 2706 589 2758 enim
615 2704 865 2773 Spiritus,
890 2703 1030 2755 unde
1051 2712 1102 2755 et
1121 2700 1351 2770 Spiritus
1381 2707 1572 2760 motus,
1599 2712 1662 2751 eo
1684 2696 1824 2765 quod

242 2797 474 2863 Spiritus
505 2794 683 2861 (Joan.
709 2810 798 2858 nl,
833 2793 920 2860 8):
968 2792 1143 2862 Spirat
1181 2791 1313 2842 enim
1354 2790 1436 2842 ubi
1462 2789 1581 2841 vult.
1619 2789 1683 2840 Et
1713 2788 1827 2852 ipse

246 2902 387 2942 nunc
417 2887 542 2940 dicit
567 2903 579 2937 :
611 2885 836 2954 Spiritus
861 2884 1102 2947 veritatis,
1129 2892 1180 2936 et
1207 2883 1275 2935 ita
1304 2882 1350 2934 ei
1378 2895 1570 2934 nomen
1603 2890 1678 2933 εει
1707 2879 1828 2946 Spi-

245 2979 379 3033 ritus
418 2985 659 3041 sanctns,
712 2975 939 3044 Spiritus
985 2975 1145 3026 etiam
1187 2971 1467 3035 Christus,
1519 2970 1746 3038 Spiritus
1775 2978 1828 3022 et

251 3071 421 3132 Deus,
452 3081 636 3122 omnes
666 3080 792 3134 ergo
831 3063 1078 3133 Spiritus.
1116 3063 1307 3117 Verum
1339 3062 1477 3114 Deus
1506 3060 1824 3114 substantia-

1922 1877 2059 1948 quod
2090 1877 2154 1930 ad
2186 1875 2454 1930 Christum
2513 1876 2739 1943 Spiritus
2783 1873 3044 1927 columba:
3092 1873 3281 1927 similis
3314 1874 3458 1925 venit
3483 1913 3496 1929 ,

1920 1976 1976 2021 et
2000 1967 2140 2035 quod
2171 1981 2308 2019 nunc
2355 1963 2584 2034 Spiritus
2616 1964 2856 2017 mittetur
2885 1978 2915 2014 a
2952 1973 3104 2032 patre
3124 2004 3137 2027 ,
3172 1973 3223 2016 et
3264 1961 3501 2014 mittetur

1923 2059 1987 2110 ad
2017 2067 2221 2126 patrem
2249 2098 2262 2120 ,
2294 2055 2508 2108 Christo
2554 2065 2711 2109 eunte
2739 2065 2792 2108 ει
2822 2064 3033 2122 petente
3064 2063 3120 2106 ut
3169 2051 3432 2104 mittatur:
3471 2064 3499 2101 a

1926 2159 2097 2202 morte
2128 2147 2268 2200 enim
2300 2146 2407 2198 vita
2457 2157 2741 2209 revocata,
2792 2153 2845 2198 et
2895 2143 3004 2198 vita
3052 2160 3155 2197 non
3205 2143 3315 2211 ipsa
3360 2140 3498 2204 vi'a,

1923 2239 2044 2308 quia
2074 2239 2227 2310 Λὸογος
2253 2249 2335 2291 εει
2359 2253 2369 2287 :
2406 2237 2516 2290 haec
2543 2236 2683 2289 enim
2710 2245 2933 2290 inertem
2967 2234 3170 2300 nescit,
3196 2232 3363 2302 magis
3390 2232 3504 2283 ha-c

1924 2329 2035 2399 ipsa
2069 2328 2314 2383 interﬁcit
2349 2340 2608 2392 mortem;
2656 2327 2748 2381 sed
2798 2327 2900 2379 \ita
2949 2341 3066 2393 qum
3099 2324 3150 2378 in
3200 2323 3502 2377 hominibus

1929 2419 2223 2474 resurrexit
2270 2435 2298 2472 a
2331 2427 2520 2471 morte.
2552 2417 2721 2483 Quam
2751 2417 2930 2485 utique
2982 2415 3152 2468 induit
3197 2412 3351 2466 simul
3380 2427 3500 2465 cum

1925 2526 2150 2579 corpore
2177 2552 2189 2574 ,
2221 2519 2273 2564 et
2300 2524 2416 2562 eam
2444 2508 2510 2560 al)
2556 2507 2763 2560 inferno
2789 2505 3094 2573 resumpsit.
3117 2504 3340 2572 Propter
3369 2503 3505 2554 hanc

1926 2600 2086 2669 igitur
2114 2596 2547 2652 sanctilicandam
2570 2637 2583 2659 ,
2620 2594 2850 2648 eundum
2897 2593 2994 2646 fuit
3024 2591 3088 2644 ad
3133 2599 3336 2659 patrem
3361 2631 3374 2650 ,
3409 2588 3503 2642 sed

1928 2688 2284 2758 corporaliter
2312 2687 2484 2755 adque
2530 2685 2845 2747 anintaliter,
2892 2683 2942 2734 id
2967 2691 3074 2745 est,
3123 2681 3174 2733 in
3207 2681 3258 2733 id
3287 2678 3424 2748 quod
3455 2679 3506 2730 in

1928 2797 1987 2836 se
2017 2790 2166 2850 pater
2198 2779 2365 2831 fuerat
2397 2773 2774 2843 penetrandum
2800 2770 3157 2842 potentialiter
3187 2779 3348 2838 atque
3394 2766 3506 2819 exi-

1929 2869 2282 2926 slentialitcr:
2320 2868 2420 2921 hoc
2449 2866 2607 2935 igitur
2637 2864 2794 2918 modo
2817 2863 2911 2915 ivit
2930 2861 2994 2914 ad
3024 2872 3247 2930 patrem.
3273 2857 3509 2926 Denique

1930 2977 2027 3016 nec
2045 2959 2299 3013 absentiae
2315 2968 2519 3025 tempus
2534 2955 2788 3018 edictum,
2803 2952 2896 3007 sed
2914 2959 3098 3006 contra
3111 2950 3308 3004 dictum
3325 2947 3505 3016 (Joan.

1928 3069 2016 3112 xx,
2041 3051 2186 3116 1,17,
2209 3050 2292 3115 18,
2317 3048 2400 3112 19,
2419 3046 2509 3112 20,
2524 3047 2616 3109 ‘27,
2633 3043 2745 3114 29),
2769 3041 2904 3112 quod
2925 3050 3080 3094 nocte
3098 3055 3216 3108 qua:
3233 3038 3508 3091 sabbatqu

245 3159 370 3214 liter
409 3157 668 3226 Spiritus:
719 3157 856 3209 inest
883 3155 1021 3209 enim
1065 3156 1118 3206 in
1146 3168 1212 3206 eo
1240 3151 1378 3221 quod
1424 3160 1507 3204 est
1537 3150 1828 3204 substantia
1856 3138 1899 3198 C
1933 3139 2173 3210 sequitur
2213 3136 2512 3206 apparuerit
2541 3133 2738 3195 Marte,
2772 3131 2916 3200 tangi
2943 3128 3169 3182 noluerit
3204 3126 3511 3194 priuSquam

250 3260 304 3304 ct
333 3257 541 3303 motus:
571 3247 654 3299 vel
681 3247 855 3314 potius
884 3246 1176 3299 substantia
1205 3245 1314 3310 ipsa
1339 3283 1352 3306 ,
1396 3242 1484 3310 qui
1515 3251 1589 3292 esl
1621 3251 1794 3293 moms
1819 3279 1834 3303 ,

255 3341 350 3396 sed
378 3343 428 3394 in
460 3355 517 3393 se
538 3354 757 3393 manens
781 3379 796 3402 ,
825 3345 880 3389 ut
908 3351 1048 3404 sarpe
1073 3336 1181 3404 jam
1208 3334 1439 3387 diximus
1459 3374 1471 3396 ,
1498 3342 1546 3385 et
1569 3331 1835 3385 retiuemli

255 3447 414 3486 causa
465 3446 607 3500 saepe
674 3438 1000 3498 repetemus.
1053 3435 1118 3482 Λῑ
1147 3442 1272 3480 vero
1319 3425 1475 3480 Jesus
1516 3432 1570 3478 ει
1610 3423 1837 3490 Spiritus

256 3532 472 3577 sanctus
521 3521 686 3574 motio
727 3534 852 3574 vere
875 3528 1015 3572 mota
1047 3518 1243 3580 motio;
1270 3515 1405 3568 unde
1435 3513 1564 3568 foris
1589 3526 1835 3582 operans,

258 3616 350 3671 sed
375 3615 531 3669 Jesus
561 3613 776 3682 spiritus
805 3622 1053 3680 apertus:
1088 3609 1282 3678 quippe
1309 3616 1361 3661 et
1397 3607 1448 3660 in
1489 3618 1680 3659 carne:
1716 3603 1838 3670 Spi-

259 3707 394 3760 ritus
423 3713 598 3757 autem
643 3711 856 3754 sanctus
897 3699 1174 3762 occultus;
1208 3697 1362 3750 Jesns
1392 3698 1585 3764 quippe
1625 3693 1713 3762 qui
1761 3694 1841 3744 in-

264 3794 585 3864 telligentias
617 3791 878 3857 infundat,
923 3806 1027 3844 non
1051 3789 1160 3858 jam
1200 3789 1286 3856 qui
1329 3788 1476 3855 signa
1529 3785 1722 3847 faciat,
1755 3792 1844 3835 aut

265 3902 361 3955 per
389 3884 667 3954 parabolas
698 3885 941 3950 loquatur
974 3882 1143 3948 ipsinn
1176 3894 1231 3932 se
1263 3892 1382 3932 esse
1406 3917 1420 3942 ,
1446 3877 1559 3943 ipse
1582 3875 1660 3930 sic
1688 3874 1845 3927 docet

272 3976 447 4045 (Joan.
484 3991 595 4039 xw,
628 3972 745 4044 18):
783 3972 901 4026 Non
932 3988 1017 4025 vos
1040 3972 1289 4024 dimittam
1332 3969 1586 4036 orphanos
1607 4010 1620 4030 ,
1653 3967 1846 4019 veniam

269 4069 334 4120 ad
368 4084 473 4121 vos.
502 4067 618 4136 Ipse
645 4075 819 4119 autem
850 4065 901 4117 in
943 4064 1143 4132 Spiritu
1183 4070 1368 4115 sancto
1411 4074 1530 4114 esse
1584 4059 1847 4111 occultum

272 4161 348 4214 sic
369 4159 528 4211 docet
555 4155 742 4224 (Ibid.,
775 4156 864 4222 19)
886 4172 897 4205 :
919 4153 1144 4206 Mundus
1169 4168 1246 4203 me
1267 4152 1374 4217 iam
1399 4165 1499 4202 non
1532 4148 1735 4212 videbit,
1765 4163 1850 4200 vos

273 4259 439 4302 autem
460 4246 686 4300 videbitis
708 4261 784 4297 me
805 4286 819 4309 ,
844 4244 1082 4314 quoniam
1103 4243 1211 4294 vivo
1232 4256 1323 4309 ego
1347 4249 1394 4293 et
1419 4255 1504 4293 vos
1528 4239 1715 4291 vivetis.
1742 4236 1853 4291 Hoc

274 4343 435 4397 etiam
462 4349 645 4393 sancto
674 4337 890 4406 Spiritui
919 4334 1097 4388 datum
1124 4332 1309 4405 (Ibid.,
1360 4331 1480 4399 16):
1512 4340 1568 4383 ut
1595 4345 1743 4399 penes
1768 4343 1854 4381 vos

274 4437 338 4488 sit
366 4435 420 4486 in
451 4442 690 4485 (uernum
713 4429 939 4500 Spiritus
969 4427 1212 4480 veritatis.
1233 4424 1298 4478 Et
1327 4423 1394 4477 de
1421 4437 1478 4477 se
1506 4422 1634 4476 dixit
1665 4421 1851 4493 (Ibid.,

1942 3233 2042 3285 iret
2094 3229 2157 3283 ad
2191 3238 2420 3298 patrem:
2457 3224 2717 3278 nuntiavit
2766 3222 2927 3276 Maria
2971 3218 3286 3286 discipulis:
3329 3216 3513 3270 eadem

1941 3332 2100 3376 nocte
2126 3319 2189 3372 ad
2215 3319 2355 3388 ipsos
2379 3316 2520 3370 venit
2549 3313 2837 3368 ostendens
2869 3325 3056 3364 manus
3077 3319 3130 3363 ct
3149 3310 3316 3372 latus,
3336 3305 3518 3373 utique

1944 3412 2209 3482 tangijam
2245 3424 2347 3463 non
2374 3407 2680 3478 prohibens.
2716 3405 2840 3457 Post
2871 3404 3102 3455 Thomas
3119 3397 3371 3469 palpavit,
3396 3396 3514 3448 teti-

1941 3505 2036 3573 git,
2069 3504 2186 3572 ipso
2209 3500 2420 3571 quidem
2445 3499 2712 3562 hortante,
2741 3494 2860 3564 quia
2890 3493 2980 3546 ille
3002 3490 3340 3557 desperabat,
3376 3487 3516 3554 quod

1942 3596 2203 3666 signiﬁcat
2231 3591 2615 3647 sanctiﬁcatum
2641 3589 2746 3656 jam
2793 3585 2974 3639 fuisse.
3003 3583 3171 3648 Quam
3200 3594 3327 3648 ergo
3351 3579 3518 3632 breve

1945 3688 2048 3740 hoc
2076 3696 2282 3752 tempus
2306 3692 2417 3747 est,
2449 3679 2541 3734 sed
2581 3686 2794 3747 propter
2828 3673 3138 3746 mysterium
3171 3671 3404 3724 dictum:
3439 3668 3520 3719 ibo

1946 3779 2012 3829 ad
2045 3776 2285 3828 Patrem:
2318 3788 2437 3826 nam
2465 3786 2583 3824 cum
2613 3769 2725 3839 ipse
2752 3768 2803 3821 in
2834 3776 2982 3836 patre
3003 3806 3017 3827 ,
3051 3773 3105 3816 et
3132 3761 3185 3814 in
3234 3761 3348 3828 ipso
3376 3767 3525 3826 pater

1948 3869 2048 3932 sit,
2077 3885 2180 3937 quo
2206 3865 2344 3919 ihit?
2374 3863 2574 3917 Eodem
2600 3877 2727 3929 ergo
2759 3856 3045 3928 mysterio:
3077 3871 3222 3922 quem
3249 3853 3386 3905 vobis
3409 3851 3524 3900 mit-

1950 3961 2005 4012 tit
2035 3958 2212 4020 Pater,
2243 3955 2362 4024 quia
2421 3962 2571 4021 pater
2598 3949 2775 4013 tnittit,
2806 3963 2922 4001 cum
2951 3943 3195 3998 Christus
3223 3940 3400 3994 mittit.
3428 3941 3527 3992 De-

1951 4050 2109 4118 nique
2154 4047 2231 4100 sic
2278 4045 2380 4098 ait:
2427 4043 2584 4095 Mittit
2618 4041 2771 4093 Pater
2817 4039 2866 4090 in
2896 4036 3096 4087 nomine
3142 4047 3287 4098 meo,
3322 4029 3373 4082 id
3405 4038 3526 4093 εει,

1953 4155 2050 4208 pro
2079 4153 2165 4192 me
2189 4154 2201 4188 :
2233 4147 2322 4188 aut
2348 4136 2399 4186 in
2425 4133 2623 4186 nomine
2651 4146 2759 4182 meo
2777 4168 2793 4192 ,
2820 4126 3070 4197 quoniam
3103 4122 3321 4192 spiritus
3347 4118 3530 4173 Chris-

1954 4239 2069 4292 tus,
2101 4238 2151 4282 et
2201 4226 2313 4295 ipse
2344 4223 2571 4294 Spiritus
2600 4230 2850 4280 sanctus;
2900 4226 2988 4269 aut
3035 4215 3086 4268 in
3130 4215 3332 4267 nomine
3379 4226 3525 4274 meo,

1956 4321 2079 4391 quia
2108 4318 2338 4389 Spiritus
2363 4325 2577 4370 sanctus
2600 4314 2714 4382 ipse
2745 4311 2812 4365 de
2836 4308 3047 4364 Christo
3072 4304 3431 4362 testimonium
3458 4302 3533 4356 fe-

1959 4423 2056 4475 ret,
2075 4412 2150 4466 sic
2164 4411 2304 4465 enim
2322 4409 2517 4462 dictqu
2538 4406 2719 4478 (Joan.
2740 4419 2826 4465 xv,
2845 4398 2939 4469 26)
2961 4417 2971 4450 :
2991 4397 3013 4450 I
3023 4395 3436 4451 ltetestimoniam
3455 4393 3534 4444 di-

572 4481 698 4576 vsum
727 4481 945 4574 veritas.
983 4518 1181 4573 Deinde
1235 4515 1430 4584 adjecit
1475 4513 1636 4585 (Ibid.
1657 4481 1681 4578 ,‘
1727 4512 1814 4574 19)
1882 4509 1936 4568 D
1960 4505 2025 4557 cit
2046 4504 2106 4555 de
2129 4499 2500 4566 me.Qnisille?
2516 4511 2661 4566 quem
2681 4493 2817 4546 vobis
2837 4507 2927 4561 ego
2944 4487 3339 4542 mittoaPatre:
3367 4481 3536 4552 juncti

282 4619 445 4684 Quem
476 4615 690 4667 mundus
708 4629 807 4666 non
831 4619 992 4680 potest
1018 4609 1204 4663 videre.
1231 4607 1295 4660 Et
1315 4605 1381 4660 de
1403 4619 1460 4658 se
1482 4603 1613 4657 dixit
1636 4601 1823 4673 (Ibid.)
1845 4617 1857 4654 :

281 4709 402 4763 Jam
432 4723 509 4760 me
548 4706 765 4758 mundus
795 4720 895 4756 non
940 4701 1142 4755 videbit.
1181 4699 1382 4753 Deinde
1428 4695 1623 4764 adjecit
1651 4693 1814 4762 (Ibid.
1843 4735 1858 4757 ,

285 4803 372 4871 17)
395 4818 409 4855 :
439 4799 690 4864 Quoniam
714 4797 877 4866 ipsum
900 4811 997 4847 non
1025 4792 1155 4845 videt
1180 4832 1194 4855 ,
1220 4804 1377 4859 neque
1398 4787 1650 4857 cognoscit
1674 4787 1859 4855 ipsum.

285 4891 393 4946 Sed
419 4900 472 4945 et
500 4888 767 4943 Christum
800 4899 956 4939 nemo
984 4883 1229 4953 cognovit
1253 4879 1430 4952 (Joan.
1456 4895 1471 4932 ι
1493 4919 1507 4943 ,
1533 4877 1648 4947 ll):
1685 4877 1748 4930 In
1772 4893 1865 4929 sua

286 4987 417 5038 venit
449 4991 493 5034 et
514 4979 731 5033 mundus
755 4993 864 5031 eum
893 4991 995 5029 non
1016 4974 1266 5044 cognovit.
1290 4969 1501 5039 Adjecit
1530 4967 1704 5038 (Joan.
1739 4983 1828 5021 ιιι*
1849 5008 1864 5033 ,

290 5072 417 5145 I7):
455 5070 555 5123 Vos
580 5068 889 5139 cognoscetis
928 5067 1093 5132 ipsum
1113 5106 1126 5128 ,
1157 5063 1392 5129 quoniam
1425 5069 1590 5112 manet
1614 5060 1666 5111 in
1692 5059 1826 5112 vobis
1852 5099 1868 5125 ,

292 5173 336 5216 et
364 5165 420 5215 in
445 5160 582 5213 vobis
612 5163 708 5212 est?
734 5157 932 5225 Etipsc
961 5153 1027 5207 de
1067 5168 1125 5207 se
1156 5153 1224 5205 ita
1258 5150 1436 5220 (Joan.
1474 5164 1587 5212 xw,
1616 5147 1700 5216 19)
1725 5166 1734 5200 :
1769 5147 1870 5200 Vos

294 5252 523 5306 videbitis
544 5265 642 5302 me.
678 5248 741 5302 Et
765 5246 1012 5314 quoniam
1038 5243 1281 5297 Christus
1316 5240 1422 5294 vita
1446 5247 1528 5293 est
1551 5279 1564 5302 ,
1600 5237 1664 5290 de
1696 5252 1753 5291 se
1778 5235 1871 5289 ad-

291 5344 469 5416 junxit
508 5341 731 5413 (Ibid):
765 5339 1016 5404 Quoniam
1062 5350 1155 5405 ego
1205 5333 1343 5396 vivo,
1399 5341 1443 5384 et
1472 5346 1559 5383 vos
1585 5329 1774 5382 vivetis.
1806 5327 1874 5381 Et

300 5441 420 5508 quia
472 5434 702 5504 Spiritus
747 5440 961 5484 sanctus
990 5424 1339 5495 intelligentia
1376 5433 1456 5477 est
1479 5464 1494 5490 ,
1527 5431 1748 5489 utroque
1777 5436 1871 5474 au-

304 5539 407 5582 tem
440 5523 667 5579 mundus
719 5521 833 5591 ipse
878 5528 1059 5582 caret,
1111 5517 1232 5572 ideo
1275 5514 1469 5583 adjecit
1518 5511 1681 5581 (Ibid.
1710 5551 1724 5576 ,
1757 5511 1878 5580 i7):

308 5619 560 5686 Quoniam
585 5615 726 5686 apud
751 5630 836 5668 vos
861 5620 1061 5678 manet,
1086 5621 1133 5664 et
1161 5611 1216 5663 in
1241 5607 1377 5663 vobis
1407 5616 1498 5660 est.
1528 5605 1681 5660 Unde
1706 5613 1881 5658 autem

309 5720 399 5767 aut
421 5719 503 5765 est
531 5709 587 5762 in
638 5705 746 5760 illis
769 5747 784 5773 ,
811 5712 902 5758 aut
935 5702 1044 5771 jam
1092 5709 1272 5757 manet
1297 5697 1528 5768 Spiritus
1555 5703 1772 5750 sanctus
1796 5735 1810 5758 ,
1840 5691 1887 5746 si

1961 4612 2087 4665 ergo
2112 4608 2324 4648 omnes:
2364 4605 2462 4657 ego
2492 4588 2644 4642 mitto
2664 4630 2678 4652 ,
2707 4602 2733 4638 a
2768 4597 2915 4655 patre
2943 4581 3096 4635 mitto
3117 4620 3131 4643 ,
3164 4575 3419 4647 Spiritum
3447 4588 3540 4626 ve-

1961 4687 2134 4742 ritatis
2177 4685 2364 4739 mitto:
2398 4681 2604 4736 medius
2631 4694 2756 4748 ergo
2787 4679 2940 4747 Λόγος
2961 4717 2974 4739 ,
3012 4673 3066 4726 id
3094 4679 3207 4734 est,
3243 4669 3394 4723 Jesns
3426 4667 3541 4735 ipse

1966 4777 2159 4841 mittit;
2189 4784 2364 4829 motus
2393 4772 2534 4826 enim
2566 4767 2875 4838 principalis
2897 4762 3316 4829 universalisque
3346 4759 3434 4828 qui
3465 4759 3544 4811 xi-

1966 4869 2086 4923 talis
2113 4882 2172 4921 ac
2199 4866 2304 4918 vita
2328 4870 2413 4920 est
2435 4904 2449 4927 ,
2481 4861 2639 4915 mittit
2670 4856 3033 4926 intelligentiae
3064 4864 3264 4908 motum
3288 4892 3300 4910 .
3336 4849 3424 4918 qui
3465 4848 3543 4901 si-

1967 4959 2077 5014 cuti
2104 4956 2285 5011 docuit
2311 4998 2323 5018 ,
2365 4970 2431 5009 ex
2460 4953 2565 5005 vita
2609 4960 2765 5020 atque
2795 4949 2910 5018 ipsa
2935 4946 3039 4999 vita
3071 4953 3183 4998 est:
3217 4942 3355 4996 scire
3403 4939 3545 4991 enim

1967 5050 2095 5120 quid
2137 5049 2240 5114 sit,
2298 5048 2396 5100 hoc
2446 5054 2526 5099 εει
2556 5043 2767 5103 vivere,
2807 5040 2908 5094 hoc
2936 5048 3019 5091 est
3064 5051 3200 5090 esse.
3235 5035 3345 5087 lloc
3371 5039 3547 5085 autem

1970 5159 2088 5199 esse
2119 5141 2241 5210 quid
2273 5151 2389 5204 cst,
2439 5152 2595 5206 quam
2643 5152 2705 5189 ex
2742 5133 2835 5188 Dei
2883 5129 3178 5186 substantia
3225 5141 3378 5186 esse,
3407 5122 3551 5194 quod

1972 5242 2053 5288 est
2074 5231 2326 5300 Spiritum
2350 5243 2469 5283 esse
2489 5230 2511 5280 Ἰ
2542 5225 2683 5280 unde
2709 5239 2807 5278 nos
2835 5221 3100 5290 spiritales
3129 5219 3390 5273 efﬁcimur
3415 5257 3429 5280 ,
3462 5229 3555 5270 ac-

1973 5335 2129 5395 cepto
2172 5322 2370 5393 Spiritu
2402 5337 2428 5373 a
2457 5319 2670 5375 Christo
2689 5358 2703 5382 ,
2732 5324 2786 5371 et
2832 5314 2957 5367 hinc
2984 5321 3180 5367 arterna
3209 5309 3312 5362 vita
3337 5326 3348 5360 :
3385 5306 3554 5376 Spiri-

1977 5428 2059 5471 tus
2072 5432 2197 5485 ergo
2218 5413 2480 5482 appellata
2503 5421 2582 5465 est
2607 5409 2706 5461 ista
2723 5405 2975 5460 Trinitas.
3012 5403 3139 5456 Nam
3159 5401 3352 5455 dictum
3374 5397 3551 5468 (Joan.

1981 5525 2037 5562 tv
2063 5549 2078 5574 ,
2108 5507 2200 5577 24)
2224 5523 2236 5560 :
2264 5505 2400 5558 Deus
2426 5503 2638 5572 spiritus
2687 5510 2778 5553 est.
2807 5499 2936 5551 Item
2968 5495 3164 5550 dictum
3219 5509 3246 5545 a
3299 5489 3460 5544 Paulo
3489 5487 3558 5542 ad

1983 5597 2288 5653 Corinthios
2327 5592 2556 5649 secunda
2591 5589 2674 5660 (II
2726 5587 2843 5643 Cor.
2886 5602 2973 5654 tu,
3016 5585 3104 5655 17)
3142 5601 3154 5639 :
3192 5581 3438 5637 Dominus
3466 5594 3561 5634 att-

1991 5700 2088 5744 tem
2119 5688 2340 5757 Spiritus
2368 5695 2474 5740 est:
2501 5683 2587 5736 ubi
2607 5691 2773 5735 autem
2806 5679 3028 5749 Spiritus
3056 5675 3293 5740 Domini,
3315 5673 3384 5726 ibi
3420 5671 3568 5724 tiber-
