3950 6206
417 197 553 254 HM

1547 195 1732 250 MARII
1778 193 2114 249 VICTlllllNl
2154 193 2192 249 A
2205 194 2314 249 l-‘lll

3541 190 3661 244 Hi!

417 323 512 366 tas.
547 310 737 379 Utique
779 310 879 364 ista
903 309 970 363 de
998 308 1209 364 Christo
1231 349 1244 372 ,
1279 309 1393 378 ipse
1430 323 1556 363 vero
1582 308 1810 378 Spiritus
1842 323 1995 362 sauc—
2021 309 2070 368 Α
2098 306 2291 361 etenim
2324 306 2400 360 sic
2427 306 2626 360 dictum
2664 315 2776 360 est:
2825 308 3100 375 Sanctiﬁea
3133 323 3215 361 cos
3266 307 3317 359 iu
3349 303 3579 357 veritate.
3610 305 3660 356 tit

421 412 510 456 tus
537 401 708 454 dictus
733 441 746 465 ,
789 414 924 467 quos
954 399 1155 453 sanciat
1181 398 1426 464 Sanctos,
1455 397 1506 451 id
1537 407 1636 462 est,
1666 397 1889 452 Sanctos
1918 397 1996 451 Ia-

420 492 525 554 cit;
559 499 613 544 et
654 497 799 543 certe
829 489 940 559 ipse
965 498 1047 542 est
1094 487 1322 556 Spiritus
1355 488 1480 542 Dei:
1525 489 1700 542 dictus
1742 501 1824 542 ρει
1853 487 1994 542 enim

421 581 699 650 prudentia
722 621 736 641 .
770 579 1059 648 sapientia,
1113 580 1455 648 omniumque
1506 595 1682 634 rerum
1729 579 1953 634 scientia
1979 619 1992 643 ,

421 671 496 726 ita
524 672 663 726 enim
691 672 757 725 de
787 687 849 725 eo
869 671 1134 740 sultjungit
1160 670 1340 741 (Joau.
1376 686 1468 723 xvt
1490 711 1504 732 ,
1533 672 1719 739 8—10):
1751 669 1849 724 Ille
1881 687 2000 723 con-

423 768 585 818 vincet
616 765 856 817 ntundum
887 764 946 816 tle
975 773 1175 832 pet-cato
1197 804 1210 828 ,
1245 773 1288 815 et
1326 763 1387 814 de
1418 763 1649 831 justitia,
1679 771 1723 814 et
1753 762 1815 814 de
1846 762 1996 834 judi-

423 859 522 910 cio.
554 856 630 908 De
655 865 884 924 peccato,
918 853 1121 922 inquit,
1147 855 1385 922 quoniam
1426 855 1478 905 in
1517 868 1594 905 me
1632 869 1731 905 non
1754 854 1996 916 credunt,

426 951 514 1002 vel
544 948 682 1017 quod
718 947 821 1000 vita
855 946 927 999 sit
972 945 1214 1000 Christus
1242 986 1255 1010 ,
1286 945 1364 999 vel
1388 945 1527 1014 quod
1563 946 1654 1000 Dei
1711 946 1849 999 lilitts
1888 956 1941 999 et
1971 961 1998 1000 a

425 1039 534 1091 Deo
563 1037 759 1090 missus
779 1075 792 1098 ,
829 1045 882 1089 et
919 1034 1008 1104 qui
1040 1043 1254 1104 peccata
1279 1034 1528 1088 dimittat.
1584 1035 1659 1088 De
1674 1037 1876 1101 justitia
1904 1051 1999 1087 au-

426 1139 558 1190 tem,
589 1129 825 1197 quoniam
850 1128 917 1179 ad
949 1126 1148 1179 Patrem
1173 1143 1322 1195 pergo
1344 1143 1362 1178 :
1395 1134 1470 1178 tot
1497 1126 1636 1178 enim
1667 1125 1716 1177 irt
1749 1125 2002 1194 mysterio

427 1219 723 1289 passionis,
780 1217 901 1286 quia
930 1216 1085 1270 ﬁdem
1115 1218 1484 1270 mandatorum
1528 1216 1762 1270 set-Vatit
1800 1225 1854 1269 et
1899 1216 2001 1269 im-

431 1311 620 1379 plevit:
649 1309 840 1378 quippe
867 1324 984 1362 cum
1012 1308 1234 1373 dixerit,
1269 1323 1388 1360 cum
1419 1307 1564 1361 aliud
1605 1308 1762 1360 rellet
1787 1307 1997 1377 (.llattlt.

432 1418 591 1465 sim,
626 1399 745 1470 4‘2):
792 1399 911 1452 Fiat
940 1400 1169 1452 voluntas
1207 1410 1311 1451 tua.
1343 1399 1577 1467 Itemque
1603 1399 1722 1469 quia
1772 1398 2004 1453 monitos

429 1492 802 1558 derelinquens
826 1531 839 1554 ,
860 1491 966 1558 jam
995 1506 1098 1542 ttort
1133 1490 1205 1542 ita
1230 1489 1486 1543 videndus
1516 1490 2004 1558 Γειίηίιιιρι›ειι,]υδο

431 1583 561 1637 titia:
593 1582 690 1636 fuit
710 1624 723 1647 ,
754 1581 818 1634 iis
857 1580 989 1633 actis
1015 1580 1260 1634 omnibus
1292 1580 1368 1635 ire
1400 1581 1463 1634 ad
1519 1589 1718 1649 patrem
1740 1621 1753 1644 ,
1801 1596 1898 1634 nec
1927 1581 2004 1636 ire

2104 397 2298 451 veritas
2325 396 2565 451 Christus
2593 407 2702 463 est;
2753 399 3052 454 Paraclettts
3093 399 3251 451 ctiam
3307 396 3544 466 Spiritus
3594 405 3662 447 est

2099 490 2371 544 veritatis:
2404 505 2531 559 ergo
2561 491 2732 544 omnis
2783 493 2868 561 qui
2917 491 3230 558 baptizatur,
3287 499 3339 542 ct
3366 486 3592 542 credere
3614 502 3662 539 se

2099 579 2255 643 dit-it,
2302 590 2356 634 ct
2402 581 2554 633 [idem
2596 581 2788 647 accipit
2830 580 3098 645 veritatis,
3151 579 3202 632 id
3249 590 3360 641 est,
3419 577 3660 644 Spiritunt

2100 681 2377 734 sanctum,
2407 672 2568 739 litquc
2611 671 2840 724 sanctior
2870 685 2897 721 a
2942 670 3141 739 Spiritu
3179 677 3365 722 sancto
3395 711 3407 732 ,
3457 675 3513 718 ct
3557 666 3663 718 ideo

2101 759 2297 813 dictum
2331 761 2382 813 in
2429 759 2572 813 Actis
2604 761 2975 828 Apostolorum
3009 763 3140 816 (Act.
3181 777 3228 823 ι,
3281 758 3372 827 8):
3410 757 3519 812 Sed
3547 758 3665 808 acci-

2102 850 2246 920 pietis
2275 851 2525 914 virtutem,
2555 852 2847 904 adveniente
2891 853 2941 903 in
2973 867 3054 902 ros
3100 851 3296 919 Spiritu
3325 858 3526 902 sancto.
3559 846 3664 900 Non

2103 941 2168 994 ad
2207 940 2712 1006 satrctil‘tmtioncm,
2765 943 2855 996 sed
2908 941 3216 1000 scientiam,
3264 950 3317 993 et
3366 939 3432 992 ad
3465 953 3529 993 ea
3559 953 3667 1006 qua:

2103 1030 2347 1100 promisit
2376 1031 2426 1084 in
2456 1032 2739 1100 Evangelio
2783 1030 3022 1086 Christus
3048 1033 3113 1085 dc
3138 1031 3336 1101 Spiritu
3364 1039 3553 1084 sancto
3575 1072 3588 1093 ,
3621 1029 3669 1080 id

2103 1132 2184 1175 est
2205 1163 2219 1187 ,
2248 1120 2314 1175 de
2341 1122 2633 1176 Paracleto.
2655 1121 2888 1176 Primum
2912 1131 2967 1175 ιιι
2989 1122 3345 1176 ιεειίιηοιιὶιιηι
3367 1123 3436 1175 de
3465 1120 3670 1175 Christo

2105 1213 2279 1278 dicat,
2314 1215 2390 1269 sic
2417 1215 2557 1270 enim
2587 1215 2696 1268 ait:
2726 1215 2992 1286 Accipietis
3018 1217 3260 1280 virtutem,
3304 1216 3599 1268 adveniente
3623 1215 3670 1265 in

2105 1321 2190 1358 vos
2223 1306 2418 1371 Spiritu
2447 1317 2621 1359 sancto
2641 1348 2656 1372 ,
2710 1317 2755 1360 et
2786 1308 2920 1360 eritis
2953 1308 3071 1360 mihi
3103 1318 3246 1360 testes
3271 1308 3322 1359 in
3364 1306 3669 1359 Jerusalem.

2107 1396 2211 1451 Sed
2241 1407 2294 1450 et
2320 1397 2489 1451 Lucas
2516 1397 2642 1450 dit-it
2675 1397 2884 1468 (Joaun.
2914 1413 2984 1451 νη
3005 1440 3016 1461 ,
3044 1397 3132 1466 59)
3161 1416 3172 1450 :
3204 1395 3452 1450 Nondum
3478 1397 3671 1463 quidem

2107 1489 2258 1542 misso
2294 1488 2512 1559 Spiritu.
2546 1489 2661 1543 Jam
2696 1501 2870 1544 tamen
2919 1490 3272 1544 te5timonium
3299 1491 3450 1543 dicit.
3486 1490 3674 1542 Paulus

2108 1589 2284 1635 tamen
2314 1580 2368 1634 iu
2395 1582 2642 1634 onmibus
2668 1581 2904 1651 epistolis
2933 1584 3042 1637 suis
3066 1583 3188 1652 quid
3218 1582 3358 1635 aliud
3387 1583 3533 1650 agit,
3578 1580 3672 1632 nisi

433 1674 498 1727 ad
525 1684 723 1742 patrem
773 1681 1003 1734 tantum,
1034 1672 1126 1724 sed
1154 1687 1272 1724 eum
1307 1671 1397 1724 illo
1425 1671 1532 1739 jam
1565 1686 1713 1725 esse:
1745 1671 1874 1724 Nam
1921 1671 2002 1724 id-
2039 1671 2080 1728 Β
2109 1671 2177 1725 de
2206 1672 2422 1725 Christo
2473 1672 2834 1728 testimonium
2889 1673 3048 1726 dicit?
3101 1683 3155 1727 ct
3203 1684 3323 1741 post
3374 1674 3672 1726 abscessum

433 1762 578 1816 circo
604 1761 798 1814 dicitur
825 1759 982 1830 (Ibid.
1013 1801 1026 1824 ,
1069 1759 1188 1828 64):
1243 1761 1395 1813 Sedet
1419 1761 1485 1813 ad
1527 1762 1783 1813 dexteram
1816 1759 2006 1815 Patris.

431 1852 510 1906 De
528 1855 761 1924 judicio:
806 1855 1046 1922 quoniam
1085 1853 1316 1921 princeps
1362 1854 1514 1923 huius
1544 1854 1718 1906 mundi
1755 1853 2010 1921 iudicatus

431 1956 535 1998 est:
570 1944 826 2015 mysterio
856 1944 994 1999 enim
1027 1945 1198 1998 crucis
1224 1961 1411 2000 omnes
1436 1946 1670 2000 adversa:
1701 1945 1912 1999 Christo
1945 1947 2010 1997 ah

431 2037 622 2091 eodem
663 2036 876 2090 Christo
921 2036 1256 2105 triumphata:
1304 2048 1427 2092 sunt
1479 2049 1784 2107 potestates.
1840 2038 2008 2104 IItec,

432 2126 632 2195 inquit,
664 2126 856 2179 docebit
883 2126 1107 2193 Spiritus
1133 2138 1356 2181 sanctus.
1381 2127 1516 2195 Quid
1557 2128 1808 2198 eligitur?
1835 2128 1908 2181 De
1929 2144 2012 2181 sa-

431 2216 543 2269 lute
575 2216 883 2284 mysterium
910 2216 1215 2270 Paracletus
1237 2219 1504 2286 complet,
1532 2228 1586 2271 et
1615 2233 1718 2272 non
1751 2220 2010 2287 completa

435 2305 679 2360 Christus
708 2305 965 2360 abscidit:
996 2309 1075 2361 An
1112 2307 1233 2376 quia
1265 2307 1404 2360 idem
1447 2308 1559 2377 ipse
1583 2306 1825 2362 Christus
1850 2320 1929 2362 est
1961 2319 2014 2363 et

435 2398 666 2466 Spiritus
693 2410 936 2463 sancuts,
984 2399 1066 2452 vel
1097 2398 1214 2467 quia
1249 2397 1363 2465 ipse
1390 2415 1509 2451 eum
1542 2399 1732 2461 mittit,
1767 2400 1845 2452 vel
1889 2399 2009 2468 quia

437 2486 665 2554 Spiritus
719 2486 878 2540 habet
928 2487 1106 2541 omnia
1157 2487 1387 2541 Christi?
1439 2487 1608 2541 Habet
1653 2489 1864 2554 omnia,
1921 2504 2014 2558 per

437 2577 706 2633 Christum
733 2579 1052 2635 celebratur.

513 2668 648 2722 XVI.
683 2669 748 2722 Et
780 2679 953 2724 tamen
983 2670 1254 2724 videamus
1297 2669 1422 2740 quid
1453 2681 1664 2726 acturus
1691 2680 1811 2736 est,
1842 2671 2011 2740 Spit-i-

440 2768 527 2814 tus
568 2758 842 2812 scientiam
888 2759 1107 2812 daturus
1146 2768 1452 2828 gestorum,
1498 2770 1548 2816 et
1601 2761 2012 2815 insinuationem

444 2850 714 2917 scientiae,
742 2850 894 2920 quasi
922 2849 1026 2903 vim
1061 2851 1381 2916 testimonii,
1427 2867 1489 2906 ac
1517 2854 1684 2922 magis
1707 2853 1892 2921 judicii
1923 2854 2015 2905 ha-

444 2944 650 2999 biturus
670 2983 685 3005 .
718 2943 801 2997 vel
827 2943 891 2996 ad
916 2943 1278 3012 paenitentiam
1311 2945 1394 2997 vel
1422 2944 1484 2997 ad
1515 2959 1760 3012 ptBttam;
1808 2946 1870 2997 de
1895 2961 2012 3013 pec-

2109 1761 2308 1816 Cltristi
2329 1805 2342 1828 ,
2366 1763 2510 1818 solus
2536 1762 2806 1817 Christum
2843 1764 2973 1817 vidit
2997 1773 3048 1817 et
3087 1764 3187 1816 soli
3216 1764 3479 1832 apparuit.
3520 1761 3675 1827 Spiri-

2113 1861 2194 1903 tus
2249 1867 2376 1920 ergo
2431 1869 2522 1920 per
2566 1853 2865 1917 Christum,
2919 1853 3242 1907 ctClnistus
3289 1870 3382 1921 per
3432 1853 3672 1920 Spiritum

2110 1953 2348 1996 sanctum
2381 1942 2567 1995 adfuit.
2620 1945 2747 1997 item
2778 1945 2844 1997 dit
2865 1945 2904 1998 it
2953 1945 3312 1999 tesrimotrium
3363 1944 3595 1999 Joannes
3629 1957 3679 1998 rt

2111 2032 2302 2087 Petrus
2357 2033 2403 2101 (I
2439 2033 2594 2086 Joan.
2637 2051 2682 2100 t,
2718 2035 2814 2105 1):
2853 2036 2998 2102 Quod
3037 2037 3344 2101 audivimus,
3393 2037 3530 2104 quod
3558 2038 3674 2089 vidi-

2114 2142 2224 2178 mus
2246 2166 2260 2189 ,
2305 2125 2439 2192 quod
2464 2127 2800 2195 palpavimus.
2833 2129 2897 2181 Et
2947 2127 2996 2182 in
3049 2129 3196 2183 Actis
3232 2129 3604 2195 Apostolorum
3634 2139 3682 2182 tt

2115 2215 2257 2283 ipse,
2291 2223 2345 2268 et
2370 2214 2540 2269 Lucas
2570 2217 2659 2284 qui
2689 2217 2903 2285 scripsit
2928 2217 2995 2272 de
3035 2219 3099 2272 iis
3120 2261 3133 2283 ,
3163 2219 3228 2273 dc
3261 2219 3426 2272 David
3467 2219 3539 2272 ita
3564 2221 3628 2272 dit
3648 2221 3684 2272 it

2116 2304 2250 2374 (Act.
2282 2319 2316 2356 tt
2344 2345 2356 2369 ,
2388 2303 2579 2375 50-32)
2609 2321 2620 2356 :
2655 2304 2910 2374 Pmplteta
2959 2323 3068 2359 cum
3098 2318 3261 2373 esset,
3306 2320 3352 2361 et
3391 2311 3553 2361 sciens
3579 2312 3684 2376 quia

2108 2396 2447 2468 jurejurando
2481 2399 2704 2466 jurasset
2744 2397 2821 2450 illi
2868 2399 3032 2464 Deus;
3058 2416 3122 2452 ea:
3157 2404 3328 2469 fructu
3370 2404 3557 2453 ventris
3587 2403 3686 2469 ejus

2115 2486 2286 2540 sedere
2331 2503 2480 2555 super
2511 2489 2747 2541 thronum
2792 2491 2928 2543 illius
2948 2533 2961 2553 ,
2995 2493 3263 2560 providens
3304 2492 3506 2545 locutas
3534 2505 3601 2546 est
3631 2494 3687 2545 de

2115 2578 2481 2630 resurrectione
2507 2576 2728 2630 Christi:
2758 2581 2876 2647 quia
2907 2597 3062 2647 neque
3089 2581 3295 2632 relictus
3325 2592 3397 2634 est
3442 2582 3492 2632 in
3536 2583 3688 2648 infer-

2116 2683 2181 2720 no
2205 2707 2217 2731 ,
2243 2683 2399 2735 neque
2428 2683 2546 2720 caro
2577 2669 2685 2736 ejus
2715 2669 2833 2721 vidit
2861 2672 3246 2739 corruptionem.
3285 2669 3437 2723 IIunc
3465 2689 3583 2741 ergo
3606 2672 3688 2723 Je-

2117 2773 2228 2810 sunt
2256 2759 2570 2812 resuscitavit
2599 2758 2734 2811 Deus
2758 2799 2773 2824 ,
2825 2761 2973 2822 cuius
3000 2778 3089 2814 nos
3120 2777 3291 2814 omnes
3318 2771 3466 2815 testes
3496 2779 3686 2815 sumus.

2117 2846 2340 2913 Quando
2367 2847 2464 2901 ista
2494 2848 2675 2901 dicunt
2698 2848 2884 2918 (Ibid,
2903 2848 2956 2914 2,
2977 2849 3030 2917 li»)
3055 2867 3066 2902 :
3092 2849 3220 2902 Cum
3235 2851 3351 2919 jam
3382 2853 3553 2920 factus
3570 2861 3686 2904 esset

2118 2942 2180 2994 de
2207 2944 2329 2995 ctelo
2357 2959 2539 3006 sonus,
2585 2953 2630 2995 et
2653 2954 2889 3012 tanquam
2929 2944 2975 2995 vi
3011 2961 3192 3014 magna
3217 2985 3231 3005 ,
3281 2944 3513 3013 Spiritus
3539 2947 3688 3012 ferreh

443 3045 584 3098 cato,
637 3033 842 3102 inquit,
875 3035 1007 3101 quod
1035 3035 1086 3086 in
1130 3049 1207 3086 me
1251 3050 1351 3086 non
1398 3035 1734 3088 crediderunt.
1770 3034 1910 3103 Ergo
1961 3046 2017 3089 ut
2043 3029 2088 3090 C
2119 3043 2219 3097 tur,
2247 3035 2332 3101 qui
2374 3035 2578 3104 replevit
2605 3043 2758 3086 totam
2789 3035 3025 3100 domum,
3058 3045 3104 3088 et
3141 3034 3317 3103 repleti
3346 3047 3464 3088 sunt
3493 3035 3686 3104 Spiritu

443 3126 576 3180 sciat
603 3125 828 3179 mundus
871 3125 979 3194 jam
1009 3140 1219 3194 poenam
1248 3141 1417 3179 suam.
1451 3125 1529 3179 De
1567 3127 1769 3198 justitia
1812 3136 1975 3179 autem.
2003 3168 2016 3190 ,

442 3216 577 3284 quod
603 3217 669 3268 ad
697 3216 900 3269 Patrem
944 3216 1091 3269 vado.
1127 3217 1189 3268 Et
1219 3216 1317 3270 hoc
1341 3225 1513 3284 potest
1538 3232 1656 3271 esse
1684 3217 1750 3270 de
1798 3228 2017 3287 peccato

445 3306 586 3376 quod
639 3305 833 3373 injuste
862 3305 1101 3360 fecerunt
1165 3306 1255 3376 qui
1285 3322 1404 3360 eum
1437 3307 1490 3359 in
1535 3322 1746 3361 crucem
1791 3307 2019 3360 sustule-

448 3406 600 3460 runt,
629 3396 748 3465 quia
791 3410 852 3449 se
897 3394 1062 3448 lilium
1095 3396 1189 3449 Dei
1217 3397 1442 3450 dicebat.
1478 3397 1545 3450 Et
1575 3412 1714 3450 nunc
1744 3397 1912 3466 pergit
1950 3398 2016 3451 ad

449 3500 671 3558 patrem,
701 3488 838 3557 quod
869 3488 995 3542 item
1013 3489 1114 3542 erit
1141 3489 1398 3551 omnium,
1429 3489 1474 3543 si
1506 3490 1556 3543 iu
1587 3490 1747 3544 Deum
1776 3493 2014 3559 credant,

447 3589 504 3635 et
549 3579 741 3633 faciant
774 3579 1066 3649 Deijussa:
1123 3591 1177 3632 ut
1204 3590 1256 3633 et
1304 3579 1408 3648 ipsi
1436 3581 1500 3634 ad
1535 3593 1735 3650 patrem
1770 3595 2014 3650 pergant:

445 3674 800 3746 justillcantur
825 3674 988 3740 enim,
1020 3690 1137 3727 nam
1169 3675 1317 3738 (Gen.
1349 3691 1438 3737 xv,
1465 3675 1553 3744 6):
1581 3675 1834 3728 Abraham
1859 3678 2021 3730 credi-

450 3767 556 3831 dit,
579 3775 622 3819 et
644 3776 924 3834 reputatum
952 3776 1022 3819 est
1043 3768 1087 3818 ei
1107 3767 1173 3817 ad
1186 3767 1461 3837 justitiam.
1498 3767 1696 3821 Dciude
1722 3768 1783 3819 de
1795 3769 2017 3836 judicio,

447 3857 647 3925 inquit,
684 3858 818 3926 quod
847 3858 1078 3926 princeps
1115 3859 1292 3909 mundi
1333 3858 1594 3927 judicatus
1638 3858 1720 3909 sit.
1770 3857 1890 3910 Ilmc
1914 3902 1927 3922 ,
1965 3868 2021 3910 ttt

450 3951 705 4016 cernitur,
738 3965 842 4003 non
898 3949 962 4003 ad
1007 3950 1250 4014 salutem,
1279 3965 1396 4017 qua:
1436 3949 1544 4016 jam
1577 3965 1604 4001 a
1632 3947 1842 4001 Christo
1870 3963 2017 4002 com-

450 4042 587 4111 pleta
638 4050 751 4106 est,
784 4041 874 4095 sed
905 4040 1171 4111 pertinent
1221 4040 1284 4092 ad
1337 4041 1610 4094 scientiam
1643 4056 1816 4094 rerum
1847 4051 2020 4108 gesta-

447 4147 588 4186 rum.
631 4131 894 4186 Esteuim
950 4141 1098 4200 pater
1145 4130 1368 4199 loquens
1421 4130 1724 4194 silentium,
1777 4130 2020 4185 Christus

447 4237 552 4276 vox
575 4263 587 4285 ,
618 4220 922 4275 Paracletus
953 4235 1053 4273 vox
1083 4220 1249 4274 vocis.
1283 4221 1422 4287 Ergo
1453 4220 1682 4286 Spiritus
1714 4233 1926 4274 sancrus
1967 4221 2017 4274 iu

447 4313 552 4366 isto
589 4320 704 4363 actu
734 4310 865 4362 alter
889 4308 1191 4361 Paracletus
1213 4349 1227 4371 ,
1263 4308 1314 4360 in
1340 4308 1524 4361 salutis
1547 4307 1798 4376 mysterio
1825 4323 2020 4376 coope-

2120 3134 2325 3188 sancto,
2383 3134 2428 3176 et
2472 3135 2726 3192 creperum
2755 3124 2891 3189 loqui
2920 3126 3071 3177 variis
3125 3126 3329 3193 linguis.
3365 3126 3566 3181 Deinde
3610 3128 3686 3180 di-

2121 3225 2247 3270 cunt
2275 3214 2514 3285 Apostoli
2542 3215 2607 3270 de
2648 3227 2865 3285 peccato
2895 3217 3095 3280 mundi,
3130 3218 3268 3286 quod
3318 3234 3422 3271 non
3470 3219 3686 3273 credidit

2119 3306 2332 3360 Christo
2351 3348 2365 3370 ,
2391 3307 2443 3359 in
2471 3307 2616 3361 Actis
2663 3307 2731 3359 ita
2765 3305 2921 3374 (Ibid.
2945 3349 2960 3372 ,
2990 3306 3204 3376 92-24):
3238 3307 3382 3363 Sicut
3409 3325 3496 3361 vos
3515 3311 3648 3363 scitis
3667 3350 3682 3374 ,

2121 3396 2254 3448 [tunc
2279 3396 2473 3451 decreto
2500 3399 2706 3450 consilio
2737 3408 2781 3450 et
2828 3399 3140 3465 prwscientia
3169 3398 3269 3451 Dei
3318 3401 3562 3452 traditam
3602 3418 3686 3467 per

2122 3503 2301 3540 manus
2327 3488 2562 3540 scelestas
2581 3528 2596 3552 ,
2639 3497 2684 3540 et
2712 3487 2981 3555 suffrxistis
3006 3506 3118 3541 eum
3157 3492 3330 3554 cruci,
3363 3502 3408 3543 et
3440 3490 3683 3543 occidistis

2121 3595 2266 3648 quem
2288 3578 2423 3632 Deus
2442 3580 2718 3633 suscitavit.
2753 3580 2880 3632 item
2927 3579 2978 3632 in
3010 3580 3155 3634 Actis
3175 3581 3576 3650 Apostolorum,
3602 3597 3680 3636 re-

2123 3668 2324 3722 ferente
2355 3670 2513 3722 Petro
2540 3668 2700 3740 (Ibid.
2733 3669 2820 3739 54)
2850 3687 2864 3720 :
2897 3668 3061 3724 David
3088 3688 3186 3723 non
3209 3674 3494 3726 ascendisse
3517 3677 3567 3725 iu
3593 3690 3683 3726 cte-

2123 3760 2262 3823 lum,
2311 3761 2398 3813 sed
2426 3761 2614 3813 dixisse
2657 3761 2725 3812 ita
2765 3776 2782 3813 :
2815 3759 2958 3813 Dixit
2991 3760 3234 3815 Dominus
3275 3763 3489 3816 Domino
3541 3780 3677 3828 meo,

2120 3853 2237 3906 sede
2264 3853 2331 3904 ad
2357 3853 2634 3907 dexteram.
2661 3854 2769 3907 Iloc
2798 3853 2957 3905 etiam
2988 3853 3180 3907 Paulus
3206 3854 3342 3908 dixit
3370 3856 3543 3922 (Rom.
3575 3872 3678 3919 vm,

2122 3944 2244 4013 3i):
2282 3945 2379 4010 Qui
2408 3946 2709 4008 resurrexit,
2740 3947 2823 4014 qui
2867 3955 2936 3998 est
2967 3946 3017 3998 in
3043 3946 3250 3999 dextera
3275 3946 3389 4000 Dei.
3431 3949 3565 4016 Ergo
3594 3948 3680 4001 do—

2122 4044 2346 4087 cuerunt
2379 4035 2516 4103 quod
2567 4045 2685 4104 post
2732 4036 3173 4090 resurrectionem
3217 4038 3282 4089 ad
3323 4038 3533 4092 Patrem
3574 4039 3677 4094 ivit.

2125 4126 2264 4180 idem
2295 4143 2414 4180 mox
2447 4127 2638 4194 adjecit
2669 4125 2894 4198 (Ibid.):
2931 4129 3027 4193 Qui
3058 4141 3102 4180 'et
3151 4129 3433 4198 interpellat
3467 4130 3674 4183 Patrem.

2127 4220 2262 4287 Ergo
2291 4221 2335 4274 si
2361 4219 2603 4272 Christus
2635 4220 2932 4286 interpellat
2954 4260 2968 4283 ,
3016 4220 3317 4273 Par-aclettts
3364 4221 3521 4272 etiam
3553 4221 3673 4289 ipse.

2127 4307 2252 4363 lteru
2285 4309 2336 4362 in
2387 4310 2562 4373 Aetis,
2593 4311 2732 4379 quod
2777 4308 2841 4362 ad
2887 4322 3088 4377 patrem
3139 4307 3289 4373 ierit,
3331 4309 3676 4364 testimonium

447 4413 594 4457 rator
644 4411 700 4453 ttt
753 4399 994 4452 Christus
1024 4439 1038 4462 ,
1085 4397 1134 4449 in
1178 4396 1377 4463 Spiritu
1409 4412 1538 4450 vero
1579 4397 2015 4452 satrctilicatiOuis
2042 4396 2093 4454 D
2120 4415 2200 4457 cst
2228 4404 2361 4474 (Act.
2397 4421 2442 4466 ι,
2475 4405 2528 4468 9,
2570 4403 2691 4472 10):
2750 4401 3042 4456 Videntibus
3085 4402 3190 4453 illis
3219 4402 3435 4457 elevatus
3481 4415 3592 4457 est:
3637 4415 3677 4455 et

451 4493 589 4564 quod
623 4493 778 4546 Deus.
814 4490 868 4542 Si
899 4490 1058 4557 igitur
1087 4498 1138 4542 et
1169 4487 1268 4541 hoc
1292 4485 1450 4540 modo
1469 4485 1717 4540 Christus
1741 4488 1878 4557 quod
1910 4489 2017 4558 spi-

449 4589 600 4646 ritus.
622 4585 712 4638 sed
746 4586 877 4636 Deus
926 4581 976 4634 iu
1006 4579 1255 4650 mysterio
1281 4589 1492 4634 aeterna:
1519 4579 1638 4634 \ittn
1663 4579 1926 4645 Christus,
1963 4582 2012 4636 iu

450 4674 863 4730 sanct.ilicaai.-me
905 4671 1132 4740 Spiritus
1178 4681 1426 4733 sanctus,
1482 4671 1778 4724 sanctiﬁcat
1837 4682 2010 4726 autem

449 4768 588 4820 Deus
609 4807 623 4829 ,
650 4775 703 4816 ttt
729 4762 921 4814 tlictttm
957 4762 1167 4830 (Ioann.
1207 4776 1349 4824 xvtt,
1385 4761 1470 4833 l7)
1497 4780 1508 4814 :
1549 4762 1825 4829 Sancti/im
1850 4779 1933 4814 eos
1963 4764 2013 4815 in

447 4858 680 4916 veritate,
707 4853 839 4921 patri
864 4851 998 4904 titius
1019 4851 1171 4916 dicit,
1202 4867 1328 4920 ergo
1358 4853 1652 4906 sanctiticat
1679 4864 1847 4922 pater.
1887 4854 2008 4906 lletu

448 4946 686 5001 Christus
714 4943 1008 4997 sanctiﬁcat
1032 4982 1045 5003 ,
1094 4949 1148 4993 ut
1177 4941 1374 4996 dictum
1422 4941 1617 5014 (IbitL,
1652 4945 1778 5010 19):
1814 4944 1877 4996 Iit
1923 4963 2011 5014 pro

449 5039 510 5090 iis
536 5037 790 5104 sanctiﬁco
822 5052 898 5086 me
925 5035 1110 5104 ipsunt,
1138 5043 1189 5086 ut
1213 5033 1311 5086 sint
1340 5035 1432 5100 ipsi
1455 5036 1758 5101 sanctiﬁcati
1789 5037 1839 5087 in
1889 5039 2015 5088 veri-

447 5139 563 5184 tate.
595 5128 720 5181 [teut
752 5125 1044 5180 sanctilicat
1086 5124 1312 5194 Spiritus
1349 5135 1594 5189 sanctus,
1623 5141 1740 5179 nam
1770 5136 1824 5181 et
1849 5127 2018 5196 bapti-

444 5236 565 5274 z:tre
615 5217 678 5270 ad
727 5215 1195 5270 sanctil’icationem
1248 5215 1510 5285 pertinet:
1555 5215 1748 5269 dictum
1781 5232 1907 5286 ergo
1960 5217 2013 5272 in

446 5311 595 5370 Actis
642 5310 1010 5378 Apostolorum
1051 5307 1208 5377 (Act.
1248 5323 1294 5374 t,
1342 5307 1426 5378 5):
1471 5306 1696 5360 Joannes
1745 5307 2014 5375 baptizavit

446 5421 576 5474 aqua
594 5445 606 5468 ,
635 5419 720 5456 vos
739 5411 904 5453 autem
931 5400 1129 5470 Spiritu
1151 5409 1322 5453 sancto
1345 5399 1621 5471 tingemini.
1647 5399 1795 5467 Quod
1826 5416 2011 5471 super-

441 5495 578 5556 iud'tt
601 5510 660 5554 se
687 5492 791 5552 illis
818 5492 881 5548 ad
911 5491 1217 5546 scientiam:
1260 5505 1382 5544 nam
1404 5491 1512 5560 jam
1553 5490 1868 5546 sanctificati
1895 5492 2010 5548 l'ue-

437 5600 560 5646 runt
585 5587 1130 5659 baptismo,invocato
1157 5584 1267 5640 Deo
1291 5581 1539 5651 Christo;
1570 5581 1792 5654 Spiritui
1818 5593 2003 5641 sancto

2118 4497 2273 4550 nubes
2298 4497 2515 4563 suscepit
2541 4513 2654 4548 eum
2682 4497 2744 4547 ab
2785 4495 2942 4547 oculis
2973 4495 3195 4564 ipsorum
3220 4511 3237 4559 ;
3281 4512 3495 4564 cumque
3527 4498 3679 4549 intueb

2117 4600 2288 4642 rentur
2312 4599 2507 4640 euntem
2533 4588 2678 4639 illunt
2703 4586 2754 4638 iu
2782 4568 2992 4647 cwlttm,
3021 4593 3073 4637 et
3105 4585 3328 4654 reliqua.

2188 4677 2348 4732 XVII.
2383 4679 2525 4732 Dicta
2557 4687 2680 4731 sunt
2704 4678 2810 4744 jam
2844 4674 2941 4727 tria
2972 4674 3038 4728 de
3084 4675 3392 4731 testimonio
3425 4678 3476 4732 in
3510 4678 3679 4733 Chris-

2117 4779 2223 4823 tum
2247 4810 2261 4834 ,
2293 4769 2357 4822 de
2406 4776 2655 4836 peccato,
2684 4768 2750 4820 de
2773 4764 3010 4834 juStitia,
3047 4781 3186 4819 nunc
3232 4766 3299 4821 de
3348 4768 3567 4834 judicio.
3597 4769 3678 4825 Sic

2115 4875 2209 4930 per
2235 4858 2485 4927 Spiritum
2540 4868 2775 4912 sanctum
2808 4857 3011 4910 locutus
3058 4856 3251 4913 Paulus
3297 4859 3362 4911 ad
3414 4859 3678 4914 Romanos

2115 4949 2290 5018 (Rom.
2339 4967 2425 5004 xvr
2445 4991 2461 5018 ,
2489 4950 2582 5022 ΞΟ)
2608 4967 2621 5004 :
2652 4948 2788 5002 Deus
2831 4958 2998 5001 autem
3025 4951 3161 5018 pacis
3186 4961 3405 5004 conteret
3435 4953 3676 5006 Satanam

2115 5041 2204 5093 sub
2234 5040 2442 5109 pedibus
2491 5041 2663 5094 vestris
2691 5037 2940 5092 velociter.
2987 5037 3113 5092 item
3146 5039 3261 5108 ipse
3307 5040 3373 5093 ad
3423 5041 3676 5111 Ephesios

2119 5129 2330 5200 (Ep/tes.
2364 5147 2416 5186 tv
2440 5173 2455 5197 ,
2487 5130 2576 5202 8):
2615 5129 2712 5196 Qui
2751 5127 2975 5182 ascendit
3021 5129 3073 5182 in
3121 5130 3391 5184 altitudine
3435 5136 3675 5202 captivam

2119 5223 2263 5276 duxit
2283 5222 2636 5293 captivitatem.
2657 5219 2785 5274 Item
2806 5218 2856 5272 in
2882 5219 3198 5290 Apocalypsi
3223 5221 3336 5290 ipse
3351 5222 3481 5277 dixit
3499 5224 3670 5294 (Apoc.

2115 5328 2154 5378 ι,
2182 5312 2268 5382 18)
2292 5312 2385 5368 :Et
2415 5312 2572 5365 ltabeo
2591 5311 2752 5364 claves
2778 5310 2952 5363 mortis
2978 5320 3023 5362 et
3057 5311 3228 5380 inferi.
3252 5311 3377 5367 item
3394 5313 3467 5366 ibi
3494 5313 3668 5383 (Apoc.

2111 5418 2215 5468 ιιι,
2243 5403 2332 5472 7):
2365 5402 2430 5455 Et
2475 5407 2664 5473 factum
2691 5410 2762 5453 est
2803 5401 3033 5468 praelium
3061 5401 3113 5455 in
3153 5403 3308 5467 creto,
3367 5402 3590 5458 illicitae!
3631 5413 3672 5460 et

2106 5494 2274 5564 angeli
2298 5495 2406 5561 eius
2434 5494 2678 5548 bellarunt
2707 5492 2946 5546 adversus
2990 5493 3278 5547 draconem.
3318 5494 3388 5550 Et
3430 5505 3575 5553 totus
3602 5498 3670 5552 lo-

2103 5598 2197 5642 cus
2223 5584 2552 5640 demonstrat
2577 5582 2843 5640 diabolum
2867 5583 3176 5654 iudicatum.
3208 5581 3342 5641 Cum
3386 5585 3546 5657 igitur
3588 5601 3670 5659 ap-
