3950 6206
229 293 376 358 ΗΠ»

1337 283 1693 339 ADVERSUS
1733 279 1946 338 ARIUM
1986 281 2181 336 LIBER
2222 279 2306 335 IV.

3344 273 3479 330 HN

230 405 517 476 probatum
547 399 648 468 sit,
679 410 785 456 tres
839 401 964 454 istas
1013 398 1310 468 potentias,
1343 408 1396 451 et
1425 397 1716 460 communi,
1761 404 1813 450 et
1840 397 1889 455 Α
1916 409 2041 463 ergo
2081 395 2329 448 alterum.
2375 391 2479 448 Sed
2529 389 2794 461 quomodo
2832 388 3096 444 alterum?
3138 402 3262 443 cum
3305 387 3358 442 in
3414 401 3479 440 eo

231 493 456 564 proprio
486 503 608 547 actu
650 500 699 545 et
733 491 1025 546 substantia
1075 489 1296 552 eadem,
1345 489 1598 542 unitatem
1649 487 1815 542 deita-

235 593 456 653 temque
480 581 775 643 coniicere;
834 596 935 634 non
991 579 1107 633 sine
1157 579 1362 632 ratione
1401 594 1576 631 rerum
1628 577 1679 629 in
1710 575 1814 629 duo

236 671 346 730 ista
376 685 708 736 revocantur,
759 673 812 724 in
842 671 1031 725 Filium
1064 685 1125 724 ac
1173 670 1415 723 Patrem:
1449 667 1642 723 etenim
1693 682 1811 719 cum

237 768 397 839 quasi
423 767 663 838 geminus
695 766 806 833 ipse
833 765 988 818 Pater
1013 765 1111 828 sit,
1145 763 1425 819 existentia
1455 774 1502 815 et
1554 761 1690 814 actio
1715 801 1730 824 ,
1762 759 1813 813 id

237 871 362 924 est.
393 859 681 914 substantia
713 868 765 913 et
796 870 999 921 metus,
1031 858 1123 912 sed
1162 857 1302 910 intus
1335 866 1527 919 motus,
1556 851 1816 925 αὖτόγονος

239 961 424 1006 motus
444 992 457 1014 ,
485 960 538 1005 et
566 951 666 1003 hoc
707 949 849 1020 quod
880 949 1173 1002 substantia
1224 956 1306 1002 est
1336 958 1507 1000 motus
1526 987 1540 1010 ,
1574 959 1817 998 necessa-

241 1043 328 1099 rio
356 1053 408 1098 et
435 1043 600 1098 Filius
624 1084 637 1107 ,
686 1056 804 1097 cum
848 1042 917 1095 sit
946 1053 1120 1096 motus
1143 1083 1155 1105 ,
1186 1050 1239 1096 et
1291 1039 1555 1113 αὐτόγονος·
1605 1048 1813 1102 motus,

242 1133 434 1189 eadem
461 1132 751 1187 substantia
781 1141 890 1187 est:
921 1132 1104 1186 eadem
1133 1131 1274 1185 enim
1305 1131 1418 1185 haec
1445 1130 1581 1183 inter
1606 1144 1664 1182 se
1703 1129 1817 1181 sine

242 1223 622 1294 eonjunctione
649 1239 810 1278 unum
842 1232 1003 1286 sunt,
1051 1231 1103 1276 et
1131 1222 1246 1276 sine
1293 1220 1654 1292 geminatione
1691 1220 1818 1273 sim-

244 1315 403 1384 plex,
450 1329 546 1367 suo
577 1323 633 1368 nt
671 1314 887 1384 proprio
918 1313 1180 1368 cxistendi
1236 1328 1484 1379 versum,
1537 1312 1590 1365 vi
1643 1323 1816 1365 autem

245 1407 628 1475 potentiaque:
679 1404 799 1475 quia
851 1421 1116 1473 nunquam
1171 1404 1286 1457 sine
1338 1405 1502 1456 altero
1553 1404 1808 1466 alterum,

245 1511 413 1550 unum
444 1506 602 1565 alque
627 1495 764 1550 idem
797 1506 996 1548 tantum
1025 1505 1180 1558 actu;
1211 1495 1302 1548 sed
1331 1498 1420 1563 qui
1450 1495 1579 1548 foris
1606 1506 1689 1548 est
1717 1536 1731 1558 ,
1763 1495 1815 1546 in

246 1585 535 1656 passiones
587 1584 889 1651 incidente,
919 1585 1023 1638 alio
1078 1593 1251 1638 autem
1309 1585 1560 1638 interiore
1609 1598 1819 1651 semper

249 1684 508 1731 manente
534 1685 690 1744 atque
721 1684 920 1730 aeterno
946 1715 958 1737 ,
983 1676 1179 1744 quippe
1217 1676 1456 1744 originali
1487 1685 1540 1728 et
1569 1673 1815 1728 substan-

1920 487 2057 555 qnod
2090 486 2233 548 vivit,
2266 486 2370 537 vita
2410 485 2498 548 sit,
2527 492 2578 536 et
2604 484 2655 536 in
2685 497 2749 536 eo
2780 482 2919 552 quod
2953 482 3057 535 vita
3090 489 3192 546 est,
3221 481 3361 533 vivat
3387 493 3478 533 ne-

1917 591 2067 631 cesse
2092 586 2171 629 est
2202 595 2211 628 :
2245 591 2347 628 non
2373 576 2514 628 enim
2537 584 2681 628 caret
2707 573 2807 627 vita
2830 572 2969 642 quod
2995 572 3138 637 vivit,
3159 580 3249 625 aut
3273 586 3390 627 cum
3413 572 3481 625 sit

1918 669 2022 722 vita
2050 682 2152 721 non
2182 667 2307 722 vivit
2334 684 2348 719 :
2378 667 2599 721 alterum
2633 666 2794 735 igitur
2830 665 2882 718 in
2923 666 3111 726 altero,
3136 674 3188 717 et
3213 680 3277 718 ex
3303 663 3403 716 hoc
3428 664 3477 715 in

1918 758 2152 826 quolibet
2177 758 2346 810 altero
2371 757 2474 810 duo
2503 774 2515 812 ε
2545 765 2598 811 ει
2623 756 2667 809 si
2697 767 2751 809 ut
2782 755 2885 809 duo
2906 796 2919 820 ,
2953 769 3054 809 non
3093 764 3144 806 ut
3183 768 3311 821 pure
3351 753 3478 818 duo,

1920 847 2114 915 quippe
2135 861 2254 900 cum
2282 847 2503 900 alterum
2529 847 2580 899 in
2607 848 2796 912 altero,
2827 853 2880 900 et
2907 845 2956 899 id
2989 846 3040 899 in
3067 853 3311 914 utroque,
3341 843 3479 898 idem

1919 953 2066 1008 ergo.
2095 940 2196 993 Sed
2227 939 2366 994 idem
2395 939 2444 992 in
2471 938 2676 992 duobus
2706 948 2805 998 est.
2837 948 2891 992 et
2915 952 2944 990 a
2982 952 3039 991 se
3076 937 3210 990 alter
3239 954 3251 987 :
3285 935 3328 988 is
3356 949 3481 1004 ergo

1921 1042 1972 1084 et
2001 1030 2139 1084 idem
2165 1041 2263 1094 est,
2293 1040 2346 1086 et
2376 1033 2598 1086 alterum
2629 1031 2680 1082 in
2712 1030 2947 1097 quolibet
2975 1029 3163 1083 horum
3193 1027 3386 1097 aliquo.
3413 1028 3480 1080 At

1920 1122 1964 1174 si
2000 1123 2136 1176 idem
2173 1132 2272 1187 est,
2315 1131 2367 1176 et
2407 1123 2470 1175 ad
2516 1137 2573 1176 se
2620 1132 2900 1191 utrumque
2927 1120 3064 1175 idem
3095 1131 3147 1175 et
3176 1135 3335 1174 unum
3366 1127 3479 1182 est;

1920 1213 2191 1282 quodlibet
2235 1214 2376 1267 enim
2425 1213 2591 1267 altero
2621 1213 2880 1266 existente
2925 1211 3062 1280 quod
3093 1211 3317 1264 alterum
3370 1218 3478 1274 cst,

1922 1316 2164 1358 neutrum
2214 1317 2267 1358 ut
2314 1305 2614 1375 geminum;
2667 1319 2793 1373 ergo
2837 1304 2879 1357 si
2923 1312 3202 1372 utrumque
3242 1303 3341 1356 hoc
3369 1303 3482 1370 ipso

1921 1398 2191 1466 quodest,
2242 1407 2296 1451 ct
2348 1398 2569 1450 alterum
2625 1407 2725 1460 est,
2781 1398 2882 1450 erit
2927 1395 3062 1465 apud
3111 1410 3168 1449 se
3206 1403 3485 1462 utrumque

1923 1505 2112 1551 unum;
2143 1499 2196 1542 at
2217 1504 2334 1543 cum
2366 1497 2645 1555 ntrumipte
2673 1486 2808 1554 apud
2827 1501 2884 1540 se
2916 1502 3074 1540 unum
3099 1493 3181 1540 est
3203 1525 3217 1551 ,
3240 1484 3290 1538 in
3319 1485 3484 1538 altero

1923 1579 2059 1632 idem
2090 1595 2249 1632 unum
2276 1588 2358 1633 cst
2388 1597 2400 1631 :
2433 1590 2483 1632 at
2512 1593 2629 1632 cum
2660 1577 2796 1631 idem
2834 1593 2990 1630 unum
3023 1585 3134 1641 est,
3159 1590 3285 1630 vere
3326 1591 3485 1630 unum

1922 1682 2003 1725 est
2031 1683 2309 1740 utrumque
2333 1690 2344 1724 :
2371 1672 2513 1724 nullo
2553 1671 2695 1725 enim
2727 1681 3007 1739 utrumque
3030 1668 3212 1733 distat,
3235 1683 3331 1723 nec
3352 1667 3488 1722 exis-

249 1767 362 1820 tiali
387 1807 404 1832 ,
433 1775 488 1820 et
516 1765 713 1820 idcirco
749 1780 961 1834 semper
993 1774 1140 1835 patre
1167 1809 1179 1831 ,
1213 1782 1314 1835 qua
1342 1767 1743 1819 ratiocinatione
1768 1775 1820 1817 et
1851 1767 1898 1824 B
1927 1763 2066 1816 tendi
2093 1764 2304 1827 virtute,
2352 1776 2448 1815 nec
2480 1775 2745 1831 tempore,
2777 1761 3000 1814 fortasse
3020 1774 3197 1824 causa,
3219 1769 3272 1813 el
3299 1759 3398 1811 hoc
3413 1758 3492 1811 al.

249 1871 467 1926 semper
513 1855 639 1909 lilio.
694 1857 886 1910 Paulus
934 1858 984 1910 in
1028 1859 1273 1910 omnibus
1319 1858 1560 1925 epistolis
1588 1856 1727 1927 (Cat.
1780 1871 1818 1918 t,

254 1946 314 2016 1)
338 1964 350 1999 :
378 1943 555 1999 Gratia
582 1946 719 1999 vobis
772 1957 820 1999 et
872 1963 972 2014 pila:
1003 1964 1032 1998 α
1064 1945 1173 2000 Deo
1223 1945 1379 1999 Patre
1410 1957 1582 1999 nostro
1643 1958 1684 1999 ct
1717 1946 1823 1998 Do-

249 2037 392 2089 mino
436 2047 604 2090 nostro
643 2035 763 2090 Iesu
795 2035 1009 2090 Christo.
1051 2036 1179 2090 ltem
1211 2036 1386 2107 (Joan.
1439 2052 1467 2088 x
1494 2077 1506 2099 ,
1542 2036 1663 2102 50):
1703 2034 1820 2088 Non

251 2130 316 2182 ab
367 2131 680 2195 hominibus,
739 2146 894 2191 neque
919 2146 1007 2200 per
1059 2129 1343 2194 hominem,
1392 2129 1477 2180 sed
1519 2146 1606 2197 per
1649 2127 1822 2180 Jesum

253 2219 512 2274 Christum
550 2231 596 2275 et
642 2238 729 2292 per
774 2221 935 2274 Deum
985 2219 1209 2273 Patrem.
1265 2220 1392 2272 Item
1437 2221 1485 2271 in
1535 2218 1824 2286 Evangelia

255 2313 437 2380 (Joan.
470 2330 578 2376 xw,
612 2314 699 2384 9):
748 2315 857 2384 Ego
883 2324 927 2367 et
974 2313 1126 2368 Pater
1157 2329 1310 2365 unum
1357 2311 1527 2365 sumus
1573 2327 1589 2364 :

257 2407 446 2472 Patre,
479 2418 524 2460 et
556 2406 709 2460 Pater
735 2409 785 2459 in
809 2422 902 2458 me.

327 2497 514 2553 XVIII.
547 2497 652 2551 Nos
675 2512 885 2567 quoque
915 2506 1118 2564 patrem
1147 2503 1200 2549 et
1227 2495 1388 2548 lilium
1415 2494 1660 2561 religiose
1687 2507 1827 2546 scm-

264 2603 364 2659 per
393 2602 705 2656 usurpamus
725 2628 737 2651 ,
770 2597 822 2641 et
854 2595 1001 2640 recte
1031 2585 1322 2640 secundum
1353 2585 1608 2638 rationem
1636 2598 1824 2651 supra-

258 2680 490 2733 dictam:
533 2679 725 2733 etenim
768 2688 942 2732 motus
965 2719 979 2742 ,
1013 2686 1070 2731 ut
1116 2692 1273 2744 supra
1303 2677 1580 2730 docuimus
1603 2716 1618 2741 ,
1651 2675 1788 2728 lilins
1810 2714 1824 2738 ,

258 2778 421 2840 atque
476 2769 587 2838 ipse
639 2779 812 2823 motus
849 2770 949 2821 vita
995 2777 1048 2820 et
1099 2767 1358 2832 scientia,
1412 2766 1493 2819 vel
1548 2764 1825 2832 sapientia.

259 2863 419 2918 Certe
447 2862 637 2916 Paulus
677 2862 981 2930 plenissime
1009 2862 1269 2928 expressit
1295 2859 1434 2929 quod
1471 2858 1690 2926 intelligi
1736 2872 1830 2909 vo-

259 2954 456 3010 luimus
511 2954 552 3026 (l
602 2953 720 3006 Cor.
769 2968 814 3018 ι,
849 2952 913 3016 4,
951 2952 1046 3021 ὖ);
1094 2951 1297 3004 Gratias
1333 2967 1456 3020 ago.
1491 2951 1690 3018 inquit,
1724 2949 1831 2999 Deo

260 3062 373 3099 meo
398 3063 590 3117 semper
619 3062 706 3115 pro
732 3045 867 3098 vobis
897 3044 947 3096 in
978 3042 1174 3097 Christo
1204 3042 1357 3106 Jesu,
1395 3041 1528 3110 quod
1557 3056 1725 3093 omnes
1756 3039 1831 3091 lo-

1636 2330 1724 2381 ego
1774 2312 1824 2364 in

1923 1862 2037 1907 tero
2063 1855 2206 1922 prius
2234 1862 2332 1908 est.

1993 1943 2056 1997 ll.
2103 1945 2210 1998 lloc
2236 1960 2339 2014 quo
2370 1944 2574 1998 facilius
2610 1944 2896 2013 judiCelur,
2942 1943 3018 1997 sic
3062 1942 3159 1996 ista
3189 1939 3378 1995 melius
3404 1955 3492 1994 re-

1923 2035 2284 2089 traetabimns.
2338 2036 2526 2089 Vivere
2563 2051 2623 2088 ac
2657 2036 2758 2088 vita
2789 2036 2858 2088 ita
2884 2045 3027 2098 sunt,
3061 2042 3114 2086 ut
3146 2041 3200 2086 et
3227 2032 3328 2086 hoc
3353 2030 3492 2100 quod

1923 2137 2004 2180 est
2026 2126 2223 2191 vivere,
2251 2127 2352 2179 vita
2380 2128 2445 2180 sit
2476 2145 2487 2178 :
2520 2135 2575 2179 et
2609 2128 2707 2179 hoc
2737 2125 2878 2194 quod
2903 2134 2985 2178 cst
3013 2125 3112 2176 vita
3137 2163 3150 2187 ,
3180 2122 3248 2175 sit
3276 2125 3488 2186 vivere;

1926 2232 2029 2270 non
2059 2226 2115 2269 ut
2144 2217 2467 2285 duplicatum
2499 2216 2722 2270 alterum
2748 2216 2798 2270 in
2831 2214 3004 2268 altero
3027 2213 3116 2276 sit,
3150 2227 3320 2282 neque
3358 2213 3490 2266 alte-

1926 2324 2044 2362 rum
2071 2323 2187 2362 cum
2214 2309 2379 2361 altero
2401 2319 2481 2360 est
2505 2324 2516 2358 :
2549 2307 2660 2360 lucc
2681 2308 2820 2361 enim
2849 2317 2929 2359 est
2956 2305 3221 2370 c0pnlatio
3251 2323 3264 2358 :
3290 2319 3411 2356 num
3442 2311 3495 2357 et

1927 2413 1992 2452 ex
2015 2398 2113 2452 hoc
2132 2398 2337 2452 etiamsi
2357 2397 2774 2465 inseparabiliter
2793 2396 3032 2465 junctum
3051 2395 3138 2460 sit,
3159 2395 3358 2447 unitmn
3379 2403 3489 2459 est,

1931 2500 2035 2536 non
2059 2485 2257 2536 nonin?
2284 2497 2420 2536 nunc
2453 2498 2574 2535 vero
2604 2497 2720 2535 cum
2767 2482 2880 2548 ipso
2909 2480 3096 2534 eodem
3136 2493 3294 2548 opere
3331 2480 3490 2530 vitam

1929 2588 2045 2626 esse
2077 2574 2138 2626 sit
2168 2573 2363 2638 vivere,
2391 2581 2441 2625 et
2470 2573 2655 2625 eodem
2687 2571 2842 2624 modo
2871 2571 3028 2622 vitam
3057 2584 3175 2623 esse
3201 2568 3285 2620 sit.
3331 2568 3400 2621 De
3431 2567 3495 2621 iis

1931 2666 2070 2720 cnim
2104 2666 2366 2735 loquimur
2395 2666 2628 2726 duobus,
2663 2665 2727 2718 de
2750 2663 2927 2716 vivere
2948 2672 3001 2715 et
3029 2661 3130 2714 vita
3165 2678 3178 2725 ;
3208 2676 3308 2712 non
3338 2659 3401 2712 de
3431 2673 3496 2714 eo

1932 2760 2070 2829 quod
2097 2761 2162 2812 ad
2190 2760 2436 2814 ellectnm
2465 2758 2624 2810 vitam
2659 2756 2814 2809 habet
2857 2765 2909 2808 et
2945 2753 3141 2806 vivere.
3171 2751 3495 2818 Quamquam

1933 2863 1986 2907 et
2013 2853 2184 2920 ipsum
2215 2852 2446 2914 tertium,
2479 2858 2530 2903 et
2570 2849 2622 2901 in
2658 2863 2721 2900 eo
2771 2844 2910 2914 quod
2948 2845 3105 2896 vitam
3155 2841 3330 2903 habet,
3361 2849 3414 2892 ct
3443 2848 3498 2893 ut

1933 2944 2158 2996 alterum
2189 2957 2252 2995 ex
2281 2941 2480 3001 altero,
2523 2937 2614 2991 sed
2661 2947 2714 2989 ut
2756 2952 2913 2988 unum
2963 2942 3259 3000 utrumque.
3294 2929 3368 2981 lix
3396 2943 3499 2995 quo

1934 3041 2170 3104 apparet,
2205 3032 2328 3102 quid
2377 3033 2487 3100 ipsa
2521 3045 2613 3099 per
2634 3043 2692 3083 se
2720 3026 2998 3084 existentia
3026 3026 3074 3077 in
3097 3024 3205 3077 suis
3225 3020 3382 3076 rebus
3411 3034 3500 3072 va-

260 3139 506 3209 rupletati
533 3139 647 3190 estis
693 3139 743 3189 in
774 3138 862 3189 illo
884 3178 897 3199 ,
928 3136 978 3188 in
1025 3136 1158 3188 enini
1183 3134 1328 3187 verbo
1363 3145 1405 3186 et
1437 3133 1486 3184 in
1512 3133 1646 3185 omni
1672 3132 1833 3183 scicn—
1861 3121 1905 3183 C
1939 3129 2098 3192 leant,
2151 3142 2271 3179 cum
2324 3123 2618 3178 substantia
2659 3137 2758 3174 una
2805 3130 2961 3189 atque
3005 3116 3188 3170 cadent
3231 3123 3496 3176 manente,

261 3230 352 3282 tia.
411 3226 640 3281 Verbum
690 3228 958 3281 Christum
1017 3226 1276 3290 diximus,
1331 3223 1380 3276 id
1447 3233 1567 3286 est,
1637 3222 1828 3283 vitam,

260 3321 538 3376 scientiam
569 3321 820 3388 Spiritum
848 3328 1088 3372 sanetum
1110 3359 1125 3383 ,
1157 3333 1285 3386 ergo
1317 3333 1510 3370 unum:
1545 3314 1604 3366 In
1632 3315 1831 3368 Christo

261 3416 424 3476 enim,
458 3413 564 3474 ait,
589 3411 876 3479 locupletati
897 3415 1034 3464 estis.
1066 3412 1216 3475 Quod
1243 3425 1362 3462 enin
1389 3409 1456 3460 ita
1485 3407 1588 3470 sit,
1618 3406 1661 3458 si
1695 3406 1832 3459 Deus

262 3515 316 3562 ει
338 3503 579 3559 Christus
603 3518 798 3566 unum,
829 3516 948 3554 eum
989 3500 1232 3554 Christus
1276 3508 1329 3552 et
1358 3497 1585 3565 Spiritus
1635 3509 1829 3558 unum,

258 3597 381 3666 jure
414 3597 515 3650 tria
549 3610 708 3648 unum
731 3635 746 3661 ,
769 3593 818 3647 vi
868 3603 919 3647 et
967 3590 1289 3646 substantia:
1323 3587 1487 3657 prima
1521 3596 1695 3640 tamen
1728 3584 1832 3637 duo

265 3703 429 3743 unum
457 3687 700 3750 diverse,
731 3686 831 3740 hoc
859 3694 914 3737 ιιι
949 3683 1019 3738 sit
1047 3692 1214 3749 pater.
1247 3679 1467 3734 actualis
1516 3676 1830 3739 existentia,

266 3779 320 3834 id
348 3790 451 3840 est,
477 3777 930 3838 snbstantialitas;
961 3775 1096 3826 [ilius
1118 3789 1243 3826 vero
1273 3783 1418 3825 actus
1441 3766 1792 3823 existentialis
1817 3784 1830 3821 :

267 3873 370 3928 duo
398 3882 573 3926 autem
607 3871 805 3937 reliqua
838 3869 907 3921 ita
953 3868 1086 3932 duo,
1122 3876 1176 3919 nt
1221 3865 1464 3920 Christus
1511 3872 1566 3914 et
1607 3860 1833 3928 Spiritus

267 3972 478 4017 sanctus
508 3963 560 4015 in
600 3977 703 4014 uno
725 3960 829 4012 duo
857 3960 963 4013 sint
990 4000 1003 4020 ,
1042 3958 1089 4011 id
1121 3966 1234 4018 est,
1275 3957 1324 4010 in
1367 3965 1506 4008 mutu
1528 3996 1540 4017 ,
1575 3964 1734 4022 atque
1764 3953 1832 4004 ita

268 4055 394 4119 duo,
427 4065 484 4107 ut
509 4068 669 4107 unum
699 4052 838 4106 duo:
872 4052 1037 4120 prima
1067 4059 1242 4103 autem
1275 4047 1399 4111 duo,
1432 4057 1486 4099 nt
1513 4046 1616 4099 duo
1648 4060 1830 4107 unum,

267 4148 343 4201 sic
368 4161 488 4199 cum
517 4147 565 4198 in
588 4159 694 4198 uno
720 4142 826 4198 duo
847 4184 860 4208 ,
885 4152 936 4195 et
964 4157 1082 4195 cum
1106 4142 1209 4193 duo
1234 4155 1417 4201 unum,
1468 4136 1702 4190 Trinitas
1723 4134 1835 4188 exi-

268 4239 361 4294 stit
384 4254 569 4291 unum.
599 4236 727 4292 Nam
773 4235 899 4305 quid
931 4249 1027 4304 ego
1055 4235 1120 4288 de
1162 4233 1361 4300 Spiritu
1393 4240 1606 4292 sancto,
1636 4228 1703 4281 de
1731 4243 1834 4294 quo

270 4338 548 4386 tractatum
601 4339 682 4382 est
737 4328 973 4397 pluribus
1001 4368 1016 4391 ,
1067 4326 1230 4379 multa
1276 4320 1724 4377 commemorem?
1758 4319 1832 4372 Ex

271 4425 387 4494 ipso
415 4421 709 4491 concipitur
746 4419 990 4474 Christus
1038 4417 1088 4471 in
1119 4433 1310 4480 carne;
1344 4431 1404 4469 ex
1437 4415 1552 4482 ipso
1599 4411 1834 4466 sanctili-

1935 3232 2056 3272 esse
2081 3232 2232 3269 suum
2262 3215 2402 3268 nulla
2435 3213 2516 3267 sui
2545 3210 2880 3265 innovatione
2907 3206 3205 3262 custodiant
3229 3220 3244 3258 :
3275 3216 3500 3271 namque

1937 3310 2058 3363 vita:
2085 3323 2202 3362 esse
2230 3322 2384 3361 suum
2410 3346 2425 3370 ,
2455 3315 2535 3359 est
2564 3302 2759 3357 moveri
2797 3319 2809 3355 :
2853 3302 3021 3368 ipsmn
3057 3307 3229 3350 antem
3280 3294 3500 3355 moveri,

1937 3402 2036 3455 hoc
2115 3410 2194 3454 est
2249 3400 2444 3453 vivere.
2519 3397 2648 3451 Esse
2719 3395 2874 3465 igitur
2937 3403 2988 3444 et
3055 3390 3236 3442 vivere
3283 3396 3391 3454 est,
3452 3395 3504 3440 et

1936 3507 2055 3548 esse
2128 3492 2285 3544 vitam
2349 3510 2361 3542 :
2441 3504 2540 3542 una
2618 3502 2744 3556 ergo
2812 3485 3102 3552 cadentque
3175 3481 3498 3534 substantia:

1937 3597 2160 3650 namque
2230 3579 2512 3648 unicuique
2579 3578 2630 3630 in
2693 3592 2758 3631 eo
2822 3575 2961 3644 quod
3033 3574 3099 3624 sit
3158 3586 3308 3623 suum
3361 3582 3500 3633 esse,

1937 3672 2228 3728 subsmntia
2260 3681 2360 3726 est.
2391 3670 2597 3724 Etenim
2630 3670 2678 3722 in
2702 3667 2944 3736 supernis
2966 3664 3303 3731 aeternisque,
3323 3659 3374 3712 id
3400 3669 3500 3724 est,

1937 3767 1987 3820 in
2017 3764 2466 3819 intellectibililms
2497 3772 2653 3831 atque
2679 3756 3118 3813 intellectualibns
3142 3796 3156 3820 ,
3201 3752 3329 3806 nihil
3360 3751 3500 3805 acci-

1937 3858 2088 3920 dens,
2122 3856 2251 3910 nihil
2285 3854 2526 3925 qualitas,
2567 3853 2693 3906 nihil
2735 3852 3025 3920 geminum,
3056 3846 3139 3899 vel
3166 3861 3283 3898 eum
3313 3843 3501 3904 altero,

1937 3948 2029 4003 sed
2061 3946 2236 4001 omnia
2261 3946 2497 3999 viventes
2515 3953 2658 4008 sunt,
2684 3940 3142 4008 intelligentcsque
3173 3933 3501 3999 sabstantim,

1938 4055 2102 4108 purzr,
2134 4037 2420 4105 simplices,
2444 4033 2761 4096 tmiusmtuli,
2794 4032 2893 4084 hoc
2922 4031 3037 4100 ipso
3066 4042 3170 4097 quo
3197 4034 3319 4078 sunt
3347 4034 3399 4078 ει
3430 4024 3506 4077 vi-

1939 4144 2085 4192 vunt,
2113 4140 2165 4181 ct
2211 4127 2545 4195 ittlellignnt;
2589 4135 3009 4190 eonversumquc
3041 4133 3144 4186 quo
3186 4115 3502 4182 intelligunt,

1939 4220 2038 4273 huc
2068 4223 2180 4288 ipso
2208 4219 2362 4271 etiam
2392 4225 2535 4272 sunt.
2567 4213 2707 4268 Vivit
2731 4214 2885 4280 igitur
2910 4225 2971 4264 ac
2999 4209 3102 4262 vita
3130 4221 3231 4261 una
3263 4206 3507 4260 substan-

1938 4311 2005 4364 lia
2037 4321 2138 4362 cst.

2010 4400 2096 4454 Ill.
2125 4400 2225 4453 Sed
2251 4399 2497 4468 quoniam
2528 4395 2826 4449 intellectus
2848 4392 2917 4444 ita
2941 4405 2999 4444 se
3031 4387 3230 4457 pandit,
3262 4383 3504 4454 atqueita

271 4529 421 4572 eatur
450 4515 502 4568 in
549 4514 807 4581 baptismo
829 4553 842 4575 ,
901 4509 1145 4564 Christus
1175 4510 1226 4564 in
1256 4524 1452 4571 carne;
1508 4506 1620 4576 ipse
1649 4515 1732 4560 est
1781 4505 1832 4556 in
1861 4494 1914 4552 D
1937 4506 2115 4546 sermo
2141 4490 2417 4559 processit,
2441 4496 2498 4540 ut
2521 4496 2574 4539 et
2602 4487 2736 4538 ineo
2762 4481 2901 4552 quod
2923 4492 2998 4534 est
3023 4480 3201 4581 vivere
3217 4477 3319 4581 vita
3338 4478 3431 4581 Si};
3455 4488 3508 4528 ει

271 4609 485 4662 Christo
512 4606 601 4677 qni
630 4606 680 4659 in
709 4619 901 4666 carne,
950 4604 1063 4670 ipse
1092 4603 1245 4656 datur
1272 4601 1542 4671 Apostolis
1572 4615 1602 4651 a
1625 4597 1838 4652 Christo

272 4704 357 4773 qni
385 4702 438 4756 in
468 4716 627 4754 carne
653 4709 764 4763 est,
795 4707 852 4752 ut
879 4696 1144 4766 baptizent
1173 4697 1221 4748 in
1248 4696 1355 4749 Deo
1375 4736 1389 4760 ,
1417 4703 1471 4750 et
1512 4694 1562 4746 in
1593 4691 1834 4755 Christo,

273 4804 326 4850 et
353 4793 554 4863 Spiritu
598 4801 816 4845 saneto:
849 4789 960 4858 ipse
990 4803 1147 4857 quem
1175 4787 1416 4841 Christus
1449 4787 1500 4839 in
1527 4800 1685 4839 carne
1713 4800 1840 4853 pro-

272 4885 430 4940 mittit
451 4898 571 4939 esse
592 4893 901 4946 venturum,
925 4879 1151 4950 quadam
1175 4878 1364 4948 agendi
1390 4877 1667 4942 distantia;
1701 4877 1838 4931 idem

274 4977 386 5044 ipse
410 4983 464 5029 et
491 4973 733 5026 Christus
757 5013 770 5032 .
812 4981 866 5026 et
893 4971 1119 5041 Spiritus
1146 4976 1359 5021 sanctus
1383 4984 1398 5032 ;
1430 4977 1483 5021 et
1516 4965 1635 5034 quia
1675 4966 1839 5034 Spiri-

273 5078 392 5132 tus,
449 5066 643 5120 idcirco
671 5073 724 5119 et
757 5064 926 5117 Deus:
959 5061 1081 5131 quia
1113 5060 1353 5114 Christus
1399 5057 1539 5127 quod
1578 5057 1802 5126 Spiritus
1824 5098 1838 5120 ,

277 5159 398 5214 ideo
429 5157 598 5211 Dens:
632 5154 770 5208 unde
818 5161 969 5223 pater
993 5193 1007 5218 ,
1035 5162 1087 5207 et
1113 5151 1251 5205 tilins
1275 5191 1289 5215 ,
1317 5157 1370 5204 et
1425 5147 1685 5220 Spiritus,
1739 5161 1842 5200 non

276 5252 446 5307 solum
478 5263 639 5304 unum
659 5289 672 5314 ,
701 5246 794 5302 sed
821 5257 873 5301 et
903 5260 1038 5301 unus
1064 5245 1223 5299 Deus.

791 5377 990 5434 LIBER
1027 5375 1369 5445 QUARTUS.

346 5523 390 5578 ι.
431 5521 577 5575 Vivit
604 5533 665 5572 ac
704 5517 809 5571 vita
835 5529 998 5571 unum
1027 5527 1093 5567 ne
1117 5552 1131 5576 ,
1160 5526 1226 5565 an
1254 5509 1390 5565 idem
1417 5551 1431 5574 ,
1475 5524 1541 5564 an
1591 5506 1849 5562 alterum?

281 5613 476 5671 Unum.
502 5610 568 5665 Et
590 5625 685 5665 cur
714 5607 818 5661 duo
846 5605 1058 5660 nomina
1093 5603 1234 5657 idem
1254 5642 1268 5667 ,
1308 5611 1360 5657 et
1393 5599 1698 5672 quomodo?
1727 5614 1846 5654 cum

283 5705 352 5763 sit
375 5703 521 5761 aliud
560 5701 612 5758 in
652 5710 772 5756 actu
814 5712 955 5762 esse,
1003 5695 1145 5752 aliud
1187 5695 1352 5764 ipsam
1397 5693 1656 5748 actionem
1705 5705 1846 5756 esse,

1943 4583 1994 4636 in
2026 4597 2089 4635 eo
2113 4581 2250 4649 quod
2276 4581 2377 4633 vita
2399 4578 2489 4644 sit,
2515 4578 2633 4632 ideo
2649 4577 2717 4629 sit
2735 4575 2856 4634 vita,
2877 4572 2997 4643 quia
3021 4569 3180 4623 vivit:
3202 4567 3502 4629 videndum,

1942 4682 1993 4727 et
2010 4674 2201 4727 intenta
2218 4668 2972 4737 rationequamendummtrntn
2993 4659 3243 4716 naturalis
3256 4659 3349 4712 ista
3364 4672 3510 4712 com-

1946 4767 2141 4837 plexio,
2169 4774 2222 4820 et
2250 4763 2510 4833 bigemina
2540 4759 2831 4816 existentia:
2859 4755 3017 4810 modo
3055 4769 3181 4824 pura
3204 4749 3511 4820 simplicitas

1948 4873 2116 4913 unave
2137 4858 2224 4922 sit,
2244 4872 2308 4908 an
2332 4855 2470 4908 dum.
2492 4853 2545 4908 Si
2571 4851 2694 4905 nihil
2720 4850 2958 4911 interest,
2989 4847 3186 4910 vivere,
3213 4853 3267 4896 et
3287 4843 3389 4894 vita
3412 4840 3510 4901 sit;

1948 4960 2002 5005 et
2029 4951 2188 5003 vitam
2215 4965 2355 5012 esse,
2386 4947 2438 5000 vi
2469 4945 2591 4999 insit
2613 4953 2665 4999 ct
2686 4947 2888 5006 vivere;
2916 4941 3035 5008 jure
3054 4952 3115 4991 ac
3141 4937 3329 4990 merito
3355 4946 3511 4986 unam

1943 5043 2184 5103 istorum,
2203 5055 2305 5094 non
2327 5039 2588 5108 geminam
2603 5033 2843 5102 ecpnlam
2862 5030 2926 5084 ad
2943 5030 3272 5084 existentiam
3297 5024 3378 5078 sui
3397 5038 3514 5078 esse

1944 5135 2202 5190 dicemus.
2235 5132 2326 5187 Sin
2358 5140 2534 5184 autem
2565 5128 2810 5197 primum,
2843 5122 2984 5177 aliud
3026 5130 3108 5174 est
3135 5119 3332 5181 vivere,
3374 5113 3515 5168 aliud

1945 5225 2106 5279 vitam
2129 5239 2262 5277 esse.
2289 5223 2354 5277 Et
2382 5222 2506 5275 item
2525 5218 2569 5272 si
2593 5216 2838 5271 distantia
2870 5223 2971 5279 est,
2995 5221 3051 5265 ιιι
3074 5225 3210 5264 nunc
3229 5208 3333 5261 vita
3359 5219 3516 5259 causa

1947 5315 2017 5370 sit
2037 5317 2102 5369 ad
2126 5314 2602 5379 vivendum,‘nnnc
2631 5309 2802 5378 ipsum
2829 5307 3007 5359 vivere
3031 5317 3185 5358 causa
3214 5301 3300 5365 sit,
3331 5307 3387 5351 nt
3411 5297 3516 5350 vita

1949 5410 2049 5465 sit:
2069 5409 2173 5463 dno
2203 5416 2327 5462 sunt
2355 5406 2474 5470 ista,
2501 5403 2594 5458 sed
2622 5402 2828 5472 gemina
2858 5399 2996 5452 inter
3023 5411 3101 5461 se,
3124 5403 3280 5464 atque
3301 5390 3438 5460 apud
3463 5405 3521 5445 se

1951 5500 2263 5571 simpliciter
2283 5499 2423 5553 unita
2441 5515 2454 5548 :
2471 5496 2701 5566 potentia
2720 5493 2859 5548 enim
2884 5492 3026 5561 Λόγῳ
3041 5502 3138 5542 suo
3160 5497 3316 5555 atque
3343 5483 3522 5537 divino

1952 5594 2115 5651 refert
2143 5592 2242 5646 i3ta
2273 5588 2550 5659 geminari,
2584 5597 2642 5641 ut
2668 5583 2905 5656 ejusdem
2935 5591 3135 5635 natura:
3159 5591 3222 5631 ac
3252 5575 3523 5647 potentiae,

1953 5684 2178 5738 alterum
2210 5680 2360 5750 cuius
2392 5679 2462 5735 sit
2508 5677 2591 5742 id,
2638 5692 2667 5732 a
2714 5689 2819 5742 quo
2853 5673 2955 5728 hoc
2981 5670 3228 5726 alterum.
3260 5664 3418 5734 Atqui
3440 5672 3526 5720 est
