3950 6206
455 264 592 322 1115

1683 265 1869 319 MAR"
1918 262 2258 319 VICTORINI
2305 265 2467 320 AFRI

3576 275 3701 326 1116

455 382 699 435 nonnulla
726 381 971 434 (Iislmttia
996 423 1009 446 ,
1043 398 1198 448 parva
1244 382 1327 434 illa
1362 384 1427 435 sit
1459 382 1574 435 Ιίειιι
1596 425 1608 446 ,
1639 382 1775 436 unde
1808 398 1908 435 non
1937 390 2019 435 est
2046 384 2095 442 Α
2122 395 2240 434 cum
2272 391 2352 433 est
2384 380 2613 448 Spiritus
2640 422 2655 445 ,
2688 389 2741 434 et
2768 382 2893 435 vivit
2933 392 2985 436 et
3029 384 3129 437 vita
3161 393 3262 438 est.
3297 386 3495 439 Paulus
3550 388 3697 440 etiam

452 472 639 526 frustra
667 472 972 541 geminatio.
1007 473 1210 526 Etenim
1263 487 1367 525 non
1406 472 1548 525 idem
1595 474 1731 524 actio
1758 482 1809 525 et
1839 486 2015 538 agere,

452 580 549 619 nec
578 567 807 635 potentia
840 574 893 618 et
918 566 1178 634 operatio,
1215 581 1333 630 nec,
1362 575 1417 617 ιιι
1443 565 1616 618 verius
1660 565 1853 627 dicam,
1879 562 2017 616 idem

451 673 609 713 causa
646 669 724 712 est
748 700 761 721 ,
795 658 933 728 quod
958 659 1174 713 elTectus
1202 676 1213 710 :
1247 659 1329 712 illa
1360 660 1501 712 enim
1531 658 1698 728 origo,
1730 657 1814 711 hic
1841 668 2019 725 partus

452 760 554 806 est.
585 751 732 807 Unde
759 768 876 804 cum
905 752 1010 805 duo
1037 752 1157 813 ista,
1189 752 1313 802 vivit
1341 766 1401 803 ac
1430 749 1528 803 vita
1555 792 1569 816 ,
1598 753 1662 803 sit
1696 748 1834 801 actio
1861 758 2020 816 atque

452 856 627 911 agere,
680 858 993 912 quamquam
1018 841 1071 894 in
1099 856 1155 895 se
1186 842 1446 910 simulque
1475 841 1598 903 sint,
1631 850 1804 895 tamen
1838 848 1890 893 et
1920 839 2019 891 alia

450 936 499 987 vi
522 944 677 1003 atque
706 945 889 987 natura
919 934 1265 988 existimanda
1294 943 1437 996 sunt,
1473 942 1528 985 ut
1555 934 1778 986 alterum
1805 930 2021 984 alterius

451 1042 607 1081 causa
646 1027 750 1091 sit,
778 1027 1001 1079 alterum
1029 1026 1221 1079 cxistat
1252 1025 1516 1079 ell‘ectum.
1548 1024 1651 1079 Sed
1697 1036 1755 1078 ut
1782 1022 1911 1077 milii
1938 1024 2019 1075 in-

454 1116 739 1185 telligentia
769 1126 851 1170 est
873 1158 886 1181 ,
921 1132 981 1170 ac
1011 1117 1226 1185 probata
1253 1117 1547 1179 sententia,
1581 1132 1696 1169 cum
1742 1116 1793 1168 in
1827 1113 2018 1182 princi-

452 1206 559 1275 pali
586 1208 914 1276 naturalique
954 1209 1135 1275 prima:
1171 1206 1466 1261 divinitatis
1511 1206 1750 1271 exordio,
1795 1207 2019 1274 primum

452 1298 523 1351 sit
566 1297 704 1368 quod
757 1309 837 1352 est
880 1299 1057 1353 vivere
1080 1339 1095 1365 ,
1127 1298 1418 1353 secundum
1452 1312 1577 1351 vero
1615 1297 1753 1366 quod
1786 1296 1919 1361 vita;
1953 1298 2021 1349 ita

454 1386 595 1441 enim
626 1388 760 1441 ratio
790 1388 1028 1453 docebit,
1064 1399 1115 1443 et
1144 1388 1253 1457 ipsa
1284 1389 1478 1441 veritas
1503 1386 1845 1457 approbauit;
1880 1387 1934 1439 ﬁt
1967 1395 2017 1438 ut

453 1483 635 1534 vivere
666 1494 821 1533 eausa
864 1480 951 1544 sit,
981 1480 1307 1549 eﬂ‘ectnsque
1361 1478 1569 1535 vivendi
1608 1480 1708 1531 vita
1743 1479 1828 1541 sit,
1880 1477 2021 1546 quod

454 1578 630 1624 tamen
674 1572 844 1640 ipsum
878 1573 1054 1624 vivere
1104 1580 1156 1624 et
1197 1572 1297 1623 vita
1330 1571 1396 1623 sit
1423 1588 1434 1622 :
1468 1570 1623 1623 simul
1655 1570 1793 1621 enim
1825 1569 1941 1633 ista,
1970 1576 2022 1621 et

453 1662 606 1715 simul
630 1677 860 1731 semper,
895 1662 1033 1731 quod
1059 1664 1414 1731 cognoscitur,
1444 1670 1615 1714 erant.
1647 1660 1797 1714 Aliud
1825 1660 1927 1712 vita
1955 1660 2019 1713 ad

2122 473 2185 526 ad
2229 474 2497 527 Romanos
2528 474 2699 542 (Rom.
2733 491 2842 527 vtu.
2879 477 2927 540 1,
2956 474 3011 545 2)
3043 494 3057 530 :
3090 476 3251 529 Nulla
3291 495 3412 547 ergo
3449 480 3699 531 danimiia

2117 564 2181 616 iis
2211 566 2296 633 qui
2332 574 2444 617 sunt
2472 565 2523 617 in
2545 563 2747 618 Christo
2772 565 2895 618 Jesu
2922 607 2935 627 ,
2970 576 3015 618 et
3054 584 3153 619 non
3173 571 3332 637 juxta
3376 586 3563 637 corpus
3600 589 3699 621 attt-

2120 655 2295 708 balant
2326 674 2337 707 :
2371 657 2450 709 (ea:
2479 657 2609 708 enim
2650 658 2855 724 spiritus
2886 659 2998 711 vitw
3024 660 3073 711 in
3097 657 3297 712 Christo
3327 659 3456 714 Jesu
3483 662 3699 715 liberavit

2122 763 2198 798 me
2227 765 2257 799 a
2284 747 2392 817 lege
2418 749 2605 817 peccati
2627 759 2671 801 et
2702 752 2890 802 mortis.
2926 752 3153 818 Spiritus
3182 756 3330 817 vilic,
3362 756 3559 824 inquit,
3612 757 3697 811 tria

2122 838 2263 891 enim
2284 839 2378 890 ista
2402 838 2620 905 spiritus
2643 850 2784 903 sunt,
2821 840 2980 904 Deus,
3004 841 3181 907 Jesus,
3201 844 3433 912 Spiritus
3468 854 3699 899 sanctus.

2196 927 2257 980 V.
2291 932 2364 982 Ac
2404 931 2471 985 de
2504 931 2610 984 Deo
2649 933 2923 999 probatum
2969 945 3096 1002 puto
3135 946 3188 988 et
3234 937 3484 1003 spiritum
3538 953 3654 991 esse
3686 956 3699 990 :

2122 1019 2363 1086 Spiritum
2397 1033 2570 1073 autem
2600 1030 2653 1074 et
2678 1024 2874 1087 vivere,
2904 1033 2956 1075 et
2990 1025 3170 1078 vivere
3211 1026 3389 1079 facere
3415 1070 3428 1090 ,
3464 1037 3515 1081 et
3550 1030 3700 1081 vitam

2122 1123 2242 1163 esse
2266 1111 2705 1177 substantialiter,
2734 1123 2788 1167 ut
2822 1115 2918 1167 ista
2950 1116 3214 1170 intellecta
3248 1119 3375 1180 sint,
3396 1130 3451 1171 et
3484 1120 3701 1183 Simplex

2123 1213 2175 1256 et
2203 1218 2303 1255 una
2334 1205 2648 1268 substantia,
2684 1215 2736 1258 ut
2765 1206 2863 1258 hoc
2894 1209 2960 1260 sit
2991 1209 3231 1276 Spiritum
3275 1225 3394 1263 esse
3416 1255 3429 1275 ,
3465 1213 3607 1281 quod
3637 1216 3706 1263 vi-

2122 1308 2267 1355 vere,
2292 1304 2346 1346 et
2378 1295 2539 1347 vitam
2573 1311 2711 1349 esse.
2744 1296 2845 1350 Sed
2879 1314 2981 1349 non
3012 1300 3148 1351 istud
3180 1300 3317 1366 quod
3352 1313 3597 1354 u05trum
3629 1311 3705 1355 est

2126 1388 2324 1450 vivere,
2367 1387 2504 1455 quod
2552 1388 2878 1453 animalium,
2927 1390 3065 1457 quod
3112 1392 3522 1457 elementorum,
3573 1393 3701 1460 quod

2124 1490 2426 1532 creatorum
2455 1494 2519 1533 ex
2552 1480 2850 1545 elementis,
2881 1482 3018 1548 quod
3062 1482 3263 1543 mundi,
3299 1482 3439 1550 quod
3475 1485 3703 1536 omnium

2125 1568 2176 1621 in
2220 1569 2437 1633 mundo,
2487 1570 2625 1639 qmid
2677 1572 3019 1639 Angelorum,
3050 1572 3383 1636 dmmonum,
3418 1574 3505 1626 vel
3556 1577 3704 1626 etiam

2125 1676 2306 1714 eormn
2353 1676 2487 1730 quos
2537 1663 2587 1714 in
2638 1664 2834 1716 mundo
2876 1664 2945 1717 de
2990 1665 3185 1716 mundo
3213 1666 3345 1718 deos
3388 1665 3704 1719 nominant:

452 1752 681 1806 secunda
713 1753 986 1822 tertiaque,
1019 1753 1099 1807 vel
1127 1753 1378 1821 deinceps
1407 1767 1525 1822 qua:
1558 1751 1739 1804 vivunt
1780 1750 2017 1805 ordinata
2052 1759 2097 1818 Β
2125 1768 2253 1818 ιιοιι,
2290 1754 2525 1822 inquam,
2555 1753 2679 1807 illud
2711 1757 2894 1809 vivere
2922 1756 2971 1807 in
3004 1756 3111 1809 Deo
3138 1768 3236 1808 est.
3275 1758 3384 1810 lloc
3434 1759 3574 1811 Dens
3614 1773 3641 1809 e
3672 1768 3707 1821 t,

453 1859 610 1897 causa
658 1854 815 1914 atque
845 1845 1161 1914 principium
1188 1886 1203 1910 ,
1243 1845 1314 1898 ita
1345 1846 1549 1900 scilicet
1591 1854 1645 1897 ut
1690 1843 1828 1897 idem
1857 1846 1923 1896 sit
1953 1849 2023 1895 sl-

454 1936 668 2004 tnulque
699 1937 800 1989 vita
831 1938 969 2007 quod
993 1937 1206 2001 vivere;
1240 1938 1331 1992 sed
1356 1937 1456 1991 hoc
1488 1937 1695 2001 vivere,
1730 1936 2019 1992 secundum

453 2028 518 2080 de
548 2027 673 2092 vita,
704 2042 821 2081 cum
862 2028 961 2081 vita
1001 2040 1079 2082 est
1115 2046 1126 2081 :
1170 2028 1300 2082 Illud
1350 2031 1574 2096 primum
1623 2045 1683 2082 ac
1735 2028 2025 2097 principale

455 2118 660 2183 vivere,
688 2119 841 2172 simul
868 2131 916 2171 et
954 2121 1057 2172 vita
1098 2135 1253 2173 causa
1282 2128 1362 2173 est
1391 2118 1532 2183 vitae,
1562 2130 1613 2172 et
1641 2121 1776 2185 lous,
1805 2128 1857 2172 et
1877 2119 2026 2187 origo

455 2208 763 2263 viventium.
787 2208 909 2263 Seio
938 2209 1037 2264 hoc
1059 2210 1342 2263 obscurum
1375 2211 1538 2263 videri
1574 2225 1750 2279 posse,
1784 2224 1886 2263 non
1919 2218 2025 2262 tam

457 2316 655 2367 rerum,
672 2318 829 2371 quam
843 2303 1144 2356 eorumdem
1161 2304 1527 2372 repetitionem
1545 2317 1870 2366 sermonum,
1887 2301 2025 2369 quod

456 2393 561 2448 duo
584 2396 681 2447 ista
706 2395 794 2448 tali
825 2395 1159 2463 copulatione
1189 2406 1491 2459 nectuntur,
1519 2406 1573 2448 ut
1602 2411 1719 2449 cum
1752 2396 1821 2449 sit
1851 2396 2028 2449 vivere

457 2487 559 2538 vita
586 2489 671 2550 sit,
693 2498 743 2541 et
766 2487 1104 2549 cumsitvita,
1130 2486 1418 2551 sitvivcre;
1445 2487 1581 2540 unde
1596 2490 1882 2540 constituto
1899 2502 2030 2555 quo-

459 2579 587 2631 libet
627 2594 752 2640 uno,
781 2578 976 2631 frustm
999 2577 1218 2632 alterius
1249 2577 1512 2631 videbitur
1556 2578 1686 2630 facta
1718 2577 2025 2646 geminatio.

529 2667 614 2722 IV.
652 2668 807 2733 Audi,
841 2670 1024 2733 lector,
1056 2669 1176 2722 audi
1204 2669 1343 2739 quod
1377 2668 1672 2733 miraberis,
1698 2669 1863 2723 lector
1889 2687 1900 2721 :
1931 2669 2029 2722 ista

456 2768 561 2813 tam
596 2760 760 2825 dura,
790 2771 895 2814 tam
924 2771 1176 2825 tortuosa,
1202 2770 1308 2814 tam
1347 2762 1523 2816 clausa
1569 2769 1791 2814 tractatu
1824 2760 1889 2814 de
1923 2761 2031 2815 Deo

456 2861 509 2905 et
564 2852 629 2905 de
683 2852 875 2906 divinis
899 2862 930 2916 ,'
987 2854 1212 2922 simplici
1282 2852 1640 2922 disputatione
1712 2852 2025 2919 pandemus.

456 2940 624 2997 Deum
670 2954 813 2998 certe
854 2944 1077 2998 fatemur
1111 2960 1320 3009 omnes,
1370 2944 1530 2997 Deum
1584 2942 2025 3012 omnipotentem,

457 3034 623 3088 Deum
696 3048 855 3103 supra
903 3036 1078 3089 omnia
1109 3078 1124 3101 ,
1203 3036 1367 3089 Deum
1435 3044 1558 3088 aute
1606 3036 1815 3100 omnia,
1868 3035 2028 3087 ltenm

455 3142 483 3180 a
541 3143 645 3197 quo
686 3126 883 3181 omnia.

455 3218 572 3273 sine
614 3218 773 3273 dubio
817 3221 1148 3273 conlitemur.
1204 3220 1333 3272 Esse
1382 3218 1505 3271 huic
1552 3218 1677 3287 quid
1721 3219 2030 3272 credimus?

456 3312 579 3381 quid
613 3313 890 3381 putamus?
917 3311 1094 3383 (Joan.
1126 3328 1199 3376 tv,
1225 3310 1317 3381 Ἡ)
1357 3328 1367 3363 :
1399 3311 1645 3379 Spiritus,
1674 3310 1865 3380 inquit,
1895 3310 2030 3363 Deus

455 3414 549 3465 est,
584 3403 791 3468 lumen;
824 3415 875 3457 et
904 3420 1082 3457 verum
1118 3404 1291 3457 lumen
1328 3404 1465 3458 Deus
1488 3414 1586 3457 est.
1621 3403 1756 3471 Quid
1788 3404 1886 3457 hoc
1912 3418 2030 3457 esse

454 3495 709 3560 creditur,
740 3496 877 3565 quod
908 3495 1124 3563 Spiritus
1168 3495 1397 3548 dicitur?
1429 3510 1619 3563 nempe
1664 3494 1908 3562 Spiritum
1950 3493 2027 3545 in-

457 3586 694 3656 telligere
730 3588 969 3657 cogimur
1002 3588 1280 3657 quamdam
1334 3589 1689 3647 existentem,
1742 3586 2027 3651 viventem,

456 3678 944 3748 intelligentemipte
967 3680 1312 3732 substantiam
1346 3680 1431 3730 :iu
1451 3679 1695 3746 supernis
1716 3678 1952 3746 quidem,
1978 3685 2031 3730 et

455 3770 592 3823 circa
637 3771 796 3824 Deum
829 3771 1056 3824 maxime
1091 3771 1244 3840 quasi
1276 3771 1530 3825 humilem
1579 3780 1631 3823 et
1677 3770 1944 3835 alienum;
1977 3780 2031 3825 et

456 3861 507 3913 in
540 3861 919 3929 posrerioribus
967 3876 1157 3914 nomen
1189 3877 1292 3915 non
1323 3862 1548 3915 credunt
1578 3863 1866 3915 euuvenire
1892 3864 2021 3915 sub-

454 3952 719 4004 stantiam.
757 3951 861 4005 Sed
886 3966 979 4005 enr
1008 3967 1037 4005 a
1068 3952 1218 4004 nobis
1244 3951 1471 4019 fugialur
1495 3952 1595 4006 hoc
1619 3952 1878 4006 verbum?
1908 3968 2026 4005 cum

454 4057 595 4106 esse,
624 4042 814 4111 cuique
846 4043 944 4097 hoc
973 4043 1021 4097 ei
1048 4045 1116 4096 sit
1144 4059 1263 4097 esse
1287 4044 1658 4099 substantiam.
1703 4045 1767 4097 Et
1800 4045 1847 4097 in
1876 4043 2027 4097 Jure-

456 4134 558 4185 mia
586 4133 724 4187 Deus
760 4133 980 4203 loquens
1013 4136 1081 4187 ita
1114 4135 1239 4189 dicit
1261 4135 1393 4205 (Jer.
1432 4153 1581 4202 χχιιι,
1610 4137 1680 4190 22
1709 4152 1818 4190 sec.
1849 4137 1976 4205 Lxx)
2011 4153 2024 4191 :

458 4224 606 4288 Quod
645 4231 686 4277 si
736 4226 786 4277 in
818 4243 926 4278 mea
964 4226 1241 4279 substantia
1271 4229 1471 4281 staretis
1494 4269 1509 4294 ,
1542 4229 1773 4281 videretis
1814 4228 2029 4282 Verbum

453 4333 633 4369 nicum.
669 4316 755 4371 Sic
785 4316 940 4370 etiam
975 4318 1042 4372 ibi
1076 4333 1180 4371 non
1210 4320 1375 4372 multo
1402 4330 1539 4389 post,
1569 4329 1622 4374 et
1658 4321 1776 4375 aliis
1803 4320 1853 4373 in
1899 4321 2028 4374 locis

453 4408 651 4461 multis.
678 4407 941 4477 Estigitur
962 4410 1178 4477 spiritus
1204 4411 1519 4476 substantia,
1544 4410 1594 4464 id
1619 4422 1721 4477 est,
1746 4426 1864 4467 esse
1881 4412 2023 4481 ejus:

2125 1845 2263 1912 quod
2298 1855 2378 1897 est
2408 1845 2587 1899 vivere
2612 1846 2823 1908 animm,
2858 1855 2949 1898 aut
2973 1846 3391 1915 uniuscujusque
3417 1888 3431 1911 ,
3464 1859 3554 1899 aut
3583 1848 3710 1899 illius

2128 1937 2448 1989 universalis
2485 1946 2641 2004 atque
2686 1936 2985 2001 funtaneae;
3021 1955 3122 1990 non
3174 1948 3230 1990 ut
3261 1939 3327 1990 ibi
3361 1940 3707 2007 Angelorum,

2134 2045 2238 2083 non
2283 2038 2339 2081 ut
2378 2031 2445 2082 ibi
2495 2030 2829 2092 tbronorum,
2876 2031 3162 2098 gloriarum
3201 2031 3281 2083 vel
3310 2042 3629 2083 cretei-urunt
3664 2031 3710 2083 in

2128 2122 2340 2175 :cternis
2367 2122 2729 2181 esistentinm,
2756 2122 2838 2174 vel
2867 2122 2916 2173 in
2944 2121 3416 2184 intellectualilms,
3447 2124 3528 2174 vel
3564 2121 3711 2174 intel-

2130 2214 2356 2267 lectibus
2392 2232 2404 2266 :
2436 2213 2527 2268 sed
2558 2213 2683 2266 illud
2723 2219 2900 2266 vivere
2927 2254 2941 2276 ,
2970 2212 3110 2267 unde
3163 2217 3277 2267 limc
3319 2228 3414 2281 pro
3461 2230 3559 2268 suo
3610 2215 3713 2266 exi-

2129 2304 2300 2359 stendi
2332 2319 2526 2373 genere
2551 2306 2710 2357 vitam
2744 2306 3005 2373 recipiunt
3031 2314 3080 2358 et
3110 2304 3311 2368 vivunt,
3338 2306 3429 2357 illo
3458 2306 3709 2372 quodam-

2133 2397 2290 2451 modo
2321 2397 2713 2465 progrediente,
2761 2406 2814 2450 et
2842 2397 2939 2450 ista
2970 2408 3121 2465 prout
3149 2412 3342 2463 capere
3375 2408 3592 2463 possurt
3621 2410 3706 2463 po-

2132 2489 2349 2541 tentiam
2379 2488 2611 2541 viventis
2642 2488 2837 2556 vigoris
2859 2487 3097 2550 al‘llante,
3127 2502 3153 2539 a
3180 2502 3239 2540 se
3262 2488 3363 2541 sibi
3392 2530 3406 2552 ,
3443 2505 3535 2557 per
3558 2506 3631 2551 se,
3664 2488 3708 2540 in

2130 2594 2189 2632 sc
2239 2579 2355 2631 solo
2395 2578 2643 2645 simplex,
2696 2593 2883 2645 purum
2932 2579 3048 2629 sine
3096 2578 3358 2632 existendi
3400 2580 3708 2646 principioa

2132 2681 2238 2735 quo
2272 2665 2444 2720 fusum
2470 2667 2653 2735 magis,
2687 2667 2765 2718 vel
2790 2681 3167 2735 progressum,
3197 2668 3277 2719 vel
3306 2678 3492 2720 natum
3524 2669 3708 2735 princi-

2134 2758 2275 2825 pium
2305 2769 2405 2824 est,
2436 2773 2532 2826 per
2554 2757 2694 2826 quod
2723 2767 3001 2812 crearetur
3020 2759 3194 2811 vivere
3224 2770 3565 2812 cmterorum.
3597 2760 3709 2814 Ete-

2134 2846 2240 2899 nini
2271 2847 2446 2900 vivere
2478 2848 2639 2900 vitam
2667 2849 2836 2915 parit;
2868 2862 2988 2900 nam
3021 2849 3072 2900 vi
3113 2849 3343 2901 naturali
3379 2850 3522 2916 prior
3549 2861 3705 2913 actor,

2133 2956 2289 3009 quam
2313 2943 2451 2995 actio
2480 2958 2493 2991 :
2529 2956 2692 3010 agens
2726 2943 2865 2995 enim
2906 2941 3168 2994 actionem
3215 2944 3443 3010 genuit,
3475 2954 3528 2995 et
3566 2945 3708 3010 quasi

2132 3047 2195 3085 ex
2238 3033 2347 3098 ipsa
2378 3032 2690 3086 vocabulum
2734 3042 2787 3085 et
2829 3048 2938 3086 rem
2981 3048 3098 3086 cum
3148 3033 3262 3101 ipse
3308 3033 3571 3096 tribuerit,
3606 3034 3709 3100 ipse

956 3128 1105 3181 Hunc
1170 3144 1289 3182 cum
1362 3128 1606 3191 fatemur,
1680 3128 1838 3181 etiam
1910 3142 2028 3182 esse
2055 3127 2099 3189 C
2133 3128 2386 3194 Suscepit.
2422 3127 2531 3180 lloc
2555 3141 2674 3179 cum
2703 3138 2929 3186 rectum.
2970 3126 3128 3179 etiam
3171 3128 3380 3180 ratione
3430 3129 3707 3180 admodmn

2134 3232 2318 3269 vermu
2351 3227 2432 3270 est
2463 3234 2476 3269 :
2508 3228 2655 3271 certe
2689 3218 2845 3281 Deus,
2875 3218 2960 3271 cui
2997 3218 3059 3270 ad
3094 3219 3537 3286 oumipotentiam
3571 3222 3707 3287 priu-

2134 3311 2467 3379 cipalemque
2496 3311 2851 3363 summitatem
2883 3310 2982 3362 lioc
3010 3325 3201 3363 nomen
3246 3313 3499 3364 convenit
3527 3314 3661 3366 Deus
3691 3334 3702 3364 :

2137 3403 2297 3465 Deus,
2334 3403 2569 3470 inquam,
2599 3403 2846 3469 primum,
2878 3402 2920 3453 si
2952 3402 3003 3453 in
3037 3401 3125 3454 Dei
3158 3402 3412 3467 operibus
3432 3402 3705 3455 dicendum

2132 3492 2327 3562 aliquid
2355 3493 2579 3562 primum
2614 3511 2625 3544 :
2658 3492 2749 3545 sed
2784 3492 3129 3559 intelligentia
3157 3493 3375 3546 lmmaui
3410 3494 3624 3562 ingenii,
3657 3502 3707 3547 ut

2136 3601 2192 3637 se
2221 3596 2410 3639 exerat
2439 3596 2491 3638 et
2522 3600 2607 3639 res
2651 3587 2843 3653 capiat,
2875 3587 3031 3638 rebus
3055 3586 3135 3637 vel
3163 3585 3321 3637 simul
3344 3586 3705 3649 exismribas,

2132 3678 2215 3730 Vel
2240 3677 2395 3729 simul
2426 3677 2582 3740 l'usis;
2607 3686 2661 3729 et
2698 3683 2844 3729 ortus
2868 3719 2883 3743 ,
2918 3687 2967 3729 ει
2999 3676 3239 3728 diversos
3268 3685 3419 3729 ortus
3443 3718 3457 3739 ,
3490 3687 3543 3730 et
3570 3678 3707 3745 quasi

2135 3780 2343 3838 tempus
2381 3770 2639 3822 attribuit.
2692 3769 2849 3832 Detls,
2875 3770 3109 3837 inquam,
3136 3770 3307 3836 primo
3339 3770 3705 3822 universalinm

2130 3861 2438 3915 existentias
2464 3860 2897 3927 substantiasquc
2928 3861 3245 3928 progenuit:
3275 3858 3370 3912 lias
3395 3861 3545 3914 l’lato
3573 3862 3706 3915 ideas

2132 3963 2304 4016 vocat,
2352 3963 2666 4006 cunctarum
2719 3953 3127 4005 inexistentibus
3178 3954 3476 4021 specierum
3512 3954 3706 4021 species

2132 4048 2483 4117 principales;
2533 4047 2670 4116 quod
2717 4062 2884 4115 genus
2940 4048 2989 4099 iu
3046 4048 3299 4113 exemplo
3353 4057 3435 4100 est
3491 4048 3704 4110 ὀντξγτης,

2130 4142 2336 4205 ζωότης,
2369 4141 2535 4200 νόησις
2562 4159 2572 4189 ;
2605 4139 2671 4192 Et
2700 4141 2823 4193 item
2853 4142 3091 4197 ταυτότης
3114 4149 3166 4191 ει
3194 4141 3397 4212 teporo;
3426 4139 3527 4210 (1),
3561 4148 3611 4192 ιιι
3632 4154 3707 4207 tlte

2133 4232 2234 4285 ltoc
2264 4245 2430 4299 genus
2451 4241 2641 4283 cmtera
2671 4247 2682 4283 :
2712 4245 2902 4298 genera
2926 4229 3086 4297 igitur
3102 4244 3353 4295 generum
3390 4231 3707 4298 profundun-

2129 4323 2384 4385 tur,adeo
2414 4323 2647 4375 omnium
2675 4322 3028 4387 potentiarum
3063 4323 3315 4389 potentia!
3341 4323 3706 4376 universaliter

2130 4414 2471 4483 principales.
2522 4413 2661 4481 Ergo
2716 4414 2944 4477 ὀντότης,
2994 4412 3046 4465 id
3084 4420 3205 4475 est,
3258 4414 3704 4476 existentialitas,

452 4499 759 4570 colligamus
784 4502 940 4572 igitur
968 4506 1099 4559 κατὰ
1130 4506 1336 4562 ιωάννην
1366 4504 1562 4558 dictum
1592 4504 1767 4575 (Joan.
1796 4521 1867 4571 IV,
1896 4503 2021 4575 ‘24):
2053 4506 2105 4563 D
2131 4504 2211 4558 vel
2242 4505 2599 4558 essentialitas
2627 4522 2638 4555 :
2673 4504 2783 4557 sive
2813 4505 3026 4567 ζωότης,
3053 4503 3100 4556 id
3127 4512 3231 4567 est,
3256 4504 3512 4567 vitalitas,
3533 4506 3582 4557 id
3611 4512 3704 4566 est,

454 4592 680 4662 Spiritus
710 4592 848 4647 Deus
875 4606 986 4658 est;
1016 4606 1062 4649 et
1090 4596 1360 4652 adorantes
1388 4614 1519 4664 eum,
1551 4596 1603 4650 in
1630 4600 1811 4668 spiritu
1856 4608 1902 4652 et
1941 4615 2023 4652 ve.

451 4686 600 4738 ritate
624 4685 837 4741 adorare
864 4697 1076 4755 oportet.
1109 4689 1248 4743 Deus
1273 4731 1288 4756 ,
1319 4692 1485 4760 inquit
1509 4731 1523 4757 ,
1556 4692 1767 4760 spiritus
1788 4703 1889 4756 est,
1923 4691 2025 4748 hoc

452 4785 534 4830 est
565 4780 687 4845 Dei,
713 4782 852 4851 quod
882 4792 963 4835 est
991 4798 1109 4837 esse
1142 4803 1154 4837 :
1186 4798 1313 4853 ergo
1360 4784 1649 4838 substantia
1682 4784 1775 4838 Dei
1805 4784 2024 4853 spiritus

453 4881 553 4937 est,
582 4873 767 4927 eadem
792 4874 1105 4941 substantia,
1134 4875 1235 4929 hoc
1275 4885 1359 4931 est
1396 4874 1537 4947 quod
1567 4876 1749 4929 vivens
1780 4893 1793 4928 :
1825 4891 1926 4929 non
1961 4884 2020 4929 ut

451 4963 595 5018 aliud
622 4964 688 5019 sit
714 4966 1008 5021 substantia
1065 4968 1205 5021 aliud
1242 4968 1454 5031 vivens,
1488 4968 1579 5023 sed
1614 4968 1783 5037 ipsum
1837 4968 2022 5022 vivens

452 5065 509 5109 ut
537 5057 605 5112 sit
642 5058 752 5127 ipsa
798 5059 1111 5113 substanti-i.
1142 5060 1199 5115 Si
1227 5060 1367 5115 enim
1393 5060 1587 5115 dictum
1619 5070 1700 5114 est
1737 5060 1804 5115 ab
1833 5060 2019 5114 eodem

452 5145 629 5217 (Joan.
662 5163 735 5213 vn,
768 5149 859 5217 65)
905 5166 917 5201 :
963 5151 1185 5218 Spiritus
1224 5161 1297 5204 est
1345 5153 1430 5218 qui
1475 5151 1714 5215 viviﬁcat,
1770 5153 1949 5222 utique
1979 5154 2023 5208 is

452 5240 540 5307 qui
583 5240 828 5309 vivilicat,
868 5243 956 5311 qui
997 5243 1143 5309 vivit,
1187 5252 1240 5298 et
1272 5244 1393 5300 vita:
1437 5245 1670 5326 potentia
1709 5257 1790 5300 est
1840 5264 1852 5299 :
1898 5262 2024 5318 ergo

457 5330 585 5387 vivit
612 5332 851 5401 Spiritus,
882 5336 1010 5388 vivit
1040 5336 1195 5390 Dens.
1228 5336 1396 5390 Porro
1431 5348 1607 5392 autem
1635 5338 1755 5408 quia
1789 5338 1934 5403 vivit,
1968 5348 2026 5393 ut

452 5437 610 5492 supra
634 5425 882 5489 diximus,
911 5437 963 5481 et
990 5430 1095 5481 vita
1123 5439 1223 5493 est,
1257 5429 1641 5501 Spiritusrcrgo
1680 5444 1732 5486 et
1775 5433 1879 5486 vita
1921 5440 2024 5497 est,

455 5525 511 5569 ut
538 5516 677 5571 idem
700 5515 933 5573 Joannes
960 5519 1034 5574 ait
1080 5536 1094 5573 :
1142 5520 1373 5591 Spiritus
1417 5524 1518 5577 vita
1563 5533 1668 5590 est;
1707 5538 1833 5596 ergo
1867 5525 2025 5591 Deus,

526 5701 603 5772 (1)
632 5700 792 5759 Forte
816 5705 1063 5768 ταυτᾶτης
1092 5716 1147 5765 et
1174 5707 1424 5779 ἕτερὸτης.

2127 4599 2291 4666 prima
2320 4596 2633 4650 universalis
2684 4597 2808 4647 vita:
2838 4599 3068 4662 potentia
3092 4638 3105 4660 ,
3142 4596 3243 4647 hoc
3268 4604 3371 4659 est,
3409 4596 3575 4663 prima
3604 4596 3702 4647 vita

2126 4690 2349 4760 fonsque
2387 4690 2621 4743 Omnium
2671 4689 2902 4743 vivendi.
2954 4688 3082 4742 Item
3136 4690 3330 4753 νόησις,
3381 4691 3705 4761 intelligendi

2125 4784 2223 4847 vis,
2257 4784 2449 4846 virtus,
2484 4783 2737 4849 potentia,
2774 4781 2853 4834 vel
2877 4780 3191 4845 substantia,
3216 4782 3300 4835 vel
3335 4790 3521 4835 natura
3556 4801 3567 4835 :
3600 4786 3705 4837 lucc

2127 4875 2223 4928 tria
2250 4874 2552 4943 accipienda
2602 4884 2655 4927 ut
2701 4874 2928 4943 singula,
2976 4874 3067 4927 scd
3102 4875 3168 4926 ita
3198 4915 3211 4937 ,
3246 4883 3301 4927 ut
3330 4891 3433 4944 qua
3464 4892 3562 4928 suo
3591 4878 3700 4944 plu-

2127 4965 2260 5018 rimo
2290 4976 2430 5029 sunt,
2465 4967 2563 5019 hoc
2614 4966 2955 5019 nominentur
3000 4975 3052 5019 et
3098 4980 3216 5019 esse
3260 4966 3510 5020 dicantur
3543 4987 3555 5019 :
3588 4983 3701 5021 nam

2128 5057 2257 5111 uiliil
2290 5056 2474 5109 horum
2502 5067 2604 5121 est,
2636 5058 2776 5124 quod
2811 5071 2912 5109 non
2948 5058 3043 5109 tria
3073 5057 3143 5109 sit
3182 5076 3195 5111 :
3231 5072 3352 5113 esse
3382 5061 3525 5113 enim
3555 5103 3568 5126 ,
3608 5060 3701 5112 lioc

2126 5163 2245 5204 esse
2274 5150 2315 5202 si
2349 5151 2509 5215 vivat,
2545 5149 2644 5203 hoc
2672 5158 2754 5203 est
2786 5149 2837 5201 in
2876 5150 2980 5200 vita
3014 5149 3103 5202 sit.
3140 5150 3316 5218 Ipsum
3349 5167 3477 5205 vero
3504 5154 3690 5217 vivere,

2128 5257 2232 5296 non
2264 5252 2345 5296 est
2374 5244 2553 5297 vivere
2580 5240 2719 5310 quod
2744 5241 2882 5293 vivat
2910 5241 3313 5310 intelligentiam
3343 5260 3447 5298 non
3470 5245 3693 5297 habere:

2126 5334 2273 5403 quasi
2298 5333 2455 5386 mixta
2477 5334 2633 5401 igitur
2646 5342 2693 5387 et
2715 5342 2767 5384 ut
2785 5347 2867 5385 res
2882 5340 2984 5395 εει,
3011 5332 3199 5401 triplici
3223 5336 3557 5403 simplicitate
3578 5339 3695 5388 sim-

2127 5428 2300 5497 plicia.
2319 5429 2580 5497 Quidquid
2602 5431 2742 5483 enim
2764 5429 2864 5483 hoc
2896 5430 3011 5496 ipso
3027 5445 3132 5499 quo
3164 5442 3266 5497 est,
3286 5441 3338 5487 et
3356 5434 3576 5488 alterum
3600 5442 3691 5498 est,

2128 5537 2233 5576 non
2252 5523 2533 5600 aliquando
2550 5522 2833 5579 dicendum
2857 5525 3152 5594 geminum,
3177 5525 3272 5580 sed
3294 5540 3505 5597 semper
3521 5542 3688 5581 unum.
