3950 6206
267 253 410 313 1117

1402 247 1759 305 ADVERSUS
1801 247 2014 305 Αιιιιιιι
2053 249 2251 305 LlDER
2291 250 2379 308 IV.

3396 253 3530 310 HIS

348 370 431 423 V‘I.
463 369 654 424 Verum
687 371 751 424 de
779 371 842 423 iis
867 371 1103 440 pluribus
1129 369 1271 424 alibi.
1308 368 1446 421 Dnns
1476 368 1632 437 igitur
1661 375 1743 422 est
1770 366 1848 418 vi-
1877 366 1922 423 Α
1951 365 2121 430 deret,
2151 366 2427 432 subiunxit
2451 367 2628 420 statim
2664 365 2841 436 (Jonn.
2879 381 2945 418 vi
2974 364 3062 435 τίει)
3104 383 3113 417 ;
3157 365 3250 418 Ιιιρ
3289 376 3359 417 est
3390 369 3532 427 panis

271 476 424 526 vere,
452 462 591 530 quod
623 477 908 526 summmn,
939 463 1188 530 primum,
1223 460 1551 520 l'ontaneum,
1590 456 1853 528 principa-

274 552 403 606 liter
443 554 752 621 principale,
797 554 897 606 tria
926 553 1022 606 ista
1055 552 1252 620 genuit.
1287 549 1339 602 id
1371 558 1474 613 est,
1507 564 1604 603 suo
1639 547 1850 600 vivendi

270 658 459 711 opere,
489 645 854 698 utexistereut
882 645 1200 713 procreavit.
1229 643 1331 698 Ista
1364 644 1518 712 igitttr
1541 656 1701 712 opere
1727 655 1851 708 pro-

269 743 557 796 venerunt,
608 745 663 789 et
705 737 818 790 hac
865 736 1062 804 proles,
1106 737 1203 789 ista
1247 736 1519 804 generatio
1557 745 1670 799 est,
1700 743 1757 787 ut
1787 735 1852 788 ab

270 837 468 897 agente
496 837 665 893 actus,
699 829 765 881 ab
794 845 859 881 eo
885 829 1024 898 quod
1062 839 1140 883 est
1169 829 1448 884 essentitas
1476 829 1557 883 vel
1595 828 1848 894 essentia,

271 933 302 972 a
340 919 553 973 vivente
576 919 808 972 vitalitas
829 921 913 974 vel
941 921 1069 984 vita,
1101 920 1167 974 ab
1188 920 1516 990 intelligente
1541 922 1730 982 νόησις,
1766 921 1851 972 in-

271 1010 619 1079 telligentinm
635 1012 1011 1066 universalium
1035 1012 1351 1066 universalis
1367 1013 1709 1084 intelligentia
1733 1027 1852 1065 uas-

271 1110 505 1156 ccrctur.
547 1101 700 1156 Prius
742 1112 823 1156 est
862 1103 1020 1171 igitur
1047 1103 1255 1165 vivere,
1288 1119 1444 1173 quam
1487 1104 1588 1156 vita
1626 1121 1637 1156 :
1669 1117 1855 1171 quam-

268 1206 430 1260 quam
472 1192 522 1244 in
568 1207 632 1246 eo
675 1192 816 1260 quod
855 1202 938 1246 est
977 1194 1172 1258 vivere,
1203 1195 1306 1246 vita
1340 1195 1405 1246 sit
1436 1211 1447 1244 :
1475 1194 1566 1247 sed
1589 1193 1768 1247 vivere
1797 1203 1854 1247 ut

267 1295 466 1350 parens
511 1282 634 1334 vitae
675 1291 792 1346 est,
834 1282 940 1336 vita
980 1293 1033 1338 et
1060 1284 1272 1353 proles,
1313 1294 1366 1338 et
1411 1283 1550 1350 quod
1597 1284 1849 1352 gignitur,

267 1372 466 1441 quippe
510 1387 538 1424 a
583 1372 793 1426 vivente
839 1384 1107 1443 generata.
1165 1375 1302 1428 Deus
1351 1374 1510 1443 igitur
1556 1383 1638 1429 est
1677 1376 1852 1430 vivere

268 1463 400 1516 illud
429 1463 659 1532 primum
691 1463 867 1518 vivere
923 1479 951 1516 a
1007 1464 1318 1535 semetipso,
1359 1466 1538 1518 vivere
1573 1474 1696 1519 ante
1739 1480 1854 1518 om-

267 1555 418 1609 nium
452 1555 656 1622 vivere,
685 1565 736 1609 et
763 1566 886 1610 ante
912 1556 1078 1626 ipsius
1107 1556 1228 1609 vita:
1256 1556 1436 1610 vivere
1474 1575 1488 1609 :
1521 1569 1682 1624 agens
1710 1554 1849 1608 enim

264 1655 323 1700 et
365 1661 577 1715 semper
617 1661 812 1716 agens,
844 1656 896 1702 et
935 1648 1080 1702 nullo
1123 1645 1381 1715 principio
1424 1661 1608 1714 agens,
1649 1661 1752 1698 non
1784 1646 1852 1697 ah

1953 460 2036 527 qui
2062 460 2122 512 de
2151 460 2273 512 cado
2303 460 2578 513 descendit.
2611 459 2807 513 Deinde
2835 460 2995 510 vitam
3027 472 3166 521 esse,
3193 468 3245 509 et
3276 469 3529 511 :rternam

1953 549 2111 602 vitam
2144 549 2220 602 sic
2271 559 2511 608 testatur.
2561 550 2637 602 sic
2687 549 2842 602 docet
2892 547 3051 618 (It-id.
3106 549 3192 610 54,
3238 549 3326 616 55)
3365 565 3377 601 :
3419 548 3533 601 A'isi

1953 640 2243 707 acceperitis
2273 656 2458 708 corpus
2487 639 2612 692 Filii
2644 639 2881 700 hominis,
2927 639 3062 690 sicut
3093 653 3279 705 panem
3315 640 3453 704 vitm,
3489 648 3534 692 et

1953 729 2171 782 bibet-itis
2191 731 2484 800 sanguinem
2516 732 2624 797 ejus
2651 772 2664 795 ,
2697 747 2795 782 non
2827 730 3067 782 habebitis
3094 729 3245 781 vitam
3272 731 3322 781 in
3351 730 3488 782 vobis
3515 747 3533 784 :

1952 819 2037 886 qui
2065 829 2233 870 autem
2259 820 2366 871 edet
2393 835 2592 872 carnem
2625 819 2768 887 ejus,
2803 831 2846 870 et
2885 819 3013 872 bibet
3057 822 3165 891 ejus
3209 819 3529 886 sanguinem,

1954 910 2098 962 liabet
2123 909 2276 962 vitam
2304 919 2565 963 cateruam.
2600 911 2771 962 Omne
2797 924 2923 978 ergo
2953 910 3094 978 quod
3135 908 3382 963 Christus
3423 918 3529 976 est,

1955 1000 2061 1052 vita
2092 1008 2288 1053 interna
2318 1011 2397 1054 est
2421 1041 2436 1065 ,
2471 1001 2552 1054 vel
2584 1001 2835 1069 spiritus,
2871 1001 2952 1054 vel
2983 1002 3180 1064 anima,
3231 1001 3312 1053 vel
3360 1016 3484 1054 earn
3516 1019 3529 1054 :

1954 1089 2139 1142 horum
2185 1091 2325 1144 enim
2369 1093 2606 1144 omnium
2654 1093 2766 1158 ipse
2814 1092 2969 1162 Λόγος
3005 1102 3105 1145 est.
3155 1093 3312 1164 Λόγος
3355 1101 3531 1146 autem

1954 1180 2258 1249 principalis
2286 1182 2390 1233 vita
2423 1189 2504 1234 est
2536 1197 2548 1232 :
2579 1195 2706 1250 ergo
2733 1181 2891 1234 etiam
2932 1197 2992 1234 ea
3046 1197 3162 1250 qua:
3204 1181 3373 1235 induit
3425 1185 3529 1236 vita

1953 1280 2076 1325 sunt
2105 1289 2118 1336 ;
2149 1273 2286 1326 unde
2315 1273 2410 1326 ista
2438 1282 2490 1327 et
2512 1273 2562 1324 in
2585 1273 2738 1326 nobis
2763 1273 2923 1325 vitam
2957 1282 3210 1328 mternam
3246 1277 3530 1328 merebun-

1955 1375 2040 1416 tur
2067 1379 2157 1432 per
2185 1364 2439 1432 Spiritum
2469 1379 2625 1432 quem
2665 1364 2908 1418 Christus
2947 1364 3101 1420 nobis
3141 1365 3250 1428 dat,
3295 1366 3429 1420 facta
3479 1378 3533 1422 et

1955 1459 2053 1513 ista
2079 1457 2353 1526 spiritalia.
2380 1459 2457 1512 Ac
2487 1474 2553 1512 ne
2573 1458 2662 1527 qui
2684 1459 2926 1512 crederet
2964 1457 3032 1511 de
3073 1457 3285 1512 Christo
3327 1462 3530 1513 εςιιιιςιιὶ

1955 1548 2221 1602 Christum
2253 1549 2348 1601 ista
2377 1548 2579 1611 dicere,
2605 1557 2659 1602 et
2685 1563 2786 1601 non
2808 1548 2877 1602 de
2900 1557 3008 1602 toto
3035 1563 3111 1612 se,
3144 1550 3234 1618 qui
3261 1558 3344 1604 est
3363 1550 3532 1618 Spiri-

1955 1646 2062 1702 tus,
2095 1640 2290 1703 anima,
2333 1655 2481 1702 caro,
2515 1639 2636 1708 quid
2683 1640 2792 1693 ait?
2844 1639 3002 1708 (Ibid.
3033 1641 3125 1708 65)
3157 1660 3168 1694 :
3207 1641 3341 1705 Quid
3370 1643 3413 1694 si
3458 1644 3532 1695 vi-

265 1738 480 1792 actioue
509 1753 673 1808 agens
701 1749 802 1804 eSI,
833 1755 899 1792 ne
927 1741 1066 1793 actio
1096 1738 1181 1792 vel
1210 1738 1485 1809 phantasia
1516 1737 1758 1806 principii
1783 1738 1850 1791 sit
1878 1728 1924 1786 Β
1952 1729 2123 1782 deritis
2150 1728 2343 1782 Filium
2366 1730 2580 1782 hominis
2601 1730 2993 1783 ascendentem?
3019 1731 3147 1795 Quis
3161 1741 3244 1784 est
3272 1732 3408 1785 Iilins
3439 1733 3534 1784 hu-

267 1830 334 1883 ad
365 1838 632 1898 agentem,
666 1831 758 1883 sed
788 1839 844 1883 ιιι
864 1831 1002 1884 actio
1029 1830 1234 1898 agentis
1257 1846 1439 1898 opere,
1473 1829 1553 1882 vel
1582 1830 1851 1897 progenita

265 1920 336 1972 sit
378 1920 459 1974 vel
494 1920 761 1974 exStiterit
782 1962 795 1984 ,
826 1920 909 1974 vel
935 1920 1100 1973 effusa
1125 1921 1212 1972 sit.
1263 1914 1383 1973 Iloc'
1403 1921 1582 1988 utique
1612 1935 1769 1988 agere
1800 1921 1850 1974 in

267 2027 336 2066 eo
368 2013 635 2082 ponimus,
668 2013 805 2079 quod
836 2022 917 2066 est
948 2013 1126 2066 vivere
1159 2031 1172 2069 :
1202 2012 1340 2066 Dens
1371 2028 1498 2081 ergo
1523 2013 1703 2065 vivere
1747 2023 1847 2079 est,

267 2113 325 2156 et
365 2105 659 2173 principale
689 2106 868 2159 vivere
898 2124 910 2159 :
940 2105 1044 2157 vita
1077 2113 1250 2158 autem
1281 2115 1336 2158 ut
1367 2106 1624 2175 genitum.
1658 2104 1852 2161 Vitcre

269 2211 403 2266 ergo
434 2207 583 2265 pater
623 2206 724 2260 est,
760 2198 865 2249 vita
900 2197 1038 2250 Illius
1071 2214 1083 2249 :
1129 2212 1356 2266 namque
1403 2198 1542 2266 quod
1572 2197 1624 2250 in
1651 2212 1715 2252 eo
1744 2196 1852 2252 hc-

271 2296 384 2340 tum
425 2297 523 2350 est,
555 2289 659 2341 vita
686 2297 789 2352 est,
840 2298 892 2341 et
927 2289 1037 2355 ipse
1069 2288 1209 2341 filius
1237 2287 1368 2341 dicit
1396 2287 1584 2357 (Joan.
1612 2304 1718 2351 xw,
1748 2289 1802 2359 6)
1835 2305 1849 2342 :

273 2379 384 2448 Ego
414 2397 524 2432 sum
550 2380 648 2444 ria,
674 2396 764 2449 ego
790 2381 994 2446 ueritas,
1025 2397 1115 2449 ego
1147 2381 1267 2435 vita.
1301 2380 1424 2434 IIn-c
1455 2381 1558 2432 vita
1591 2390 1690 2443 est,
1733 2397 1851 2449 qua:

269 2480 385 2522 orta
414 2480 493 2523 est
518 2470 670 2524 abeo
692 2470 830 2540 quod
855 2479 1003 2539 pater
1025 2473 1174 2536 vivit,
1204 2484 1251 2526 et
1285 2472 1384 2526 hoc
1409 2471 1532 2524 illud
1561 2481 1641 2525 est
1671 2471 1844 2540 (Jonn.

272 2558 497 2628 “1.27)
531 2577 543 2614 :
583 2559 689 2628 Ego
735 2561 875 2614 enim
903 2559 965 2613 de
1010 2559 1115 2613 Deo
1157 2561 1306 2613 exivi.
1351 2563 1481 2614 Item
1530 2560 1644 2628 ipse
1688 2561 1753 2614 de
1791 2575 1850 2614 se

269 2650 341 2703 ita
392 2649 518 2703 dicit
547 2650 722 2718 (Joan.
756 2667 844 2704 vn.
876 2652 964 2715 57,
995 2652 1084 2722 58)
1117 2669 1129 2702 :
1161 2651 1259 2716 Qui
1299 2652 1423 2715 sitit,
1454 2653 1614 2704 veniat
1652 2651 1718 2703 ad
1750 2667 1846 2717 me,

269 2751 314 2793 et
337 2739 502 2805 bibat;
524 2742 608 2809 qui
628 2743 785 2793 credit
814 2743 865 2795 in
887 2759 986 2807 me,
1018 2742 1144 2793 sicut
1169 2743 1294 2794 dixit
1319 2741 1606 2806 Scriptura,
1637 2741 1850 2810 ﬂumina

268 2832 333 2885 de
358 2842 523 2885 ventre
547 2835 651 2900 ejus
677 2834 836 2900 fluent
861 2849 1004 2902 aqua:
1028 2835 1168 2886 vivis.
1216 2834 1348 2886 IIiuc
1376 2843 1427 2886 et
1453 2833 1577 2886 illud
1598 2843 1680 2886 est
1707 2832 1847 2901 quod

267 2923 618 2978 Samaritana:
649 2925 923 2992 reSpnndit
943 2923 1117 2994 (Joan.
1145 2941 1216 2978 tv.
1255 2925 1343 2992 I0)
1364 2945 1375 2977 :
1397 2926 1457 2979 Si
1481 2925 1632 2978 scires
1657 2926 1846 2977 donum

275 3015 388 3079 Dei,
422 3028 468 3069 et
489 3021 599 3084 quis
625 3028 697 3070 est
720 3018 806 3085 qui
833 3018 954 3070 dicit
983 3017 1100 3070 tibi:
1133 3017 1213 3070 Da
1243 3019 1366 3071 mihi
1392 3018 1571 3082 bibere,
1603 3029 1655 3071 tu
1686 3020 1847 3087 magis

268 3107 478 3174 petisses
500 3123 613 3160 eum
640 3149 653 3172 ,
682 3117 728 3160 et
751 3108 965 3162 dedisset
985 3109 1070 3160 tibi
1093 3125 1273 3176 aquam
1307 3111 1486 3162 vivant.
1509 3109 1638 3164 Item
1665 3120 1844 3178 postea

270 3196 459 3266 (lbid.,
515 3197 654 3265 15):
705 3195 882 3250 Omnis
939 3199 1022 3265 qui
1066 3199 1241 3251 biberit
1291 3216 1352 3252 ea:
1401 3201 1495 3253 hac
1545 3217 1672 3267 aqua
1715 3201 1846 3253 sitiet

268 3289 469 3338 iterum.
528 3286 859 3341 Samaritana
888 3303 1021 3355 aqua
1071 3289 1336 3341 mundana
1360 3301 1439 3343 est
1477 3291 1650 3343 anima
1683 3290 1842 3362 (Ibid.

269 3392 313 3431 et
369 3378 455 3448 Μ)
516 3397 528 3431 :
584 3378 683 3442 Qui
721 3389 886 3431 autem
927 3378 1100 3431 biberit
1139 3380 1202 3431 de
1242 3395 1372 3447 aqua
1427 3396 1576 3447 quam
1615 3397 1705 3449 ego
1758 3382 1845 3434 de-

273 3471 393 3522 dero
437 3471 483 3522 ei
513 3486 612 3522 non
635 3470 763 3522 sitiet
784 3470 836 3522 in
863 3470 1238 3538 sempiternum,
1266 3470 1354 3522 sed
1379 3486 1508 3538 aqua
1536 3487 1684 3538 quam
1714 3471 1843 3524 dabo

273 3563 317 3615 ei
365 3563 451 3630 [iet
490 3563 541 3613 in
572 3577 628 3615 eo
660 3562 772 3629 fons
799 3577 942 3629 aqua?
962 3562 1186 3615 salientis
1225 3562 1276 3614 in
1305 3562 1456 3613 vitam
1494 3572 1746 3615 internum.
1777 3563 1843 3617 Iis

273 3663 431 3721 atque
461 3652 762 3720 hujusmodi
793 3652 1268 3707 innumerabilibus
1293 3654 1553 3722 exemplis
1578 3654 1706 3706 satis
1732 3656 1841 3708 cla-

273 3761 387 3798 rum
421 3744 475 3796 iit
530 3742 796 3797 Christum
828 3744 917 3798 Dei
944 3744 1105 3797 lilium
1133 3745 1293 3796 vitam
1322 3759 1440 3798 esse
1464 3785 1478 3805 .
1509 3755 1561 3799 et
1587 3754 1841 3800 mternam

273 3834 431 3886 vit-un
459 3851 469 3884 :
494 3834 685 3900 quippe
707 3833 795 3901 qui
822 3843 874 3886 et
903 3835 1015 3901 ipse
1039 3842 1094 3886 ιιι
1123 3843 1273 3901 pater
1295 3834 1526 3903 Spiritus
1547 3837 1634 3888 sit.
1661 3835 1838 3904 (Joan.

273 3941 347 3979 ιιι.
382 3926 448 3996 6)
478 3942 490 3978 :
523 3923 598 3979 De
638 3924 836 3994 Spiritu
873 3926 1012 3979 enim
1059 3927 1192 3995 quod
1221 3928 1444 3980 nascitur
1487 3928 1694 3996 spiritus
1719 3938 1790 3981 est
1823 3943 1842 3981 :

269 4017 499 4085 Spiritus
545 4032 672 4068 vero
711 4018 911 4084 spirat,
953 4025 1007 4070 et
1033 4033 1061 4070 a
1089 4031 1146 4071 se
1175 4019 1338 4085 spirat
1370 4035 1383 4070 :
1416 4018 1618 4087 spirare
1662 4026 1839 4073 autem

269 4108 448 4160 vivere
469 4114 570 4159 est.
600 4107 768 4161 Porro
795 4107 934 4177 quod
964 4124 992 4161 a
1025 4121 1083 4162 se
1108 4110 1293 4177 spirat,
1318 4125 1346 4164 a
1375 4125 1433 4164 se
1453 4110 1581 4164 vivit
1606 4129 1618 4164 :
1652 4111 1791 4179 quod
1809 4126 1840 4166 a

267 4212 324 4252 se
362 4200 531 4264 vivit,
561 4215 624 4254 ex
655 4208 858 4254 mteruo
885 4212 937 4254 et
968 4201 1019 4255 in
1051 4211 1309 4256 aeternum
1352 4202 1479 4256 vivit
1510 4222 1522 4257 :
1571 4219 1838 4270 nunquam

267 4293 408 4345 enim
432 4307 490 4346 se
512 4292 732 4358 deserit,
765 4293 902 4359 quod
933 4293 1033 4347 sibi
1062 4309 1218 4348 causa
1257 4305 1338 4348 est
1361 4336 1377 4361 ,
1417 4304 1474 4348 ut
1514 4295 1612 4349 hoc
1667 4296 1837 4364 ipsum

266 4383 334 4435 sit
354 4383 492 4450 quod
524 4384 722 4437 existit.
752 4383 882 4438 Cum
919 4385 1074 4452 igitur
1104 4395 1251 4454 pater
1279 4385 1504 4454 sitquod
1529 4394 1611 4440 est
1634 4387 1830 4454 vivere,

265 4481 321 4525 ut
351 4487 511 4539 supra
559 4473 855 4540 docuimus,
913 4475 1090 4530 vivere
1134 4485 1308 4529 autem
1358 4476 1427 4529 sit
1473 4475 1630 4530 vitam
1671 4492 1788 4532 esse
1817 4520 1832 4544 ,
1862 4457 1915 4516 Ῑ)

264 4566 499 4633 itemque
527 4564 664 4634 quod
687 4567 792 4619 vita
823 4565 873 4619 id
895 4567 959 4620 sit
991 4565 1131 4636 quod
1160 4567 1393 4637 gignitur
1408 4566 1476 4621 ab
1500 4582 1562 4620 eo
1589 4569 1728 4636 quod
1756 4580 1838 4624 est

262 4656 462 4720 vivere,
522 4657 824 4712 necessario
872 4657 920 4711 id
963 4668 1043 4711 est
1085 4660 1228 4719 vita,
1274 4659 1413 4726 quod
1458 4660 1634 4714 vivere
1667 4677 1680 4713 :
1713 4662 1839 4716 vivit

262 4747 402 4800 enim
430 4759 484 4802 et
515 4751 618 4802 vita
648 4749 748 4803 hoc
779 4751 893 4818 ipso
921 4750 1042 4818 quia
1074 4751 1180 4802 vita
1220 4758 1322 4814 est,
1363 4759 1522 4819 atque
1551 4766 1614 4805 ex
1644 4767 1701 4805 se
1729 4753 1832 4806 vita

261 4848 335 4893 est
373 4857 385 4892 :
417 4855 480 4893 ex
516 4856 573 4894 se
615 4842 754 4896 enim
785 4843 830 4894 ei
859 4849 939 4895 est
969 4841 1147 4896 vivere
1179 4858 1192 4894 :
1232 4852 1596 4896 verumtamen
1635 4857 1698 4896 ex
1746 4843 1834 4898 illo

261 4930 458 4999 primo,
487 4932 624 4999 quod
653 4943 735 4987 est
763 4934 1124 5001 principaliter
1147 4935 1345 5000 vivere,
1369 4935 1504 5004 quod
1537 4944 1618 4990 est
1659 4947 1825 5005 pater,

263 5023 351 5074 ubi
381 5031 434 5076 et
462 5023 599 5077 unde
627 5024 806 5078 existit
829 5026 956 5088 vita,
987 5026 1070 5078 cui
1100 5025 1236 5079 inest
1275 5034 1328 5079 et
1371 5026 1573 5091 vivere,
1606 5037 1657 5080 et
1684 5042 1748 5081 ex
1773 5043 1832 5083 se

262 5113 464 5174 vivere.
492 5115 631 5183 quod
654 5131 772 5170 esse
805 5117 966 5170 {ilium
999 5117 1180 5173 Jesum
1223 5117 1491 5174 Christum
1525 5119 1824 5188 probamus,

263 5204 612 5272 intelligimus
641 5215 696 5260 et
721 5205 967 5261 fatemur.

336 5292 446 5347 VII.
486 5294 586 5348 Ista
633 5298 811 5350 omnia
850 5313 966 5367 qum
1008 5313 1037 5352 a
1076 5313 1162 5354 me
1202 5299 1342 5354 dicta
1379 5311 1539 5367 sunt,
1576 5303 1831 5372 quemad-

264 5384 478 5438 modum
522 5385 573 5437 in
626 5384 913 5454 Evangelio
941 5391 1067 5444 κατὰ
1113 5391 1320 5448 ιωὰννην
1351 5391 1641 5460 signiﬁcata
1670 5402 1828 5461 atque

260 5485 461 5530 asserta
486 5491 580 5544 per
609 5477 718 5544 ipsa
748 5477 1039 5532 Salvatoris
1063 5482 1221 5535 verba
1250 5481 1520 5539 videamus
1542 5483 1719 5554 (loan.
1748 5501 1824 5539 νι.

259 5567 350 5637 58)
377 5585 388 5619 :
417 5566 558 5620 Misit
587 5584 664 5622 me
697 5569 838 5623 vivus
859 5569 1035 5633 Pater,
1058 5582 1102 5626 et
1131 5589 1220 5644 ego
1242 5575 1347 5628 rivo
1368 5586 1572 5646 propter
1592 5576 1818 5635 Patrem.

261 5656 336 5721 Ac
365 5671 431 5711 ne
459 5657 550 5726 qui
582 5657 738 5713 istum
761 5659 812 5713 in
839 5673 999 5717 carne
1019 5662 1288 5718 Christum
1314 5664 1512 5722 dixisse
1536 5666 1673 5722 istud
1700 5682 1822 5724 cre-

1952 1822 2145 1875 tniuis’.’
2167 1821 2414 1889 Spiritus,
2459 1822 2658 1886 anima,
2688 1835 2813 1875 earn
2845 1838 2857 1874 :
2895 1821 3007 1875 luce
3025 1822 3165 1876 enim
3196 1821 3376 1874 habuit
3411 1838 3530 1878 cum

1951 1915 2211 1977 ascendit,
2239 1925 2291 1968 et
2318 1929 2438 1968 cum
2469 1915 2659 1982 quibus
2680 1913 2938 1968 ascendit.
2963 1915 3098 1979 Quid
3127 1930 3256 1985 ergo
3276 1925 3358 1969 est
3387 1916 3529 1984 quod

1949 2005 2169 2074 adjicit?
2201 2017 2255 2058 ιιι
2284 2007 2501 2073 Spiritus
2534 2005 2858 2073 intelligatur
2899 2006 3084 2078 (Ibid)
3122 2024 3133 2060 :
3171 2007 3267 2061 Ubi
3311 2009 3529 2074 primunt

1951 2099 2045 2168 fuit
2081 2117 2094 2152 :
2135 2097 2232 2150 huc
2258 2105 2360 2161 est,
2385 2098 2604 2165 spiritus
2638 2114 2650 2148 :
2682 2108 2838 2166 atque
2861 2099 2988 2162 vita,
3013 2098 3152 2166 quod
3172 2098 3356 2162 Pater,
3387 2099 3528 2167 quod

1955 2189 2112 2252 Deus,
2161 2189 2296 2242 unde
2343 2190 2456 2242 bare
2498 2187 2756 2260 ὁμοούσια.
2807 2189 2857 2242 id
2904 2198 3002 2251 est,
3056 2191 3528 2244 consubstantialia

1949 2290 2091 2346 sunt,
2123 2280 2266 2332 nullo
2297 2290 2532 2348 tempore
2562 2291 2710 2333 extra
2739 2295 2795 2333 se
2824 2281 3135 2343 existentia,
3165 2281 3530 2350 principaliter

1953 2370 2284 2439 principalia,
2308 2386 2410 2423 una
2439 2371 2731 2438 eademque
2761 2372 3080 2434 substantia,
3107 2373 3152 2424 vi
3177 2373 3310 2440 pari,
3342 2371 3527 2425 eadem

1952 2462 2205 2531 potentia,
2259 2462 2569 2530 majestate,
2613 2464 2844 2524 virtute,
2898 2463 3099 2516 nullum
3145 2463 3312 2516 altero
3360 2464 3524 2531 prius,

1951 2554 2049 2606 nisi
2110 2554 2248 2621 quod
2311 2570 2466 2606 causa
2517 2561 2599 2607 est
2650 2555 2874 2608 alterum
2916 2555 3170 2620 alterius,
3223 2567 3273 2608 et
3329 2555 3527 2610 ideirco

1950 2648 2202 2712 alterum;
2238 2647 2330 2700 sed
2369 2647 2507 2701 idem
2550 2649 2772 2701 a‘terum
2816 2665 2997 2702 verum
3044 2652 3165 2719 quia
3210 2649 3348 2703 idem
3389 2668 3525 2706 unus

1952 2737 2118 2800 Deus;
2149 2738 2267 2805 quia
2299 2753 2425 2792 vero
2451 2741 2710 2804 alterum,
2745 2740 2939 2793 idcirco
2973 2741 3196 2808 primum
3241 2752 3294 2795 et
3335 2757 3522 2795 secun-

1947 2827 2105 2891 dttm;
2153 2837 2207 2882 et
2235 2829 2354 2896 quia
2375 2844 2532 2882 cauea
2557 2830 2780 2882 alterum
2820 2831 3060 2896 alterius,
3108 2832 3304 2886 ideirco
3352 2843 3522 2902 pater,

1947 2922 2084 2989 quod
2131 2936 2287 2975 causa
2335 2934 2459 2976 est:
2511 2923 2561 2975 id
2596 2937 2721 2976 vero
2748 2923 2888 2992 quod
2919 2925 2986 2975 ab
3013 2924 3220 2990 altero,
3266 2926 3443 2988 (ilius:
3472 2927 3522 2980 in

1948 3012 2238 3065 substantia
2285 3028 2410 3066 vero
2436 3013 2573 3066 nulla
2616 3013 2887 3078 distantia,
2929 3014 3072 3067 nulla
3117 3016 3370 3084 temporis
3409 3016 3520 3070 dis-

1949 3103 2134 3164 cretio,
2162 3105 2304 3157 nulla
2333 3104 2680 3171 signiﬁcatio;
2715 3119 2849 3158 unus
2881 3115 3076 3168 motus,
3104 3121 3203 3158 una
3257 3106 3520 3172 voluntas,

1950 3194 2293 3263 ctaliquando
2311 3196 2581 3263 phantasia
2610 3196 2831 3250 alterius
2853 3196 3157 3262 voluntatis,
3178 3196 3270 3250 sed
3310 3213 3522 3265 semper

1947 3285 2151 3340 eadem.

2021 3377 2147 3428 VIII.
2176 3376 2298 3430 Ilznc
2337 3375 2409 3428 ita
2454 3390 2573 3430 esse
2601 3391 2754 3429 sacra
2797 3376 3023 3445 primum
3049 3375 3277 3430 lectione
3323 3376 3518 3430 docea-

1945 3484 2083 3532 mus,
2116 3469 2327 3531 deinde,
2356 3478 2410 3522 ut
2439 3469 2571 3522 ordo
2597 3467 2785 3537 poscit,
2822 3482 2876 3522 ut
2900 3485 3074 3523 rerum
3109 3469 3400 3523 necessitas
3427 3469 3522 3522 ιιι-

1943 3561 2091 3628 gitat,
2116 3573 2169 3614 et
2200 3561 2578 3629 perspiciamus
2602 3560 2653 3614 in
2685 3562 2748 3613 iis
2778 3561 2969 3630 quibus
2997 3570 3078 3614 est
3104 3578 3202 3615 una
3226 3563 3520 3631 eademque

1945 3653 2258 3716 substantia,
2288 3669 2382 3705 cur
2403 3653 2536 3706 alter
2563 3653 2842 3716 mittentis,
2874 3653 3010 3706 alter
3033 3655 3177 3706 missi
3206 3664 3518 3722 potestatem

1943 3754 2128 3814 gerant
2159 3763 2169 3795 :
2203 3745 2512 3812 imperantis
2539 3745 2694 3811 alter,
2724 3745 2856 3799 alter
2887 3746 3117 3798 ministri
3151 3763 3162 3798 :
3193 3746 3330 3799 alter
3371 3758 3518 3800 mqu

1942 3836 2129 3905 agendi
2162 3851 2189 3889 a
2219 3836 2553 3905 passionibus
2579 3838 2764 3902 libero,
2789 3839 2924 3892 alter
2965 3854 3057 3907 per
3091 3838 3328 3893 inﬁnitos
3369 3851 3519 3894 actus

1942 3928 1993 3982 in
2025 3929 2271 3983 creandis
2299 3930 2511 3984 saeculis
2534 3930 2790 3995 infinitus,
2823 3943 2876 3985 et
2899 3933 2962 3985 iis
2982 3949 3099 4002 qua:
3128 3945 3248 3985 sunt
3274 3934 3324 3985 in
3352 3947 3519 3987 smun-

1940 4020 2025 4082 lis,
2053 4020 2280 4090 subjecit
2311 4036 2475 4090 usque
2504 4023 2569 4076 ad
2603 4034 2826 4077 mortem
2860 4025 3166 4078 irmumeras
3203 4026 3500 4095 passiones.

1943 4112 2083 4167 Vivit
2111 4115 2249 4182 qttod
2291 4117 2516 4182 primum
2555 4125 2671 4181 est,
2703 4116 2830 4169 vivit
2882 4133 2946 4170 ex
2984 4132 3139 4182 sese,
3185 4119 3316 4172 vivit
3354 4129 3515 4173 aeter-

1943 4221 2098 4271 num,
2128 4215 2180 4260 et
2211 4206 2310 4260 hoc
2339 4208 2476 4261 Deus
2506 4219 2607 4260 est.
2641 4207 2793 4274 Quod
2825 4209 2996 4276 ipsum
3036 4209 3188 4274 vivit,
3233 4221 3285 4262 ιιι
3332 4210 3512 4273 docui,

1939 4297 2264 4357 existentiae,
2308 4297 2392 4349 vel
2429 4298 2739 4350 substantize
2793 4299 2896 4350 vim
2939 4297 3132 4363 habet,
3166 4308 3220 4351 et
3269 4308 3513 4354 naturam

1940 4387 2061 4439 vita:
2103 4395 2156 4441 et
2197 4387 2562 4457 intelligentia:
2588 4405 2600 4439 :
2631 4388 2793 4440 immo
2839 4389 2953 4456 ipse
2984 4389 3036 4442 in
3066 4407 3130 4443 eo
3175 4390 3312 4459 quod
3353 4400 3432 4444 est
3464 4391 3513 4445 ei

1939 4492 2078 4539 esse,
2106 4479 2204 4531 hoc
2235 4488 2316 4532 est
2336 4478 2467 4532 illutl
2494 4479 2634 4547 quod
2662 4479 2892 4534 dicimus
2919 4479 3118 4546 vivere,
3149 4494 3199 4535 et
3229 4481 3330 4535 hoc
3370 4481 3512 4550 quod

1940 4567 2251 4636 intelligere,
2277 4581 2329 4622 et
2363 4573 2460 4622 hoc
2493 4569 2633 4624 Deus
2658 4581 2739 4624 est
2761 4589 2774 4624 :
2799 4586 2924 4640 ergo
2948 4571 3087 4639 quod
3113 4581 3195 4625 est
3223 4572 3328 4625 Deo
3359 4588 3508 4638 esse,

1939 4657 2236 4710 existentin:
2281 4673 2442 4712 causa
2499 4669 2552 4713 et
2605 4670 2756 4729 pater
2797 4671 2899 4715 est.
2935 4662 2999 4716 Et
3025 4663 3274 4732 quoniam
3314 4664 3362 4716 in
3395 4664 3512 4733 ipso

1938 4759 2035 4799 suo
2061 4761 2179 4800 esse
2208 4748 2312 4801 vita
2343 4750 2390 4801 ei
2417 4759 2518 4815 est,
2550 4760 2602 4804 et
2633 4751 2682 4804 in
2714 4766 2779 4805 eo
2810 4753 2970 4805 etiam
3016 4768 3176 4807 nosse
3213 4753 3300 4822 qui
3337 4758 3423 4818 sit,
3457 4764 3511 4808 et

1941 4837 2058 4890 vita:
2101 4840 2444 4906 universalis,
2479 4843 2920 4912 etintelligentite
2947 4844 3065 4898 iens
3103 4855 3204 4899 est.
3243 4848 3312 4900 De
3343 4847 3508 4902 tribus

1937 4931 2077 4985 enim
2111 4933 2226 4986 iStis
2254 4948 2373 5001 quas
2409 4933 2641 5004 simplici
2690 4939 2974 4991 existentia
3013 4938 3065 4991 in
3111 4939 3218 4993 Deo
3244 4949 3386 5007 sunt,
3422 4941 3507 4996 vel

1935 5035 2054 5090 quae
2078 5021 2216 5075 Dens
2247 5032 2390 5088 sunt,
2421 5025 2589 5092 magis
2614 5039 2733 5078 esse
2766 5026 2902 5079 Deus
2931 5035 3012 5080 est
3041 5045 3052 5078 :
3078 5027 3218 5095 quod
3247 5044 3310 5082 ex
3334 5045 3392 5084 se
3416 5031 3510 5084 ha-

1933 5113 2025 5166 bet
2049 5113 2250 5178 vivere,
2293 5126 2346 5169 ct
2387 5117 2552 5170 vitam
2581 5131 2720 5178 esse,
2763 5119 2845 5171 vel
2889 5119 3205 5189 intelligere,
3234 5122 3506 5176 etintelli-

1930 5206 2164 5273 gentiam
2190 5221 2328 5273 esse,
2359 5217 2414 5262 ut
2438 5223 2596 5277 supra
2625 5209 2920 5274 docuimus,
2951 5219 3004 5264 et
3033 5211 3083 5264 in
3127 5211 3384 5280 pluribus.
3434 5213 3501 5268 Ut

1930 5299 2038 5365 jam
2071 5298 2276 5368 reliqua
2304 5299 2428 5364 duo,
2473 5300 2632 5354 vitam
2661 5300 2783 5355 dico
2825 5312 2879 5354 et
2920 5302 3321 5373 intelligentiam
3353 5306 3496 5358 acci-

1932 5390 2142 5459 piamus
2165 5433 2180 5457 ,
2225 5402 2281 5444 ut
2308 5393 2482 5460 genita
2512 5394 2579 5446 ab
2608 5409 2672 5448 eo
2699 5395 2838 5462 quod
2875 5405 2959 5450 est
3001 5411 3150 5458 esse,
3181 5412 3337 5450 suum
3382 5414 3504 5454 esse

1929 5482 2174 5537 habentia
2207 5484 2366 5537 abeo
2396 5485 2534 5548 quod
2567 5493 2650 5538 est
2689 5487 2915 5552 primum
2957 5503 3077 5543 esse
3114 5499 3312 5542 motum
3339 5531 3354 5552 ,
3399 5506 3498 5559 pro

1925 5576 2101 5645 priore
2126 5575 2384 5630 existendi
2430 5575 2536 5630 vim
2561 5592 2623 5630 ac
2656 5593 2846 5633 nomen
2875 5581 2994 5634 vita:
3036 5582 3504 5650 intelligentiamve

1922 5670 2127 5725 sortita.
2157 5669 2344 5727 Omnia
2365 5669 2504 5725 enim
2528 5669 2578 5724 in
2597 5670 2762 5726 tribus
2777 5680 2926 5727 terna
2965 5684 3088 5729 sunt
3111 5673 3507 5744 quodammodo
