3950 6206
450 226 586 285 1119
1692 226 1874 281 MAR"
1918 223 2248 279 \‘lCTORlNl
2278 224 2430 277 AFRI
3514 221 3638 275 1190

452 347 507 392 ει
531 337 714 393 ordine
753 338 1017 392 nominata
1048 355 1060 392 :
1095 353 1195 391 non
1226 338 1364 407 quod
1406 352 1508 391 non
1551 338 1600 390 in
1640 337 1857 405 singulis
1905 336 1995 388 tri-
2024 344 2067 395 Α
2100 351 2362 403 nunquam
2400 350 2456 389 se
2484 335 2746 399 deseruit,
2776 344 2863 389 aut
2889 335 3136 389 deseret:
3170 350 3232 389 ex
3255 344 3455 389 aeterno
3496 333 3640 401 igitur

455 428 555 482 bus
594 431 727 483 trina
771 440 920 493 sunt,
974 430 1066 483 sed
1096 429 1234 498 quod
1276 438 1420 484 motu
1463 429 1511 482 id
1547 439 1831 496 operantur
1859 427 1995 495 quod

457 534 577 574 esse
599 520 843 574 dicuntur
874 538 886 572 :
919 535 1035 576 esse
1062 521 1198 575 enim
1224 522 1417 589 primus
1447 530 1618 574 motus
1646 529 1746 582 εει,
1775 518 1859 586 qui
1887 532 1999 570 ces-

461 623 585 662 sans
614 610 803 663 dicitur
830 622 1021 672 motus,
1056 611 1193 664 idem
1221 611 1361 663 intus
1390 619 1558 662 motus
1585 627 1598 663 :
1626 624 1742 663 cum
1775 606 1913 660 enim
1945 620 2001 659 se

462 708 521 749 ut
548 698 739 751 existat
786 710 1061 766 operatur,
1092 708 1234 751 recte
1264 707 1314 751 et
1341 700 1480 751 intus
1506 707 1768 761 motus,ct
1792 709 2004 748 cessans

466 794 639 838 motus
661 795 741 839 est
772 786 1088 839 nominatus.
1122 786 1251 839 lliuc
1273 802 1368 839 nos
1389 794 1585 839 motum
1617 800 1735 838 esse
1758 784 2002 845 dicimus,

466 876 605 944 quod
652 885 732 929 est
762 877 886 930 vivit
913 893 974 930 ac
1004 880 1179 930 vivere
1207 876 1345 945 :jam
1388 892 1512 930 vero
1540 890 1657 929 cum
1686 891 1748 929 ex
1779 890 1841 929 eo
1870 874 2006 943 quod

467 978 547 1020 est
580 966 701 1019 vivit
730 982 789 1021 ac
820 968 993 1022 vivere
1034 970 1268 1021 contecta
1296 967 1519 1035 quodam
1564 964 1717 1019 modo
1749 974 1803 1018 et
1840 964 2008 1032 genita

469 1055 524 1109 in
552 1055 758 1110 habitus
802 1059 1031 1127 speciem
1075 1058 1237 1125 ipsius
1274 1056 1412 1124 quod
1448 1064 1529 1110 est
1565 1056 1692 1107 vivit
1730 1069 1790 1106 ac
1838 1054 2012 1106 vivere

472 1147 637 1197 forma
658 1146 877 1199 formata
908 1146 993 1208 sit,
1023 1148 1133 1199 lucc
1156 1150 1279 1212 vita,
1306 1147 1415 1198 lucc
1442 1146 1579 1199 ﬁlius
1607 1145 1921 1198 nominatur.
1947 1141 2015 1195 Ut

472 1238 612 1290 enim
644 1235 805 1289 forma
838 1238 1102 1303 qua-libet,
1138 1238 1217 1290 vel
1249 1238 1316 1290 ibi
1348 1238 1511 1305 posita
1540 1238 1625 1289 ubi
1653 1244 1755 1298 est,
1787 1235 1863 1287 vel
1893 1234 2015 1287 alibi

476 1328 617 1383 ducit
648 1344 741 1383 nos
768 1330 832 1384 ad
866 1330 1286 1400 cognoscendum
1322 1346 1440 1383 eum
1484 1328 1632 1397 cujus
1658 1337 1734 1381 est
1763 1344 1775 1389 ;
1811 1326 1884 1380 sic
1914 1328 2017 1379 vita

478 1420 601 1474 facit
626 1436 721 1474 nos
759 1438 912 1475 nosse
949 1422 1070 1490 quid
1102 1422 1168 1474 sit
1208 1424 1383 1474 vivere
1425 1438 1437 1472 :
1468 1429 1615 1474 actus
1656 1420 1795 1472 enim
1838 1428 1917 1469 cst
1948 1418 2022 1468 vi-

476 1496 602 1563 vere
624 1551 636 1573 ,
662 1520 712 1563 et
740 1512 788 1563 in
830 1519 946 1563 actu
976 1511 1256 1564 momentis
1291 1510 1535 1563 omnibus
1563 1522 1744 1562 cursus
1765 1548 1776 1570 ,
1809 1514 1860 1559 ct
1905 1506 2021 1558 ideo

478 1596 668 1650 dictum
693 1596 866 1669 (Joan.
901 1614 937 1651 ι.
974 1598 1057 1667 18)
1087 1617 1098 1652 :
1130 1598 1290 1651 Deum
1313 1614 1453 1651 nemo
1475 1598 1594 1650 vidit
1622 1612 1859 1664 unquam.
1896 1594 2023 1661 Quis

2097 435 2150 478 at
2174 441 2256 492 me
2287 427 2336 478 in
2368 436 2621 479 a-ternunt
2646 428 2772 480 vivit
2799 428 3097 494 principalis
3116 437 3167 479 ct
3194 425 3507 480 universalis
3525 424 3636 477 sub-

2100 517 2287 567 smutia
2316 514 2556 577 vivendi,
2582 530 2685 568 non
2712 526 2766 567 ιιι
2802 515 3089 569 substantia
3114 517 3215 578 sit,
3243 524 3299 569 et
3332 517 3408 567 sic
3434 514 3639 575 vivens;

2104 603 2193 656 sed
2226 604 2392 672 ipsum
2416 604 2553 672 quod
2582 614 2661 659 est
2687 604 2885 666 vivens,
2907 606 3006 658 hoc
3028 606 3193 672 ipsum
3221 602 3517 656 substantia
3540 612 3643 655 est:

2103 707 2270 760 neque
2312 695 2449 747 enim
2493 708 2607 746 cmn
2644 693 2813 761 ipsum
2855 695 3054 755 vivens,
3088 708 3150 746 ac
3194 693 3341 755 vivit,
3384 701 3441 745 et
3473 692 3641 743 vivere

2105 796 2223 835 esse
2248 823 2262 846 ,
2293 792 2346 835 ct
2386 783 2768 849 quodammodo
2809 797 2925 836 esse
2971 782 3314 851 intelligatur,
3362 796 3468 833 non
3508 794 3652 831 suum

2107 870 2206 923 sibi
2252 886 2367 923 esse
2404 872 2540 938 quod
2577 873 2681 934 sit,
2723 870 3009 923 substantia
3054 880 3163 934 est,
3198 871 3295 924 hoc
3338 878 3393 923 et
3428 868 3653 921 lectione

2108 960 2252 1014 ouiui
2277 976 2445 1025 sacra,
2464 973 2516 1015 et
2544 977 2715 1014 rerum
2748 963 2974 1030 ipsarum
2998 961 3213 1014 veribus
3240 960 3462 1028 spiritus
3494 957 3658 1012 nomi-

2112 1062 2284 1105 natur.

2184 1143 2248 1196 Χ.
2278 1143 2450 1211 Spirat
2486 1152 2657 1197 autem
2698 1144 2941 1210 spiritus,
2980 1154 3030 1197 et
3071 1159 3099 1196 a
3142 1158 3201 1197 se
3228 1142 3416 1211 spirat,
3441 1151 3497 1195 et
3527 1142 3659 1195 Deus

2115 1246 2156 1300 ει
2180 1232 2329 1286 iritus
2357 1242 2435 1285 est
2465 1252 2477 1285 :
2507 1234 2669 1301 spirat
2708 1249 2862 1297 vero,
2896 1234 2994 1287 hoc
3034 1245 3143 1298 est,
3175 1234 3311 1301 quod
3342 1232 3469 1284 vivit
3499 1250 3509 1283 :
3540 1231 3661 1283 vivit

2116 1339 2239 1392 ergo
2268 1341 2296 1375 ιι
2326 1340 2382 1378 εε
2405 1336 2457 1376 ει
2486 1339 2693 1391 semper
2724 1324 2957 1393 spiritus,
2986 1325 3075 1393 qui
3100 1326 3233 1376 Deus
3260 1333 3340 1376 est
3365 1341 3377 1373 :
3410 1323 3555 1385 vivit,
3582 1321 3659 1374 in-

2117 1428 2293 1482 quam,
2325 1424 2480 1483 atque
2510 1416 2559 1467 in
2589 1424 2708 1467 actu
2741 1415 2967 1475 vivendi,
2992 1426 3043 1469 et
3073 1417 3184 1481 ipso
3214 1429 3373 1482 opere
3412 1414 3517 1464 vita
3547 1426 3659 1464 cum

2119 1505 2264 1569 vivit,
2296 1521 2454 1573 opere
2483 1505 2638 1557 vitam
2669 1521 2784 1558 cum
2812 1506 2957 1567 vivit,
2986 1516 3250 1572 eperatur.
3274 1504 3404 1557 Nata
3442 1518 3564 1571 ergo
3586 1510 3663 1555 est

2120 1596 2327 1649 vivente
2362 1598 2465 1650 lico
2490 1596 2593 1648 vita
2629 1605 2843 1660 :rterua,
2872 1604 3117 1663 generata
3140 1604 3240 1657 est,
3274 1606 3325 1647 et
3366 1593 3488 1662 quia
3522 1592 3660 1656 vivit,

480 1688 619 1742 enim
650 1689 824 1743 videat
852 1692 1060 1753 vivere,
1090 1691 1228 1758 quod
1276 1690 1414 1743 Deus
1460 1698 1571 1753 est,
1620 1688 1735 1741 sine
1768 1690 1866 1739 vita
1906 1702 2023 1754 qua:
2056 1687 2101 1744 B
2127 1688 2295 1756 ipsmn
2326 1687 2616 1742 substantia
2649 1696 2761 1740 est:
2788 1695 2840 1740 et
2865 1687 3000 1755 quod
3032 1697 3112 1739 est
3152 1687 3217 1738 ab
3245 1701 3310 1739 eo
3340 1684 3479 1754 quod
3519 1684 3662 1747 vivit,

484 1778 815 1833 lineamentis
839 1779 1055 1847 agendis
1102 1781 1151 1831 in
1176 1780 1396 1847 quadam
1420 1780 1595 1847 Specie
1620 1778 1725 1830 coit
1751 1785 1801 1829 et
1826 1776 2019 1843 existit,

484 1879 540 1921 ut
583 1870 651 1922 sit
688 1869 853 1922 forma
898 1870 1151 1923 viventis?
1182 1871 1314 1938 Ergo
1361 1870 1473 1936 ejus
1517 1868 1655 1937 quod
1700 1874 1782 1920 est
1826 1867 2023 1929 vivere,

484 1960 649 2012 forma
678 1969 758 2012 est
786 1961 910 2022 vita,
948 1974 1039 2027 per
1066 1975 1242 2028 quam,
1277 1960 1356 2013 vel
1381 1963 1430 2011 in
1461 1974 1558 2027 qua
1587 1957 1726 2025 quod
1768 1968 1869 2020 est,
1901 1956 2028 2009 vivit

485 2063 546 2102 ac
591 2049 767 2103 vivere
811 2050 1051 2113 videtur,
1082 2051 1331 2119 accipitur
1375 2061 1425 2104 et
1466 2049 1785 2117 agnoscitur,
1816 2047 1954 2112 quod
1997 2060 2025 2098 a

494 2147 643 2205 patre
692 2138 952 2205 signiﬁcat
1002 2138 1194 2191 dictum
1246 2138 1533 2192 Salvatoris
1563 2136 1737 2207 (Joan.
1787 2152 1896 2189 XIV.
1929 2135 2026 2204 9):

490 2230 585 2292 Qui
613 2245 690 2280 me
712 2229 841 2280 videt
871 2230 998 2281 videt
1024 2240 1069 2279 et
1099 2229 1299 2280 Patrem
1326 2245 1344 2281 :
1378 2228 1540 2281 Filitts
1569 2227 1707 2279 enim
1750 2227 1838 2280 Dei
1868 2226 2027 2278 forma

489 2318 580 2371 Dei
606 2328 705 2382 εει,
738 2318 787 2369 id
816 2327 915 2382 est,
948 2319 1070 2381 vita,
1106 2333 1221 2387 qua)
1252 2327 1333 2370 est
1363 2317 1525 2370 forma
1556 2318 1794 2370 viventis.
1832 2317 2030 2368 Dictum

490 2409 628 2461 enim
668 2425 694 2460 a
744 2409 903 2462 Paulo
942 2409 1005 2462 ad
1038 2408 1401 2478 Pliilippenses
1446 2407 1696 2478 (Philipp.
1734 2424 1785 2469 ιι,
1814 2407 1898 2475 6):
1938 2408 2035 2473 Qui

488 2514 599 2549 cum
628 2500 677 2549 in
705 2503 866 2567 [arma
895 2498 988 2551 Dei
1009 2501 1299 2551 constitutus
1330 2510 1469 2559 esset,
1502 2515 1597 2550 non
1636 2499 1859 2567 rapinam
1898 2497 2035 2549 arbi-

491 2596 653 2638 tratus
683 2597 773 2653 est,
805 2598 857 2639 ut
895 2599 1016 2641 esset
1060 2590 1267 2658 (aqualis
1295 2588 1419 2642 Deo.
1446 2589 1573 2642 Item
1600 2591 1663 2641 ad
1697 2590 2036 2648 Colossenses

496 2679 710 2749 (Coloss.
761 2695 797 2732 ι.
842 2679 931 2750 15)
962 2698 974 2731 :
1009 2681 1103 2747 Qui
1133 2692 1203 2733 est
1243 2683 1405 2750 imago
1454 2683 1710 2735 invisibilis
1747 2682 1855 2735 Dei.
1901 2682 2037 2750 Ergo

495 2767 645 2821 Jcsus
671 2768 913 2822 Christus
937 2779 991 2822 ει
1028 2772 1215 2839 imago,
1248 2781 1297 2824 et
1337 2774 1499 2823 forma
1547 2772 1653 2824 Dei.
1689 2771 1920 2823 Diximus
1946 2788 2039 2823 au-

495 2867 598 2912 tem
624 2860 760 2929 quod
791 2861 841 2914 in
865 2862 1026 2913 forma
1056 2861 1279 2925 videtur,
1308 2863 1355 2913 id
1384 2862 1531 2930 Cujus
1561 2864 1721 2914 forma
1750 2873 1832 2914 :et
1854 2863 2036 2915 eodem

495 2960 649 3020 pacto
700 2962 751 3004 ct
800 2953 849 3004 in
894 2953 1115 3021 imagine
1168 2954 1370 3007 videtur
1412 2958 1485 3019 is,
1528 2955 1675 3021 cujus
1717 2956 1884 3021 imago
1925 2963 2033 3015 est,

2126 1790 2179 1831 et
2204 1778 2305 1829 vita
2354 1778 2462 1845 ipsa
2504 1776 2794 1830 subsmntia
2838 1786 2941 1840 est,
2990 1791 3081 1845 per
3120 1776 3303 1829 eadem
3350 1774 3570 1843 :equztlis
3610 1787 3665 1826 ac

2127 1867 2303 1930 simul,
2335 1868 2453 1935 quia
2487 1868 2652 1935 ipsum
2680 1865 2809 1918 vivit
2842 1868 2943 1919 vita
2968 1877 3066 1927 εει,
3109 1880 3261 1934 atque
3305 1865 3416 1931 ipsa
3462 1865 3564 1915 vita
3596 1863 3666 1914 vi.

2131 1956 2300 2010 vendo
2329 1958 2505 2009 existit
2551 1966 2604 2007 ut
2630 1956 2735 2007 vita
2774 1956 2858 2008 sit.
2885 1955 3110 2022 Spiritus
3131 1968 3258 2021 ergo
3284 1963 3363 2006 est
3396 1951 3592 2015 vivere,
3620 1960 3667 2004 et

2130 2047 2235 2099 vita
2275 2047 2485 2114 spiritus
2530 2053 2612 2099 est
2644 2064 2654 2096 :
2684 2046 3045 2113 compleCIitur
3087 2058 3145 2097 se
3185 2054 3488 2111 utrumque,
3538 2051 3587 2094 et
3622 2042 3667 2093 in

2134 2148 2408 2205 utrumque
2432 2146 2532 2199 est,
2561 2146 2612 2189 et
2640 2135 2860 2188 alterum
2900 2150 3002 2187 non
3030 2146 3085 2186 ut
3112 2133 3377 2203 geminum
3410 2144 3463 2185 ει
3500 2132 3669 2199 ιιιῌεεο

2133 2240 2261 2293 tum,
2292 2230 2380 2283 sed
2414 2228 2743 2296 simplicitate
2800 2243 2864 2280 ex
2905 2242 2961 2279 se
2997 2236 3152 2294 atque
3189 2227 3238 2278 in
3280 2241 3337 2277 se
3377 2223 3667 2287 existentis,

2133 2320 2279 2388 quasi
2306 2320 2519 2371 alterius
2541 2318 2846 2373 substantia:
2867 2319 3206 2386 duplicatum,
3246 2330 3513 2384 nunquam
3563 2331 3589 2366 a
3619 2330 3671 2368 se

2134 2410 2434 2472 discretum,
2465 2410 2585 2477 quia
2620 2411 2667 2461 in
2706 2408 2920 2477 singulis
2950 2410 3235 2477 geminum.
3272 2406 3480 2459 Etenim
3507 2407 3672 2458 vivere

2135 2517 2251 2556 cum
2281 2501 2385 2553 vita
2408 2511 2511 2565 est,
2538 2512 2591 2554 ct
2614 2500 2713 2551 vita
2748 2515 2926 2553 rursus
2960 2514 3076 2551 cum
3106 2513 3170 2552 eo
3200 2510 3280 2551 est
3318 2498 3454 2566 quod
3485 2507 3564 2549 est
3603 2496 3674 2549 vi-

2134 2607 2258 2645 vere
2288 2609 2298 2643 :
2327 2594 2502 2645 vivere
2558 2601 2753 2654 autem,
2800 2600 2847 2640 ut
2908 2588 3201 2653 docuimus,
3242 2590 3378 2641 Deus
3427 2597 3527 2651 est,
3574 2588 3671 2639 vita

2137 2682 2378 2736 Christus
2408 2701 2419 2733 :
2451 2690 2503 2734 ει
2529 2681 2648 2749 quia
2677 2681 2852 2733 vivere
2881 2690 2933 2731 ut
2962 2688 3243 2747 generator
3270 2690 3349 2733 est
3379 2679 3535 2731 vitas:
3566 2690 3674 2731 actu

2140 2774 2298 2837 enim,
2341 2771 2477 2840 quod
2508 2783 2586 2824 cst
2615 2771 2807 2835 vivere,
2844 2779 2897 2821 ut
2930 2770 3167 2838 qumdam
3210 2770 3374 2837 prolis
3397 2771 3498 2821 vita
3526 2784 3676 2835 gene-

2140 2874 2301 2923 tatur,
2328 2864 2383 2916 ﬁt
2410 2864 2486 2931 (t)
2510 2863 2681 2916 vivere
2714 2874 2874 2929 pater,
2903 2861 3035 2914 ﬁlius
3059 2863 3182 2925 vita,
3202 2860 3298 2914 ista
3321 2861 3435 2929 ipsa
3450 2861 3672 2929 quidem,

2139 2957 2227 3024 qni
2252 2956 2471 3007 alterum
2503 2956 2688 3015 altero,
2716 2953 2908 3006 idcirco
2934 2953 3053 3005 duo.
3080 2951 3232 3006 Unde
3254 2952 3392 3005 enim
3432 2953 3552 3010 duo,
3586 2950 3675 3002 nisi

499 3045 723 3096 maxime
752 3044 793 3096 si
825 3044 869 3096 is
898 3046 1046 3109 cujus
1074 3045 1243 3113 imago
1263 3087 1275 3109 ,
1306 3055 1386 3098 cst
1427 3046 1719 3108 invisibilis,
1762 3048 1892 3097 sicut
1920 3044 2037 3097 beic
2063 3039 2105 3097 C
2140 3047 2364 3099 alterum
2392 3046 2455 3097 ab
2484 3046 2686 3097 altero?
2716 3054 2769 3098 et
2808 3059 3015 3111 semper
3044 3044 3179 3113 quod
3212 3045 3277 3096 ab
3305 3044 3474 3097 altero
3513 3053 3593 3096 est
3618 3042 3673 3094 ﬁ-

500 3130 693 3183 dictum
731 3147 743 3180 :
782 3130 955 3200 Imago
984 3132 1077 3184 Dei
1120 3134 1395 3185 invisibilis.
1429 3133 1623 3186 Eodem
1661 3133 1813 3185 modo
1845 3134 2038 3185 dictum

499 3220 549 3273 in
580 3220 863 3289 Evangelio
884 3225 1011 3276 κατὰ
1030 3227 1225 3280 ιωάννην
1256 3241 1267 3274 :
1297 3224 1448 3275 Deum
1479 3240 1619 3275 nemo
1642 3240 1858 3293 unquam
1884 3224 2037 3287 vidit,

499 3312 595 3364 nisi
626 3311 921 3379 Unigenitus
946 3311 1129 3375 Filius,
1155 3314 1237 3380 qui
1267 3314 1328 3365 de
1355 3314 1465 3364 sinu
1497 3317 1602 3383 ejus
1634 3314 1798 3366 exivit.
1836 3311 1894 3364 Et
1917 3312 2042 3364 item

501 3402 576 3454 sic
600 3401 762 3470 Moysi
805 3402 999 3454 dictum
1039 3400 1228 3470 (Exod.
1273 3418 1457 3465 χχχιιι,
1488 3401 1576 3471 20)
1607 3420 1618 3452 :
1652 3401 1851 3453 Faciem
1890 3417 2044 3451 nteant

500 3506 599 3543 non
647 3491 866 3555 videbis;
908 3493 1015 3559 quis
1065 3494 1193 3544 enim
1225 3493 1403 3559 faciem
1444 3508 1601 3543 nteant
1641 3493 1762 3543 vidit
1801 3502 1845 3542 et
1891 3493 2046 3544 vixit?

502 3579 747 3634 Permisit
780 3591 951 3633 tamen
985 3592 1328 3649 posterganea
1350 3597 1441 3636 sua
1474 3582 1657 3647 videri,
1690 3581 1739 3634 id
1771 3591 1869 3647 est,
1894 3582 2045 3633 deur-

501 3683 637 3732 sum,
672 3680 965 3739 cmteraque
988 3681 1177 3738 prieter
1210 3672 1413 3725 faciem.

571 3759 658 3813 IX.
685 3760 819 3826 Quot
852 3759 965 3814 beic
996 3762 1276 3828 mysteria?
1306 3773 1429 3830 quot
1458 3777 1645 3831 genera
1668 3762 2047 3830 qua-stiouum'.’

502 3860 628 3919 quot
647 3850 792 3917 signa
822 3851 883 3903 ad
911 3852 1277 3905 declarandum
1301 3862 1351 3904 et
1378 3854 1558 3915 Deum,
1583 3860 1632 3904 et
1654 3852 1829 3905 Jesum
1864 3851 2044 3904 Clu-is-

504 3952 635 4005 tum,
663 3954 716 3995 et
749 3942 1090 3995 substantiam
1122 3959 1269 4007 esse,
1294 3954 1347 3999 et
1382 3960 1536 3996 unum
1580 3945 1735 3997 ambo
1773 3960 1890 3997 esse
1924 3945 2046 3997 sub-

504 4032 768 4095 stantiam,
790 4041 841 4085 et
866 4032 1022 4086 simul
1052 4042 1328 4101 utrumque
1355 4049 1509 4085 uuam
1534 4049 1651 4087 esse
1678 4035 2044 4097 substantiam,

504 4130 557 4174 et
581 4136 607 4171 a
640 4132 786 4189 patre
818 4123 924 4175 ﬁlio
944 4138 1061 4176 esse
1084 4124 1475 4177 substantiam?
1502 4124 1627 4189 Qua:
1664 4134 1871 4188 cuneta,
1896 4131 2048 4191 atque

507 4209 800 4278 Itujusmodi
827 4212 948 4273 aiia,
983 4214 1125 4266 nullo
1157 4215 1311 4266 modo
1339 4214 1619 4281 exillicari,
1652 4213 1867 4281 intelligi
1895 4223 2049 4281 atque

504 4303 784 4370 approbari
810 4314 1047 4370 possunt,
1081 4306 1177 4357 nisi
1202 4307 1444 4372 superior
1481 4315 1729 4359 tractatus
1760 4306 2049 4359 manifestis

2143 3136 2242 3187 lius
2268 3144 2367 3199 est,
2401 3135 2524 3186 illud
2553 3144 2724 3187 autem
2754 3135 2889 3185 unde
2926 3134 3166 3195 alterum,
3207 3144 3371 3201 pater.
3404 3132 3505 3184 Sed
3547 3146 3674 3184 nunc

2143 3241 2247 3279 non
2291 3225 2358 3277 ita
2384 3225 2606 3278 alterum
2647 3233 2701 3277 ιιι
2733 3224 3013 3276 discretum
3051 3232 3206 3291 atque
3254 3223 3551 3287 diversmn,
3590 3221 3675 3274 scd

2146 3327 2343 3371 tantum
2371 3318 2587 3370 altermn
2612 3317 2675 3368 ab
2694 3315 2881 3379 altero,
2909 3325 2964 3368 ut
2985 3315 3269 3369 conﬁciens
3295 3326 3451 3384 atque
3474 3313 3674 3367 coniec-

2147 3417 2292 3471 tum,
2338 3420 2391 3462 et
2436 3422 2690 3476 generatis
2743 3416 2898 3475 atque
2946 3417 3217 3476 gneratum
3245 3448 3259 3468 ,
3315 3407 3671 3476 conjunctione

2145 3498 2447 3551 substantiae
2482 3506 2756 3566 utrumque
2786 3513 2974 3561 unum,
3008 3512 3124 3552 cum
3159 3506 3212 3550 et
3258 3498 3435 3551 vivere
3468 3499 3564 3549 vita
3612 3498 3674 3547 sit

2147 3597 2196 3641 et
2228 3590 2333 3639 vita
2368 3590 2477 3656 ipsa
2508 3588 2683 3641 vivere
2712 3605 2725 3640 :
2758 3588 2878 3640 ltinc
2921 3596 3068 3654 pater
3089 3599 3137 3641 et
3167 3588 3329 3649 (ilius,
3357 3603 3491 3639 unus
3531 3587 3674 3639 Deus.

2149 3678 2213 3730 Et
2253 3678 2368 3753 quia
2400 3678 2673 3730 eotiversio
2715 3677 2963 3729 naturalis
2996 3677 3289 3730 existentia:
3332 3691 3435 3729 non
3462 3677 3557 3728 nisi
3588 3690 3675 3727 una

2147 3780 2260 3823 est:
2288 3781 2341 3823 nt
2370 3772 2507 3825 enim
2538 3772 2585 3823 iu
2608 3784 2671 3824 eo
2700 3769 2837 3839 quod
2867 3781 2946 3823 est
2977 3771 3152 3823 vivere
3183 3770 3319 3822 inest
3347 3769 3473 3835 vita,
3497 3779 3545 3821 et
3565 3768 3676 3820 item

2149 3864 2198 3916 in
2220 3878 2282 3916 eo
2309 3863 2442 3930 quod
2472 3871 2551 3914 εει
2572 3864 2693 3926 vita,
2721 3862 2855 3914 inest
2883 3862 3091 3923 vivere;
3123 3876 3222 3912 uua
3253 3861 3362 3912 sola
3395 3873 3445 3912 et
3471 3874 3681 3913 conver-

2148 3957 2225 4007 sio
2246 3963 2343 4007 est.
2376 3953 2523 4007 Unde
2552 3969 2668 4005 cum
2694 3954 2744 4006 in
2773 3968 2835 4005 eo
2856 3954 2989 4019 quod
3015 3952 3114 4004 vita
3136 3962 3235 4013 est.
3267 3952 3389 4005 insit
3411 3962 3464 4004 et
3487 3953 3679 4012 vivere;

2151 4044 2343 4096 idcirco
2368 4044 2662 4109 unigenitus
2695 4044 2829 4095 lilius
2871 4042 3332 4097 consubstantialis
3370 4044 3527 4109 patri,
3560 4056 3685 4094 unus

2150 4141 2201 4185 ct
2231 4134 2341 4200 ipse
2365 4133 2521 4196 ﬁlius,
2545 4141 2691 4198 pater
2739 4147 2889 4185 unus.
2918 4132 3066 4186 Unde
3106 4147 3204 4184 una
3244 4132 3536 4199 eademque
3574 4130 3684 4183 sub-

2150 4223 2359 4281 stantia.
2385 4230 2436 4274 ct
2455 4223 2608 4275 simul
2636 4237 2695 4275 ac
2723 4236 2933 4289 semper
2958 4239 2969 4272 :
2995 4221 3103 4275 Hoc
3129 4232 3209 4275 est
3234 4223 3373 4273 enim
3405 4222 3682 4293 ὁμοο-ὂσιον,

2151 4313 2271 4383 ὁμοῦ
2299 4316 2470 4366 οὐσίαν
2496 4313 2650 4382 ἔχων,
2684 4312 2835 4364 simul
2858 4312 3199 4365 subStantiam
3232 4312 3453 4375 habens,
3484 4327 3684 4379 parem-

506 4392 2251 4473 perceptionibusilluceseatﬁitigiturnobisﬁvasententia,une
2305 4404 2559 4457 existendi
2626 4402 2726 4454 vim
2796 4412 2952 4469 atque
3013 4403 3290 4465 virtutem,
3351 4405 3689 4468 eamdemque

506 4480 643 4547 quod
671 4482 805 4535 Deus
834 4484 1047 4549 spiritus
1078 4486 1164 4546 sit,
1191 4494 1241 4537 et
1263 4487 1473 4553 spiritus
1504 4488 1568 4539 de
1596 4502 1696 4553 quo
1719 4489 1921 4539 etﬁlius
1944 4488 2049 4554 spi-

508 4571 660 4632 ritus,
706 4580 758 4623 et
800 4574 1011 4639 Spiritus
1055 4574 1279 4642 Spiritus
1306 4585 1516 4630 sanctus
1556 4576 1730 4648 (Joan.
1756 4594 1830 4641 ιιι,
1860 4578 1946 4647 ﬁ):
1978 4580 2052 4631 De

508 4661 685 4725 spiritu
703 4663 840 4715 enim
862 4667 993 4732 quod
1018 4668 1239 4719 nascitur
1281 4668 1484 4735 spiritus
1508 4678 1580 4720 est
1614 4667 1785 4738 (Juan.
1818 4684 1890 4732 Vt,
1922 4670 2010 4739 65)
2037 4689 2049 4723 :

508 4749 729 4818 Spiritus
756 4764 920 4807 autem
947 4756 1177 4823 vivi/ient.
1202 4757 1349 4822 Quod
1383 4758 1627 4819 viviﬁcat,
1659 4760 1835 4825 utique
1881 4762 2048 4827 ipsum

507 4841 626 4894 vivit
652 4858 663 4893 :
696 4846 830 4911 quod
862 4846 1005 4910 vivit,
1030 4849 1147 4913 quia
1170 4849 1381 4915 Spiritus
1404 4861 1501 4912 εει,
1532 4867 1558 4901 a
1583 4865 1641 4903 se
1663 4851 1786 4903 vivit
1813 4862 1893 4904 :et
1916 4852 2050 4919 quod

508 4946 535 4982 a
566 4946 623 4983 se
656 4934 795 4995 vivit,
827 4936 924 4988 hoc
954 4935 1123 5003 ipsum
1154 4946 1234 4990 εει
1268 4940 1404 5006 quod
1439 4939 1595 4992 vivit:
1626 4948 1678 4991 ct
1706 4941 1822 5007 quia
1845 4944 1978 5006 quod
2020 4958 2046 4993 ιι

508 5034 564 5073 se
592 5021 735 5087 vivit,
765 5038 882 5075 cum
920 5026 1087 5091 ipsum
1128 5029 1195 5079 sit
1219 5029 1356 5096 quod
1384 5038 1468 5081 cst
1496 5030 1641 5091 vivit,
1670 5045 1765 5082 nec
1796 5030 1933 5083 aliud
1960 5031 2052 5082 lia-

509 5111 596 5163 bet
619 5113 755 5180 quod
785 5114 965 5168 vivere
1005 5116 1245 5170 dicatur:
1280 5133 1381 5171 non
1423 5120 1561 5171 cnim
1601 5120 1910 5172 viviﬁcatunt
1952 5124 2053 5185 est,

511 5202 601 5254 sed
639 5203 763 5257 vivit
803 5204 1003 5272 ipsum,
1039 5208 1159 5261 vivit
1204 5212 1282 5263 vel
1327 5212 1501 5265 vivere
1543 5212 1809 5265 existens:
1839 5225 1889 5266 et
1932 5214 2051 5282 quia

504 5290 663 5354 vivit,
712 5307 772 5346 ac
810 5295 990 5349 vivere
1039 5312 1193 5367 agerc
1238 5309 1340 5363 est,
1386 5300 1436 5352 in
1479 5315 1543 5354 eo
1570 5301 1706 5369 quod
1738 5317 1765 5355 a
1812 5318 1867 5355 sc
1908 5303 2053 5367 vivit,

508 5396 771 5454 nunquam
814 5387 1015 5455 coepit;
1077 5403 1181 5443 non
1212 5390 1350 5444 enim
1390 5393 1685 5459 expectavit
1716 5392 1961 5458 alterum,
2000 5404 2057 5447 ut

569 5568 645 5626 ιιι
689 5568 789 5623 Fit.
820 5569 977 5625 Forte
1006 5573 1098 5625 sic.

2154 4494 2457 4546 Substantia:
2496 4502 2757 4555 naturam,
2789 4494 2929 4546 nullo
2958 4504 3189 4561 tempore
3221 4504 3529 4559 prmeunte;
3557 4492 3689 4561 quod

2155 4598 2251 4635 nos
2275 4583 2719 4636 consubstantiale
2747 4582 2969 4635 dicimus
2994 4623 3008 4645 ,
3048 4584 3316 4635 causativo
3357 4585 3531 4649 priore
3559 4582 3688 4650 quod

2154 4681 2234 4726 cst
2262 4672 2454 4735 vivere,
2490 4673 2551 4723 ad
2584 4672 2631 4725 id
2654 4672 2789 4741 quod
2823 4674 2923 4723 vita
2956 4681 3067 4736 est,
3109 4680 3163 4724 ut
3192 4672 3317 4724 illud
3348 4686 3606 4739 generatis
3634 4686 3692 4725 ac

2158 4772 2320 4829 pater,
2355 4764 2451 4815 ltoc
2477 4765 2708 4831 genitum
2740 4778 2798 4815 ac
2830 4762 2998 4824 ﬁlius,
3033 4772 3083 4816 et
3112 4763 3209 4821 sit.
3240 4775 3291 4815 ct
3314 4778 3432 4817 esse
3475 4765 3687 4818 dicatur.

2158 4852 2294 4920 Ergo
2315 4853 2431 4920 quia
2458 4854 2631 4905 insunt
2654 4854 2777 4911 sibi.
2798 4863 2848 4905 et
2871 4853 2993 4905 licet
3013 4861 3159 4920 pater
3183 4867 3302 4906 cum
3324 4853 3411 4912 sit.
3435 4855 3571 4907 ﬁlius
3595 4870 3690 4907 non

2152 4941 2221 4993 sit
2244 4959 2255 4992 :
2282 4956 2561 5009 rursusque
2591 4957 2709 4993 cum
2733 4941 2886 5003 ﬁlius,
2911 4942 3097 5009 quiest
3125 4941 3238 5009 ejus
3257 4942 3406 5009 cujus
3436 4954 3517 4995 cst
3539 4944 3688 5005 ﬁlius,

2154 5042 2301 5102 pater
2348 5049 2449 5085 non
2482 5033 2578 5095 sit;
2613 5041 2784 5085 tamen
2814 5033 2861 5084 vi
2885 5046 3059 5085 rerum
3092 5041 3143 5085 et
3171 5033 3479 5086 substantia:
3518 5034 3691 5100 parili-

2155 5133 2279 5189 tate,
2318 5139 2435 5178 cunt
2482 5125 2658 5178 vivere
2710 5124 2813 5176 vita
2843 5124 2910 5176 sit
2937 5132 2989 5175 et
3029 5138 3129 5175 una
3154 5123 3222 5175 sit
3252 5124 3461 5185 vivere,
3510 5124 3690 5176 merito

2154 5214 2328 5266 divina
2375 5214 2660 5266 Salvatoris
2699 5227 2826 5267 voce
2849 5214 3239 5281 pronuntiatum
3262 5222 3343 5265 est
3373 5211 3551 5280 (Joan.
3579 5227 3685 5271 xvi,

2156 5305 2241 5367 10,
2268 5306 2352 5372 11)
2385 5323 2397 5356 :
2432 5304 2495 5357 Et
2517 5322 2605 5370 ego
2625 5306 2673 5355 in
2703 5303 2874 5365 Patre,
2897 5316 2941 5356 et
2973 5304 3124 5357 Pater
3143 5307 3192 5356 in
3220 5321 3313 5356 me.
3346 5304 3476 5357 llinc
3498 5316 3544 5358 et
3570 5303 3687 5357 illud

2153 5403 2236 5449 est
2255 5393 2428 5463 (Joan.
2461 5412 2513 5460 ιι,
2536 5393 2626 5465 50)
2650 5411 2663 5447 :
2690 5392 2801 5463 Ego
2828 5404 2873 5447 et
2904 5392 3056 5446 Pater
3083 5411 3238 5447 unum
3263 5412 3434 5448 sumus
3460 5412 3473 5447 :
3506 5395 3686 5449 ctenim
