3950 6206
240 295 372 355 “Si

1339 301 1704 358 ADVERSUS
1730 301 1944 358 ARlUM
1983 302 2183 357 LlBBl'v
2221 305 2308 358 ιν.

3344 299 3482 356 ΗΒἏ

238 424 363 464 cmn
411 425 589 466 rerum
624 413 675 467 vl
705 422 758 467 et
787 421 970 468 natura
999 413 1110 483 ipsa
1137 414 1272 470 duce
1302 416 1432 469 nihil
1462 415 1568 470 sint
1614 417 1810 480 omnia,
1841 419 1893 477 Α
1918 415 2113 485 cipiunt
2154 415 2491 471 existentium
2519 455 2532 478 ,
2576 414 2989 468 substantiartnn
3024 421 3224 482 patrem
3244 453 3258 477 ,
3289 411 3378 481 qui
3409 412 3474 466 ab

240 501 286 554 si
318 518 422 556 non
459 504 660 570 vivant,
684 514 737 559 et
757 513 902 559 motu
925 505 1072 559 vitali
1112 521 1298 572 vacua,
1328 522 1426 562 nec
1454 507 1646 561 molem
1673 506 1812 577 hyli-

242 607 367 647 cum
407 605 495 648 aut
523 597 818 651 existentia:
858 597 938 652 vel
976 597 1282 667 imaginem,
1332 599 1414 652 vel
1445 598 1674 667 speciem
1719 596 1813 650 ha-

244 682 379 740 bere
406 686 695 745 credantur
720 705 733 740 :
767 687 963 741 ﬂuendi
986 687 1126 742 enim
1155 703 1216 742 ac
1241 687 1497 742 reﬂuendi
1522 698 1706 741 natura
1734 687 1814 740 iu-

242 775 459 831 condite
472 776 818 844 subsistendi,
836 793 938 832 non
960 778 1150 846 recipit
1164 779 1241 833 vis
1260 777 1458 833 lubrica
1479 778 1811 844 inconstans,

243 880 346 920 nec
367 866 588 920 formant
613 868 823 937 recipit,
848 877 904 922 ιιι
929 868 1123 939 aliquid
1149 883 1266 923 esse
1287 869 1512 922 dicatur.

317 954 408 1009 XI.
440 955 592 1012 Unde
621 972 807 1013 carens
841 975 906 1014 eo
931 959 1074 1029 quod
1102 968 1183 1014 est
1229 959 1427 1029 aliquid
1472 974 1622 1024 csse,
1655 960 1814 1016 etiam

245 1060 371 1102 esse
404 1062 560 1102 suum
598 1057 763 1115 tenet,
812 1058 869 1103 ut
908 1061 1050 1105 recte
1095 1050 1240 1104 nullo
1262 1051 1418 1104 modo
1449 1065 1565 1106 esse
1601 1051 1813 1105 dicitur.

245 1139 320 1192 At
347 1154 490 1194 nunc
508 1140 889 1210 comprehensa
937 1151 992 1195 et
1035 1148 1168 1206 tota,
1194 1149 1352 1210 atque
1377 1142 1426 1194 in
1459 1141 1691 1209 partibus
1713 1141 1817 1194 cir-

245 1232 594 1295 cumsistens,
623 1244 675 1286 et
703 1235 949 1295 formata,
982 1243 1140 1301 atque
1186 1232 1286 1286 hoc
1314 1241 1620 1300 eorporata,
1655 1241 1708 1284 et
1750 1229 1818 1285 ad

245 1320 449 1390 aliquid
474 1337 592 1376 esse
619 1324 797 1390 specie
823 1324 998 1392 aliqua
1018 1337 1167 1393 capta
1194 1334 1247 1378 ct
1265 1340 1382 1378 esse
1410 1325 1641 1378 Cl‘CdllUl'
1662 1341 1673 1375 :
1694 1324 1819 1392 quia

247 1425 397 1470 motu
421 1415 588 1476 vitali,
620 1425 670 1470 et
697 1416 764 1469 ab
786 1416 991 1470 inﬁnito
1021 1418 1182 1472 certis
1207 1419 1540 1471 lineamentis
1575 1425 1741 1487 septa,
1766 1416 1818 1469 iu

248 1523 443 1562 sensus
492 1509 818 1563 certissimos
882 1518 1248 1578 promovetur.
1309 1508 1445 1577 Ergo
1485 1508 1653 1576 hylica
1705 1522 1820 1576 qua:

248 1608 399 1664 ειιιιι,
433 1608 637 1654 utesse
667 1598 965 1666 videantur,
1001 1601 1124 1654 facit
1146 1601 1223 1654 vis
1251 1600 1590 1669 potentiaque
1626 1600 1819 1662 vitalis,

247 1707 369 1762 qua:
393 1691 630 1744 defluens
650 1707 679 1744 a
702 1692 832 1764 λόγῳ
861 1692 948 1745 illo
978 1691 1066 1760 qui
1111 1693 1213 1744 vita
1254 1699 1367 1754 est,
1395 1706 1550 1759 quem
1597 1690 1821 1746 dicimus

1911 521 1974 560 eo
1995 507 2261 576 quodipse
2287 516 2386 571 est,
2415 520 2530 561 esse
2560 507 2769 560 caneris
2801 513 3036 574 pra'stat,
3063 504 3349 558 secundum
3372 503 3479 556 vim

1911 613 1971 653 ac
1994 609 2230 652 naturam
2257 598 2657 668 percipientium
2681 597 2893 651 vivendi
2915 596 3227 666 potentiam,
3245 586 3483 649 substan-

1915 688 2145 758 tiamque
2186 690 2510 745 moderatus.
2557 689 2693 756 Quid
2722 690 2856 758 ipse,
2886 699 2978 744 aut
3019 689 3070 742 in
3111 691 3250 756 quo?
3279 687 3483 756 Quippe

1914 780 2062 834 vivus
2090 794 2388 850 verusque:
2417 781 2593 847 Unus,
2627 790 2684 836 ut
2708 797 2802 835 nos
2833 781 2898 834 de
2933 795 2988 834 se
3017 780 3158 849 loqui
3199 780 3326 833 sinit
3355 796 3368 832 :
3407 778 3484 831 vi-

1914 873 2008 939 vit,
2042 883 2092 927 et
2120 887 2183 926 ex
2220 883 2419 928 atterno
2463 884 2516 928 et
2547 874 2599 927 in
2631 881 2888 928 aeternum
2919 871 3067 932 vivit.
3094 885 3160 926 ex
3194 885 3252 925 se
3282 869 3483 924 habens

1917 966 2044 1020 illud
2072 967 2261 1033 ipsum,
2294 966 2434 1037 quod
2464 967 2509 1020 ei
2541 966 2834 1020 substantia
2856 974 2964 1019 est:
2994 963 3157 1028 vivit;
3190 977 3292 1017 non
3337 961 3480 1016 enim

1916 1061 1963 1115 ei
1990 1060 2246 1116 accedere
2273 1071 2421 1115 actus
2443 1069 2533 1114 aut
2553 1059 2732 1113 debuit
2763 1067 2854 1111 aut
2877 1057 3065 1127 potuit,
3102 1072 3169 1111 ne
3199 1054 3486 1126 aliquando

1917 1170 1947 1207 a
1976 1169 2033 1207 se
2059 1155 2231 1208 minus
2257 1172 2268 1204 :
2299 1152 2390 1207 sed
2423 1167 2634 1222 semper
2666 1151 2934 1220 perfectus
2954 1192 2968 1215 ,
2996 1149 3184 1219 plenus
3216 1164 3277 1202 ac
3308 1157 3447 1202 totus
3470 1189 3486 1212 ,

1921 1246 1972 1300 itt
2013 1263 2076 1300 eo
2108 1248 2246 1314 quod
2273 1258 2353 1300 est
2383 1247 2431 1299 ei
2457 1260 2596 1309 esse,
2627 1247 2759 1298 inest
2787 1245 2946 1298 etiam
2976 1244 3053 1296 sic
3079 1256 3199 1296 eSse
3225 1257 3235 1292 :
3269 1250 3490 1294 cauera-

1919 1354 2022 1399 que
2060 1349 2176 1406 post
2223 1338 2384 1391 Deum
2437 1345 2574 1402 sunt,
2611 1345 2664 1389 et
2688 1335 2937 1401 potentia:
2984 1342 3126 1396 sunt,
3159 1341 3213 1386 ct
3252 1331 3488 1386 actiones

1923 1430 2190 1497 potentiie,
2216 1443 2334 1498 qua:
2367 1428 2414 1480 vi
2444 1443 2536 1480 sua
2578 1427 2686 1496 jam
2717 1440 2836 1478 esse
2875 1424 3182 1488 creduntur,
3214 1432 3271 1476 ut
3313 1422 3492 1478 omnia

1921 1527 1975 1573 et
1997 1533 2132 1581 esse,
2159 1527 2211 1572 et
2244 1518 2437 1572 habere
2472 1518 2767 1581 videantur,
2804 1531 2920 1585 qua:
2947 1514 3165 1568 maturis
3197 1514 3493 1582 processio-

1923 1608 2006 1663 nis
2029 1609 2236 1662 actibus
2277 1608 2557 1663 existentia
2598 1607 2647 1659 in
2675 1621 2771 1660 suo
2801 1621 2962 1675 opere
3003 1605 3118 1659 heic
3147 1604 3341 1659 habere
3371 1620 3493 1673 pro-

1924 1701 2065 1752 venit
2111 1716 2123 1750 :
2167 1699 2402 1752 actiones
2450 1708 2626 1752 autem
2686 1697 2972 1762 dicuntur,
3027 1711 3146 1749 cum
3203 1695 3494 1751 existendis

250 1782 442 1847 ﬁliuni,
477 1797 569 1851 per
595 1781 975 1852 ΑιείιειιευΙοε,
1007 1781 1258 1851 Angelos,
1281 1780 1544 1846 Thronos,
1587 1780 1818 1844 Glorias,

1927 1792 2261 1859 processibus
2283 1793 2522 1861 gignunt,
2547 1805 2608 1843 ac
2634 1793 2772 1843 foras
2801 1797 3046 1856 pronnmt
3066 1787 3208 1856 quod
3233 1801 3351 1840 esse
3374 1803 3498 1855 pos-

249 1885 553 1943 caeteraque
571 1889 687 1943 qua:
704 1888 862 1942 supra
881 1873 1130 1927 mundum
1153 1880 1295 1938 sunt,
1315 1871 1483 1941 primo
1505 1872 1554 1924 in
1577 1886 1821 1940 corpora,

249 1975 414 2032 atque
443 1962 596 2027 αὔλα,
623 1964 848 2017 naturali
877 1979 969 2018 sua
1002 1964 1292 2018 substantia
1323 1962 1516 2017 munda
1547 1975 1704 2032 atque
1731 1978 1824 2032 pn-

249 2057 396 2110 riora
426 2071 546 2110 cum
573 2055 739 2110 currit
787 2070 849 2110 ac
879 2055 1093 2123 labitur,
1127 2057 1296 2110 lucem
1328 2071 1476 2111 suam
1511 2056 1712 2125 majore
1741 2056 1822 2109 sui

248 2148 630 2202 communione
672 2146 903 2216 patitur,
963 2163 1083 2202 mox
1136 2149 1187 2203 in
1230 2149 1459 2202 animam
1510 2147 1818 2217 fontemque

251 2238 446 2290 anima:
489 2237 749 2307 gradatim
809 2239 1047 2293 veniens.
1097 2238 1228 2305 Quia
1277 2239 1451 2291 anima
1510 2238 1684 2307 imago
1731 2244 1820 2292 τοῦ

251 2331 403 2404 λόγου
444 2341 547 2397 εει,
595 2331 747 2400 quasi
798 2331 1026 2401 quadam
1076 2331 1378 2398 cognitione
1430 2330 1684 2399 majorem
1731 2330 1823 2384 de-

254 2421 455 2476 fluendi
493 2423 684 2492 accipit
725 2439 963 2478 cursum.
995 2423 1060 2476 Et
1098 2423 1220 2491 quia
1248 2422 1298 2475 in
1341 2421 1619 2474 animanda
1649 2422 1822 2475 anima

254 2521 526 2583 properat,
555 2514 611 2566 lit
638 2514 684 2567 ei
707 2512 1061 2566 inanimanda
1113 2512 1231 2580 ejus
1270 2511 1587 2580 petulantior
1622 2513 1824 2581 appeti-

256 2612 361 2656 tus.
390 2602 528 2656 Hinc
558 2601 610 2655 in
643 2602 798 2673 hylen
831 2617 1024 2662 mersa,
1058 2609 1113 2656 et
1134 2600 1410 2654 mundanis
1440 2601 1738 2666 elementis,
1770 2609 1824 2655 et

259 2702 531 2763 postremo
571 2693 870 2748 carnalibus
905 2692 1132 2746 vinculis
1171 2693 1458 2762 implicata,
1491 2693 1820 2762 corruptioni

255 2793 415 2854 atque
447 2785 543 2854 ipsi
574 2784 727 2838 morti
753 2800 870 2839 sese
918 2785 1168 2851 miscens,
1197 2785 1402 2839 vivendi
1432 2784 1628 2838 idolum
1657 2795 1822 2839 mate-

257 2880 348 2933 ria:
381 2879 596 2933 fmcibus
618 2888 852 2948 prmstat.
880 2879 1070 2932 \‘ivunt
1091 2893 1218 2948 ergo
1239 2887 1425 2932 cuncta
1455 2887 1686 2940 terrena,
1720 2876 1819 2929 hu-

257 2979 424 3042 mida,
447 2993 621 3039 aerea,
647 2979 818 3047 ignea,
851 2979 1102 3041 mtherea,
1141 2977 1396 3039 caelestia,
1431 2990 1533 3028 non
1568 2976 1695 3048 λόγῳ
1733 2973 1820 3025 ἰΙΙο

259 3069 458 3139 priore,
487 3084 585 3122 nec
621 3069 743 3121 vitae
770 3067 975 3136 integro
1002 3065 1220 3130 lumine,
1243 3065 1337 3119 sed
1365 3075 1578 3132 propter
1603 3065 1820 3132 copula-

1921 1893 2062 1936 sunt.
2089 1882 2156 1937 Ut
2183 1897 2361 1936 semen
2385 1883 2491 1952 jam
2522 1883 2753 1952 potentia
2781 1891 2882 1944 est,
2913 1890 2966 1935 et
2992 1880 3220 1943 culmus,
3250 1889 3301 1934 et
3332 1878 3485 1944 folia;

1929 1974 2011 2027 vel
2041 1990 2153 2028 mas
2181 1983 2274 2028 aut
2316 1974 2509 2028 femina
2541 1989 2780 2027 venerea:
2805 1971 3108 2043 cupiditatis
3138 1971 3324 2024 effusio
3349 1986 3362 2034 ;
3395 1970 3490 2025 sed

1923 2063 2036 2120 haec
2059 2066 2108 2118 in
2143 2063 2338 2118 mundo
2364 2075 2521 2134 atque
2547 2065 2644 2119 sub
2673 2065 2791 2117 luna
2816 2081 2828 2114 :
2852 2078 3010 2132 supra
3058 2077 3184 2116 vero
3208 2062 3258 2114 in
3286 2061 3487 2116 aethere

1922 2167 2080 2226 atque
2117 2157 2253 2211 cmlo
2281 2158 2519 2210 actiones
2557 2165 2715 2220 sunt,
2755 2166 2914 2224 atque
2953 2153 3247 2208 actionibus
3290 2154 3490 2220 vivunt,

1921 2246 2012 2299 sed
2041 2245 2219 2314 genita
2242 2247 2400 2300 etiam
2424 2245 2563 2315 quod
2594 2244 2829 2298 futurum
2857 2244 3068 2299 fuerant
3089 2243 3257 2297 facta:
3289 2257 3354 2297 ex
3375 2252 3494 2297 ortu

1923 2337 2063 2391 enim
2097 2352 2193 2391 suo
2222 2339 2273 2391 in
2315 2339 2653 2407 Operationes
2694 2338 2935 2407 proprias
2975 2351 3206 2404 suasque
3251 2335 3492 2402 dimissa,

1923 2445 2046 2483 suos
2069 2439 2217 2484 actus
2240 2441 2440 2484 natura:
2465 2431 2789 2484 continentis
2818 2429 3133 2499 contagione
3161 2427 3488 2482 discurrunt.

1995 2522 2130 2576 Xlll.
2155 2522 2305 2588 Quod
2329 2524 2373 2576 si
2402 2521 2515 2576 haec
2541 2537 2656 2592 qua:
2675 2521 2728 2575 in
2758 2521 2954 2574 mundo
2992 2529 3116 2575 sunt
3160 2529 3310 2574 actus
3341 2529 3489 2586 sunt,

1923 2628 2119 2684 quanto
2149 2617 2326 2686 'magis
2355 2616 2444 2669 illa
2487 2630 2604 2685 qum
2635 2616 2686 2668 in
2718 2615 2934 2669 aeternis
2964 2629 3028 2669 ac
3057 2630 3214 2684 supra
3255 2614 3496 2669 coelestia

1923 2717 2069 2775 sunt,
2092 2720 2240 2763 actus
2266 2718 2390 2762 sunt
2419 2719 2472 2762 et
2498 2707 2737 2762 actiones
2762 2715 2906 2773 sunt,
2937 2723 3055 2776 qttzt:
3094 2706 3358 2760 mundana
3396 2706 3495 2758 ista

1922 2803 2250 2870 genuerunt?
2280 2800 2408 2855 Item
2452 2811 2505 2854 ct
2539 2801 2713 2854 anima
2757 2809 2814 2853 et
2852 2799 3042 2868 Angeli
3077 2814 3142 2852 ex
3185 2799 3399 2859 animis,
3444 2805 3500 2850 et

1922 2908 2078 2962 supra
2101 2893 2326 2946 animas.
2359 2892 2488 2946 Nam
2517 2901 2570 2946 et
2595 2893 2770 2944 anima
2795 2893 3069 2963 αὐτογόνῳ,
3100 2889 3151 2943 id
3181 2899 3282 2953 est,
3321 2903 3418 2942 suo
3445 2897 3500 2943 et

1922 2999 1950 3036 τι
1977 3000 2034 3036 se
2065 2984 2163 3037 sibi
2197 2993 2312 3035 orto
2345 2994 2486 3036 motu
2511 2982 2695 3044 fertur,
2737 2985 3058 3042 αὐτοκίνητος
3098 2982 3312 3047 dicitur,
3359 2981 3499 3036 unde

1922 3080 2147 3137 ἀκίνητος
2181 3093 2193 3127 :
2226 3090 2352 3145 ergo
2390 3090 2602 3142 semper
2627 3077 2675 3128 in
2707 3087 2850 3129 motu
2879 3085 2981 3140 est,
3006 3077 3147 3146 quod
3181 3085 3262 3130 est
3285 3090 3500 3145 semper

258 3162 458 3217 tionem
500 3159 727 3230 bylicam
767 3158 945 3211 saucia
995 3157 1113 3212 lnce
1137 3158 1301 3221 vitali,
1332 3157 1512 3210 vivunt
1538 3171 1697 3224 supra
1734 3170 1820 3209 ca-

1927 3182 2105 3237 agere,
2152 3177 2205 3221 ct
2250 3182 2366 3223 esse
2409 3168 2575 3236 ipsam
2607 3171 2870 3243 ἐνέργειαν,
2904 3178 2959 3222 ιιι
2989 3169 3058 3223 sit
3092 3169 3139 3222 ei
3183 3169 3501 3235 substantia,

255 3253 441 3316 lestia,
484 3263 535 3306 et
568 3249 733 3319 magis
760 3250 962 3314 vivunt,
996 3264 1113 3317 qua:
1152 3249 1218 3302 ab
1249 3247 1368 3318 hyle
1404 3255 1457 3300 et
1486 3263 1512 3299 a
1555 3246 1824 3315 corporeis

256 3344 483 3401 nexibus
523 3350 880 3404 recesserunt,
918 3339 1239 3408 utpuriorcs
1260 3339 1480 3403 animm,
1521 3347 1572 3391 et
1600 3337 1819 3399 Thmui,

260 3445 312 3490 ct
335 3433 568 3497 Gloriae;
604 3434 725 3485 item
758 3431 944 3499 Angeli
974 3439 1131 3499 atque
1173 3430 1270 3498 ipsi
1309 3429 1556 3498 Spiritus,
1580 3428 1663 3480 alii
1691 3437 1745 3480 ut
1772 3428 1822 3480 in

257 3525 386 3584 alio,
412 3523 461 3576 id
489 3532 590 3586 est,
617 3523 665 3573 in
689 3536 781 3574 sua
805 3521 1097 3574 substantia
1116 3521 1275 3572 vitam
1298 3518 1574 3572 habentes:
1598 3516 1686 3569 alii
1716 3517 1825 3583 ipsa

259 3615 364 3667 vita
394 3625 513 3667 sttnt
540 3629 552 3665 :
578 3612 732 3667 Jesus
762 3620 937 3664 autem
968 3609 1230 3675 Christus,
1255 3621 1308 3663 et
1335 3618 1546 3662 sanctus
1563 3606 1821 3674 Spiritus:

258 3721 381 3760 nam
409 3714 464 3760 et
492 3705 556 3759 de
579 3704 680 3758 hoc
709 3719 831 3757 mox
868 3701 1177 3756 docebimus
1204 3719 1216 3756 :
1242 3699 1400 3754 simul
1431 3713 1550 3753 cum
1581 3698 1707 3762 Deo,
1732 3694 1825 3749 sed

258 3813 286 3848 a
320 3796 430 3850 Deo
463 3805 634 3848 tamen
659 3793 760 3847 vita
793 3803 936 3856 sunt,
968 3792 1060 3846 sed
1093 3790 1378 3845 universali
1407 3790 1508 3842 vita
1536 3787 1744 3850 vivunt,
1773 3799 1828 3841 et

256 3902 288 3939 a
324 3900 382 3940 se
409 3888 608 3946 vivunt,
643 3893 826 3938 etnon
862 3884 912 3936 in
957 3885 1122 3937 altero
1167 3880 1420 3935 habentes
1446 3879 1585 3949 quod
1621 3880 1824 3944 vivunt,

260 3976 354 4031 sed
382 3987 438 4029 ut
478 3974 580 4029 hoc
609 3975 780 4043 ipsum
809 3974 914 4028 illis
939 3987 1058 4028 esse
1102 3973 1172 4026 sit
1202 3974 1378 4026 vivere
1414 3979 1466 4025 ct
1493 3972 1652 4024 vitam
1684 3985 1824 4033 esse,

261 4077 312 4122 et
337 4066 613 4122 scientiam
635 4079 754 4120 esse
783 4075 934 4135 patre
966 4063 1226 4127 tradente,
1271 4062 1369 4116 hoc
1390 4072 1491 4124 est,
1521 4061 1826 4130 principali-

268 4167 348 4211 ter
369 4158 629 4211 existente
650 4171 714 4209 co
735 4155 874 4226 quod
905 4165 986 4208 est
1014 4154 1214 4208 vivere.
1237 4153 1375 4222 Ergo
1397 4150 1473 4224 (ι)
1507 4152 1617 4205 haec
1649 4152 1826 4204 omnia

261 4257 569 4302 emnncrata
601 4247 812 4310 vivant,
841 4255 893 4300 et
923 4246 1051 4298 nihil
1081 4246 1150 4300 sit
1173 4246 1252 4298 vel
1287 4245 1337 4298 in
1385 4244 1598 4298 :elernis
1618 4285 1631 4305 ,
1669 4244 1750 4296 vel
1773 4243 1825 4296 in

261 4337 547 4392 mundanis
572 4346 661 4390 aut
683 4335 892 4406 hylicis,
914 4335 1052 4404 quod
1077 4351 1179 4388 non
1206 4349 1302 4404 pro
1320 4344 1502 4387 natura
1525 4347 1616 4386 sua
1648 4333 1824 4386 vivat:

263 4429 442 4498 utique
487 4426 843 4481 confitendum
881 4434 963 4479 est
1016 4438 1133 4479 esse
1168 4424 1274 4478 vim
1314 4423 1575 4493 quandam
1615 4423 1699 4476 vel
1737 4436 1829 4489 po-

1928 3259 2014 3312 ille
2044 3267 2235 3312 motus.
2270 3259 2474 3312 Dietum
2508 3269 2592 3313 est
2620 3260 2759 3312 cnim
2792 3258 2946 3326 (Gen.
2982 3275 3019 3322 ι,
3059 3260 3188 3328 26);
3227 3259 3498 3313 Faciamus

1928 3353 2179 3404 hominem
2199 3350 2264 3403 ad
2288 3353 2556 3419 imaginem
2582 3360 2625 3402 et
2654 3351 3038 3404 similitudinem
3065 3363 3307 3404 nostram.
3330 3349 3501 3404 Habet

1927 3456 2053 3507 ergo
2084 3443 2343 3512 αὐτὸγονον
2364 3443 2570 3504 κίνησιν,
2596 3439 2646 3492 id
2687 3451 2791 3506 est,
2823 3451 3022 3494 motum
3066 3457 3093 3493 a
3121 3457 3178 3496 sc
3200 3451 3405 3506 ortum,
3442 3449 3500 3495 ut

1931 3530 2040 3584 Deo
2070 3543 2170 3595 est,
2205 3539 2263 3584 ut
2286 3530 2520 3584 Christo.
2566 3530 2669 3585 Sed
2699 3532 2817 3599 quia
2847 3546 2952 3585 nou
2982 3541 3066 3586 est
3096 3533 3183 3586 ille
3216 3532 3361 3601 prior
3390 3533 3502 3600 Spi-

1927 3624 2060 3676 ritus
2080 3663 2095 3685 ,
2127 3622 2323 3675 idcirco
2349 3623 2449 3675 alia
2495 3623 2809 3687 substantia,
2845 3632 2899 3676 ει
2939 3624 3074 3678 facta
3098 3666 3110 3688 ,
3143 3641 3246 3678 non
3271 3640 3299 3678 a
3328 3640 3387 3679 se
3411 3641 3504 3680 ex-

1930 3712 2112 3778 istens,
2133 3712 2223 3766 sed
2247 3711 2380 3765 facta
2405 3722 2508 3766 uta
2533 3727 2591 3766 se
2617 3712 2834 3766 haberet
2853 3724 3050 3767 motum
3074 3730 3087 3762 :
3114 3715 3306 3783 quippe
3327 3716 3502 3770 anima

1927 3803 2091 3866 aliud,
2122 3802 2264 3856 aliud
2311 3803 2414 3855 vita
2442 3821 2456 3857 :
2485 3804 2590 3856 vita
2622 3803 2759 3856 enim
2807 3804 3016 3859 vivendi
3060 3804 3273 3858 habitus
3305 3815 3418 3868 est,
3450 3814 3504 3860 et

1929 3894 2077 3963 quasi
2104 3895 2341 3962 quaedam
2383 3894 2574 3961 forma,
2606 3895 2691 3947 vel
2722 3905 2892 3948 status
2919 3895 3146 3949 vivendo
3169 3898 3499 3966 progenitus,

1928 3984 1980 4038 in
2010 4000 2067 4038 se
2096 3986 2374 4039 continens
2402 3985 2571 4052 ipsum
2602 3987 2804 4050 vivere,
2829 3997 2988 4055 atque
3013 3986 3062 4040 id
3086 4002 3203 4041 esse
3231 3989 3369 4057 quod
3396 3991 3505 4044 vita

1929 4081 2030 4133 est,
2062 4077 2342 4137 utrumque
2381 4069 2449 4122 sit
2483 4085 2584 4122 una
2617 4069 2909 4124 substantia
2940 4089 2950 4122 :
2978 4085 3081 4123 non
3104 4071 3241 4124 enim
3273 4086 3397 4126 vere
3427 4073 3506 4126 al-

1930 4168 2099 4215 terum
2122 4161 2171 4213 in
2194 4161 2384 4225 altero,
2413 4161 2505 4214 sed
2537 4177 2697 4215 unum
2726 4163 2952 4230 simplici
2976 4177 3074 4215 suo
3107 4163 3410 4232 geminum;
3449 4173 3504 4218 et

1931 4251 2187 4306 idcircoin
2203 4267 2279 4319 se,
2299 4255 2421 4322 quia
2437 4269 2499 4308 ex
2519 4269 2576 4307 se
2596 4271 2609 4318 ;
2630 4265 2682 4309 et
2700 4254 2819 4308 ideo
2834 4269 2896 4308 ex
2919 4269 2997 4317 se,
3013 4257 3133 4324 quia
3153 4255 3290 4308 aliud
3313 4270 3503 4323 Opera-

1933 4355 2016 4398 tur
2042 4347 2094 4397 in
2138 4345 2360 4413 septima
2393 4347 2704 4414 simplicitas
2730 4363 2742 4398 ε
2768 4347 2920 4414 quies
2946 4346 3087 4401 enim
3137 4347 3266 4400 nihil
3293 4349 3495 4418 gignit;

1934 4443 2110 4490 motus
2138 4450 2268 4491 vero
2290 4445 2343 4490 et
2368 4436 2556 4506 agendi
2578 4438 2816 4505 operatio
2838 4436 3030 4490 format
3056 4438 3157 4492 sibi
3179 4453 3244 4492 ex
3276 4453 3334 4492 se
3361 4440 3502 4508 quod

265 4520 482 4573 tentiam
519 4533 620 4587 qua
641 4528 827 4573 cuncta
867 4516 1151 4580 viveﬁant,
1184 4525 1238 4570 et
1267 4515 1414 4584 quasi
1448 4513 1656 4568 vivendi
1688 4513 1829 4567 fonte
1854 4511 1905 4569 Ι)
1933 4527 2022 4593 εει,
2058 4529 2140 4582 νει
2184 4529 2358 4597 potius
2393 4529 2789 4597 quonammodo
2830 4530 2931 4583 εει,
2971 4545 3198 4600 namque
3248 4546 3387 4596 esse,
3426 4532 3507 4585 νί,

268 4610 318 4664 iu
345 4610 534 4664 vitales
559 4608 774 4677 spiritus
795 4609 1088 4677 erigantur,
1119 4617 1175 4661 ut
1213 4622 1276 4661 ex
1313 4606 1413 4660 hoc
1456 4613 1509 4660 et
1535 4607 1743 4670 vivant,
1774 4613 1827 4659 et

267 4704 387 4773 quia
417 4703 620 4766 vivunt,
644 4717 762 4756 esse
788 4701 973 4754 sortita
995 4700 1124 4754 sint.

337 4796 453 4850 XII.
481 4797 610 4863 Quis
639 4805 719 4850 est
743 4795 863 4857 iste.
895 4795 1031 4849 unde
1058 4795 1108 4848 in
1139 4803 1336 4848 aeterna
1365 4803 1522 4862 atque
1548 4794 1600 4847 in
1633 4801 1830 4847 morta-

262 4887 330 4944 lia
359 4887 531 4940 vitalis
556 4887 772 4952 spiritus
793 4886 980 4954 spirat,
1010 4900 1116 4954 quo
1135 4885 1315 4954 vigent
1342 4893 1551 4945 cuncta,
1583 4898 1686 4953 quo
1708 4883 1832 4937 sub-

261 4981 474 5046 sistunt,
498 4993 604 5047 quo
630 4986 777 5031 actus
808 4977 1051 5046 proprios
1078 4985 1312 5039 sumunt,
1345 4992 1449 5045 quo
1489 4985 1536 5030 ct
1581 4985 1831 5045 generata

261 5081 401 5135 sunt,
451 5078 505 5124 et
545 5077 857 5138 generatura
903 5067 1254 5136 proveniunt?
1303 5067 1459 5131 Deus,
1508 5066 1623 5120 sine
1673 5065 1834 5119 dubio

265 5161 431 5228 Deus,
464 5171 518 5214 et
546 5160 684 5230 quod
716 5159 882 5213 menti
911 5169 1105 5212 nostra:
1133 5158 1460 5212 venerationi
1501 5165 1582 5211 est
1620 5157 1830 5210 vivendi

263 5262 434 5322 pater,
464 5266 765 5319 numenque
797 5249 1027 5303 vivendi.
1065 5249 1216 5303 Hunc
1244 5249 1327 5303 vel
1369 5251 1656 5318 potentiam
1686 5249 1829 5314 vitae,

263 5353 316 5397 ιιι
339 5345 389 5399 in
421 5344 544 5397 aliis
563 5343 811 5407 diximus,
833 5343 916 5396 vel
939 5343 1102 5395 vitam
1128 5357 1385 5395 summam
1413 5341 1831 5411 principemque,

263 5445 316 5491 et
355 5437 673 5507 generaliter
697 5436 998 5507 generalem
1021 5476 1036 5501 ,
1063 5445 1224 5505 atque
1265 5435 1502 5488 omnium
1542 5434 1831 5490 viventium

261 5527 540 5598 originem,
565 5541 801 5592 causam,
833 5535 1012 5596 caput,
1062 5525 1369 5598 fontemque
1391 5525 1831 5583 dicemus:Prin-

334 5687 412 5760 (ι)
445 5687 585 5745 Hac.
619 5688 780 5746 Forte
807 5688 958 5745 dccst
983 5705 1109 5744 cum.

1931 4633 2055 4671 vero
2084 4630 2166 4671 est
2196 4637 2209 4671 :
2245 4620 2404 4674 vitam
2445 4629 2620 4674 autem
2660 4635 2810 4682 esse,
2849 4631 3024 4674 motus
3068 4621 3280 4690 quidam
3309 4631 3410 4687 est,
3453 4622 3504 4677 id

1934 4718 2037 4769 est,
2067 4710 2234 4763 forma
2269 4711 2512 4776 viventis,
2545 4710 2785 4765 confecta
2810 4711 2923 4780 ipso
2955 4713 3045 4765 illo
3072 4713 3155 4766 cui
3185 4714 3350 4767 forma
3385 4723 3506 4769 est:

1936 4798 2059 4851 illud
2083 4809 2256 4854 autem
2286 4802 2423 4869 quod
2467 4813 2549 4856 est
2590 4801 2898 4868 conﬁciens,
2942 4801 2992 4855 id
3019 4813 3102 4855 est
3144 4804 3508 4874 vivere:quia

1935 4906 2203 4960 nunquam
2232 4895 2392 4961 εωρὶι
2417 4911 2428 4942 :
2460 4909 2489 4946 a
2519 4908 2577 4946 se
2612 4893 2753 4946 enim
2780 4892 2920 4962 quod
2959 4893 3120 4954 vivit,
3150 4907 3253 4945 non
3300 4892 3504 4961 incipit,

1937 4983 2056 5051 quia
2086 4996 2293 5052 semper
2322 4983 2469 5048 vivit,
2503 4984 2644 5038 unde
2678 4998 2775 5037 nec
2813 4983 2920 5036 vita
2964 4982 3150 5050 incipit
3173 4999 3186 5032 :
3212 4997 3331 5036 cum
3363 4983 3507 5037 enim

1940 5075 2227 5128 conficiens
2258 5074 2372 5128 sine
2416 5075 2656 5142 exordio,
2699 5083 2752 5128 et
2784 5073 2834 5128 id
2873 5073 3013 5143 quod
3053 5073 3330 5128 conﬁcitur
3366 5082 3514 5130 caret

1933 5165 2173 5219 exordio.
2200 5167 2368 5220 Simul
2396 5181 2524 5237 ergo
2545 5175 2603 5219 nt
2632 5176 2913 5235 utrumque
2955 5176 3008 5220 et
3035 5165 3509 5222 consubstantiale.

1933 5255 2123 5310 Vivere
2150 5265 2324 5311 autem
2358 5258 2495 5311 Deus
2519 5266 2621 5320 est,
2645 5260 2750 5310 vita
2773 5257 3018 5311 Christus
3047 5275 3058 5308 :
3091 5268 3143 5312 et
3171 5257 3222 5310 in
3273 5272 3338 5311 eo
3368 5257 3511 5326 quod

1934 5355 2015 5400 est
2045 5346 2255 5412 vivere,
2287 5350 2388 5402 vita
2417 5358 2529 5412 est,
2557 5358 2611 5402 et
2642 5350 2692 5402 in
2735 5364 2800 5404 eo
2827 5349 2965 5418 quod
3011 5358 3094 5404 est
3127 5349 3264 5412 vita,
3306 5348 3509 5405 vivere.

1937 5437 2046 5493 Hoc
2067 5440 2281 5508 quidem
2310 5441 2466 5495 modo
2487 5442 2712 5496 alterum
2737 5445 2786 5494 in
2825 5443 3021 5506 altero,
3059 5440 3178 5511 quia
3207 5442 3510 5496 confectum

1935 5537 1990 5584 et
2009 5531 2299 5588 conﬁciens
2321 5533 2548 5589 alterum
2574 5533 2625 5589 in
2654 5535 2844 5590 altero.
2882 5533 2950 5590 Ut
2976 5532 3118 5590 enim
3147 5533 3436 5589 conﬁciens
3458 5533 3514 5595 in
