3950 6206
552 256 688 308 H25

1816 256 2005 311 MAltll
2044 254 2379 311 VlC'l'Oithl
2420 259 2579 315 AFBI

3649 265 3769 321 1124

548 362 823 427 confecto,
859 363 928 417 ita
973 361 1277 419 confectum
1319 363 1370 418 in
1415 365 1767 430 conﬁciente,
1801 366 2027 420 maxime
2066 367 2109 419 si
2137 368 2189 426 Α
2214 368 2491 423 conﬁcitur
2530 372 2776 440 prmsenti
2816 388 3025 442 semper
3051 390 3226 429 rerum
3253 380 3489 432 omnium
3532 388 3672 439 actu,
3710 381 3768 431 ita

545 468 752 521 Semper
775 454 869 507 ista
897 472 907 505 ε
935 469 1060 522 ergo
1086 464 1136 507 et
1158 466 1307 525 pater
1337 457 1385 507 in
1412 454 1539 520 ﬁlio,
1570 464 1622 508 ει
1654 454 1791 507 ﬁlius
1838 456 1886 507 in
1919 464 2101 523 patre:

543 545 741 596 etenim
770 544 1053 597 conficiens
1080 553 1133 597 et
1153 544 1456 598 confectum
1485 546 1792 608 coalicieus,
1812 552 1866 598 et
1893 544 2105 597 confec-

544 642 650 687 tmn
679 636 987 689 conﬁciente
1013 635 1340 700 confectum;
1375 652 1501 705 ergo
1532 652 1631 688 una
1662 636 1975 698 substantia,
2001 652 2103 689 non

542 742 640 776 una
670 726 891 787 duobus,
919 737 970 780 et
997 727 1046 780 in
1074 743 1174 780 una
1198 727 1335 791 duo;
1367 728 1459 782 sed
1493 729 1612 796 quia
1646 727 1696 781 in
1724 743 1823 796 qua
1861 728 2017 790 Deus,
2053 728 2104 780 iu

538 817 722 871 eadem
748 819 906 882 ﬁlius,
932 820 981 872 id
1004 830 1082 873 est
1103 819 1363 887 ejusmodi
1390 837 1401 871 :
1430 828 1487 872 ut
1513 821 1652 872 enim
1681 820 1808 873 vivit
1842 819 1999 883 Deus,
2034 820 2102 871 ita

539 909 663 961 vivit
693 917 745 962 et
771 908 946 961 ﬁlius:
980 909 1031 961 in
1062 908 1203 977 quali
1235 908 1523 963 substantia
1550 918 1719 976 pater,
1754 910 1803 961 in
1833 908 1919 961 tali
1942 907 2099 961 ﬁlius.

606 1042 739 1097 XIV.
771 1043 873 1097 Sed
898 1044 938 1096 si
971 1044 1115 1108 vivit,
1145 1045 1407 1112 inquiunt,
1434 1056 1603 1113 pater,
1633 1045 1762 1098 vivit
1783 1055 1836 1099 et
1864 1044 2021 1107 ﬁlius,
2052 1055 2105 1098 et

534 1134 733 1188 ideirco
780 1136 965 1189 eadem
1008 1136 1203 1204 talique
1240 1136 1535 1189 substantia
1590 1135 1763 1187 ambo.
1796 1134 2101 1189 Substantia

532 1233 706 1277 autem
732 1225 880 1277 istius
904 1225 1054 1285 vivit,
1080 1240 1199 1277 cum
1223 1235 1503 1294 utrumque
1531 1226 1621 1288 sit,
1646 1225 1773 1278 vivit
1800 1234 2100 1291 utrumque,

530 1317 645 1368 sine
673 1323 788 1369 ortu
819 1326 898 1369 est
927 1327 1209 1384 Utrumque
1237 1317 1637 1384 sempiternum.
1662 1315 1767 1369 Sed
1795 1315 1895 1369 hoc
1920 1316 2102 1369 exclu-

528 1408 672 1459 ditur
702 1408 1050 1477 Evangelista:
1083 1409 1304 1461 sacratis
1338 1408 1537 1471 verbis,
1567 1408 1819 1475 loquente
1852 1406 1968 1475 ipso
1991 1407 2099 1461 ﬁlio

531 1497 752 1550 Domino
772 1498 1089 1551 nastroJesu
1109 1498 1318 1552 Christo
1344 1516 1354 1549 :
1385 1498 1509 1551 Vivit
1527 1497 1683 1551 Pater
1705 1499 1880 1569 (Joan.
1897 1498 2096 1569 v1,58).

528 1587 623 1641 llic
656 1590 770 1641 fons
798 1590 913 1642 sine
948 1598 1065 1642 ortu
1108 1593 1321 1648 εειμΑι
1362 1590 1445 1643 ubi
1487 1590 1698 1643 aliunde
1744 1589 2100 1658 principium?

535 1678 596 1731 Et
626 1696 735 1749 ego,
769 1681 957 1749 inquit,
991 1684 1099 1733 vivo
1131 1690 1335 1751 propter
1373 1680 1594 1734 Patrem.
1634 1680 1687 1735 Si
1726 1696 1850 1750 ergo
1882 1692 2099 1749 propter

532 1780 756 1837 patrem,
789 1787 817 1824 a
850 1780 999 1839 patre
1029 1774 1233 1838 accepit
1262 1791 1274 1825 :
1311 1783 1357 1826 ει
1385 1774 1427 1825 si
1457 1773 1681 1841 accepit,
1703 1773 1909 1840 genitus
1931 1773 1996 1825 ab
2024 1772 2099 1824 iu-

530 1862 705 1929 genito
736 1879 747 1912 :
779 1872 830 1914 et
860 1864 900 1915 si
941 1863 1085 1925 vivit,
1136 1862 1416 1916 existentia
1443 1874 1587 1915 certa
1622 1871 1723 1927 est,
1759 1862 1941 1930 visque
1970 1863 2097 1914 suh-

528 1950 735 2002 stantie
764 1952 812 2002 in
843 1961 1066 2019 utroque
1093 1966 1211 2005 cum
1256 1952 1354 2003 isto
1384 1950 1681 2003 uniusmotli
1715 1952 1878 2016 vivit,
1908 1951 2093 2005 eadem

530 2042 660 2107 patri
704 2050 755 2092 et
787 2040 914 2104 ﬁlio,
950 2041 1042 2094 sed
1077 2040 1184 2093 ﬁlio
1229 2057 1254 2093 a
1297 2051 1443 2109 patre
1486 2040 1774 2094 substantit
1807 2052 1909 2095 est.
1948 2040 2094 2106 Quod

524 2132 655 2182 enim
701 2131 761 2182 (le
806 2132 991 2200 spiritu
1035 2132 1278 2196 nascitur,
1324 2132 1529 2201 spiritus
1565 2141 1637 2184 est
1667 2131 1843 2198 (loqu.
1879 2146 1955 2193 ιιι,
1989 2132 2043 2201 6)
2078 2149 2089 2183 :

521 2237 649 2290 ergo
678 2222 742 2275 de
789 2223 880 2276 tali
923 2224 1085 2290 patris
1124 2224 1448 2288 substantia,
1493 2223 1610 2277 talis
1642 2222 1731 2275 ﬁlii
1775 2222 2089 2276 substantia.

521 2313 695 2382 Atque
727 2324 780 2367 ut
810 2314 1124 2367 ostendatur
1148 2314 1316 2381 magis
1345 2330 1371 2364 a
1412 2323 1561 2382 patre
1590 2314 1711 2366 data
1752 2323 1806 2367 et
1844 2314 2088 2368 substan-

518 2406 612 2466 tia,
640 2413 691 2456 et
722 2404 906 2458 eadem
938 2420 1148 2470 unaque
1176 2404 1499 2469 substantia,
1528 2404 1727 2459 dietum
1755 2404 1895 2473 quod
1928 2406 2086 2470 vivit,

519 2512 580 2548 at:
622 2495 724 2548 vita
758 2497 1054 2550 substantia
1097 2508 1179 2550 est
1210 2515 1222 2548 :
1254 2510 1380 2565 ergo
1422 2495 1607 2549 eadem
1652 2498 1779 2560 Deo,
1810 2504 1863 2549 et
1912 2511 1940 2548 a
1984 2497 2090 2548 Deo

515 2586 733 2640 Christo
763 2588 873 2640 lilio
897 2588 1220 2651 substantia;
1251 2587 1351 2641 hoc
1376 2587 1588 2641 dicente
1612 2586 1939 2655 Evangelista
1974 2604 1985 2638 :
2020 2586 2087 2640 Ut

515 2678 647 2729 enim
677 2675 814 2731 Deus
850 2678 995 2730 habet
1022 2694 1085 2730 ea:
1114 2693 1167 2729 se
1196 2679 1366 2741 vitam,
1402 2678 1477 2728 ita
1513 2686 1557 2728 et
1587 2674 1724 2729 Filio
1762 2676 1900 2727 dedit
1934 2691 1996 2728 ex
2036 2692 2089 2729 se

515 2768 693 2821 habere
730 2769 881 2820 vitam
910 2767 1085 2837 (loan.
1121 2784 1170 2827 v,
1202 2768 1295 2838 26)
1328 2787 1338 2820 :
1374 2767 1646 2839 ὁμοούσιος·
1686 2782 1813 2836 ergo
1843 2765 2086 2820 Christus

513 2872 630 2909 cum
654 2858 759 2911 Deo
787 2875 799 2909 :
836 2856 884 2910 id
918 2867 1019 2920 est,
1047 2858 1538 2917 consubstantialis,
1568 2856 1708 2925 quod
1735 2866 1815 2909 est
1844 2855 2082 2924 ejusdem

512 2947 857 3013 substantias,
887 2948 936 3000 id
968 2956 1068 3011 est,
1120 2947 1322 3015 primae,
1375 2946 1700 3015 principalis,
1744 2945 2081 3008 universalis,

514 3038 655 3093 unde
697 3039 873 3091 omnia
920 3054 1038 3107 qua:
1090 3047 1248 3103 sunt,
1298 3045 1349 3092 et
1398 3038 1579 3089 vivunt
1619 3038 1779 3089 vitam
1829 3035 2076 3090 habentia

511 3129 751 3191 ἔπακτον,
783 3129 833 3182 id
871 3140 987 3194 est,
1032 3130 1249 3194 illatam,
1293 3145 1397 3182 non
1437 3144 1465 3181 a
1510 3144 1568 3182 se
1608 3128 1860 3197 genitam,
1907 3142 2077 3195 neque

503 3236 615 3289 quo
638 3224 706 3273 sit
737 3223 966 3289 ipsorum
997 3222 1195 3283 vivere,
1224 3226 1362 3288 quod
1394 3228 1475 3273 est
1500 3220 1588 3271 Dei
1616 3229 1672 3271 et
1706 3218 1820 3271 ﬁlii.
1849 3218 2074 3271 Tantum

508 3313 703 3380 quippe
735 3312 981 3363 omnibus
1007 3323 1087 3363 est
1126 3311 1335 3364 caeteris
1362 3325 1428 3363 ex
1472 3310 1598 3374 vita,
1631 3318 1884 3376 quantum
1918 3310 2077 3377 largi-

511 3414 595 3455 tur
622 3402 882 3455 Christus.
912 3400 967 3454 In
1001 3401 1109 3454 Deo
1140 3402 1322 3454 vivere
1361 3408 1417 3453 ut
1459 3398 1747 3467 principale
1786 3399 2075 3453 conﬁciens

508 3506 587 3546 εει
619 3494 800 3554 vitam,
826 3509 930 3545 uno
957 3502 1113 3559 atque
1146 3490 1334 3544 eodem
1384 3488 1683 3544 existentiie
1721 3488 1897 3554 fonte,
1930 3490 2073 3542 nullo

510 3587 684 3653 priore
725 3586 807 3637 vel
854 3596 1094 3652 tempore
1143 3586 1224 3636 vel
1276 3590 1558 3650 potestate,
1610 3580 1889 3633 dumtaxat
1930 3581 2070 3633 circa

509 3676 873 3730 substantiam.
912 3673 1059 3727 Unde
1098 3675 1208 3725 sive
1243 3671 1345 3725 hoc
1385 3671 1704 3738 accipiamus
1737 3685 1855 3722 esse
1895 3668 2072 3739 ὁμοσύ-

509 3786 634 3829 σιον,
667 3764 805 3831 quod
835 3762 1017 3816 eadem
1048 3764 1115 3815 sit
1143 3760 1459 3825 substantia,
1501 3760 1641 3811 nulla
1678 3758 1937 3811 dubitatio
1990 3766 2071 3811 est

506 3856 745 3909 eamdem
775 3868 911 3918 esse,
943 3854 1063 3921 quia
1093 3862 1141 3905 et
1180 3852 1269 3921 qui
1304 3852 1451 3913 vivit,
1493 3851 1600 3917 jam
1640 3848 1741 3900 vita
1773 3856 1883 3911 est,
1927 3848 2067 3915 quod

506 3954 588 4000 est
615 3947 750 3999 Deus
778 3963 789 3998 :
819 3954 868 3999 et
897 3947 983 4013 qui
1022 3942 1126 3997 vita
1167 3951 1268 4007 est,
1309 3942 1456 4005 vivit,
1499 3941 1637 4010 quod
1673 3952 1754 3994 est
1783 3941 2064 3995 Christus:

505 4048 558 4092 et
586 4038 821 4106 utristlue
848 4052 879 4089 a
899 4052 956 4091 se
983 4036 1086 4089 vita
1117 4045 1217 4102 est,
1256 4036 1408 4089 sicuti
1446 4037 1642 4088 dictum
1674 4044 1753 4089 est
1784 4051 1796 4085 :
1825 4034 1891 4087 L’t
1922 4035 2067 4087 liabet

503 4146 567 4181 ea:
594 4146 644 4182 se
671 4130 821 4181 vitam
852 4127 1021 4192 Pater,
1048 4130 1117 4179 ita
1139 4136 1183 4179 et
1212 4125 1346 4179 Filio
1377 4126 1512 4178 dedit
1533 4141 1593 4178 ea:
1613 4140 1665 4177 se
1686 4125 1867 4176 habere
1891 4125 2059 4175 vitam.

506 4226 561 4279 Si
582 4236 755 4279 autem
774 4225 873 4279 hoc
890 4222 1178 4291 accipimus
1196 4222 1459 4295 ὁμοούσιον
1475 4235 1612 4280 esse,
1632 4218 1770 4286 quod
1789 4227 1871 4272 est
1891 4217 2067 4287 ὁμοού-

504 4336 607 4370 σιον
637 4311 779 4373 εἶναι.
810 4313 969 4367 simul
1006 4313 1247 4368 eamdem
1279 4326 1397 4365 esse
1434 4310 1808 4371 substantiam,
1856 4306 2063 4359 facilius

502 4408 551 4459 id
590 4414 644 4460 et
688 4405 1020 4460 manifestius
1057 4404 1380 4473 approbatur
1415 4417 1521 4470 quo
1558 4407 1762 4471 patrem
1804 4398 1913 4451 dixi
1941 4411 2061 4451 esse
2088 4429 2138 4487 D

501 4499 580 4553 vel
628 4500 810 4552 liliunt.
845 4498 1033 4552 Vivere
1078 4497 1218 4551 enim
1262 4506 1313 4550 et
1362 4496 1462 4549 vita
1505 4493 1575 4548 ita
1623 4492 1777 4546 simul
1822 4499 1965 4555 sunt,
2006 4497 2060 4543 et

500 4608 708 4661 semper
730 4592 908 4655 simul,
940 4601 993 4643 ut
1025 4599 1079 4644 et
1104 4590 1155 4643 in
1193 4605 1257 4644 eo
1296 4588 1436 4659 quod
1468 4597 1551 4641 est
1579 4585 1779 4652 vivere,
1804 4585 1911 4639 vita
1939 4582 2005 4637 sit
2038 4599 2051 4634 :

497 4694 548 4738 ct
580 4698 760 4736 rursus
792 4682 841 4736 id
867 4683 935 4735 sit
961 4681 1087 4746 vita,
1116 4680 1254 4750 quod
1283 4682 1482 4733 vivere.

566 4819 679 4874 XV.
740 4819 947 4872 Etenim
1006 4816 1275 4887 capiamus
1318 4814 1617 4885 exemplum
1668 4831 1683 4867 :
1740 4824 2054 4881 quamquam

493 4910 631 4979 quod
666 4910 784 4963 dico
813 4925 898 4964 res
927 4910 1037 4978 ipsa
1068 4918 1150 4963 est
1176 4907 1369 4977 potius,
1402 4921 1506 4960 non
1532 4903 1853 4973 exemplum.
1888 4901 2053 4955 Deum

491 5002 625 5054 nihil
646 5001 790 5054 aliud
816 5015 935 5055 esse
960 5000 1189 5053 diximus
1214 5014 1371 5068 quam
1396 4998 1596 5061 vivere,
1621 4995 1717 5050 sed
1745 4994 1874 5049 illud
1902 4994 2049 5062 prin-

489 5092 682 5159 cipale,
714 5090 841 5144 illud
872 5090 1008 5144 unde
1037 5105 1197 5144 omne
1230 5091 1406 5142 vivere
1446 5085 1706 5150 omnium,
1736 5094 2048 5138 cancrorum

487 5184 626 5237 actio
667 5184 775 5251 ipsa
818 5182 871 5234 in
914 5181 1118 5249 agendo
1158 5180 1390 5234 existens
1415 5221 1428 5245 ,
1460 5189 1619 5246 atque
1656 5177 1709 5230 in
1750 5175 2047 5244 ltujusmodi

486 5284 633 5327 motu
658 5287 777 5327 esse
812 5287 963 5325 suum
1009 5270 1242 5334 habens,
1280 5269 1419 5340 quod
1450 5279 1531 5323 est
1566 5268 1650 5322 vel
1690 5266 2044 5332 existentiam,

488 5365 573 5419 vel
598 5365 943 5419 substantiam
974 5378 1122 5416 suam
1148 5363 1351 5416 habens
1376 5380 1389 5415 :
1418 5374 1715 5431 quanquam
1745 5374 1811 5413 ne
1846 5357 2045 5411 habens

483 5456 695 5523 quidem
718 5494 731 5517 ,
763 5453 854 5507 sed
904 5452 1135 5506 existens
1173 5453 1374 5520 ipsum,
1402 5450 1541 5520 quod
1583 5448 1651 5503 sit
1687 5447 2046 5517 principaliter

481 5554 535 5598 et
566 5544 934 5598 universaliter
956 5544 1159 5596 vivere.
1194 5541 1247 5595 Id
1288 5550 1462 5595 autem
1501 5540 1643 5608 quod
1672 5539 1949 5593 conﬁcitur
1976 5552 2041 5590 ex

479 5637 582 5692 isto
611 5646 750 5702 actu,
776 5645 831 5691 et
855 5635 1006 5704 quasi
1032 5633 1204 5690 forma
1230 5638 1344 5703 ejus
1371 5644 1474 5699 est,
1506 5634 1634 5687 vita.
1664 5631 1732 5687 Ut
1756 5631 1895 5687 enim
1924 5632 2041 5685 αἰὼν

2209 457 2439 513 vivendo
2476 468 2529 513 et
2558 462 2672 529 ipso
2704 463 2912 516 vivendi
2951 480 3162 533 semper
3192 469 3439 535 praesenti
3478 483 3645 537 opere
3676 470 3768 521 vita

2206 548 2501 602 conﬁcitur.
2534 551 2598 603 Et
2639 561 2695 604 ut
2738 552 2810 606 ita
2852 554 3131 622 ﬁngamus,
3174 557 3408 611 vitalitas
3445 558 3549 612 boc
3586 568 3681 621 est,
3722 568 3768 612 ut

2206 636 2326 688 vita:
2349 636 2515 692 forma
2546 640 2611 693 ad
2642 644 2927 708 potentiam
2950 661 3100 698 suam
3130 646 3591 717 substantiamque
3618 664 3765 717 gene-

2206 737 2370 779 ratur.
2413 728 2515 782 Sed
2562 739 2615 782 et
2656 742 2892 786 nostrum
2941 736 3116 789 vivere
3165 747 3369 791 constat
3416 754 3483 793 ex
3531 743 3763 809 prwsenti

2207 829 2417 882 semper
2449 828 2705 887 tempore.
2736 821 2851 875 Non
2880 823 3018 876 enim
3045 826 3271 881 vivimus
3299 830 3657 895 praeteritum,
3685 838 3764 882 aut

2206 906 2426 959 vivimus
2457 909 2709 973 futurum,
2755 913 2847 966 sed
2883 929 3093 984 semper
3132 920 3377 983 prmsenti
3406 921 3630 973 utimur.
3665 919 3761 973 Hoc

2204 996 2341 1048 enim
2370 998 2539 1050 solum
2569 1010 2773 1069 tempus
2798 1012 2898 1067 est,
2931 1005 3070 1073 quod
3100 1006 3267 1074 ipsum
3293 1009 3493 1071 solum,
3523 1009 3649 1077 quia
3682 1024 3761 1062 so-

2204 1085 2310 1139 lum
2344 1097 2547 1157 tempus
2576 1100 2675 1157 est,
2705 1092 2877 1163 imago
2897 1111 3014 1149 esse
3033 1095 3224 1151 dicitur
3248 1106 3333 1154 τοῦ
3361 1102 3566 1162 αἰῶνος,
3595 1099 3647 1153 id
3669 1110 3758 1166 est,

2202 1179 2532 1234 aeternitatis.
2566 1181 2841 1245 Quomodo
2863 1185 3001 1239 enim
3030 1189 3148 1241 αἰὼν
3174 1202 3387 1256 semper
3419 1204 3515 1256 per
3539 1204 3763 1258 praesen-

2206 1270 2275 1321 tia
2316 1269 2473 1325 habet
2510 1274 2706 1338 omnia,
2748 1284 2802 1329 et
2843 1276 2955 1331 inec
2984 1292 3212 1349 semper.
3239 1280 3343 1334 Nos
3380 1296 3620 1350 quoque,
3651 1283 3760 1351 quia

2204 1376 2294 1427 per
2321 1376 2554 1430 praesens
2581 1374 2784 1433 tempus
2807 1366 3061 1422 habemus
3082 1372 3256 1425 omnia
3280 1388 3395 1440 quae
3420 1374 3622 1427 habere
3652 1390 3760 1442 pos-

2201 1466 2401 1515 smnus,
2436 1454 2629 1508 ideirco
2659 1455 2761 1511 hoc
2790 1468 2993 1529 tempus
3020 1471 3257 1515 nostrum
3280 1470 3370 1517 τοῦ
3391 1467 3573 1525 αἰῶνος
3600 1466 3760 1535 imago

2200 1552 2301 1607 est,
2333 1544 2451 1611 quia
2484 1554 2717 1599 nostrum
2750 1563 2982 1616 przesens
3023 1566 3125 1605 non
3155 1552 3376 1619 iisdem,
3417 1570 3594 1623 neque
3633 1556 3759 1609 idem

2199 1645 2409 1701 semper
2449 1646 2530 1688 est
2576 1651 2812 1704 prmsens
2839 1656 2852 1691 :
2883 1642 3162 1695 conﬁcitur
3202 1658 3329 1712 ergo
3374 1644 3604 1697 vivendo
3642 1645 3756 1711 vita,

2127 1723 2172 1781 B
2200 1739 2262 1779 ac
2296 1726 2450 1779 simul
2491 1729 2765 1782 existendo
2804 1730 3061 1785 formatur
3092 1750 3107 1787 :
3146 1748 3207 1787 ac
3234 1733 3481 1789 formatio
3502 1751 3757 1805 apparen-

2203 1816 2269 1868 tia
2301 1825 2413 1882 est;
2445 1820 2748 1886 apparentia
2780 1836 2904 1875 vero
2929 1821 2995 1874 ab
3035 1824 3255 1878 occultis
3292 1834 3443 1878 ortus
3470 1836 3555 1880 est
3577 1867 3590 1890 ,
3622 1837 3675 1881 et
3697 1825 3757 1880 ab

2198 1908 2418 1961 occultis
2446 1918 2593 1963 ortus
2636 1921 2690 1965 et
2726 1912 2912 1966 natalis
2951 1924 3053 1980 est,
3085 1924 3138 1968 et
3174 1915 3290 1983 ejus
3332 1918 3548 1981 natalis,
3592 1919 3677 1987 qui
3706 1926 3754 1972 et

2193 2010 2473 2068 antequam
2505 2001 2583 2055 sic
2607 2003 2833 2056 oriretur
2855 2006 3115 2059 exstiterit
3147 2023 3159 2057 z
3192 2007 3313 2059 hinc
3351 2016 3405 2061 et
3444 2008 3498 2060 in
3542 2007 3754 2062 vivendo

2194 2091 2319 2153 vita,
2348 2102 2629 2161 antequam
2653 2094 2790 2155 vita;
2816 2103 2869 2148 et
2896 2096 3156 2163 posterior
3184 2104 3361 2150 tamen
3383 2098 3513 2164 vita,
3539 2099 3658 2167 quia
3681 2098 3751 2151 vi-

2193 2183 2363 2237 vendo
2390 2185 2515 2247 vita,
2547 2194 2600 2238 et
2626 2200 2837 2255 semper
2864 2197 3022 2255 atque
3042 2203 3107 2241 ex
3139 2197 3341 2242 teterno
3366 2191 3472 2241 vita
3507 2209 3519 2240 :
3554 2190 3672 2258 quia
3702 2190 3751 2243 in

2194 2288 2260 2328 eo
2286 2275 2425 2343 quod
2454 2285 2553 2337 est,
2582 2276 2745 2342 vivit,
2774 2286 2826 2330 et
2849 2293 2912 2331 ex
2940 2287 3141 2332 aeterno
3166 2279 3313 2341 vivit,
3342 2290 3425 2334 est
3465 2280 3592 2333 vita.
3622 2277 3742 2334 Cum

2194 2365 2353 2434 igitur
2381 2365 2520 2418 vivat
2548 2365 2704 2432 Deus,
2740 2367 2808 2419 sit
2844 2367 2948 2420 vita
2977 2368 3245 2431 Christus,
3276 2372 3397 2437 quia
3444 2369 3548 2422 vita
3581 2369 3740 2422 oritur

2189 2457 2421 2510 existens
2462 2457 2529 2509 ab
2572 2472 2638 2511 eo
2662 2458 2800 2527 quod
2834 2468 2886 2513 et
2914 2459 3068 2524 vivit;
3099 2462 3403 2516 necessario
3433 2463 3561 2515 vivit
3587 2472 3742 2531 pater,

2187 2547 2392 2599 estvita
2417 2547 2573 2611 ﬁlius,
2604 2548 2672 2601 ita
2707 2558 2761 2600 ut
2782 2562 2937 2618 supra
2966 2549 3261 2615 docuimus,
3288 2564 3344 2605 ut
3368 2563 3419 2605 et
3444 2552 3497 2605 in
3524 2568 3590 2607 eo
3614 2556 3741 2621 quod

2186 2646 2267 2690 est
2297 2638 2442 2701 vivit,
2472 2638 2575 2691 vita
2598 2638 2667 2691 sit
2696 2656 2707 2689 :
2733 2649 2784 2691 et
2812 2640 2861 2692 in
2890 2640 2990 2693 vita
3016 2641 3137 2693 insit
3158 2642 3426 2695 etvivere.
3456 2643 3593 2711 Ergo
3616 2642 3740 2697 ﬁlius

2185 2726 2451 2798 ὁμοούσιος
2485 2729 2641 2797 patri,
2674 2739 2729 2782 ut
2751 2744 2907 2799 supra
2936 2731 3210 2786 docuimus
3239 2749 3357 2785 cum
3385 2733 3664 2801 exemplis.

2254 2818 2390 2873 XVI.
2422 2820 2569 2874 Nune
2597 2821 2725 2875 illud
2755 2823 2992 2891 sequitur
3021 2823 3143 2892 quid
3172 2824 3383 2879 sitcum
3415 2825 3501 2879 his
3537 2835 3736 2879 sanctus

2185 2912 2412 2980 Spiritus
2458 2914 2773 2980 explicatus.
2829 2914 2901 2968 De
2946 2915 3051 2969 Deo
3089 2916 3188 2969 ista
3226 2926 3280 2969 et
3322 2916 3464 2970 dicta
3508 2924 3651 2981 sunt,
3688 2925 3736 2971 ει

2186 3002 2399 3068 probata
2434 3017 2446 3053 :
2485 3003 2645 3055 Deum
2673 3017 2791 3057 esse
2817 3005 2953 3072 quod
2984 3020 3136 3071 esse,
3170 3004 3427 3072 Spiritum
3458 3021 3578 3060 esse
3606 3005 3733 3075 quod

2104 3070 2148 3132 Ο
2180 3102 2264 3145 εει
2293 3093 2485 3146 vivere.
2518 3093 2645 3147 Item
2689 3070 2867 3149 lumen
2907 3109 3025 3150 esse
3055 3070 3193 3164 quod
3214 3070 3305 3150 est
3338 3070 3731 3165 intelligentiam

2179 3198 2335 3248 esse,
2380 3193 2432 3236 et
2476 3185 2775 3239 scientiam.
2815 3187 3019 3240 Etenim
3066 3188 3238 3240 lumen
3280 3187 3410 3240 nihil
3454 3188 3729 3251 occultum,

2180 3271 2309 3323 nihil
2339 3274 2620 3326 obscurum
2651 3288 2773 3328 esse
2802 3276 3083 3343 permittit,
3110 3277 3299 3344 aperit,
3332 3278 3591 3343 illustrat,
3620 3278 3727 3331 illu-

2176 3365 2358 3417 tninat.
2400 3365 2491 3417 Est
2535 3364 2692 3433 igitur
2740 3367 2878 3420 Deus
2923 3366 3021 3420 hoc
3066 3369 3236 3435 ipsum
3275 3368 3416 3435 quod
3459 3370 3615 3435 Deus,
3657 3376 3729 3424 est

2175 3470 2314 3517 esse,
2358 3465 2438 3508 est
2476 3471 2596 3510 esse
2638 3458 2863 3525 primum
2901 3467 2954 3511 et
3002 3459 3293 3527 principale
3328 3461 3579 3515 onmibus
3621 3476 3727 3530 qua:

2173 3555 2317 3607 sunt,
2343 3560 2436 3611 pro
2466 3545 2623 3599 modo
2655 3547 3051 3616 percipientium
3082 3563 3202 3603 esse
3228 3562 3508 3618 praestans,
3535 3561 3590 3604 ut
3615 3560 3726 3605 ante

2172 3634 2471 3700 docuimus,
2498 3634 2617 3700 hoc,
2642 3636 2691 3689 id
2715 3646 2817 3696 est.
2842 3637 3041 3700 vivere,
3076 3638 3175 3692 hoc
3202 3639 3521 3708 intelligere,
3552 3640 3602 3693 id
3631 3651 3721 3705 est,

2171 3722 2273 3778 hoc
2301 3725 2438 3794 quod
2466 3735 2545 3778 est
2574 3741 2712 3792 esse,
2746 3726 2845 3780 hoc
2878 3735 2960 3780 est
2987 3728 3223 3796 spiritus,
3252 3728 3353 3782 hoc
3393 3731 3593 3783 lumen.
3630 3731 3723 3785 Ista

2171 3816 2309 3868 enim
2348 3818 2399 3869 in
2438 3832 2542 3869 uno
2587 3832 2647 3872 ac
2691 3817 2937 3886 simplici,
2974 3820 3134 3874 immo
3182 3835 3341 3872 unum
3383 3837 3446 3874 ac
3486 3823 3720 3891 simplex.

2172 3905 2281 3959 lloc
2321 3915 2445 3959 sunt
2480 3906 2621 3975 quod
2663 3917 2746 3960 est
2787 3922 2941 3972 esse,
2982 3908 3083 3962 hoc
3124 3908 3205 3962 vel
3246 3909 3612 3976 existentiam,
3643 3911 3722 3967 vel

2168 3994 2511 4048 substantiam
2532 3995 2649 4064 jure
2670 3996 2915 4053 dicimus.
2936 3996 3126 4051 Verum
3149 4012 3267 4052 cmn
3293 4001 3585 4068 principale
3607 4004 3721 4056 isto-

2168 4100 2286 4141 tum
2313 4087 2381 4138 sit
2416 4087 2561 4151 illtttl,
2598 4088 2738 4156 quod
2776 4098 2854 4141 est
2885 4103 3033 4153 esse;
3072 4091 3176 4143 duo
3207 4102 3381 4145 autem
3424 4094 3527 4147 alia
3552 4095 3719 4150 vivere

2165 4184 2219 4231 et
2259 4177 2556 4245 intelligere
2604 4187 2777 4232 motus
2814 4194 2933 4233 esse
2975 4180 3352 4249 intelligantur,
3396 4198 3515 4237 cum
3556 4187 3717 4239 omnis

2167 4278 2341 4321 motus
2362 4283 2391 4320 a
2422 4269 2597 4336 quiete
2626 4279 2887 4323 nascatur.
2914 4272 3076 4336 Quies
3099 4281 3272 4327 autem
3298 4284 3379 4328 est
3402 4276 3452 4329 id
3484 4278 3624 4346 quod
3644 4286 3717 4332 est

2165 4371 2316 4421 esse;
2364 4357 2431 4409 ah
2466 4372 2531 4411 eo
2562 4373 2687 4412 vero
2724 4360 2862 4427 quod
2909 4375 3047 4429 esse,
3098 4364 3330 4415 nascitur
3371 4367 3556 4433 motio,
3602 4369 3712 4421 exin

2164 4447 2302 4499 actio
2328 4464 2340 4500 :
2367 4448 2530 4501 motio
2560 4459 2732 4501 autem
2756 4449 2908 4517 primi
2936 4451 3071 4503 illius
3098 4452 3239 4521 quod
3269 4460 3351 4506 est
3381 4470 3522 4519 esse,
3547 4457 3714 4511 vivere

2161 4549 2208 4591 et
2254 4538 2566 4608 intelligere.
2612 4539 2899 4609 Utrumque
2940 4542 3077 4595 enim
3129 4555 3303 4595 moms
3345 4553 3446 4608 est,
3488 4555 3541 4600 et
3586 4561 3712 4601 unus

2161 4640 2357 4691 motus.
2393 4632 2522 4685 duas
2567 4632 2785 4685 virtutes
2832 4642 3086 4700 praestans
3130 4634 3304 4689 ofﬁcio
3337 4638 3571 4705 gemino,
3615 4655 3709 4695 una

2158 4721 2446 4790 eademque
2474 4722 2783 4775 substantia.
2813 4722 2941 4776 Nam
2969 4724 3257 4778 substantia
3288 4726 3351 4778 iis
3384 4737 3559 4781 motus
3584 4738 3664 4784 est
3692 4744 3707 4785 :

2158 4824 2261 4864 non
2290 4812 2427 4863 enim
2456 4812 2508 4864 in
2531 4812 2592 4865 iis
2619 4811 2757 4865 aliud
2783 4820 2864 4865 est
2891 4827 3029 4875 esse,
3052 4813 3193 4866 aliud
3226 4817 3442 4869 moveri.
3474 4816 3564 4871 Sic
3589 4819 3707 4873 item

2160 4916 2263 4954 non
2297 4902 2437 4955 aliud
2477 4911 2559 4956 est
2599 4902 2792 4965 vivere,
2826 4901 2965 4955 aliud
3002 4902 3326 4972 intelligere,
3361 4918 3617 4973 quantum
3642 4907 3706 4962 ad

2151 4993 2500 5047 substantiam
2532 4993 2777 5061 pertinet.
2802 4992 3009 5046 Etenim
3040 4992 3267 5047 viventis
3287 5004 3368 5047 est
3390 4995 3699 5065 intelligam,

2151 5094 2206 5139 ct
2248 5074 2590 5151 intelligentis
2634 5083 2848 5149 vivere,
2900 5097 2995 5150 per
3034 5092 3183 5136 actus
3221 5099 3279 5137 se
3325 5094 3564 5139 vertente
3602 5100 3701 5139 uno

2152 5188 2296 5229 motu
2325 5193 2336 5227 :
2364 5176 2430 5227 ita
2462 5183 2657 5236 tamen,
2692 5184 2747 5226 ut
2776 5182 3019 5227 manente
3046 5188 3207 5242 opera
3237 5183 3462 5242 actaque
3495 5175 3698 5229 vivendi

2146 5266 2511 5334 intelligentia:
2534 5274 2685 5317 actus
2706 5265 2930 5332 agitetur
2957 5281 2971 5318 :
2995 5264 3135 5317 unde
3167 5280 3285 5318 cum
3317 5265 3558 5319 Christus
3595 5267 3693 5321 vita

2146 5358 2233 5419 sit,
2266 5356 2493 5425 Spiritus
2526 5363 2700 5409 autem
2738 5363 2952 5407 sanctus
2984 5354 3205 5408 scientia
3228 5366 3279 5408 et
3311 5356 3649 5426 intelligentia
3677 5372 3689 5409 :

2144 5446 2320 5498 omnia
2351 5456 2523 5498 tamen
2560 5444 2786 5512 Spiritus
2820 5452 3034 5498 sanctus
3071 5460 3190 5511 qua:
3229 5446 3386 5499 habet
3422 5462 3451 5499 a
3488 5446 3691 5501 Christo

2142 5535 2362 5603 accepit,
2394 5535 2638 5588 Cltristus
2658 5550 2687 5585 a
2710 5542 2879 5601 patre,
2903 5534 2952 5586 id
2974 5544 3075 5600 est,
3099 5535 3167 5588 ab
3194 5550 3259 5587 eo
3279 5535 3419 5604 quod
3440 5544 3682 5599 estesse;

2143 5626 2404 5683 exstiterit
2424 5627 2547 5691 vita,
2579 5634 2631 5679 et
2656 5626 2837 5679 vivere
2864 5625 3127 5679 exstiterit
3160 5626 3381 5681 scientia
3414 5638 3470 5682 et
3500 5626 3680 5681 intelli-
