3950 6206
240 276 381 327 1125

1370 270 1733 345 auveusus
1773 269 1988 327 ARIUM
2027 272 2226 327 Lmen
2265 273 2351 328 IV.

3346 272 3481 328 “90

232 397 366 452 gere
393 403 405 438 :
434 399 529 438 nec
553 393 686 447 tum,
719 398 836 437 cum
862 382 993 437 illud
1015 398 1133 438 esse
1157 383 1381 451 primum
1407 385 1475 438 ita
1498 388 1587 448 sil,
1614 393 1669 437 ut
1689 399 1808 438 eum
1839 386 1888 441 Α
1917 357 2022 438 dia
2054 384 2118 437 de
2145 385 2389 452 vivendo,
2419 383 2469 437 id
2497 392 2598 447 est,
2631 383 2697 438 de
2718 382 2873 437 Patre
2903 381 3086 448 Filius,
3119 381 3186 437 de
3209 383 3340 438 Filio
3362 383 3483 454 Spi-

234 489 363 528 che
385 476 473 536 sit,
499 475 568 529 sit
591 485 644 529 et
672 475 891 530 moveri.

315 561 477 616 XVII.
503 563 814 632 Quanquam
839 564 1048 619 dicatur
1068 565 1244 633 quies,
1277 575 1516 619 movetur
1536 575 1711 619 autem
1737 564 1816 617 itt-

238 665 328 709 tus
371 667 514 709 tnotu
549 657 688 710 unde
729 657 857 710 vivit
899 657 1023 722 sibi,
1073 667 1126 710 et
1161 657 1405 726 intelligit
1445 658 1808 724 semetipsum.

241 745 388 814 Etgo
426 763 456 801 a
488 759 632 802 motu
677 749 907 809 interno,
950 758 1098 803 extra
1129 758 1178 800 et
1209 748 1347 816 quod
1380 758 1460 802 est
1496 749 1622 802 foris
1664 757 1816 799 natus

238 851 326 892 est
358 849 550 901 motus,
582 841 646 895 ab
675 856 740 895 co
772 841 911 911 quod
946 851 1028 894 est
1066 841 1205 894 intus
1237 858 1377 907 esse,
1408 853 1462 896 et
1489 843 1557 895 ab
1581 856 1646 895 eo
1675 841 1815 910 quod

238 943 326 986 est
359 934 498 987 intus
521 935 719 996 vivere,
746 935 874 987 loris
897 936 1099 999 vivere,
1123 936 1190 987 ah
1210 951 1275 990 eo
1305 937 1443 1004 quod
1474 945 1555 989 est
1579 937 1717 989 intus
1740 940 1816 988 ln-

241 1023 519 1092 telligere;
547 1024 673 1077 foris
701 1025 1022 1093 intelligere,
1049 1036 1294 1080 movente
1321 1041 1378 1080 se
1406 1026 1508 1079 vita
1533 1038 1584 1080 et
1619 1026 1814 1080 intelli-

239 1114 442 1180 gentia.
489 1114 619 1166 Sunt
674 1115 815 1166 enim
870 1125 1042 1168 motus
1089 1115 1278 1170 eodem
1348 1116 1505 1168 modo
1555 1115 1819 1170 existente

239 1203 424 1266 SlmUl,
449 1218 512 1256 eo
536 1203 676 1271 quod
699 1214 781 1258 est
805 1218 945 1269 esse,
975 1216 1028 1258 ut
1050 1215 1104 1258 et
1133 1207 1276 1259 intus
1304 1216 1444 1259 esset
1469 1217 1520 1259 et
1546 1206 1693 1270 loris,
1718 1206 1817 1260 ista

238 1291 477 1345 Trinitas
509 1293 670 1360 intus,
709 1310 831 1349 cutn
885 1295 1026 1350 Deus
1064 1312 1199 1349 unus
1240 1306 1292 1350 et
1333 1298 1477 1353 solus
1517 1297 1664 1362 foris,
1696 1313 1815 1352 eum

236 1381 399 1436 Jesus
425 1382 667 1438 Christus
695 1385 836 1438 intus
877 1397 929 1439 et
971 1386 1120 1452 Iuris,
1159 1403 1277 1442 cum
1309 1389 1464 1442 ambo
1492 1389 1630 1443 Deus
1661 1403 1814 1450 unus,

239 1483 402 1541 atque
433 1489 495 1525 ex
529 1474 592 1526 iis
619 1489 742 1526 cum
776 1473 915 1528 Deus
950 1475 1216 1547 ὁμοούσιον
1247 1476 1478 1544 Christo,
1516 1479 1820 1533 necessario

239 1574 294 1615 ct
319 1563 560 1616 Christus
581 1563 843 1632 ὁμοούσιον
869 1562 1070 1630 Spiritu
1094 1577 1298 1630 sancto,
1322 1582 1383 1620 ac
1408 1583 1499 1636 per
1521 1567 1621 1622 hoc
1641 1576 1695 1620 et
1726 1583 1820 1636 per

239 1653 512 1707 Christum
553 1655 696 1708 Deo:
725 1654 840 1722 ipse
872 1656 1032 1708 etiam
1079 1656 1145 1710 de
1188 1657 1296 1711 Deo
1330 1672 1578 1726 egressus
1617 1667 1718 1712 est.
1763 1657 1819 1712 Si

1916 477 2046 528 ritus
2077 487 2323 538 sanctus;
2349 477 2423 530 sic
2445 478 2583 529 enim
2617 475 2885 542 subjnnxit
2911 495 2923 526 :
2953 475 3135 528 Omnia
3168 492 3484 546 qmecumque

1918 566 2064 618 liabet
2120 569 2274 620 Pater
2314 585 2421 620 mea
2454 577 2568 619 sunt
2609 566 2769 636 (Ibid.
2821 567 2906 633 15)
2941 583 2953 618 :
3004 575 3282 635 prOptet'ea
3329 565 3482 633 dixit,

1917 675 2024 711 mea
2045 670 2180 722 sunt,
2213 660 2336 729 quia
2369 674 2487 728 «pta:
2521 669 2672 729 pater
2713 659 2872 713 habet
2911 658 3002 713 ﬁlii
3042 668 3194 723 sunt,
3233 674 3371 722 esse,
3405 659 3484 712 vi-

1917 766 2058 811 vere.
2092 751 2424 819 intelligere:
2454 751 2566 805 [nec
2603 751 2787 805 eadem
2823 750 2983 804 habet
3021 749 3269 820 Spiritus,
3309 753 3486 804 omnia

1917 856 2044 909 ergo
2072 840 2336 914 ὁμοοὺσια.
2371 841 2510 895 Idem
2542 850 2714 894 tamen
2746 852 2800 894 ut
2828 841 3134 896 ostenderet
3167 857 3312 895 suam
3346 857 3483 910 pra:-

1919 935 2142 987 sentiam
2186 950 2400 1003 semper
2438 936 2570 988 κατὰ
2604 937 2851 989 Ματθαῖον
2887 934 2962 986 sic
3001 933 3271 1002 loquitur:
3301 931 3488 986 Euntes

1919 1042 2052 1078 nunc
2097 1025 2270 1078 docete
2311 1041 2481 1078 omnes
2524 1034 2711 1093 gentes,
2745 1025 3054 1091 baptizantes
3096 1040 3179 1077 eos
3208 1023 3256 1075 in
3292 1024 3490 1076 nomine

1921 1114 2093 1169 Patris
2119 1125 2164 1168 et
2193 1115 2336 1177 Filii,
2370 1127 2415 1168 et
2451 1114 2676 1183 Spiritus
2703 1116 2884 1179 sancti,
2915 1116 3146 1168 docentes
3177 1131 3258 1167 eos
3288 1129 3484 1168 servare

1919 1206 2089 1258 omnia
2117 1221 2439 1274 quwcuntque
2475 1205 2705 1258 mandavi
2728 1204 2882 1268 vobis,
2908 1217 2953 1258 et
2985 1221 3096 1258 ecce
3120 1221 3210 1274 ego
3237 1205 3491 1258 robiscum

1919 1310 2031 1347 sum
2067 1293 2297 1348 omnibus
2324 1295 2496 1348 diebus
2534 1311 2690 1364 usque
2719 1295 2786 1348 ad
2816 1296 3294 1350 consummationem
3323 1296 3493 1350 seaculi

1923 1388 2132 1458 (Matth.
2176 1405 2364 1454 xxvut,
2407 1389 2494 1454 19,
2521 1388 2632 1459 20).
2673 1389 2747 1443 Ex
2781 1389 2882 1444 hoc
2911 1391 3207 1444 ostenditur
3234 1388 3492 1458 quodam-

1923 1479 2081 1532 modo
2105 1479 2242 1534 idem
2267 1479 2446 1544 Jesus,
2473 1479 2612 1534 idem
2637 1480 2868 1550 Spiritus
2889 1490 3127 1545 sanctus,
3151 1491 3268 1534 actu
3291 1479 3495 1534 scilicet

1922 1570 2110 1637 agendi
2138 1569 2361 1632 diversi,
2386 1571 2526 1639 quod
2551 1571 2636 1623 ille
2660 1571 2814 1624 docet
2838 1572 3258 1640 intelligentiam,
3284 1572 3382 1625 istc
3405 1571 3496 1624 dat

1923 1661 2103 1713 vitam.
2136 1661 2344 1716 Etenim
2387 1662 2526 1716 idem
2575 1662 2687 1730 ipse
2728 1671 2779 1716 et
2820 1679 2954 1716 unus
2985 1672 3158 1717 motus
3197 1672 3252 1718 et
3295 1663 3496 1732 primus

241 1744 386 1799 enim
409 1747 582 1798 otnnis
606 1757 779 1800 metus
799 1747 886 1813 qui
913 1746 1040 1800 loris
1064 1757 1161 1811 est,
1193 1764 1219 1800 a
1250 1749 1339 1802 Dei
1375 1758 1522 1802 motu
1554 1748 1640 1815 qui
1677 1749 1818 1802 intus
1848 1744 1894 1802 B
1924 1761 2099 1804 motus
2133 1768 2146 1804 :
2179 1767 2284 1821 quo
2307 1752 2588 1821 contingit,
2630 1762 2686 1806 ut
2726 1753 2814 1822 qui
2847 1753 2997 1816 vivit,
3026 1763 3077 1805 ct
3101 1769 3221 1807 vere
3252 1755 3413 1820 vivat,
3446 1764 3498 1806 et

242 1845 420 1890 motus
441 1847 540 1902 est,
566 1852 693 1906 ergo
713 1846 766 1890 et
789 1837 886 1889 iste
907 1851 935 1888 a
969 1836 1098 1892 Deo.
1129 1841 1335 1894 Etenim
1356 1840 1580 1894 scientia
1598 1849 1651 1893 et
1671 1841 1820 1894 intel-

245 1933 484 2001 ligentia,
517 1933 799 1987 existentia
845 1947 929 1990 est
975 1937 1247 2004 utriusque
1268 1951 1328 1990 ac
1361 1939 1594 2005 potentia
1618 1949 1820 2004 cogno-

245 2028 496 2090 scentize;
524 2027 683 2095 idque
717 2028 816 2083 hoc
846 2029 1019 2096 ipsum
1055 2037 1228 2082 motus
1252 2037 1352 2091 est,
1397 2029 1497 2103 hoc
1537 2030 1653 2095 ipso
1683 2026 1821 2096 quod

250 2127 430 2171 motus
471 2119 764 2172 substantia
807 2137 818 2170 :
853 2123 1155 2174 necessario
1197 2119 1356 2188 igitur
1384 2118 1435 2170 in
1465 2117 1699 2184 Christo,
1742 2118 1823 2171 vel

245 2209 491 2262 (lbristus
521 2219 623 2272 est,
647 2211 787 2263 etab
814 2211 926 2277 ipso
953 2210 1113 2263 habet
1137 2210 1336 2274 omnia,
1366 2210 1481 2278 quia
1506 2227 1532 2261 a
1559 2211 1658 2262 vita
1684 2209 1822 2278 quod

245 2297 492 2352 Christus
524 2311 624 2362 est,
651 2301 886 2354 substitit
915 2301 1290 2368 intelligentia,
1313 2312 1366 2354 et
1395 2301 1512 2355 ideo
1533 2301 1687 2356 alter.
1716 2300 1824 2355 Hoc

247 2392 390 2443 enim
414 2390 644 2444 dictum:
667 2391 779 2444 Eta
806 2409 882 2445 me
907 2392 1052 2444 liabet
1077 2394 1242 2444 omnia
1263 2391 1438 2463 (Joan.
1459 2409 1570 2457 xvr,
1599 2394 1683 2454 Μ,
1712 2393 1822 2462 lii).

253 2482 422 2536 [labet
453 2493 627 2536 autem
656 2494 709 2537 et
744 2501 774 2536 a
802 2500 899 2546 me,
930 2485 1035 2538 duo
1066 2493 1190 2537 sunt
1219 2501 1229 2536 :
1254 2499 1381 2554 ergo
1409 2484 1542 2537 alter
1571 2495 1624 2538 et
1650 2485 1824 2537 alter:

254 2575 360 2628 Sed
405 2575 526 2643 quia
569 2586 744 2629 motus
787 2584 841 2629 et
881 2575 993 2643 ipse
1033 2576 1263 2643 Spiritus
1302 2586 1538 2638 sanctus,
1571 2583 1747 2626 motus
1774 2586 1828 2627 ct

251 2663 516 2726 Christus,
542 2676 595 2718 et
616 2666 733 2732 quia
758 2667 862 2718 vita
886 2681 1007 2718 vera
1031 2664 1273 2718 Christus
1296 2673 1395 2728 est,
1421 2674 1472 2717 et
1491 2663 1829 2718 credentibus

255 2756 307 2807 in
331 2771 388 2808 se
409 2755 497 2808 dat
517 2757 672 2808 vitam
698 2771 898 2820 veram,
924 2757 1022 2810 hoc
1044 2766 1128 2809 est
1147 2765 1425 2818 aeternum,
1451 2767 1503 2808 et
1523 2755 1674 2808 adest
1691 2756 1829 2823 apud

259 2846 424 2898 Deum
453 2845 792 2900 credentibus
822 2847 872 2900 in
895 2862 973 2911 se,
999 2847 1141 2916 quod
1167 2847 1258 2901 Dei
1281 2845 1526 2910 sitﬁlius,
1553 2847 1710 2916 idque
1737 2861 1832 2914 per

260 2937 419 2991 ﬁdem
468 2955 480 2990 :
525 2939 722 2993 idcirco
780 2955 875 3008 per
921 2937 1189 2993 Christum
1238 2940 1642 2992 reconciliamnr
1692 2940 1826 3003 Deo;

261 3041 478 3096 propter
521 3043 644 3082 vero
692 3028 964 3082 hominum
1009 3029 1252 3084 obrutam
1291 3029 1371 3082 sui
1413 3039 1466 3081 et
1510 3028 1596 3082 Dei
1630 3045 1831 3083 mento-

1925 1843 2204 1911 intelligat,
2238 1852 2292 1897 et
2330 1858 2451 1897 vere
2490 1843 2768 1913 intelligat,
2799 1844 2886 1912 qui
2919 1859 3040 1898 vere
3081 1844 3340 1913 intelligit,
3375 1859 3499 1898 vere

1927 1935 2086 1986 vivat.
2127 1936 2298 2002 Atque
2321 1941 2377 1987 ut
2407 1933 2544 1988 idem
2574 1933 2944 1990 manifestetur
2981 1934 3136 1989 Jesus
3187 1945 3240 1988 et
3269 1934 3498 2003 Spiritus

1926 2031 2165 2088 sanctus,
2209 2024 2543 2078 attendamus
2590 2025 2768 2079 istud:
2795 2040 2984 2094 nempe
3023 2025 3248 2093 Spiritus
3285 2035 3500 2080 sanctus

1926 2116 2166 2169 doetrina
2184 2128 2284 2180 est,
2308 2116 2675 2186 intelligentia,
2702 2117 2916 2186 ipsaque
2939 2116 3195 2185 sapientia
3217 2126 3270 2170 et
3289 2113 3501 2170 Christo

1928 2217 1982 2260 ct
2018 2207 2125 2260 Deo
2163 2208 2422 2274 sapientia
2461 2207 2654 2260 datur:
2683 2217 2840 2276 atque
2879 2207 2978 2261 hoc
3006 2207 3247 2261 Christus
3291 2208 3503 2263 nomine

1929 2309 2283 2366 nuncupatur,
2301 2297 2439 2366 quod
2463 2307 2544 2350 est
2567 2295 2956 2367 (Evangelium)
2981 2296 3246 2352 Christum
3266 2313 3383 2353 esse
3408 2298 3502 2352 Dei

1930 2388 2116 2452 ﬁlium,
2149 2387 2286 2456 quod
2321 2386 2713 2456 (Evangelium)
2743 2387 2992 2441 delinitur
3023 2388 3110 2441 Dei
3141 2388 3308 2442 virtus
3338 2397 3498 2456 atque

1929 2479 2209 2546 sapientia,
2243 2486 2298 2530 ut
2325 2477 2517 2530 Paulus
2557 2477 2621 2530 ad
2665 2477 2934 2532 Romanos
2963 2478 3139 2548 (Rom.
3165 2493 3203 2543 ι,
3238 2477 3341 2546 16).
3375 2477 3504 2532 Item

1930 2563 2178 2617 Salomon
2212 2583 2222 2616 :
2257 2565 2434 2619 Omnis
2473 2568 2720 2636 sapientia
2756 2585 2785 2618 a
2827 2566 2934 2620 Deo
2964 2578 3053 2635 est,
3086 2579 3132 2620 et
3171 2585 3283 2620 cum
3323 2585 3379 2620 eo
3412 2569 3508 2636 [uit

1932 2672 2126 2724 semper
2153 2668 2269 2710 ante
2293 2675 2451 2711 tvvtnn
2477 2659 2662 2729 (Eccli.
2691 2676 2728 2725 t,
2756 2659 2825 2731 l).
2854 2661 2991 2716 Ecce
3012 2662 3267 2732 ὀμοούσιον
3289 2671 3509 2730 apparet

1934 2761 2052 2797 eum
2081 2745 2338 2814 sapientia
2360 2758 2408 2800 et
2435 2750 2500 2803 de
2525 2749 2632 2802 Deo
2658 2749 2832 2815 datur,
2864 2760 2914 2803 et
2941 2765 2970 2804 a
3001 2752 3106 2804 Deo
3128 2753 3302 2816 datur,
3329 2751 3509 2819 utique

1935 2835 2149 2890 Christo
2173 2849 2225 2892 et
2256 2839 2476 2908 Spiritui
2512 2849 2717 2894 sancto.
2757 2840 2818 2895 Et
2848 2856 2966 2895 cum
3001 2842 3199 2896 dictum
3237 2852 3338 2906 est,
3369 2842 3509 2912 quod

1933 2943 2054 2982 cum
2089 2931 2194 2984 Ileo
2229 2945 2439 2999 semper
2479 2932 2656 2995 fuerit,
2687 2933 2826 3004 quod
2869 2933 3130 3004 ὁμοούσιον
3155 2945 3235 2988 est
3265 2944 3507 3004 apparet,

1935 3036 2052 3074 eum
2085 3024 2340 3090 sapientia
2363 3033 2417 3078 et
2443 3023 2510 3078 de
2539 3025 2644 3078 Deo
2665 3024 2820 3078 datur
2847 3027 3028 3093 utique
3054 3024 3268 3081 Christo
3297 3034 3350 3080 et
3384 3025 3508 3095 Spi-

261 3121 417 3182 riam,
443 3135 574 3187 opus
602 3131 682 3174 est
705 3120 902 3187 Spiritu
940 3129 1148 3184 sancto,
1175 3121 1220 3174 si
1256 3122 1542 3176 accesserit
1565 3122 1786 3175 scientia
1814 3141 1825 3175 :
1857 3108 1901 3168 C
1939 3113 2061 3166 ritui
2088 3124 2290 3171 sancto.
2318 3115 2524 3168 Etcum
2552 3116 2749 3170 dictum
2776 3125 2878 3180 est,
2905 3117 3046 3186 quod
3077 3133 3194 3172 cum
3226 3119 3336 3172 Deo
3364 3133 3509 3173 sem-

266 3209 329 3262 Is't
356 3211 630 3278 intelligere
655 3227 767 3277 qua:
793 3213 856 3263 sit
878 3211 1090 3264 latitudo
1118 3211 1238 3272 Dei,
1267 3229 1377 3278 qaw
1411 3214 1692 3279 longitudo,
1721 3230 1833 3283 qua:

269 3298 589 3366 profunditas
627 3310 671 3351 et
701 3302 914 3354 altitudo
944 3300 1159 3370 (Epltes.
1185 3318 1263 3366 tu,
1296 3303 1386 3372 18)
1409 3320 1423 3367 ;
1448 3315 1500 3357 et
1521 3306 1834 3360 conﬁrmata

263 3390 419 3444 fuerit
436 3390 686 3455 charitas,
709 3401 763 3446 et
785 3392 914 3446 ﬁdes
939 3395 988 3445 in
1011 3392 1276 3447 Christum
1303 3397 1660 3463 perSpiritnm
1685 3413 1836 3451 sanc-

277 3492 408 3544 tntn,
434 3484 556 3549 quia
579 3484 801 3537 scientia
821 3495 920 3548 est,
950 3488 1036 3540 liet
1055 3489 1228 3541 salvus
1255 3506 1266 3539 :
1293 3489 1448 3556 plene
1473 3506 1699 3559 namque
1723 3493 1834 3559 ipse

269 3573 397 3625 dicit
430 3575 791 3628 testimonium
819 3575 884 3628 de
915 3577 1150 3640 Christo,
1187 3588 1240 3632 et
1271 3580 1426 3632 docet
1457 3583 1653 3645 omnia,
1681 3591 1733 3634 et
1757 3594 1838 3636 est

267 3664 488 3716 interior
508 3664 704 3718 Christi
728 3666 915 3730 virtus,
940 3669 1214 3721 scientiam
1241 3670 1502 3735 tribuens,
1541 3682 1594 3724 et
1629 3672 1692 3723 ad
1728 3672 1836 3724 sal-

268 3754 536 3807 vationem
575 3756 876 3822 proﬁciens,
919 3758 1056 3810 unde
1089 3758 1223 3810 alter
1262 3759 1585 3814 Paracletus.
1627 3761 1836 3813 Etenim

271 3844 494 3897 mortuis
545 3860 638 3913 per
693 3856 903 3912 peccata
955 3847 1254 3901 hominibus
1305 3849 1407 3901 vita
1467 3850 1610 3916 prius
1665 3851 1836 3904 danda

271 3934 478 3996 fuerat,
532 3947 586 3990 ut
636 3937 965 4008 erigerentur
1007 3941 1060 3994 in
1114 3943 1279 3994 Deum
1326 3957 1420 4010 per
1467 3943 1646 4006 ﬁdem,
1697 3943 1837 4013 quod

272 4035 387 4078 erat
411 4025 520 4094 jam
554 4029 735 4082 vivere
762 4045 826 4082 ex
862 4030 951 4083 Dei
981 4031 1087 4083 vita
1119 4047 1273 4099 quam
1300 4033 1478 4086 attulit
1509 4033 1752 4087 Christus
1788 4036 1838 4088 in

274 4129 458 4177 carne,
494 4127 549 4168 ut
581 4118 724 4170 carni
754 4121 912 4172 etiam
946 4120 1268 4174 subveniret.
1307 4123 1480 4186 Quare
1515 4123 1841 4177 conlirmatis

279 4206 580 4260 hominibus
613 4222 704 4273 per
742 4209 893 4261 Iidem
925 4210 976 4261 in
1015 4209 1282 4263 Christum
1318 4214 1479 4266 lilium
1522 4213 1641 4276 Dei,
1681 4215 1838 4266 etiam

277 4300 496 4353 scientia
521 4297 690 4350 danda
726 4300 988 4363 videatur,
1013 4310 1067 4353 et
1093 4300 1161 4355 de
1186 4301 1418 4365 Christo,
1443 4312 1494 4356 et
1527 4304 1744 4371 perinde
1774 4306 1840 4360 de

279 4392 391 4446 Deo
424 4408 439 4444 :
471 4393 596 4445 item
626 4391 692 4444 de
731 4392 947 4456 mundo,
1001 4402 1056 4444 ut
1091 4407 1208 4446 eum
1252 4405 1515 4462 argueret.
1557 4396 1684 4463 Qua:
1720 4412 1837 4450 cum

1935 3217 2029 3270 per
2057 3203 2234 3267 fuerit,
2258 3204 2398 3274 quod
2426 3204 2687 3276 ὁμοούσιον
2721 3215 2822 3271 cst,
2858 3206 3156 3260 ostenditur
3195 3208 3353 3261 simul
3389 3225 3511 3264 cum

1935 3305 2105 3363 patre.
2144 3295 2345 3350 Deinde
2373 3312 2493 3349 cum
2515 3297 2736 3359 dictum,
2761 3308 2877 3351 ante
2902 3313 3082 3362 avum,
3114 3314 3216 3352 non
3245 3315 3370 3368 ergo
3390 3315 3510 3354 cum

1937 3388 1990 3440 in
2022 3403 2202 3452 carne,
2235 3397 2359 3442 tunc
2380 3389 2642 3444 Christus.
2673 3389 2800 3443 Item
2827 3390 2968 3460 prior
2993 3392 3216 3444 omnium
3249 3401 3416 3444 creata
3441 3402 3514 3445 est

1935 3482 2179 3550 sapientia
2219 3479 2379 3552 (Ibid.
2407 3480 2493 3551 4),
2526 3483 2570 3534 si
2601 3483 2984 3550 primogenitus
3008 3484 3270 3550 Christus,
3303 3485 3513 3552 sapien-

1940 3571 2008 3621 tia
2033 3568 2295 3624 Christus.
2327 3573 2522 3625 Deinde
2560 3573 2699 3640 quod
2731 3574 2988 3641 sequitur,
3021 3575 3244 3644 Spiritus
3279 3585 3514 3630 sanctus:

1939 3676 1982 3714 et
2032 3663 2309 3715 intellectus
2353 3663 2636 3726 prudentiw
2672 3665 2735 3716 ab
2778 3680 2902 3717 (evo.
2938 3664 2995 3720 Si
3033 3665 3258 3734 Spiritus
3300 3677 3516 3721 sanctus

1941 3753 2217 3818 prudentia
2249 3763 2346 3815 est,
2375 3762 2428 3806 ct
2456 3753 2786 3818 intellectus;
2821 3755 2865 3808 si
2892 3754 3112 3809 scientia
3132 3797 3144 3820 ,
3169 3767 3221 3810 et
3251 3758 3514 3812 doctrina.

1938 3839 2181 3893 Christus
2203 3852 2282 3894 est
2305 3841 2419 3894 sine
2450 3842 2630 3907 dubio,
2661 3844 2786 3912 quia
2816 3845 2926 3913 ipse
2956 3854 3037 3899 est
3057 3846 3124 3901 ab
3157 3861 3290 3908 aevo,
3324 3848 3372 3900 id
3410 3856 3514 3912 est,

1940 3946 2004 3984 ex
2031 3941 2253 3992 :eterno.
2277 3942 2330 3986 et
2358 3934 2762 4003 primogenitus,
2788 3944 2840 3988 et
2863 3935 3002 4004 quod
3025 3947 3105 3990 est
3126 3937 3371 4004 amplius,
3399 3938 3517 3991 uni-

1939 4023 2170 4090 genitns.
2209 4023 2330 4078 lltec
2369 4034 2424 4078 et
2453 4025 2554 4078 alia
2597 4027 2647 4079 in
2684 4027 2864 4079 nmltis
2904 4036 3124 4080 tractata
3165 4028 3313 4083 libris
3339 4043 3368 4082 a
3408 4045 3515 4096 me,

1941 4111 2196 4182 ὁμοούσιον
2229 4115 2456 4182 probant
2488 4129 2592 4168 non
2627 4115 2797 4169 solum
2827 4116 2990 4170 Deum
3022 4125 3076 4170 et
3101 4115 3391 4183 Christmn,
3424 4119 3516 4173 sed

1941 4205 2099 4256 etiam
2123 4205 2374 4272 Spiritum
2397 4215 2661 4260 sanctum.
2696 4207 2890 4262 Demus
2917 4209 3074 4278 igitur
3097 4210 3177 4263 vel
3199 4211 3519 4280 accipiamus

1942 4295 2105 4350 Demn
2137 4297 2185 4348 id
2218 4311 2356 4361 esse,
2380 4298 2521 4366 quod
2544 4306 2627 4352 est
2658 4300 2885 4366 primum
2922 4308 2976 4354 et
3003 4300 3289 4370 principale
3317 4303 3516 4370 vivere,

1941 4386 2080 4453 quod
2120 4397 2202 4440 est
2247 4403 2426 4441 verunt
2466 4398 2521 4442 et
2566 4389 2853 4456 principale
2893 4405 3011 4444 esse
3053 4408 3065 4442 :
3099 4407 3200 4445 non
3232 4394 3372 4445 enim
3412 4403 3516 4460 est,

277 4483 680 4545 intellexissent,
707 4481 913 4536 facilius
939 4484 1002 4536 ad
1037 4485 1126 4538 Dei
1157 4485 1328 4538 lucem
1353 4485 1581 4540 hominis
1603 4489 1680 4540 sui
1707 4489 1838 4542 divi-
1869 4455 1918 4513 Β
1946 4479 2083 4545 ιιυοά
2132 4494 2234 4532 ηοη
2280 4480 2443 4533 Vim:
2473 4479 2574 4533 hoc
2617 4481 2784 4549 ipsum
2830 4481 3010 4536 νίνθτο
3051 4484 3364 4552 οροηιίοηθ
3405 4487 3519 4556 ipsa

279 4589 575 4640 noruntque
598 4573 938 4642 intelligentia
964 4575 1314 4628 liberarentur
1342 4584 1672 4630 terrenarum
1696 4595 1843 4631 mun-

279 4664 644 4731 danorumque
694 4673 1020 4732 contemptu,
1068 4674 1122 4719 et
1160 4665 1425 4720 desiderio
1463 4669 1602 4736 quod
1651 4671 1844 4724 excitat

279 4753 500 4808 scientia
528 4752 845 4806 divinorum.

351 4843 536 4898 XVIII.
569 4843 722 4898 Venit
760 4859 885 4910 ergo
908 4846 1188 4912 posterior,
1223 4847 1272 4901 id
1310 4858 1409 4910 est,
1437 4847 1563 4903 ﬁdes
1590 4851 1850 4919 posterior

280 4935 488 5002 Operari
523 4952 533 4985 :
567 4934 851 4990 recedente
891 4937 1033 4990 enim
1071 4937 1303 5004 Christo,
1335 4941 1422 5008 qui
1461 4954 1553 5007 per
1596 4941 1847 4995 miracula

283 5033 335 5077 et
364 5039 456 5090 per
484 5035 744 5092 pra-cepta
773 5025 1125 5079 seminaverat
1157 5026 1332 5093 ﬁdem,
1357 5028 1496 5096 quod
1530 5029 1644 5097 ipse
1667 5031 1756 5084 Dei
1785 5033 1844 5083 [l-

284 5117 385 5168 lius
409 5125 574 5178 esset,
606 5125 658 5168 et
679 5115 838 5169 vitam
861 5117 910 5169 in
933 5132 991 5172 se
1022 5116 1364 5172 credentibus
1385 5118 1556 5183 daret,
1582 5121 1846 5188 completa

284 5215 406 5259 sunt
445 5207 632 5274 Spiritu
661 5207 857 5270 omnia,
896 5217 947 5261 et
984 5207 1113 5262 ﬁdes
1153 5211 1454 5276 cognitione
1495 5212 1544 5264 in
1576 5209 1842 5265 Christum

284 5297 462 5349 adulta
493 5296 779 5358 succrevit,
803 5305 856 5350 et
880 5298 995 5366 ipso
1025 5299 1074 5350 in
1098 5298 1310 5353 Christo
1332 5315 1540 5369 semper
1559 5311 1842 5371 praesente,

286 5389 363 5438 sic
389 5387 528 5439 enim
559 5385 690 5438 dixit
726 5402 739 5437 :
767 5385 883 5440 Non
927 5389 1061 5440 enim
1100 5388 1328 5458 loquetur
1371 5406 1402 5443 α
1435 5393 1725 5458 semetipso,
1758 5391 1846 5444 sed

288 5494 608 5549 quaecumque
657 5479 872 5532 audierit
923 5481 1174 5549 loquetur,
1223 5491 1269 5534 et
1321 5486 1495 5551 futura
1531 5483 1847 5536 annuntiabit

289 5569 424 5622 vobis
451 5587 463 5621 :
495 5569 583 5621 ille
610 5585 689 5622 me
720 5569 1101 5636 Itonoriﬁcabit,
1133 5572 1368 5639 quoniam
1397 5571 1459 5626 de
1495 5588 1604 5627 meo
1640 5574 1851 5641 accipiet

294 5661 462 5730 (loon.
496 5677 611 5728 xvi,
647 5663 732 5729 l3,
765 5661 871 5733 tt).
899 5663 1034 5732 Ergo
1055 5663 1122 5721 de
1144 5666 1247 5720 vita
1275 5664 1637 5736 intelligentia,
1663 5673 1718 5722 et
1739 5667 1852 5736 ipsa

1943 4570 2224 4630 caniticere,
2250 4579 2304 4622 et
2329 4584 2588 4638 generare
2620 4571 2802 4634 vitam,
2825 4583 3065 4640 apertum
3100 4573 3340 4631 fecimus.
3370 4577 3424 4630 In
3453 4593 3518 4632 eo

1944 4675 2069 4714 vero
2091 4662 2228 4729 quod
2261 4663 2362 4715 vita
2389 4673 2490 4728 est,
2509 4664 2728 4718 scientia
2750 4674 2804 4718 et
2825 4665 3170 4734 intelligentia
3191 4668 3329 4724 inest
3353 4686 3366 4722 :
3393 4670 3520 4726 vivit

1941 4766 2068 4820 ergo
2093 4751 2246 4815 Deus,
2282 4761 2335 4806 et
2363 4753 2588 4808 vivendo
2614 4754 2718 4808 vita
2747 4767 2827 4809 est
2863 4756 3018 4822 Deus,
3050 4769 3101 4812 et
3130 4774 3250 4813 eum
3276 4760 3384 4815 vita
3415 4771 3515 4829 est,

1951 4842 2292 4912 intelligentia
2323 4853 2423 4897 est.
2451 4845 2553 4898 Sed
2579 4845 2691 4900 haec
2713 4847 2811 4900 tria
2835 4855 2892 4901 ut
2917 4863 3076 4902 unum
3109 4866 3168 4905 ac
3197 4853 3441 4922 simplex,
3467 4864 3520 4909 et

1949 4933 2001 4986 in
2030 4951 2092 4987 eo
2117 4944 2170 4988 nt
2200 4936 2489 5004 principale
2513 4938 2601 5003 sit,
2640 4937 2688 4990 id
2715 4949 2818 5004 est,
2847 4939 2947 4994 hoc
2967 4942 3035 4995 sit
3053 4944 3191 5012 quod
3215 4959 3332 4999 esse
3355 4947 3520 5016 magis

1947 5027 2225 5081 existentia
2285 5028 2565 5094 principali
2593 5041 2675 5084 est
2705 5030 2842 5085 Deus
2881 5033 3092 5098 vivens,
3130 5039 3428 5093 necessario
3465 5051 3522 5094 et

1948 5119 2288 5184 semetipsum
2318 5117 2639 5186 intelligens.
2666 5119 2797 5174 llinc
2832 5122 2973 5174 enim
2999 5125 3174 5176 omnia
3196 5125 3516 5197 intelligens,

1949 5207 2068 5273 quia
2108 5206 2450 5275 semetipsum
2501 5209 2764 5278 intelligit.
2820 5213 3067 5266 Omnium
3115 5215 3523 5274 existentiarum

1951 5313 2107 5352 causa
2137 5307 2252 5361 est,
2285 5309 2337 5353 et
2373 5299 2492 5354 ideo
2525 5302 2702 5355 omnia
2747 5321 2761 5356 :
2801 5319 2928 5374 ergo
2958 5305 3060 5359 vita
3100 5316 3153 5360 et
3179 5308 3522 5380 intelligentia

1953 5391 2004 5445 in
2033 5392 2082 5443 id
2113 5401 2351 5459 accepta,
2380 5392 2518 5460 quod
2551 5402 2772 5448 estesse
2793 5395 2952 5462 intus,
2977 5411 3190 5467 semper
3208 5415 3520 5473 operantur,

1953 5483 2094 5551 quod
2124 5491 2207 5537 est
2236 5484 2434 5538 vivere.
2465 5483 2654 5538 Vivere
2683 5493 2858 5539 autem
2891 5488 2999 5542 Deo
3031 5488 3134 5544 hoc
3159 5499 3240 5545 est
3269 5494 3408 5562 quod
3439 5505 3522 5550 est

1953 5590 2091 5630 esse.
2142 5575 2272 5629 Esse
2309 5576 2466 5644 igitur
2501 5585 2708 5640 cuncta,
2753 5594 2888 5633 unus
2916 5588 2971 5634 et
3011 5583 3347 5653 omnipotens
3383 5587 3525 5644 Deus

1956 5673 2057 5723 est.
2087 5664 2222 5732 Quid
2251 5665 2441 5734 igitur?
2468 5665 2511 5720 si
2535 5665 2677 5722 intus
2699 5668 2748 5723 in
2771 5683 2829 5724 se
2852 5681 3121 5742 operatur,
3151 5673 3235 5730 vel
3260 5690 3320 5732 se
3344 5676 3522 5745 potius
