3950 6206
571 288 703 343 H27

566 490 691 541 furis
722 502 971 555 apparere
1001 489 1321 556 potuerunt?
1351 497 1403 539 et
1430 487 1549 555 quid
1582 496 1661 540 est
1702 486 1829 539 foris
1857 496 1944 539 aut
1974 488 2112 539 intus

564 578 614 633 ὃν
638 580 812 651 λόγονῖ
849 579 1177 647 Quaesieruut
1221 576 1516 645 philosophi
1560 586 1611 629 et
1654 576 1791 629 ducti
1835 576 1898 627 ad
1946 576 2111 644 legem

563 672 681 738 viri,
705 673 826 741 quid
858 674 961 726 sint
984 682 1037 725 et
1063 672 1148 725 ubi
1179 672 1302 724 sint.
1328 670 1459 734 Quid
1488 672 1613 733 sint,
1642 670 1987 722 substantiam
2012 684 2105 723 eo-

564 777 677 817 rum
703 764 785 816 vel
816 762 1172 825 existentiam,
1198 770 1252 813 ιιι
1273 760 1595 829 explicemus
1621 776 1632 809 :
1671 758 1756 811 ubi
1782 758 1906 823 sint,
1936 766 2109 811 utrum

564 854 684 908 inde
712 870 775 906 an
802 862 970 918 extra,
1004 863 1058 907 et
1086 854 1135 905 in
1165 852 1407 906 omnibus
1436 850 1683 919 reliquis,
1713 865 1778 903 an
1810 850 1859 902 iu
1892 857 2110 916 utroque

562 953 617 998 et
646 946 856 1015 ubique.

631 1035 765 1088 XIX.
800 1036 922 1089 Ilaae
962 1034 1170 1103 quidem
1216 1048 1311 1087 nos
1333 1034 1383 1087 in
1421 1033 1535 1087 aliis
1574 1032 1722 1085 libris
1760 1036 2109 1099 exscquenter

562 1128 817 1196 pleneque
858 1125 1185 1179 tradidimus.
1234 1122 1430 1177 Verum
1474 1138 1609 1175 nunc
1657 1122 1753 1174 ista
1808 1118 2105 1173 summatim

560 1217 891 1283 breviterque
910 1215 1163 1269 dicemus.
1192 1216 1328 1267 Ante
1349 1209 1399 1265 ὃν
1425 1222 1475 1267 ει
1504 1221 1623 1264 ante
1643 1213 1803 1283 λόγον,
1836 1211 1914 1263 vis
1940 1220 1991 1262 et
2018 1224 2108 1274 po-

560 1309 721 1361 tentia
775 1306 1033 1361 existendi
1087 1306 1169 1357 illa
1196 1314 1294 1366 est,
1328 1319 1443 1371 qua:
1472 1305 1794 1371 signilieatur
1816 1301 1912 1354 huc
1948 1302 2107 1354 verbo

560 1398 695 1466 quod
726 1407 806 1451 est
836 1411 953 1450 esse
973 1435 987 1458 ,
1030 1395 1211 1449 Graece
1252 1393 1388 1462 quod
1436 1403 1515 1446 est
1539 1396 1597 1446 τὸ
1626 1389 1765 1446 εἶναι.
1797 1390 1907 1443 Hoc
1937 1391 2103 1458 ipsum

559 1502 675 1541 esse
721 1486 922 1539 duobus
969 1484 1327 1554 accipiendum
1360 1482 1525 1535 modis
1555 1500 1566 1534 :
1601 1497 1779 1546 unum,
1815 1491 1868 1534 ut
1898 1482 2105 1533 univer-

561 1577 671 1629 sale
716 1576 801 1639 sit,
827 1585 880 1628 et
921 1573 1275 1643 principaliter
1306 1571 1591 1640 principale
1624 1590 1636 1623 :
1671 1571 1807 1624 unde
1830 1570 1881 1623 in
1903 1571 2104 1623 exteris

558 1684 675 1723 esse
696 1668 781 1732 sit,
809 1666 1013 1734 alioque
1049 1678 1164 1718 esse
1203 1672 1284 1716 est
1322 1663 1529 1716 eteteris
1558 1662 1696 1731 quod
1734 1670 1835 1723 est,
1865 1660 2099 1712 omnium

1821 288 1909 341 ΜΛ
1922 287 2012 343 RII
2054 284 2389 342 VICTORINI
2429 290 2587 345 AFIll

566 408 810 468 operatur
852 398 955 451 vita
996 408 1047 451 et
1093 397 1467 467 intelligentia?
1495 397 1767 464 Quomodo
1813 398 1907 451 ista
1952 397 2113 450 veluti
2141 400 2187 455 Α
2218 396 2554 466 intelligentia
2583 399 2794 453 deﬁnita
2845 417 2858 453 :

3637 300 3759 354 “98

2906 418 3022 456 nam
3054 409 3301 473 potentia:
3329 416 3417 464 τοῦ
3446 409 3627 484 λόγους
3663 422 3761 465 ets

2214 488 2320 540 nim
2344 488 2614 543 deﬁi.itunt
2638 491 2882 559 quidnam
2921 504 3074 563 atque
3104 496 3382 551 formatum
3412 511 3494 554 est
3528 520 3539 551 :
3570 501 3757 554 intelli-

2212 578 2384 645 gentia
2415 594 2537 632 vero
2561 591 2611 633 et
2633 581 2889 635 deﬁniens
2919 601 2931 635 :
2963 595 3133 640 tamen
3164 589 3284 656 quia
3316 589 3415 643 ista
3446 592 3588 645 intus
3615 602 3754 656 sunt,

2211 673 2264 716 et
2295 664 2343 717 in
2371 680 2427 719 se
2452 682 2703 721 conversa
2730 681 2869 734 sunt,
2898 675 3069 727 omnia
3097 675 3347 747 ἄγνωστα,
3377 680 3657 755 ἀδιάκριτα,
3682 682 3753 735 in-

2212 758 2415 825 cognita
2442 768 2493 811 et
2516 758 2796 814 indiscreta
2826 774 2944 817 sunt
2969 782 2979 815 :
3010 766 3079 819 ita
3101 777 3153 819 et
3178 768 3312 823 Deus
3335 772 3475 839 quod
3502 785 3585 826 εει
3624 789 3750 839 εεεε,

2211 844 2259 897 id
2291 854 2384 910 est,
2418 847 2622 913 vivere,
2670 852 2961 921 incognitus
2991 866 3042 908 et
3080 857 3399 913 indiscretus
3426 870 3539 925 est;
3570 872 3623 915 ct
3648 864 3751 927 eius

2207 932 2373 988 forma
2393 977 2409 1002 ,
2442 937 2491 990 id
2521 949 2619 1003 est,
2650 940 2766 993 vit-.e
2794 944 3152 1013 intelligentia,
3202 949 3461 1019 incognita
3500 962 3553 1005 et
3592 952 3743 1007 indis-

2208 1036 2351 1079 creta
2398 1037 2478 1081 est
2519 1045 2531 1080 :
2574 1039 2693 1083 sunt
2739 1032 2878 1086 enim
2932 1034 3030 1089 ista
3078 1039 3207 1090 nihil
3244 1041 3382 1094 aliud
3424 1058 3583 1111 quam
3616 1059 3744 1107 esse,

2207 1117 2345 1183 quod
2393 1127 2473 1173 est
2510 1120 2705 1175 vivere.
2734 1123 2879 1189 Quod
2904 1140 3020 1179 cum
3050 1128 3328 1195 inﬁnitum,
3359 1142 3412 1186 et
3443 1132 3613 1187 ferina
3643 1136 3744 1203 eius

2206 1205 2405 1257 inﬁnita
2434 1217 2530 1270 est,
2572 1209 2642 1262 ibi
2672 1227 2909 1277 manens,
2940 1224 2992 1268 et
3020 1217 3144 1269 nihil
3171 1218 3309 1272 aliud
3337 1237 3495 1290 quam
3524 1240 3643 1277 esse
3662 1241 3743 1279 ex-

2206 1292 2389 1349 istens.
2441 1296 2569 1350 Cum
2609 1310 2781 1354 autent
2835 1301 2960 1356 foris
2999 1321 3115 1360 es:c
3142 1310 3377 1377 coeperit,
3432 1322 3557 1365 tunc
3586 1317 3740 1370 lanna

2204 1401 2461 1455 apparens
2490 1390 2657 1459 imago
2685 1393 2775 1445 Dei
2801 1404 2899 1461 est,
2934 1396 3091 1450 Deum
3121 1415 3212 1467 per
3233 1412 3400 1455 semet
3426 1407 3736 1473 ostendens;

2203 1485 2254 1529 ει
2282 1486 2361 1531 εει
2398 1478 2556 1549 λόγος,
2586 1497 2686 1534 non
2704 1482 2810 1549 iam
2834 1485 2950 1538 inde
2974 1490 3104 1561 πρὸς
3128 1490 3207 1542 τόν
3226 1492 3343 1543 Θεὸν
3371 1490 3536 1565 λόγος,
3571 1495 3622 1548 in
3648 1513 3738 1564 qua

2203 1566 2302 1617 vita
2345 1576 2397 1619 et
2439 1569 2794 1638 iutclligcntia,
2839 1573 2944 1639 iam
2992 1574 3076 1629 ὅνε
3108 1579 3224 1645 quia
3255 1592 3397 1634 certa
3440 1584 3668 1652 cognitio
3691 1597 3737 1641 et

2202 1655 2497 1718 existentia,
2539 1676 2653 1726 qua:
2689 1662 2954 1717 intellectu
2978 1675 3028 1717 et
3056 1670 3349 1736 cognitione
3378 1674 3624 1741 capitur:
3651 1679 3734 1732 sed

560 1771 673 1825 post
690 1758 766 1811 vel
788 1772 1035 1827 generum
1061 1756 1140 1808 vel
1172 1754 1485 1821 specierum,
1505 1764 1660 1821 atque
1686 1752 1979 1820 huiusmodi
2001 1766 2074 1805 ea:

2203 1747 2638 1813 quemadmodum
2684 1752 2809 1805 foris
2851 1754 3301 1825 exsdteruutista,
3342 1770 3397 1814 et
3430 1773 3605 1818 utrum
3636 1766 3733 1833 ipsa

558 1860 807 1902 terorum.
840 1847 1031 1900 Verum
1062 1859 1178 1899 esse
1202 1846 1425 1912 primum
1454 1844 1519 1895 ita
1548 1844 1982 1911 imparticipatum
1996 1851 2094 1907 est,

558 1950 614 1993 nt
655 1955 751 1994 nec
794 1954 952 1992 unum
983 1938 1085 1991 dici
1116 1937 1297 2005 possit,
1322 1950 1419 1989 nec
1445 1936 1635 1999 solum,
1680 1934 1770 1988 sed
1796 1950 1885 2001 per
1917 1933 2101 2001 prrela-

558 2033 749 2086 tionem
796 2040 914 2084 ante
958 2045 1114 2083 unttm
1140 2070 1153 2091 ,
1194 2038 1248 2083 et
1296 2040 1416 2082 ante
1455 2028 1644 2091 solum,
1692 2027 1823 2080 ultra
1854 2026 2100 2095 simplici-

558 2132 749 2185 tatem,
798 2119 1235 2189 prteexistentiam
1302 2118 1473 2185 potius
1524 2133 1677 2186 quam
1734 2118 2095 2181 existentiam,

555 2210 922 2264 universalium
953 2210 1186 2261 omnium
1214 2207 1525 2271 universale,
1558 2208 1833 2272 inlinitum,
1865 2208 2098 2260 intermi-

554 2313 749 2367 natum,
784 2302 873 2355 sed
902 2301 1018 2354 aliis
1044 2301 1285 2355 omnibus
1305 2339 1320 2365 ,
1362 2315 1465 2353 non
1495 2300 1593 2353 sibi
1620 2317 1631 2351 :
1661 2310 1713 2352 et
1762 2299 1953 2351 ideirco
1984 2299 2096 2351 sine

552 2394 717 2449 forma
746 2394 1007 2448 intellectu
1033 2392 1256 2461 quodam
1286 2391 1510 2443 auditur.
1556 2400 1609 2442 et
1644 2389 2093 2457 pracintelligentia

551 2488 725 2554 potius
751 2500 904 2554 quam
931 2482 1265 2552 intelligentia
1293 2482 1562 2549 accipitur.
1597 2480 1945 2548 cognoscitur,
1976 2495 2093 2533 cre-

550 2575 705 2629 ditur.
736 2575 846 2629 Iloe
876 2574 997 2627 illud
1026 2581 1107 2627 est
1133 2572 1271 2641 quod
1296 2571 1523 2625 diximus
1547 2573 1721 2625 vivere
1747 2570 1827 2623 vel
1852 2571 1995 2632 vivit,
2028 2569 2091 2622 il-

548 2665 635 2718 lud
660 2665 935 2725 inﬁnitum,
966 2662 1091 2716 illud
1124 2661 1260 2730 quod
1284 2676 1437 2729 supra
1464 2660 1835 2714 universalium
1857 2659 2088 2713 omnium

546 2755 723 2810 vivere
752 2767 832 2810 εει
858 2756 1025 2824 ipsum
1056 2770 1192 2817 esse,
1224 2756 1390 2822 ipsum
1429 2754 1621 2815 vivere,
1653 2769 1755 2805 non
1783 2764 1869 2805 aut
1895 2751 2088 2820 aliquid

545 2864 692 2912 esse,
734 2857 823 2901 aut
850 2847 1041 2915 aliquid
1073 2848 1277 2911 vivere,
1325 2845 1461 2899 unde
1487 2860 1581 2898 nec
1609 2843 1677 2898 ὅν.
1710 2844 1919 2897 Certum
1949 2843 2087 2896 enim

543 2940 697 2993 etiam
727 2937 969 3007 quiddam
992 2947 1070 2990 est
1091 2934 1161 3001 ὃν,
1196 2935 1534 3001 intelligihile,
1564 2931 2086 3001 eognoscihile.Ergo

541 3028 587 3081 si
623 3043 724 3080 non
762 3023 829 3091 ὃν,
876 3041 969 3079 ηεε
994 3025 1136 3097 λόγος
1165 3065 1177 3087 ,
1223 3024 1363 3095 λόγος
1424 3024 1561 3076 εηίιιι
1602 3022 1845 3075 deﬁnitus
1880 3031 1990 3085 est,
2031 3030 2083 3074 et

2198 1835 2385 1902 forma,
2418 1856 2532 1908 qua:
2560 1840 2699 1893 intus
2726 1855 2802 1895 est
2828 1845 3042 1910 entisSa,
3089 1846 3230 1901 foras
3253 1862 3355 1914 est,
3386 1867 3453 1904 an
3483 1869 3544 1907 se
3574 1854 3731 1924 ipsum

2198 1925 2392 1993 eietit?
2422 1928 2512 1981 sed
2539 1945 2657 1983 eum
2682 1930 2767 1984 illa
2792 1934 2926 1986 intus
2954 1935 3118 1989 forma
3152 1940 3431 1994 indiscreta
3461 1953 3517 1997 et
3545 1945 3731 2003 inﬁnita

2195 2019 2281 2083 sit,
2312 2021 2572 2087 quomodo
2598 2033 2649 2073 et
2683 2023 2733 2075 in
2760 2039 2817 2077 ea
2845 2039 2960 2092 qum
2986 2025 3112 2080 foris
3138 2039 3235 2094 est,
3273 2032 3359 2084 illa
3387 2036 3731 2102 cognosc-itur,

2195 2121 2259 2159 an
2285 2107 2386 2161 alia
2417 2118 2498 2163 est
2528 2111 2676 2163 haec?
2705 2112 2795 2165 sed
2820 2113 2863 2166 si
2893 2115 3010 2180 alia,
3044 2132 3144 2169 non
3168 2133 3293 2187 ergo
3316 2121 3381 2173 ab
3407 2122 3493 2174 illa
3525 2136 3645 2177 nata
3662 2129 3733 2181 vel

2194 2198 2493 2264 emissione,
2525 2202 2603 2255 vel
2625 2216 2715 2255 sua
2740 2205 2997 2258 motione:
3031 2216 3085 2260 et
3112 2209 3155 2260 si
3178 2210 3247 2261 ita
3268 2220 3322 2262 ut
3348 2211 3449 2264 alia
3476 2229 3580 2267 non
3600 2231 3730 2282 pars,

2194 2302 2290 2341 nec
2330 2291 2509 2343 eadem
2555 2307 2651 2345 nec
2693 2296 2906 2349 omnino
2969 2297 3248 2367 ὁμοούσιος,
3297 2311 3351 2355 ει
3369 2304 3564 2360 deinde
3603 2308 3732 2363 unde

2195 2375 2306 2431 Iure
2332 2382 2607 2447 apparuit?

2262 2468 2398 2521 XXI.
2456 2471 2529 2525 De
2551 2473 2714 2527 altero
2736 2489 2858 2543 ergo
2900 2477 3003 2531 duo
3032 2480 3303 2547 principia,
3342 2498 3405 2537 an
3445 2486 3512 2539 de
3533 2487 3729 2542 nihilo?

2191 2561 2408 2614 nihilum
2456 2577 2557 2617 non
2599 2576 2679 2618 est
2711 2568 2807 2620 sub
2852 2569 2955 2623 Deo
3000 2579 3096 2623 τῶν
3125 2569 3294 2626 ὄντων.
3342 2575 3542 2631 Deinde
3569 2585 3609 2631 si
3641 2579 3727 2634 Dei

2191 2654 2418 2719 potentia
2448 2655 2531 2709 vel
2559 2657 2822 2714 voluntate
2860 2662 3078 2726 exstitit,
3110 2680 3213 2718 non
3256 2676 3336 2720 est
3369 2668 3593 2724 nihilum
3637 2671 3723 2726 Dei

2191 2746 2417 2810 potentia
2460 2748 2537 2800 vel
2590 2749 2845 2802 voluntas.
2892 2751 3097 2805 Etenim
3137 2756 3179 2808 si
3210 2759 3547 2826 omnipotens
3571 2761 3720 2827 Deus,

2189 2836 2560 2903 omnipotentia
2604 2840 2715 2906 ejus
2754 2851 2805 2894 et
2834 2857 2985 2896 causa
3035 2847 3294 2909 omnibus,
3339 2858 3393 2902 et
3430 2850 3544 2916 ipsa
3586 2856 3720 2906 exis-

2188 2926 2343 2976 tentia
2370 2936 2469 2979 est.
2509 2926 2639 2979 Nunt
2666 2944 2788 2997 ergo
2822 2932 2957 2996 quod
2984 2933 3236 3000 reliquum
3267 2938 3542 2991 estdicere
3570 2941 3719 2993 aude-

2186 3030 2321 3079 tnns,
2366 3032 2392 3068 a
2415 3033 2471 3070 se
2499 3028 2609 3071 orta
2638 3020 2746 3074 luce
2776 3022 2940 3075 forma
2965 3034 3040 3078 est
3064 3026 3085 3077 ?
3110 3036 3160 3078 ct
3190 3029 3451 3094 quomodo
3477 3046 3598 3085 eum
3634 3047 3714 3086 es-

539 3116 816 3171 deﬁnitor:
850 3116 959 3170 sive
980 3116 1119 3170 enim
1145 3127 1224 3170 cst
1247 3117 1379 3169 ratio
1402 3154 1417 3178 ,
1447 3115 1555 3169 sive
1601 3112 1889 3167 existentite
1918 3112 2079 3179 ipsius
2108 3088 2154 3151 Ο
2183 3118 2262 3161 εει
2290 3110 2339 3161 in
2366 3120 2528 3178 patre,
2556 3113 2718 3165 inscio
2748 3126 2912 3180 patre,
2939 3132 3001 3168 an
3028 3118 3271 3183 iubente?
3293 3122 3334 3173 si
3357 3121 3595 3187 iubente,
3617 3139 3714 3177 non

539 3209 789 3275 potentia,
837 3209 946 3261 sive
987 3223 1071 3261 res
1109 3208 1212 3261 illa:
1244 3222 1371 3277 quas
1400 3205 1736 3273 intelligentia
1769 3203 1985 3271 accipit,
2024 3212 2079 3255 nt

539 3296 945 3366 uniuscujusque
967 3300 1021 3350 ﬁt
1039 3298 1087 3351 ei
1103 3313 1218 3352 esse
1242 3314 1254 3348 :
1280 3304 1560 3361 cognoscat
1581 3296 1715 3363 quod
1733 3308 1832 3347 non
1861 3307 2078 3361 cognos-

537 3387 609 3440 cit
633 3428 646 3449 ,
679 3389 775 3442 nisi
812 3390 1187 3443 animadvertat
1224 3400 1275 3441 ει
1310 3389 1479 3456 capiat
1518 3402 1633 3455 qua)
1672 3388 1771 3440 sint
1814 3387 1919 3451 illa,
1961 3402 2077 3455 qttte

537 3489 785 3545 prmstant
812 3479 1089 3549 unicuique
1118 3480 1458 3533 substantiam
1483 3495 1494 3530 :
1525 3488 1573 3531 et
1605 3478 1687 3530 hic
1713 3476 1850 3548 λόγος
1900 3491 2073 3529 rerum

534 3582 627 3635 per
668 3584 820 3635 quem
854 3578 1029 3623 creata
1072 3579 1195 3623 sunt
1223 3568 1431 3634 omnia,
1475 3567 1781 3621 universalis
1824 3567 2069 3634 potentia,

531 3658 807 3713 continens
836 3660 1196 3715 universaliter
1217 3660 1446 3714 omnium
1476 3674 1577 3723 res,
1609 3668 1864 3727 praestans
1889 3657 1951 3709 ad
1978 3672 2071 3710 ex-

533 3746 796 3801 istentiam
840 3750 1121 3818 unicuique
1174 3766 1267 3804 sua
1302 3760 1355 3804 et
1382 3752 1609 3818 propria.
1645 3751 1780 3819 Ergo
1812 3750 1931 3818 quia
1976 3764 2069 3802 sua

529 3839 805 3907 unicuique
842 3848 891 3893 et
921 3845 1127 3908 propria
1155 3850 1384 3907 prrestat,
1412 3841 1596 3895 deﬁnit
1639 3851 1692 3894 et
1730 3841 2067 3905 determinat,

524 3932 681 3986 etiam
714 3932 835 3984 illud
876 3931 926 3985 ὃν
953 3931 1094 3985 facit.
1132 3932 1449 4000 Imponendo
1479 3933 1615 3985 enim
1659 3933 1858 3985 inﬁnito
1894 3933 2069 3985 termi-

522 4034 647 4074 num
701 4022 856 4075 rebus
902 4021 965 4073 ad
1022 4022 1352 4074 existentiam
1411 4020 1490 4074 sui
1539 4020 1816 4087 unicuique
1880 4019 2067 4073 format

521 4126 657 4175 rem,
690 4120 741 4163 et
776 4111 1171 4178 intelligentiam
1195 4112 1445 4164 inﬁnitate
1482 4110 1684 4163 sublata
1723 4109 1947 4177 subiicit.
1978 4110 2067 4162 Est

518 4217 642 4269 ergo
669 4204 718 4254 in
744 4217 807 4255 eo
832 4204 967 4269 quod
996 4219 1170 4256 rerum
1207 4214 1285 4256 est
1310 4205 1536 4272 potentia
1563 4203 1626 4256 ad
1650 4202 1927 4271 pariendas
1946 4202 2063 4255 elﬁ-

514 4291 828 4360 ciendasque
852 4293 1156 4345 existentias
1184 4293 1324 4365 λόγος
1352 4312 1364 4345 :
1389 4310 1455 4347 ex
1496 4309 1558 4346 eo
1600 4302 1772 4345 autem
1800 4292 1936 4360 quod
1968 4292 2059 4344 de-

514 4381 647 4445 ﬁnit,
673 4389 825 4449 atque
851 4380 1115 4435 concludit
1138 4381 1538 4448 unumquodque
1559 4381 1777 4433 formam
1803 4382 2052 4445 tribuens,

2180 3218 2303 3271 ergo
2343 3219 2371 3256 a
2401 3220 2457 3258 se
2505 3222 2516 3257 :
2562 3221 2627 3257 an
2656 3207 2939 3261 insciente?
2960 3219 3037 3262 est
3063 3226 3184 3279 ergo
3223 3212 3415 3282 aliquid
3445 3217 3584 3284 quod
3614 3232 3709 3270 non

2178 3294 2407 3360 potentia
2440 3294 2529 3347 Dei
2560 3294 2671 3359 fuit,
2699 3305 2786 3348 aut
2812 3308 2892 3351 est
2919 3299 3053 3365 quod
3082 3302 3192 3353 sine
3222 3301 3309 3354 illo
3338 3303 3451 3366 fuit,
3504 3320 3621 3357 cum
3649 3306 3710 3359 de

2175 3382 2302 3453 λόγῳ
2326 3382 2414 3450 qui
2450 3383 2561 3450 eius
2584 3384 2770 3437 dicitur
2792 3386 2974 3451 forma,
3008 3389 3072 3440 ita
3100 3389 3293 3443 dictum
3319 3395 3387 3445 sit
3415 3410 3427 3443 :
3459 3391 3559 3445 Per
3574 3411 3708 3458 quem

2174 3475 2308 3538 facta
2320 3482 2431 3525 sunt
2448 3475 2610 3526 omnia
2624 3486 2666 3528 et
2680 3476 2785 3527 sine
2802 3493 2896 3543 quo
2912 3480 3097 3546 factum
3114 3488 3182 3531 est
3199 3482 3322 3533 nihil
3352 3480 3557 3547 (Joanu.
3578 3500 3615 3549 ι,
3633 3486 3703 3553 3).

2174 3561 2305 3627 Quid
2348 3563 2480 3615 istud
2525 3565 2646 3617 est?
2685 3573 2940 3619 tantarum
2966 3567 3325 3622 confusioaum
3352 3586 3470 3638 qua:
3497 3587 3703 3642 separa-

2173 3652 2289 3704 tio?
2331 3667 2445 3720 qua:
2477 3654 2518 3706 si
2560 3669 2661 3707 non
2704 3656 2895 3708 veritas
2925 3657 3007 3710 vel
3036 3659 3135 3711 vita
3163 3669 3241 3712 est
3270 3661 3531 3718 veritatis.
3563 3665 3702 3717 Adsit

2172 3741 2394 3807 Spiritus
2413 3754 2619 3798 sanctus
2648 3762 2659 3796 :
2692 3746 2813 3812 quid
2836 3747 3135 3814 inspiratum
3159 3749 3307 3802 nobis
3326 3752 3413 3813 sit,
3440 3754 3596 3805 modo
3616 3768 3700 3807 au-

2170 3830 2306 3884 ditor
2333 3833 2563 3886 attendat
2587 3874 2603 3900 ,
2648 3849 2772 3901 pura
2799 3848 3117 3904 exponentes
3146 3838 3481 3908 simplicitate
3510 3844 3696 3911 pande-

2168 3936 2303 3973 mus.
2344 3922 2546 3975 Interea
2576 3938 2733 3977 unum
2763 3940 2970 3986 moneo,
3010 3928 3127 3979 sine
3152 3938 3386 3997 tempore
3407 3930 3522 3984 hrec
3540 3930 3697 3999 accipi

2166 4012 2463 4075 convenire,
2498 4027 2560 4065 ex
2592 4023 2787 4067 :cterno
2815 4030 3022 4082 semper
3057 4017 3197 4070 nullo
3228 4021 3474 4085 temporis
3505 4023 3695 4089 princi-

2166 4101 2269 4167 pio,
2298 4100 2389 4154 sed
2419 4109 2474 4153 ut
2497 4102 2564 4154 sit
2588 4118 2744 4156 unum
2772 4114 3046 4172 utrumque
3076 4108 3383 4174 principium
3404 4118 3459 4162 et
3483 4124 3694 4178 genera-

2164 4201 2246 4245 tor
2286 4203 2337 4246 et
2373 4193 2621 4260 genitum.
2675 4194 2901 4247 Primum
2949 4196 2997 4248 in
3038 4196 3194 4251 rebus
3237 4199 3469 4265 :nternis,
3512 4200 3691 4253 divinis

2161 4283 2487 4349 maximeque
2515 4284 2691 4347 primis
2717 4286 2973 4338 manentia
2998 4286 3189 4354 quieta,
3208 4298 3259 4342 et
3288 4289 3337 4341 in
3363 4304 3429 4341 eo
3449 4304 3553 4357 quo
3578 4299 3689 4343 sunt

2158 4372 2465 4437 existentia,
2510 4372 2647 4425 nulla
2689 4374 2767 4425 sui
2797 4390 2889 4442 per
2925 4385 3119 4428 motum
3160 4378 3447 4430 mutatione
3474 4392 3688 4446 genera-

511 4466 582 4533 ὃν,
615 4476 696 4522 εει
730 4470 834 4536 iam
864 4468 1112 4536 existens,
1142 4483 1259 4522 cum
1296 4468 1452 4522 fuerit
1489 4471 1603 4535 eius
1641 4468 1778 4536 quod
1816 4478 1895 4523 est
1935 4483 2052 4523 esse

2180 4472 2292 4514 unt.
2333 4462 2537 4515 Primus
2568 4462 2725 4524 Deus,
2774 4463 2961 4518 deinde
2985 4466 3143 4535 λόγος,
3173 4466 3252 4519 vel
3280 4474 3417 4528 νοῦς,
3444 4444 3528 4522 vel
3548 4468 3691 4537 quid—

508 4570 650 4614 certa
681 4559 865 4613 forma.

576 4649 695 4703 XX.
745 4649 855 4703 lIoc
896 4664 1013 4703 cum
1044 4648 1112 4701 ita
1138 4649 1225 4712 sit,
1252 4647 1520 4702 videamus
1546 4663 1609 4702 an
1649 4648 1838 4702 nullius
1864 4648 2045 4716 primi,

504 4741 643 4811 quod
669 4749 748 4793 est
769 4754 905 4803 esse,
937 4740 1006 4793 sit
1031 4738 1190 4811 λόγος.
1222 4738 1277 4792 Si
1298 4739 1517 4792 dicimus
1543 4739 1818 4801 inﬁnitum,
1848 4738 1890 4791 si
1919 4738 2047 4791 dici-

504 4846 621 4885 mus
663 4831 995 4891 immeusum,
1037 4829 1407 4891 indiscretum,
1445 4843 1529 4882 res
1560 4829 1749 4897 quibus
1777 4842 1894 4884 esse
1920 4842 2044 4881 con-

501 4922 639 4977 sistit
672 4936 772 4973 non
811 4921 1066 4988 capimus,
1121 4936 1222 4974 non
1266 4929 1503 4975 tenemus
1551 4936 1564 4972 :
1614 4934 1738 4988 ergo
1766 4920 1903 4989 λόγος
1930 4919 2042 4984 eius

501 5014 671 5069 nullus
697 5023 795 5067 est.
824 5011 925 5066 Sed
955 5011 1201 5079 quoniam
1228 5010 1339 5063 ﬁeri
1377 5025 1479 5062 non
1507 5019 1696 5077 potest,
1728 5019 1786 5062 ut
1817 5010 1883 5062 sit
1910 5023 2039 5075 quo-

498 5120 602 5174 quo
647 5107 801 5160 modo
830 5114 882 5159 et
926 5104 1038 5157 sine
1062 5100 1191 5171 λόγῳ
1230 5114 1324 5153 ειιο
1362 5100 1554 5152 sithoc
1597 5100 1765 5165 ipsum
1812 5099 2041 5152 existens

497 5200 634 5269 quod
665 5208 763 5259 est,
810 5196 1041 5251 inﬁnitus
1069 5202 1169 5256 est,
1217 5194 1329 5245 sine
1358 5191 1515 5244 dubio
1542 5195 1590 5245 ei
1616 5189 1755 5261 λόγος
1785 5204 1909 5243 suus
1938 5198 2036 5251 est,

496 5288 588 5343 sed
632 5288 840 5341 latitans
860 5326 874 5349 ,
908 5294 961 5339 et
981 5283 1215 5337 occultus
1237 5322 1250 5344 ,
1295 5291 1351 5333 ut
1380 5280 1447 5333 sit
1478 5280 1530 5332 in
1558 5295 1622 5333 eo
1651 5280 1788 5347 quod
1819 5288 1898 5331 est
1922 5293 2038 5331 esse

494 5377 665 5448 ipsum
710 5375 851 5447 λόγον
884 5388 1035 5437 esse;
1065 5372 1147 5426 vel
1180 5370 1356 5440 potius
1395 5370 1562 5437 ipsum
1584 5370 1720 5440 λόγος
1746 5368 1873 5420 nihil
1898 5366 2037 5419 aliud

493 5478 595 5531 est,
626 5480 783 5535 quam
811 5464 981 5532 ipsum
1010 5476 1129 5517 esse
1156 5478 1170 5513 :
1201 5459 1301 5513 hoc
1322 5467 1497 5511 autem
1521 5456 1757 5526 estquod
1788 5456 1895 5510 dixi
1916 5471 2036 5509 vere

493 5558 737 5627 primum,
785 5554 912 5609 illud
958 5561 1013 5608 et
1060 5548 1426 5606 universaliter
1473 5548 1769 5602 universale
1818 5547 2032 5611 vivere,

490 5660 825 5718 quamquam,
854 5653 909 5699 ut
934 5643 1229 5705 docuimus,
1249 5638 1316 5694 sit
1340 5638 1505 5707 ipsum
1531 5637 1728 5707 vivere,
1756 5646 1810 5692 et
1824 5636 1948 5701 vita,
1980 5644 2035 5690 ct

2153 4551 2275 4620 quid
2305 4552 2438 4605 alter
2462 4560 2562 4615 est,
2590 4553 2670 4606 vel
2692 4563 2925 4620 uterque,
2961 4563 3014 4607 ut
3037 4554 3267 4622 spiritus,
3297 4567 3354 4610 ut
3385 4560 3579 4625 vivere,
3611 4562 3688 4617 vel

2151 4642 2275 4704 vita,
2306 4650 2363 4693 ut
2401 4642 2759 4710 intelligentia,
2789 4643 2869 4696 vel
2897 4647 3257 4711 cognoscenda
3307 4663 3320 4697 :
3364 4649 3541 4703 anima
3570 4667 3687 4707 vero

2148 4731 2256 4784 sola
2288 4740 2425 4784 mota
2452 4736 2813 4801 generationes
2841 4733 3011 4787 habet.
3037 4733 3156 4787 Ηιεε
3172 4736 3345 4789 omnia
3369 4737 3447 4793 sie
3470 4740 3685 4796 domus:

2148 4820 2445 4895 τριὸύναμος
2490 4834 2568 4878 εει
2613 4824 2769 4888 Deus,
2819 4824 2867 4876 id
2908 4833 3006 4885 est,
3040 4833 3158 4878 tres
3186 4828 3440 4894 potentias
3472 4831 3684 4897 habens,

2148 4926 2281 4973 esse,
2326 4911 2531 4977 vivere,
2576 4914 2863 4981 intelligere
2895 4928 2908 4965 :
2942 4914 3009 4965 ita
3033 4924 3086 4965 ut
3111 4915 3161 4968 in
3191 4916 3406 4984 singulis
3434 4920 3533 4971 tria
3562 4921 3682 4986 sint,

2146 5002 2314 5070 sitque
2338 5004 2446 5070 ipse
2473 5019 2630 5057 unum
2659 5003 2918 5072 quodlibet
2936 5004 3090 5057 trium
3112 5020 3297 5060 nomen
3332 5022 3437 5075 quo
3469 5024 3527 5064 se
3550 5026 3683 5080 pra:-

2147 5102 2249 5145 stat
2289 5094 2569 5161 accipiens,
2620 5104 2673 5147 ut
2717 5108 2869 5161 supra
2918 5093 3092 5157 docui,
3130 5104 3184 5149 et
3230 5097 3291 5151 iis
3320 5098 3682 5153 multis:nihil

2144 5183 2279 5236 enim
2314 5198 2429 5237 esse
2453 5182 2747 5245 dicendum,
2776 5183 2870 5235 nisi
2899 5184 3035 5251 quod
3065 5183 3323 5254 intelligit.
3354 5186 3568 5255 Triplex
3590 5188 3680 5255 igi-

2145 5283 2227 5324 tur
2256 5273 2307 5324 in
2333 5273 2556 5341 singulis
2574 5271 2933 5341 singularitas,
2983 5284 3036 5327 et
3064 5275 3286 5329 unalitas
3312 5276 3362 5328 in
3384 5276 3637 5331 Trinitate
3661 5290 3675 5330 :

2137 5367 2231 5417 ista
2257 5378 2381 5416 vero
2405 5364 2501 5417 tria
2529 5377 2803 5432 progressu
2829 5353 2934 5417 sno‘
2951 5378 3296 5432 exponemus.

2206 5452 2367 5505 XXII.
2408 5452 2651 5507 Omnium
2698 5466 2816 5520 qua:
2853 5462 2993 5518 sunt,
3038 5467 3257 5521 quaeque
3281 5468 3399 5507 esse
3427 5463 3667 5523 possunt,

2135 5551 2225 5596 aut
2266 5558 2385 5598 esse
2430 5551 2741 5612 potuerunt,
2773 5542 3124 5607 existentiam,
3159 5543 3353 5610 vitam,
3382 5545 3670 5615 intelligenj

2135 5634 2364 5703 tiamque
2390 5648 2483 5704 pro
2511 5648 2685 5690 rerum
2707 5647 2769 5689 ac
2787 5633 3196 5692 substantiarum
3224 5647 3402 5706 captu,
3431 5647 3485 5695 et
3510 5636 3665 5709 partl-
