3950 6206
181 314 313 368 i199

1273 303 1636 363 ADVERSUS
1674 304 1891 360 ARIUM
1933 304 2134 358 LIBER
2175 306 2259 360 Ν.

3280 314 3418 368 1150

177 423 471 492 cipationes
502 431 776 490 prmstant,
803 422 985 475 sortita
1013 432 1132 476 sunt
1166 427 1284 473 :est
1324 420 1461 472 enim
1495 419 1544 472 in
1573 418 1743 471 omni-
1769 418 1820 474 A
1845 417 2054 481 centia,
2102 426 2154 471 ct
2213 417 2473 472 intellecta
2534 426 2586 472 et
2650 419 2905 487 appellata
2954 431 3036 475 est
3092 439 3426 494 praecognos-

181 514 279 566 bus
293 529 413 568 esse
430 528 606 574 suum,
623 513 800 567 vivere
815 527 964 565 suum
975 552 988 572 ,
1005 510 1296 578 intelligere
1310 523 1479 570 suum,
1497 522 1755 576 suumque

188 603 410 666 sentire,
445 612 503 655 ut
545 604 650 655 sint
681 603 776 655 ista
817 602 997 653 umbra
1028 601 1106 652 vel
1138 603 1306 667 imago
1336 599 1489 650 trium
1521 598 1752 649 omnium

182 691 517 762 Superiorum
551 709 562 744 :
586 707 712 761 ergo
751 693 885 744 Deus
910 704 1029 744 cum
1058 691 1142 752 sit,
1178 702 1230 741 ut
1256 689 1322 741 ab
1349 688 1592 741 omnibus
1620 688 1754 741 dici-

185 791 290 845 tur,
325 799 507 848 unum,
532 793 586 837 et.
624 785 791 838 solum
819 798 998 836 unum.
1031 780 1275 835 Nonnulli
1304 791 1479 834 autem
1507 779 1756 833 dixerunt

189 875 352 930 Deum
374 889 492 929 esse
513 891 674 928 unum
703 875 900 936 omnia,
924 884 972 926 et
1008 888 1104 927 nec
1126 887 1289 925 unum
1319 888 1332 934 ;
1362 870 1595 923 omnium
1615 871 1752 923 cnim

189 964 530 1034 principium,
553 965 690 1018 unde
704 979 806 1016 non
820 961 994 1015 omnia
1007 962 1101 1015 sed
1123 961 1210 1013 illo
1231 959 1385 1013 modo
1400 960 1595 1012 omnia.
1615 957 1754 1011 lstud

187 1066 362 1110 autem
381 1056 476 1109 hac
487 1054 552 1108 de
562 1069 742 1109 caussa
763 1063 813 1107 et
827 1053 1046 1122 primum
1063 1051 1272 1121 quidem
1290 1051 1449 1104 lleum
1461 1065 1578 1104 esse
1595 1064 1752 1102 mium

187 1153 243 1199 et
269 1145 458 1199 solum.
487 1143 574 1196 llla
616 1146 734 1204 tria,
772 1144 891 1211 quia
935 1159 1035 1194 nun
1077 1140 1410 1208 cepnlatione
1440 1139 1754 1200 consistunt,

189 1236 282 1289 sed
297 1233 576 1288 existendo
593 1235 730 1302 quod
748 1247 868 1287 sunt
886 1233 1019 1301 ipso,
1036 1231 1238 1301 etquod
1256 1232 1474 1283 alterum
1492 1228 1757 1282 credimus

191 1336 336 1387 sunt,
371 1325 668 1381 necessarii
701 1340 881 1384 unum,
917 1337 1013 1376 nec
1041 1321 1147 1374 ullo
1183 1321 1339 1374 modo
1382 1320 1624 1372 alterum.
1652 1318 1754 1372 Sed

191 1417 259 1472 de
285 1419 382 1471 hoc
406 1432 546 1485 saepe
571 1417 790 1470 dictum.
819 1413 968 1479 Quod
998 1427 1124 1465 vero
1149 1411 1347 1464 dictum
1371 1425 1529 1462 unum
1559 1409 1755 1472 omnia,

191 1517 247 1562 et
274 1521 372 1561 nec
395 1523 574 1569 unum,
620 1505 850 1558 omnium
881 1505 1019 1558 enim
1051 1501 1386 1570 principium,
1426 1499 1552 1551 satis
1576 1508 1756 1565 aperte

191 1595 529 1665 dilucideque
559 1595 811 1657 declarat,
842 1603 1040 1662 patrem
1073 1608 1247 1645 rerum
1279 1590 1510 1645 omnimu
1543 1599 1596 1642 et
1617 1589 1758 1657 prin-

191 1686 389 1754 cipium
438 1687 599 1739 Deum
631 1702 643 1735 :
675 1687 760 1752 qui
786 1700 902 1738 cum
933 1699 1091 1736 unum
1125 1697 1225 1734 non
1255 1691 1354 1744 est,
1389 1677 1551 1748 magis
1583 1678 1754 1731 omnia

1857 509 2064 568 centia;
2107 509 2289 560 eodem
2323 509 2477 561 modo
2505 517 2558 561 et
2589 512 3001 578 pneexistentia,
3034 523 3085 566 et
3130 517 3422 582 prmvivcn-

1859 597 1948 647 tia.
2003 597 2162 649 Erant
2195 597 2404 665 quidem
2450 598 2582 660 bare,
2627 600 2720 652 sed
2767 603 2997 655 nondum
3035 603 3422 672 animadversa,

1857 685 2086 738 nondum
2118 686 2405 740 nominata.
2425 686 2576 741 Unde
2600 697 2653 741 et
2678 689 3085 756 ineugnOSt-ihile
3114 710 3266 748 omne
3284 696 3422 764 quod

1858 775 1997 828 Deus
2039 784 2136 829 est.
2182 775 2286 830 Sed
2309 776 2555 843 quoniam
2587 789 2709 832 tunc
2736 783 3088 848 cognoscibile
3125 793 3179 837 et
3201 786 3423 841 habetur

1857 873 1911 916 et
1935 865 2142 928 dicitur,
2174 881 2291 919 cum
2320 877 2401 920 est
2419 871 2788 934 cognoscentia
2822 890 2832 924 ι
2863 874 3076 926 r’elativa
3109 885 3232 929 sunt
3259 879 3420 944 enim,

1857 965 1909 1007 et
1949 971 2008 1008 se
2059 956 2283 1010 invicem
2330 967 2511 1012 tenent
2541 971 2588 1013 et
2621 960 2849 1028 pariunt,
2881 973 2968 1016 aut
2995 966 3216 1020 invicem
3249 970 3426 1021 interi-

1858 1053 2045 1107 munt,
2088 1046 2317 1098 nondum
2346 1050 2700 1115 cognoscibile
2731 1051 2853 1103 illud
2884 1067 2986 1105 non
3020 1055 3130 1116 fuit,
3157 1056 3273 1124 quia
3306 1073 3413 1109 non

1859 1133 1956 1186 fuit
1983 1139 2374 1202 Cognoscentia.
2408 1137 2518 1190 Non
2562 1155 2665 1207 quo
2695 1156 2794 1192 non
2826 1142 2920 1194 fuit
2949 1143 3093 1209 illud,
3131 1146 3267 1213 quod
3301 1162 3425 1215 cog-

1859 1226 2112 1279 noscibile
2127 1227 2226 1279 sibi
2252 1227 2374 1280 fecit
2392 1231 2761 1295 Cognoscentia
2782 1247 2794 1292 ;
2815 1233 2905 1284 sed
2933 1233 3052 1300 quia
3079 1245 3191 1287 erat
3213 1236 3299 1302 qui
3323 1239 3421 1290 lem

1857 1319 1998 1385 quod
2025 1319 2375 1387 cognoscibile
2422 1336 2539 1374 esse
2584 1332 2778 1390 posset,
2810 1340 2910 1376 non
2939 1341 3042 1393 qna
3073 1331 3426 1396 cognoscibile

1859 1416 2033 1462 esset:
2058 1411 2196 1475 quod
2222 1421 2343 1465 tunc
2384 1414 2437 1464 ﬁt
2474 1423 2528 1466 et
2560 1416 2842 1481 aecipitur,
2874 1432 2990 1469 cmn
3026 1419 3423 1489 adintelligitur,

1859 1498 1998 1566 quod
2025 1508 2077 1551 et
2120 1498 2460 1569 intelligentia
2492 1516 2609 1556 esse
2640 1505 2819 1570 possit.
2852 1505 2956 1558 lloc
2986 1508 3141 1561 modo
3185 1508 3341 1577 igitur
3379 1518 3432 1564 et.

1860 1587 1910 1640 in
1944 1589 2071 1653 Deo,
2107 1601 2159 1641 et
2199 1605 2314 1644 esse
2343 1600 2564 1658 poterat,
2592 1602 2643 1646 et
2672 1606 2783 1648 erat
2819 1611 2880 1648 ex
2914 1596 3012 1650 hoc
3039 1601 3390 1666 cognoscibile
3417 1618 3432 1667 ;

1858 1678 1980 1746 quia
2027 1689 2079 1732 et
2121 1693 2238 1734 esse
2279 1689 2514 1748 poterat,
2553 1699 2618 1737 ex
2669 1686 2767 1736 hoc
2815 1696 2924 1738 erat
2969 1692 3357 1755 cognoscentia.

194 1787 278 1831 est
309 1794 320 1828 :
355 1775 475 1844 quia
497 1787 549 1830 et
579 1776 810 1827 omnium
837 1789 1020 1827 caussa
1043 1781 1122 1825 est
1150 1781 1306 1839 atque
1337 1770 1670 1837 principium,
1702 1777 1757 1820 et
1783 1764 1830 1822 B
1933 1768 2119 1822 XXIV.
2163 1771 2297 1834 Quid
2343 1787 2470 1840 ergo
2499 1789 2561 1824 ex
2592 1774 2708 1826 his?
2739 1776 2994 1840 Quoniam
3025 1777 3069 1829 .«i
3104 1778 3212 1831 bare
3254 1789 3430 1847 postea

200 1867 252 1919 in
276 1867 522 1920 omnibus
551 1865 748 1918 omnia.
782 1865 907 1930 Qua:
938 1878 1055 1916 cum
1101 1862 1167 1913 ita
1198 1871 1340 1923 sunt,
1372 1859 1472 1913 erit
1500 1860 1634 1911 Dens
1657 1873 1770 1911 om-

197 1955 308 2022 nia,
342 1956 596 2016 existens,
628 1953 975 2017 omnivivens,
1006 1950 1354 2015 onniividens,
1383 1959 1435 2003 et
1461 1947 1767 2002 omniintel-

197 2049 388 2116 ligens.
433 2048 498 2101 Et
535 2047 787 2118 quoniam
837 2047 1082 2108 diximus,
1127 2044 1310 2098 conﬁci
1344 2042 1409 2094 ab
1443 2051 1558 2094 actu
1588 2050 1772 2108 poten-

197 2139 328 2192 tiam
361 2154 374 2190 :
409 2137 486 2191 sic
511 2139 650 2191 enim
679 2152 738 2191 se
760 2138 926 2205 prima
959 2136 1151 2188 habent
1171 2173 1184 2196 ,
1214 2143 1271 2186 ut
1295 2147 1412 2186 cum
1442 2131 1548 2184 sint
1595 2130 1768 2183 omnia

199 2244 228 2282 a
255 2227 434 2280 divina
461 2228 692 2296 cnergia,
722 2225 770 2278 id
801 2235 882 2278 est
911 2239 1077 2288 acuis,
1109 2232 1160 2276 et
1187 2220 1554 2289 operationes;
1589 2234 1770 2272 neces-

200 2320 398 2372 sarium
425 2327 524 2383 est,
573 2328 678 2370 uta
709 2317 816 2370 Deo
845 2315 1100 2382 principio
1127 2313 1360 2367 onmium
1393 2311 1764 2378 potentiarum,

202 2409 571 2465 universaliter
633 2407 1000 2462 universalium
1046 2406 1162 2459 fons
1204 2416 1256 2458 et
1301 2406 1449 2473 origo
1502 2412 1766 2456 nascatur.

204 2500 308 2554 Iste
339 2514 562 2568 namque
605 2514 779 2553 rerum
804 2509 1114 2566 progressus
1141 2503 1218 2548 est
1246 2533 1260 2556 ,
1309 2504 1364 2545 ut
1396 2507 1516 2546 eum
1544 2491 1718 2543 omnia
1741 2503 1770 2542 a

202 2589 334 2655 Deo,
366 2589 615 2658 potentia:
640 2597 692 2642 et
719 2598 867 2642 actus
899 2602 924 2637 a
959 2587 1086 2648 Deo,
1135 2582 1224 2651 qui
1249 2596 1402 2649 supra
1435 2580 1695 2648 petentias
1719 2585 1774 2632 et

204 2691 354 2735 actus
375 2679 650 2746 accipitur,
675 2689 788 2732 orta
813 2679 922 2730 lucc
948 2691 1067 2730 esse
1092 2673 1393 2728 credantur.

280 2773 466 2828 XXIII.
509 2771 701 2826 Verum
727 2787 846 2825 cum
876 2791 904 2824 a
936 2769 1084 2825 nobis
1110 2769 1305 2822 dietum
1323 2769 1389 2821 sit
1411 2768 1575 2821 Deum
1597 2774 1770 2819 actum

208 2867 489 2938 quemdam
516 2880 653 2928 esse,
677 2864 814 2934 quod
833 2874 913 2916 est
943 2862 1138 2924 vivere,
1171 2861 1262 2915 sed
1298 2861 1396 2912 hoc
1427 2859 1604 2912 vivere
1632 2856 1773 2924 quod

210 2972 372 3027 supra
402 2971 559 3009 omne
580 2964 660 3008 est
686 2954 882 3016 vivere,
914 2962 964 3006 et
990 2967 1051 3006 ex
1083 2960 1301 3015 mterno,
1346 2960 1503 3019 atque
1531 2949 1580 3000 in
1614 2957 1771 2999 teter-

212 3064 361 3111 num,
393 3046 575 3100 vivere
599 3045 755 3098 simul
776 3044 1044 3097 intelleettt
1075 3041 1326 3108 acceptis,
1354 3048 1407 3092 et
1435 3054 1497 3092 eo
1524 3037 1661 3106 quod
1693 3045 1773 3090 est

1871 1868 1990 1912 nata
2015 1871 2156 1924 sunt,
2186 1860 2398 1915 fuerunt
2422 1863 2473 1916 in
2506 1864 2610 1916 Deo
2665 1886 2676 1918 :
2728 1874 2780 1918 et
2809 1865 2852 1917 si
2887 1865 3117 1929 fuerunt,
3149 1869 3270 1937 quia
3302 1871 3436 1924 Deus

1871 1964 2030 2002 unum
2056 1990 2069 2010 ,
2113 1959 2163 2003 et
2192 1949 2288 2003 ista
2315 1967 2472 2003 unam
2493 1993 2504 2015 ,
2555 1961 2607 2006 et
2632 1951 2680 2004 id
2710 1954 2849 2021 quod
2882 1957 3037 2019 Deus,
3069 1965 3121 2010 et
3150 1957 3247 2010 i-ta
3277 1977 3434 2013 untnn

1870 2042 1989 2108 quia
2030 2043 2182 2095 Dens.
2221 2042 2318 2095 Ista
2359 2042 2494 2096 idem
2524 2059 2650 2112 ergo
2675 2048 3027 2112 cognosribile
3050 2057 3102 2100 et
3123 2064 3442 2117 cognoscen-

1871 2131 1976 2195 tia;
2011 2132 2101 2185 sed
2148 2133 2214 2184 ita
2248 2142 2304 2186 nt
2331 2134 2684 2202 cognoscibile
2710 2138 2847 2204 quod
2881 2138 2969 2202 sit,
3001 2139 3099 2192 hoc
3126 2140 3194 2192 sit
3219 2156 3442 2209 magnos-

1871 2225 2064 2278 centia.
2099 2224 2303 2277 Etenim
2332 2240 2450 2278 cum
2481 2227 2644 2279 virtus
2673 2229 2855 2282 borum
2888 2229 3045 2284 trium
3071 2250 3168 2285 una
3200 2233 3300 2287 sit:
3325 2249 3442 2289 esse

1871 2313 2011 2367 cnim
2040 2315 2169 2368 nihil
2199 2314 2340 2367 aliud
2366 2323 2621 2384 estquam
2656 2319 2850 2382 vivere,
2895 2333 3048 2390 atque
3071 2325 3243 2391 ipsmn
3265 2326 3444 2381 vivere

1872 2406 2188 2474 intelligere,
2234 2421 2352 2460 cum
2384 2407 2454 2460 sit
2481 2417 2533 2461 et
2560 2407 2881 2463 intellectum
2911 2427 3063 2477 esse;
3097 2422 3203 2467 tota
3233 2415 3310 2468 vis
3336 2416 3445 2468 siu-

1872 2497 2116 2564 gnlorum
2167 2497 2216 2547 in
2262 2513 2326 2550 eo
2380 2506 2460 2550 est
2506 2499 2642 2565 quod
2689 2512 2765 2553 est
2815 2516 3153 2570 cognoscere,
3202 2506 3283 2558 vel
3324 2521 3444 2559 esse

1872 2584 2317 2654 Cognoscentiznu.
2364 2587 2466 2640 Sed
2518 2603 2634 2641 esse
2682 2595 3049 2658 cognoscentia
3101 2609 3200 2648 non
3251 2604 3442 2661 potest,

1873 2677 1974 2732 nisi
2017 2676 2085 2731 sit
2125 2679 2478 2746 cognoscibile
2525 2698 2535 2730 :
2582 2680 2634 2732 in
2667 2681 2745 2734 his
2772 2691 2944 2736 autem
2979 2684 3161 2751 primis
3189 2686 3276 2739 ubi
3307 2688 3445 2755 quod

1875 2778 1955 2824 est
1980 2785 2117 2833 esse,
2151 2770 2200 2822 id
2230 2779 2309 2823 est
2336 2773 2474 2839 quod
2505 2772 2703 2834 vivere,
2733 2782 2786 2826 et
2811 2776 2946 2843 quod
2985 2775 3298 2846 intelligere,
3329 2794 3448 2833 esse

1875 2860 2228 2930 cotgnoscibilo
2277 2877 2379 2913 non
2413 2871 2604 2927 potest,
2639 2865 2736 2916 uid
2767 2865 2876 2931 ipsa
2907 2870 3280 2935 cognoscentia
3314 2886 3446 2922 nun-

1874 2949 1998 3003 dum
2022 2964 2302 3018 apparens,
2324 2951 2486 3004 sedse
2507 2954 2645 3004 intus
2675 2962 2877 3013 tenens,
2899 2971 3224 3024 monensque
3246 2960 3444 3041 quieta,

1877 3055 2112 3102 cessans,
2150 3051 2310 3109 atque
2338 3040 2389 3093 in
2412 3057 2470 3093 se
2496 3057 2649 3096 versa
2675 3044 2772 3096 sibi
2805 3060 2860 3098 sc
2883 3048 3291 3112 cognoscibilem
3319 3040 3452 3118 pra»?

212 3155 352 3204 esse,
380 3151 434 3193 et
454 3153 516 3191 eo
544 3136 682 3206 quod
704 3132 1013 3202 intelligere,
1038 3131 1129 3186 sed
1152 3118 1227 3185 sic
1250 3129 1426 3192 simul,
1451 3139 1505 3182 ut
1528 3144 1593 3183 ne
1615 3129 1779 3197 phan-
1809 3114 1854 3175 (ἶ
1888 3135 2036 3188 hens.
2066 3133 2194 3187 Cum
2219 3136 2358 3186 enim
2390 3136 2498 3202 ipsa
2530 3139 2898 3203 cognoscentia
2923 3138 3104 3204 lateat,
3134 3149 3288 3208 atque
3313 3114 3448 3209 apud

215 3230 345 3283 tasia
392 3228 600 3298 quidem
633 3225 981 3294 capulationis
1023 3226 1089 3277 sit
1123 3242 1133 3275 :
1169 3222 1465 3276 necessario
1491 3231 1665 3274 autem
1696 3219 1780 3272 vi-

216 3319 374 3375 vendi
397 3328 534 3382 actu,
567 3315 640 3370 uti
665 3315 841 3377 docui,
892 3315 1173 3367 conﬁtetur
1199 3323 1355 3381 atque
1383 3310 1588 3366 exsistit
1615 3311 1781 3363 forma

219 3424 375 3476 quam
408 3406 756 3461 universalem
782 3403 1066 3474 potentiam
1085 3401 1436 3464 nominamus,
1465 3416 1557 3470 per
1579 3400 1781 3466 singula

221 3498 307 3552 illa
356 3497 593 3561 formata,
631 3510 785 3565 quam
813 3510 878 3550 ex
908 3494 1048 3548 omni
1095 3491 1431 3555 ex~istentia,
1479 3506 1540 3544 ex
1565 3489 1784 3543 omnivi-

220 3587 364 3641 venti
408 3584 778 3639 omniviventia
808 3625 821 3648 ,
869 3599 936 3637 ex
984 3581 1328 3636 omnividenti
1382 3580 1782 3634 omnividentia.

227 3676 350 3730 Haec
390 3675 590 3746 singula
638 3674 884 3743 potentia:
925 3683 978 3726 ut
1023 3683 1144 3726 nota
1173 3684 1223 3725 et
1265 3672 1647 3725 determinata:
1683 3669 1786 3725 Sed

225 3783 346 3823 cum
373 3767 428 3821 in
467 3782 573 3821 uno
598 3767 793 3827 omnia,
838 3766 922 3820 vel
949 3781 1107 3818 unum
1134 3763 1327 3824 omnia,
1362 3772 1450 3815 aut
1477 3777 1594 3815 cum
1628 3776 1786 3814 unum

227 3859 424 3923 omnia,
455 3859 536 3911 vel
564 3872 660 3911 nec
684 3872 866 3922 unum,
893 3870 989 3910 nec
1009 3855 1202 3917 omnia,
1233 3858 1287 3908 ﬁt
1317 3853 1603 3918 inﬁnitum,
1635 3853 1691 3906 ﬁt
1711 3853 1791 3905 iu-

227 3948 518 4017 c0gnitum,
542 3945 952 4008 indiscernibile,
973 3942 1396 4013 ineognoscibile,
1425 3952 1477 3996 et
1502 3942 1642 4011 quod
1670 3956 1790 3995 vere

229 4039 423 4095 dicitur
440 4041 695 4112 ἁοριστία,
719 4035 767 4089 id
783 4047 884 4102 est,
900 4036 1148 4095 inﬁnitas,
1167 4045 1218 4088 et
1237 4033 1675 4088 indeterntinalio.
1707 4034 1793 4085 Et-

230 4130 370 4185 enim
401 4129 635 4182 omnium
661 4143 777 4182 esse
807 4128 906 4192 sit,
937 4134 990 4180 et
1015 4125 1245 4179 omnium
1275 4125 1449 4178 vivere
1473 4134 1528 4180 et
1559 4126 1791 4177 omnium

230 4218 678 4283 intelligere,etid
698 4232 877 4282 unum,
893 4216 1069 4270 ctsine
1086 4215 1353 4283 phantasia
1373 4214 1587 4269 alterius
1601 4230 1790 4269 unum:

232 4309 368 4362 unde
398 4322 497 4361 nec
526 4323 682 4361 unum
703 4308 849 4375 ,quia
867 4306 1097 4359 omnium
1126 4304 1437 4374 principium
1457 4305 1690 4360 :undeet
1717 4305 1796 4374 ip-

231 4398 340 4454 sius
359 4398 533 4451 unius.
550 4398 625 4451 Ex
643 4398 741 4451 hoc
754 4396 1101 4465 cogimur-jam
1127 4395 1424 4449 necessario
1439 4403 1491 4448 ct
1507 4395 1590 4448 illa
1606 4395 1671 4449 de
1691 4397 1795 4449 Deo

1884 3239 1940 3277 se
1968 3225 2055 3290 sit,
2087 3223 2378 3277 forinsecus
2400 3224 2451 3276 in
2483 3239 2538 3277 sc
2562 3225 2784 3291 intrans,
2813 3227 2903 3280 sed
2950 3230 3256 3284 naturaliter
3280 3247 3451 3284 mersa

1883 3315 1934 3368 in
1976 3330 2060 3378 eo,
2091 3315 2140 3367 in
2167 3330 2270 3382 quo
2300 3317 2346 3368 ei
2378 3330 2496 3368 esse
2522 3327 2602 3369 est
2628 3331 2880 3379 manens;
2922 3318 3036 3385 ejus
3069 3319 3250 3373 for-mm
3274 3329 3373 3382 est,
3399 3329 3454 3375 ut

1885 3405 2242 3474 cognoscibile
2273 3420 2390 3460 esse
2421 3407 2584 3473 possit
2607 3422 2724 3459 cum
2753 3410 2921 3460 excita
2953 3413 3323 3477 cognoscentia
3347 3413 3456 3465 vel-

1887 3505 1942 3551 ut
1990 3511 2198 3566 egressa
2225 3513 2283 3550 se
2319 3496 2782 3563 circumSpicit-ns,
2826 3500 3249 3565 cognoscendam
3287 3517 3342 3555 se
3375 3501 3453 3566 fe-

1887 3587 2036 3647 cerit,
2083 3585 2453 3654 cognoscendo
2491 3600 2548 3638 se
2597 3586 2651 3638 lit
2689 3588 3046 3654 cognoscibile
3095 3603 3246 3643 suum
3296 3563 3451 3643 facta.

1889 3677 2000 3731 lloc
2031 3679 2204 3746 igitur,
2266 3677 2308 3730 si
2358 3676 2436 3730 l‘as
2478 3677 2796 3741 estdicere,
2839 3679 2937 3731 hoc
2982 3681 3194 3749 inquam
3222 3721 3235 3744 ,
3295 3681 3454 3735 modo

1890 3768 2018 3822 illud
2053 3770 2307 3835 primum,
2343 3783 2502 3821 unum
2537 3768 2660 3820 illud
2712 3768 2921 3833 solum,
2973 3769 3098 3823 illud
3150 3772 3322 3836 Deus,
3375 3773 3455 3827 vel

1891 3858 2108 3925 spiritus
2130 3898 2143 3921 ,
2169 3857 2250 3910 vel
2281 3857 2489 3925 spirans
2514 3898 2528 3920 ,
2561 3858 2643 3912 vel
2675 3857 2848 3911 lumen
2872 3897 2884 3919 ,
2920 3859 2997 3911 vel
3032 3859 3322 3927 luminans,
3373 3865 3456 3916 vel

1891 3947 2126 4000 existens
2148 3988 2161 4008 ,
2191 3947 2275 4001 vel
2329 3946 2740 4010 omniexistens,
2776 3948 2858 4000 vel
2889 3950 3168 4002 existenzia
3191 3991 3204 4013 ,
3235 3954 3313 4006 vel
3343 3969 3456 4006 om-

1894 4035 2224 4088 niexistentia
2253 4075 2266 4098 ,
2295 4035 2378 4087 vel
2410 4035 2594 4088 vivens
2615 4076 2626 4096 ,
2659 4035 2739 4088 vel
2772 4036 3099 4090 onmivivens
3121 4079 3134 4101 ,
3188 4040 3267 4091 vel
3321 4043 3419 4094 vita
3439 4082 3454 4106 ,

1895 4125 1976 4177 vel
2008 4125 2232 4178 viventia
2254 4165 2267 4189 ,
2297 4128 2377 4179 vel
2409 4126 2786 4179 omniviventia
2811 4168 2823 4188 ,
2854 4127 2936 4180 vel
2970 4127 3269 4196 intelligens
3301 4139 3460 4200 atque

1896 4227 2222 4282 cognoscens
2261 4256 2275 4280 ,
2347 4215 2430 4269 vel
2507 4215 2950 4285 omniintelligcns
2992 4257 3006 4278 ,
3089 4219 3464 4288 omnicognos-

1899 4319 2064 4367 cens,
2151 4303 2230 4358 vel
2308 4304 2816 4372 omniintelligentia,
2883 4307 3397 4376 omnicognosceutia
3440 4351 3455 4374 ,

1901 4397 2269 4463 omnipotens,
2368 4395 2684 4448 omnimodis
2770 4395 3059 4462 perfectus,
3148 4399 3458 4454 intermina-

233 4489 429 4550 dicerc,
455 4495 514 4541 ut
537 4487 1190 4555 ejusincomprehensibile
1206 4485 1491 4550 sitetcsse,
1519 4493 1572 4539 et
1593 4487 1792 4551 vivere,
1821 4461 1874 4521 D
1902 4496 1982 4541 tus
2007 4527 2021 4552 ,
2075 4487 2395 4551 immensus,
2449 4485 2541 4540 sed
2569 4487 2772 4540 caeteris
2800 4527 2813 4548 ,
2869 4487 2966 4540 sibi
3028 4490 3338 4544 terminatus
3409 4503 3465 4546 ct

235 4591 288 4636 et
308 4579 621 4647 intelligere,
654 4593 748 4631 nec
769 4579 934 4630 solum
959 4586 1014 4632 ut
1037 4577 1570 4646 iucomprehensibile
1589 4579 1703 4646 ejus
1730 4578 1799 4631 sit

235 4688 373 4734 esse,
401 4671 577 4724 vivere
596 4679 649 4724 et
677 4669 997 4738 intelligere;
1028 4677 1081 4722 ut
1105 4685 1200 4724 nec
1223 4684 1341 4724 esse
1364 4670 1570 4738 quidem
1598 4669 1698 4723 ista
1721 4671 1797 4723 vi-

235 4763 460 4816 deantur
477 4761 612 4828 quod
630 4760 714 4813 ille
727 4774 882 4827 supra
896 4759 1067 4811 omnia
1090 4759 1159 4812 sit
1177 4777 1189 4811 :
1206 4774 1369 4830 quare
1389 4769 1442 4813 et
1462 4753 1796 4835 ἀνύπαρκτοέ,

239 4861 293 4909 et
334 4853 587 4916 ὰνούσιος,
635 4859 687 4904 et
716 4848 883 4915 ἄνους,
931 4857 983 4904 et
1009 4846 1160 4913 ἄξων,
1195 4850 1310 4903 sine
1338 4849 1638 4914 existentia,
1687 4854 1801 4904 sine

239 4946 555 5009 substantia,
600 4946 713 4998 sine
744 4943 1108 5011 intelligentia,
1149 4943 1265 4997 sine
1302 4944 1406 4996 vita
1433 4943 1625 4996 dicitur
1654 4961 1665 4995 :
1698 4957 1799 4998 non

245 5037 456 5108 quidem
478 5051 570 5105 per
589 5037 848 5109 στέρησιν,
880 5033 930 5086 id
953 5043 1052 5097 est,
1079 5048 1181 5086 non
1210 5048 1303 5102 per
1323 5032 1686 5102 privatiOnem,
1710 5033 1802 5087 sed

251 5143 348 5199 per
394 5126 838 5194 supralationem;
878 5123 1052 5176 omnia
1095 5123 1234 5177 enim
1281 5138 1397 5193 quae
1441 5137 1593 5176 voces
1633 5122 1805 5176 nomi-

251 5226 399 5280 nant,
432 5223 547 5284 post
573 5213 744 5282 ipsum
771 5221 922 5267 sunt:
949 5213 1084 5267 unde
1111 5228 1206 5267 nec
1230 5209 1302 5278 ὃν,
1330 5213 1422 5267 sed
1447 5214 1608 5282 magis
1631 5213 1802 5288 προόν.

247 5306 450 5362 Eodem
497 5303 655 5358 modo
685 5303 1069 5372 prmexistentia
1098 5344 1112 5368 ,
1157 5302 1491 5370 prtevidentia
1513 5343 1526 5366 ,
1573 5318 1807 5370 prtecog-

247 5398 518 5454 noscentia
547 5395 732 5449 borum
760 5410 874 5463 quae
900 5393 1247 5448 conﬁciuntur
1277 5411 1290 5448 :
1319 5393 1436 5464 Ipse
1465 5402 1639 5448 autem
1673 5409 1810 5463 pra:-

248 5491 545 5552 exsistens,
609 5487 940 5556 praevidens,
995 5501 1426 5555 przecognoscens
1481 5504 1493 5538 :
1554 5486 1646 5540 sed
1699 5487 1810 5542 haec

251 5579 425 5634 omnia
498 5576 871 5645 apparentibus
919 5577 1168 5631 secundis
1223 5586 1277 5632 et
1329 5577 1594 5632 intellecta
1649 5586 1809 5646 sunt,

256 5678 312 5725 et
378 5667 667 5724 nominata.
725 5666 1003 5733 Postquam
1077 5668 1216 5722 enim
1280 5669 1519 5738 apparuit
1586 5682 1809 5740 cognos-

535 5770 807 5831 ΡΛτιιυι.
851 5765 1010 5829 Vlll.

1901 4593 2115 4633 mensus
2140 4619 2154 4643 ,
2187 4591 2349 4646 super
2377 4576 2580 4638 omnia,
2614 4584 2667 4630 et
2699 4575 2892 4629 idcirco
2916 4577 3114 4632 nullum
3169 4581 3234 4633 de
3283 4582 3456 4635 omni-

1898 4670 1998 4725 bus
2021 4710 2034 4734 ,
2071 4683 2131 4723 ac
2154 4668 2318 4737 magis
2338 4683 2401 4720 ex
2430 4681 2534 4736 quo
2556 4666 2731 4719 omnia
2766 4705 2777 4717 .
2809 4682 2932 4734 ergo
2974 4684 3136 4722 unum
3197 4680 3245 4724 et
3290 4673 3462 4727 solum

1903 4777 2063 4816 unum
2099 4780 2111 4815 :
2149 4759 2461 4830 principium
2489 4758 2630 4812 enim
2660 4759 2913 4812 omnium.
2972 4758 3122 4816 Unde
3168 4779 3269 4816 non
3305 4781 3462 4819 unum

1900 4854 2076 4907 omnia
2101 4865 2318 4906 manens
2345 4852 2395 4904 in
2426 4865 2483 4905 se
2504 4891 2519 4914 ,
2552 4865 2724 4919 neque
2754 4853 2803 4903 in
2833 4865 2928 4918 se,
2978 4870 3045 4908 ne
3076 4853 3201 4920 duo,
3231 4857 3464 4923 auditor,

1908 4945 2135 5013 accipias
2159 4982 2174 5007 ,
2204 4942 2296 4997 sed
2329 4943 2498 5010 ipsum
2522 4955 2737 4993 manens
2759 4942 2840 4995 vel
2873 4944 3104 5004 mansio.
3130 4950 3279 5013 quies
3315 4947 3466 5016 quie-

1909 5043 2020 5100 tus,
2048 5034 2326 5100 quiescens
2370 5031 2536 5100 magis
2557 5069 2570 5094 ,
2604 5031 2724 5099 quia
2753 5046 2779 5083 a
2808 5033 3116 5102 quiescente
3171 5039 3349 5106 quies,
3411 5049 3470 5092 ut

1911 5140 2067 5194 supra
2096 5123 2389 5177 docuimus.
2421 5120 2572 5175 Unde
2599 5121 2774 5175 dictus
2799 5132 2878 5176 est
2907 5133 2962 5177 et
2987 5125 3177 5180 sedere
3224 5129 3374 5196 quasi
3418 5131 3469 5183 in

1912 5224 2095 5271 centro
2124 5223 2221 5270 τῶν
2239 5216 2438 5267 πάντων
2458 5210 2630 5277 ὄντων,
2659 5213 2707 5265 id
2735 5224 2813 5267 cst
2832 5255 2844 5277 ,
2867 5217 3101 5270 omnium
3152 5233 3268 5286 qua:
3315 5229 3470 5289 sunt,

1912 5305 2051 5360 unde
2073 5303 2350 5358 universali
2380 5302 2532 5356 oculo
2555 5303 2602 5355 id
2632 5313 2732 5368 est,
2762 5303 2958 5358 lumine
2987 5306 3292 5362 substantia:
3320 5326 3463 5377 sum,

1915 5412 2017 5466 qua
2066 5395 2146 5449 vel
2179 5408 2296 5447 esse
2322 5402 2432 5456 est,
2457 5393 2538 5446 vel
2574 5395 2783 5460 vivere,
2813 5396 2895 5448 vel
2938 5396 3234 5464 intelligere
3259 5438 3274 5464 ,
3310 5401 3359 5452 in
3383 5416 3474 5456 eas

1915 5495 2012 5543 τῶν
2033 5484 2204 5548 ὄντων,
2238 5498 2340 5536 non
2375 5482 2619 5536 versabili
2640 5495 2856 5552 aspectu
2885 5484 3045 5550 videt,
3078 5487 3198 5554 quia
3227 5499 3281 5541 et
3323 5491 3474 5556 quies

1918 5587 2029 5640 est,
2058 5592 2085 5628 a
2117 5584 2303 5629 centro
2325 5571 2479 5626 simul
2531 5573 2583 5626 in
2638 5574 2809 5627 omnia
2841 5590 2975 5629 unus
3014 5586 3096 5630 est
3144 5578 3302 5630 visus.
3356 5580 3479 5637 llaec

1922 5666 2088 5731 Deus,
2122 5663 2214 5721 sed
2243 5661 2509 5733 quomodo
2559 5664 2700 5720 Deus
2725 5673 2892 5733 pater,
2941 5667 3130 5734 etquis
3177 5666 3340 5734 ﬁlius,
3391 5681 3478 5730 aut

3025 5756 3101 5816 36
