3950 6206
468 272 595 325 11⁸51

1662 248 1850 306 MAR“
1889 243 2226 305 VICTORINI
2270 240 2425 295 ΔΕΜ

464 373 730 445 quomodo
760 370 926 436 illius,
967 376 1019 423 et
1058 375 1241 438 postea
1270 359 1719 434 quomodoJesus
1746 359 1882 413 ﬁlius
1911 371 2022 410 om-
2054 356 2109 416 Α
2134 353 2271 407 Deus
2326 352 2458 405 vivit
2503 367 2517 414 ;
2570 348 2621 403 id
2663 356 2839 403 autem
2882 356 2965 402 est
2992 360 3112 402 esse
3137 355 3191 401 et
3212 345 3551 415 intelligere,
3583 359 3717 414 qua:

464 467 608 521 nium
630 476 747 518 esse
773 460 1089 531 principium
1111 497 1124 521 ,
1149 464 1271 509 ante
1297 454 1474 508 omnia
1503 464 1621 505 esse
1640 490 1655 514 ,
1680 458 1763 502 est
1785 446 2027 502 omnium

466 570 583 611 esse
607 595 621 620 ,
655 552 967 623 principium
1001 564 1105 602 non
1138 556 1242 601 tam
1265 545 1495 614 quietem
1546 554 1664 595 esse
1706 548 1785 594 est
1806 580 1820 602 ,
1870 550 2028 605 quam

466 647 634 716 ipsam
660 645 889 713 quietem
920 654 1057 695 esse.
1107 637 1291 691 Omnia
1337 635 1476 688 enim
1530 647 1646 700 que
1701 629 1875 697 genita
1924 626 2028 679 fae-

472 746 591 789 tave
618 743 738 787 sunt
774 746 838 785 ex
895 736 1036 783 metu
1062 727 1235 797 genita
1264 723 1462 779 laetave
1492 730 1632 775 sunt.
1660 718 1829 772 Motus
1854 724 2028 769 autem

470 826 612 894 ipse,
644 836 748 891 quo
788 828 960 874 motus
1008 826 1108 881 est,
1155 824 1434 883 antequam
1478 819 1717 864 movetur
1742 807 1892 877 quies
1911 811 2029 868 est;

471 911 769 968 contrarius
820 910 960 963 enim
1015 916 1163 962 ortus
1214 902 1603 958 contrariorum
1654 897 1815 960 ﬁunt,
1861 896 1932 949 ita
1975 902 2035 948 ut

473 1003 741 1060 contrario
764 1010 882 1056 ortu
912 997 1235 1054 contrarium
1250 992 1393 1049 unde
1421 993 1520 1045 hoc
1544 998 1717 1043 ortum
1749 996 1830 1043 εει
1854 992 2036 1054 pereat

473 1108 577 1147 non
634 1106 754 1147 esse
774 1131 787 1153 .
847 1098 904 1143 ut
923 1102 988 1143 ex
1036 1085 1143 1139 vita
1173 1098 1316 1138 mors
1341 1122 1357 1149 ,
1384 1089 1438 1136 et
1463 1094 1529 1134 ex
1556 1087 1727 1133 morte
1755 1076 1879 1131 vita.
1903 1075 2031 1129 Item

474 1200 539 1238 ex
573 1197 638 1237 eo
665 1179 804 1251 quod
838 1187 921 1235 est
950 1191 1068 1232 esse
1097 1193 1110 1230 :
1141 1184 1193 1230 et
1209 1190 1273 1229 cx
1301 1188 1365 1229 eo
1395 1170 1535 1241 quod
1562 1184 1665 1223 non
1692 1182 1811 1223 esse
1833 1210 1845 1232 ,
1873 1172 2033 1222 esset.

476 1272 543 1327 Et
567 1272 692 1326 item
716 1285 784 1325 es
811 1269 984 1338 quiete
1014 1272 1214 1330 motus,
1245 1274 1299 1317 et
1319 1278 1383 1316 ex
1406 1270 1551 1315 motu
1572 1260 1740 1329 quies.

550 1360 715 1415 XXV.
748 1358 853 1413 Sed
874 1357 1209 1410 advertamus
1238 1352 1443 1417 acrius,
1466 1360 1623 1418 atque
1666 1345 1852 1401 audaci
1882 1343 2036 1399 intel-

478 1452 689 1521 ligentia
736 1462 911 1503 rerum
950 1447 1097 1511 vim,
1146 1442 1581 1510 altitudinemque
1630 1437 1936 1500 videamus,
1985 1441 2041 1489 ut

479 1539 743 1611 proposita
769 1539 866 1591 ista
895 1546 1050 1601 sunt,
1082 1534 1125 1589 si
1156 1534 1381 1602 diligens
1404 1531 1818 1598 circumspector
1844 1524 2034 1581 adver-

482 1638 584 1695 tat,
641 1629 871 1698 reperiet
921 1640 1040 1680 esse
1083 1622 1417 1679 existentiam
1440 1616 1723 1690 quamdam
1754 1625 1808 1672 et
1832 1617 1884 1670 in
1914 1614 1997 1668 his
2023 1653 2039 1681 ,

2127 444 2230 496 ista
2276 454 2438 495 unum
2492 438 2589 492 tria
2636 438 2956 502 coniiciunt,
3007 437 3272 507 potentias
3302 446 3434 501 tres,
3462 435 3714 491 existen-

2128 532 2254 586 tiant
2271 572 2286 597 ,
2310 530 2467 583 vitam
2487 570 2500 592 ,
2529 528 2955 598 intelligentiam.

2202 620 2388 675 XXVI.
2426 620 2532 675 Sed
2567 620 2684 688 quia
2714 619 2798 673 illa
2827 620 2926 673 tria
2954 634 3113 673 unum
3141 618 3411 689 quomodo
3434 618 3576 683 sint,
3608 617 3713 671 do—

2127 712 2214 767 cui
2240 732 2251 765 :
2275 727 2438 766 unum
2480 710 2753 779 quodlibet
2781 711 2877 763 tria
2906 710 2975 763 sit
3006 751 3021 776 ,
3066 710 3142 763 sic
3182 720 3236 764 et
3273 709 3374 764 ista
3405 710 3509 763 tria
3536 723 3713 762 unum

2129 815 2250 859 sunt
2284 803 2409 859 :sed
2431 803 2485 857 in
2512 804 2620 858 Deo
2649 803 2761 856 lucc
2780 802 2878 855 tria
2907 816 3025 857 esse
3040 811 3163 856 sunt
3197 841 3213 864 ,
3264 802 3320 855 in
3350 800 3460 854 ﬁlio
3480 802 3711 862 vivere.

2131 894 2184 950 in
2212 895 2410 965 Spiritu
2439 904 2622 949 sancto
2650 893 2944 963 intelligere
2977 911 2990 946 :
3015 910 3140 962 ergo
3167 908 3285 948 esse
3316 934 3331 959 ,
3363 892 3549 947 vivere
3583 933 3597 955 ,
3628 892 3715 945 in-

2133 986 2373 1057 telligere
2405 1026 2419 1051 ,
2449 984 2503 1039 in
2534 985 2639 1041 Deo
2665 999 2782 1039 esse
2806 993 2929 1039 sunt
2960 1001 2972 1037 :
2999 983 3277 1038 existentia
3302 991 3483 1037 autem
3505 1023 3522 1047 ,
3548 981 3661 1035 vita
3695 1020 3712 1045 ,

2135 1078 2477 1149 intelligentia
2498 1119 2512 1143 ,
2552 1079 2715 1131 forma
2742 1087 2866 1132 sunt
2895 1094 2908 1129 :
2940 1084 3059 1130 actu
3079 1077 3219 1130 enim
3249 1074 3511 1131 interiore
3538 1083 3594 1129 et
3613 1088 3711 1128 oc-

2133 1168 2276 1223 culto
2301 1167 2415 1238 ejus
2446 1207 2462 1234 ,
2504 1167 2645 1236 quod
2665 1175 2883 1222 estesse
2915 1207 2930 1231 ,
2978 1166 3154 1220 vivere
3182 1206 3198 1231 ,
3244 1164 3543 1234 intelligere
3573 1179 3586 1218 :
3625 1165 3715 1217 in-

2135 1266 2219 1313 tus
2243 1257 2382 1314 enim
2432 1256 2507 1313 ita
2540 1266 2661 1313 sunt
2683 1267 2735 1313 et
2759 1256 2961 1311 occulta
2992 1296 3009 1322 ,
3054 1255 3329 1325 magisque
3358 1269 3521 1322 supra
3544 1267 3667 1307 esse
3692 1294 3707 1316 ,

2137 1359 2191 1406 et
2209 1365 2368 1419 supra
2394 1352 2573 1406 vivere
2597 1391 2612 1415 ,
2643 1357 2699 1405 et
2726 1364 2885 1418 supra
2924 1346 3220 1416 intelligere
3245 1345 3388 1402 Deus
3416 1353 3520 1399 est.
3556 1344 3710 1399 Unde

2137 1449 2193 1496 et
2218 1443 2469 1506 ἀνούσιος,
2499 1440 2582 1495 vel
2602 1442 2916 1517 ἀνύπαρκτος
2929 1447 2981 1493 et
3000 1437 3126 1492 item
3138 1435 3291 1503 ἄξων,
3321 1434 3473 1495 ἄνους
3486 1433 3705 1496 dicitur,

2139 1530 2600 1604 prmintelligentia
2627 1529 2852 1600 quadam
2884 1529 3125 1583 inventus
3156 1568 3171 1592 ,
3196 1536 3251 1581 et
3278 1526 3449 1595 magis
3480 1539 3575 1593 per
3596 1524 3708 1576 lor-

2141 1641 2282 1681 mam
2303 1639 2450 1680 suam
2478 1624 2718 1693 cognitus
2744 1664 2758 1688 ,
2789 1620 2882 1677 sed
2913 1620 3257 1675 inhaerentem
3285 1627 3338 1674 et
3360 1616 3711 1672 consubstan-

479 1734 700 1791 quorum
733 1716 1007 1787 phantasia
1031 1714 1255 1784 quadam
1279 1721 1361 1767 est
1386 1711 1603 1765 interire
1635 1728 1650 1763 :
1677 1721 1904 1773 namque
1924 1718 2042 1759 eum

2167 1715 2323 1771 ialem
2337 1714 2456 1770 sibi.
2473 1715 2540 1768 Et
2576 1714 2679 1768 hoc
2700 1722 2815 1777 est,
2832 1710 3047 1782 quodin
3073 1718 3220 1777 patre
3246 1718 3329 1763 est
3350 1705 3492 1761 ﬁlius
3517 1723 3531 1759 :
3564 1703 3703 1775 quod

482 1812 589 1864 vita
629 1811 695 1863 sit
744 1808 828 1863 cui
870 1808 1020 1861 adest
1048 1819 1197 1869 esse,
1227 1819 1290 1858 ex
1339 1816 1444 1872 qua
1488 1815 1634 1855 mors
1664 1798 1933 1861 nascitur;
1961 1805 2044 1850 est

480 1900 638 1954 etiam
668 1897 822 1951 morti
845 1910 964 1951 esse
986 1936 999 1958 ,
1022 1895 1067 1948 si
1097 1909 1162 1949 ex
1192 1901 1361 1947 morte
1391 1892 1629 1945 nascitur
1653 1888 1783 1945 vita.
1807 1886 2044 1954 Itemque

483 1991 528 2045 si
555 2004 618 2044 ex
648 2004 712 2043 eo
739 1986 876 2057 quod
903 1993 987 2041 est
1013 1999 1131 2039 esse
1150 2024 1165 2049 ,
1197 1982 1423 2037 eilicitur
1462 1996 1566 2035 non
1610 1994 1765 2043 esse;
1796 1990 2040 2032 necessa-

486 2082 568 2134 rio
616 2079 717 2132 erit
763 2076 923 2141 etiam
979 2076 1150 2143 ipsum
1178 2088 1283 2127 non
1312 2087 1471 2138 esse,
1523 2073 1566 2126 si
1624 2086 1691 2124 ex
1721 2083 1785 2124 eo
1813 2067 2047 2122 nascitur

485 2168 626 2238 quod
650 2176 905 2223 estesse:
952 2165 1183 2234 itemque
1206 2164 1251 2218 si
1278 2162 1506 2218 cessatio
1542 2171 1653 2227 est,
1702 2167 1875 2213 motus
1928 2170 2048 2212 esse

486 2258 833 2312 cessationem
884 2269 1101 2310 necesse
1150 2263 1253 2319 est,
1308 2252 1355 2307 si
1402 2262 1578 2306 motus
1615 2258 1885 2304 nascatur.
1911 2246 2048 2312 Quid

487 2348 671 2417 igitur?
701 2360 877 2400 nonne
903 2354 1023 2400 ortu
1043 2344 1431 2398 contrariorum
1462 2340 1751 2405 contraria,
1779 2348 1869 2393 aut
1890 2338 2047 2402 mori,

488 2446 579 2490 aut
608 2451 709 2490 non
737 2450 856 2489 esse
880 2433 1203 2489 creduntur?
1228 2431 1451 2487 Videtur
1480 2431 1573 2495 ita,
1596 2428 1690 2484 sed
1718 2438 1903 2483 contra
1926 2436 2008 2482 est
2032 2442 2046 2480 :

490 2541 612 2580 nam
634 2536 853 2596 utraque
880 2534 1130 2590 manent,
1160 2537 1259 2578 nec
1287 2522 1556 2577 intereunt
1590 2520 1658 2574 ab
1696 2527 1891 2574 azterna
1919 2517 2048 2573 sub-

490 2617 723 2674 stantiali
771 2632 864 2671 sua
920 2616 1193 2686 qualitate.
1246 2613 1525 2683 Quomodo
1575 2612 1711 2666 istud
1736 2611 1824 2677 sit,
1852 2610 2048 2676 dicam,

491 2708 628 2763 adsit
658 2708 814 2771 Deus,
843 2706 933 2761 ﬁet
960 2705 1163 2759 facilior
1204 2704 1505 2773 explicatio.
1559 2703 1691 2757 Esse
1739 2703 1789 2755 in
1838 2703 2052 2755 aztcrnis

494 2799 596 2853 hoc
614 2810 697 2853 est
724 2811 861 2862 esse,
890 2795 1031 2866 quod
1052 2795 1254 2861 vivere,
1304 2794 1446 2864 quod
1498 2793 1812 2862 intelligere.
1846 2791 2054 2859 Saepius

495 2890 612 2945 hsce
637 2898 689 2943 et
715 2888 963 2954 diximus,
1008 2896 1062 2941 et
1101 2885 1464 2955 probavimus.
1513 2882 1569 2937 ld
1613 2892 1787 2938 autem
1820 2895 1938 2938 esse
1982 2881 2053 2935 ita

497 2988 598 3045 est,
622 2988 679 3031 ut
706 2977 810 3031 sint
838 2976 909 3029 ibi
938 2975 1193 3042 viventes,
1228 2974 1685 3043 intelligentesque
1706 2970 2015 3026 substantia:
2037 2986 2051 3021 :

2141 1826 2260 1865 cum
2284 1810 2352 1863 ita
2383 1808 2493 1872 sit,
2547 1807 2685 1861 idem
2719 1804 2856 1859 ﬁlius
2882 1802 3022 1874 quod
3066 1814 3217 1871 pater
3239 1842 3252 1864 ,
3306 1800 3451 1854 unde
3496 1807 3551 1853 et
3576 1798 3711 1851 ﬁlius

2142 1900 2284 1955 Deus
2316 1940 2330 1964 ,
2353 1896 2473 1967 quia
2495 1896 2596 1950 hoc
2615 1904 2697 1950 est
2722 1893 2889 1947 forma
2921 1933 2935 1957 ,
2962 1891 3083 1961 quia
3114 1890 3164 1944 id
3187 1888 3327 1959 quod
3356 1896 3440 1942 est
3470 1886 3536 1940 iis
3556 1886 3704 1955 cujus

2144 1990 2331 2045 forma.
2361 1986 2569 2041 Etenim
2598 2000 2717 2039 eum
2756 1998 2872 2039 esse
2899 2024 2914 2048 ,
2967 1984 3142 2036 vivere
3171 2022 3185 2045 ,
3240 1978 3538 2049 intelligere
3570 1978 3706 2031 Deus

2144 2081 2215 2136 sit
2241 2122 2257 2147 ,
2285 2079 2452 2135 forma
2477 2087 2653 2132 autem
2680 2076 2749 2131 sit
2772 2073 3048 2131 existentia
3080 2114 3093 2137 ,
3128 2073 3231 2125 vita
3263 2112 3278 2137 ,
3312 2068 3657 2141 intelligentia
3691 2083 3707 2121 :

2150 2170 2249 2225 ista
2282 2184 2367 2223 me
2392 2169 2570 2224 dicere
2597 2166 2675 2222 sic
2724 2166 2953 2236 accipias
2981 2163 3137 2218 velim
3170 2204 3185 2229 ,
3231 2172 3291 2216 ut
3308 2177 3468 2231 supra
3524 2160 3619 2213 ista
3646 2157 3713 2213 sit

2150 2263 2308 2317 Deus.
2336 2260 2487 2327 Quod
2516 2260 2559 2313 si
2583 2259 2654 2313 ita
2680 2266 2764 2312 est
2795 2297 2809 2324 ,
2852 2257 2911 2309 ιιι
2939 2256 3077 2310 idem
3105 2257 3274 2308 forma
3290 2251 3433 2322 quod
3463 2252 3705 2305 substan—

2149 2353 2219 2407 tia
2247 2371 2259 2407 :
2292 2351 2491 2406 Eodem
2513 2350 2652 2405 enim
2684 2346 2843 2402 modo
2878 2347 3053 2400 valent
3104 2356 3158 2399 et
3186 2355 3309 2398 sunt
3336 2345 3436 2396 ista
3468 2338 3707 2395 habentia

2150 2445 2232 2499 vel
2260 2443 2535 2499 existentia
2565 2482 2580 2507 ,
2622 2456 2741 2495 esse
2768 2482 2782 2505 ,
2829 2440 3006 2494 vivere
3038 2478 3054 2503 ,
3111 2436 3405 2504 intelligere
3439 2450 3454 2484 :
3502 2434 3571 2487 ita
3599 2446 3707 2486 cuiu

2149 2537 2255 2593 duo
2301 2534 2435 2608 λόγοι
2464 2534 2607 2597 sint,
2660 2546 2797 2586 unus
2835 2546 2927 2599 per
2964 2545 3119 2597 quem
3168 2524 3571 2595 unumquidque
3611 2522 3705 2577 sit:

2151 2628 2286 2683 alius
2312 2642 2404 2696 per
2422 2639 2578 2695 quem
2632 2621 2897 2690 quomodo
2923 2622 2994 2674 sit
3023 2638 3035 2672 :
3076 2629 3252 2672 tamen
3280 2617 3402 2687 quia
3457 2614 3639 2668 eadem
3663 2611 3708 2666 vi

2154 2719 2351 2783 habet,
2382 2716 2647 2787 quomodo
2673 2723 2725 2770 et
2746 2712 2978 2782 quidque
3016 2710 3083 2765 sit
3111 2750 3126 2774 ,
3152 2709 3459 2764 necessario
3489 2709 3549 2761 lit
3590 2721 3710 2760 unus

2157 2806 2303 2880 λόγος
2327 2848 2340 2873 ,
2388 2806 2527 2862 idem
2549 2806 2759 2859 valente
2787 2802 2954 2857 forma
3001 2799 3140 2869 quod
3166 2798 3483 2853 substantia.
3517 2795 3650 2863 Ergo
3668 2792 3709 2847 si

2156 2899 2296 2952 idem
2330 2896 2490 2958 valet,
2514 2904 2567 2949 et
2595 2894 2733 2947 idem
2763 2902 2842 2947 eSt
2864 2890 3029 2945 forma
3050 2929 3064 2955 ,
3091 2888 3245 2942 istius
3268 2896 3446 2941 tamen
3473 2886 3708 2941 substan-

2157 2986 2241 3040 tia:
2254 2984 2393 3055 quod
2422 2986 2534 3051 ipsa
2551 2980 2864 3046 substantia,
2881 2977 3241 3033 substantialis
3260 2975 3401 3031 enim
3428 2975 3597 3029 forma
3618 2982 3708 3038 est,

500 3069 597 3123 has
625 3065 944 3135 accipiamus
970 3078 1067 3135 pro
1097 3065 1254 3118 modo
1299 3062 1638 3118 existentium
1668 3077 1755 3116 res
1786 3070 1894 3117 tres
1921 3073 2058 3129 prae-

2166 3052 2300 3129 idem
2330 3073 2432 3130 erit
2451 3072 2585 3128 ﬁlius
2610 3070 2747 3141 quod
2777 3079 2923 3139 pater
2949 3109 2963 3135 ,
2988 3078 3074 3123 attt
3105 3082 3276 3136 neque
3304 3074 3455 3135 pater
3484 3105 3503 3132 ,
3548 3076 3705 3132 neque

500 3168 660 3222 stare,
692 3166 744 3211 et
795 3155 1193 3225 participatione
1236 3155 1316 3208 sui
1370 3162 1557 3207 cuncta
1606 3151 1860 3214 retinere,
1909 3158 1964 3203 et
2005 3148 2058 3202 in

503 3250 673 3303 noetis
701 3250 897 3317 vigere,
921 3246 1032 3301 sola
1062 3259 1180 3299 esse
1208 3244 1486 3312 simplicia,
1509 3242 1709 3306 divina,
1738 3249 1934 3295 aeterna
1960 3256 1972 3291 :
2005 3238 2058 3292 in

504 3340 783 3394 mundanis
810 3353 937 3392 vero
959 3345 1013 3391 et
1041 3337 1228 3407 hylicis
1260 3337 1434 3390 inesse
1464 3333 1700 3403 quidem,
1745 3332 1840 3387 sed
1869 3344 2060 3384 carna-

506 3431 645 3485 libus
672 3432 829 3485 variis
854 3446 916 3485 ac
942 3429 1255 3483 mortalibus
1304 3429 1576 3483 sustineri.
1609 3425 1739 3480 Heic
1766 3438 1893 3493 ergo
1920 3436 2065 3477 mors

508 3521 551 3574 si
583 3531 682 3586 est,
715 3537 993 3591 corporum
1028 3535 1173 3573 mors
1201 3528 1321 3587 est;
1353 3519 1471 3574 etsi
1498 3518 1705 3587 plenior
1752 3516 2067 3571 adhibeatur

511 3610 752 3677 intentio,
803 3627 899 3666 nec
939 3626 1245 3681 corporum,
1296 3611 1345 3664 id
1402 3619 1503 3673 est,
1557 3610 1609 3663 in
1653 3624 1717 3663 co
1774 3609 1914 3678 quod
1945 3606 2068 3677 hyle

511 3709 671 3765 sunt;
705 3700 797 3754 sed
820 3700 1006 3753 horum
1029 3714 1334 3768 corporum,
1382 3701 1430 3753 in
1464 3714 1525 3752 ea
1574 3700 1752 3767 specie
1781 3713 1897 3767 qum
1929 3709 2070 3750 nunc

514 3801 596 3847 est
620 3834 633 3858 ,
663 3791 846 3847 eﬁ‘ecta
877 3792 1103 3862 quodam
1145 3792 1357 3845 interitu
1406 3791 1725 3845 dissolutio:
1756 3791 1868 3843 sola
1914 3790 2073 3858 igitur

513 3882 753 3950 cerporis
805 3882 1009 3949 species
1060 3880 1314 3933 dissoluta
1356 3895 1473 3933 cum
1503 3880 1552 3932 in
1580 3880 1839 3933 elementa
1870 3880 2075 3947 disper-

514 3970 675 4039 gitur,
706 3980 917 4022 manent
942 3984 1003 4023 ac
1025 3978 1148 4023 sunt
1177 3968 1316 4023 unde
1344 3970 1540 4022 victura
1587 3979 1917 4037 reparantur.
1954 3968 2076 4023 Ete-

520 4062 627 4117 nim
654 4076 771 4116 cum
794 4062 843 4115 in
878 4062 1074 4115 mundo
1099 4061 1293 4131 ether
1328 4061 1415 4124 sit,
1449 4076 1565 4129 qua:
1595 4061 1870 4115 clementis
1918 4061 2077 4114 certis

522 4168 731 4221 semper
757 4153 952 4218 existit,
985 4161 1037 4206 et
1056 4168 1172 4207 cum
1197 4152 1450 4221 imagines
1491 4151 1698 4205 illorum
1741 4152 1918 4215 trium,
1962 4149 2080 4205 heic

524 4259 750 4314 quoque,
786 4244 834 4296 id
857 4254 957 4307 est,
1012 4244 1062 4296 in
1117 4243 1310 4297 mundo
1336 4258 1393 4297 se
1422 4242 1691 4311 prmbcant
1715 4282 1727 4304 ,
1784 4241 1906 4310 quid
1938 4255 2081 4295 mors

525 4334 631 4401 agit
657 4334 741 4385 illa
772 4348 889 4386 cum
915 4343 968 4386 et
994 4333 1045 4386 in
1075 4334 1184 4387 suis
1208 4318 1523 4402 imaginibus
1546 4340 1746 4386 aeterna
1785 4332 1921 4386 sint?
1948 4330 2084 4385 Ima-

2161 3163 2303 3220 ﬁlins
2327 3174 2448 3219 ante
2476 3175 2748 3233 egressum
2778 3160 2918 3214 foras
2946 3199 2961 3223 ,
2989 3158 3081 3213 sed
3108 3172 3271 3211 unum
3296 3155 3472 3223 ipsum
3501 3152 3685 3207 solum.

2231 3256 2439 3311 XXVII.
2467 3254 2578 3309 Hoc
2596 3267 2713 3306 cum
2754 3251 2825 3305 ita
2856 3250 2924 3303 sit
2956 3267 2969 3315 ;
3016 3264 3135 3303 eum
3164 3248 3233 3301 sit
3267 3247 3314 3301 ei
3346 3242 3637 3312 intelligere
3661 3248 3713 3293 et

2165 3345 2509 3415 intelligentia
2546 3386 2559 3410 ,
2586 3342 2653 3397 sit
2676 3342 2812 3396 idem
2836 3337 3181 3407 intelligentia
3211 3335 3351 3405 quod
3382 3333 3488 3387 vita
3514 3342 3565 3388 et
3588 3328 3721 3402 quod

2166 3448 2247 3494 est
2273 3448 2391 3493 csSe
2416 3454 2429 3489 :
2454 3451 2574 3490 eum
2601 3443 2775 3489 autem
2817 3432 2982 3501 magis
3020 3428 3211 3500 agendi
3236 3427 3405 3481 virtus
3431 3424 3500 3479 sit
3529 3419 3721 3477 intelli-

2167 3544 2292 3598 gere
2323 3568 2337 3593 ,
2359 3542 2516 3597 quam
2542 3540 2660 3581 esse
2690 3565 2706 3591 ,
2736 3536 2894 3592 quam
2926 3522 3103 3575 vivere
3133 3536 3147 3584 ;
3177 3528 3229 3574 et
3256 3532 3377 3572 cum
3400 3518 3499 3571 hoc
3524 3528 3635 3569 esse
3657 3511 3726 3564 sit

2170 3619 2461 3687 intelligere
2482 3616 2617 3687 quod
2650 3617 2719 3669 sit
2751 3654 2764 3679 ,
2794 3622 2848 3668 et
2877 3628 2998 3667 cum
3028 3611 3129 3667 hoc
3165 3611 3239 3665 sit
3266 3609 3447 3664 vivere
3481 3648 3495 3673 ,
3540 3602 3725 3661 intelli-

2170 3717 2294 3778 gcre
2323 3708 2459 3777 quod
2488 3710 2626 3761 vivat
2657 3724 2670 3758 :
2700 3703 3000 3759 necessario
3016 3701 3085 3756 sit
3106 3698 3402 3769 intelligere
3424 3736 3439 3762 ,
3468 3695 3549 3750 vel
3580 3691 3726 3748 intel-

2172 3798 2384 3869 ligentia
2413 3799 2549 3851 Deus
2570 3806 2650 3850 est
2676 3836 2690 3860 ,
2720 3811 2840 3850 cum
2869 3791 3115 3861 intelligit
3144 3792 3284 3844 Deus
3312 3830 3327 3853 ,
3363 3803 3421 3842 se
3450 3786 3620 3855 ipsum
3648 3784 3725 3835 in-

2176 3887 2364 3957 telligit
2392 3927 2405 3952 ,
2434 3901 2552 3940 cum
2577 3897 2752 3938 autem
2783 3899 2839 3937 se
2870 3882 3040 3951 ipsum
3064 3880 3307 3948 intelligit
3339 3919 3355 3943 ,
3388 3892 3497 3931 non
3525 3887 3578 3930 ut
3600 3874 3726 3927 alter

2177 3978 2402 4031 alterum
2436 4016 2449 4040 ,
2498 3974 2555 4029 ﬁt
2580 3984 2634 4028 ut
2666 3970 3011 4042 intelligentia
3039 3970 3151 4039 ipsa
3177 3984 3235 4024 se
3262 3967 3539 4036 intelligat.
3582 3962 3723 4031 Quod

2178 4082 2297 4119 eum
2320 4077 2430 4129 est,
2463 4081 2520 4119 se
2550 4079 2669 4119 esse
2696 4060 2864 4117 efﬁcit
2892 4102 2907 4128 ,
2938 4071 3095 4125 atque
3116 4060 3165 4113 in
3188 4057 3526 4113 existentiam
3556 4066 3733 4125 prove-

2180 4157 2259 4213 nit
2284 4200 2296 4223 ,
2326 4159 2486 4225 ﬁtque
2513 4157 2612 4212 sibi
2638 4157 2777 4226 quod
2794 4166 2875 4211 est
2902 4170 3021 4211 esse
3044 4173 3058 4208 :
3080 4162 3239 4224 atque
3259 4152 3452 4209 eodem
3483 4150 3636 4205 modo
3658 4149 3735 4201 in-

2185 4250 2467 4320 telligendo
2493 4250 2670 4303 existit
2690 4257 2743 4303 et
2762 4263 2913 4302 suum
2943 4247 3120 4301 vivere
3139 4287 3155 4312 ,
3192 4244 3383 4314 quibus
3407 4240 3610 4297 cunctis
3630 4254 3657 4292 a
3681 4252 3736 4293 se

2186 4339 2321 4394 natis
2346 4380 2360 4407 ,
2392 4340 2471 4393 vel
2492 4338 2659 4407 magis
2702 4354 2729 4391 a
2772 4353 2831 4393 se
2863 4335 3209 4392 existentibus
3231 4376 3245 4402 ,
3297 4332 3565 4403 ingenitus
3608 4330 3737 4384 Deus

527 4422 674 4490 giucs
697 4422 815 4475 dico
844 4421 1101 4490 potentias
1149 4436 1242 4490 per
1295 4422 1470 4476 omnia
1499 4437 1527 4474 a
1558 4421 1711 4475 lineis
1751 4420 1942 4475 anima:
1989 4421 2079 4476 de‘
2106 4409 2162 4469 Ῑ)
2189 4440 2273 4484 est
2302 4471 2316 4494 ,
2370 4429 2601 4483 θκίιιοηε
2651 4443 2713 4483 cx
2743 4425 2989 4497 ingenitis
3019 4444 3031 4479 :
3080 4441 3198 4495 qua:
3224 4439 3385 4479 unum
3427 4438 3549 4477 cum
3594 4420 3695 4474 sint
3722 4455 3738 4483 ,

530 4512 774 4565 ﬁttentes.
801 4511 927 4564 Cum
959 4511 1114 4580 igitur
1139 4519 1334 4565 aatcrna
1362 4512 1468 4564 sint
1512 4512 1632 4576 ista,
1686 4519 1882 4565 mterna
1936 4519 1991 4565 et
2028 4510 2081 4565 in

532 4603 650 4672 hyle
678 4604 936 4656 elementa
972 4621 984 4656 :
1017 4617 1158 4656 mors
1205 4604 1249 4655 si
1290 4603 1402 4656 sola
1451 4601 1742 4670 composita
1773 4601 1931 4655 solvit
1958 4600 2084 4655 fun-

531 4694 670 4749 ditus
697 4694 895 4747 interit.
923 4693 1073 4748 Unde
1115 4702 1258 4748 recte
1282 4693 1494 4759 dicitur,
1544 4692 1683 4762 quod
1710 4707 1775 4746 ex
1801 4694 1904 4745 vita
1942 4708 2087 4748 mors

530 4784 809 4851 efﬁciatur,
833 4785 973 4854 quod
996 4800 1058 4839 ex
1082 4784 1259 4855 vigore
1280 4784 1491 4837 vivendi
1538 4784 1819 4850 compositi
1866 4783 2087 4851 cujusli-

534 4884 623 4937 liet
647 4878 885 4948 corporis
914 4876 1002 4928 ﬁat
1033 4889 1199 4942 usque
1223 4872 1287 4926 ad
1318 4881 1460 4927 certa
1489 4871 1776 4935 resolutio,
1808 4881 1863 4927 et
1908 4887 2091 4927 rursus

536 4974 588 5027 in
616 4973 767 5025 aliam
790 4966 1227 5037 compositionem
1266 4964 1451 5018 iisdem
1478 4962 1682 5017 cunctis
1705 4961 1796 5016 ﬁat
1824 4978 1888 5016 ex
1918 4972 2089 5019 morte

535 5057 819 5130 reparatio.
844 5057 953 5111 Hoc
986 5055 1143 5110 modo
1164 5063 1217 5108 et
1245 5067 1364 5107 esse
1390 5053 1444 5107 in
1469 5051 1667 5108 mundo
1695 5052 2057 5121 accipiendmn
2078 5093 2094 5120 ,

538 5152 638 5206 hoc
680 5146 837 5204 modo
867 5146 982 5200 heic
1002 5154 1056 5200 et
1085 5144 1265 5213 quies,
1300 5151 1354 5198 et
1374 5150 1550 5197 motus
1581 5159 1595 5197 :
1653 5152 1705 5197 at
1755 5142 1807 5196 in
1855 5142 2047 5197 divinis
2078 5180 2094 5208 ,

537 5241 658 5310 quia
680 5238 821 5293 nulla
849 5247 972 5292 sunt
998 5248 1222 5304 corpora
1244 5274 1258 5297 ,
1287 5247 1430 5286 mors
1450 5232 1590 5285 nulla
1618 5250 1629 5283 :
1662 5231 1755 5286 sed
1787 5240 1839 5285 et
1866 5231 1971 5284 vita
1992 5231 2100 5287 alio

541 5330 697 5384 modo
721 5371 735 5395 ,
768 5330 961 5397 quippe
990 5328 1076 5381 illa
1108 5323 1411 5393 principalis
1439 5331 1492 5378 et
1520 5338 1679 5387 vera;
1711 5332 1764 5379 et
1789 5324 1985 5379 ideirco
2025 5324 2096 5379 ibi

541 5422 840 5492 progressio
866 5436 967 5474 non
997 5416 1217 5481 natalis,
1261 5426 1351 5470 aut
1372 5416 1417 5469 si
1445 5414 1651 5483 placet,
1696 5416 1887 5470 natalis
1933 5417 2100 5485 magis

538 5513 841 5583 apparentia
868 5522 920 5565 et
948 5507 1343 5563 manisl'estatio.
1373 5507 1501 5561 item
1524 5507 1608 5560 illa
1631 5506 1737 5561 alio
1759 5508 1915 5562 modo
1936 5522 2057 5563 esse
2083 5549 2099 5575 ,

537 5612 589 5659 ct
617 5618 718 5657 non
748 5614 900 5671 esse,
931 5608 983 5653 et
1012 5598 1113 5653 alio
1144 5606 1319 5653 motus
1366 5604 1522 5664 atque
1571 5595 1799 5654 cessatio
1846 5614 1859 5653 :
1899 5596 2097 5654 etenim

2190 4535 2351 4574 unum
2383 4526 2438 4573 et
2459 4517 2683 4587 simplex
2706 4558 2719 4580 ,
2749 4532 2886 4571 unus
2912 4517 3052 4571 Deus
3080 4525 3181 4580 est,
3209 4523 3262 4569 et
3282 4514 3396 4567 haec
3424 4520 3504 4567 est
3529 4520 3585 4564 ut
3608 4510 3741 4564 intus

2194 4607 2536 4678 intelligentia
2569 4647 2584 4673 ,
2632 4623 2746 4675 qua:
2781 4604 2897 4660 sine
2939 4605 3115 4675 aliquo
3176 4612 3324 4658 motu
3362 4617 3421 4657 se
3468 4598 3739 4667 intelligit,

2193 4698 2388 4767 quippe
2404 4713 2520 4767 qua:
2549 4712 2667 4751 eum
2691 4687 2935 4765 intelligit
2961 4735 2976 4761 ,
3029 4693 3251 4755 existit,
3293 4702 3347 4747 et
3373 4706 3496 4746 cum
3544 4689 3744 4749 existit,

2196 4788 2459 4858 intelligit.
2496 4788 2562 4841 Et
2588 4788 2687 4840 hoc
2713 4795 2794 4840 est
2826 4786 2964 4839 Deus
3034 4792 3088 4838 et
3113 4784 3296 4853 utique
3324 4782 3425 4837 hoc
3450 4795 3518 4835 ex
3558 4788 3747 4833 aeterno

2198 4886 2355 4945 atque
2378 4878 2427 4929 in
2460 4885 2735 4929 mternum.

2270 4968 2499 5023 XXVIII.
2532 4966 2725 5022 Verum
2779 4964 3028 5036 quoniam
3055 4964 3335 5036 imaginem
3367 4962 3463 5016 Dei
3494 4961 3655 5015 fdium
3679 4954 3751 5012 di-

2200 5063 2368 5116 cimus
2400 5059 2489 5115 Dei
2518 5098 2533 5123 ,
2554 5059 2730 5129 genita
2759 5068 2838 5113 est
2856 5057 2996 5112 enim
3027 5056 3196 5112 forma
3218 5096 3234 5122 ,
3257 5065 3317 5110 ut
3341 5055 3409 5109 ab
3433 5052 3657 5125 eoquod
3678 5058 3753 5106 est

2205 5164 2323 5206 esse
2356 5190 2371 5215 ,
2430 5148 2607 5202 virere
2634 5188 2650 5214 ,
2704 5147 3002 5217 intelligere
3033 5189 3048 5214 ,
3077 5147 3383 5217 gigneretur
3431 5142 3710 5201 existentia
3732 5184 3747 5211 ,

2206 5240 2315 5293 vita
2350 5281 2365 5307 ,
2405 5238 2775 5308 intelligentia.
2804 5236 3052 5304 Quaedam
3082 5238 3222 5291 enim
3250 5238 3304 5291 in
3328 5236 3411 5290 his
3441 5236 3614 5291 forma
3638 5241 3710 5289 est
3736 5272 3750 5297 ,

2203 5345 2297 5398 per
2324 5344 2481 5399 quam
2512 5343 2570 5382 ut
2596 5344 2687 5398 per
2709 5327 2989 5398 imaginem
3022 5327 3333 5396 intelligitur
3358 5325 3487 5395 quid
3525 5325 3598 5379 sit
3624 5338 3749 5389 esse,

2198 5410 2379 5475 vivere
2397 5430 2451 5474 et
2477 5421 2766 5489 intelligere
2800 5438 2814 5483 ;
2847 5420 3146 5475 necessario
3177 5434 3271 5489 per
3297 5420 3523 5474 formam
3569 5416 3754 5472 intelli-

2198 5512 2339 5581 gitur
2372 5511 2512 5567 Deus
2535 5550 2550 5577 ,
2593 5526 2712 5565 nam
2742 5508 2911 5579 ipsum
2945 5507 3118 5580 (Joan.
3152 5524 3190 5575 t,
3220 5506 3313 5577 18)
3346 5524 3493 5563 nemo
3523 5509 3648 5563 vidit
3669 5524 3749 5562 su-

2198 5615 2367 5668 quam.
2388 5601 2528 5671 Ergo
2545 5599 2710 5656 forma
2736 5599 2828 5657 Dei
2856 5614 2974 5655 cum
2999 5598 3253 5669 accipitur
3274 5598 3329 5655 in
3352 5598 3468 5656 Deo
3512 5599 3654 5657 Deus
3684 5604 3752 5655 est

3564 230 3717 285 H59.
