3950 6206
245 310 386 367 “53

1261 310 1620 368 ADVEllSUS
1654 307 1864 365 ARIUM
1904 308 2105 366 LIBER
2145 312 2232 367 IV.

3348 326 3485 381 1134

244 439 372 479 cum
402 434 580 482 autem
608 427 851 499 intelligit
878 442 936 483 se
991 429 1128 483 Deus
1162 469 1175 493 .
1207 443 1300 497 per
1327 429 1551 482 formam
1582 440 1638 481 se
1664 425 1818 480 intel-
1843 425 1895 484 A
1924 423 2090 480 Simul
2112 427 2307 483 ambo:
2346 428 2445 484 hoc
2468 430 2607 485 enim
2632 432 2893 502 signiticat
2929 432 3195 506 ὁμοούσιον
3221 477 3235 502 ,
3290 449 3484 507 praeter

246 518 369 588 ligit
400 538 413 574 :
445 519 539 575 sed
571 530 626 576 et
668 520 779 590 ipsa
813 519 979 576 forma
1018 519 1274 590 intelligat
1304 534 1521 575 necesse
1556 526 1655 573 est.
1690 516 1817 570 Eleo

249 611 364 666 nim
428 612 731 683 intelligens
774 628 838 667 ac
880 613 1062 667 vivens
1113 612 1392 667 existentia
1424 651 1441 677 ,
1497 626 1616 665 cum
1688 610 1820 665 nihil

249 704 395 759 aliud
425 704 681 773 intelligat
709 746 723 769 ,
771 719 928 773 quam
953 704 1092 773 quod
1124 704 1221 758 ista
1251 704 1387 757 Deus
1416 712 1555 757 sunt.
1617 702 1681 757 Et
1707 703 1820 755 lunc

250 809 399 863 smpe
422 796 528 863 jam
557 796 733 850 docui.
763 794 894 850 Cum
933 805 1106 850 autem
1134 795 1245 864 ipsa
1288 794 1636 861 intelligentia
1666 792 1821 847 intel-

253 885 368 954 ligit
401 884 537 951 quod
561 884 630 938 sit
672 884 1014 954 intelligentia
1036 885 1361 951 (necessario
1392 883 1533 939 enim
1560 883 1818 952 sequitur,

254 990 314 1033 nt
342 990 391 1035 ct
422 994 479 1039 se
510 978 759 1048 intelligat
805 977 1195 1047 intelligentia),
1228 976 1389 1031 veluti
1418 975 1652 1031 existens
1677 989 1704 1025 a
1733 987 1822 1027 se-

250 1072 480 1142 metipsa
510 1071 851 1143 seointellexit
879 1111 894 1136 ,
948 1071 1174 1140 iecitque
1202 1086 1259 1124 se
1287 1079 1434 1125 extra
1462 1085 1476 1121 :
1530 1066 1668 1137 quod
1694 1063 1821 1119 loris

249 1174 335 1221 cst
361 1164 703 1235 intelligendo
732 1205 745 1227 ,
770 1179 828 1218 se
852 1205 866 1229 ,
897 1162 947 1217 id
976 1172 1059 1217 est
1082 1205 1096 1229 ,
1122 1172 1266 1217 motu
1287 1176 1402 1215 suo.
1428 1160 1580 1216 Unde
1608 1168 1689 1212 est
1710 1157 1822 1211 lizec

251 1257 384 1311 foris
416 1255 757 1326 intelligentia
792 1297 806 1322 ,
853 1264 907 1309 et
934 1255 1019 1309 hie
1045 1264 1125 1309 est
1172 1253 1315 1307 illius
1347 1293 1362 1317 ,
1394 1251 1480 1305 hic
1507 1257 1588 1305 est
1622 1250 1773 1321 λόγος
1802 1288 1819 1315 ,

250 1359 412 1404 natus
446 1347 581 1402 illius
611 1389 627 1415 ,
682 1347 801 1416 quia
834 1346 973 1401 alius
1002 1362 1031 1399 a
1062 1346 1170 1400 Deo
1200 1388 1213 1412 ,
1255 1344 1323 1400 de
1350 1345 1462 1399 Deo
1493 1343 1665 1396 tamen
1700 1381 1714 1407 ,
1770 1339 1821 1392 id

248 1452 337 1497 est
367 1484 383 1507 ,
413 1442 481 1496 de
510 1456 573 1497 eo
602 1441 741 1509 quod
757 1448 841 1497 est
859 1439 1094 1495 existens
1125 1456 1139 1490 :
1186 1447 1239 1492 et
1266 1438 1451 1491 vivens
1472 1479 1486 1503 ,
1519 1433 1820 1501 intelligen-

251 1533 330 1587 tia
362 1576 377 1598 ,
406 1549 523 1603 qua:
551 1532 689 1586 Deus
716 1541 799 1586 est
827 1572 837 1593 ,
865 1538 1023 1597 atque
1053 1530 1194 1582 intus
1221 1524 1564 1595 intelligendo
1584 1537 1643 1578 se
1669 1519 1823 1576 intel—

252 1623 471 1694 ligentia
508 1622 650 1678 foras
695 1638 753 1676 se
783 1620 1050 1692 protulit,
1083 1628 1236 1688 atque
1283 1615 1485 1672 exstitit
1539 1613 1717 1684 patri,
1768 1611 1821 1665 in

252 1730 363 1786 quo
392 1724 445 1769 et
493 1714 606 1783 ipsa
638 1713 735 1767 fuit
767 1753 781 1776 ,
828 1721 989 1782 atque
1008 1720 1091 1765 est
1133 1724 1345 1779 semper
1387 1708 1560 1777 imago
1588 1704 1823 1759 existens

1920 516 2158 573 eamdem
2173 520 2365 573 οὐσίαν.
2389 519 2513 575 limae
2536 530 2726 575 cuncta
2742 522 2831 577 illo
2848 524 3003 592 pleno
3028 526 3246 596 intelligi
3265 532 3487 597 possunt

1923 607 2099 679 (Joan.
2129 624 2237 675 xw,
2266 611 2354 683 l5)
2382 628 2395 664 :
2425 611 2611 667 Omnia
2639 630 2750 683 qua:
2777 615 2922 669 habet
2948 627 3091 685 paler
3114 660 3129 685 ,
3175 621 3296 673 mihi
3322 621 3480 676 dedit.

1922 697 2024 763 Et,
2056 698 2241 752 Omnia
2276 716 2390 770 qua
2414 702 2560 756 habet
2582 716 2722 772 pater
2746 747 2760 770 ,
2820 716 2864 760 et
2885 722 2975 777 ego
3021 708 3196 762 habeo.
3242 708 3431 767 Omnia
3462 752 3480 780 ,

1923 788 2090 858 inquit
2122 807 2135 843 :
2179 792 2220 845 si
2242 794 2419 847 omnia
2453 794 2743 865 ὁμοοούσιον
2769 797 2906 852 illius
2943 800 3073 867 patri
3101 817 3112 851 :
3139 800 3283 855 Idem
3312 818 3479 873 ergo:

1910 890 1972 933 et
2001 882 2043 934 si
2069 882 2207 936 idem
2232 923 2247 946 ,
2280 900 2412 952 par;
2442 897 2491 939 et
2539 887 2581 939 si
2612 904 2704 952 par
2728 929 2742 954 ,
2771 898 2915 944 recte
2954 890 3145 946 Paulus
3166 892 3231 947 de
3260 894 3368 947 lilio
3391 896 3482 951 Dei

1922 971 2045 1026 Jesu
2067 971 2277 1028 Christo
2302 975 2436 1029 dixit
2465 976 2793 1048 (Philipp.tt,
2821 981 2875 1052 6)
2903 1000 2915 1034 :
2943 982 3167 1048 Quicum
3184 996 3306 1040 esset
3319 987 3371 1040 in
3389 986 3488 1042 Dei

1923 1065 2087 1133 forma
2102 1104 2118 1130 ,
2150 1082 2247 1119 non
2282 1070 2515 1138 rapinam
2538 1072 2810 1126 arbitratus
2824 1084 2897 1127 est
2915 1086 2966 1127 ut
2980 1086 3104 1130 esset
3116 1080 3324 1147 wqualis
3345 1079 3477 1134 Deo.

1993 1151 2160 1207 XXX.
2212 1155 2371 1209 Multa
2425 1158 2541 1212 lieic
2595 1160 2770 1215 divina
2817 1172 2871 1216 et
2918 1166 3192 1233 magniﬁca
3234 1170 3487 1239 mysteria

1921 1244 2273 1297 continentur.
2335 1246 2563 1302 Primum
2614 1251 2751 1318 quod
2792 1250 3035 1319 Christus
3067 1255 3235 1312 forma
3260 1258 3351 1314 Dei
3374 1271 3477 1327 est,

1924 1331 1976 1385 iu
2016 1348 2119 1401 quo
2158 1336 2456 1391 ostenditur
2490 1340 2666 1394 omnia
2719 1342 2915 1399 habere
2959 1361 3077 1415 qum
3122 1346 3262 1403 Deus
3286 1349 3482 1406 habet:

1924 1422 2026 1479 hoc
2066 1426 2208 1480 enim
2249 1438 2333 1483 est
2373 1430 2511 1499 quod
2534 1442 2589 1485 et
2611 1434 2782 1504 imago
2803 1435 3035 1503 dicitur,
3076 1439 3230 1494 sicuti
3275 1442 3343 1496 de
3373 1442 3490 1511 ipso

1923 1513 2118 1570 dictqu
2164 1517 2229 1587 (ll
2252 1515 2366 1574 Cor.
2396 1536 2471 1588 νιν,
2499 1522 2574 1586 ις
2627 1522 2823 1579 Coloss.
2845 1542 2892 1590 ι,
2937 1527 3061 1597 15);
3099 1530 3196 1595 Qui
3223 1540 3295 1585 est
3321 1532 3487 1602 imago
3512 1575 3534 1587 κ

1925 1603 2042 1660 Dei.
2072 1605 2240 1663 Habet
2280 1610 2436 1678 igitur
2455 1620 2509 1665 et
2548 1612 2685 1668 Deus
2707 1614 2990 1685 imaginem
3034 1634 3220 1674 suam:
3261 1631 3314 1676 et
3350 1623 3492 1679 ﬁlius

1926 1694 2100 1767 imago
2128 1698 2223 1753 Dei
2243 1708 2325 1755 est
2348 1742 2363 1763 ,
2406 1703 2600 1757 etenim
2625 1706 2669 1759 si
2689 1706 2885 1762 dictum
2908 1708 3101 1779 (Exod.
3124 1726 3306 1779 χχχιιι,
3349 1714 3444 1785 20)
3473 1732 3491 1772 :

254 1823 352 1878 per
391 1806 792 1877 intemgemiam
845 1804 1104 1860 internum
1128 1845 1142 1870 ,
1209 1818 1326 1874 qum
1380 1815 1499 1856 esse
1543 1809 1624 1853 ρει
1671 1807 1826 1867 θυμω
1856 1789 1902 1848 Β
1932 1786 2137 1843 Faciem
2166 1789 2259 1844 Dei
2278 1808 2422 1847 nemo
2444 1810 2664 1864 unquam
2684 1798 2827 1852 uidit.
2856 1799 2924 1855 Et
2943 1800 3143 1857 dictum
3188 1804 3446 1875 (lbid.23)
3472 1823 3487 1860 :

252 1898 522 1964 existere,
545 1912 605 1951 ac
635 1907 910 1966 propterea
938 1896 1110 1965 imago
1133 1892 1379 1962 imaginis
1408 1891 1605 1961 genita.

325 1989 519 2044 XXIX.
582 1989 705 2043 Duae
735 1988 893 2057 igitur
946 1983 1342 2055 intelligentire,
1394 1996 1497 2036 uua
1545 1980 1685 2034 intus
1713 1975 1827 2032 exi-

252 2092 404 2137 stens
433 2081 572 2151 quod
601 2089 681 2136 est
709 2080 783 2133 illi
803 2094 922 2134 esse
948 2096 960 2132 :
991 2077 1093 2136 alia
1119 2077 1356 2131 existens
1386 2116 1400 2137 .
1457 2071 1595 2142 quod
1625 2080 1705 2125 est
1749 2069 1824 2123 illi

256 2172 604 2243 intelligendo
651 2159 799 2225 esse.
845 2168 970 2224 Πλιξο
1009 2170 1173 2231 foris,
1221 2164 1514 2219 hmctilius.
1564 2160 1824 2229 Quoniam

257 2281 390 2320 vero
418 2262 761 2333 intelligendo
811 2277 867 2315 se
894 2260 1242 2327 intelligentia
1298 2257 1461 2310 Deum
1516 2252 1823 2317 intellexit,

257 2358 441 2427 utique
490 2354 888 2424 intelligentiam
953 2351 1220 2406 internam
1249 2388 1263 2413 ,
1327 2346 1414 2400 illa
1463 2355 1639 2399 autem
1687 2342 1826 2395 Dens

256 2459 377 2516 est;
426 2449 687 2504 intellexit
731 2456 785 2501 et
833 2462 1013 2503 verum
1063 2458 1185 2499 esse
1216 2483 1232 2509 ,
1280 2449 1332 2496 et
1384 2454 1566 2494 verum
1602 2435 1776 2490 vivere
1808 2474 1823 2499 ,

256 2555 311 2596 et
342 2554 528 2595 verum
577 2536 917 2608 intelligendo
965 2534 1171 2592 exstitit
1204 2542 1257 2588 et
1288 2533 1400 2601 ipsa
1447 2543 1626 2585 verum
1655 2542 1775 2581 esse
1809 2566 1825 2592 ,

258 2649 443 2687 verum
510 2631 733 2695 vivere,
797 2643 981 2682 verum
1058 2624 1375 2693 intelligere.
1456 2621 1666 2676 Etenim
1737 2616 1827 2686 qui

260 2739 424 2778 unum
469 2720 748 2790 intelligit,
778 2730 829 2773 et
859 2718 1017 2772 habet
1062 2730 1224 2769 unum
1256 2754 1270 2777 ,
1302 2722 1355 2767 et
1379 2721 1463 2765 est
1490 2724 1652 2764 unum
1680 2726 1693 2763 :
1738 2722 1825 2761 se-

258 2813 490 2869 cundum
517 2813 633 2881 ejus
661 2810 799 2880 apud
821 2824 882 2864 se
909 2805 1311 2875 intelligentiam
1340 2818 1357 2857 :
1409 2802 1486 2855 sic
1510 2815 1637 2870 ergo
1666 2798 1826 2862 illius,

261 2906 311 2959 id
341 2915 423 2959 cst
449 2945 466 2971 ,
496 2902 842 2972 intelligentia
876 2942 890 2965 ,
929 2896 1271 2968 intelligendo
1296 2908 1355 2949 se
1400 2892 1579 2963 genita
1608 2932 1623 2958 ,
1672 2888 1827 2944 intel-

263 2995 479 3068 ligentia
529 2994 792 3050 intellexit
835 2993 998 3047 Deum
1030 3032 1045 3057 ,
1099 2999 1151 3044 et
1176 2985 1351 3042 omnia
1392 2984 1479 3038 illa
1535 2998 1649 3051 qua:
1683 2980 1828 3050 inge-

261 3097 376 3154 nita
397 3098 533 3152 Deus
558 3100 681 3146 sunt
702 3132 717 3156 ,
771 3095 824 3143 et
850 3082 1190 3153 intelligendo
1216 3081 1465 3154 πλήρωμα
1493 3072 1779 3146 quaerendo
1808 3113 1823 3137 ,

1926 1879 2267 1953 Posterganea
2332 1900 2443 1939 mea
2509 1888 2717 1943 videbis.
2774 1889 2870 1945 Est
2917 1892 3032 1947 sine
3095 1892 3257 1950 dubio
3325 1896 3492 1954 facies

1926 1970 2062 2038 Deo,
2104 1983 2186 2027 est
2219 1973 2328 2028 lilio
2356 2018 2371 2041 ,
2397 1976 2477 2030 vel
2502 1979 2673 2046 potius
2694 1988 2775 2035 est
2801 1990 2854 2036 et
2885 1982 3022 2038 illius
3051 1984 3222 2056 imago
3245 1986 3377 2051 Dei,
3429 1998 3489 2043 ut

1924 2061 2119 2117 dictum
2141 2073 2257 2119 est:
2290 2065 2391 2133 Qui
2411 2069 2592 2123 cumin
2636 2073 2801 2140 forma
2828 2071 2921 2127 Dei
2941 2076 3135 2144 fuisset.
3196 2076 3347 2132 Unde
3370 2078 3493 2146 jure

1923 2152 2120 2207 dictmn
2162 2154 2310 2226 (Gen.
2344 2172 2383 2220 ι,
2410 2158 2501 2228 26)
2531 2176 2543 2211 :
2574 2159 2847 2216 Faciamus
2870 2164 3119 2219 hominem
3142 2167 3208 2219 ad
3224 2168 3495 2238 imaginem

1925 2253 1972 2297 et
1999 2244 2378 2300 similitudinem
2406 2260 2647 2304 nostram.
2688 2251 2783 2307 Est
2801 2269 2927 2325 ergo
2952 2255 3115 2311 Filius
3140 2298 3156 2322 ,
3199 2259 3313 2312 etsi
3338 2259 3496 2326 alter,

1927 2344 2044 2388 est:
2100 2352 2202 2390 non
2233 2338 2374 2391 enim
2414 2338 2551 2394 idem
2586 2352 2757 2409 pater,
2806 2344 2945 2398 idem
2979 2346 3115 2400 illius
3148 2363 3160 2399 :
3202 2346 3306 2402 illis
3337 2348 3496 2403 rebus

1925 2424 2172 2479 omnibus
2198 2440 2353 2495 supra
2379 2444 2408 2482 a
2450 2445 2533 2483 me
2559 2432 2746 2499 positis
2793 2432 2953 2497 idem,
2978 2434 3115 2488 idem
3149 2444 3326 2491 autem
3350 2477 3365 2503 ,
3397 2437 3501 2492 hoc

1926 2522 2037 2577 est,
2086 2515 2269 2595 eadem
2306 2515 2507 2572 habens
2553 2521 2829 2576 existentia
2872 2539 2964 2577 sua
3006 2525 3237 2595 propria.
3275 2524 3427 2583 Unde
3447 2536 3505 2584 et

1927 2603 2065 2660 idem
2090 2648 2105 2673 ,
2136 2608 2340 2663 etalter
2371 2628 2384 2664 :
2414 2612 2608 2665 etenim
2633 2628 2752 2669 cum
2776 2614 2891 2669 heic
2924 2614 3120 2671 dictum
3150 2635 3301 2673 :cum
3323 2620 3502 2691 fuisset

1926 2697 2165 2767 informa
2190 2698 2286 2754 Dei
2320 2742 2334 2764 ,
2382 2702 2562 2771 utique
2589 2705 2729 2759 aliud
2758 2708 3122 2776 accipiendum
3167 2712 3306 2780 quod
3330 2711 3503 2768 forma

1928 2795 2010 2843 est
2038 2827 2055 2854 ,
2083 2788 2223 2844 aliud
2258 2789 2413 2844 Deus.
2443 2792 2547 2845 Sed
2581 2794 2774 2849 videris
2798 2837 2813 2862 ,
2842 2797 2913 2850 sit
2932 2797 3210 2853 calumniae
3240 2800 3413 2869 locus,
3436 2811 3497 2857 ut

1927 2877 2095 2936 forma
2126 2882 2216 2937 Dei
2245 2884 2314 2936 sit
2346 2885 2398 2939 in
2430 2884 2545 2951 ipso
2595 2886 2700 2940 Deo
2727 2885 2896 2942 l‘orma
2929 2929 2943 2953 ,
2991 2897 3048 2942 ut
3076 2890 3148 2945 sit
3198 2907 3299 2946 una
3337 2901 3392 2948 et
3410 2892 3501 2949 in.

1929 2973 2157 3030 discreta
2188 2976 2502 3031 substantia.
2546 2978 2683 3043 Quid
2740 2981 3011 3049 sequentia
3057 2983 3502 3051 quemadmodum

1930 3063 2321 3135 intelligemus?
2363 3063 2483 3119 Non
2511 3078 2581 3121 est
2605 3068 2875 3123 arbitratus
2905 3072 3138 3139 rapinam
3178 3089 3231 3127 se
3256 3075 3500 3144 aqualem

260 3140 1049 3260 glunigena-intelligendo:
1091 3173 1232 3230 unde
1276 3140 1414 3227 idem
1472 3140 1645 3224 extitit
1685 3161 1826 3260 quod

1934 3154 2060 3209 Deo.
2093 3156 2148 3211 lu
2183 3171 2278 3211 sua
2305 3157 2584 3213 existentia
2635 3160 2790 3229 positi
2816 3170 2915 3227 est,
2949 3176 3007 3215 se
3034 3177 3154 3217 cum
3183 3140 3352 3219 altero
3375 3180 3499 3221 cre-

261 3290 437 3350 pater.
471 3255 694 3331 'Etenim
736 3287 854 3327 cum
894 3270 1143 3343 πλήρωμα
1196 3274 1344 3334 pater
1391 3260 1462 3315 sit
1503 3255 1826 3350 necessario,

262 3347 491 3445 ξώρημα
527 3382 679 3422 suum
723 3365 881 3420 habet
935 3360 1193 3416 iniinitum
1230 3398 1245 3422 ,
1303 3354 1427 3445 licet
1479 3361 1535 3407 et
1565 3347 1662 3445 sibi
1711 3347 1830 3401 liui-

262 3440 370 3517 limi
401 3440 425 3512 :V
444 3457 536 3514 ubi
584 3458 829 3532 πλήρωμα
879 3466 1032 3507 suum
1058 3458 1203 3504 tenet
1226 3456 1279 3502 et
1302 3444 1444 3514 capit
1472 3483 1487 3508 ,
1536 3440 1831 3532 eodemque

260 3552 421 3608 modo
453 3550 589 3604 illius
635 3528 937 3616 recipiendo
988 3552 1040 3596 et
1060 3536 1387 3617 quaerendo:
1437 3534 1538 3587 hoc
1574 3539 1658 3586 est
1684 3528 1828 3585 enim

259 3643 506 3712 recipere
534 3642 761 3715 χώρημα
790 3674 805 3700 ,
838 3634 1067 3690 existere
1093 3671 1110 3697 ,
1158 3624 1505 3715 intelligendo
1551 3631 1729 3715 autem
1752 3628 1831 3673 to-

264 3709 393 3789 tum
423 3709 572 3800 quod
600 3709 753 3797 pater
777 3726 1030 3799 πλήρωμα
1054 3762 1068 3784 .
1100 3718 1306 3775 exstitit
1352 3714 1564 3786 genitus
1592 3755 1605 3778 ,
1640 3720 1693 3765 et
1718 3709 1831 3777 ipse

263 3834 407 3879 totus
448 3837 516 3877 ex
549 3830 702 3874 tow:
758 3825 813 3870 et
851 3815 971 3886 quia
1010 3806 1358 3879 intelligentia
1403 3815 1484 3859 est
1530 3802 1831 3870 intelligens

262 3913 665 3982 intelligentiam
693 3948 709 3973 ,
736 3922 855 3963 cum
900 3906 1079 3959 lumen
1108 3916 1284 3957 rerum
1334 3899 1402 3951 sit
1432 3891 1776 3963 intelligentia
1810 3932 1825 3958 ,

262 4008 443 4065 existit
504 4006 676 4059 lumen
743 4015 807 4055 ex
872 3997 1125 4051 lumine:
1188 4000 1242 4048 ct
1303 3990 1424 4061 quia
1485 3983 1830 4054 intelligentia

264 4109 528 4166 utraque,
570 4108 755 4148 verum
794 4092 970 4144 lumen
1026 4102 1091 4141 ex
1130 4100 1256 4139 vero
1316 4080 1533 4135 lumine.
1599 4076 1831 4166 Itemque

264 4164 566 4248 cumVDcus
605 4185 679 4240 sit
715 4184 856 4238 intus
894 4176 1241 4247 intelligentia
1265 4213 1279 4237 ,
1346 4172 1445 4224 ista
1487 4164 1831 4236 intelligendo

264 4301 325 4341 se
364 4278 707 4353 intelligentia
750 4276 893 4331 Dens
931 4287 995 4327 ex
1020 4271 1129 4324 Deo
1167 4275 1286 4322 est:
1330 4264 1593 4336 ὁμοούσιον
1620 4256 1831 4353 ergo-in

268 4347 558 4433 omnibus,
598 4370 648 4423 in
688 4381 753 4422 eo
787 4362 927 4434 quod
965 4376 1084 4416 esse
1111 4400 1126 4425 ,
1165 4368 1220 4413 et
1258 4355 1436 4410 vivere
1460 4394 1476 4419 ,
1533 4360 1587 4407 et
1633 4347 1828 4404 intelli-

266 4486 413 4539 gere.
452 4467 580 4522 Item
619 4465 756 4517 ineo
794 4456 934 4531 quod
976 4466 1197 4524 uterque
1234 4454 1457 4526 χώρημα
1495 4454 1549 4502 et
1583 4445 1833 4539 «lapsum

268 4534 385 4620 est:
449 4560 574 4614 item
632 4557 683 4610 in
722 4568 787 4608 co
839 4547 980 4620 quod
1022 4548 1194 4615 imago
1234 4550 1288 4597 et
1345 4541 1575 4608 imago:
1633 4534 1831 4589 dictum

270 4664 353 4712 est
390 4653 529 4709 enim
573 4646 719 4718 (Gen.
762 4660 797 4710 ι,
822 4643 915 4711 ‘26)
936 4640 1003 4695 ad
1046 4636 1318 4706 imaginem
1372 4640 1616 4685 nostram.
1653 4625 1727 4718 (Et
1776 4622 1829 4676 in

270 4762 335 4802 eo
356 4742 497 4815 quod
518 4716 695 4794 lumen
719 4746 770 4791 et
792 4736 967 4789 lumen
988 4772 1001 4797 ,
1040 4741 1095 4785 et
1116 4730 1169 4782 in
1190 4741 1256 4781 eo
1277 4722 1417 4794 quod
1446 4716 1831 4815 verunt-lumen

270 4849 323 4891 et
362 4807 545 4890 verum
570 4832 744 4885 lumen
771 4868 786 4894 ,
827 4824 953 4880 etin
975 4836 1039 4878 eo
1061 4816 1201 4890 quod
1240 4814 1468 4884 Spiritus
1488 4821 1539 4865 et
1564 4807 1791 4878 Spiritus
1818 4822 1831 4859 :

269 4941 324 4988 et
364 4931 415 4985 in
453 4942 518 4982 eo
557 4921 697 4993 quod
736 4928 909 4975 motus
949 4924 1006 4971 et
1054 4921 1227 4968 motus
1273 4950 1285 4974 ,
1326 4907 1418 4962 sed
1462 4912 1611 4975 pater
1657 4908 1833 4956 motus

269 5026 590 5096 quiisscens,
647 5013 696 5069 id
732 5022 852 5076 est,
896 5007 1156 5074 interior,
1218 5011 1274 5058 et
1306 4999 1435 5056 nihil
1478 4995 1621 5051 aliud
1673 5008 1831 5095 quam

270 5087 445 5172 motus
477 5156 493 5180 ,
537 5126 641 5165 non
672 5107 904 5162 motione
940 5111 1116 5156 motus
1143 5138 1159 5165 ,
1200 5095 1338 5149 illius
1382 5099 1559 5144 autem
1602 5087 1834 5139 motione

270 5221 447 5266 motus
485 5215 570 5261 est
616 5243 630 5267 ,
694 5209 913 5267 uterque
963 5203 1138 5249 tamen
1193 5194 1387 5242 motus.
1430 5181 1563 5236 Item
1603 5186 1831 5246 uterque

270 5303 410 5357 actio
448 5308 503 5353 et
542 5308 701 5364 opera
732 5333 749 5357 ,
790 5300 1010 5357 uterque
1054 5285 1159 5337 vita
1186 5322 1200 5347 ,
1244 5288 1298 5335 ct
1335 5285 1608 5344 uterquea
1631 5286 1688 5364 se
1739 5267 1833 5321 ba-

272 5392 406 5446 liens
450 5358 610 5440 vitam
655 5383 898 5435 voluntas
960 5384 1016 5431 et
1054 5373 1296 5427 voluntas
1321 5407 1337 5433 ,
1378 5364 1563 5420 eadem
1627 5358 1793 5412 virtus
1819 5394 1833 5419 ,

272 5479 530 5552 sapientia
584 5518 599 5539 ,
662 5472 881 5527 verbum
950 5469 1124 5526 Deus.
1203 5462 1342 5515 Deus
1400 5466 1457 5510 et
1496 5450 1835 5552 Deus.v‘iv_us

271 5538 508 5629 ot'Deus
556 5538 707 5621 vivus
738 5604 753 5627 ,
803 5576 867 5616 ex
908 5567 1106 5613 mtcrno
1154 5563 1207 5607 et
1236 5567 1301 5605 ex
1338 5557 1536 5602 mteruo
1559 5538 1836 5629 invisibilis

270 5628 323 5721 et
344 5659 655 5719 invisibilis:
682 5669 800 5709 nam
826 5651 1020 5705 dictum
1054 5662 1083 5700 a
1107 5643 1347 5701 Mattha‘o
1370 5636 1577 5709 (Matth.
1604 5650 1678 5695 χι,
1702 5628 1794 5700 27)
1821 5647 1833 5682 :

274 5757 439 5815 Nemo
470 5751 607 5808 norit
633 5746 797 5814 ﬁlium
820 5741 916 5797 nisi
948 5749 1088 5809 pater
1112 5776 1127 5802 ,
1157 5748 1313 5803 neque
1334 5737 1525 5800 patrem
1553 5725 1649 5781 nisi
1676 5723 1833 5791 ﬁlius.

1932 3245 2061 3301 dere
2095 3287 2108 3311 ,
2141 3248 2222 3302 vel
2252 3248 2431 3302 dicere
2450 3250 2725 3318 :rqualcm.
2754 3250 2887 3316 Quid
2918 3266 3044 3306 vero
3082 3253 3209 3306 illud
3237 3252 3497 3327 (Philipp.

1932 3338 2065 3408 tt,7)
2096 3356 2147 3393 se
2194 3340 2488 3404 exinanivit,
2529 3350 2580 3394 et
2620 3340 2833 3409 {ormam
2881 3344 3010 3396 servi
3052 3344 3330 3415 suscipiens
3354 3346 3380 3399 .9
3422 3346 3501 3403 De

1931 3428 2143 3484 Christo
2196 3430 2518 3499 accepimus,
2546 3432 2686 3500 quod
2717 3445 2956 3487 mortuus
2985 3442 3067 3488 est
3089 3476 3104 3497 ,
3156 3450 3221 3489 au
3270 3436 3335 3491 de
3354 3437 3501 3493 Deo?

1934 3523 2000 3575 At
2029 3521 2204 3576 nullus
2226 3521 2359 3577 dixit
2404 3538 2655 3593 unquam.
2703 3523 2905 3580 Deinde
2957 3542 3076 3581 cum
3101 3526 3293 3583 dicitur
3314 3529 3381 3586 de
3408 3546 3503 3602 pa-

1935 3621 2015 3666 tre
2043 3653 2059 3679 ,
2088 3612 2176 3681 qui
2198 3612 2360 3667 lilium
2390 3627 2544 3667 suum
2566 3616 2819 3669 excitavit
2843 3630 2871 3668 a
2905 3618 3158 3683 mortuis,
3192 3634 3368 3675 nonne
3412 3636 3501 3677 sa-

1935 3706 2000 3759 tis
2038 3706 2239 3760 ciarum
2274 3714 2356 3761 est
2382 3747 2395 3771 ,
2432 3706 2590 3760 alium
2633 3721 2752 3762 esse
2782 3717 2982 3776 patrem
3012 3749 3025 3773 ,
3081 3709 3241 3764 alium
3286 3710 3449 3768 lilium
3477 3753 3499 3782 ,

1932 3797 2090 3850 alium
2133 3812 2253 3851 esse
2302 3797 2641 3852 suscitantem
2673 3838 2686 3861 ,
2741 3798 2904 3853 alium
2946 3801 3297 3858 suscitatam?
3356 3803 3499 3875 Ergo

1936 3886 2099 3940 forma
2136 3888 2246 3940 Dei.
2280 3885 2433 3939 Aliud
2464 3885 2630 3940 forma
2652 3928 2666 3953 ,
2698 3887 2837 3941 aliud
2864 3888 3000 3943 Deus
3029 3899 3112 3944 est
3137 3907 3152 3956 ;
3180 3900 3335 3947 etest
3374 3895 3498 3963 qui-

1933 3975 2052 4030 dem
2078 3976 2185 4031 Deo
2210 3976 2372 4031 forma
2403 4016 2417 4041 ,
2459 3977 2552 4031 sed
2575 3978 2715 4031 illius
2752 3978 2840 4031 Dei
2880 3978 3047 4032 forma
3092 3981 3146 4034 in
3176 3981 3499 4055 manifesto,

1935 4067 2028 4121 Dei
2077 4079 2201 4123 vero
2230 4067 2282 4136 in
2325 4068 2534 4123 occulto
2566 4086 2577 4120 :
2620 4068 2697 4123 sic
2726 4070 2866 4124 enim
2893 4072 3067 4124 omnia
3087 4075 3443 4131 etexistentia
3478 4117 3495 4144 ,

1933 4167 1986 4213 et
2012 4160 2139 4225 vita,
2181 4168 2235 4215 et
2272 4160 2643 4230 cognoscentia
2675 4160 2766 4215 Dei
2807 4161 2950 4216 intus
2974 4162 3271 4233 inocculto,
3309 4167 3415 4222 lilio
3445 4170 3502 4225 in

1932 4254 2217 4309 manifesto
2248 4271 2261 4307 :
2311 4254 2387 4308 sic
2412 4263 2602 4308 eat-tera
2634 4257 2857 4329 χὼρημα
2882 4295 2895 4320 ,
2929 4256 3179 4333 πλήρωμα
3206 4300 3221 4324 ,
3274 4259 3448 4330 imago
3476 4301 3495 4327 ,

1935 4344 2113 4398 lumen
2160 4359 2341 4399 verum
2375 4384 2389 4409 ,
2440 4344 2636 4397 veritas
2668 4383 2683 4409 ,
2741 4345 2959 4413 spiritus
2986 4386 3001 4411 ,
3050 4354 3225 4401 motus
3250 4387 3264 4413 ,
3309 4352 3448 4405 actio
3475 4389 3493 4415 ,

1934 4438 2169 4507 operatio
2196 4476 2210 4501 ,
2233 4437 2339 4491 vita
2365 4476 2379 4500 ,
2431 4446 2479 4490 et
2510 4452 2535 4489 a
2564 4436 2849 4505 semetipso
2874 4437 2981 4491 vita
3006 4477 3020 4503 ,
3051 4438 3295 4495 voluntas
3323 4480 3339 4508 ,
3392 4442 3501 4497 vir-

1860 4509 1914 4571 Ῑ)
1938 4538 2042 4593 tus,
2095 4528 2347 4597 sapientia
2384 4569 2399 4594 ,
2448 4526 2671 4581 Verbum
2719 4528 2874 4591 Deus,
2904 4528 3043 4583 Deus
3076 4531 3224 4584 vivus
3251 4572 3267 4599 ,
3297 4541 3350 4587 et
3392 4549 3497 4589 cte-

1936 4632 2044 4676 tcra
2066 4622 2163 4704 alia
2187 4620 2385 4676 omnia.
2443 4619 2547 4676 Sed
2589 4620 2704 4675 haec
2728 4620 2885 4674 veluti
2915 4620 3055 4675 foras
3080 4662 3094 4689 ,
3144 4633 3195 4677 et
3244 4623 3299 4678 in
3326 4627 3501 4681 mani-

1935 4715 2111 4780 festo;
2167 4714 2326 4768 illaiu
2364 4728 2423 4768 se
2449 4721 2605 4781 atque
2654 4713 2791 4767 circa
2822 4713 3153 4768 cxistentiam
3180 4756 3193 4780 ,
3253 4716 3335 4771 vel
3385 4717 3502 4787 ipsa

1935 4805 2108 4873 potius
2160 4802 2300 4872 quod
2340 4811 2421 4856 est
2474 4802 2756 4855 existentia
2814 4818 2827 4854 :
2875 4801 2990 4856 haec
3037 4813 3211 4859 autem
3263 4804 3315 4860 in
3376 4818 3501 4863 actu

1934 4903 2123 4963 agente
2141 4893 2282 4964 quod
2302 4904 2383 4948 est
2412 4893 2463 4947 in
2484 4893 2780 4947 manifesto.
2797 4892 3078 4949 Postremo
3104 4896 3217 4951 hare
3232 4900 3407 4953 omnia
3434 4900 3500 4955 li-

1934 4985 2034 5039 lius
2069 4984 2224 5037 habet
2247 5023 2262 5049 ,
2286 4982 2379 5036 sed
2400 4985 2554 5053 'patre
2582 4983 2739 5037 dante
2756 4984 2893 5052 quod
2922 4985 3264 5043 vehementer
3283 5005 3503 5061 expres-

1935 5093 2051 5131 sum
2078 5077 2129 5130 in
2156 5092 2219 5130 eo
2248 5117 2263 5140 ,
2294 5076 2433 5145 quod
2463 5091 2581 5128 ctum
2612 5075 2749 5129 ﬁlius
2778 5076 2939 5131 habet
2962 5093 2991 5132 a
3019 5094 3108 5146 se,
3142 5080 3309 5151 inquit
3338 5125 3352 5149 ,
3401 5083 3500 5141 sed

1934 5169 2175 5238 adiunxit
2197 5167 2380 5237 (Joan.
2411 5182 2461 5231 ν,
2492 5164 2582 5236 26)
2617 5184 2628 5218 :
2661 5164 2816 5221 Pater
2839 5169 2884 5221 ei
2919 5168 3056 5223 dedit
3077 5181 3132 5224 ut
3160 5173 3361 5226 haberet
3389 5192 3420 5227 a
3444 5191 3501 5230 se

1941 5261 2112 5314 vitam.
2136 5258 2269 5313 Vera
2298 5258 2455 5328 igitur
2476 5257 2667 5325 imago,
2696 5268 2853 5328 atque
2882 5260 3157 5314 existentia
3182 5262 3233 5314 in
3254 5264 3503 5323 omnibus

1943 5353 2127 5406 eadem
2155 5390 2169 5416 ,
2221 5349 2313 5403 sed
2347 5358 2493 5417 patre
2512 5344 2672 5401 dante
2700 5366 2712 5401 :
2760 5363 2887 5417 ergo
2915 5347 3175 5419 ὁμοούσιον
3197 5358 3249 5405 et
3275 5360 3425 5421 pater
3449 5362 3505 5409 et

1942 5444 2099 5507 illius,
2133 5442 2225 5496 sed
2256 5450 2406 5509 patre
2434 5439 2612 5493 dante.
2641 5440 2714 5494 De
2739 5455 2803 5495 eo
2833 5440 2973 5494 enim
2995 5440 3130 5508 quod
3155 5441 3383 5498 diximus
3413 5460 3509 5515 pa.

1943 5545 2075 5590 trem
2097 5548 2216 5589 esse
2239 5573 2253 5597 ,
2282 5533 2461 5586 vivere
2492 5571 2507 5594 ,
2535 5530 2861 5599 intelligere;
2889 5531 3167 5585 existentia
3193 5535 3367 5602 genita
3399 5546 3501 5603 est,

1942 5640 1998 5682 ut
2028 5628 2132 5679 vita
2160 5666 2173 5688 ,
2207 5623 2548 5691 intelligentia
2574 5639 2585 5673 :
2614 5630 2667 5675 et
2692 5621 2807 5675 hruc
2833 5630 2916 5675 est
2941 5621 3033 5675 Dei
3074 5622 3259 5688 forma,
3291 5625 3404 5680 lunc
3426 5638 3509 5682 est

1942 5720 2081 5773 illius
2103 5734 2117 5769 :
2141 5713 2235 5769 sed
2267 5714 2402 5768 illius
2428 5726 2546 5766 cum
2580 5711 2629 5764 in
2653 5720 2801 5782 patre
2828 5719 2930 5777 est,
2958 5728 3117 5767 unum
3146 5722 3311 5770 totum
3340 5717 3505 5791 intus,
