  <div class='ocr_page' id='page_1' title='image "/cluster/home/n/w/nwhite01/storage/ocr_20150623/8/uva.x000826528/575.png"; bbox 0 0 3950 6206; ppageno 0'>
   <div class='ocr_carea' id='block_1_1' title="bbox 545 315 680 373">
    <p class='ocr_par' dir='ltr' id='par_1_1' title="bbox 545 315 680 373">
     <span class='ocr_line' id='line_1_1' title="bbox 545 315 680 373; baseline -0.015 0"><span class='ocrx_word' id='word_1_1' title='bbox 545 315 680 373; x_wconf 71' lang='grc'><strong>1155</strong></span> 
     </span>
    </p>
   </div>
   <div class='ocr_carea' id='block_1_2' title="bbox 1735 304 2482 363">
    <p class='ocr_par' dir='ltr' id='par_1_2' title="bbox 1735 304 2482 363">
     <span class='ocr_line' id='line_1_2' title="bbox 1735 304 2482 363; baseline 0.005 -4"><span class='ocrx_word' id='word_1_2' title='bbox 1735 307 1920 361; x_wconf 77' lang='grc' dir='ltr'>ΜΑιιιι</span> <span class='ocrx_word' id='word_1_3' title='bbox 1958 304 2289 361; x_wconf 70' lang='grc' dir='ltr'><strong>ῊΟΤΟΠΙΝΙ</strong></span> <span class='ocrx_word' id='word_1_4' title='bbox 2331 308 2482 363; x_wconf 80' lang='lat' dir='ltr'><strong>AFRI</strong></span> 
     </span>
    </p>
   </div>
   <div class='ocr_carea' id='block_1_3' title="bbox 3606 306 3732 361">
    <p class='ocr_par' dir='ltr' id='par_1_3' title="bbox 3606 306 3732 361">
     <span class='ocr_line' id='line_1_3' title="bbox 3606 306 3732 361; baseline 0 0"><span class='ocrx_word' id='word_1_5' title='bbox 3606 306 3732 361; x_wconf 71' lang='grc'><strong>1136</strong></span> 
     </span>
    </p>
   </div>
   <div class='ocr_carea' id='block_1_4' title="bbox 543 418 3734 496">
    <p class='ocr_par' dir='ltr' id='par_1_4' title="bbox 543 418 3734 496">
     <span class='ocr_line' id='line_1_4' title="bbox 543 418 3734 496; baseline -0.005 -10"><span class='ocrx_word' id='word_1_6' title='bbox 543 434 679 487; x_wconf 85' lang='lat' dir='ltr'><strong>Deus</strong></span> <span class='ocrx_word' id='word_1_7' title='bbox 703 442 859 496; x_wconf 79' lang='lat' dir='ltr'><strong>agens</strong></span> <span class='ocrx_word' id='word_1_8' title='bbox 880 469 892 491; x_wconf 94' lang='lat'><strong>,</strong></span> <span class='ocrx_word' id='word_1_9' title='bbox 927 437 1146 492; x_wconf 87' lang='lat' dir='ltr'><strong>operans</strong></span> <span class='ocrx_word' id='word_1_10' title='bbox 1177 463 1189 486; x_wconf 90' lang='lat'><strong>,</strong></span> <span class='ocrx_word' id='word_1_11' title='bbox 1235 437 1292 476; x_wconf 90' lang='lat' dir='ltr'><strong>se</strong></span> <span class='ocrx_word' id='word_1_12' title='bbox 1320 431 1470 475; x_wconf 87' lang='lat' dir='ltr'><strong>utens</strong></span> <span class='ocrx_word' id='word_1_13' title='bbox 1496 461 1509 485; x_wconf 91' lang='lat'><strong>,</strong></span> <span class='ocrx_word' id='word_1_14' title='bbox 1539 434 1592 474; x_wconf 91' lang='lat' dir='ltr'><strong>sc</strong></span> <span class='ocrx_word' id='word_1_15' title='bbox 1616 418 1790 473; x_wconf 80' lang='lat' dir='ltr'><strong>fruens</strong></span> <span class='ocrx_word' id='word_1_16' title='bbox 1813 459 1826 483; x_wconf 95' lang='lat'><strong>,</strong></span> <span class='ocrx_word' id='word_1_17' title='bbox 1859 419 1970 471; x_wconf 84' lang='lat' dir='ltr'><strong>l&#39;ons</strong></span> <span class='ocrx_word' id='word_1_18' title='bbox 1999 427 2074 470; x_wconf 90' lang='lat' dir='ltr'><strong>at-</strong></span> <span class='ocrx_word' id='word_1_19' title='bbox 2110 419 2152 475; x_wconf 85' lang='grc' dir='ltr'><strong>Λ</strong></span> <span class='ocrx_word' id='word_1_20' title='bbox 2189 418 2239 471; x_wconf 91' lang='lat' dir='ltr'><strong>in</strong></span> <span class='ocrx_word' id='word_1_21' title='bbox 2268 420 2442 474; x_wconf 91' lang='lat' dir='ltr'><strong>multis</strong></span> <span class='ocrx_word' id='word_1_22' title='bbox 2471 421 2613 474; x_wconf 79' lang='lat' dir='ltr'><strong>libris</strong></span> <span class='ocrx_word' id='word_1_23' title='bbox 2637 421 2906 475; x_wconf 72' lang='lat' dir='ltr'><strong>docuimus</strong></span> <span class='ocrx_word' id='word_1_24' title='bbox 2929 462 2943 483; x_wconf 96' lang='lat'><strong>,</strong></span> <span class='ocrx_word' id='word_1_25' title='bbox 2972 421 3144 489; x_wconf 88' lang='lat' dir='ltr'><strong>passio</strong></span> <span class='ocrx_word' id='word_1_26' title='bbox 3171 421 3435 474; x_wconf 75' lang='lat' dir='ltr'><strong>exstiterit</strong></span> <span class='ocrx_word' id='word_1_27' title='bbox 3484 421 3734 474; x_wconf 72' lang='lat' dir='ltr'><strong>recessio-</strong></span> 
     </span>
    </p>
   </div>
   <div class='ocr_carea' id='block_1_5' title="bbox 541 512 1366 589">
    <p class='ocr_par' dir='ltr' id='par_1_5' title="bbox 541 512 1366 589">
     <span class='ocr_line' id='line_1_5' title="bbox 541 512 1366 589; baseline -0.013 -17"><span class='ocrx_word' id='word_1_28' title='bbox 541 535 644 589; x_wconf 85' lang='lat' dir='ltr'><strong>que</strong></span> <span class='ocrx_word' id='word_1_29' title='bbox 673 520 721 570; x_wconf 91' lang='lat' dir='ltr'><strong>in</strong></span> <span class='ocrx_word' id='word_1_30' title='bbox 744 531 800 569; x_wconf 87' lang='lat' dir='ltr'><strong>se</strong></span> <span class='ocrx_word' id='word_1_31' title='bbox 830 513 1093 582; x_wconf 91' lang='lat' dir='ltr'><strong>plenitudo</strong></span> <span class='ocrx_word' id='word_1_32' title='bbox 1115 512 1366 564; x_wconf 90' lang='lat' dir='ltr'><strong>omnium.</strong></span> 
     </span>
    </p>
   </div>
   <div class='ocr_carea' id='block_1_6' title="bbox 614 593 2081 671">
    <p class='ocr_par' dir='ltr' id='par_1_6' title="bbox 614 593 2081 671">
     <span class='ocr_line' id='line_1_6' title="bbox 614 593 2081 671; baseline -0.01 -11"><span class='ocrx_word' id='word_1_33' title='bbox 614 606 798 660; x_wconf 76' lang='lat' dir='ltr'><strong>XXXI.</strong></span> <span class='ocrx_word' id='word_1_34' title='bbox 831 604 932 659; x_wconf 88' lang='lat' dir='ltr'><strong>Sed</strong></span> <span class='ocrx_word' id='word_1_35' title='bbox 961 602 1224 671; x_wconf 88' lang='lat' dir='ltr'><strong>quoniam,</strong></span> <span class='ocrx_word' id='word_1_36' title='bbox 1248 600 1322 652; x_wconf 93' lang='lat' dir='ltr'><strong>uti</strong></span> <span class='ocrx_word' id='word_1_37' title='bbox 1355 599 1642 659; x_wconf 84' lang='lat' dir='ltr'><strong>docuimus,</strong></span> <span class='ocrx_word' id='word_1_38' title='bbox 1669 595 2003 664; x_wconf 90' lang='lat' dir='ltr'><strong>intelligentia</strong></span> <span class='ocrx_word' id='word_1_39' title='bbox 2035 593 2081 647; x_wconf 92' lang='lat' dir='ltr'><strong>vi</strong></span> 
     </span>
    </p>
   </div>
   <div class='ocr_carea' id='block_1_7' title="bbox 541 687 2080 768">
    <p class='ocr_par' dir='ltr' id='par_1_7' title="bbox 541 687 2080 768">
     <span class='ocr_line' id='line_1_7' title="bbox 541 687 2080 768; baseline -0.01 -18"><span class='ocrx_word' id='word_1_40' title='bbox 541 698 786 768; x_wconf 75' lang='lat' dir='ltr'><strong>potentia:</strong></span> <span class='ocrx_word' id='word_1_41' title='bbox 815 710 951 756; x_wconf 60' lang='lat' dir='ltr'><strong>suae,</strong></span> <span class='ocrx_word' id='word_1_42' title='bbox 1007 690 1301 745; x_wconf 88' lang='lat' dir='ltr'><strong>necessario</strong></span> <span class='ocrx_word' id='word_1_43' title='bbox 1334 689 1454 741; x_wconf 88' lang='lat' dir='ltr'><strong>dum</strong></span> <span class='ocrx_word' id='word_1_44' title='bbox 1478 688 1530 740; x_wconf 92' lang='lat' dir='ltr'><strong>in</strong></span> <span class='ocrx_word' id='word_1_45' title='bbox 1553 696 1718 740; x_wconf 90' lang='lat' dir='ltr'><strong>semet</strong></span> <span class='ocrx_word' id='word_1_46' title='bbox 1743 700 1857 739; x_wconf 77' lang='lat' dir='ltr'><strong>sese</strong></span> <span class='ocrx_word' id='word_1_47' title='bbox 1882 687 2034 738; x_wconf 77' lang='lat' dir='ltr'><strong>vertit</strong></span> <span class='ocrx_word' id='word_1_48' title='bbox 2065 723 2080 749; x_wconf 88' lang='lat'><strong>,</strong></span> 
     </span>
    </p>
   </div>
   <div class='ocr_carea' id='block_1_8' title="bbox 541 775 2082 852">
    <p class='ocr_par' dir='ltr' id='par_1_8' title="bbox 541 775 2082 852">
     <span class='ocr_line' id='line_1_8' title="bbox 541 775 2082 852; baseline -0.012 -8"><span class='ocrx_word' id='word_1_49' title='bbox 541 789 798 844; x_wconf 82' lang='lat' dir='ltr'><strong>intellexit</strong></span> <span class='ocrx_word' id='word_1_50' title='bbox 850 785 1181 852; x_wconf 77' lang='lat' dir='ltr'><strong>semetipsum</strong></span> <span class='ocrx_word' id='word_1_51' title='bbox 1213 825 1226 847; x_wconf 90' lang='lat'><strong>,</strong></span> <span class='ocrx_word' id='word_1_52' title='bbox 1286 781 1384 834; x_wconf 93' lang='lat' dir='ltr'><strong>hoc</strong></span> <span class='ocrx_word' id='word_1_53' title='bbox 1433 777 1814 847; x_wconf 82' lang='lat' dir='ltr'><strong>quodammodo</strong></span> <span class='ocrx_word' id='word_1_54' title='bbox 1878 775 2082 844; x_wconf 84' lang='lat' dir='ltr'><strong>gemina</strong></span> 
     </span>
    </p>
   </div>
   <div class='ocr_carea' id='block_1_9' title="bbox 540 866 2080 942">
    <p class='ocr_par' dir='ltr' id='par_1_9' title="bbox 540 866 2080 942">
     <span class='ocr_line' id='line_1_9' title="bbox 540 866 2080 942; baseline -0.013 -6"><span class='ocrx_word' id='word_1_55' title='bbox 540 883 677 936; x_wconf 78' lang='lat' dir='ltr'><strong>facta</strong></span> <span class='ocrx_word' id='word_1_56' title='bbox 696 922 708 942; x_wconf 88' lang='lat'><em>.</em></span> <span class='ocrx_word' id='word_1_57' title='bbox 754 880 894 933; x_wconf 88' lang='lat' dir='ltr'><strong>velut</strong></span> <span class='ocrx_word' id='word_1_58' title='bbox 933 879 1067 930; x_wconf 90' lang='lat' dir='ltr'><strong>intus</strong></span> <span class='ocrx_word' id='word_1_59' title='bbox 1088 887 1139 928; x_wconf 91' lang='lat' dir='ltr'><strong>et</strong></span> <span class='ocrx_word' id='word_1_60' title='bbox 1174 872 1300 926; x_wconf 81' lang='lat' dir='ltr'><strong>foris</strong></span> <span class='ocrx_word' id='word_1_61' title='bbox 1322 871 1456 924; x_wconf 90' lang='lat' dir='ltr'><strong>ﬁlius</strong></span> <span class='ocrx_word' id='word_1_62' title='bbox 1485 879 1563 922; x_wconf 88' lang='lat' dir='ltr'><strong>est</strong></span> <span class='ocrx_word' id='word_1_63' title='bbox 1581 909 1594 931; x_wconf 94' lang='lat'><strong>,</strong></span> <span class='ocrx_word' id='word_1_64' title='bbox 1651 868 1855 936; x_wconf 80' lang='lat' dir='ltr'><strong>genitus</strong></span> <span class='ocrx_word' id='word_1_65' title='bbox 1881 866 1945 918; x_wconf 92' lang='lat' dir='ltr'><strong>ab</strong></span> <span class='ocrx_word' id='word_1_66' title='bbox 1970 866 2080 918; x_wconf 75' lang='lat' dir='ltr'><strong>exi-</strong></span> 
     </span>
    </p>
   </div>
   <div class='ocr_carea' id='block_1_10' title="bbox 541 955 2082 1035">
    <p class='ocr_par' dir='ltr' id='par_1_10' title="bbox 541 955 2082 1035">
     <span class='ocr_line' id='line_1_10' title="bbox 541 955 2082 1035; baseline -0.012 -11"><span class='ocrx_word' id='word_1_67' title='bbox 541 971 732 1024; x_wconf 87' lang='lat' dir='ltr'><strong>stentia</strong></span> <span class='ocrx_word' id='word_1_68' title='bbox 781 967 941 1035; x_wconf 80' lang='lat' dir='ltr'><strong>patris</strong></span> <span class='ocrx_word' id='word_1_69' title='bbox 970 984 982 1019; x_wconf 91' lang='lat'>:</span> <span class='ocrx_word' id='word_1_70' title='bbox 1016 979 1132 1018; x_wconf 89' lang='lat' dir='ltr'><strong>nam</strong></span> <span class='ocrx_word' id='word_1_71' title='bbox 1173 962 1444 1016; x_wconf 79' lang='lat' dir='ltr'><strong>existentia</strong></span> <span class='ocrx_word' id='word_1_72' title='bbox 1469 968 1546 1013; x_wconf 89' lang='lat' dir='ltr'><strong>est</strong></span> <span class='ocrx_word' id='word_1_73' title='bbox 1577 955 1939 1024; x_wconf 80' lang='lat' dir='ltr'><strong>intelligentia,</strong></span> <span class='ocrx_word' id='word_1_74' title='bbox 1967 967 2082 1022; x_wconf 73' lang='lat' dir='ltr'><strong>qum</strong></span> 
     </span>
    </p>
   </div>
   <div class='ocr_carea' id='block_1_11' title="bbox 539 1041 2084 1122">
    <p class='ocr_par' dir='ltr' id='par_1_11' title="bbox 539 1041 2084 1122">
     <span class='ocr_line' id='line_1_11' title="bbox 539 1041 2084 1122; baseline -0.012 -9"><span class='ocrx_word' id='word_1_75' title='bbox 539 1071 590 1113; x_wconf 93' lang='lat' dir='ltr'><strong>et</strong></span> <span class='ocrx_word' id='word_1_76' title='bbox 618 1060 722 1114; x_wconf 86' lang='lat' dir='ltr'><strong>vita</strong></span> <span class='ocrx_word' id='word_1_77' title='bbox 751 1065 829 1112; x_wconf 91' lang='lat' dir='ltr'><strong>est</strong></span> <span class='ocrx_word' id='word_1_78' title='bbox 856 1074 869 1109; x_wconf 87' lang='lat'><strong>:</strong></span> <span class='ocrx_word' id='word_1_79' title='bbox 924 1068 1180 1122; x_wconf 80' lang='lat' dir='ltr'><strong>apparens</strong></span> <span class='ocrx_word' id='word_1_80' title='bbox 1212 1065 1334 1117; x_wconf 85' lang='lat' dir='ltr'><strong>ergo</strong></span> <span class='ocrx_word' id='word_1_81' title='bbox 1365 1058 1417 1102; x_wconf 91' lang='lat' dir='ltr'><strong>et</strong></span> <span class='ocrx_word' id='word_1_82' title='bbox 1451 1047 1682 1100; x_wconf 76' lang='lat' dir='ltr'><strong>existens</strong></span> <span class='ocrx_word' id='word_1_83' title='bbox 1710 1054 1789 1099; x_wconf 90' lang='lat' dir='ltr'><strong>est</strong></span> <span class='ocrx_word' id='word_1_84' title='bbox 1832 1045 1966 1098; x_wconf 86' lang='lat' dir='ltr'><strong>Deus</strong></span> <span class='ocrx_word' id='word_1_85' title='bbox 2018 1041 2084 1095; x_wconf 89' lang='lat' dir='ltr'><strong>de</strong></span> 
     </span>
    </p>
   </div>
   <div class='ocr_carea' id='block_1_12' title="bbox 540 1133 2082 1214">
    <p class='ocr_par' dir='ltr' id='par_1_12' title="bbox 540 1133 2082 1214">
     <span class='ocr_line' id='line_1_12' title="bbox 540 1133 2082 1214; baseline -0.015 -10"><span class='ocrx_word' id='word_1_86' title='bbox 540 1151 670 1204; x_wconf 86' lang='lat' dir='ltr'><strong>Deo.</strong></span> <span class='ocrx_word' id='word_1_87' title='bbox 704 1148 770 1201; x_wconf 85' lang='lat' dir='ltr'><strong>Et</strong></span> <span class='ocrx_word' id='word_1_88' title='bbox 817 1146 1061 1214; x_wconf 85' lang='lat' dir='ltr'><strong>quoniam</strong></span> <span class='ocrx_word' id='word_1_89' title='bbox 1091 1144 1139 1194; x_wconf 90' lang='lat' dir='ltr'><strong>itt</strong></span> <span class='ocrx_word' id='word_1_90' title='bbox 1187 1139 1417 1208; x_wconf 85' lang='lat' dir='ltr'><strong>quolibet</strong></span> <span class='ocrx_word' id='word_1_91' title='bbox 1460 1151 1561 1189; x_wconf 81' lang='lat' dir='ltr'><strong>uno</strong></span> <span class='ocrx_word' id='word_1_92' title='bbox 1592 1135 1656 1188; x_wconf 90' lang='lat' dir='ltr'><strong>de</strong></span> <span class='ocrx_word' id='word_1_93' title='bbox 1704 1133 1868 1188; x_wconf 89' lang='lat' dir='ltr'><strong>tribus</strong></span> <span class='ocrx_word' id='word_1_94' title='bbox 1897 1138 2082 1184; x_wconf 88' lang='lat' dir='ltr'><strong>cuncta</strong></span> 
     </span>
    </p>
   </div>
   <div class='ocr_carea' id='block_1_13' title="bbox 540 1219 2082 1303">
    <p class='ocr_par' dir='ltr' id='par_1_13' title="bbox 540 1219 2082 1303">
     <span class='ocr_line' id='line_1_13' title="bbox 540 1219 2082 1303; baseline -0.016 -10"><span class='ocrx_word' id='word_1_95' title='bbox 540 1249 694 1303; x_wconf 89' lang='lat' dir='ltr'><strong>sunt,</strong></span> <span class='ocrx_word' id='word_1_96' title='bbox 717 1251 834 1291; x_wconf 89' lang='lat' dir='ltr'><strong>esse</strong></span> <span class='ocrx_word' id='word_1_97' title='bbox 857 1276 869 1298; x_wconf 90' lang='lat'><strong>,</strong></span> <span class='ocrx_word' id='word_1_98' title='bbox 899 1235 1070 1287; x_wconf 87' lang='lat' dir='ltr'><strong>vivere</strong></span> <span class='ocrx_word' id='word_1_99' title='bbox 1096 1275 1108 1296; x_wconf 92' lang='lat'><strong>,</strong></span> <span class='ocrx_word' id='word_1_100' title='bbox 1145 1229 1430 1296; x_wconf 91' lang='lat' dir='ltr'><strong>intelligere</strong></span> <span class='ocrx_word' id='word_1_101' title='bbox 1455 1245 1466 1278; x_wconf 89' lang='lat'>:</span> <span class='ocrx_word' id='word_1_102' title='bbox 1499 1240 1616 1279; x_wconf 94' lang='lat' dir='ltr'><strong>cum</strong></span> <span class='ocrx_word' id='word_1_103' title='bbox 1643 1220 1979 1290; x_wconf 74' lang='lat' dir='ltr'><strong>intelligentia</strong></span> <span class='ocrx_word' id='word_1_104' title='bbox 2008 1219 2082 1271; x_wconf 85' lang='lat' dir='ltr'><strong>in-</strong></span> 
     </span>
    </p>
   </div>
   <div class='ocr_carea' id='block_1_14' title="bbox 546 1309 2082 1398">
    <p class='ocr_par' dir='ltr' id='par_1_14' title="bbox 546 1309 2082 1398">
     <span class='ocr_line' id='line_1_14' title="bbox 546 1309 2082 1398; baseline -0.017 -12"><span class='ocrx_word' id='word_1_105' title='bbox 546 1329 883 1398; x_wconf 87' lang='lat' dir='ltr'><strong>telligentiam</strong></span> <span class='ocrx_word' id='word_1_106' title='bbox 937 1322 1208 1394; x_wconf 85' lang='lat' dir='ltr'><strong>genuerit,</strong></span> <span class='ocrx_word' id='word_1_107' title='bbox 1264 1320 1466 1389; x_wconf 89' lang='lat' dir='ltr'><strong>genitus</strong></span> <span class='ocrx_word' id='word_1_108' title='bbox 1491 1326 1568 1371; x_wconf 89' lang='lat' dir='ltr'><strong>est</strong></span> <span class='ocrx_word' id='word_1_109' title='bbox 1598 1316 1734 1368; x_wconf 87' lang='lat' dir='ltr'><strong>ﬁlius</strong></span> <span class='ocrx_word' id='word_1_110' title='bbox 1761 1353 1775 1377; x_wconf 91' lang='lat'><strong>,</strong></span> <span class='ocrx_word' id='word_1_111' title='bbox 1829 1321 1880 1365; x_wconf 90' lang='lat' dir='ltr'><strong>et</strong></span> <span class='ocrx_word' id='word_1_112' title='bbox 1909 1309 2082 1363; x_wconf 85' lang='lat' dir='ltr'><strong>omnia</strong></span> 
     </span>
    </p>
   </div>
   <div class='ocr_carea' id='block_1_15' title="bbox 540 1401 2081 1481">
    <p class='ocr_par' dir='ltr' id='par_1_15' title="bbox 540 1401 2081 1481">
     <span class='ocr_line' id='line_1_15' title="bbox 540 1401 2081 1481; baseline -0.015 -8"><span class='ocrx_word' id='word_1_113' title='bbox 540 1421 694 1473; x_wconf 88' lang='lat' dir='ltr'><strong>habet</strong></span> <span class='ocrx_word' id='word_1_114' title='bbox 723 1418 855 1470; x_wconf 83' lang='lat' dir='ltr'><strong>ﬁlius</strong></span> <span class='ocrx_word' id='word_1_115' title='bbox 884 1429 998 1480; x_wconf 72' lang='lat' dir='ltr'><strong>qua:</strong></span> <span class='ocrx_word' id='word_1_116' title='bbox 1023 1423 1172 1481; x_wconf 88' lang='lat' dir='ltr'><strong>pater</strong></span> <span class='ocrx_word' id='word_1_117' title='bbox 1203 1449 1218 1475; x_wconf 96' lang='lat'><strong>,</strong></span> <span class='ocrx_word' id='word_1_118' title='bbox 1264 1419 1318 1461; x_wconf 91' lang='lat' dir='ltr'><strong>et</strong></span> <span class='ocrx_word' id='word_1_119' title='bbox 1345 1408 1499 1460; x_wconf 84' lang='lat' dir='ltr'><strong>habet</strong></span> <span class='ocrx_word' id='word_1_120' title='bbox 1523 1421 1550 1458; x_wconf 90' lang='lat' dir='ltr'><strong>a</strong></span> <span class='ocrx_word' id='word_1_121' title='bbox 1583 1413 1744 1473; x_wconf 91' lang='lat' dir='ltr'><strong>patre.</strong></span> <span class='ocrx_word' id='word_1_122' title='bbox 1800 1401 1923 1454; x_wconf 87' lang='lat' dir='ltr'><strong>Item</strong></span> <span class='ocrx_word' id='word_1_123' title='bbox 1953 1411 2081 1467; x_wconf 84' lang='lat' dir='ltr'><strong>quo-</strong></span> 
     </span>
    </p>
   </div>
   <div class='ocr_carea' id='block_1_16' title="bbox 540 1490 2080 1565">
    <p class='ocr_par' dir='ltr' id='par_1_16' title="bbox 540 1490 2080 1565">
     <span class='ocr_line' id='line_1_16' title="bbox 540 1490 2080 1565; baseline -0.016 -3"><span class='ocrx_word' id='word_1_124' title='bbox 540 1511 679 1564; x_wconf 85' lang='lat' dir='ltr'><strong>niam</strong></span> <span class='ocrx_word' id='word_1_125' title='bbox 732 1506 841 1558; x_wconf 68' lang='lat' dir='ltr'><strong>hate</strong></span> <span class='ocrx_word' id='word_1_126' title='bbox 894 1503 1067 1556; x_wconf 89' lang='lat' dir='ltr'><strong>omnia</strong></span> <span class='ocrx_word' id='word_1_127' title='bbox 1113 1509 1233 1552; x_wconf 88' lang='lat' dir='ltr'><strong>sunt</strong></span> <span class='ocrx_word' id='word_1_128' title='bbox 1285 1513 1376 1565; x_wconf 91' lang='lat' dir='ltr'><strong>per</strong></span> <span class='ocrx_word' id='word_1_129' title='bbox 1402 1511 1516 1564; x_wconf 76' lang='lat' dir='ltr'><strong>qua:</strong></span> <span class='ocrx_word' id='word_1_130' title='bbox 1571 1502 1814 1546; x_wconf 74' lang='lat' dir='ltr'><strong>creantur</strong></span> <span class='ocrx_word' id='word_1_131' title='bbox 1864 1490 2080 1541; x_wconf 86' lang='lat' dir='ltr'><strong>omnia:</strong></span> 
     </span>
    </p>
   </div>
   <div class='ocr_carea' id='block_1_17' title="bbox 539 1586 2080 1668">
    <p class='ocr_par' dir='ltr' id='par_1_17' title="bbox 539 1586 2080 1668">
     <span class='ocr_line' id='line_1_17' title="bbox 539 1586 2080 1668; baseline -0.016 -16"><span class='ocrx_word' id='word_1_132' title='bbox 539 1609 880 1668; x_wconf 75' lang='lat' dir='ltr'><strong>qntccnmque</strong></span> <span class='ocrx_word' id='word_1_133' title='bbox 910 1592 1047 1646; x_wconf 89' lang='lat' dir='ltr'><strong>enim</strong></span> <span class='ocrx_word' id='word_1_134' title='bbox 1076 1599 1190 1643; x_wconf 90' lang='lat' dir='ltr'><strong>sunt</strong></span> <span class='ocrx_word' id='word_1_135' title='bbox 1217 1629 1230 1651; x_wconf 92' lang='lat'><strong>,</strong></span> <span class='ocrx_word' id='word_1_136' title='bbox 1273 1586 1534 1652; x_wconf 89' lang='lat' dir='ltr'><strong>accipiunt</strong></span> <span class='ocrx_word' id='word_1_137' title='bbox 1563 1597 1712 1636; x_wconf 90' lang='lat' dir='ltr'><strong>suum</strong></span> <span class='ocrx_word' id='word_1_138' title='bbox 1733 1594 1879 1642; x_wconf 87' lang='lat' dir='ltr'><strong>esse,</strong></span> <span class='ocrx_word' id='word_1_139' title='bbox 1932 1591 2080 1630; x_wconf 90' lang='lat' dir='ltr'><strong>suum</strong></span> 
     </span>
    </p>
   </div>
   <div class='ocr_carea' id='block_1_18' title="bbox 537 1665 2077 1748">
    <p class='ocr_par' dir='ltr' id='par_1_18' title="bbox 537 1665 2077 1748">
     <span class='ocr_line' id='line_1_18' title="bbox 537 1665 2077 1748; baseline -0.018 -5"><span class='ocrx_word' id='word_1_140' title='bbox 537 1665 715 1742; x_wconf 72' lang='lat' dir='ltr'><strong>vivere</strong></span> <span class='ocrx_word' id='word_1_141' title='bbox 747 1727 760 1748; x_wconf 90' lang='lat'><strong>,</strong></span> <span class='ocrx_word' id='word_1_142' title='bbox 793 1698 941 1738; x_wconf 90' lang='lat' dir='ltr'><strong>suum</strong></span> <span class='ocrx_word' id='word_1_143' title='bbox 973 1680 1298 1748; x_wconf 78' lang='lat' dir='ltr'><strong>intelligere;</strong></span> <span class='ocrx_word' id='word_1_144' title='bbox 1330 1676 1466 1728; x_wconf 90' lang='lat' dir='ltr'><strong>ﬁlius</strong></span> <span class='ocrx_word' id='word_1_145' title='bbox 1492 1687 1606 1726; x_wconf 93' lang='lat' dir='ltr'><strong>cum</strong></span> <span class='ocrx_word' id='word_1_146' title='bbox 1640 1673 1749 1723; x_wconf 71' lang='lat' dir='ltr'><strong>haec</strong></span> <span class='ocrx_word' id='word_1_147' title='bbox 1786 1667 1958 1722; x_wconf 89' lang='lat' dir='ltr'><strong>omnia</strong></span> <span class='ocrx_word' id='word_1_148' title='bbox 1982 1665 2077 1728; x_wconf 89' lang='lat' dir='ltr'><strong>sit,</strong></span> 
     </span>
    </p>
   </div>
   <div class='ocr_carea' id='block_1_19' title="bbox 2184 509 3731 580">
    <p class='ocr_par' dir='ltr' id='par_1_19' title="bbox 2184 509 3731 580">
     <span class='ocr_line' id='line_1_19' title="bbox 2184 509 3731 580; baseline 0.002 -21"><span class='ocrx_word' id='word_1_149' title='bbox 2184 509 2262 560; x_wconf 91' lang='lat' dir='ltr'><strong>nis</strong></span> <span class='ocrx_word' id='word_1_150' title='bbox 2286 524 2313 560; x_wconf 93' lang='lat' dir='ltr'><strong>a</strong></span> <span class='ocrx_word' id='word_1_151' title='bbox 2346 519 2490 575; x_wconf 83' lang='lat' dir='ltr'><strong>patre</strong></span> <span class='ocrx_word' id='word_1_152' title='bbox 2515 550 2529 572; x_wconf 94' lang='lat'><strong>,</strong></span> <span class='ocrx_word' id='word_1_153' title='bbox 2571 511 2706 564; x_wconf 90' lang='lat' dir='ltr'><strong>ttnde</strong></span> <span class='ocrx_word' id='word_1_154' title='bbox 2739 513 2963 564; x_wconf 75' lang='lat' dir='ltr'><strong>tenebrae</strong></span> <span class='ocrx_word' id='word_1_155' title='bbox 2986 551 2999 574; x_wconf 94' lang='lat'><strong>,</strong></span> <span class='ocrx_word' id='word_1_156' title='bbox 3054 511 3102 564; x_wconf 89' lang='lat' dir='ltr'><strong>id</strong></span> <span class='ocrx_word' id='word_1_157' title='bbox 3135 525 3213 564; x_wconf 76' lang='lat' dir='ltr'><strong>ess</strong></span> <span class='ocrx_word' id='word_1_158' title='bbox 3239 551 3255 575; x_wconf 95' lang='lat'><strong>,</strong></span> <span class='ocrx_word' id='word_1_159' title='bbox 3308 512 3429 580; x_wconf 86' lang='lat' dir='ltr'><strong>hyle</strong></span> <span class='ocrx_word' id='word_1_160' title='bbox 3451 521 3731 564; x_wconf 83' lang='lat' dir='ltr'><strong>consecuta</strong></span> 
     </span>
    </p>
   </div>
   <div class='ocr_carea' id='block_1_20' title="bbox 2183 599 3308 667">
    <p class='ocr_par' dir='ltr' id='par_1_20' title="bbox 2183 599 3308 667">
     <span class='ocr_line' id='line_1_20' title="bbox 2183 599 3308 667; baseline 0.001 -16"><span class='ocrx_word' id='word_1_161' title='bbox 2183 608 2264 651; x_wconf 84' lang='lat' dir='ltr'><strong>est</strong></span> <span class='ocrx_word' id='word_1_162' title='bbox 2290 639 2303 660; x_wconf 93' lang='lat'><strong>,</strong></span> <span class='ocrx_word' id='word_1_163' title='bbox 2331 613 2430 652; x_wconf 91' lang='lat' dir='ltr'><strong>non</strong></span> <span class='ocrx_word' id='word_1_164' title='bbox 2460 608 2654 653; x_wconf 87' lang='lat' dir='ltr'><strong>creata.</strong></span> <span class='ocrx_word' id='word_1_165' title='bbox 2685 599 2787 653; x_wconf 87' lang='lat' dir='ltr'><strong>Sed</strong></span> <span class='ocrx_word' id='word_1_166' title='bbox 2810 599 2920 652; x_wconf 68' lang='lat' dir='ltr'><strong>haec</strong></span> <span class='ocrx_word' id='word_1_167' title='bbox 2949 600 3151 667; x_wconf 86' lang='lat' dir='ltr'><strong>plenius</strong></span> <span class='ocrx_word' id='word_1_168' title='bbox 3166 600 3308 652; x_wconf 90' lang='lat' dir='ltr'><strong>alibi.</strong></span> 
     </span>
    </p>
   </div>
   <div class='ocr_carea' id='block_1_21' title="bbox 2253 687 3732 757">
    <p class='ocr_par' dir='ltr' id='par_1_21' title="bbox 2253 687 3732 757">
     <span class='ocr_line' id='line_1_21' title="bbox 2253 687 3732 757; baseline 0 -17"><span class='ocrx_word' id='word_1_169' title='bbox 2253 687 2460 741; x_wconf 77' lang='lat' dir='ltr'><strong>XXXII.</strong></span> <span class='ocrx_word' id='word_1_170' title='bbox 2490 688 2636 742; x_wconf 84' lang='lat' dir='ltr'><strong>Nune</strong></span> <span class='ocrx_word' id='word_1_171' title='bbox 2671 688 2792 757; x_wconf 89' lang='lat' dir='ltr'><strong>quid</strong></span> <span class='ocrx_word' id='word_1_172' title='bbox 2822 698 3078 743; x_wconf 89' lang='lat' dir='ltr'><strong>assertum</strong></span> <span class='ocrx_word' id='word_1_173' title='bbox 3111 698 3222 751; x_wconf 88' lang='lat' dir='ltr'><strong>est,</strong></span> <span class='ocrx_word' id='word_1_174' title='bbox 3246 689 3370 756; x_wconf 90' lang='lat' dir='ltr'><strong>quid</strong></span> <span class='ocrx_word' id='word_1_175' title='bbox 3405 688 3732 757; x_wconf 83' lang='lat' dir='ltr'><strong>probatum?</strong></span> 
     </span>
    </p>
   </div>
   <div class='ocr_carea' id='block_1_22' title="bbox 2185 778 3729 850">
    <p class='ocr_par' dir='ltr' id='par_1_22' title="bbox 2185 778 3729 850">
     <span class='ocr_line' id='line_1_22' title="bbox 2185 778 3729 850; baseline -0.003 -16"><span class='ocrx_word' id='word_1_176' title='bbox 2185 782 2343 834; x_wconf 90' lang='lat' dir='ltr'><strong>Deum</strong></span> <span class='ocrx_word' id='word_1_177' title='bbox 2362 792 2580 848; x_wconf 81' lang='lat' dir='ltr'><strong>patrem,</strong></span> <span class='ocrx_word' id='word_1_178' title='bbox 2608 779 2770 834; x_wconf 91' lang='lat' dir='ltr'><strong>ﬁlium</strong></span> <span class='ocrx_word' id='word_1_179' title='bbox 2797 780 2952 833; x_wconf 90' lang='lat' dir='ltr'><strong>Deum</strong></span> <span class='ocrx_word' id='word_1_180' title='bbox 2975 778 3391 850; x_wconf 51' lang='grc' dir='ltr'><strong>ὁμοούσιονιξςρ,</strong></span> <span class='ocrx_word' id='word_1_181' title='bbox 3411 795 3532 832; x_wconf 84' lang='lat' dir='ltr'><strong>esse</strong></span> <span class='ocrx_word' id='word_1_182' title='bbox 3558 790 3729 832; x_wconf 81' lang='lat' dir='ltr'><strong>tamen</strong></span> 
     </span>
    </p>
   </div>
   <div class='ocr_carea' id='block_1_23' title="bbox 2183 868 3729 939">
    <p class='ocr_par' dir='ltr' id='par_1_23' title="bbox 2183 868 3729 939">
     <span class='ocr_line' id='line_1_23' title="bbox 2183 868 3729 939; baseline 0 -15"><span class='ocrx_word' id='word_1_183' title='bbox 2183 881 2235 924; x_wconf 92' lang='lat' dir='ltr'><strong>et</strong></span> <span class='ocrx_word' id='word_1_184' title='bbox 2264 883 2459 938; x_wconf 83' lang='lat' dir='ltr'><strong>patrem</strong></span> <span class='ocrx_word' id='word_1_185' title='bbox 2494 870 2542 923; x_wconf 87' lang='lat' dir='ltr'><strong>in</strong></span> <span class='ocrx_word' id='word_1_186' title='bbox 2573 869 2891 930; x_wconf 86' lang='lat' dir='ltr'><strong>substantia,</strong></span> <span class='ocrx_word' id='word_1_187' title='bbox 2925 880 2974 923; x_wconf 91' lang='lat' dir='ltr'><strong>et</strong></span> <span class='ocrx_word' id='word_1_188' title='bbox 3000 870 3161 923; x_wconf 78' lang='lat' dir='ltr'><strong>ﬁliuni</strong></span> <span class='ocrx_word' id='word_1_189' title='bbox 3191 868 3241 922; x_wconf 89' lang='lat' dir='ltr'><strong>itt</strong></span> <span class='ocrx_word' id='word_1_190' title='bbox 3272 885 3333 922; x_wconf 84' lang='lat' dir='ltr'><strong>ea</strong></span> <span class='ocrx_word' id='word_1_191' title='bbox 3363 872 3576 939; x_wconf 85' lang='lat' dir='ltr'><strong>quidem</strong></span> <span class='ocrx_word' id='word_1_192' title='bbox 3606 870 3729 924; x_wconf 86' lang='lat' dir='ltr'><strong>sub-</strong></span> 
     </span>
    </p>
   </div>
   <div class='ocr_carea' id='block_1_24' title="bbox 2184 959 3729 1028">
    <p class='ocr_par' dir='ltr' id='par_1_24' title="bbox 2184 959 3729 1028">
     <span class='ocr_line' id='line_1_24' title="bbox 2184 959 3729 1028; baseline -0.001 -15"><span class='ocrx_word' id='word_1_193' title='bbox 2184 960 2378 1013; x_wconf 80' lang='lat' dir='ltr'><strong>stantia</strong></span> <span class='ocrx_word' id='word_1_194' title='bbox 2403 999 2416 1018; x_wconf 83' lang='lat'><strong>,</strong></span> <span class='ocrx_word' id='word_1_195' title='bbox 2451 960 2542 1013; x_wconf 89' lang='lat' dir='ltr'><strong>sed</strong></span> <span class='ocrx_word' id='word_1_196' title='bbox 2586 959 2687 1012; x_wconf 89' lang='lat' dir='ltr'><strong>sibi</strong></span> <span class='ocrx_word' id='word_1_197' title='bbox 2729 959 3035 1012; x_wconf 76' lang='lat' dir='ltr'><strong>existentem</strong></span> <span class='ocrx_word' id='word_1_198' title='bbox 3073 969 3244 1012; x_wconf 91' lang='lat' dir='ltr'><strong>actum</strong></span> <span class='ocrx_word' id='word_1_199' title='bbox 3283 968 3472 1028; x_wconf 87' lang='lat' dir='ltr'><strong>agente</strong></span> <span class='ocrx_word' id='word_1_200' title='bbox 3516 961 3564 1012; x_wconf 92' lang='lat' dir='ltr'><strong>in</strong></span> <span class='ocrx_word' id='word_1_201' title='bbox 3614 969 3729 1013; x_wconf 87' lang='lat' dir='ltr'><strong>actu</strong></span> 
     </span>
    </p>
   </div>
   <div class='ocr_carea' id='block_1_25' title="bbox 2186 1047 3725 1117">
    <p class='ocr_par' dir='ltr' id='par_1_25' title="bbox 2186 1047 3725 1117">
     <span class='ocr_line' id='line_1_25' title="bbox 2186 1047 3725 1117; baseline 0.001 -17"><span class='ocrx_word' id='word_1_202' title='bbox 2186 1049 2426 1117; x_wconf 72' lang='lat' dir='ltr'><strong>passione</strong></span> <span class='ocrx_word' id='word_1_203' title='bbox 2447 1047 2710 1101; x_wconf 68' lang='lat' dir='ltr'><strong>exstitisse</strong></span> <span class='ocrx_word' id='word_1_204' title='bbox 2729 1088 2743 1112; x_wconf 90' lang='lat'><strong>,</strong></span> <span class='ocrx_word' id='word_1_205' title='bbox 2777 1062 3054 1114; x_wconf 83' lang='lat' dir='ltr'><strong>numquam</strong></span> <span class='ocrx_word' id='word_1_206' title='bbox 3083 1057 3383 1115; x_wconf 84' lang='lat' dir='ltr'><strong>separatum</strong></span> <span class='ocrx_word' id='word_1_207' title='bbox 3409 1065 3436 1098; x_wconf 85' lang='lat' dir='ltr'><strong>a</strong></span> <span class='ocrx_word' id='word_1_208' title='bbox 3465 1061 3634 1116; x_wconf 86' lang='lat' dir='ltr'><strong>patre,</strong></span> <span class='ocrx_word' id='word_1_209' title='bbox 3665 1063 3725 1102; x_wconf 78' lang='lat' dir='ltr'><strong>ex</strong></span> 
     </span>
    </p>
   </div>
   <div class='ocr_carea' id='block_1_26' title="bbox 2183 1135 3727 1205">
    <p class='ocr_par' dir='ltr' id='par_1_26' title="bbox 2183 1135 3727 1205">
     <span class='ocr_line' id='line_1_26' title="bbox 2183 1135 3727 1205; baseline -0.002 -15"><span class='ocrx_word' id='word_1_210' title='bbox 2183 1147 2379 1190; x_wconf 63' lang='lat' dir='ltr'><strong>arterno</strong></span> <span class='ocrx_word' id='word_1_211' title='bbox 2398 1148 2448 1192; x_wconf 89' lang='lat' dir='ltr'><strong>et</strong></span> <span class='ocrx_word' id='word_1_212' title='bbox 2467 1151 2605 1199; x_wconf 86' lang='lat' dir='ltr'><strong>esse,</strong></span> <span class='ocrx_word' id='word_1_213' title='bbox 2633 1145 2685 1190; x_wconf 92' lang='lat' dir='ltr'><strong>et</strong></span> <span class='ocrx_word' id='word_1_214' title='bbox 2714 1135 2893 1199; x_wconf 81' lang='lat' dir='ltr'><strong>fuisse,</strong></span> <span class='ocrx_word' id='word_1_215' title='bbox 2919 1145 2972 1190; x_wconf 91' lang='lat' dir='ltr'><strong>et</strong></span> <span class='ocrx_word' id='word_1_216' title='bbox 2994 1137 3220 1189; x_wconf 75' lang='lat' dir='ltr'><strong>futurum</strong></span> <span class='ocrx_word' id='word_1_217' title='bbox 3246 1151 3384 1190; x_wconf 90' lang='lat' dir='ltr'><strong>esse.</strong></span> <span class='ocrx_word' id='word_1_218' title='bbox 3413 1139 3550 1190; x_wconf 80' lang='lat' dir='ltr'><strong>Aetu</strong></span> <span class='ocrx_word' id='word_1_219' title='bbox 3573 1177 3586 1198; x_wconf 90' lang='lat'><strong>,</strong></span> <span class='ocrx_word' id='word_1_220' title='bbox 3608 1136 3727 1205; x_wconf 82' lang='lat' dir='ltr'><strong>quia</strong></span> 
     </span>
    </p>
   </div>
   <div class='ocr_carea' id='block_1_27' title="bbox 2183 1226 3723 1294">
    <p class='ocr_par' dir='ltr' id='par_1_27' title="bbox 2183 1226 3723 1294">
     <span class='ocr_line' id='line_1_27' title="bbox 2183 1226 3723 1294; baseline 0 -14"><span class='ocrx_word' id='word_1_221' title='bbox 2183 1229 2321 1281; x_wconf 89' lang='lat' dir='ltr'><strong>intra</strong></span> <span class='ocrx_word' id='word_1_222' title='bbox 2353 1235 2591 1279; x_wconf 89' lang='lat' dir='ltr'><strong>naturam</strong></span> <span class='ocrx_word' id='word_1_223' title='bbox 2621 1226 2803 1293; x_wconf 80' lang='lat' dir='ltr'><strong>agendi</strong></span> <span class='ocrx_word' id='word_1_224' title='bbox 2827 1235 2926 1289; x_wconf 86' lang='lat' dir='ltr'><strong>est,</strong></span> <span class='ocrx_word' id='word_1_225' title='bbox 2957 1234 3006 1280; x_wconf 91' lang='lat' dir='ltr'><strong>el</strong></span> <span class='ocrx_word' id='word_1_226' title='bbox 3031 1239 3148 1279; x_wconf 88' lang='lat' dir='ltr'><strong>cum</strong></span> <span class='ocrx_word' id='word_1_227' title='bbox 3177 1234 3352 1294; x_wconf 84' lang='lat' dir='ltr'><strong>patre,</strong></span> <span class='ocrx_word' id='word_1_228' title='bbox 3381 1226 3462 1280; x_wconf 88' lang='lat' dir='ltr'><strong>vel</strong></span> <span class='ocrx_word' id='word_1_229' title='bbox 3495 1228 3545 1277; x_wconf 91' lang='lat' dir='ltr'><strong>in</strong></span> <span class='ocrx_word' id='word_1_230' title='bbox 3579 1235 3723 1291; x_wconf 83' lang='lat' dir='ltr'><strong>patre</strong></span> 
     </span>
    </p>
   </div>
   <div class='ocr_carea' id='block_1_28' title="bbox 2183 1314 3724 1382">
    <p class='ocr_par' dir='ltr' id='par_1_28' title="bbox 2183 1314 3724 1382">
     <span class='ocr_line' id='line_1_28' title="bbox 2183 1314 3724 1382; baseline -0.001 -12"><span class='ocrx_word' id='word_1_231' title='bbox 2183 1326 2408 1381; x_wconf 89' lang='lat' dir='ltr'><strong>esse;et</strong></span> <span class='ocrx_word' id='word_1_232' title='bbox 2443 1326 2586 1370; x_wconf 83' lang='lat' dir='ltr'><strong>extra</strong></span> <span class='ocrx_word' id='word_1_233' title='bbox 2630 1314 2728 1368; x_wconf 87' lang='lat' dir='ltr'><strong>hoc</strong></span> <span class='ocrx_word' id='word_1_234' title='bbox 2769 1315 2903 1378; x_wconf 92' lang='lat' dir='ltr'><strong>dici,</strong></span> <span class='ocrx_word' id='word_1_235' title='bbox 2933 1325 2984 1368; x_wconf 93' lang='lat' dir='ltr'><strong>et</strong></span> <span class='ocrx_word' id='word_1_236' title='bbox 3019 1315 3156 1367; x_wconf 85' lang='lat' dir='ltr'><strong>intus</strong></span> <span class='ocrx_word' id='word_1_237' title='bbox 3197 1323 3250 1368; x_wconf 88' lang='lat' dir='ltr'><strong>et</strong></span> <span class='ocrx_word' id='word_1_238' title='bbox 3284 1314 3415 1367; x_wconf 80' lang='lat' dir='ltr'><strong>foris</strong></span> <span class='ocrx_word' id='word_1_239' title='bbox 3451 1327 3572 1368; x_wconf 92' lang='lat' dir='ltr'><strong>cum</strong></span> <span class='ocrx_word' id='word_1_240' title='bbox 3617 1315 3724 1382; x_wconf 88' lang='lat' dir='ltr'><strong>ipse</strong></span> 
     </span>
    </p>
   </div>
   <div class='ocr_carea' id='block_1_29' title="bbox 2182 1407 3722 1475">
    <p class='ocr_par' dir='ltr' id='par_1_29' title="bbox 2182 1407 3722 1475">
     <span class='ocr_line' id='line_1_29' title="bbox 2182 1407 3722 1475; baseline -0.002 -16"><span class='ocrx_word' id='word_1_241' title='bbox 2182 1417 2320 1475; x_wconf 84' lang='lat' dir='ltr'><strong>agat,</strong></span> <span class='ocrx_word' id='word_1_242' title='bbox 2350 1409 2465 1474; x_wconf 84' lang='lat' dir='ltr'><strong>quia</strong></span> <span class='ocrx_word' id='word_1_243' title='bbox 2494 1407 2557 1460; x_wconf 91' lang='lat' dir='ltr'><strong>de</strong></span> <span class='ocrx_word' id='word_1_244' title='bbox 2591 1414 2734 1473; x_wconf 89' lang='lat' dir='ltr'><strong>patre</strong></span> <span class='ocrx_word' id='word_1_245' title='bbox 2763 1407 2808 1458; x_wconf 92' lang='lat' dir='ltr'><strong>ei</strong></span> <span class='ocrx_word' id='word_1_246' title='bbox 2845 1413 2988 1459; x_wconf 86' lang='lat' dir='ltr'><strong>actus</strong></span> <span class='ocrx_word' id='word_1_247' title='bbox 3016 1413 3097 1458; x_wconf 87' lang='lat' dir='ltr'><strong>est</strong></span> <span class='ocrx_word' id='word_1_248' title='bbox 3120 1444 3134 1468; x_wconf 95' lang='lat'><strong>,</strong></span> <span class='ocrx_word' id='word_1_249' title='bbox 3160 1414 3309 1473; x_wconf 84' lang='lat' dir='ltr'><strong>patre</strong></span> <span class='ocrx_word' id='word_1_250' title='bbox 3344 1415 3534 1472; x_wconf 85' lang='lat' dir='ltr'><strong>agente</strong></span> <span class='ocrx_word' id='word_1_251' title='bbox 3572 1418 3722 1472; x_wconf 83' lang='lat' dir='ltr'><strong>agere</strong></span> 
     </span>
    </p>
   </div>
   <div class='ocr_carea' id='block_1_30' title="bbox 2183 1492 3718 1562">
    <p class='ocr_par' dir='ltr' id='par_1_30' title="bbox 2183 1492 3718 1562">
     <span class='ocr_line' id='line_1_30' title="bbox 2183 1492 3718 1562; baseline -0.003 -14"><span class='ocrx_word' id='word_1_252' title='bbox 2183 1496 2370 1549; x_wconf 83' lang='lat' dir='ltr'><strong>dicitur</strong></span> <span class='ocrx_word' id='word_1_253' title='bbox 2391 1537 2404 1560; x_wconf 95' lang='lat'><strong>,</strong></span> <span class='ocrx_word' id='word_1_254' title='bbox 2429 1505 2480 1549; x_wconf 93' lang='lat' dir='ltr'><strong>et</strong></span> <span class='ocrx_word' id='word_1_255' title='bbox 2503 1503 2674 1548; x_wconf 90' lang='lat' dir='ltr'><strong>tamen</strong></span> <span class='ocrx_word' id='word_1_256' title='bbox 2695 1495 2866 1547; x_wconf 87' lang='lat' dir='ltr'><strong>omnia</strong></span> <span class='ocrx_word' id='word_1_257' title='bbox 2895 1496 3090 1562; x_wconf 82' lang='lat' dir='ltr'><strong>patrem</strong></span> <span class='ocrx_word' id='word_1_258' title='bbox 3120 1508 3212 1561; x_wconf 91' lang='lat' dir='ltr'><strong>per</strong></span> <span class='ocrx_word' id='word_1_259' title='bbox 3241 1493 3384 1546; x_wconf 92' lang='lat' dir='ltr'><strong>illum</strong></span> <span class='ocrx_word' id='word_1_260' title='bbox 3409 1508 3567 1561; x_wconf 85' lang='lat' dir='ltr'><strong>agere</strong></span> <span class='ocrx_word' id='word_1_261' title='bbox 3593 1492 3718 1546; x_wconf 85' lang='lat' dir='ltr'><strong>dici-</strong></span> 
     </span>
    </p>
   </div>
   <div class='ocr_carea' id='block_1_31' title="bbox 2185 1581 3720 1654">
    <p class='ocr_par' dir='ltr' id='par_1_31' title="bbox 2185 1581 3720 1654">
     <span class='ocr_line' id='line_1_31' title="bbox 2185 1581 3720 1654; baseline -0.001 -20"><span class='ocrx_word' id='word_1_262' title='bbox 2185 1592 2266 1635; x_wconf 92' lang='lat' dir='ltr'><strong>tur</strong></span> <span class='ocrx_word' id='word_1_263' title='bbox 2290 1601 2302 1647; x_wconf 88' lang='lat'><strong>;</strong></span> <span class='ocrx_word' id='word_1_264' title='bbox 2334 1586 2471 1636; x_wconf 86' lang='lat' dir='ltr'><strong>hunc</strong></span> <span class='ocrx_word' id='word_1_265' title='bbox 2491 1598 2608 1637; x_wconf 91' lang='lat' dir='ltr'><strong>esse</strong></span> <span class='ocrx_word' id='word_1_266' title='bbox 2661 1584 2796 1654; x_wconf 70' lang='grc' dir='ltr'><strong>λόγον</strong></span> <span class='ocrx_word' id='word_1_267' title='bbox 2818 1583 3049 1635; x_wconf 90' lang='lat' dir='ltr'><strong>omnium</strong></span> <span class='ocrx_word' id='word_1_268' title='bbox 3070 1621 3083 1641; x_wconf 89' lang='lat'><strong>.</strong></span> <span class='ocrx_word' id='word_1_269' title='bbox 3129 1589 3182 1635; x_wconf 89' lang='lat' dir='ltr'><strong>et</strong></span> <span class='ocrx_word' id='word_1_270' title='bbox 3221 1581 3588 1635; x_wconf 79' lang='lat' dir='ltr'><strong>universaliter</strong></span> <span class='ocrx_word' id='word_1_271' title='bbox 3614 1581 3720 1634; x_wconf 90' lang='lat' dir='ltr'><strong>uni-</strong></span> 
     </span>
    </p>
   </div>
   <div class='ocr_carea' id='block_1_32' title="bbox 2185 1671 3716 1740">
    <p class='ocr_par' dir='ltr' id='par_1_32' title="bbox 2185 1671 3716 1740">
     <span class='ocr_line' id='line_1_32' title="bbox 2185 1671 3716 1740; baseline 0.002 -19"><span class='ocrx_word' id='word_1_272' title='bbox 2185 1673 2480 1733; x_wconf 85' lang='lat' dir='ltr'><strong>versalium,</strong></span> <span class='ocrx_word' id='word_1_273' title='bbox 2505 1681 2556 1725; x_wconf 90' lang='lat' dir='ltr'><strong>et</strong></span> <span class='ocrx_word' id='word_1_274' title='bbox 2574 1686 2824 1740; x_wconf 88' lang='lat' dir='ltr'><strong>generum</strong></span> <span class='ocrx_word' id='word_1_275' title='bbox 2846 1711 2859 1733; x_wconf 91' lang='lat'><strong>,</strong></span> <span class='ocrx_word' id='word_1_276' title='bbox 2891 1679 2943 1724; x_wconf 89' lang='lat' dir='ltr'><strong>et</strong></span> <span class='ocrx_word' id='word_1_277' title='bbox 2977 1671 3282 1739; x_wconf 88' lang='lat' dir='ltr'><strong>specialium</strong></span> <span class='ocrx_word' id='word_1_278' title='bbox 3303 1711 3317 1735; x_wconf 93' lang='lat'><strong>,</strong></span> <span class='ocrx_word' id='word_1_279' title='bbox 3345 1681 3398 1726; x_wconf 87' lang='lat' dir='ltr'><strong>et</strong></span> <span class='ocrx_word' id='word_1_280' title='bbox 3427 1671 3716 1740; x_wconf 87' lang='lat' dir='ltr'><strong>partialium</strong></span> 
     </span>
    </p>
   </div>
   <div class='ocr_carea' id='block_1_33' title="bbox 534 1757 3710 1849">
    <p class='ocr_par' dir='ltr' id='par_1_33' title="bbox 534 1757 3710 1849">
     <span class='ocr_line' id='line_1_33' title="bbox 534 1757 3710 1849; baseline -0.003 -25"><span class='ocrx_word' id='word_1_281' title='bbox 534 1780 726 1849; x_wconf 73' lang='lat' dir='ltr'><strong>quippe</strong></span> <span class='ocrx_word' id='word_1_282' title='bbox 775 1778 942 1843; x_wconf 79' lang='lat' dir='ltr'><strong>imago</strong></span> <span class='ocrx_word' id='word_1_283' title='bbox 987 1772 1181 1841; x_wconf 86' lang='lat' dir='ltr'><strong>patris,</strong></span> <span class='ocrx_word' id='word_1_284' title='bbox 1234 1778 1290 1822; x_wconf 95' lang='lat' dir='ltr'><strong>et</strong></span> <span class='ocrx_word' id='word_1_285' title='bbox 1337 1777 1455 1820; x_wconf 90' lang='lat' dir='ltr'><strong>actu</strong></span> <span class='ocrx_word' id='word_1_286' title='bbox 1501 1773 1718 1818; x_wconf 84' lang='lat' dir='ltr'><strong>actuoso</strong></span> <span class='ocrx_word' id='word_1_287' title='bbox 1749 1761 1844 1823; x_wconf 88' lang='lat' dir='ltr'><strong>sit,</strong></span> <span class='ocrx_word' id='word_1_288' title='bbox 1893 1759 1942 1811; x_wconf 85' lang='lat' dir='ltr'><strong>id</strong></span> <span class='ocrx_word' id='word_1_289' title='bbox 1973 1766 2073 1818; x_wconf 90' lang='lat' dir='ltr'><strong>est,</strong></span> <span class='ocrx_word' id='word_1_290' title='bbox 2106 1760 2151 1819; x_wconf 92' lang='lat' dir='ltr'><strong>B</strong></span> <span class='ocrx_word' id='word_1_291' title='bbox 2178 1757 2332 1829; x_wconf 75' lang='grc' dir='ltr'><strong>λόγον.</strong></span> <span class='ocrx_word' id='word_1_292' title='bbox 2369 1761 2433 1813; x_wconf 86' lang='grc' dir='ltr'>Ει</span> <span class='ocrx_word' id='word_1_293' title='bbox 2481 1763 2600 1827; x_wconf 87' lang='lat' dir='ltr'><strong>quia</strong></span> <span class='ocrx_word' id='word_1_294' title='bbox 2644 1761 2877 1812; x_wconf 91' lang='lat' dir='ltr'><strong>omnium</strong></span> <span class='ocrx_word' id='word_1_295' title='bbox 2918 1768 2973 1811; x_wconf 90' lang='lat' dir='ltr'><strong>et</strong></span> <span class='ocrx_word' id='word_1_296' title='bbox 3011 1759 3457 1826; x_wconf 87' lang='lat' dir='ltr'><strong>ineorporalium,</strong></span> <span class='ocrx_word' id='word_1_297' title='bbox 3502 1774 3626 1828; x_wconf 87' lang='lat' dir='ltr'><strong>ergo</strong></span> <span class='ocrx_word' id='word_1_298' title='bbox 3663 1769 3710 1813; x_wconf 85' lang='lat' dir='ltr'><strong>et</strong></span> 
     </span>
    </p>
   </div>
   <div class='ocr_carea' id='block_1_34' title="bbox 539 1853 2082 1933">
    <p class='ocr_par' dir='ltr' id='par_1_34' title="bbox 539 1853 2082 1933">
     <span class='ocr_line' id='line_1_34' title="bbox 539 1853 2082 1933; baseline -0.015 -10"><span class='ocrx_word' id='word_1_299' title='bbox 539 1881 595 1923; x_wconf 90' lang='grc' dir='ltr'><strong>ιιι</strong></span> <span class='ocrx_word' id='word_1_300' title='bbox 647 1873 744 1921; x_wconf 88' lang='lat' dir='ltr'><strong>hoc</strong></span> <span class='ocrx_word' id='word_1_301' title='bbox 775 1872 981 1933; x_wconf 75' lang='lat' dir='ltr'><strong>prazstet</strong></span> <span class='ocrx_word' id='word_1_302' title='bbox 1007 1860 1211 1915; x_wconf 73' lang='lat' dir='ltr'><strong>czcteris</strong></span> <span class='ocrx_word' id='word_1_303' title='bbox 1237 1873 1329 1926; x_wconf 89' lang='lat' dir='ltr'><strong>pro</strong></span> <span class='ocrx_word' id='word_1_304' title='bbox 1361 1868 1540 1909; x_wconf 85' lang='lat' dir='ltr'><strong>natura</strong></span> <span class='ocrx_word' id='word_1_305' title='bbox 1570 1853 1904 1907; x_wconf 83' lang='lat' dir='ltr'><strong>existentinm</strong></span> <span class='ocrx_word' id='word_1_306' title='bbox 1940 1890 1954 1910; x_wconf 90' lang='lat'><strong>,</strong></span> <span class='ocrx_word' id='word_1_307' title='bbox 2000 1856 2082 1901; x_wconf 89' lang='lat' dir='ltr'><strong>est</strong></span> 
     </span>
    </p>
   </div>
   <div class='ocr_carea' id='block_1_35' title="bbox 536 1941 2075 2017">
    <p class='ocr_par' dir='ltr' id='par_1_35' title="bbox 536 1941 2075 2017">
     <span class='ocr_line' id='line_1_35' title="bbox 536 1941 2075 2017; baseline -0.016 -1"><span class='ocrx_word' id='word_1_308' title='bbox 536 1958 832 2017; x_wconf 87' lang='lat' dir='ltr'><strong>necessario</strong></span> <span class='ocrx_word' id='word_1_309' title='bbox 879 1952 1135 2006; x_wconf 87' lang='lat' dir='ltr'><strong>universis</strong></span> <span class='ocrx_word' id='word_1_310' title='bbox 1175 1948 1398 2016; x_wconf 89' lang='lat' dir='ltr'><strong>totisque</strong></span> <span class='ocrx_word' id='word_1_311' title='bbox 1426 1946 1626 2000; x_wconf 90' lang='lat' dir='ltr'><strong>cunctis</strong></span> <span class='ocrx_word' id='word_1_312' title='bbox 1653 1941 1790 2014; x_wconf 73' lang='grc' dir='ltr'><strong>λόγος</strong></span> <span class='ocrx_word' id='word_1_313' title='bbox 1824 1983 1836 2006; x_wconf 91' lang='grc'><em>,</em></span> <span class='ocrx_word' id='word_1_314' title='bbox 1872 1941 1920 1994; x_wconf 90' lang='lat' dir='ltr'><strong>id</strong></span> <span class='ocrx_word' id='word_1_315' title='bbox 1952 1947 2030 1993; x_wconf 91' lang='lat' dir='ltr'><strong>est</strong></span> <span class='ocrx_word' id='word_1_316' title='bbox 2061 1979 2075 2004; x_wconf 92' lang='lat'><strong>,</strong></span> 
     </span>
    </p>
   </div>
   <div class='ocr_carea' id='block_1_36' title="bbox 535 2033 2078 2115">
    <p class='ocr_par' dir='ltr' id='par_1_36' title="bbox 535 2033 2078 2115">
     <span class='ocr_line' id='line_1_36' title="bbox 535 2033 2078 2115; baseline -0.016 -10"><span class='ocrx_word' id='word_1_317' title='bbox 535 2051 615 2104; x_wconf 85' lang='lat' dir='ltr'><strong>vis</strong></span> <span class='ocrx_word' id='word_1_318' title='bbox 645 2058 697 2104; x_wconf 81' lang='lat' dir='ltr'><strong>et</strong></span> <span class='ocrx_word' id='word_1_319' title='bbox 743 2045 968 2115; x_wconf 81' lang='lat' dir='ltr'><strong>polentia</strong></span> <span class='ocrx_word' id='word_1_320' title='bbox 1001 2084 1016 2108; x_wconf 87' lang='lat'><strong>,</strong></span> <span class='ocrx_word' id='word_1_321' title='bbox 1053 2057 1143 2110; x_wconf 88' lang='lat' dir='ltr'><strong>per</strong></span> <span class='ocrx_word' id='word_1_322' title='bbox 1184 2055 1336 2107; x_wconf 89' lang='lat' dir='ltr'><strong>quam</strong></span> <span class='ocrx_word' id='word_1_323' title='bbox 1365 2077 1379 2102; x_wconf 86' lang='lat'><strong>,</strong></span> <span class='ocrx_word' id='word_1_324' title='bbox 1439 2050 1553 2104; x_wconf 69' lang='lat' dir='ltr'><strong>qua:</strong></span> <span class='ocrx_word' id='word_1_325' title='bbox 1607 2043 1726 2086; x_wconf 86' lang='lat' dir='ltr'><strong>sunt</strong></span> <span class='ocrx_word' id='word_1_326' title='bbox 1753 2041 1808 2084; x_wconf 93' lang='grc' dir='ltr'><strong>ιιι</strong></span> <span class='ocrx_word' id='word_1_327' title='bbox 1834 2033 1933 2083; x_wconf 85' lang='lat' dir='ltr'><strong>siut</strong></span> <span class='ocrx_word' id='word_1_328' title='bbox 1963 2042 2078 2082; x_wconf 89' lang='lat' dir='ltr'><strong>esse</strong></span> 
     </span>
    </p>
   </div>
   <div class='ocr_carea' id='block_1_37' title="bbox 535 2122 2077 2210">
    <p class='ocr_par' dir='ltr' id='par_1_37' title="bbox 535 2122 2077 2210">
     <span class='ocr_line' id='line_1_37' title="bbox 535 2122 2077 2210; baseline -0.015 -17"><span class='ocrx_word' id='word_1_329' title='bbox 535 2137 775 2210; x_wconf 85' lang='lat' dir='ltr'><strong>provenit</strong></span> <span class='ocrx_word' id='word_1_330' title='bbox 807 2177 820 2200; x_wconf 94' lang='lat'><strong>,</strong></span> <span class='ocrx_word' id='word_1_331' title='bbox 880 2149 970 2202; x_wconf 89' lang='lat' dir='ltr'><strong>per</strong></span> <span class='ocrx_word' id='word_1_332' title='bbox 997 2147 1149 2200; x_wconf 87' lang='lat' dir='ltr'><strong>quem</strong></span> <span class='ocrx_word' id='word_1_333' title='bbox 1196 2130 1334 2182; x_wconf 89' lang='lat' dir='ltr'><strong>Deus</strong></span> <span class='ocrx_word' id='word_1_334' title='bbox 1366 2127 1486 2179; x_wconf 81' lang='lat' dir='ltr'><strong>fecit</strong></span> <span class='ocrx_word' id='word_1_335' title='bbox 1533 2134 1583 2177; x_wconf 89' lang='lat' dir='ltr'><strong>et</strong></span> <span class='ocrx_word' id='word_1_336' title='bbox 1613 2124 1735 2176; x_wconf 83' lang='lat' dir='ltr'><strong>facit</strong></span> <span class='ocrx_word' id='word_1_337' title='bbox 1760 2122 1933 2174; x_wconf 83' lang='lat' dir='ltr'><strong>omnia</strong></span> <span class='ocrx_word' id='word_1_338' title='bbox 1967 2158 1981 2182; x_wconf 93' lang='lat'><strong>,</strong></span> <span class='ocrx_word' id='word_1_339' title='bbox 2025 2128 2077 2171; x_wconf 92' lang='lat' dir='ltr'><strong>et</strong></span> 
     </span>
    </p>
   </div>
   <div class='ocr_carea' id='block_1_38' title="bbox 536 2207 2074 2294">
    <p class='ocr_par' dir='ltr' id='par_1_38' title="bbox 536 2207 2074 2294">
     <span class='ocr_line' id='line_1_38' title="bbox 536 2207 2074 2294; baseline -0.016 -12"><span class='ocrx_word' id='word_1_340' title='bbox 536 2207 649 2282; x_wconf 73' lang='lat' dir='ltr'><strong>sine</strong></span> <span class='ocrx_word' id='word_1_341' title='bbox 680 2240 780 2294; x_wconf 90' lang='lat' dir='ltr'><strong>quo</strong></span> <span class='ocrx_word' id='word_1_342' title='bbox 804 2222 930 2276; x_wconf 89' lang='lat' dir='ltr'><strong>nihil</strong></span> <span class='ocrx_word' id='word_1_343' title='bbox 953 2220 1028 2273; x_wconf 90' lang='lat' dir='ltr'><strong>ﬁt.</strong></span> <span class='ocrx_word' id='word_1_344' title='bbox 1061 2218 1169 2272; x_wconf 87' lang='lat' dir='ltr'><strong>lloc</strong></span> <span class='ocrx_word' id='word_1_345' title='bbox 1192 2216 1454 2286; x_wconf 88' lang='lat' dir='ltr'><strong>appellant</strong></span> <span class='ocrx_word' id='word_1_346' title='bbox 1482 2213 1568 2266; x_wconf 86' lang='lat' dir='ltr'><strong>alii</strong></span> <span class='ocrx_word' id='word_1_347' title='bbox 1601 2221 1796 2264; x_wconf 89' lang='lat' dir='ltr'><strong>motum</strong></span> <span class='ocrx_word' id='word_1_348' title='bbox 1826 2207 2074 2268; x_wconf 89' lang='lat' dir='ltr'><strong>activum,</strong></span> 
     </span>
    </p>
   </div>
   <div class='ocr_carea' id='block_1_39' title="bbox 536 2301 2072 2379">
    <p class='ocr_par' dir='ltr' id='par_1_39' title="bbox 536 2301 2072 2379">
     <span class='ocr_line' id='line_1_39' title="bbox 536 2301 2072 2379; baseline -0.016 -7"><span class='ocrx_word' id='word_1_349' title='bbox 536 2319 753 2374; x_wconf 74' lang='lat' dir='ltr'><strong>verbum</strong></span> <span class='ocrx_word' id='word_1_350' title='bbox 785 2355 800 2379; x_wconf 92' lang='lat'><strong>,</strong></span> <span class='ocrx_word' id='word_1_351' title='bbox 831 2315 1082 2368; x_wconf 69' lang='lat' dir='ltr'><strong>ratio-netu</strong></span> <span class='ocrx_word' id='word_1_352' title='bbox 1115 2317 1435 2375; x_wconf 83' lang='lat' dir='ltr'><strong>operantem.</strong></span> <span class='ocrx_word' id='word_1_353' title='bbox 1468 2301 1722 2367; x_wconf 84' lang='lat' dir='ltr'><strong>Quoniam</strong></span> <span class='ocrx_word' id='word_1_354' title='bbox 1756 2308 1924 2351; x_wconf 89' lang='lat' dir='ltr'><strong>tamen</strong></span> <span class='ocrx_word' id='word_1_355' title='bbox 1955 2309 2072 2349; x_wconf 89' lang='lat' dir='ltr'><strong>cum</strong></span> 
     </span>
    </p>
   </div>
   <div class='ocr_carea' id='block_1_40' title="bbox 535 2393 2072 2480">
    <p class='ocr_par' dir='ltr' id='par_1_40' title="bbox 535 2393 2072 2480">
     <span class='ocr_line' id='line_1_40' title="bbox 535 2393 2072 2480; baseline -0.018 -16"><span class='ocrx_word' id='word_1_356' title='bbox 535 2418 781 2480; x_wconf 89' lang='lat' dir='ltr'><strong>operatur</strong></span> <span class='ocrx_word' id='word_1_357' title='bbox 815 2447 828 2470; x_wconf 98' lang='lat'><strong>,</strong></span> <span class='ocrx_word' id='word_1_358' title='bbox 883 2407 1014 2458; x_wconf 90' lang='lat' dir='ltr'><strong>inest</strong></span> <span class='ocrx_word' id='word_1_359' title='bbox 1061 2403 1110 2454; x_wconf 89' lang='lat' dir='ltr'><strong>in</strong></span> <span class='ocrx_word' id='word_1_360' title='bbox 1135 2400 1223 2453; x_wconf 86' lang='lat' dir='ltr'><strong>illo</strong></span> <span class='ocrx_word' id='word_1_361' title='bbox 1247 2399 1324 2449; x_wconf 89' lang='lat' dir='ltr'><strong>vis</strong></span> <span class='ocrx_word' id='word_1_362' title='bbox 1365 2394 1524 2463; x_wconf 82' lang='lat' dir='ltr'><strong>patria</strong></span> <span class='ocrx_word' id='word_1_363' title='bbox 1553 2434 1566 2453; x_wconf 93' lang='lat'><strong>,</strong></span> <span class='ocrx_word' id='word_1_364' title='bbox 1620 2393 1670 2443; x_wconf 91' lang='lat' dir='ltr'><strong>in</strong></span> <span class='ocrx_word' id='word_1_365' title='bbox 1697 2405 1752 2444; x_wconf 89' lang='lat' dir='ltr'><strong>se</strong></span> <span class='ocrx_word' id='word_1_366' title='bbox 1795 2397 2072 2456; x_wconf 90' lang='lat' dir='ltr'><strong>operatur,</strong></span> 
     </span>
    </p>
   </div>
   <div class='ocr_carea' id='block_1_41' title="bbox 535 2477 2077 2554">
    <p class='ocr_par' dir='ltr' id='par_1_41' title="bbox 535 2477 2077 2554">
     <span class='ocr_line' id='line_1_41' title="bbox 535 2477 2077 2554; baseline -0.018 0"><span class='ocrx_word' id='word_1_367' title='bbox 535 2477 672 2554; x_wconf 80' lang='lat' dir='ltr'><strong>unde</strong></span> <span class='ocrx_word' id='word_1_368' title='bbox 697 2499 857 2551; x_wconf 90' lang='lat' dir='ltr'><strong>multa</strong></span> <span class='ocrx_word' id='word_1_369' title='bbox 888 2496 955 2547; x_wconf 88' lang='lat' dir='ltr'><strong>ita</strong></span> <span class='ocrx_word' id='word_1_370' title='bbox 986 2493 1259 2553; x_wconf 89' lang='lat' dir='ltr'><strong>dicuntur,</strong></span> <span class='ocrx_word' id='word_1_371' title='bbox 1304 2497 1360 2540; x_wconf 91' lang='grc' dir='ltr'><strong>ιιι</strong></span> <span class='ocrx_word' id='word_1_372' title='bbox 1407 2501 1522 2538; x_wconf 90' lang='lat' dir='ltr'><strong>cum</strong></span> <span class='ocrx_word' id='word_1_373' title='bbox 1548 2484 1710 2551; x_wconf 81' lang='lat' dir='ltr'><strong>ipsius</strong></span> <span class='ocrx_word' id='word_1_374' title='bbox 1748 2483 1812 2534; x_wconf 85' lang='lat' dir='ltr'><strong>sit</strong></span> <span class='ocrx_word' id='word_1_375' title='bbox 1835 2478 1968 2546; x_wconf 77' lang='lat' dir='ltr'><strong>quod</strong></span> <span class='ocrx_word' id='word_1_376' title='bbox 2004 2477 2077 2528; x_wconf 81' lang='lat' dir='ltr'><strong>fa-</strong></span> 
     </span>
    </p>
   </div>
   <div class='ocr_carea' id='block_1_42' title="bbox 536 2567 2070 2656">
    <p class='ocr_par' dir='ltr' id='par_1_42' title="bbox 536 2567 2070 2656">
     <span class='ocr_line' id='line_1_42' title="bbox 536 2567 2070 2656; baseline -0.019 -11"><span class='ocrx_word' id='word_1_377' title='bbox 536 2591 659 2656; x_wconf 87' lang='lat' dir='ltr'><strong>ciat,</strong></span> <span class='ocrx_word' id='word_1_378' title='bbox 697 2598 868 2640; x_wconf 89' lang='lat' dir='ltr'><strong>tamen</strong></span> <span class='ocrx_word' id='word_1_379' title='bbox 898 2584 1007 2651; x_wconf 86' lang='lat' dir='ltr'><strong>ipse</strong></span> <span class='ocrx_word' id='word_1_380' title='bbox 1049 2583 1098 2634; x_wconf 88' lang='lat' dir='ltr'><strong>iu</strong></span> <span class='ocrx_word' id='word_1_381' title='bbox 1134 2588 1334 2646; x_wconf 87' lang='lat' dir='ltr'><strong>patrem</strong></span> <span class='ocrx_word' id='word_1_382' title='bbox 1364 2575 1521 2628; x_wconf 82' lang='lat' dir='ltr'><strong>refert</strong></span> <span class='ocrx_word' id='word_1_383' title='bbox 1550 2573 1744 2634; x_wconf 88' lang='lat' dir='ltr'><strong>omnia,</strong></span> <span class='ocrx_word' id='word_1_384' title='bbox 1785 2580 1838 2621; x_wconf 85' lang='grc' dir='ltr'><strong>ιιι</strong></span> <span class='ocrx_word' id='word_1_385' title='bbox 1863 2567 2070 2635; x_wconf 78' lang='lat' dir='ltr'><strong>(Joana.</strong></span> 
     </span>
    </p>
   </div>
   <div class='ocr_carea' id='block_1_43' title="bbox 533 2660 2073 2749">
    <p class='ocr_par' dir='ltr' id='par_1_43' title="bbox 533 2660 2073 2749">
     <span class='ocr_line' id='line_1_43' title="bbox 533 2660 2073 2749; baseline -0.019 -11"><span class='ocrx_word' id='word_1_386' title='bbox 533 2699 608 2746; x_wconf 79' lang='lat' dir='ltr'><strong>Vl,</strong></span> <span class='ocrx_word' id='word_1_387' title='bbox 636 2681 722 2749; x_wconf 70' lang='lat'><strong>58)</strong></span> <span class='ocrx_word' id='word_1_388' title='bbox 756 2697 768 2730; x_wconf 91' lang='lat'>:</span> <span class='ocrx_word' id='word_1_389' title='bbox 811 2687 948 2749; x_wconf 87' lang='lat' dir='ltr'><strong>pater</strong></span> <span class='ocrx_word' id='word_1_390' title='bbox 969 2689 1044 2726; x_wconf 87' lang='lat' dir='ltr'><strong>me</strong></span> <span class='ocrx_word' id='word_1_391' title='bbox 1070 2672 1220 2724; x_wconf 86' lang='lat' dir='ltr'><strong>misit.</strong></span> <span class='ocrx_word' id='word_1_392' title='bbox 1253 2671 1310 2723; x_wconf 85' lang='lat' dir='ltr'><strong>Et</strong></span> <span class='ocrx_word' id='word_1_393' title='bbox 1343 2667 1496 2737; x_wconf 81' lang='lat' dir='ltr'><strong>(ibid.</strong></span> <span class='ocrx_word' id='word_1_394' title='bbox 1523 2706 1536 2726; x_wconf 89' lang='lat'><strong>,</strong></span> <span class='ocrx_word' id='word_1_395' title='bbox 1566 2663 1654 2731; x_wconf 80' lang='grc'><strong>58)</strong></span> <span class='ocrx_word' id='word_1_396' title='bbox 1689 2681 1700 2714; x_wconf 91' lang='lat'>:</span> <span class='ocrx_word' id='word_1_397' title='bbox 1749 2660 1866 2714; x_wconf 84' lang='lat' dir='ltr'><strong>Non</strong></span> <span class='ocrx_word' id='word_1_398' title='bbox 1917 2674 2073 2749; x_wconf 67' lang='lat' dir='ltr'><strong>meam</strong></span> 
     </span>
    </p>
   </div>
   <div class='ocr_carea' id='block_1_44' title="bbox 531 2747 2073 2841">
    <p class='ocr_par' dir='ltr' id='par_1_44' title="bbox 531 2747 2073 2841">
     <span class='ocr_line' id='line_1_44' title="bbox 531 2747 2073 2841; baseline -0.019 -14"><span class='ocrx_word' id='word_1_399' title='bbox 531 2774 620 2827; x_wconf 83' lang='lat' dir='ltr'><strong>sed</strong></span> <span class='ocrx_word' id='word_1_400' title='bbox 645 2747 956 2841; x_wconf 76' lang='lat' dir='ltr'><strong>patrisfacio</strong></span> <span class='ocrx_word' id='word_1_401' title='bbox 982 2763 1274 2817; x_wconf 78' lang='lat' dir='ltr'><strong>voluntatem</strong></span> <span class='ocrx_word' id='word_1_402' title='bbox 1307 2776 1322 2811; x_wconf 88' lang='lat'><strong><em>:</em></strong></span> <span class='ocrx_word' id='word_1_403' title='bbox 1365 2757 1427 2809; x_wconf 89' lang='lat' dir='ltr'><strong>Et</strong></span> <span class='ocrx_word' id='word_1_404' title='bbox 1476 2755 1616 2807; x_wconf 89' lang='lat' dir='ltr'><strong>mille</strong></span> <span class='ocrx_word' id='word_1_405' title='bbox 1647 2753 1785 2804; x_wconf 78' lang='lat' dir='ltr'><strong>talia.</strong></span> <span class='ocrx_word' id='word_1_406' title='bbox 1820 2747 2073 2803; x_wconf 79' lang='lat' dir='ltr'><strong>Attenda-</strong></span> 
     </span>
    </p>
   </div>
   <div class='ocr_carea' id='block_1_45' title="bbox 530 2840 2074 2919">
    <p class='ocr_par' dir='ltr' id='par_1_45' title="bbox 530 2840 2074 2919">
     <span class='ocr_line' id='line_1_45' title="bbox 530 2840 2074 2919; baseline -0.022 1"><span class='ocrx_word' id='word_1_407' title='bbox 530 2840 650 2919; x_wconf 86' lang='lat' dir='ltr'><strong>mus</strong></span> <span class='ocrx_word' id='word_1_408' title='bbox 679 2872 847 2914; x_wconf 87' lang='lat' dir='ltr'><strong>lamen</strong></span> <span class='ocrx_word' id='word_1_409' title='bbox 872 2859 1023 2910; x_wconf 89' lang='lat' dir='ltr'><strong>istum</strong></span> <span class='ocrx_word' id='word_1_410' title='bbox 1055 2855 1254 2906; x_wconf 90' lang='lat' dir='ltr'><strong>locum:</strong></span> <span class='ocrx_word' id='word_1_411' title='bbox 1279 2847 1597 2901; x_wconf 87' lang='lat' dir='ltr'><strong>inveniemus</strong></span> <span class='ocrx_word' id='word_1_412' title='bbox 1619 2841 1761 2909; x_wconf 76' lang='lat' dir='ltr'><strong>quasi</strong></span> <span class='ocrx_word' id='word_1_413' title='bbox 1786 2840 1950 2906; x_wconf 84' lang='lat' dir='ltr'><strong>ipsum</strong></span> <span class='ocrx_word' id='word_1_414' title='bbox 1983 2850 2074 2902; x_wconf 89' lang='lat' dir='ltr'><strong>per</strong></span> 
     </span>
    </p>
   </div>
   <div class='ocr_carea' id='block_1_46' title="bbox 529 2927 2073 3014">
    <p class='ocr_par' dir='ltr' id='par_1_46' title="bbox 529 2927 2073 3014">
     <span class='ocr_line' id='line_1_46' title="bbox 529 2927 2073 3014; baseline -0.022 -4"><span class='ocrx_word' id='word_1_415' title='bbox 529 2971 589 3010; x_wconf 78' lang='lat' dir='ltr'><strong>se</strong></span> <span class='ocrx_word' id='word_1_416' title='bbox 620 2958 788 3007; x_wconf 87' lang='lat' dir='ltr'><strong>lacere</strong></span> <span class='ocrx_word' id='word_1_417' title='bbox 812 2992 826 3014; x_wconf 93' lang='lat'><strong>,</strong></span> <span class='ocrx_word' id='word_1_418' title='bbox 863 2958 917 3000; x_wconf 88' lang='lat' dir='ltr'><strong>ut</strong></span> <span class='ocrx_word' id='word_1_419' title='bbox 957 2960 1049 3000; x_wconf 87' lang='lat' dir='ltr'><strong>sua</strong></span> <span class='ocrx_word' id='word_1_420' title='bbox 1077 2951 1258 3012; x_wconf 87' lang='lat' dir='ltr'><strong>sponte</strong></span> <span class='ocrx_word' id='word_1_421' title='bbox 1297 2937 1560 3008; x_wconf 81' lang='lat' dir='ltr'><strong>(Philipp.</strong></span> <span class='ocrx_word' id='word_1_422' title='bbox 1592 2948 1647 2996; x_wconf 88' lang='lat' dir='ltr'><strong>tt,</strong></span> <span class='ocrx_word' id='word_1_423' title='bbox 1695 2931 1747 2998; x_wconf 80' lang='grc'>6)</span> <span class='ocrx_word' id='word_1_424' title='bbox 1775 2949 1786 2981; x_wconf 87' lang='lat'><strong>:</strong></span> <span class='ocrx_word' id='word_1_425' title='bbox 1843 2927 1959 2980; x_wconf 83' lang='lat' dir='ltr'><strong>Non</strong></span> <span class='ocrx_word' id='word_1_426' title='bbox 2004 2934 2073 2977; x_wconf 79' lang='lat' dir='ltr'><strong>est</strong></span> 
     </span>
    </p>
   </div>
   <div class='ocr_carea' id='block_1_47' title="bbox 528 3017 2068 3106">
    <p class='ocr_par' dir='ltr' id='par_1_47' title="bbox 528 3017 2068 3106">
     <span class='ocr_line' id='line_1_47' title="bbox 528 3017 2068 3106; baseline -0.02 -9"><span class='ocrx_word' id='word_1_427' title='bbox 528 3043 795 3097; x_wconf 85' lang='lat' dir='ltr'><strong>arbitratus</strong></span> <span class='ocrx_word' id='word_1_428' title='bbox 827 3038 1050 3106; x_wconf 85' lang='lat' dir='ltr'><strong>rapinam</strong></span> <span class='ocrx_word' id='word_1_429' title='bbox 1071 3049 1120 3084; x_wconf 85' lang='lat' dir='ltr'><strong>se</strong></span> <span class='ocrx_word' id='word_1_430' title='bbox 1141 3029 1381 3098; x_wconf 71' lang='lat' dir='ltr'><strong>(canalem</strong></span> <span class='ocrx_word' id='word_1_431' title='bbox 1414 3025 1535 3078; x_wconf 83' lang='lat' dir='ltr'><strong>Deo.</strong></span> <span class='ocrx_word' id='word_1_432' title='bbox 1553 3024 1613 3074; x_wconf 75' lang='lat' dir='ltr'><strong>Et</strong></span> <span class='ocrx_word' id='word_1_433' title='bbox 1634 3023 1752 3073; x_wconf 88' lang='lat' dir='ltr'><strong>item</strong></span> <span class='ocrx_word' id='word_1_434' title='bbox 1774 3018 1954 3088; x_wconf 83' lang='lat' dir='ltr'><strong>(lbid.,</strong></span> <span class='ocrx_word' id='word_1_435' title='bbox 1979 3017 2068 3081; x_wconf 84' lang='lat'><strong>7):</strong></span> 
     </span>
    </p>
   </div>
   <div class='ocr_carea' id='block_1_48' title="bbox 2179 1847 3716 1916">
    <p class='ocr_par' dir='ltr' id='par_1_48' title="bbox 2179 1847 3716 1916">
     <span class='ocr_line' id='line_1_48' title="bbox 2179 1847 3716 1916; baseline -0.002 -13"><span class='ocrx_word' id='word_1_436' title='bbox 2179 1848 2527 1916; x_wconf 90' lang='lat' dir='ltr'><strong>corporalium</strong></span> <span class='ocrx_word' id='word_1_437' title='bbox 2554 1862 2648 1915; x_wconf 89' lang='lat' dir='ltr'><strong>pro</strong></span> <span class='ocrx_word' id='word_1_438' title='bbox 2678 1861 2769 1900; x_wconf 88' lang='lat' dir='ltr'><strong>sua</strong></span> <span class='ocrx_word' id='word_1_439' title='bbox 2799 1849 2844 1899; x_wconf 88' lang='lat' dir='ltr'><strong>vi</strong></span> <span class='ocrx_word' id='word_1_440' title='bbox 2873 1847 2936 1899; x_wconf 85' lang='lat' dir='ltr'><strong>ad</strong></span> <span class='ocrx_word' id='word_1_441' title='bbox 2977 1847 3025 1899; x_wconf 87' lang='lat' dir='ltr'><strong>id</strong></span> <span class='ocrx_word' id='word_1_442' title='bbox 3057 1847 3192 1915; x_wconf 91' lang='lat' dir='ltr'><strong>quod</strong></span> <span class='ocrx_word' id='word_1_443' title='bbox 3223 1863 3341 1901; x_wconf 84' lang='lat' dir='ltr'><strong>esse</strong></span> <span class='ocrx_word' id='word_1_444' title='bbox 3383 1858 3635 1916; x_wconf 88' lang='lat' dir='ltr'><strong>possunt,</strong></span> <span class='ocrx_word' id='word_1_445' title='bbox 3667 1857 3716 1900; x_wconf 91' lang='lat' dir='ltr'><strong>ut</strong></span> 
     </span>
    </p>
   </div>
   <div class='ocr_carea' id='block_1_49' title="bbox 2177 1935 3714 2010">
    <p class='ocr_par' dir='ltr' id='par_1_49' title="bbox 2177 1935 3714 2010">
     <span class='ocr_line' id='line_1_49' title="bbox 2177 1935 3714 2010; baseline -0.001 -18"><span class='ocrx_word' id='word_1_446' title='bbox 2177 1940 2275 1992; x_wconf 89' lang='lat' dir='ltr'><strong>sint</strong></span> <span class='ocrx_word' id='word_1_447' title='bbox 2309 1936 2447 2010; x_wconf 76' lang='grc' dir='ltr'>λόγος</span> <span class='ocrx_word' id='word_1_448' title='bbox 2479 1956 2490 1988; x_wconf 87' lang='grc'>;</span> <span class='ocrx_word' id='word_1_449' title='bbox 2522 1937 2656 1991; x_wconf 89' lang='lat' dir='ltr'><strong>unde</strong></span> <span class='ocrx_word' id='word_1_450' title='bbox 2687 1946 2740 1989; x_wconf 92' lang='lat' dir='ltr'><strong>et</strong></span> <span class='ocrx_word' id='word_1_451' title='bbox 2781 1937 3015 2006; x_wconf 84' lang='lat' dir='ltr'><strong>mysterii</strong></span> <span class='ocrx_word' id='word_1_452' title='bbox 3055 1935 3388 1990; x_wconf 86' lang='lat' dir='ltr'><strong>ordinatione</strong></span> <span class='ocrx_word' id='word_1_453' title='bbox 3422 1938 3714 1991; x_wconf 74' lang='lat' dir='ltr'><strong>novissimis</strong></span> 
     </span>
    </p>
   </div>
   <div class='ocr_carea' id='block_1_50' title="bbox 2176 2026 3712 2100">
    <p class='ocr_par' dir='ltr' id='par_1_50' title="bbox 2176 2026 3712 2100">
     <span class='ocr_line' id='line_1_50' title="bbox 2176 2026 3712 2100; baseline -0.002 -18"><span class='ocrx_word' id='word_1_454' title='bbox 2176 2029 2364 2082; x_wconf 90' lang='lat' dir='ltr'><strong>seculis</strong></span> <span class='ocrx_word' id='word_1_455' title='bbox 2397 2029 2554 2100; x_wconf 74' lang='grc' dir='ltr'><strong>λόγος.</strong></span> <span class='ocrx_word' id='word_1_456' title='bbox 2597 2026 2718 2095; x_wconf 87' lang='lat' dir='ltr'><strong>quia</strong></span> <span class='ocrx_word' id='word_1_457' title='bbox 2761 2028 2989 2078; x_wconf 91' lang='lat' dir='ltr'><strong>omnium</strong></span> <span class='ocrx_word' id='word_1_458' title='bbox 3035 2026 3369 2078; x_wconf 79' lang='lat' dir='ltr'><strong>cxistentium</strong></span> <span class='ocrx_word' id='word_1_459' title='bbox 3415 2026 3712 2079; x_wconf 79' lang='lat' dir='ltr'><strong>adumbrata</strong></span> 
     </span>
    </p>
   </div>
   <div class='ocr_carea' id='block_1_51' title="bbox 2175 2114 3712 2186">
    <p class='ocr_par' dir='ltr' id='par_1_51' title="bbox 2175 2114 3712 2186">
     <span class='ocr_line' id='line_1_51' title="bbox 2175 2114 3712 2186; baseline -0.001 -16"><span class='ocrx_word' id='word_1_460' title='bbox 2175 2133 2268 2186; x_wconf 89' lang='lat' dir='ltr'><strong>per</strong></span> <span class='ocrx_word' id='word_1_461' title='bbox 2297 2117 2547 2184; x_wconf 89' lang='lat' dir='ltr'><strong>Spiritum</strong></span> <span class='ocrx_word' id='word_1_462' title='bbox 2589 2125 2823 2168; x_wconf 85' lang='lat' dir='ltr'><strong>sanetum</strong></span> <span class='ocrx_word' id='word_1_463' title='bbox 2865 2114 3022 2167; x_wconf 81' lang='lat' dir='ltr'><strong>Maria</strong></span> <span class='ocrx_word' id='word_1_464' title='bbox 3055 2114 3265 2182; x_wconf 84' lang='lat' dir='ltr'><strong>Virgine</strong></span> <span class='ocrx_word' id='word_1_465' title='bbox 3305 2114 3611 2168; x_wconf 85' lang='lat' dir='ltr'><strong>incarnatus</strong></span> <span class='ocrx_word' id='word_1_466' title='bbox 3638 2124 3712 2169; x_wconf 88' lang='lat' dir='ltr'><strong>est</strong></span> 
     </span>
    </p>
   </div>
   <div class='ocr_carea' id='block_1_52' title="bbox 2175 2205 3709 2275">
    <p class='ocr_par' dir='ltr' id='par_1_52' title="bbox 2175 2205 3709 2275">
     <span class='ocr_line' id='line_1_52' title="bbox 2175 2205 3709 2275; baseline -0.003 -13"><span class='ocrx_word' id='word_1_467' title='bbox 2175 2211 2286 2275; x_wconf 89' lang='lat' dir='ltr'><strong>ipse</strong></span> <span class='ocrx_word' id='word_1_468' title='bbox 2311 2208 2416 2272; x_wconf 88' lang='lat' dir='ltr'><strong>ille,</strong></span> <span class='ocrx_word' id='word_1_469' title='bbox 2452 2222 2604 2274; x_wconf 83' lang='lat' dir='ltr'><strong>quem</strong></span> <span class='ocrx_word' id='word_1_470' title='bbox 2635 2222 2790 2274; x_wconf 91' lang='lat' dir='ltr'><strong>supra</strong></span> <span class='ocrx_word' id='word_1_471' title='bbox 2815 2205 3308 2270; x_wconf 83' lang='lat' dir='ltr'><strong>demonstravimus,</strong></span> <span class='ocrx_word' id='word_1_472' title='bbox 3343 2205 3504 2269; x_wconf 91' lang='lat' dir='ltr'><strong>ﬁlius,</strong></span> <span class='ocrx_word' id='word_1_473' title='bbox 3535 2205 3709 2259; x_wconf 88' lang='lat' dir='ltr'><strong>eodem</strong></span> 
     </span>
    </p>
   </div>
   <div class='ocr_carea' id='block_1_53' title="bbox 2174 2294 3710 2363">
    <p class='ocr_par' dir='ltr' id='par_1_53' title="bbox 2174 2294 3710 2363">
     <span class='ocr_line' id='line_1_53' title="bbox 2174 2294 3710 2363; baseline -0.001 -13"><span class='ocrx_word' id='word_1_474' title='bbox 2174 2298 2330 2351; x_wconf 90' lang='lat' dir='ltr'><strong>modo</strong></span> <span class='ocrx_word' id='word_1_475' title='bbox 2362 2307 2416 2349; x_wconf 86' lang='grc' dir='ltr'><strong>ιιι</strong></span> <span class='ocrx_word' id='word_1_476' title='bbox 2451 2305 2591 2350; x_wconf 86' lang='lat' dir='ltr'><strong>esset</strong></span> <span class='ocrx_word' id='word_1_477' title='bbox 2632 2296 2682 2348; x_wconf 94' lang='lat' dir='ltr'><strong>in</strong></span> <span class='ocrx_word' id='word_1_478' title='bbox 2722 2310 2944 2361; x_wconf 86' lang='lat' dir='ltr'><strong>corpore</strong></span> <span class='ocrx_word' id='word_1_479' title='bbox 2969 2335 2981 2358; x_wconf 95' lang='lat'><strong>,</strong></span> <span class='ocrx_word' id='word_1_480' title='bbox 3010 2309 3113 2362; x_wconf 92' lang='lat' dir='ltr'><strong>quo</strong></span> <span class='ocrx_word' id='word_1_481' title='bbox 3144 2294 3367 2363; x_wconf 87' lang='lat' dir='ltr'><strong>Spiritus</strong></span> <span class='ocrx_word' id='word_1_482' title='bbox 3411 2307 3626 2348; x_wconf 82' lang='lat' dir='ltr'><strong>sanctus</strong></span> <span class='ocrx_word' id='word_1_483' title='bbox 3662 2294 3710 2348; x_wconf 92' lang='lat' dir='ltr'><strong>in</strong></span> 
     </span>
    </p>
   </div>
   <div class='ocr_carea' id='block_1_54' title="bbox 2174 2384 3714 2453">
    <p class='ocr_par' dir='ltr' id='par_1_54' title="bbox 2174 2384 3714 2453">
     <span class='ocr_line' id='line_1_54' title="bbox 2174 2384 3714 2453; baseline -0.001 -14"><span class='ocrx_word' id='word_1_484' title='bbox 2174 2386 2354 2449; x_wconf 90' lang='lat' dir='ltr'><strong>nobis,</strong></span> <span class='ocrx_word' id='word_1_485' title='bbox 2391 2401 2492 2438; x_wconf 90' lang='lat' dir='ltr'><strong>non</strong></span> <span class='ocrx_word' id='word_1_486' title='bbox 2542 2394 2678 2438; x_wconf 87' lang='lat' dir='ltr'><strong>totus</strong></span> <span class='ocrx_word' id='word_1_487' title='bbox 2718 2401 2730 2436; x_wconf 90' lang='lat'>:</span> <span class='ocrx_word' id='word_1_488' title='bbox 2759 2397 2876 2436; x_wconf 91' lang='lat' dir='ltr'><strong>nam</strong></span> <span class='ocrx_word' id='word_1_489' title='bbox 2917 2392 2971 2435; x_wconf 85' lang='lat' dir='ltr'><strong>ut</strong></span> <span class='ocrx_word' id='word_1_490' title='bbox 3001 2384 3136 2436; x_wconf 84' lang='lat' dir='ltr'><strong>Deus</strong></span> <span class='ocrx_word' id='word_1_491' title='bbox 3177 2384 3368 2453; x_wconf 87' lang='lat' dir='ltr'><strong>ubique</strong></span> <span class='ocrx_word' id='word_1_492' title='bbox 3403 2395 3516 2450; x_wconf 86' lang='lat' dir='ltr'><strong>est,</strong></span> <span class='ocrx_word' id='word_1_493' title='bbox 3547 2384 3635 2438; x_wconf 83' lang='lat' dir='ltr'><strong>sed</strong></span> <span class='ocrx_word' id='word_1_494' title='bbox 3663 2392 3714 2437; x_wconf 89' lang='lat' dir='ltr'><strong>nt</strong></span> 
     </span>
    </p>
   </div>
   <div class='ocr_carea' id='block_1_55' title="bbox 2174 2475 3711 2546">
    <p class='ocr_par' dir='ltr' id='par_1_55' title="bbox 2174 2475 3711 2546">
     <span class='ocr_line' id='line_1_55' title="bbox 2174 2475 3711 2546; baseline -0.001 -17"><span class='ocrx_word' id='word_1_495' title='bbox 2174 2492 2292 2546; x_wconf 88' lang='lat' dir='ltr'><strong>pars</strong></span> <span class='ocrx_word' id='word_1_496' title='bbox 2320 2479 2432 2544; x_wconf 84' lang='lat' dir='ltr'><strong>ejus</strong></span> <span class='ocrx_word' id='word_1_497' title='bbox 2460 2496 2472 2529; x_wconf 91' lang='lat'><strong>:</strong></span> <span class='ocrx_word' id='word_1_498' title='bbox 2496 2479 2725 2529; x_wconf 91' lang='lat' dir='ltr'><strong>omnium</strong></span> <span class='ocrx_word' id='word_1_499' title='bbox 2755 2477 2890 2528; x_wconf 89' lang='lat' dir='ltr'><strong>enim</strong></span> <span class='ocrx_word' id='word_1_500' title='bbox 2917 2475 3207 2528; x_wconf 90' lang='lat' dir='ltr'><strong>divinorum</strong></span> <span class='ocrx_word' id='word_1_501' title='bbox 3236 2492 3354 2544; x_wconf 87' lang='lat' dir='ltr'><strong>pars</strong></span> <span class='ocrx_word' id='word_1_502' title='bbox 3382 2477 3485 2531; x_wconf 89' lang='lat' dir='ltr'><strong>hoc</strong></span> <span class='ocrx_word' id='word_1_503' title='bbox 3510 2491 3711 2545; x_wconf 79' lang='lat' dir='ltr'><strong>semper</strong></span> 
     </span>
    </p>
   </div>
   <div class='ocr_carea' id='block_1_56' title="bbox 2174 2564 3710 2634">
    <p class='ocr_par' dir='ltr' id='par_1_56' title="bbox 2174 2564 3710 2634">
     <span class='ocr_line' id='line_1_56' title="bbox 2174 2564 3710 2634; baseline -0.002 -15"><span class='ocrx_word' id='word_1_504' title='bbox 2174 2577 2271 2627; x_wconf 89' lang='lat' dir='ltr'><strong>est,</strong></span> <span class='ocrx_word' id='word_1_505' title='bbox 2307 2566 2441 2634; x_wconf 88' lang='lat' dir='ltr'><strong>quod</strong></span> <span class='ocrx_word' id='word_1_506' title='bbox 2471 2577 2548 2618; x_wconf 78' lang='lat' dir='ltr'><strong>est</strong></span> <span class='ocrx_word' id='word_1_507' title='bbox 2591 2577 2775 2628; x_wconf 92' lang='lat' dir='ltr'><strong>totum,</strong></span> <span class='ocrx_word' id='word_1_508' title='bbox 2806 2576 2862 2618; x_wconf 91' lang='lat' dir='ltr'><strong>ttt</strong></span> <span class='ocrx_word' id='word_1_509' title='bbox 2887 2575 2964 2618; x_wconf 90' lang='lat' dir='ltr'><strong>est</strong></span> <span class='ocrx_word' id='word_1_510' title='bbox 2995 2565 3170 2618; x_wconf 89' lang='lat' dir='ltr'><strong>anima</strong></span> <span class='ocrx_word' id='word_1_511' title='bbox 3207 2564 3258 2617; x_wconf 88' lang='lat' dir='ltr'><strong>itt</strong></span> <span class='ocrx_word' id='word_1_512' title='bbox 3293 2564 3605 2634; x_wconf 87' lang='lat' dir='ltr'><strong>corporibus</strong></span> <span class='ocrx_word' id='word_1_513' title='bbox 3625 2606 3637 2628; x_wconf 90' lang='lat'><strong>,</strong></span> <span class='ocrx_word' id='word_1_514' title='bbox 3661 2573 3710 2616; x_wconf 91' lang='lat' dir='ltr'><strong>ut</strong></span> 
     </span>
    </p>
   </div>
   <div class='ocr_carea' id='block_1_57' title="bbox 2173 2653 3698 2722">
    <p class='ocr_par' dir='ltr' id='par_1_57' title="bbox 2173 2653 3698 2722">
     <span class='ocr_line' id='line_1_57' title="bbox 2173 2653 3698 2722; baseline -0.001 -15"><span class='ocrx_word' id='word_1_515' title='bbox 2173 2655 2334 2707; x_wconf 89' lang='lat' dir='ltr'><strong>virtus</strong></span> <span class='ocrx_word' id='word_1_516' title='bbox 2364 2669 2424 2708; x_wconf 91' lang='lat' dir='ltr'><strong>ac</strong></span> <span class='ocrx_word' id='word_1_517' title='bbox 2444 2653 2710 2722; x_wconf 82' lang='lat' dir='ltr'><strong>disciplina</strong></span> <span class='ocrx_word' id='word_1_518' title='bbox 2744 2655 2793 2706; x_wconf 92' lang='lat' dir='ltr'><strong>iu</strong></span> <span class='ocrx_word' id='word_1_519' title='bbox 2822 2654 3039 2717; x_wconf 88' lang='lat' dir='ltr'><strong>animis,</strong></span> <span class='ocrx_word' id='word_1_520' title='bbox 3071 2657 3148 2707; x_wconf 89' lang='lat' dir='ltr'><strong>vel</strong></span> <span class='ocrx_word' id='word_1_521' title='bbox 3177 2655 3256 2708; x_wconf 93' lang='lat' dir='ltr'><strong>sol</strong></span> <span class='ocrx_word' id='word_1_522' title='bbox 3287 2665 3377 2706; x_wconf 88' lang='lat' dir='ltr'><strong>aut</strong></span> <span class='ocrx_word' id='word_1_523' title='bbox 3405 2654 3520 2722; x_wconf 80' lang='lat' dir='ltr'><strong>ejus</strong></span> <span class='ocrx_word' id='word_1_524' title='bbox 3551 2655 3632 2707; x_wconf 79' lang='lat' dir='ltr'><strong>lux</strong></span> <span class='ocrx_word' id='word_1_525' title='bbox 3655 2654 3698 2706; x_wconf 90' lang='lat' dir='ltr'><strong>in</strong></span> 
     </span>
    </p>
   </div>
   <div class='ocr_carea' id='block_1_58' title="bbox 2173 2744 3706 2814">
    <p class='ocr_par' dir='ltr' id='par_1_58' title="bbox 2173 2744 3706 2814">
     <span class='ocr_line' id='line_1_58' title="bbox 2173 2744 3706 2814; baseline -0.001 -16"><span class='ocrx_word' id='word_1_526' title='bbox 2173 2746 2356 2798; x_wconf 80' lang='lat' dir='ltr'><strong>oculis.</strong></span> <span class='ocrx_word' id='word_1_527' title='bbox 2393 2745 2564 2814; x_wconf 84' lang='lat' dir='ltr'><strong>Ipsum</strong></span> <span class='ocrx_word' id='word_1_528' title='bbox 2587 2756 2757 2798; x_wconf 88' lang='lat' dir='ltr'><strong>autem</strong></span> <span class='ocrx_word' id='word_1_529' title='bbox 2784 2746 2943 2814; x_wconf 71' lang='grc' dir='ltr'><strong>λόγον,</strong></span> <span class='ocrx_word' id='word_1_530' title='bbox 2977 2745 3251 2813; x_wconf 85' lang='lat' dir='ltr'><strong>ipsumque</strong></span> <span class='ocrx_word' id='word_1_531' title='bbox 3273 2745 3417 2798; x_wconf 89' lang='lat' dir='ltr'><strong>illum</strong></span> <span class='ocrx_word' id='word_1_532' title='bbox 3440 2761 3595 2814; x_wconf 89' lang='lat' dir='ltr'><strong>quem</strong></span> <span class='ocrx_word' id='word_1_533' title='bbox 3620 2744 3706 2797; x_wconf 87' lang='lat' dir='ltr'><strong>de-</strong></span> 
     </span>
    </p>
   </div>
   <div class='ocr_carea' id='block_1_59' title="bbox 2173 2834 3709 2903">
    <p class='ocr_par' dir='ltr' id='par_1_59' title="bbox 2173 2834 3709 2903">
     <span class='ocr_line' id='line_1_59' title="bbox 2173 2834 3709 2903; baseline -0.003 -12"><span class='ocrx_word' id='word_1_534' title='bbox 2173 2837 2578 2891; x_wconf 77' lang='lat' dir='ltr'><strong>monstravimus</strong></span> <span class='ocrx_word' id='word_1_535' title='bbox 2606 2835 2788 2896; x_wconf 90' lang='lat' dir='ltr'><strong>ﬁlittm,</strong></span> <span class='ocrx_word' id='word_1_536' title='bbox 2814 2836 2971 2888; x_wconf 82' lang='lat' dir='ltr'><strong>fuisse</strong></span> <span class='ocrx_word' id='word_1_537' title='bbox 2993 2835 3042 2887; x_wconf 92' lang='lat' dir='ltr'><strong>in</strong></span> <span class='ocrx_word' id='word_1_538' title='bbox 3064 2849 3304 2903; x_wconf 87' lang='lat' dir='ltr'><strong>corpore.</strong></span> <span class='ocrx_word' id='word_1_539' title='bbox 3336 2836 3519 2888; x_wconf 84' lang='lat' dir='ltr'><strong>omnia</strong></span> <span class='ocrx_word' id='word_1_540' title='bbox 3547 2834 3709 2888; x_wconf 79' lang='lat' dir='ltr'><strong>Evan-</strong></span> 
     </span>
    </p>
   </div>
   <div class='ocr_carea' id='block_1_60' title="bbox 2171 2924 3706 2997">
    <p class='ocr_par' dir='ltr' id='par_1_60' title="bbox 2171 2924 3706 2997">
     <span class='ocr_line' id='line_1_60' title="bbox 2171 2924 3706 2997; baseline 0.003 -21"><span class='ocrx_word' id='word_1_541' title='bbox 2171 2930 2302 2997; x_wconf 63' lang='grc' dir='ltr'><strong>εριίτι</strong></span> <span class='ocrx_word' id='word_1_542' title='bbox 2334 2928 2618 2988; x_wconf 85' lang='lat' dir='ltr'><strong>declarant,</strong></span> <span class='ocrx_word' id='word_1_543' title='bbox 2647 2926 2927 2994; x_wconf 85' lang='lat' dir='ltr'><strong>Apostolus</strong></span> <span class='ocrx_word' id='word_1_544' title='bbox 2957 2924 3154 2990; x_wconf 91' lang='lat' dir='ltr'><strong>omnis,</strong></span> <span class='ocrx_word' id='word_1_545' title='bbox 3202 2940 3385 2979; x_wconf 88' lang='lat' dir='ltr'><strong>omnes</strong></span> <span class='ocrx_word' id='word_1_546' title='bbox 3416 2925 3706 2993; x_wconf 56' lang='lat' dir='ltr'><strong>Propheta.</strong></span> 
     </span>
    </p>
   </div>
   <div class='ocr_carea' id='block_1_61' title="bbox 2171 3014 3710 3084">
    <p class='ocr_par' dir='ltr' id='par_1_61' title="bbox 2171 3014 3710 3084">
     <span class='ocr_line' id='line_1_61' title="bbox 2171 3014 3710 3084; baseline -0.001 -12"><span class='ocrx_word' id='word_1_547' title='bbox 2171 3019 2298 3072; x_wconf 87' lang='lat' dir='ltr'><strong>Cum</strong></span> <span class='ocrx_word' id='word_1_548' title='bbox 2338 3019 2474 3071; x_wconf 90' lang='lat' dir='ltr'><strong>enim</strong></span> <span class='ocrx_word' id='word_1_549' title='bbox 2515 3016 2864 3084; x_wconf 72' lang='lat' dir='ltr'><strong>prtedixerunt</strong></span> <span class='ocrx_word' id='word_1_550' title='bbox 2901 3015 3125 3068; x_wconf 80' lang='lat' dir='ltr'><strong>futurum</strong></span> <span class='ocrx_word' id='word_1_551' title='bbox 3171 3014 3463 3076; x_wconf 90' lang='lat' dir='ltr'><strong>Christum,</strong></span> <span class='ocrx_word' id='word_1_552' title='bbox 3488 3017 3710 3070; x_wconf 84' lang='lat' dir='ltr'><strong>ittearne</strong></span> 
     </span>
    </p>
   </div>
   <div class='ocr_carea' id='block_1_62' title="bbox 530 3093 3708 3189">
    <p class='ocr_par' dir='ltr' id='par_1_62' title="bbox 530 3093 3708 3189">
     <span class='ocr_line' id='line_1_62' title="bbox 530 3093 3708 3189; baseline -0.009 -4"><span class='ocrx_word' id='word_1_553' title='bbox 530 3132 602 3186; x_wconf 85' lang='lat' dir='ltr'><strong>Se</strong></span> <span class='ocrx_word' id='word_1_554' title='bbox 652 3093 934 3189; x_wconf 77' lang='lat' dir='ltr'><strong>exiuauivit,</strong></span> <span class='ocrx_word' id='word_1_555' title='bbox 977 3135 1026 3178; x_wconf 88' lang='lat' dir='ltr'><strong>et</strong></span> <span class='ocrx_word' id='word_1_556' title='bbox 1082 3122 1291 3188; x_wconf 79' lang='lat' dir='ltr'><strong>formam</strong></span> <span class='ocrx_word' id='word_1_557' title='bbox 1331 3116 1454 3170; x_wconf 83' lang='lat' dir='ltr'><strong>servi</strong></span> <span class='ocrx_word' id='word_1_558' title='bbox 1500 3128 1731 3174; x_wconf 83' lang='lat' dir='ltr'><strong>sumens,</strong></span> <span class='ocrx_word' id='word_1_559' title='bbox 1774 3110 1857 3176; x_wconf 87' lang='lat' dir='ltr'><strong>qui</strong></span> <span class='ocrx_word' id='word_1_560' title='bbox 1911 3106 2069 3158; x_wconf 89' lang='lat' dir='ltr'><strong>habe-</strong></span> <span class='ocrx_word' id='word_1_561' title='bbox 2095 3093 2137 3151; x_wconf 77' lang='lat' dir='ltr'>C</span> <span class='ocrx_word' id='word_1_562' title='bbox 2173 3109 2397 3161; x_wconf 79' lang='lat' dir='ltr'><strong>futurum</strong></span> <span class='ocrx_word' id='word_1_563' title='bbox 2422 3107 2790 3174; x_wconf 66' lang='lat' dir='ltr'><strong>prtedixertmt,</strong></span> <span class='ocrx_word' id='word_1_564' title='bbox 2813 3106 3006 3173; x_wconf 89' lang='lat' dir='ltr'><strong>quippe</strong></span> <span class='ocrx_word' id='word_1_565' title='bbox 3025 3120 3143 3158; x_wconf 90' lang='lat' dir='ltr'><strong>cum</strong></span> <span class='ocrx_word' id='word_1_566' title='bbox 3173 3115 3295 3158; x_wconf 88' lang='lat' dir='ltr'><strong>ante</strong></span> <span class='ocrx_word' id='word_1_567' title='bbox 3336 3105 3386 3156; x_wconf 87' lang='lat' dir='ltr'><strong>in</strong></span> <span class='ocrx_word' id='word_1_568' title='bbox 3407 3118 3624 3158; x_wconf 84' lang='lat' dir='ltr'><strong>carnem</strong></span> <span class='ocrx_word' id='word_1_569' title='bbox 3644 3105 3708 3157; x_wconf 80' lang='lat' dir='ltr'><strong>di-</strong></span> 
     </span>
    </p>
   </div>
   <div class='ocr_carea' id='block_1_63' title="bbox 527 3196 2064 3276">
    <p class='ocr_par' dir='ltr' id='par_1_63' title="bbox 527 3196 2064 3276">
     <span class='ocr_line' id='line_1_63' title="bbox 527 3196 2064 3276; baseline -0.02 0"><span class='ocrx_word' id='word_1_570' title='bbox 527 3223 622 3276; x_wconf 84' lang='lat' dir='ltr'><strong>bat</strong></span> <span class='ocrx_word' id='word_1_571' title='bbox 640 3219 943 3275; x_wconf 89' lang='lat' dir='ltr'><strong>dominium.</strong></span> <span class='ocrx_word' id='word_1_572' title='bbox 971 3214 1067 3268; x_wconf 88' lang='lat' dir='ltr'><strong>Ista</strong></span> <span class='ocrx_word' id='word_1_573' title='bbox 1085 3211 1254 3265; x_wconf 81' lang='lat' dir='ltr'><strong>omnia</strong></span> <span class='ocrx_word' id='word_1_574' title='bbox 1279 3216 1396 3261; x_wconf 89' lang='lat' dir='ltr'><strong>sunt</strong></span> <span class='ocrx_word' id='word_1_575' title='bbox 1419 3219 1508 3257; x_wconf 82' lang='lat' dir='ltr'><strong>sua</strong></span> <span class='ocrx_word' id='word_1_576' title='bbox 1529 3203 1793 3254; x_wconf 81' lang='lat' dir='ltr'><strong>voluntate</strong></span> <span class='ocrx_word' id='word_1_577' title='bbox 1812 3196 2064 3250; x_wconf 72' lang='lat' dir='ltr'><strong>facientis.</strong></span> 
     </span>
    </p>
   </div>
   <div class='ocr_carea' id='block_1_64' title="bbox 528 3289 2069 3378">
    <p class='ocr_par' dir='ltr' id='par_1_64' title="bbox 528 3289 2069 3378">
     <span class='ocr_line' id='line_1_64' title="bbox 528 3289 2069 3378; baseline -0.018 -12"><span class='ocrx_word' id='word_1_578' title='bbox 528 3311 632 3367; x_wconf 90' lang='lat' dir='ltr'><strong>Sed</strong></span> <span class='ocrx_word' id='word_1_579' title='bbox 662 3319 832 3378; x_wconf 89' lang='lat' dir='ltr'><strong>potest</strong></span> <span class='ocrx_word' id='word_1_580' title='bbox 852 3305 993 3359; x_wconf 89' lang='lat' dir='ltr'><strong>credi</strong></span> <span class='ocrx_word' id='word_1_581' title='bbox 1023 3304 1131 3370; x_wconf 88' lang='lat' dir='ltr'><strong>ipse</strong></span> <span class='ocrx_word' id='word_1_582' title='bbox 1153 3302 1339 3360; x_wconf 79' lang='lat' dir='ltr'><strong>facere,</strong></span> <span class='ocrx_word' id='word_1_583' title='bbox 1364 3311 1481 3350; x_wconf 91' lang='lat' dir='ltr'><strong>cum</strong></span> <span class='ocrx_word' id='word_1_584' title='bbox 1510 3296 1560 3346; x_wconf 91' lang='lat' dir='ltr'><strong>in</strong></span> <span class='ocrx_word' id='word_1_585' title='bbox 1589 3295 1699 3360; x_wconf 92' lang='lat' dir='ltr'><strong>ipso</strong></span> <span class='ocrx_word' id='word_1_586' title='bbox 1718 3300 1861 3358; x_wconf 89' lang='lat' dir='ltr'><strong>pater</strong></span> <span class='ocrx_word' id='word_1_587' title='bbox 1882 3289 1946 3340; x_wconf 90' lang='lat' dir='ltr'><strong>sit</strong></span> <span class='ocrx_word' id='word_1_588' title='bbox 1972 3328 1984 3348; x_wconf 84' lang='grc'><em>,</em></span> <span class='ocrx_word' id='word_1_589' title='bbox 2005 3300 2069 3340; x_wconf 79' lang='lat' dir='ltr'><strong>ex</strong></span> 
     </span>
    </p>
   </div>
   <div class='ocr_carea' id='block_1_65' title="bbox 527 3376 2066 3471">
    <p class='ocr_par' dir='ltr' id='par_1_65' title="bbox 527 3376 2066 3471">
     <span class='ocr_line' id='line_1_65' title="bbox 527 3376 2066 3471; baseline -0.018 -16"><span class='ocrx_word' id='word_1_590' title='bbox 527 3376 716 3471; x_wconf 83' lang='lat' dir='ltr'><strong>quibus</strong></span> <span class='ocrx_word' id='word_1_591' title='bbox 768 3405 889 3451; x_wconf 90' lang='lat' dir='ltr'><strong>sunt</strong></span> <span class='ocrx_word' id='word_1_592' title='bbox 933 3404 986 3448; x_wconf 90' lang='lat' dir='ltr'><strong>et</strong></span> <span class='ocrx_word' id='word_1_593' title='bbox 1015 3393 1102 3446; x_wconf 91' lang='lat' dir='ltr'><strong>illa</strong></span> <span class='ocrx_word' id='word_1_594' title='bbox 1167 3389 1339 3460; x_wconf 86' lang='lat' dir='ltr'><strong>(Joan.</strong></span> <span class='ocrx_word' id='word_1_595' title='bbox 1377 3403 1428 3448; x_wconf 76' lang='grc' dir='ltr'>ιι,</span> <span class='ocrx_word' id='word_1_596' title='bbox 1458 3383 1548 3450; x_wconf 78' lang='lat'><strong>‘23)</strong></span> <span class='ocrx_word' id='word_1_597' title='bbox 1581 3401 1593 3435; x_wconf 90' lang='lat'><strong>:</strong></span> <span class='ocrx_word' id='word_1_598' title='bbox 1625 3380 1731 3449; x_wconf 83' lang='lat' dir='ltr'><strong>Ego</strong></span> <span class='ocrx_word' id='word_1_599' title='bbox 1750 3380 1814 3430; x_wconf 89' lang='lat' dir='ltr'><strong>do</strong></span> <span class='ocrx_word' id='word_1_600' title='bbox 1843 3379 1989 3471; x_wconf 77' lang='lat' dir='ltr'><strong>vitam</strong></span> <span class='ocrx_word' id='word_1_601' title='bbox 2016 3376 2066 3427; x_wconf 90' lang='lat' dir='ltr'><strong>in</strong></span> 
     </span>
    </p>
   </div>
   <div class='ocr_carea' id='block_1_66' title="bbox 526 3466 2067 3556">
    <p class='ocr_par' dir='ltr' id='par_1_66' title="bbox 526 3466 2067 3556">
     <span class='ocr_line' id='line_1_66' title="bbox 526 3466 2067 3556; baseline -0.018 -11"><span class='ocrx_word' id='word_1_602' title='bbox 526 3466 785 3546; x_wconf 65' lang='lat' dir='ltr'><strong>aeternum.</strong></span> <span class='ocrx_word' id='word_1_603' title='bbox 824 3487 890 3540; x_wconf 87' lang='lat' dir='ltr'><strong>Et</strong></span> <span class='ocrx_word' id='word_1_604' title='bbox 939 3483 1134 3556; x_wconf 82' lang='lat' dir='ltr'><strong>(Ibid.,</strong></span> <span class='ocrx_word' id='word_1_605' title='bbox 1187 3480 1296 3549; x_wconf 82' lang='lat'><strong>&#39;7):</strong></span> <span class='ocrx_word' id='word_1_606' title='bbox 1356 3475 1460 3544; x_wconf 73' lang='lat' dir='ltr'><strong>Ego</strong></span> <span class='ocrx_word' id='word_1_607' title='bbox 1504 3489 1610 3526; x_wconf 86' lang='lat' dir='ltr'><strong>sum</strong></span> <span class='ocrx_word' id='word_1_608' title='bbox 1673 3474 1831 3539; x_wconf 83' lang='lat' dir='ltr'><strong>jantta</strong></span> <span class='ocrx_word' id='word_1_609' title='bbox 1876 3466 2067 3536; x_wconf 85' lang='lat' dir='ltr'><strong>(Joan.</strong></span> 
     </span>
    </p>
   </div>
   <div class='ocr_carea' id='block_1_67' title="bbox 526 3555 2064 3647">
    <p class='ocr_par' dir='ltr' id='par_1_67' title="bbox 526 3555 2064 3647">
     <span class='ocr_line' id='line_1_67' title="bbox 526 3555 2064 3647; baseline -0.02 -10"><span class='ocrx_word' id='word_1_610' title='bbox 526 3599 634 3645; x_wconf 78' lang='lat' dir='ltr'><strong>xvr,</strong></span> <span class='ocrx_word' id='word_1_611' title='bbox 665 3581 740 3642; x_wconf 77' lang='lat'><strong>6),</strong></span> <span class='ocrx_word' id='word_1_612' title='bbox 769 3594 856 3647; x_wconf 81' lang='lat' dir='ltr'><strong>ego</strong></span> <span class='ocrx_word' id='word_1_613' title='bbox 884 3576 981 3628; x_wconf 77' lang='lat' dir='ltr'><strong>vita</strong></span> <span class='ocrx_word' id='word_1_614' title='bbox 1014 3614 1030 3638; x_wconf 88' lang='lat'><strong>,</strong></span> <span class='ocrx_word' id='word_1_615' title='bbox 1079 3589 1165 3641; x_wconf 86' lang='lat' dir='ltr'><strong>ego</strong></span> <span class='ocrx_word' id='word_1_616' title='bbox 1208 3572 1405 3622; x_wconf 81' lang='lat' dir='ltr'><strong>ueritas.</strong></span> <span class='ocrx_word' id='word_1_617' title='bbox 1459 3566 1586 3618; x_wconf 89' lang='lat' dir='ltr'><strong>ltem</strong></span> <span class='ocrx_word' id='word_1_618' title='bbox 1648 3561 1823 3629; x_wconf 84' lang='lat' dir='ltr'><strong>(Joan.</strong></span> <span class='ocrx_word' id='word_1_619' title='bbox 1857 3573 1908 3621; x_wconf 78' lang='grc' dir='ltr'><strong>ν,</strong></span> <span class='ocrx_word' id='word_1_620' title='bbox 1937 3555 2064 3647; x_wconf 63' lang='grc' dir='ltr'><strong>2ης</strong></span> 
     </span>
    </p>
   </div>
   <div class='ocr_carea' id='block_1_68' title="bbox 523 3646 2067 3731">
    <p class='ocr_par' dir='ltr' id='par_1_68' title="bbox 523 3646 2067 3731">
     <span class='ocr_line' id='line_1_68' title="bbox 523 3646 2067 3731; baseline -0.018 -6"><span class='ocrx_word' id='word_1_621' title='bbox 523 3672 668 3727; x_wconf 81' lang='lat' dir='ltr'><strong>Sicut</strong></span> <span class='ocrx_word' id='word_1_622' title='bbox 706 3646 832 3721; x_wconf 84' lang='lat' dir='ltr'><strong>enim</strong></span> <span class='ocrx_word' id='word_1_623' title='bbox 882 3676 1020 3731; x_wconf 85' lang='lat' dir='ltr'><strong>pater</strong></span> <span class='ocrx_word' id='word_1_624' title='bbox 1060 3664 1262 3716; x_wconf 81' lang='lat' dir='ltr'><strong>suscitat</strong></span> <span class='ocrx_word' id='word_1_625' title='bbox 1307 3667 1523 3710; x_wconf 78' lang='lat' dir='ltr'><strong>mortuos</strong></span> <span class='ocrx_word' id='word_1_626' title='bbox 1580 3665 1623 3706; x_wconf 88' lang='lat' dir='ltr'><strong>et</strong></span> <span class='ocrx_word' id='word_1_627' title='bbox 1670 3652 1881 3717; x_wconf 75' lang='lat' dir='ltr'><strong>vivi/irai</strong></span> <span class='ocrx_word' id='word_1_628' title='bbox 1908 3689 1922 3714; x_wconf 89' lang='lat'><strong>,</strong></span> <span class='ocrx_word' id='word_1_629' title='bbox 1998 3646 2067 3700; x_wconf 87' lang='lat' dir='ltr'><strong>sic</strong></span> 
     </span>
    </p>
   </div>
   <div class='ocr_carea' id='block_1_69' title="bbox 524 3741 2070 3829">
    <p class='ocr_par' dir='ltr' id='par_1_69' title="bbox 524 3741 2070 3829">
     <span class='ocr_line' id='line_1_69' title="bbox 524 3741 2070 3829; baseline -0.02 -11"><span class='ocrx_word' id='word_1_630' title='bbox 524 3776 572 3818; x_wconf 83' lang='lat' dir='ltr'><strong>et</strong></span> <span class='ocrx_word' id='word_1_631' title='bbox 604 3763 737 3829; x_wconf 79' lang='lat' dir='ltr'><strong>ﬁlius</strong></span> <span class='ocrx_word' id='word_1_632' title='bbox 758 3776 877 3825; x_wconf 82' lang='lat' dir='ltr'><strong>quos</strong></span> <span class='ocrx_word' id='word_1_633' title='bbox 902 3757 1002 3810; x_wconf 77' lang='lat' dir='ltr'><strong>vult</strong></span> <span class='ocrx_word' id='word_1_634' title='bbox 1031 3754 1262 3820; x_wconf 78' lang='lat' dir='ltr'><strong>viviﬁcat.</strong></span> <span class='ocrx_word' id='word_1_635' title='bbox 1295 3749 1416 3801; x_wconf 54' lang='lat' dir='ltr'><strong>llaec</strong></span> <span class='ocrx_word' id='word_1_636' title='bbox 1463 3760 1582 3798; x_wconf 88' lang='lat' dir='ltr'><strong>vera</strong></span> <span class='ocrx_word' id='word_1_637' title='bbox 1610 3783 1623 3807; x_wconf 93' lang='lat'><strong>,</strong></span> <span class='ocrx_word' id='word_1_638' title='bbox 1652 3743 1762 3795; x_wconf 72' lang='lat' dir='ltr'><strong>brec</strong></span> <span class='ocrx_word' id='word_1_639' title='bbox 1783 3741 1922 3792; x_wconf 90' lang='lat' dir='ltr'><strong>varia</strong></span> <span class='ocrx_word' id='word_1_640' title='bbox 1957 3779 1970 3802; x_wconf 90' lang='lat'><strong>,</strong></span> <span class='ocrx_word' id='word_1_641' title='bbox 2016 3742 2070 3788; x_wconf 91' lang='lat' dir='ltr'><strong>et</strong></span> 
     </span>
    </p>
   </div>
   <div class='ocr_carea' id='block_1_70' title="bbox 526 3827 2063 3913">
    <p class='ocr_par' dir='ltr' id='par_1_70' title="bbox 526 3827 2063 3913">
     <span class='ocr_line' id='line_1_70' title="bbox 526 3827 2063 3913; baseline -0.018 -7"><span class='ocrx_word' id='word_1_642' title='bbox 526 3852 581 3906; x_wconf 88' lang='lat' dir='ltr'><strong>in</strong></span> <span class='ocrx_word' id='word_1_643' title='bbox 605 3827 847 3904; x_wconf 86' lang='lat' dir='ltr'><strong>omnibus</strong></span> <span class='ocrx_word' id='word_1_644' title='bbox 875 3846 1037 3913; x_wconf 89' lang='lat' dir='ltr'><strong>magis</strong></span> <span class='ocrx_word' id='word_1_645' title='bbox 1064 3859 1180 3896; x_wconf 84' lang='lat' dir='ltr'><strong>vera</strong></span> <span class='ocrx_word' id='word_1_646' title='bbox 1233 3837 1566 3905; x_wconf 86' lang='lat' dir='ltr'><strong>intelligentia</strong></span> <span class='ocrx_word' id='word_1_647' title='bbox 1599 3833 1720 3886; x_wconf 81' lang='lat' dir='ltr'><strong>facit.</strong></span> <span class='ocrx_word' id='word_1_648' title='bbox 1747 3841 1798 3884; x_wconf 91' lang='lat' dir='ltr'><strong>et</strong></span> <span class='ocrx_word' id='word_1_649' title='bbox 1827 3829 1985 3882; x_wconf 92' lang='lat' dir='ltr'><strong>ﬁlium</strong></span> <span class='ocrx_word' id='word_1_650' title='bbox 2015 3827 2063 3879; x_wconf 88' lang='lat' dir='ltr'><strong>in</strong></span> 
     </span>
    </p>
   </div>
   <div class='ocr_carea' id='block_1_71' title="bbox 521 3931 2064 4013">
    <p class='ocr_par' dir='ltr' id='par_1_71' title="bbox 521 3931 2064 4013">
     <span class='ocr_line' id='line_1_71' title="bbox 521 3931 2064 4013; baseline -0.017 -18"><span class='ocrx_word' id='word_1_651' title='bbox 521 3951 672 4013; x_wconf 87' lang='lat' dir='ltr'><strong>patre</strong></span> <span class='ocrx_word' id='word_1_652' title='bbox 700 3954 845 4002; x_wconf 91' lang='lat' dir='ltr'><strong>esse,</strong></span> <span class='ocrx_word' id='word_1_653' title='bbox 898 3945 951 3989; x_wconf 91' lang='lat' dir='ltr'><strong>et</strong></span> <span class='ocrx_word' id='word_1_654' title='bbox 989 3937 1037 3988; x_wconf 91' lang='lat' dir='ltr'><strong>in</strong></span> <span class='ocrx_word' id='word_1_655' title='bbox 1088 3934 1193 3985; x_wconf 90' lang='lat' dir='ltr'><strong>ﬁlio</strong></span> <span class='ocrx_word' id='word_1_656' title='bbox 1220 3939 1417 3999; x_wconf 89' lang='lat' dir='ltr'><strong>patrem</strong></span> <span class='ocrx_word' id='word_1_657' title='bbox 1445 3967 1462 3992; x_wconf 92' lang='lat'><strong>,</strong></span> <span class='ocrx_word' id='word_1_658' title='bbox 1519 3936 1570 3980; x_wconf 91' lang='lat' dir='ltr'><strong>ct</strong></span> <span class='ocrx_word' id='word_1_659' title='bbox 1600 3935 1769 3977; x_wconf 88' lang='lat' dir='ltr'><strong>tamen</strong></span> <span class='ocrx_word' id='word_1_660' title='bbox 1795 3932 1847 3974; x_wconf 92' lang='lat' dir='ltr'><strong>ut</strong></span> <span class='ocrx_word' id='word_1_661' title='bbox 1878 3931 2023 3989; x_wconf 84' lang='lat' dir='ltr'><strong>pater</strong></span> <span class='ocrx_word' id='word_1_662' title='bbox 2050 3959 2064 3983; x_wconf 95' lang='lat'><strong>,</strong></span> 
     </span>
    </p>
   </div>
   <div class='ocr_carea' id='block_1_72' title="bbox 522 4011 2030 4088">
    <p class='ocr_par' dir='ltr' id='par_1_72' title="bbox 522 4011 2030 4088">
     <span class='ocr_line' id='line_1_72' title="bbox 522 4011 2030 4088; baseline -0.018 -2"><span class='ocrx_word' id='word_1_663' title='bbox 522 4011 583 4086; x_wconf 75' lang='grc' dir='ltr'><strong>ιιι</strong></span> <span class='ocrx_word' id='word_1_664' title='bbox 609 4031 737 4088; x_wconf 82' lang='lat' dir='ltr'><strong>alter</strong></span> <span class='ocrx_word' id='word_1_665' title='bbox 766 4029 870 4081; x_wconf 86' lang='lat' dir='ltr'><strong>sint</strong></span> <span class='ocrx_word' id='word_1_666' title='bbox 893 4035 945 4079; x_wconf 89' lang='lat' dir='ltr'><strong>et</strong></span> <span class='ocrx_word' id='word_1_667' title='bbox 977 4038 1132 4075; x_wconf 91' lang='lat' dir='ltr'><strong>unum</strong></span> <span class='ocrx_word' id='word_1_668' title='bbox 1155 4062 1168 4086; x_wconf 97' lang='lat'><strong>,</strong></span> <span class='ocrx_word' id='word_1_669' title='bbox 1209 4030 1378 4073; x_wconf 91' lang='lat' dir='ltr'><strong>tamen</strong></span> <span class='ocrx_word' id='word_1_670' title='bbox 1407 4019 1510 4069; x_wconf 90' lang='lat' dir='ltr'><strong>duo</strong></span> <span class='ocrx_word' id='word_1_671' title='bbox 1531 4015 1633 4068; x_wconf 89' lang='lat' dir='ltr'><strong>sint</strong></span> <span class='ocrx_word' id='word_1_672' title='bbox 1660 4051 1673 4076; x_wconf 94' lang='lat'><strong>,</strong></span> <span class='ocrx_word' id='word_1_673' title='bbox 1697 4011 1941 4080; x_wconf 78' lang='lat' dir='ltr'><strong>quoniam</strong></span> <span class='ocrx_word' id='word_1_674' title='bbox 1969 4023 2030 4059; x_wconf 93' lang='lat' dir='ltr'><strong>att</strong></span> 
     </span>
    </p>
   </div>
   <div class='ocr_carea' id='block_1_73' title="bbox 526 4096 2065 4185">
    <p class='ocr_par' dir='ltr' id='par_1_73' title="bbox 526 4096 2065 4185">
     <span class='ocr_line' id='line_1_73' title="bbox 526 4096 2065 4185; baseline -0.016 -11"><span class='ocrx_word' id='word_1_675' title='bbox 526 4131 630 4174; x_wconf 90' lang='lat' dir='ltr'><strong>tem</strong></span> <span class='ocrx_word' id='word_1_676' title='bbox 658 4119 790 4172; x_wconf 86' lang='lat' dir='ltr'><strong>alter</strong></span> <span class='ocrx_word' id='word_1_677' title='bbox 817 4125 962 4185; x_wconf 89' lang='lat' dir='ltr'><strong>pater</strong></span> <span class='ocrx_word' id='word_1_678' title='bbox 995 4153 1009 4175; x_wconf 90' lang='lat'><strong>,</strong></span> <span class='ocrx_word' id='word_1_679' title='bbox 1051 4113 1185 4163; x_wconf 90' lang='lat' dir='ltr'><strong>alter</strong></span> <span class='ocrx_word' id='word_1_680' title='bbox 1207 4111 1338 4162; x_wconf 89' lang='lat' dir='ltr'><strong>lilius</strong></span> <span class='ocrx_word' id='word_1_681' title='bbox 1369 4125 1381 4158; x_wconf 92' lang='lat'>:</span> <span class='ocrx_word' id='word_1_682' title='bbox 1430 4106 1619 4173; x_wconf 88' lang='lat' dir='ltr'><strong>quippe</strong></span> <span class='ocrx_word' id='word_1_683' title='bbox 1646 4117 1762 4156; x_wconf 91' lang='lat' dir='ltr'><strong>cum</strong></span> <span class='ocrx_word' id='word_1_684' title='bbox 1797 4110 1942 4168; x_wconf 87' lang='lat' dir='ltr'><strong>pater</strong></span> <span class='ocrx_word' id='word_1_685' title='bbox 1974 4096 2065 4149; x_wconf 90' lang='lat' dir='ltr'><strong>ﬁlii</strong></span> 
     </span>
    </p>
   </div>
   <div class='ocr_carea' id='block_1_74' title="bbox 520 4187 2063 4273">
    <p class='ocr_par' dir='ltr' id='par_1_74' title="bbox 520 4187 2063 4273">
     <span class='ocr_line' id='line_1_74' title="bbox 520 4187 2063 4273; baseline -0.017 -9"><span class='ocrx_word' id='word_1_686' title='bbox 520 4210 639 4264; x_wconf 83' lang='lat' dir='ltr'><strong>fons</strong></span> <span class='ocrx_word' id='word_1_687' title='bbox 674 4248 687 4273; x_wconf 92' lang='lat'><strong>,</strong></span> <span class='ocrx_word' id='word_1_688' title='bbox 734 4208 867 4259; x_wconf 91' lang='lat' dir='ltr'><strong>ﬁlius</strong></span> <span class='ocrx_word' id='word_1_689' title='bbox 898 4213 950 4256; x_wconf 88' lang='lat' dir='ltr'><strong>ttt</strong></span> <span class='ocrx_word' id='word_1_690' title='bbox 977 4201 1166 4255; x_wconf 87' lang='lat' dir='ltr'><strong>ﬁumen</strong></span> <span class='ocrx_word' id='word_1_691' title='bbox 1194 4241 1205 4263; x_wconf 94' lang='lat'><strong>,</strong></span> <span class='ocrx_word' id='word_1_692' title='bbox 1238 4196 1374 4268; x_wconf 87' lang='lat' dir='ltr'><strong>quod</strong></span> <span class='ocrx_word' id='word_1_693' title='bbox 1417 4193 1647 4250; x_wconf 78' lang='lat' dir='ltr'><strong>excurrit</strong></span> <span class='ocrx_word' id='word_1_694' title='bbox 1672 4207 1733 4244; x_wconf 78' lang='lat' dir='ltr'><strong>ex</strong></span> <span class='ocrx_word' id='word_1_695' title='bbox 1779 4189 1917 4243; x_wconf 80' lang='lat' dir='ltr'><strong>fonte</strong></span> <span class='ocrx_word' id='word_1_696' title='bbox 1946 4205 1956 4237; x_wconf 89' lang='lat'>:</span> <span class='ocrx_word' id='word_1_697' title='bbox 2014 4187 2063 4238; x_wconf 92' lang='lat' dir='ltr'><strong>in</strong></span> 
     </span>
    </p>
   </div>
   <div class='ocr_carea' id='block_1_75' title="bbox 519 4283 2059 4353">
    <p class='ocr_par' dir='ltr' id='par_1_75' title="bbox 519 4283 2059 4353">
     <span class='ocr_line' id='line_1_75' title="bbox 519 4283 2059 4353; baseline -0.017 0"><span class='ocrx_word' id='word_1_698' title='bbox 519 4301 665 4353; x_wconf 80' lang='lat' dir='ltr'><strong>fonte</strong></span> <span class='ocrx_word' id='word_1_699' title='bbox 690 4305 862 4349; x_wconf 87' lang='lat' dir='ltr'><strong>autem</strong></span> <span class='ocrx_word' id='word_1_700' title='bbox 907 4302 961 4345; x_wconf 92' lang='lat' dir='ltr'><strong>ut</strong></span> <span class='ocrx_word' id='word_1_701' title='bbox 991 4304 1205 4343; x_wconf 87' lang='lat' dir='ltr'><strong>manens</strong></span> <span class='ocrx_word' id='word_1_702' title='bbox 1231 4301 1362 4353; x_wconf 89' lang='lat' dir='ltr'><strong>aqua</strong></span> <span class='ocrx_word' id='word_1_703' title='bbox 1397 4327 1410 4349; x_wconf 93' lang='lat'><strong>,</strong></span> <span class='ocrx_word' id='word_1_704' title='bbox 1461 4293 1514 4337; x_wconf 92' lang='lat' dir='ltr'><strong>et</strong></span> <span class='ocrx_word' id='word_1_705' title='bbox 1541 4283 1716 4351; x_wconf 90' lang='lat' dir='ltr'><strong>quieta</strong></span> <span class='ocrx_word' id='word_1_706' title='bbox 1739 4289 1818 4333; x_wconf 91' lang='lat' dir='ltr'><strong>est</strong></span> <span class='ocrx_word' id='word_1_707' title='bbox 1849 4320 1861 4341; x_wconf 95' lang='lat'><strong>,</strong></span> <span class='ocrx_word' id='word_1_708' title='bbox 1893 4292 2017 4346; x_wconf 86' lang='lat' dir='ltr'><strong>pura</strong></span> <span class='ocrx_word' id='word_1_709' title='bbox 2045 4314 2059 4338; x_wconf 88' lang='lat'><strong>,</strong></span> 
     </span>
    </p>
   </div>
   <div class='ocr_carea' id='block_1_76' title="bbox 521 4371 2060 4444">
    <p class='ocr_par' dir='ltr' id='par_1_76' title="bbox 521 4371 2060 4444">
     <span class='ocr_line' id='line_1_76' title="bbox 521 4371 2060 4444; baseline -0.016 -2"><span class='ocrx_word' id='word_1_710' title='bbox 521 4384 852 4442; x_wconf 85' lang='lat' dir='ltr'><strong>immaculata</strong></span> <span class='ocrx_word' id='word_1_711' title='bbox 879 4423 892 4444; x_wconf 91' lang='lat'><strong>,</strong></span> <span class='ocrx_word' id='word_1_712' title='bbox 919 4383 1032 4434; x_wconf 88' lang='lat' dir='ltr'><strong>siue</strong></span> <span class='ocrx_word' id='word_1_713' title='bbox 1059 4376 1288 4431; x_wconf 88' lang='lat' dir='ltr'><strong>seatendi</strong></span> <span class='ocrx_word' id='word_1_714' title='bbox 1319 4373 1493 4442; x_wconf 88' lang='lat' dir='ltr'><strong>specie</strong></span> <span class='ocrx_word' id='word_1_715' title='bbox 1526 4413 1540 4435; x_wconf 92' lang='lat'><strong>,</strong></span> <span class='ocrx_word' id='word_1_716' title='bbox 1569 4371 1665 4423; x_wconf 89' lang='lat' dir='ltr'><strong>sibi</strong></span> <span class='ocrx_word' id='word_1_717' title='bbox 1690 4371 1892 4423; x_wconf 90' lang='lat' dir='ltr'><strong>uceulto</strong></span> <span class='ocrx_word' id='word_1_718' title='bbox 1920 4373 2060 4419; x_wconf 89' lang='lat' dir='ltr'><strong>motu</strong></span> 
     </span>
    </p>
   </div>
   <div class='ocr_carea' id='block_1_77' title="bbox 2171 3194 3709 3263">
    <p class='ocr_par' dir='ltr' id='par_1_77' title="bbox 2171 3194 3709 3263">
     <span class='ocr_line' id='line_1_77' title="bbox 2171 3194 3709 3263; baseline -0.002 -13"><span class='ocrx_word' id='word_1_719' title='bbox 2171 3207 2293 3251; x_wconf 91' lang='lat' dir='ltr'><strong>cant</strong></span> <span class='ocrx_word' id='word_1_720' title='bbox 2314 3207 2363 3250; x_wconf 89' lang='lat' dir='ltr'><strong>et</strong></span> <span class='ocrx_word' id='word_1_721' title='bbox 2384 3199 2572 3259; x_wconf 84' lang='lat' dir='ltr'><strong>visum,</strong></span> <span class='ocrx_word' id='word_1_722' title='bbox 2596 3205 2646 3248; x_wconf 93' lang='lat' dir='ltr'><strong>et</strong></span> <span class='ocrx_word' id='word_1_723' title='bbox 2676 3197 3001 3263; x_wconf 85' lang='lat' dir='ltr'><strong>apparuisse.</strong></span> <span class='ocrx_word' id='word_1_724' title='bbox 3024 3203 3082 3247; x_wconf 91' lang='lat' dir='ltr'><strong>ut</strong></span> <span class='ocrx_word' id='word_1_725' title='bbox 3102 3195 3349 3256; x_wconf 64' lang='lat' dir='ltr'><strong>Abrahae,</strong></span> <span class='ocrx_word' id='word_1_726' title='bbox 3370 3204 3426 3247; x_wconf 92' lang='grc' dir='ltr'><strong>ιιι</strong></span> <span class='ocrx_word' id='word_1_727' title='bbox 3443 3194 3628 3248; x_wconf 80' lang='lat' dir='ltr'><strong>Jacob.</strong></span> <span class='ocrx_word' id='word_1_728' title='bbox 3653 3195 3709 3248; x_wconf 83' lang='lat' dir='ltr'><strong>Et</strong></span> 
     </span>
    </p>
   </div>
   <div class='ocr_carea' id='block_1_78' title="bbox 2171 3280 3709 3356">
    <p class='ocr_par' dir='ltr' id='par_1_78' title="bbox 2171 3280 3709 3356">
     <span class='ocr_line' id='line_1_78' title="bbox 2171 3280 3709 3356; baseline -0.003 -17"><span class='ocrx_word' id='word_1_729' title='bbox 2171 3287 2281 3356; x_wconf 91' lang='lat' dir='ltr'><strong>ipse</strong></span> <span class='ocrx_word' id='word_1_730' title='bbox 2313 3288 2362 3338; x_wconf 91' lang='lat' dir='ltr'><strong>in</strong></span> <span class='ocrx_word' id='word_1_731' title='bbox 2393 3300 2549 3338; x_wconf 91' lang='lat' dir='ltr'><strong>carne</strong></span> <span class='ocrx_word' id='word_1_732' title='bbox 2571 3284 2760 3338; x_wconf 78' lang='lat' dir='ltr'><strong>dixerit</strong></span> <span class='ocrx_word' id='word_1_733' title='bbox 2780 3285 2797 3352; x_wconf 93' lang='lat'>(</span> <span class='ocrx_word' id='word_1_734' title='bbox 2818 3280 2972 3336; x_wconf 82' lang='lat' dir='ltr'><strong>Joan.</strong></span> <span class='ocrx_word' id='word_1_735' title='bbox 3000 3299 3111 3348; x_wconf 88' lang='lat' dir='ltr'><strong>vnt,</strong></span> <span class='ocrx_word' id='word_1_736' title='bbox 3135 3283 3234 3352; x_wconf 79' lang='lat'><strong>5(5)</strong></span> <span class='ocrx_word' id='word_1_737' title='bbox 3263 3302 3272 3334; x_wconf 90' lang='lat'>:</span> <span class='ocrx_word' id='word_1_738' title='bbox 3308 3284 3563 3336; x_wconf 75' lang='lat' dir='ltr'><strong>Abraham</strong></span> <span class='ocrx_word' id='word_1_739' title='bbox 3595 3285 3709 3336; x_wconf 74' lang='lat' dir='ltr'><strong>vidit</strong></span> 
     </span>
    </p>
   </div>
   <div class='ocr_carea' id='block_1_79' title="bbox 2169 3375 3707 3444">
    <p class='ocr_par' dir='ltr' id='par_1_79' title="bbox 2169 3375 3707 3444">
     <span class='ocr_line' id='line_1_79' title="bbox 2169 3375 3707 3444; baseline -0.001 -15"><span class='ocrx_word' id='word_1_740' title='bbox 2169 3379 2298 3429; x_wconf 84' lang='lat' dir='ltr'><strong>dicat</strong></span> <span class='ocrx_word' id='word_1_741' title='bbox 2326 3393 2507 3439; x_wconf 68' lang='lat' dir='ltr'><strong>oneum,</strong></span> <span class='ocrx_word' id='word_1_742' title='bbox 2541 3385 2586 3428; x_wconf 87' lang='lat' dir='ltr'><strong>et</strong></span> <span class='ocrx_word' id='word_1_743' title='bbox 2617 3376 2814 3444; x_wconf 78' lang='lat' dir='ltr'><strong>gavisus</strong></span> <span class='ocrx_word' id='word_1_744' title='bbox 2836 3385 2924 3427; x_wconf 84' lang='lat' dir='ltr'><strong>est.</strong></span> <span class='ocrx_word' id='word_1_745' title='bbox 2953 3375 3017 3427; x_wconf 83' lang='lat' dir='ltr'><strong>Et</strong></span> <span class='ocrx_word' id='word_1_746' title='bbox 3039 3375 3344 3443; x_wconf 79' lang='lat' dir='ltr'><strong>Apostolus,</strong></span> <span class='ocrx_word' id='word_1_747' title='bbox 3369 3376 3418 3428; x_wconf 90' lang='lat' dir='ltr'><strong>in</strong></span> <span class='ocrx_word' id='word_1_748' title='bbox 3443 3391 3596 3429; x_wconf 82' lang='lat' dir='ltr'><strong>sacro</strong></span> <span class='ocrx_word' id='word_1_749' title='bbox 3617 3378 3707 3429; x_wconf 87' lang='lat' dir='ltr'><strong>isto</strong></span> 
     </span>
    </p>
   </div>
   <div class='ocr_carea' id='block_1_80' title="bbox 2169 3465 3704 3537">
    <p class='ocr_par' dir='ltr' id='par_1_80' title="bbox 2169 3465 3704 3537">
     <span class='ocr_line' id='line_1_80' title="bbox 2169 3465 3704 3537; baseline -0.002 -16"><span class='ocrx_word' id='word_1_750' title='bbox 2169 3483 2227 3521; x_wconf 89' lang='lat' dir='ltr'><strong>ac</strong></span> <span class='ocrx_word' id='word_1_751' title='bbox 2248 3467 2511 3537; x_wconf 81' lang='lat' dir='ltr'><strong>mysteriis</strong></span> <span class='ocrx_word' id='word_1_752' title='bbox 2535 3468 2686 3536; x_wconf 86' lang='lat' dir='ltr'><strong>pleno</strong></span> <span class='ocrx_word' id='word_1_753' title='bbox 2708 3466 2844 3529; x_wconf 93' lang='lat' dir='ltr'><strong>loco,</strong></span> <span class='ocrx_word' id='word_1_754' title='bbox 2883 3465 3114 3519; x_wconf 86' lang='lat' dir='ltr'><strong>declarat</strong></span> <span class='ocrx_word' id='word_1_755' title='bbox 3148 3466 3375 3518; x_wconf 75' lang='lat' dir='ltr'><strong>maxime</strong></span> <span class='ocrx_word' id='word_1_756' title='bbox 3415 3466 3580 3518; x_wconf 90' lang='lat' dir='ltr'><strong>ﬁlium</strong></span> <span class='ocrx_word' id='word_1_757' title='bbox 3623 3465 3704 3520; x_wconf 83' lang='lat' dir='ltr'><strong>Dei</strong></span> 
     </span>
    </p>
   </div>
   <div class='ocr_carea' id='block_1_81' title="bbox 2167 3554 3708 3624">
    <p class='ocr_par' dir='ltr' id='par_1_81' title="bbox 2167 3554 3708 3624">
     <span class='ocr_line' id='line_1_81' title="bbox 2167 3554 3708 3624; baseline -0.003 -14"><span class='ocrx_word' id='word_1_758' title='bbox 2167 3566 2287 3610; x_wconf 89' lang='lat' dir='ltr'><strong>ante</strong></span> <span class='ocrx_word' id='word_1_759' title='bbox 2307 3567 2602 3619; x_wconf 89' lang='lat' dir='ltr'><strong>carttem,et</strong></span> <span class='ocrx_word' id='word_1_760' title='bbox 2622 3557 2786 3622; x_wconf 87' lang='lat' dir='ltr'><strong>ipsum</strong></span> <span class='ocrx_word' id='word_1_761' title='bbox 2812 3567 2986 3624; x_wconf 89' lang='lat' dir='ltr'><strong>postea</strong></span> <span class='ocrx_word' id='word_1_762' title='bbox 3004 3556 3264 3622; x_wconf 88' lang='lat' dir='ltr'><strong>sumpisse</strong></span> <span class='ocrx_word' id='word_1_763' title='bbox 3296 3570 3515 3608; x_wconf 88' lang='lat' dir='ltr'><strong>carnem</strong></span> <span class='ocrx_word' id='word_1_764' title='bbox 3561 3554 3708 3624; x_wconf 84' lang='lat' dir='ltr'><strong>(Phi-</strong></span> 
     </span>
    </p>
   </div>
   <div class='ocr_carea' id='block_1_82' title="bbox 2167 3647 3704 3720">
    <p class='ocr_par' dir='ltr' id='par_1_82' title="bbox 2167 3647 3704 3720">
     <span class='ocr_line' id='line_1_82' title="bbox 2167 3647 3704 3720; baseline -0.004 -16"><span class='ocrx_word' id='word_1_765' title='bbox 2167 3653 2291 3720; x_wconf 81' lang='lat' dir='ltr'><strong>lipp.</strong></span> <span class='ocrx_word' id='word_1_766' title='bbox 2323 3667 2376 3711; x_wconf 92' lang='lat' dir='ltr'><strong>Il,</strong></span> <span class='ocrx_word' id='word_1_767' title='bbox 2400 3651 2451 3710; x_wconf 80' lang='grc'><strong>5,</strong></span> <span class='ocrx_word' id='word_1_768' title='bbox 2477 3650 2531 3718; x_wconf 85' lang='grc'>6)</span> <span class='ocrx_word' id='word_1_769' title='bbox 2559 3669 2571 3703; x_wconf 92' lang='lat'><strong>:</strong></span> <span class='ocrx_word' id='word_1_770' title='bbox 2613 3648 2722 3700; x_wconf 81' lang='lat' dir='ltr'><strong>Hoc</strong></span> <span class='ocrx_word' id='word_1_771' title='bbox 2741 3649 2872 3701; x_wconf 82' lang='lat' dir='ltr'><strong>enim</strong></span> <span class='ocrx_word' id='word_1_772' title='bbox 2908 3649 3082 3700; x_wconf 76' lang='lat' dir='ltr'><strong>sentite</strong></span> <span class='ocrx_word' id='word_1_773' title='bbox 3110 3649 3159 3700; x_wconf 87' lang='lat' dir='ltr'><strong>in</strong></span> <span class='ocrx_word' id='word_1_774' title='bbox 3187 3647 3352 3707; x_wconf 84' lang='lat' dir='ltr'><strong>vobis,</strong></span> <span class='ocrx_word' id='word_1_775' title='bbox 3398 3649 3531 3714; x_wconf 82' lang='lat' dir='ltr'><strong>quod</strong></span> <span class='ocrx_word' id='word_1_776' title='bbox 3576 3658 3622 3699; x_wconf 84' lang='lat' dir='ltr'><strong>et</strong></span> <span class='ocrx_word' id='word_1_777' title='bbox 3659 3648 3704 3698; x_wconf 83' lang='lat' dir='ltr'><strong>in</strong></span> 
     </span>
    </p>
   </div>
   <div class='ocr_carea' id='block_1_83' title="bbox 2167 3736 3702 3808">
    <p class='ocr_par' dir='ltr' id='par_1_83' title="bbox 2167 3736 3702 3808">
     <span class='ocr_line' id='line_1_83' title="bbox 2167 3736 3702 3808; baseline -0.005 -13"><span class='ocrx_word' id='word_1_778' title='bbox 2167 3742 2364 3795; x_wconf 82' lang='lat' dir='ltr'><strong>Christo</strong></span> <span class='ocrx_word' id='word_1_779' title='bbox 2385 3742 2527 3804; x_wconf 77' lang='lat' dir='ltr'><strong>Jesu,</strong></span> <span class='ocrx_word' id='word_1_780' title='bbox 2551 3741 2764 3808; x_wconf 85' lang='lat' dir='ltr'><strong>quicum</strong></span> <span class='ocrx_word' id='word_1_781' title='bbox 2788 3739 2838 3790; x_wconf 87' lang='lat' dir='ltr'><strong>in</strong></span> <span class='ocrx_word' id='word_1_782' title='bbox 2878 3743 3036 3807; x_wconf 80' lang='lat' dir='ltr'><strong>forma</strong></span> <span class='ocrx_word' id='word_1_783' title='bbox 3066 3736 3155 3790; x_wconf 86' lang='lat' dir='ltr'><strong>Dei</strong></span> <span class='ocrx_word' id='word_1_784' title='bbox 3193 3737 3493 3790; x_wconf 82' lang='lat' dir='ltr'><strong>constitutus</strong></span> <span class='ocrx_word' id='word_1_785' title='bbox 3515 3740 3702 3806; x_wconf 77' lang='lat' dir='ltr'><strong>fuisset.</strong></span> 
     </span>
    </p>
   </div>
   <div class='ocr_carea' id='block_1_84' title="bbox 2167 3827 3705 3900">
    <p class='ocr_par' dir='ltr' id='par_1_84' title="bbox 2167 3827 3705 3900">
     <span class='ocr_line' id='line_1_84' title="bbox 2167 3827 3705 3900; baseline -0.003 -14"><span class='ocrx_word' id='word_1_786' title='bbox 2167 3831 2354 3900; x_wconf 89' lang='lat' dir='ltr'><strong>Utique</strong></span> <span class='ocrx_word' id='word_1_787' title='bbox 2375 3831 2474 3885; x_wconf 86' lang='lat' dir='ltr'><strong>hoc</strong></span> <span class='ocrx_word' id='word_1_788' title='bbox 2495 3828 2699 3898; x_wconf 89' lang='lat' dir='ltr'><strong>quando</strong></span> <span class='ocrx_word' id='word_1_789' title='bbox 2721 3839 2839 3881; x_wconf 90' lang='lat' dir='ltr'><strong>ante</strong></span> <span class='ocrx_word' id='word_1_790' title='bbox 2861 3843 3068 3881; x_wconf 87' lang='lat' dir='ltr'><strong>carnem</strong></span> <span class='ocrx_word' id='word_1_791' title='bbox 3093 3827 3207 3891; x_wconf 82' lang='lat' dir='ltr'><strong>fuit,</strong></span> <span class='ocrx_word' id='word_1_792' title='bbox 3229 3842 3356 3891; x_wconf 82' lang='lat' dir='ltr'><strong>ergo</strong></span> <span class='ocrx_word' id='word_1_793' title='bbox 3377 3835 3428 3880; x_wconf 84' lang='lat' dir='ltr'><strong>et</strong></span> <span class='ocrx_word' id='word_1_794' title='bbox 3455 3837 3577 3880; x_wconf 88' lang='lat' dir='ltr'><strong>ante</strong></span> <span class='ocrx_word' id='word_1_795' title='bbox 3595 3841 3705 3881; x_wconf 86' lang='lat' dir='ltr'><strong>car-</strong></span> 
     </span>
    </p>
   </div>
   <div class='ocr_carea' id='block_1_85' title="bbox 2166 3916 3704 3987">
    <p class='ocr_par' dir='ltr' id='par_1_85' title="bbox 2166 3916 3704 3987">
     <span class='ocr_line' id='line_1_85' title="bbox 2166 3916 3704 3987; baseline -0.003 -13"><span class='ocrx_word' id='word_1_796' title='bbox 2166 3936 2284 3974; x_wconf 90' lang='lat' dir='ltr'><strong>nem</strong></span> <span class='ocrx_word' id='word_1_797' title='bbox 2307 3931 2353 3974; x_wconf 93' lang='lat' dir='ltr'><strong>et</strong></span> <span class='ocrx_word' id='word_1_798' title='bbox 2381 3921 2473 3973; x_wconf 82' lang='lat' dir='ltr'><strong>fuit</strong></span> <span class='ocrx_word' id='word_1_799' title='bbox 2493 3920 2656 3987; x_wconf 81' lang='lat' dir='ltr'><strong>qualis</strong></span> <span class='ocrx_word' id='word_1_800' title='bbox 2675 3928 2726 3971; x_wconf 87' lang='lat' dir='ltr'><strong>et</strong></span> <span class='ocrx_word' id='word_1_801' title='bbox 2745 3929 2987 3987; x_wconf 89' lang='lat' dir='ltr'><strong>quantus.</strong></span> <span class='ocrx_word' id='word_1_802' title='bbox 3009 3916 3215 3975; x_wconf 80' lang='lat' dir='ltr'><strong>Forata,</strong></span> <span class='ocrx_word' id='word_1_803' title='bbox 3242 3917 3428 3983; x_wconf 85' lang='lat' dir='ltr'><strong>inquit,</strong></span> <span class='ocrx_word' id='word_1_804' title='bbox 3451 3918 3559 3971; x_wconf 84' lang='lat' dir='ltr'><strong>Dei.</strong></span> <span class='ocrx_word' id='word_1_805' title='bbox 3579 3917 3704 3984; x_wconf 85' lang='lat' dir='ltr'><strong>Quid</strong></span> 
     </span>
    </p>
   </div>
   <div class='ocr_carea' id='block_1_86' title="bbox 2166 4006 3706 4074">
    <p class='ocr_par' dir='ltr' id='par_1_86' title="bbox 2166 4006 3706 4074">
     <span class='ocr_line' id='line_1_86' title="bbox 2166 4006 3706 4074; baseline -0.001 -14"><span class='ocrx_word' id='word_1_806' title='bbox 2166 4008 2302 4062; x_wconf 90' lang='lat' dir='ltr'><strong>istud</strong></span> <span class='ocrx_word' id='word_1_807' title='bbox 2323 4017 2403 4062; x_wconf 90' lang='lat' dir='ltr'><strong>est</strong></span> <span class='ocrx_word' id='word_1_808' title='bbox 2427 4049 2439 4072; x_wconf 91' lang='lat'><strong>,</strong></span> <span class='ocrx_word' id='word_1_809' title='bbox 2481 4008 2647 4061; x_wconf 83' lang='lat' dir='ltr'><strong>forma</strong></span> <span class='ocrx_word' id='word_1_810' title='bbox 2679 4008 2812 4060; x_wconf 85' lang='lat' dir='ltr'><strong>idem</strong></span> <span class='ocrx_word' id='word_1_811' title='bbox 2853 4007 2990 4074; x_wconf 89' lang='lat' dir='ltr'><strong>quod</strong></span> <span class='ocrx_word' id='word_1_812' title='bbox 3023 4017 3188 4074; x_wconf 85' lang='lat' dir='ltr'><strong>pater.</strong></span> <span class='ocrx_word' id='word_1_813' title='bbox 3231 4006 3367 4072; x_wconf 88' lang='lat' dir='ltr'><strong>Quid</strong></span> <span class='ocrx_word' id='word_1_814' title='bbox 3397 4017 3482 4061; x_wconf 87' lang='lat' dir='ltr'><strong>est</strong></span> <span class='ocrx_word' id='word_1_815' title='bbox 3502 4007 3706 4061; x_wconf 81' lang='lat' dir='ltr'><strong>forma?</strong></span> 
     </span>
    </p>
   </div>
   <div class='ocr_carea' id='block_1_87' title="bbox 2166 4095 3700 4166">
    <p class='ocr_par' dir='ltr' id='par_1_87' title="bbox 2166 4095 3700 4166">
     <span class='ocr_line' id='line_1_87' title="bbox 2166 4095 3700 4166; baseline -0.001 -15"><span class='ocrx_word' id='word_1_816' title='bbox 2166 4099 2337 4166; x_wconf 87' lang='lat' dir='ltr'><strong>inqua</strong></span> <span class='ocrx_word' id='word_1_817' title='bbox 2363 4108 2506 4166; x_wconf 90' lang='lat' dir='ltr'><strong>pater</strong></span> <span class='ocrx_word' id='word_1_818' title='bbox 2525 4096 2968 4165; x_wconf 84' lang='lat' dir='ltr'><strong>cernitnr(Joan.</strong></span> <span class='ocrx_word' id='word_1_819' title='bbox 3011 4111 3118 4159; x_wconf 82' lang='lat' dir='ltr'><strong>xw,</strong></span> <span class='ocrx_word' id='word_1_820' title='bbox 3165 4095 3269 4162; x_wconf 87' lang='lat'><strong>9):</strong></span> <span class='ocrx_word' id='word_1_821' title='bbox 3306 4096 3403 4160; x_wconf 84' lang='lat' dir='ltr'><strong>Qui</strong></span> <span class='ocrx_word' id='word_1_822' title='bbox 3443 4113 3521 4149; x_wconf 83' lang='lat' dir='ltr'><strong>me</strong></span> <span class='ocrx_word' id='word_1_823' title='bbox 3558 4099 3700 4161; x_wconf 76' lang='lat' dir='ltr'><strong>videt,</strong></span> 
     </span>
    </p>
   </div>
   <div class='ocr_carea' id='block_1_88' title="bbox 2166 4185 3701 4254">
    <p class='ocr_par' dir='ltr' id='par_1_88' title="bbox 2166 4185 3701 4254">
     <span class='ocr_line' id='line_1_88' title="bbox 2166 4185 3701 4254; baseline 0.001 -15"><span class='ocrx_word' id='word_1_824' title='bbox 2166 4187 2294 4239; x_wconf 81' lang='lat' dir='ltr'><strong>ridet</strong></span> <span class='ocrx_word' id='word_1_825' title='bbox 2323 4198 2366 4239; x_wconf 75' lang='lat' dir='ltr'><strong>rt</strong></span> <span class='ocrx_word' id='word_1_826' title='bbox 2390 4197 2601 4254; x_wconf 83' lang='lat' dir='ltr'><strong>patrem.</strong></span> <span class='ocrx_word' id='word_1_827' title='bbox 2630 4185 2814 4254; x_wconf 91' lang='lat' dir='ltr'><strong>Utique</strong></span> <span class='ocrx_word' id='word_1_828' title='bbox 2837 4201 2939 4239; x_wconf 91' lang='lat' dir='ltr'><strong>non</strong></span> <span class='ocrx_word' id='word_1_829' title='bbox 2961 4187 3012 4239; x_wconf 92' lang='lat' dir='ltr'><strong>in</strong></span> <span class='ocrx_word' id='word_1_830' title='bbox 3038 4200 3101 4238; x_wconf 93' lang='lat' dir='ltr'><strong>eo</strong></span> <span class='ocrx_word' id='word_1_831' title='bbox 3121 4186 3259 4254; x_wconf 91' lang='lat' dir='ltr'><strong>quod</strong></span> <span class='ocrx_word' id='word_1_832' title='bbox 3291 4187 3588 4251; x_wconf 85' lang='lat' dir='ltr'><strong>videbatur,</strong></span> <span class='ocrx_word' id='word_1_833' title='bbox 3619 4188 3701 4242; x_wconf 88' lang='lat' dir='ltr'><strong>sed</strong></span> 
     </span>
    </p>
   </div>
   <div class='ocr_carea' id='block_1_89' title="bbox 2165 4275 3700 4349">
    <p class='ocr_par' dir='ltr' id='par_1_89' title="bbox 2165 4275 3700 4349">
     <span class='ocr_line' id='line_1_89' title="bbox 2165 4275 3700 4349; baseline 0 -20"><span class='ocrx_word' id='word_1_834' title='bbox 2165 4275 2214 4329; x_wconf 93' lang='lat' dir='ltr'><strong>in</strong></span> <span class='ocrx_word' id='word_1_835' title='bbox 2255 4292 2317 4330; x_wconf 92' lang='lat' dir='ltr'><strong>eo</strong></span> <span class='ocrx_word' id='word_1_836' title='bbox 2354 4276 2490 4345; x_wconf 90' lang='lat' dir='ltr'><strong>quod</strong></span> <span class='ocrx_word' id='word_1_837' title='bbox 2529 4277 2640 4344; x_wconf 88' lang='lat' dir='ltr'><strong>ipse</strong></span> <span class='ocrx_word' id='word_1_838' title='bbox 2682 4276 2814 4329; x_wconf 74' lang='lat' dir='ltr'><strong>Deus</strong></span> <span class='ocrx_word' id='word_1_839' title='bbox 2835 4275 3008 4328; x_wconf 85' lang='lat' dir='ltr'><strong>divina</strong></span> <span class='ocrx_word' id='word_1_840' title='bbox 3040 4276 3363 4339; x_wconf 83' lang='lat' dir='ltr'><strong>substantia,</strong></span> <span class='ocrx_word' id='word_1_841' title='bbox 3391 4277 3554 4349; x_wconf 65' lang='grc' dir='ltr'><strong>λὰίος,</strong></span> <span class='ocrx_word' id='word_1_842' title='bbox 3583 4278 3700 4330; x_wconf 84' lang='lat' dir='ltr'><strong>vita.</strong></span> 
     </span>
    </p>
   </div>
   <div class='ocr_carea' id='block_1_90' title="bbox 2167 4367 3701 4438">
    <p class='ocr_par' dir='ltr' id='par_1_90' title="bbox 2167 4367 3701 4438">
     <span class='ocr_line' id='line_1_90' title="bbox 2167 4367 3701 4438; baseline -0.002 -16"><span class='ocrx_word' id='word_1_843' title='bbox 2167 4369 2276 4422; x_wconf 89' lang='lat' dir='ltr'><strong>lloe</strong></span> <span class='ocrx_word' id='word_1_844' title='bbox 2301 4368 2454 4437; x_wconf 85' lang='lat' dir='ltr'><strong>igitur</strong></span> <span class='ocrx_word' id='word_1_845' title='bbox 2477 4367 2570 4420; x_wconf 79' lang='lat' dir='ltr'><strong>fuit</strong></span> <span class='ocrx_word' id='word_1_846' title='bbox 2592 4377 2712 4420; x_wconf 87' lang='lat' dir='ltr'><strong>ante</strong></span> <span class='ocrx_word' id='word_1_847' title='bbox 2751 4382 2962 4421; x_wconf 85' lang='lat' dir='ltr'><strong>carnem</strong></span> <span class='ocrx_word' id='word_1_848' title='bbox 2992 4385 3003 4419; x_wconf 94' lang='lat'><strong>:</strong></span> <span class='ocrx_word' id='word_1_849' title='bbox 3040 4382 3265 4436; x_wconf 86' lang='lat' dir='ltr'><strong>namque</strong></span> <span class='ocrx_word' id='word_1_850' title='bbox 3296 4368 3417 4435; x_wconf 90' lang='lat' dir='ltr'><strong>quid</strong></span> <span class='ocrx_word' id='word_1_851' title='bbox 3443 4369 3701 4438; x_wconf 84' lang='lat' dir='ltr'><strong>adjuugit?</strong></span> 
     </span>
    </p>
   </div>
   <div class='ocr_carea' id='block_1_91' title="bbox 520 4439 3701 4544">
    <p class='ocr_par' dir='ltr' id='par_1_91' title="bbox 520 4439 3701 4544">
     <span class='ocr_line' id='line_1_91' title="bbox 520 4439 3701 4544; baseline -0.006 -14"><span class='ocrx_word' id='word_1_852' title='bbox 520 4476 782 4544; x_wconf 84' lang='lat' dir='ltr'><strong>apertiore</strong></span> <span class='ocrx_word' id='word_1_853' title='bbox 809 4486 899 4540; x_wconf 87' lang='lat' dir='ltr'><strong>per</strong></span> <span class='ocrx_word' id='word_1_854' title='bbox 937 4469 1139 4521; x_wconf 78' lang='lat' dir='ltr'><strong>diversa</strong></span> <span class='ocrx_word' id='word_1_855' title='bbox 1162 4466 1456 4518; x_wconf 87' lang='lat' dir='ltr'><strong>discurrens</strong></span> <span class='ocrx_word' id='word_1_856' title='bbox 1481 4501 1492 4523; x_wconf 93' lang='lat'><strong>,</strong></span> <span class='ocrx_word' id='word_1_857' title='bbox 1524 4469 1777 4512; x_wconf 83' lang='lat' dir='ltr'><strong>terrarum</strong></span> <span class='ocrx_word' id='word_1_858' title='bbox 1800 4472 1928 4526; x_wconf 88' lang='lat' dir='ltr'><strong>quas</strong></span> <span class='ocrx_word' id='word_1_859' title='bbox 1957 4455 2064 4508; x_wconf 90' lang='lat' dir='ltr'><strong>sul-</strong></span> <span class='ocrx_word' id='word_1_860' title='bbox 2089 4439 2137 4497; x_wconf 82' lang='lat' dir='ltr'><strong>D</strong></span> <span class='ocrx_word' id='word_1_861' title='bbox 2166 4454 2282 4509; x_wconf 85' lang='lat' dir='ltr'><strong>Non</strong></span> <span class='ocrx_word' id='word_1_862' title='bbox 2304 4457 2572 4509; x_wconf 80' lang='lat' dir='ltr'><strong>arbitratus</strong></span> <span class='ocrx_word' id='word_1_863' title='bbox 2601 4466 2671 4508; x_wconf 84' lang='lat' dir='ltr'><strong>est</strong></span> <span class='ocrx_word' id='word_1_864' title='bbox 2697 4458 2922 4525; x_wconf 88' lang='lat' dir='ltr'><strong>rapinam</strong></span> <span class='ocrx_word' id='word_1_865' title='bbox 2945 4465 2994 4507; x_wconf 87' lang='lat' dir='ltr'><strong>ut</strong></span> <span class='ocrx_word' id='word_1_866' title='bbox 3025 4465 3146 4509; x_wconf 82' lang='lat' dir='ltr'><strong>esset</strong></span> <span class='ocrx_word' id='word_1_867' title='bbox 3172 4456 3380 4524; x_wconf 69' lang='lat' dir='ltr'><strong>(aqualis</strong></span> <span class='ocrx_word' id='word_1_868' title='bbox 3409 4455 3534 4510; x_wconf 82' lang='lat' dir='ltr'><strong>Deo.</strong></span> <span class='ocrx_word' id='word_1_869' title='bbox 3562 4457 3631 4511; x_wconf 91' lang='lat' dir='ltr'><strong>De</strong></span> <span class='ocrx_word' id='word_1_870' title='bbox 3648 4471 3701 4511; x_wconf 89' lang='lat' dir='ltr'><strong>se</strong></span> 
     </span>
    </p>
   </div>
   <div class='ocr_carea' id='block_1_92' title="bbox 519 4549 2055 4631">
    <p class='ocr_par' dir='ltr' id='par_1_92' title="bbox 519 4549 2055 4631">
     <span class='ocr_line' id='line_1_92' title="bbox 519 4549 2055 4631; baseline -0.016 -11"><span class='ocrx_word' id='word_1_871' title='bbox 519 4575 605 4620; x_wconf 89' lang='lat' dir='ltr'><strong>cat</strong></span> <span class='ocrx_word' id='word_1_872' title='bbox 629 4562 965 4631; x_wconf 87' lang='lat' dir='ltr'><strong>qualitatibus</strong></span> <span class='ocrx_word' id='word_1_873' title='bbox 989 4569 1040 4612; x_wconf 89' lang='lat' dir='ltr'><strong>et</strong></span> <span class='ocrx_word' id='word_1_874' title='bbox 1069 4557 1311 4617; x_wconf 87' lang='lat' dir='ltr'><strong>al&#39;ticitur,</strong></span> <span class='ocrx_word' id='word_1_875' title='bbox 1340 4562 1389 4606; x_wconf 90' lang='lat' dir='ltr'><strong>et</strong></span> <span class='ocrx_word' id='word_1_876' title='bbox 1411 4551 1631 4619; x_wconf 87' lang='lat' dir='ltr'><strong>quodam</strong></span> <span class='ocrx_word' id='word_1_877' title='bbox 1660 4551 1813 4602; x_wconf 89' lang='lat' dir='ltr'><strong>modo</strong></span> <span class='ocrx_word' id='word_1_878' title='bbox 1846 4549 2055 4617; x_wconf 89' lang='lat' dir='ltr'><strong>patitur;</strong></span> 
     </span>
    </p>
   </div>
   <div class='ocr_carea' id='block_1_93' title="bbox 517 4637 2054 4718">
    <p class='ocr_par' dir='ltr' id='par_1_93' title="bbox 517 4637 2054 4718">
     <span class='ocr_line' id='line_1_93' title="bbox 517 4637 2054 4718; baseline -0.012 -9"><span class='ocrx_word' id='word_1_879' title='bbox 517 4656 598 4710; x_wconf 87' lang='lat' dir='ltr'><strong>sic</strong></span> <span class='ocrx_word' id='word_1_880' title='bbox 623 4666 674 4707; x_wconf 91' lang='lat' dir='ltr'><strong>et</strong></span> <span class='ocrx_word' id='word_1_881' title='bbox 702 4653 834 4706; x_wconf 90' lang='lat' dir='ltr'><strong>ﬁlius</strong></span> <span class='ocrx_word' id='word_1_882' title='bbox 864 4663 994 4718; x_wconf 89' lang='lat' dir='ltr'><strong>aqua</strong></span> <span class='ocrx_word' id='word_1_883' title='bbox 1024 4663 1114 4700; x_wconf 86' lang='lat' dir='ltr'><strong>sua</strong></span> <span class='ocrx_word' id='word_1_884' title='bbox 1147 4686 1160 4708; x_wconf 91' lang='lat'><strong>,</strong></span> <span class='ocrx_word' id='word_1_885' title='bbox 1194 4658 1390 4710; x_wconf 88' lang='lat' dir='ltr'><strong>suaque</strong></span> <span class='ocrx_word' id='word_1_886' title='bbox 1416 4642 1730 4704; x_wconf 88' lang='lat' dir='ltr'><strong>substantia,</strong></span> <span class='ocrx_word' id='word_1_887' title='bbox 1753 4655 1866 4707; x_wconf 76' lang='lat' dir='ltr'><strong>quae</strong></span> <span class='ocrx_word' id='word_1_888' title='bbox 1895 4637 2054 4706; x_wconf 89' lang='lat' dir='ltr'><strong>patris</strong></span> 
     </span>
    </p>
   </div>
   <div class='ocr_carea' id='block_1_94' title="bbox 517 4729 2051 4809">
    <p class='ocr_par' dir='ltr' id='par_1_94' title="bbox 517 4729 2051 4809">
     <span class='ocr_line' id='line_1_94' title="bbox 517 4729 2051 4809; baseline -0.013 -11"><span class='ocrx_word' id='word_1_889' title='bbox 517 4754 595 4799; x_wconf 86' lang='lat' dir='ltr'><strong>est</strong></span> <span class='ocrx_word' id='word_1_890' title='bbox 625 4784 639 4807; x_wconf 94' lang='lat'><strong>,</strong></span> <span class='ocrx_word' id='word_1_891' title='bbox 679 4755 884 4809; x_wconf 88' lang='lat' dir='ltr'><strong>semper</strong></span> <span class='ocrx_word' id='word_1_892' title='bbox 913 4753 1070 4807; x_wconf 88' lang='lat' dir='ltr'><strong>purus</strong></span> <span class='ocrx_word' id='word_1_893' title='bbox 1094 4779 1106 4801; x_wconf 88' lang='lat'><strong>,</strong></span> <span class='ocrx_word' id='word_1_894' title='bbox 1141 4733 1499 4788; x_wconf 89' lang='lat' dir='ltr'><strong>immaculattts</strong></span> <span class='ocrx_word' id='word_1_895' title='bbox 1521 4771 1532 4792; x_wconf 98' lang='lat'><strong>,</strong></span> <span class='ocrx_word' id='word_1_896' title='bbox 1567 4729 1892 4796; x_wconf 56' lang='lat' dir='ltr'><strong>impassibilis</strong></span> <span class='ocrx_word' id='word_1_897' title='bbox 1926 4768 1938 4790; x_wconf 97' lang='lat'><strong>,</strong></span> <span class='ocrx_word' id='word_1_898' title='bbox 1969 4742 2051 4779; x_wconf 81' lang='lat' dir='ltr'><strong>re-</strong></span> 
     </span>
    </p>
   </div>
   <div class='ocr_carea' id='block_1_95' title="bbox 520 4821 2055 4905">
    <p class='ocr_par' dir='ltr' id='par_1_95' title="bbox 520 4821 2055 4905">
     <span class='ocr_line' id='line_1_95' title="bbox 520 4821 2055 4905; baseline -0.012 -17"><span class='ocrx_word' id='word_1_899' title='bbox 520 4834 761 4905; x_wconf 82' lang='lat' dir='ltr'><strong>gionibns</strong></span> <span class='ocrx_word' id='word_1_900' title='bbox 783 4847 873 4899; x_wconf 89' lang='lat' dir='ltr'><strong>per</strong></span> <span class='ocrx_word' id='word_1_901' title='bbox 902 4845 1027 4898; x_wconf 85' lang='lat' dir='ltr'><strong>quas</strong></span> <span class='ocrx_word' id='word_1_902' title='bbox 1055 4827 1296 4880; x_wconf 87' lang='lat' dir='ltr'><strong>discurrit</strong></span> <span class='ocrx_word' id='word_1_903' title='bbox 1329 4865 1342 4886; x_wconf 91' lang='lat'><strong>,</strong></span> <span class='ocrx_word' id='word_1_904' title='bbox 1389 4823 1616 4888; x_wconf 80' lang='lat' dir='ltr'><strong>lorisque</strong></span> <span class='ocrx_word' id='word_1_905' title='bbox 1647 4861 1659 4882; x_wconf 91' lang='lat'><strong>,</strong></span> <span class='ocrx_word' id='word_1_906' title='bbox 1689 4821 1766 4872; x_wconf 76' lang='lat' dir='ltr'><strong>vel</strong></span> <span class='ocrx_word' id='word_1_907' title='bbox 1797 4831 2055 4888; x_wconf 60' lang='lat' dir='ltr'><strong>stipi-acm-</strong></span> 
     </span>
    </p>
   </div>
   <div class='ocr_carea' id='block_1_96' title="bbox 517 4910 2053 4987">
    <p class='ocr_par' dir='ltr' id='par_1_96' title="bbox 517 4910 2053 4987">
     <span class='ocr_line' id='line_1_96' title="bbox 517 4910 2053 4987; baseline -0.012 -7"><span class='ocrx_word' id='word_1_908' title='bbox 517 4927 737 4981; x_wconf 77' lang='lat' dir='ltr'><strong>testibus</strong></span> <span class='ocrx_word' id='word_1_909' title='bbox 762 4964 775 4987; x_wconf 98' lang='lat'><strong>,</strong></span> <span class='ocrx_word' id='word_1_910' title='bbox 817 4921 896 4974; x_wconf 94' lang='lat' dir='ltr'><strong>vel</strong></span> <span class='ocrx_word' id='word_1_911' title='bbox 927 4918 1248 4976; x_wconf 75' lang='lat' dir='ltr'><strong>cmleStibns,</strong></span> <span class='ocrx_word' id='word_1_912' title='bbox 1277 4916 1355 4967; x_wconf 89' lang='lat' dir='ltr'><strong>vel</strong></span> <span class='ocrx_word' id='word_1_913' title='bbox 1379 4910 1818 4965; x_wconf 74' lang='lat' dir='ltr'><strong>intractelestibus</strong></span> <span class='ocrx_word' id='word_1_914' title='bbox 1855 4949 1867 4970; x_wconf 89' lang='lat'><strong>,</strong></span> <span class='ocrx_word' id='word_1_915' title='bbox 1918 4922 2053 4961; x_wconf 89' lang='lat' dir='ltr'><strong>nunc</strong></span> 
     </span>
    </p>
   </div>
   <div class='ocr_carea' id='block_1_97' title="bbox 517 4999 2058 5085">
    <p class='ocr_par' dir='ltr' id='par_1_97' title="bbox 517 4999 2058 5085">
     <span class='ocr_line' id='line_1_97' title="bbox 517 4999 2058 5085; baseline -0.016 -12"><span class='ocrx_word' id='word_1_916' title='bbox 517 5025 729 5085; x_wconf 79' lang='lat' dir='ltr'><strong>Spumat</strong></span> <span class='ocrx_word' id='word_1_917' title='bbox 757 5055 770 5076; x_wconf 91' lang='lat'><strong>,</strong></span> <span class='ocrx_word' id='word_1_918' title='bbox 804 5021 858 5066; x_wconf 86' lang='grc' dir='ltr'><strong>ιιι</strong></span> <span class='ocrx_word' id='word_1_919' title='bbox 886 5009 1249 5065; x_wconf 80' lang='lat' dir='ltr'><strong>oceurentibus</strong></span> <span class='ocrx_word' id='word_1_920' title='bbox 1272 5005 1444 5065; x_wconf 75' lang='lat' dir='ltr'><strong>saxis,</strong></span> <span class='ocrx_word' id='word_1_921' title='bbox 1475 5017 1589 5070; x_wconf 73' lang='lat' dir='ltr'><strong>qum</strong></span> <span class='ocrx_word' id='word_1_922' title='bbox 1617 5007 1737 5052; x_wconf 87' lang='lat' dir='ltr'><strong>sunt</strong></span> <span class='ocrx_word' id='word_1_923' title='bbox 1766 5015 1826 5051; x_wconf 75' lang='lat' dir='ltr'><strong>ex</strong></span> <span class='ocrx_word' id='word_1_924' title='bbox 1856 4999 2058 5064; x_wconf 85' lang='lat' dir='ltr'><strong>generi-</strong></span> 
     </span>
    </p>
   </div>
   <div class='ocr_carea' id='block_1_98' title="bbox 515 5085 2053 5164">
    <p class='ocr_par' dir='ltr' id='par_1_98' title="bbox 515 5085 2053 5164">
     <span class='ocr_line' id='line_1_98' title="bbox 515 5085 2053 5164; baseline -0.018 -2"><span class='ocrx_word' id='word_1_925' title='bbox 515 5108 614 5162; x_wconf 87' lang='lat' dir='ltr'><strong>bus</strong></span> <span class='ocrx_word' id='word_1_926' title='bbox 643 5106 927 5158; x_wconf 90' lang='lat' dir='ltr'><strong>animarum</strong></span> <span class='ocrx_word' id='word_1_927' title='bbox 975 5112 1186 5164; x_wconf 86' lang='lat' dir='ltr'><strong>campus</strong></span> <span class='ocrx_word' id='word_1_928' title='bbox 1215 5094 1416 5162; x_wconf 67' lang='lat' dir='ltr'><strong>quietus</strong></span> <span class='ocrx_word' id='word_1_929' title='bbox 1441 5091 1686 5144; x_wconf 74' lang='lat' dir='ltr'><strong>excurrit.</strong></span> <span class='ocrx_word' id='word_1_930' title='bbox 1738 5088 1939 5155; x_wconf 78' lang='lat' dir='ltr'><strong>Reripit</strong></span> <span class='ocrx_word' id='word_1_931' title='bbox 1961 5085 2053 5154; x_wconf 83' lang='lat' dir='ltr'><strong>igi-</strong></span> 
     </span>
    </p>
   </div>
   <div class='ocr_carea' id='block_1_99' title="bbox 518 5175 2055 5263">
    <p class='ocr_par' dir='ltr' id='par_1_99' title="bbox 518 5175 2055 5263">
     <span class='ocr_line' id='line_1_99' title="bbox 518 5175 2055 5263; baseline -0.015 -15"><span class='ocrx_word' id='word_1_932' title='bbox 518 5209 602 5250; x_wconf 87' lang='lat' dir='ltr'><strong>tur</strong></span> <span class='ocrx_word' id='word_1_933' title='bbox 633 5195 896 5263; x_wconf 74' lang='lat' dir='ltr'><strong>passiones</strong></span> <span class='ocrx_word' id='word_1_934' title='bbox 926 5230 940 5253; x_wconf 95' lang='lat'><strong>,</strong></span> <span class='ocrx_word' id='word_1_935' title='bbox 968 5206 1066 5241; x_wconf 87' lang='lat' dir='ltr'><strong>non</strong></span> <span class='ocrx_word' id='word_1_936' title='bbox 1100 5187 1147 5239; x_wconf 90' lang='lat' dir='ltr'><strong>in</strong></span> <span class='ocrx_word' id='word_1_937' title='bbox 1176 5198 1239 5235; x_wconf 90' lang='lat' dir='ltr'><strong>eo</strong></span> <span class='ocrx_word' id='word_1_938' title='bbox 1265 5182 1399 5250; x_wconf 88' lang='lat' dir='ltr'><strong>quod</strong></span> <span class='ocrx_word' id='word_1_939' title='bbox 1426 5179 1711 5232; x_wconf 75' lang='lat' dir='ltr'><strong>substantia</strong></span> <span class='ocrx_word' id='word_1_940' title='bbox 1735 5185 1810 5228; x_wconf 87' lang='lat' dir='ltr'><strong>est</strong></span> <span class='ocrx_word' id='word_1_941' title='bbox 1844 5217 1856 5238; x_wconf 93' lang='lat'><strong>,</strong></span> <span class='ocrx_word' id='word_1_942' title='bbox 1891 5175 1983 5228; x_wconf 85' lang='lat' dir='ltr'><strong>sed</strong></span> <span class='ocrx_word' id='word_1_943' title='bbox 2005 5175 2055 5225; x_wconf 94' lang='lat' dir='ltr'><strong>in</strong></span> 
     </span>
    </p>
   </div>
   <div class='ocr_carea' id='block_1_100' title="bbox 510 5264 2053 5349">
    <p class='ocr_par' dir='ltr' id='par_1_100' title="bbox 510 5264 2053 5349">
     <span class='ocr_line' id='line_1_100' title="bbox 510 5264 2053 5349; baseline -0.016 -11"><span class='ocrx_word' id='word_1_944' title='bbox 510 5293 631 5340; x_wconf 90' lang='lat' dir='ltr'><strong>actu</strong></span> <span class='ocrx_word' id='word_1_945' title='bbox 657 5291 810 5349; x_wconf 90' lang='lat' dir='ltr'><strong>atque</strong></span> <span class='ocrx_word' id='word_1_946' title='bbox 835 5280 1151 5346; x_wconf 86' lang='lat' dir='ltr'><strong>operatione.</strong></span> <span class='ocrx_word' id='word_1_947' title='bbox 1177 5272 1302 5325; x_wconf 84' lang='lat' dir='ltr'><strong>Nam</strong></span> <span class='ocrx_word' id='word_1_948' title='bbox 1333 5286 1448 5324; x_wconf 83' lang='lat' dir='ltr'><strong>cum</strong></span> <span class='ocrx_word' id='word_1_949' title='bbox 1475 5266 1777 5336; x_wconf 82' lang='lat' dir='ltr'><strong>mysterium</strong></span> <span class='ocrx_word' id='word_1_950' title='bbox 1801 5264 2053 5315; x_wconf 77' lang='lat' dir='ltr'><strong>adventus</strong></span> 
     </span>
    </p>
   </div>
   <div class='ocr_carea' id='block_1_101' title="bbox 510 5356 2051 5438">
    <p class='ocr_par' dir='ltr' id='par_1_101' title="bbox 510 5356 2051 5438">
     <span class='ocr_line' id='line_1_101' title="bbox 510 5356 2051 5438; baseline -0.016 -9"><span class='ocrx_word' id='word_1_951' title='bbox 510 5378 590 5430; x_wconf 90' lang='lat' dir='ltr'><strong>sui</strong></span> <span class='ocrx_word' id='word_1_952' title='bbox 621 5372 944 5438; x_wconf 89' lang='lat' dir='ltr'><strong>compleret,</strong></span> <span class='ocrx_word' id='word_1_953' title='bbox 990 5377 1095 5419; x_wconf 91' lang='lat' dir='ltr'><strong>tum</strong></span> <span class='ocrx_word' id='word_1_954' title='bbox 1115 5364 1219 5431; x_wconf 87' lang='lat' dir='ltr'><strong>jam</strong></span> <span class='ocrx_word' id='word_1_955' title='bbox 1263 5361 1554 5428; x_wconf 87' lang='lat' dir='ltr'><strong>passionem</strong></span> <span class='ocrx_word' id='word_1_956' title='bbox 1585 5356 1824 5410; x_wconf 68' lang='lat' dir='ltr'><strong>sustinuit</strong></span> <span class='ocrx_word' id='word_1_957' title='bbox 1853 5394 1867 5419; x_wconf 95' lang='lat'><strong>,</strong></span> <span class='ocrx_word' id='word_1_958' title='bbox 1918 5361 1972 5406; x_wconf 82' lang='grc' dir='ltr'><strong>ιιι</strong></span> <span class='ocrx_word' id='word_1_959' title='bbox 1994 5366 2051 5405; x_wconf 91' lang='lat' dir='ltr'><strong>se</strong></span> 
     </span>
    </p>
   </div>
   <div class='ocr_carea' id='block_1_102' title="bbox 507 5444 2042 5524">
    <p class='ocr_par' dir='ltr' id='par_1_102' title="bbox 507 5444 2042 5524">
     <span class='ocr_line' id='line_1_102' title="bbox 507 5444 2042 5524; baseline -0.016 -5"><span class='ocrx_word' id='word_1_960' title='bbox 507 5462 800 5520; x_wconf 82' lang='lat' dir='ltr'><strong>exinaniret</strong></span> <span class='ocrx_word' id='word_1_961' title='bbox 829 5499 842 5522; x_wconf 96' lang='lat'><strong>,</strong></span> <span class='ocrx_word' id='word_1_962' title='bbox 887 5468 944 5511; x_wconf 90' lang='lat' dir='ltr'><strong>ut</strong></span> <span class='ocrx_word' id='word_1_963' title='bbox 965 5467 1238 5524; x_wconf 87' lang='lat' dir='ltr'><strong>personam</strong></span> <span class='ocrx_word' id='word_1_964' title='bbox 1273 5449 1407 5504; x_wconf 88' lang='lat' dir='ltr'><strong>servi</strong></span> <span class='ocrx_word' id='word_1_965' title='bbox 1431 5448 1736 5513; x_wconf 83' lang='lat' dir='ltr'><strong>susriperet.</strong></span> <span class='ocrx_word' id='word_1_966' title='bbox 1776 5444 1860 5498; x_wconf 92' lang='lat' dir='ltr'><strong>Sic</strong></span> <span class='ocrx_word' id='word_1_967' title='bbox 1883 5451 1936 5497; x_wconf 92' lang='lat' dir='ltr'><strong>et</strong></span> <span class='ocrx_word' id='word_1_968' title='bbox 1962 5457 2042 5495; x_wconf 85' lang='lat' dir='ltr'><strong>re-</strong></span> 
     </span>
    </p>
   </div>
   <div class='ocr_carea' id='block_1_103' title="bbox 502 5533 2039 5621">
    <p class='ocr_par' dir='ltr' id='par_1_103' title="bbox 502 5533 2039 5621">
     <span class='ocr_line' id='line_1_103' title="bbox 502 5533 2039 5621; baseline -0.016 -13"><span class='ocrx_word' id='word_1_969' title='bbox 502 5555 677 5621; x_wconf 87' lang='lat' dir='ltr'><strong>liqua.</strong></span> <span class='ocrx_word' id='word_1_970' title='bbox 733 5551 783 5603; x_wconf 92' lang='lat' dir='ltr'><strong>in</strong></span> <span class='ocrx_word' id='word_1_971' title='bbox 838 5547 1028 5616; x_wconf 87' lang='lat' dir='ltr'><strong>quibus</strong></span> <span class='ocrx_word' id='word_1_972' title='bbox 1068 5541 1307 5597; x_wconf 87' lang='lat' dir='ltr'><strong>omnibus</strong></span> <span class='ocrx_word' id='word_1_973' title='bbox 1358 5548 1504 5593; x_wconf 87' lang='lat' dir='ltr'><strong>actus</strong></span> <span class='ocrx_word' id='word_1_974' title='bbox 1545 5545 1629 5589; x_wconf 85' lang='lat' dir='ltr'><strong>est</strong></span> <span class='ocrx_word' id='word_1_975' title='bbox 1691 5543 1740 5588; x_wconf 90' lang='lat' dir='ltr'><strong>et</strong></span> <span class='ocrx_word' id='word_1_976' title='bbox 1788 5533 2039 5601; x_wconf 88' lang='lat' dir='ltr'><strong>operatio.</strong></span> 
     </span>
    </p>
   </div>
   <div class='ocr_carea' id='block_1_104' title="bbox 501 5621 2040 5712">
    <p class='ocr_par' dir='ltr' id='par_1_104' title="bbox 501 5621 2040 5712">
     <span class='ocr_line' id='line_1_104' title="bbox 501 5621 2040 5712; baseline -0.016 -13"><span class='ocrx_word' id='word_1_977' title='bbox 501 5644 822 5712; x_wconf 79' lang='lat' dir='ltr'><strong>Quamquam</strong></span> <span class='ocrx_word' id='word_1_978' title='bbox 861 5647 914 5693; x_wconf 88' lang='lat' dir='ltr'><strong>et</strong></span> <span class='ocrx_word' id='word_1_979' title='bbox 943 5636 992 5690; x_wconf 94' lang='lat' dir='ltr'><strong>in</strong></span> <span class='ocrx_word' id='word_1_980' title='bbox 1036 5633 1205 5704; x_wconf 88' lang='lat' dir='ltr'><strong>primo</strong></span> <span class='ocrx_word' id='word_1_981' title='bbox 1236 5628 1532 5687; x_wconf 79' lang='lat' dir='ltr'><strong>existentiae</strong></span> <span class='ocrx_word' id='word_1_982' title='bbox 1554 5638 1660 5680; x_wconf 85' lang='lat' dir='ltr'><strong>suae</strong></span> <span class='ocrx_word' id='word_1_983' title='bbox 1687 5633 1841 5690; x_wconf 85' lang='lat' dir='ltr'><strong>actu,</strong></span> <span class='ocrx_word' id='word_1_984' title='bbox 1887 5621 2040 5678; x_wconf 88' lang='lat' dir='ltr'><strong>sicuti</strong></span> 
     </span>
    </p>
   </div>
   <div class='ocr_carea' id='block_1_105' title="bbox 2164 4545 3698 4614">
    <p class='ocr_par' dir='ltr' id='par_1_105' title="bbox 2164 4545 3698 4614">
     <span class='ocr_line' id='line_1_105' title="bbox 2164 4545 3698 4614; baseline -0.001 -13"><span class='ocrx_word' id='word_1_985' title='bbox 2164 4562 2288 4613; x_wconf 79' lang='lat' dir='ltr'><strong>ergo</strong></span> <span class='ocrx_word' id='word_1_986' title='bbox 2308 4549 2519 4614; x_wconf 82' lang='lat' dir='ltr'><strong>cogitat,</strong></span> <span class='ocrx_word' id='word_1_987' title='bbox 2543 4555 2594 4599; x_wconf 91' lang='lat' dir='ltr'><strong>et</strong></span> <span class='ocrx_word' id='word_1_988' title='bbox 2615 4545 2679 4599; x_wconf 90' lang='lat' dir='ltr'><strong>tle</strong></span> <span class='ocrx_word' id='word_1_989' title='bbox 2704 4546 2813 4600; x_wconf 88' lang='lat' dir='ltr'><strong>Deo</strong></span> <span class='ocrx_word' id='word_1_990' title='bbox 2837 4562 2849 4597; x_wconf 86' lang='lat'><strong>:</strong></span> <span class='ocrx_word' id='word_1_991' title='bbox 2878 4545 3168 4611; x_wconf 78' lang='lat' dir='ltr'><strong>facitigitnr</strong></span> <span class='ocrx_word' id='word_1_992' title='bbox 3184 4554 3241 4598; x_wconf 90' lang='lat' dir='ltr'><strong>ut</strong></span> <span class='ocrx_word' id='word_1_993' title='bbox 3260 4560 3363 4598; x_wconf 89' lang='lat' dir='ltr'><strong>non</strong></span> <span class='ocrx_word' id='word_1_994' title='bbox 3387 4547 3698 4610; x_wconf 64' lang='lat' dir='ltr'><strong>sitmqualis,</strong></span> 
     </span>
    </p>
   </div>
   <div class='ocr_carea' id='block_1_106' title="bbox 2157 4634 3699 4705">
    <p class='ocr_par' dir='ltr' id='par_1_106' title="bbox 2157 4634 3699 4705">
     <span class='ocr_line' id='line_1_106' title="bbox 2157 4634 3699 4705; baseline -0.003 -15"><span class='ocrx_word' id='word_1_995' title='bbox 2157 4637 2247 4690; x_wconf 84' lang='lat' dir='ltr'><strong>sed</strong></span> <span class='ocrx_word' id='word_1_996' title='bbox 2277 4637 2386 4689; x_wconf 82' lang='lat' dir='ltr'><strong>fuit.</strong></span> <span class='ocrx_word' id='word_1_997' title='bbox 2413 4635 2544 4700; x_wconf 89' lang='lat' dir='ltr'><strong>Quid</strong></span> <span class='ocrx_word' id='word_1_998' title='bbox 2566 4635 2755 4689; x_wconf 88' lang='lat' dir='ltr'><strong>deinde</strong></span> <span class='ocrx_word' id='word_1_999' title='bbox 2776 4635 2990 4702; x_wconf 78' lang='lat' dir='ltr'><strong>adjicit?</strong></span> <span class='ocrx_word' id='word_1_1000' title='bbox 3021 4634 3125 4688; x_wconf 83' lang='lat' dir='ltr'><strong>Sed</strong></span> <span class='ocrx_word' id='word_1_1001' title='bbox 3168 4651 3219 4686; x_wconf 89' lang='lat' dir='ltr'><strong>se</strong></span> <span class='ocrx_word' id='word_1_1002' title='bbox 3245 4635 3516 4689; x_wconf 67' lang='lat' dir='ltr'><strong>exinanivit</strong></span> <span class='ocrx_word' id='word_1_1003' title='bbox 3559 4635 3699 4705; x_wconf 80' lang='lat' dir='ltr'><strong>(Phi-</strong></span> 
     </span>
    </p>
   </div>
   <div class='ocr_carea' id='block_1_107' title="bbox 2162 4723 3702 4794">
    <p class='ocr_par' dir='ltr' id='par_1_107' title="bbox 2162 4723 3702 4794">
     <span class='ocr_line' id='line_1_107' title="bbox 2162 4723 3702 4794; baseline -0.002 -16"><span class='ocrx_word' id='word_1_1004' title='bbox 2162 4728 2270 4794; x_wconf 84' lang='lat' dir='ltr'><strong>lipp</strong></span> <span class='ocrx_word' id='word_1_1005' title='bbox 2317 4742 2370 4785; x_wconf 86' lang='lat' dir='ltr'><strong>ll,</strong></span> <span class='ocrx_word' id='word_1_1006' title='bbox 2403 4728 2456 4789; x_wconf 92' lang='lat'><strong>7,</strong></span> <span class='ocrx_word' id='word_1_1007' title='bbox 2488 4727 2561 4790; x_wconf 88' lang='lat'><strong>8).</strong></span> <span class='ocrx_word' id='word_1_1008' title='bbox 2589 4724 2721 4790; x_wconf 84' lang='lat' dir='ltr'><strong>Quid</strong></span> <span class='ocrx_word' id='word_1_1009' title='bbox 2743 4724 3063 4777; x_wconf 76' lang='lat' dir='ltr'><strong>cxittattivil?</strong></span> <span class='ocrx_word' id='word_1_1010' title='bbox 3089 4732 3177 4776; x_wconf 90' lang='lat' dir='ltr'><strong>aut</strong></span> <span class='ocrx_word' id='word_1_1011' title='bbox 3196 4723 3355 4786; x_wconf 82' lang='lat' dir='ltr'><strong>unde,</strong></span> <span class='ocrx_word' id='word_1_1012' title='bbox 3381 4725 3424 4777; x_wconf 88' lang='lat' dir='ltr'><strong>si</strong></span> <span class='ocrx_word' id='word_1_1013' title='bbox 3450 4740 3551 4776; x_wconf 87' lang='grc' dir='ltr'>ιιοιι</span> <span class='ocrx_word' id='word_1_1014' title='bbox 3575 4724 3702 4778; x_wconf 71' lang='lat' dir='ltr'><strong>fuit?</strong></span> 
     </span>
    </p>
   </div>
   <div class='ocr_carea' id='block_1_108' title="bbox 2158 4813 3699 4882">
    <p class='ocr_par' dir='ltr' id='par_1_108' title="bbox 2158 4813 3699 4882">
     <span class='ocr_line' id='line_1_108' title="bbox 2158 4813 3699 4882; baseline -0.003 -12"><span class='ocrx_word' id='word_1_1015' title='bbox 2158 4817 2342 4882; x_wconf 80' lang='lat' dir='ltr'><strong>Adjit-it</strong></span> <span class='ocrx_word' id='word_1_1016' title='bbox 2362 4816 2529 4869; x_wconf 86' lang='lat' dir='ltr'><strong>adhuc</strong></span> <span class='ocrx_word' id='word_1_1017' title='bbox 2550 4834 2560 4868; x_wconf 94' lang='lat'>:</span> <span class='ocrx_word' id='word_1_1018' title='bbox 2589 4813 2788 4867; x_wconf 79' lang='lat' dir='ltr'><strong>Etserui</strong></span> <span class='ocrx_word' id='word_1_1019' title='bbox 2801 4817 3009 4882; x_wconf 85' lang='lat' dir='ltr'><strong>sumpsit</strong></span> <span class='ocrx_word' id='word_1_1020' title='bbox 3030 4815 3241 4880; x_wconf 76' lang='lat' dir='ltr'><strong>formam</strong></span> <span class='ocrx_word' id='word_1_1021' title='bbox 3261 4816 3310 4866; x_wconf 89' lang='lat' dir='ltr'><strong>iu</strong></span> <span class='ocrx_word' id='word_1_1022' title='bbox 3327 4815 3699 4868; x_wconf 84' lang='lat' dir='ltr'><strong>similitudinem</strong></span> 
     </span>
    </p>
   </div>
   <div class='ocr_carea' id='block_1_109' title="bbox 2157 4904 3701 4972">
    <p class='ocr_par' dir='ltr' id='par_1_109' title="bbox 2157 4904 3701 4972">
     <span class='ocr_line' id='line_1_109' title="bbox 2157 4904 3701 4972; baseline -0.001 -16"><span class='ocrx_word' id='word_1_1023' title='bbox 2157 4907 2406 4958; x_wconf 86' lang='lat' dir='ltr'><strong>hominum</strong></span> <span class='ocrx_word' id='word_1_1024' title='bbox 2436 4907 2613 4972; x_wconf 76' lang='lat' dir='ltr'><strong>(actus,</strong></span> <span class='ocrx_word' id='word_1_1025' title='bbox 2632 4913 2678 4955; x_wconf 86' lang='lat' dir='ltr'><strong>et</strong></span> <span class='ocrx_word' id='word_1_1026' title='bbox 2704 4905 2870 4959; x_wconf 72' lang='lat' dir='ltr'><strong>habitu</strong></span> <span class='ocrx_word' id='word_1_1027' title='bbox 2897 4904 3119 4956; x_wconf 79' lang='lat' dir='ltr'><strong>inventus</strong></span> <span class='ocrx_word' id='word_1_1028' title='bbox 3141 4913 3373 4972; x_wconf 84' lang='lat' dir='ltr'><strong>tanquam</strong></span> <span class='ocrx_word' id='word_1_1029' title='bbox 3403 4905 3571 4957; x_wconf 83' lang='lat' dir='ltr'><strong>homo.</strong></span> <span class='ocrx_word' id='word_1_1030' title='bbox 3598 4904 3701 4957; x_wconf 78' lang='grc' dir='ltr'>Ηιι-</span> 
     </span>
    </p>
   </div>
   <div class='ocr_carea' id='block_1_110' title="bbox 2159 4992 3692 5062">
    <p class='ocr_par' dir='ltr' id='par_1_110' title="bbox 2159 4992 3692 5062">
     <span class='ocr_line' id='line_1_110' title="bbox 2159 4992 3692 5062; baseline 0.001 -16"><span class='ocrx_word' id='word_1_1031' title='bbox 2159 4996 2365 5047; x_wconf 77' lang='lat' dir='ltr'><strong>miliarit</strong></span> <span class='ocrx_word' id='word_1_1032' title='bbox 2393 4994 2726 5062; x_wconf 83' lang='lat' dir='ltr'><strong>semetipsum,</strong></span> <span class='ocrx_word' id='word_1_1033' title='bbox 2758 4992 2980 5046; x_wconf 86' lang='lat' dir='ltr'><strong>subditus</strong></span> <span class='ocrx_word' id='word_1_1034' title='bbox 3021 4994 3186 5058; x_wconf 78' lang='lat' dir='ltr'><strong>{actus</strong></span> <span class='ocrx_word' id='word_1_1035' title='bbox 3211 5009 3362 5059; x_wconf 76' lang='lat' dir='ltr'><strong>usque</strong></span> <span class='ocrx_word' id='word_1_1036' title='bbox 3382 4996 3449 5045; x_wconf 86' lang='lat' dir='ltr'><strong>ad</strong></span> <span class='ocrx_word' id='word_1_1037' title='bbox 3469 5006 3692 5057; x_wconf 78' lang='lat' dir='ltr'><strong>mortem,</strong></span> 
     </span>
    </p>
   </div>
   <div class='ocr_carea' id='block_1_111' title="bbox 2157 5083 3694 5152">
    <p class='ocr_par' dir='ltr' id='par_1_111' title="bbox 2157 5083 3694 5152">
     <span class='ocr_line' id='line_1_111' title="bbox 2157 5083 3694 5152; baseline 0 -15"><span class='ocrx_word' id='word_1_1038' title='bbox 2157 5095 2357 5137; x_wconf 80' lang='lat' dir='ltr'><strong>mortem</strong></span> <span class='ocrx_word' id='word_1_1039' title='bbox 2395 5095 2560 5136; x_wconf 84' lang='lat' dir='ltr'><strong>autem</strong></span> <span class='ocrx_word' id='word_1_1040' title='bbox 2605 5085 2786 5136; x_wconf 72' lang='lat' dir='ltr'><strong>crucis.</strong></span> <span class='ocrx_word' id='word_1_1041' title='bbox 2831 5083 2963 5148; x_wconf 91' lang='lat' dir='ltr'><strong>Quid</strong></span> <span class='ocrx_word' id='word_1_1042' title='bbox 3008 5084 3091 5136; x_wconf 91' lang='lat' dir='ltr'><strong>hic</strong></span> <span class='ocrx_word' id='word_1_1043' title='bbox 3137 5099 3240 5136; x_wconf 90' lang='lat' dir='ltr'><strong>non</strong></span> <span class='ocrx_word' id='word_1_1044' title='bbox 3271 5099 3335 5135; x_wconf 78' lang='lat' dir='ltr'><strong>ex</strong></span> <span class='ocrx_word' id='word_1_1045' title='bbox 3368 5085 3514 5136; x_wconf 87' lang='lat' dir='ltr'><strong>omni</strong></span> <span class='ocrx_word' id='word_1_1046' title='bbox 3554 5094 3694 5152; x_wconf 86' lang='lat' dir='ltr'><strong>parte</strong></span> 
     </span>
    </p>
   </div>
   <div class='ocr_carea' id='block_1_112' title="bbox 2155 5171 3699 5228">
    <p class='ocr_par' dir='ltr' id='par_1_112' title="bbox 2155 5171 3699 5228">
     <span class='ocr_line' id='line_1_112' title="bbox 2155 5171 3699 5228; baseline 0.001 -2"><span class='ocrx_word' id='word_1_1047' title='bbox 2155 5175 2382 5227; x_wconf 82' lang='lat' dir='ltr'><strong>declarat</strong></span> <span class='ocrx_word' id='word_1_1048' title='bbox 2424 5172 2598 5227; x_wconf 84' lang='lat' dir='ltr'><strong>Jcsum</strong></span> <span class='ocrx_word' id='word_1_1049' title='bbox 2645 5171 2911 5226; x_wconf 87' lang='lat' dir='ltr'><strong>Christum</strong></span> <span class='ocrx_word' id='word_1_1050' title='bbox 2967 5179 3018 5225; x_wconf 85' lang='lat' dir='ltr'><strong>et</strong></span> <span class='ocrx_word' id='word_1_1051' title='bbox 3066 5171 3227 5224; x_wconf 86' lang='lat' dir='ltr'><strong>ﬁlium</strong></span> <span class='ocrx_word' id='word_1_1052' title='bbox 3286 5171 3422 5225; x_wconf 81' lang='lat' dir='ltr'><strong>Dei?</strong></span> <span class='ocrx_word' id='word_1_1053' title='bbox 3469 5172 3596 5226; x_wconf 81' lang='lat' dir='ltr'><strong>Nam</strong></span> <span class='ocrx_word' id='word_1_1054' title='bbox 3627 5174 3699 5228; x_wconf 87' lang='lat' dir='ltr'><strong>sic</strong></span> 
     </span>
    </p>
   </div>
   <div class='ocr_carea' id='block_1_113' title="bbox 2151 5261 3697 5332">
    <p class='ocr_par' dir='ltr' id='par_1_113' title="bbox 2151 5261 3697 5332">
     <span class='ocr_line' id='line_1_113' title="bbox 2151 5261 3697 5332; baseline -0.001 -15"><span class='ocrx_word' id='word_1_1055' title='bbox 2151 5265 2341 5317; x_wconf 83' lang='lat' dir='ltr'><strong>dictum</strong></span> <span class='ocrx_word' id='word_1_1056' title='bbox 2377 5262 2522 5332; x_wconf 79' lang='lat' dir='ltr'><strong>(Gal.</strong></span> <span class='ocrx_word' id='word_1_1057' title='bbox 2555 5277 2625 5325; x_wconf 85' lang='lat' dir='ltr'><strong>tv,</strong></span> <span class='ocrx_word' id='word_1_1058' title='bbox 2652 5262 2704 5332; x_wconf 74' lang='grc'><strong>4)</strong></span> <span class='ocrx_word' id='word_1_1059' title='bbox 2732 5280 2744 5314; x_wconf 90' lang='lat'>:</span> <span class='ocrx_word' id='word_1_1060' title='bbox 2779 5261 2911 5315; x_wconf 78' lang='lat' dir='ltr'><strong>Deus</strong></span> <span class='ocrx_word' id='word_1_1061' title='bbox 2933 5263 3064 5314; x_wconf 85' lang='lat' dir='ltr'><strong>misit</strong></span> <span class='ocrx_word' id='word_1_1062' title='bbox 3103 5263 3265 5328; x_wconf 77' lang='lat' dir='ltr'><strong>ﬁlium</strong></span> <span class='ocrx_word' id='word_1_1063' title='bbox 3296 5280 3441 5316; x_wconf 80' lang='lat' dir='ltr'><strong>suum</strong></span> <span class='ocrx_word' id='word_1_1064' title='bbox 3478 5274 3534 5317; x_wconf 88' lang='lat' dir='ltr'><strong>et</strong></span> <span class='ocrx_word' id='word_1_1065' title='bbox 3579 5264 3697 5316; x_wconf 89' lang='lat' dir='ltr'><strong>mis-</strong></span> 
     </span>
    </p>
   </div>
   <div class='ocr_carea' id='block_1_114' title="bbox 2151 5351 3694 5421">
    <p class='ocr_par' dir='ltr' id='par_1_114' title="bbox 2151 5351 3694 5421">
     <span class='ocr_line' id='line_1_114' title="bbox 2151 5351 3694 5421; baseline -0.002 -14"><span class='ocrx_word' id='word_1_1066' title='bbox 2151 5369 2264 5408; x_wconf 92' lang='lat' dir='ltr'><strong>sum</strong></span> <span class='ocrx_word' id='word_1_1067' title='bbox 2305 5368 2410 5406; x_wconf 72' lang='lat' dir='ltr'><strong>sum</strong></span> <span class='ocrx_word' id='word_1_1068' title='bbox 2443 5353 2686 5421; x_wconf 78' lang='lat' dir='ltr'><strong>polentia:</strong></span> <span class='ocrx_word' id='word_1_1069' title='bbox 2709 5392 2722 5416; x_wconf 86' lang='lat'><strong>,</strong></span> <span class='ocrx_word' id='word_1_1070' title='bbox 2749 5367 2809 5405; x_wconf 92' lang='lat' dir='ltr'><strong>ae</strong></span> <span class='ocrx_word' id='word_1_1071' title='bbox 2832 5366 2938 5404; x_wconf 70' lang='lat' dir='ltr'><strong>StltC</strong></span> <span class='ocrx_word' id='word_1_1072' title='bbox 2978 5351 3134 5404; x_wconf 89' lang='lat' dir='ltr'><strong>etiam</strong></span> <span class='ocrx_word' id='word_1_1073' title='bbox 3178 5352 3465 5406; x_wconf 78' lang='lat' dir='ltr'><strong>voluntatis</strong></span> <span class='ocrx_word' id='word_1_1074' title='bbox 3511 5351 3694 5406; x_wconf 89' lang='lat' dir='ltr'><strong>arhitio</strong></span> 
     </span>
    </p>
   </div>
   <div class='ocr_carea' id='block_1_115' title="bbox 2147 5442 3690 5510">
    <p class='ocr_par' dir='ltr' id='par_1_115' title="bbox 2147 5442 3690 5510">
     <span class='ocr_line' id='line_1_115' title="bbox 2147 5442 3690 5510; baseline -0.003 -11"><span class='ocrx_word' id='word_1_1075' title='bbox 2147 5455 2332 5499; x_wconf 80' lang='lat' dir='ltr'><strong>cuncta</strong></span> <span class='ocrx_word' id='word_1_1076' title='bbox 2357 5443 2652 5506; x_wconf 79' lang='lat' dir='ltr'><strong>facientem,</strong></span> <span class='ocrx_word' id='word_1_1077' title='bbox 2688 5452 2744 5495; x_wconf 90' lang='lat' dir='ltr'><strong>ut</strong></span> <span class='ocrx_word' id='word_1_1078' title='bbox 2765 5457 2823 5495; x_wconf 91' lang='lat' dir='ltr'><strong>se</strong></span> <span class='ocrx_word' id='word_1_1079' title='bbox 2845 5442 3008 5495; x_wconf 90' lang='lat' dir='ltr'><strong>nollet</strong></span> <span class='ocrx_word' id='word_1_1080' title='bbox 3033 5443 3288 5510; x_wconf 83' lang='lat' dir='ltr'><strong>:equalem</strong></span> <span class='ocrx_word' id='word_1_1081' title='bbox 3315 5485 3328 5507; x_wconf 95' lang='lat'><strong>,</strong></span> <span class='ocrx_word' id='word_1_1082' title='bbox 3356 5453 3413 5497; x_wconf 91' lang='lat' dir='ltr'><strong>ut</strong></span> <span class='ocrx_word' id='word_1_1083' title='bbox 3440 5459 3499 5498; x_wconf 87' lang='lat' dir='ltr'><strong>se</strong></span> <span class='ocrx_word' id='word_1_1084' title='bbox 3518 5444 3690 5498; x_wconf 78' lang='lat' dir='ltr'><strong>exina-</strong></span> 
     </span>
    </p>
   </div>
   <div class='ocr_carea' id='block_1_116' title="bbox 2148 5529 3687 5601">
    <p class='ocr_par' dir='ltr' id='par_1_116' title="bbox 2148 5529 3687 5601">
     <span class='ocr_line' id='line_1_116' title="bbox 2148 5529 3687 5601; baseline -0.001 -15"><span class='ocrx_word' id='word_1_1085' title='bbox 2148 5534 2254 5587; x_wconf 84' lang='lat' dir='ltr'><strong>niat</strong></span> <span class='ocrx_word' id='word_1_1086' title='bbox 2275 5572 2288 5595; x_wconf 97' lang='lat'><strong>,</strong></span> <span class='ocrx_word' id='word_1_1087' title='bbox 2323 5541 2376 5584; x_wconf 90' lang='grc' dir='ltr'><strong>ιιι</strong></span> <span class='ocrx_word' id='word_1_1088' title='bbox 2405 5530 2582 5584; x_wconf 86' lang='lat' dir='ltr'><strong>induat</strong></span> <span class='ocrx_word' id='word_1_1089' title='bbox 2611 5532 2748 5584; x_wconf 90' lang='lat' dir='ltr'><strong>servi</strong></span> <span class='ocrx_word' id='word_1_1090' title='bbox 2795 5529 3014 5583; x_wconf 72' lang='lat' dir='ltr'><strong>formam</strong></span> <span class='ocrx_word' id='word_1_1091' title='bbox 3048 5548 3061 5583; x_wconf 91' lang='lat'>:</span> <span class='ocrx_word' id='word_1_1092' title='bbox 3091 5531 3188 5586; x_wconf 82' lang='lat' dir='ltr'><strong>fuit</strong></span> <span class='ocrx_word' id='word_1_1093' title='bbox 3213 5547 3341 5600; x_wconf 85' lang='lat' dir='ltr'><strong>ergo</strong></span> <span class='ocrx_word' id='word_1_1094' title='bbox 3368 5534 3462 5601; x_wconf 88' lang='lat' dir='ltr'><strong>qui</strong></span> <span class='ocrx_word' id='word_1_1095' title='bbox 3491 5533 3585 5586; x_wconf 91' lang='lat' dir='ltr'><strong>l&#39;uit</strong></span> <span class='ocrx_word' id='word_1_1096' title='bbox 3601 5531 3687 5586; x_wconf 81' lang='lat' dir='ltr'><strong>Dei</strong></span> 
     </span>
    </p>
   </div>
   <div class='ocr_carea' id='block_1_117' title="bbox 2145 5620 3682 5693">
    <p class='ocr_par' dir='ltr' id='par_1_117' title="bbox 2145 5620 3682 5693">
     <span class='ocr_line' id='line_1_117' title="bbox 2145 5620 3682 5693; baseline 0 -15"><span class='ocrx_word' id='word_1_1097' title='bbox 2145 5624 2332 5688; x_wconf 81' lang='lat' dir='ltr'><strong>forma,</strong></span> <span class='ocrx_word' id='word_1_1098' title='bbox 2363 5622 2457 5677; x_wconf 81' lang='lat' dir='ltr'><strong>iuit</strong></span> <span class='ocrx_word' id='word_1_1099' title='bbox 2479 5621 2564 5691; x_wconf 90' lang='lat' dir='ltr'><strong>qui</strong></span> <span class='ocrx_word' id='word_1_1100' title='bbox 2592 5635 2651 5677; x_wconf 89' lang='lat' dir='ltr'><strong>se</strong></span> <span class='ocrx_word' id='word_1_1101' title='bbox 2667 5620 2992 5676; x_wconf 78' lang='lat' dir='ltr'><strong>cxinanivit:</strong></span> <span class='ocrx_word' id='word_1_1102' title='bbox 3027 5622 3393 5693; x_wconf 87' lang='lat' dir='ltr'><strong>isautemipse</strong></span> <span class='ocrx_word' id='word_1_1103' title='bbox 3420 5621 3682 5690; x_wconf 77' lang='lat' dir='ltr'><strong>estJesus,</strong></span> 
     </span>
    </p>
   </div>
  </div>
