  <div class='ocr_page' id='page_1' title='image "/cluster/home/n/w/nwhite01/storage/ocr_20150623/8/uva.x000826528/576.png"; bbox 0 0 3950 6206; ppageno 0'>
   <div class='ocr_carea' id='block_1_1' title="bbox 261 288 399 342">
    <p class='ocr_par' dir='ltr' id='par_1_1' title="bbox 261 288 399 342">
     <span class='ocr_line' id='line_1_1' title="bbox 261 288 399 342; baseline -0.007 -1"><span class='ocrx_word' id='word_1_1' title='bbox 261 288 399 342; x_wconf 74' lang='grc'><strong>1157</strong></span> 
     </span>
    </p>
   </div>
   <div class='ocr_carea' id='block_1_2' title="bbox 1319 283 2205 342">
    <p class='ocr_par' dir='ltr' id='par_1_2' title="bbox 1319 283 2205 342">
     <span class='ocr_line' id='line_1_2' title="bbox 1319 283 2205 342; baseline -0.006 -1"><span class='ocrx_word' id='word_1_2' title='bbox 1319 287 1404 341; x_wconf 81' lang='lat' dir='ltr'><strong>DE</strong></span> <span class='ocrx_word' id='word_1_3' title='bbox 1442 296 1741 342; x_wconf 66' lang='lat' dir='ltr'><strong>(incomta</strong></span> <span class='ocrx_word' id='word_1_4' title='bbox 1781 283 2205 339; x_wconf 74' lang='lat' dir='ltr'><strong>RECIPIENDO.</strong></span> 
     </span>
    </p>
   </div>
   <div class='ocr_carea' id='block_1_3' title="bbox 3361 286 3497 342">
    <p class='ocr_par' dir='ltr' id='par_1_3' title="bbox 3361 286 3497 342">
     <span class='ocr_line' id='line_1_3' title="bbox 3361 286 3497 342; baseline 0.029 -4"><span class='ocrx_word' id='word_1_5' title='bbox 3361 286 3497 342; x_wconf 70' lang='lat'><strong>“58</strong></span> 
     </span>
    </p>
   </div>
   <div class='ocr_carea' id='block_1_4' title="bbox 264 396 3495 469">
    <p class='ocr_par' dir='ltr' id='par_1_4' title="bbox 264 396 3495 469">
     <span class='ocr_line' id='line_1_4' title="bbox 264 396 3495 469; baseline 0 -18"><span class='ocrx_word' id='word_1_6' title='bbox 264 399 354 467; x_wconf 86' lang='lat' dir='ltr'><strong>qui</strong></span> <span class='ocrx_word' id='word_1_7' title='bbox 381 399 605 466; x_wconf 87' lang='lat' dir='ltr'><strong>sumpsit</strong></span> <span class='ocrx_word' id='word_1_8' title='bbox 633 400 912 469; x_wconf 84' lang='lat' dir='ltr'><strong>imaginem</strong></span> <span class='ocrx_word' id='word_1_9' title='bbox 933 401 1090 463; x_wconf 79' lang='lat' dir='ltr'><strong>servi,</strong></span> <span class='ocrx_word' id='word_1_10' title='bbox 1111 410 1164 455; x_wconf 87' lang='lat' dir='ltr'><strong>et</strong></span> <span class='ocrx_word' id='word_1_11' title='bbox 1186 401 1425 454; x_wconf 84' lang='lat' dir='ltr'><strong>inventus</strong></span> <span class='ocrx_word' id='word_1_12' title='bbox 1447 398 1606 453; x_wconf 90' lang='lat' dir='ltr'><strong>homo</strong></span> <span class='ocrx_word' id='word_1_13' title='bbox 1629 408 1725 464; x_wconf 91' lang='lat' dir='ltr'><strong>est,</strong></span> <span class='ocrx_word' id='word_1_14' title='bbox 1745 398 1830 466; x_wconf 89' lang='lat' dir='ltr'><strong>qui</strong></span> <span class='ocrx_word' id='word_1_15' title='bbox 1861 402 1909 458; x_wconf 79' lang='grc' dir='ltr'>Α</span> <span class='ocrx_word' id='word_1_16' title='bbox 1930 398 2226 459; x_wconf 69' lang='lat' dir='ltr'><strong>,bulantem,</strong></span> <span class='ocrx_word' id='word_1_17' title='bbox 2243 396 2516 451; x_wconf 86' lang='lat' dir='ltr'><strong>docentem</strong></span> <span class='ocrx_word' id='word_1_18' title='bbox 2536 398 2652 459; x_wconf 66' lang='lat' dir='ltr'><strong>ista,</strong></span> <span class='ocrx_word' id='word_1_19' title='bbox 2671 397 3495 468; x_wconf 86' lang='lat' dir='ltr'><strong>intelligentiasquctribuentem,</strong></span> 
     </span>
    </p>
   </div>
   <div class='ocr_carea' id='block_1_5' title="bbox 258 488 1825 559">
    <p class='ocr_par' dir='ltr' id='par_1_5' title="bbox 258 488 1825 559">
     <span class='ocr_line' id='line_1_5' title="bbox 258 488 1825 559; baseline 0.001 -17"><span class='ocrx_word' id='word_1_20' title='bbox 258 502 320 542; x_wconf 84' lang='lat' dir='ltr'><strong>se</strong></span> <span class='ocrx_word' id='word_1_21' title='bbox 350 488 582 542; x_wconf 77' lang='lat' dir='ltr'><strong>subdidit</strong></span> <span class='ocrx_word' id='word_1_22' title='bbox 631 503 797 557; x_wconf 83' lang='lat' dir='ltr'><strong>usque</strong></span> <span class='ocrx_word' id='word_1_23' title='bbox 836 490 900 542; x_wconf 89' lang='lat' dir='ltr'><strong>ad</strong></span> <span class='ocrx_word' id='word_1_24' title='bbox 935 501 1177 556; x_wconf 80' lang='lat' dir='ltr'><strong>mortem,</strong></span> <span class='ocrx_word' id='word_1_25' title='bbox 1205 501 1260 543; x_wconf 91' lang='lat' dir='ltr'><strong>ut</strong></span> <span class='ocrx_word' id='word_1_26' title='bbox 1285 490 1590 559; x_wconf 86' lang='lat' dir='ltr'><strong>designetur</strong></span> <span class='ocrx_word' id='word_1_27' title='bbox 1617 489 1825 557; x_wconf 75' lang='lat' dir='ltr'><strong>plenius</strong></span> 
     </span>
    </p>
   </div>
   <div class='ocr_carea' id='block_1_6' title="bbox 255 579 1463 650">
    <p class='ocr_par' dir='ltr' id='par_1_6' title="bbox 255 579 1463 650">
     <span class='ocr_line' id='line_1_6' title="bbox 255 579 1463 650; baseline -0.002 -16"><span class='ocrx_word' id='word_1_28' title='bbox 255 579 413 635; x_wconf 83' lang='lat' dir='ltr'><strong>Jesus</strong></span> <span class='ocrx_word' id='word_1_29' title='bbox 433 581 694 644; x_wconf 77' lang='lat' dir='ltr'><strong>Christus,</strong></span> <span class='ocrx_word' id='word_1_30' title='bbox 731 596 893 650; x_wconf 87' lang='lat' dir='ltr'><strong>usque</strong></span> <span class='ocrx_word' id='word_1_31' title='bbox 924 582 987 633; x_wconf 91' lang='lat' dir='ltr'><strong>ad</strong></span> <span class='ocrx_word' id='word_1_32' title='bbox 1021 591 1240 636; x_wconf 87' lang='lat' dir='ltr'><strong>mortem</strong></span> <span class='ocrx_word' id='word_1_33' title='bbox 1273 582 1463 635; x_wconf 89' lang='lat' dir='ltr'><strong>crucis.</strong></span> 
     </span>
    </p>
   </div>
   <div class='ocr_carea' id='block_1_7' title="bbox 329 668 1822 738">
    <p class='ocr_par' dir='ltr' id='par_1_7' title="bbox 329 668 1822 738">
     <span class='ocr_line' id='line_1_7' title="bbox 329 668 1822 738; baseline -0.001 -15"><span class='ocrx_word' id='word_1_34' title='bbox 329 668 566 723; x_wconf 76' lang='lat' dir='ltr'>XXXIII.</span> <span class='ocrx_word' id='word_1_35' title='bbox 601 670 722 724; x_wconf 71' lang='lat' dir='ltr'><strong>Ilaec</strong></span> <span class='ocrx_word' id='word_1_36' title='bbox 744 671 870 724; x_wconf 82' lang='lat' dir='ltr'><strong>viris</strong></span> <span class='ocrx_word' id='word_1_37' title='bbox 903 672 1145 724; x_wconf 86' lang='lat' dir='ltr'><strong>lidelibus</strong></span> <span class='ocrx_word' id='word_1_38' title='bbox 1183 673 1310 724; x_wconf 91' lang='lat' dir='ltr'><strong>satis</strong></span> <span class='ocrx_word' id='word_1_39' title='bbox 1332 673 1554 738; x_wconf 87' lang='lat' dir='ltr'><strong>probata</strong></span> <span class='ocrx_word' id='word_1_40' title='bbox 1579 680 1728 733; x_wconf 89' lang='lat' dir='ltr'><strong>sunt,</strong></span> <span class='ocrx_word' id='word_1_41' title='bbox 1770 681 1822 724; x_wconf 91' lang='lat' dir='ltr'><strong>ct</strong></span> 
     </span>
    </p>
   </div>
   <div class='ocr_carea' id='block_1_8' title="bbox 261 761 1821 826">
    <p class='ocr_par' dir='ltr' id='par_1_8' title="bbox 261 761 1821 826">
     <span class='ocr_line' id='line_1_8' title="bbox 261 761 1821 826; baseline 0.002 -15"><span class='ocrx_word' id='word_1_42' title='bbox 261 769 388 815; x_wconf 87' lang='lat' dir='ltr'><strong>ante</strong></span> <span class='ocrx_word' id='word_1_43' title='bbox 415 774 627 814; x_wconf 81' lang='lat' dir='ltr'><strong>carnem</strong></span> <span class='ocrx_word' id='word_1_44' title='bbox 659 761 836 826; x_wconf 81' lang='lat' dir='ltr'><strong>fuisse,</strong></span> <span class='ocrx_word' id='word_1_45' title='bbox 861 763 985 815; x_wconf 86' lang='lat' dir='ltr'><strong>etin</strong></span> <span class='ocrx_word' id='word_1_46' title='bbox 1014 762 1425 815; x_wconf 87' lang='lat' dir='ltr'><strong>carncemmlcm</strong></span> <span class='ocrx_word' id='word_1_47' title='bbox 1452 761 1614 814; x_wconf 84' lang='lat' dir='ltr'><strong>lilium</strong></span> <span class='ocrx_word' id='word_1_48' title='bbox 1639 762 1821 825; x_wconf 69' lang='lat' dir='ltr'><strong>fuisse,</strong></span> 
     </span>
    </p>
   </div>
   <div class='ocr_carea' id='block_1_9' title="bbox 261 851 1824 921">
    <p class='ocr_par' dir='ltr' id='par_1_9' title="bbox 261 851 1824 921">
     <span class='ocr_line' id='line_1_9' title="bbox 261 851 1824 921; baseline 0.001 -18"><span class='ocrx_word' id='word_1_49' title='bbox 261 851 413 906; x_wconf 87' lang='lat' dir='ltr'><strong>illum</strong></span> <span class='ocrx_word' id='word_1_50' title='bbox 439 853 526 920; x_wconf 87' lang='lat' dir='ltr'><strong>qui</strong></span> <span class='ocrx_word' id='word_1_51' title='bbox 563 861 682 906; x_wconf 85' lang='lat' dir='ltr'><strong>ante</strong></span> <span class='ocrx_word' id='word_1_52' title='bbox 703 853 894 906; x_wconf 70' lang='lat' dir='ltr'><strong>smcula</strong></span> <span class='ocrx_word' id='word_1_53' title='bbox 923 863 1003 906; x_wconf 81' lang='lat' dir='ltr'><strong>est</strong></span> <span class='ocrx_word' id='word_1_54' title='bbox 1031 854 1240 921; x_wconf 81' lang='lat' dir='ltr'><strong>genitus</strong></span> <span class='ocrx_word' id='word_1_55' title='bbox 1263 895 1276 916; x_wconf 87' lang='lat'><strong>,</strong></span> <span class='ocrx_word' id='word_1_56' title='bbox 1303 853 1445 904; x_wconf 87' lang='lat' dir='ltr'><strong>illum</strong></span> <span class='ocrx_word' id='word_1_57' title='bbox 1473 852 1559 921; x_wconf 87' lang='lat' dir='ltr'><strong>qui</strong></span> <span class='ocrx_word' id='word_1_58' title='bbox 1589 853 1824 905; x_wconf 76' lang='lat' dir='ltr'><strong>ascendit</strong></span> 
     </span>
    </p>
   </div>
   <div class='ocr_carea' id='block_1_10' title="bbox 254 941 1824 1011">
    <p class='ocr_par' dir='ltr' id='par_1_10' title="bbox 254 941 1824 1011">
     <span class='ocr_line' id='line_1_10' title="bbox 254 941 1824 1011; baseline 0 -16"><span class='ocrx_word' id='word_1_59' title='bbox 254 941 311 995; x_wconf 84' lang='lat' dir='ltr'><strong>in</strong></span> <span class='ocrx_word' id='word_1_60' title='bbox 342 941 555 1005; x_wconf 70' lang='lat' dir='ltr'><strong>cmlum,</strong></span> <span class='ocrx_word' id='word_1_61' title='bbox 583 952 636 995; x_wconf 89' lang='lat' dir='ltr'><strong>et</strong></span> <span class='ocrx_word' id='word_1_62' title='bbox 657 942 776 995; x_wconf 90' lang='lat' dir='ltr'><strong>inde</strong></span> <span class='ocrx_word' id='word_1_63' title='bbox 805 941 1096 1002; x_wconf 74' lang='lat' dir='ltr'><strong>descendit,</strong></span> <span class='ocrx_word' id='word_1_64' title='bbox 1125 943 1265 995; x_wconf 83' lang='lat' dir='ltr'><strong>illum</strong></span> <span class='ocrx_word' id='word_1_65' title='bbox 1295 943 1380 1011; x_wconf 86' lang='lat' dir='ltr'><strong>qui</strong></span> <span class='ocrx_word' id='word_1_66' title='bbox 1414 943 1564 994; x_wconf 85' lang='lat' dir='ltr'><strong>nobis</strong></span> <span class='ocrx_word' id='word_1_67' title='bbox 1588 944 1653 995; x_wconf 87' lang='lat' dir='ltr'><strong>de</strong></span> <span class='ocrx_word' id='word_1_68' title='bbox 1689 943 1824 996; x_wconf 80' lang='lat' dir='ltr'><strong>cmlo</strong></span> 
     </span>
    </p>
   </div>
   <div class='ocr_carea' id='block_1_11' title="bbox 256 1031 1822 1102">
    <p class='ocr_par' dir='ltr' id='par_1_11' title="bbox 256 1031 1822 1102">
     <span class='ocr_line' id='line_1_11' title="bbox 256 1031 1822 1102; baseline 0 -19"><span class='ocrx_word' id='word_1_69' title='bbox 256 1032 412 1100; x_wconf 88' lang='lat' dir='ltr'><strong>panis</strong></span> <span class='ocrx_word' id='word_1_70' title='bbox 437 1042 514 1086; x_wconf 90' lang='lat' dir='ltr'><strong>est</strong></span> <span class='ocrx_word' id='word_1_71' title='bbox 547 1049 560 1084; x_wconf 91' lang='lat'><strong>:</strong></span> <span class='ocrx_word' id='word_1_72' title='bbox 595 1033 740 1086; x_wconf 90' lang='lat' dir='ltr'><strong>illmn</strong></span> <span class='ocrx_word' id='word_1_73' title='bbox 778 1033 865 1101; x_wconf 90' lang='lat' dir='ltr'><strong>qui</strong></span> <span class='ocrx_word' id='word_1_74' title='bbox 907 1033 958 1085; x_wconf 92' lang='lat' dir='ltr'><strong>in</strong></span> <span class='ocrx_word' id='word_1_75' title='bbox 981 1047 1138 1086; x_wconf 87' lang='lat' dir='ltr'><strong>carne</strong></span> <span class='ocrx_word' id='word_1_76' title='bbox 1167 1032 1292 1085; x_wconf 73' lang='lat' dir='ltr'><strong>dicit</strong></span> <span class='ocrx_word' id='word_1_77' title='bbox 1346 1031 1520 1102; x_wconf 81' lang='lat' dir='ltr'><strong>(Joon.</strong></span> <span class='ocrx_word' id='word_1_78' title='bbox 1555 1047 1685 1090; x_wconf 81' lang='lat' dir='ltr'><strong>xvn,</strong></span> <span class='ocrx_word' id='word_1_79' title='bbox 1719 1031 1775 1100; x_wconf 81' lang='grc'>5)</span> <span class='ocrx_word' id='word_1_80' title='bbox 1811 1049 1822 1083; x_wconf 89' lang='lat'><strong>:</strong></span> 
     </span>
    </p>
   </div>
   <div class='ocr_carea' id='block_1_12' title="bbox 257 1121 1825 1192">
    <p class='ocr_par' dir='ltr' id='par_1_12' title="bbox 257 1121 1825 1192">
     <span class='ocr_line' id='line_1_12' title="bbox 257 1121 1825 1192; baseline 0.001 -18"><span class='ocrx_word' id='word_1_81' title='bbox 257 1121 434 1174; x_wconf 75' lang='lat' dir='ltr'><strong>lieo&#39;tle</strong></span> <span class='ocrx_word' id='word_1_82' title='bbox 459 1123 601 1186; x_wconf 82' lang='lat' dir='ltr'><strong>mihi,</strong></span> <span class='ocrx_word' id='word_1_83' title='bbox 627 1134 787 1190; x_wconf 77' lang='lat' dir='ltr'><strong>pater,</strong></span> <span class='ocrx_word' id='word_1_84' title='bbox 807 1123 1042 1175; x_wconf 85' lang='lat' dir='ltr'><strong>honorem</strong></span> <span class='ocrx_word' id='word_1_85' title='bbox 1060 1139 1239 1182; x_wconf 83' lang='lat' dir='ltr'><strong>meum,</strong></span> <span class='ocrx_word' id='word_1_86' title='bbox 1257 1139 1400 1192; x_wconf 84' lang='lat' dir='ltr'><strong>quem</strong></span> <span class='ocrx_word' id='word_1_87' title='bbox 1423 1123 1573 1174; x_wconf 78' lang='lat' dir='ltr'><strong>habui</strong></span> <span class='ocrx_word' id='word_1_88' title='bbox 1594 1124 1730 1192; x_wconf 81' lang='lat' dir='ltr'><strong>apud</strong></span> <span class='ocrx_word' id='word_1_89' title='bbox 1745 1135 1825 1175; x_wconf 87' lang='lat' dir='ltr'><strong>te:</strong></span> 
     </span>
    </p>
   </div>
   <div class='ocr_carea' id='block_1_13' title="bbox 256 1214 1820 1287">
    <p class='ocr_par' dir='ltr' id='par_1_13' title="bbox 256 1214 1820 1287">
     <span class='ocr_line' id='line_1_13' title="bbox 256 1214 1820 1287; baseline -0.001 -19"><span class='ocrx_word' id='word_1_90' title='bbox 256 1214 438 1282; x_wconf 91' lang='lat' dir='ltr'><strong>utique</strong></span> <span class='ocrx_word' id='word_1_91' title='bbox 461 1230 617 1282; x_wconf 86' lang='lat' dir='ltr'><strong>supra</strong></span> <span class='ocrx_word' id='word_1_92' title='bbox 640 1215 824 1281; x_wconf 75' lang='lat' dir='ltr'><strong>cwlos,</strong></span> <span class='ocrx_word' id='word_1_93' title='bbox 851 1225 904 1268; x_wconf 88' lang='lat' dir='ltr'><strong>et</strong></span> <span class='ocrx_word' id='word_1_94' title='bbox 929 1225 1050 1268; x_wconf 88' lang='lat' dir='ltr'><strong>ante</strong></span> <span class='ocrx_word' id='word_1_95' title='bbox 1077 1231 1310 1278; x_wconf 72' lang='lat' dir='ltr'><strong>earncm,</strong></span> <span class='ocrx_word' id='word_1_96' title='bbox 1339 1215 1486 1268; x_wconf 90' lang='lat' dir='ltr'><strong>illum</strong></span> <span class='ocrx_word' id='word_1_97' title='bbox 1518 1233 1528 1266; x_wconf 90' lang='lat'><strong>:</strong></span> <span class='ocrx_word' id='word_1_98' title='bbox 1552 1217 1694 1287; x_wconf 73' lang='grc' dir='ltr'><strong>λόγος</strong></span> <span class='ocrx_word' id='word_1_99' title='bbox 1721 1227 1820 1278; x_wconf 89' lang='lat' dir='ltr'><strong>est,</strong></span> 
     </span>
    </p>
   </div>
   <div class='ocr_carea' id='block_1_14' title="bbox 254 1306 1817 1380">
    <p class='ocr_par' dir='ltr' id='par_1_14' title="bbox 254 1306 1817 1380">
     <span class='ocr_line' id='line_1_14' title="bbox 254 1306 1817 1380; baseline -0.001 -20"><span class='ocrx_word' id='word_1_100' title='bbox 254 1316 309 1360; x_wconf 84' lang='lat' dir='ltr'><strong>ct</strong></span> <span class='ocrx_word' id='word_1_101' title='bbox 343 1306 537 1378; x_wconf 82' lang='lat' dir='ltr'><strong>(Jonn.</strong></span> <span class='ocrx_word' id='word_1_102' title='bbox 572 1324 609 1374; x_wconf 83' lang='grc' dir='ltr'><strong>ι,</strong></span> <span class='ocrx_word' id='word_1_103' title='bbox 648 1309 747 1376; x_wconf 81' lang='lat' dir='ltr'><strong>I5)</strong></span> <span class='ocrx_word' id='word_1_104' title='bbox 790 1309 841 1361; x_wconf 86' lang='lat' dir='ltr'><strong>in</strong></span> <span class='ocrx_word' id='word_1_105' title='bbox 883 1309 1131 1377; x_wconf 78' lang='lat' dir='ltr'><strong>principio</strong></span> <span class='ocrx_word' id='word_1_106' title='bbox 1173 1309 1345 1380; x_wconf 67' lang='grc' dir='ltr'><strong>λόγος,</strong></span> <span class='ocrx_word' id='word_1_107' title='bbox 1373 1318 1419 1360; x_wconf 87' lang='lat' dir='ltr'><strong>et</strong></span> <span class='ocrx_word' id='word_1_108' title='bbox 1464 1310 1616 1376; x_wconf 72' lang='lat' dir='ltr'><strong>juxta</strong></span> <span class='ocrx_word' id='word_1_109' title='bbox 1663 1307 1817 1360; x_wconf 82' lang='lat' dir='ltr'><strong>Deum</strong></span> 
     </span>
    </p>
   </div>
   <div class='ocr_carea' id='block_1_15' title="bbox 251 1396 1824 1470">
    <p class='ocr_par' dir='ltr' id='par_1_15' title="bbox 251 1396 1824 1470">
     <span class='ocr_line' id='line_1_15' title="bbox 251 1396 1824 1470; baseline 0.001 -22"><span class='ocrx_word' id='word_1_110' title='bbox 251 1397 421 1465; x_wconf 71' lang='grc' dir='ltr'><strong>λόγος,</strong></span> <span class='ocrx_word' id='word_1_111' title='bbox 446 1411 490 1450; x_wconf 86' lang='lat' dir='ltr'><strong>et</strong></span> <span class='ocrx_word' id='word_1_112' title='bbox 513 1399 596 1465; x_wconf 83' lang='lat' dir='ltr'><strong>qui</strong></span> <span class='ocrx_word' id='word_1_113' title='bbox 616 1398 757 1469; x_wconf 73' lang='grc' dir='ltr'><strong>λόγος</strong></span> <span class='ocrx_word' id='word_1_114' title='bbox 786 1396 918 1450; x_wconf 81' lang='lat' dir='ltr'><strong>Deus</strong></span> <span class='ocrx_word' id='word_1_115' title='bbox 939 1407 1031 1460; x_wconf 80' lang='lat' dir='ltr'><strong>est,</strong></span> <span class='ocrx_word' id='word_1_116' title='bbox 1057 1407 1101 1450; x_wconf 82' lang='lat' dir='ltr'><strong>et</strong></span> <span class='ocrx_word' id='word_1_117' title='bbox 1130 1413 1217 1463; x_wconf 81' lang='lat' dir='ltr'><strong>per</strong></span> <span class='ocrx_word' id='word_1_118' title='bbox 1233 1414 1377 1463; x_wconf 81' lang='lat' dir='ltr'><strong>quem</strong></span> <span class='ocrx_word' id='word_1_119' title='bbox 1396 1399 1540 1470; x_wconf 66' lang='grc' dir='ltr'>λόγον</span> <span class='ocrx_word' id='word_1_120' title='bbox 1561 1403 1692 1466; x_wconf 78' lang='lat' dir='ltr'><strong>facta</strong></span> <span class='ocrx_word' id='word_1_121' title='bbox 1709 1406 1824 1449; x_wconf 84' lang='lat' dir='ltr'><strong>sunt</strong></span> 
     </span>
    </p>
   </div>
   <div class='ocr_carea' id='block_1_16' title="bbox 255 1487 1822 1560">
    <p class='ocr_par' dir='ltr' id='par_1_16' title="bbox 255 1487 1822 1560">
     <span class='ocr_line' id='line_1_16' title="bbox 255 1487 1822 1560; baseline 0.002 -20"><span class='ocrx_word' id='word_1_122' title='bbox 255 1490 450 1549; x_wconf 85' lang='lat' dir='ltr'><strong>omnia,</strong></span> <span class='ocrx_word' id='word_1_123' title='bbox 473 1499 516 1541; x_wconf 88' lang='lat' dir='ltr'><strong>et</strong></span> <span class='ocrx_word' id='word_1_124' title='bbox 539 1489 645 1541; x_wconf 86' lang='lat' dir='ltr'><strong>sine</strong></span> <span class='ocrx_word' id='word_1_125' title='bbox 670 1504 768 1557; x_wconf 87' lang='lat' dir='ltr'><strong>quo</strong></span> <span class='ocrx_word' id='word_1_126' title='bbox 794 1489 980 1556; x_wconf 78' lang='lat' dir='ltr'><strong>factum</strong></span> <span class='ocrx_word' id='word_1_127' title='bbox 1019 1498 1091 1541; x_wconf 80' lang='lat' dir='ltr'><strong>est</strong></span> <span class='ocrx_word' id='word_1_128' title='bbox 1117 1489 1244 1541; x_wconf 88' lang='lat' dir='ltr'><strong>niltil</strong></span> <span class='ocrx_word' id='word_1_129' title='bbox 1263 1506 1280 1552; x_wconf 90' lang='lat'><strong><em>;</em></strong></span> <span class='ocrx_word' id='word_1_130' title='bbox 1313 1490 1455 1542; x_wconf 86' lang='lat' dir='ltr'><strong>illum</strong></span> <span class='ocrx_word' id='word_1_131' title='bbox 1493 1487 1669 1560; x_wconf 83' lang='lat' dir='ltr'><strong>(Joan.</strong></span> <span class='ocrx_word' id='word_1_132' title='bbox 1696 1505 1732 1551; x_wconf 93' lang='lat' dir='ltr'><strong>t,</strong></span> <span class='ocrx_word' id='word_1_133' title='bbox 1765 1488 1822 1557; x_wconf 88' lang='lat'><strong>9)</strong></span> 
     </span>
    </p>
   </div>
   <div class='ocr_carea' id='block_1_17' title="bbox 255 1578 1822 1647">
    <p class='ocr_par' dir='ltr' id='par_1_17' title="bbox 255 1578 1822 1647">
     <span class='ocr_line' id='line_1_17' title="bbox 255 1578 1822 1647; baseline 0.001 -17"><span class='ocrx_word' id='word_1_134' title='bbox 255 1579 344 1647; x_wconf 82' lang='lat' dir='ltr'><strong>qui</strong></span> <span class='ocrx_word' id='word_1_135' title='bbox 365 1579 618 1632; x_wconf 73' lang='lat' dir='ltr'><strong>illuminat</strong></span> <span class='ocrx_word' id='word_1_136' title='bbox 644 1578 892 1632; x_wconf 77' lang='lat' dir='ltr'><strong>hominem</strong></span> <span class='ocrx_word' id='word_1_137' title='bbox 913 1581 963 1631; x_wconf 89' lang='lat' dir='ltr'><strong>in</strong></span> <span class='ocrx_word' id='word_1_138' title='bbox 990 1580 1123 1631; x_wconf 80' lang='lat' dir='ltr'><strong>hunc</strong></span> <span class='ocrx_word' id='word_1_139' title='bbox 1145 1579 1382 1632; x_wconf 87' lang='lat' dir='ltr'><strong>mundum</strong></span> <span class='ocrx_word' id='word_1_140' title='bbox 1413 1581 1720 1643; x_wconf 75' lang='lat' dir='ltr'><strong>venientem;</strong></span> <span class='ocrx_word' id='word_1_141' title='bbox 1760 1580 1822 1632; x_wconf 85' lang='lat' dir='ltr'><strong>il-</strong></span> 
     </span>
    </p>
   </div>
   <div class='ocr_carea' id='block_1_18' title="bbox 255 1667 1822 1740">
    <p class='ocr_par' dir='ltr' id='par_1_18' title="bbox 255 1667 1822 1740">
     <span class='ocr_line' id='line_1_18' title="bbox 255 1667 1822 1740; baseline 0.001 -18"><span class='ocrx_word' id='word_1_142' title='bbox 255 1669 367 1722; x_wconf 91' lang='lat' dir='ltr'><strong>lum</strong></span> <span class='ocrx_word' id='word_1_143' title='bbox 412 1667 650 1740; x_wconf 70' lang='lat' dir='ltr'><strong>(lorum,</strong></span> <span class='ocrx_word' id='word_1_144' title='bbox 701 1669 785 1738; x_wconf 71' lang='grc'><strong>14)</strong></span> <span class='ocrx_word' id='word_1_145' title='bbox 821 1670 908 1738; x_wconf 87' lang='lat' dir='ltr'><strong>qui</strong></span> <span class='ocrx_word' id='word_1_146' title='bbox 949 1667 1088 1735; x_wconf 79' lang='grc' dir='ltr'>λόγος</span> <span class='ocrx_word' id='word_1_147' title='bbox 1130 1686 1247 1722; x_wconf 79' lang='lat' dir='ltr'><strong>caro</strong></span> <span class='ocrx_word' id='word_1_148' title='bbox 1277 1673 1441 1735; x_wconf 80' lang='lat' dir='ltr'><strong>factus</strong></span> <span class='ocrx_word' id='word_1_149' title='bbox 1483 1680 1572 1724; x_wconf 80' lang='lat' dir='ltr'><strong>est.</strong></span> <span class='ocrx_word' id='word_1_150' title='bbox 1621 1670 1822 1723; x_wconf 82' lang='lat' dir='ltr'><strong>Audisti</strong></span> 
     </span>
    </p>
   </div>
   <div class='ocr_carea' id='block_1_19' title="bbox 1927 487 3498 557">
    <p class='ocr_par' dir='ltr' id='par_1_19' title="bbox 1927 487 3498 557">
     <span class='ocr_line' id='line_1_19' title="bbox 1927 487 3498 557; baseline 0.001 -17"><span class='ocrx_word' id='word_1_151' title='bbox 1927 498 1979 540; x_wconf 91' lang='lat' dir='ltr'><strong>et</strong></span> <span class='ocrx_word' id='word_1_152' title='bbox 2002 504 2028 537; x_wconf 90' lang='lat' dir='ltr'><strong>a</strong></span> <span class='ocrx_word' id='word_1_153' title='bbox 2055 497 2199 555; x_wconf 85' lang='lat' dir='ltr'><strong>patre</strong></span> <span class='ocrx_word' id='word_1_154' title='bbox 2223 503 2316 554; x_wconf 84' lang='lat' dir='ltr'><strong>per</strong></span> <span class='ocrx_word' id='word_1_155' title='bbox 2337 487 2602 540; x_wconf 75' lang='lat' dir='ltr'><strong>Christum</strong></span> <span class='ocrx_word' id='word_1_156' title='bbox 2631 488 2884 555; x_wconf 81' lang='lat' dir='ltr'><strong>genitum,</strong></span> <span class='ocrx_word' id='word_1_157' title='bbox 2903 499 2952 540; x_wconf 91' lang='lat' dir='ltr'><strong>ct</strong></span> <span class='ocrx_word' id='word_1_158' title='bbox 2971 489 3018 540; x_wconf 91' lang='lat' dir='ltr'><strong>in</strong></span> <span class='ocrx_word' id='word_1_159' title='bbox 3037 487 3276 542; x_wconf 82' lang='lat' dir='ltr'><strong>Christo:</strong></span> <span class='ocrx_word' id='word_1_160' title='bbox 3303 489 3498 557; x_wconf 84' lang='lat' dir='ltr'><strong>quippe</strong></span> 
     </span>
    </p>
   </div>
   <div class='ocr_carea' id='block_1_20' title="bbox 1928 577 3493 646">
    <p class='ocr_par' dir='ltr' id='par_1_20' title="bbox 1928 577 3493 646">
     <span class='ocr_line' id='line_1_20' title="bbox 1928 577 3493 646; baseline 0 -15"><span class='ocrx_word' id='word_1_161' title='bbox 1928 593 2044 631; x_wconf 90' lang='lat' dir='ltr'><strong>cum</strong></span> <span class='ocrx_word' id='word_1_162' title='bbox 2070 577 2368 646; x_wconf 84' lang='lat' dir='ltr'><strong>unigenitus</strong></span> <span class='ocrx_word' id='word_1_163' title='bbox 2389 578 2524 630; x_wconf 90' lang='lat' dir='ltr'><strong>lilius</strong></span> <span class='ocrx_word' id='word_1_164' title='bbox 2545 578 2786 631; x_wconf 74' lang='lat' dir='ltr'><strong>Christus</strong></span> <span class='ocrx_word' id='word_1_165' title='bbox 2805 580 2892 638; x_wconf 84' lang='lat' dir='ltr'><strong>sit,</strong></span> <span class='ocrx_word' id='word_1_166' title='bbox 2920 579 3096 631; x_wconf 88' lang='lat' dir='ltr'><strong>multis</strong></span> <span class='ocrx_word' id='word_1_167' title='bbox 3115 592 3210 631; x_wconf 92' lang='lat' dir='ltr'><strong>nos</strong></span> <span class='ocrx_word' id='word_1_168' title='bbox 3229 578 3374 631; x_wconf 90' lang='lat' dir='ltr'><strong>libris</strong></span> <span class='ocrx_word' id='word_1_169' title='bbox 3391 592 3493 631; x_wconf 82' lang='lat' dir='ltr'><strong>ex-</strong></span> 
     </span>
    </p>
   </div>
   <div class='ocr_carea' id='block_1_21' title="bbox 1928 668 3490 739">
    <p class='ocr_par' dir='ltr' id='par_1_21' title="bbox 1928 668 3490 739">
     <span class='ocr_line' id='line_1_21' title="bbox 1928 668 3490 739; baseline -0.001 -17"><span class='ocrx_word' id='word_1_170' title='bbox 1928 669 2198 738; x_wconf 88' lang='lat' dir='ltr'><strong>posuimus</strong></span> <span class='ocrx_word' id='word_1_171' title='bbox 2227 687 2239 730; x_wconf 88' lang='lat'><strong>;</strong></span> <span class='ocrx_word' id='word_1_172' title='bbox 2266 677 2316 721; x_wconf 91' lang='lat' dir='ltr'><strong>et</strong></span> <span class='ocrx_word' id='word_1_173' title='bbox 2342 669 2481 736; x_wconf 67' lang='lat' dir='ltr'><strong>quad</strong></span> <span class='ocrx_word' id='word_1_174' title='bbox 2506 669 2768 739; x_wconf 78' lang='lat' dir='ltr'><strong>exemplis</strong></span> <span class='ocrx_word' id='word_1_175' title='bbox 2793 669 3030 737; x_wconf 74' lang='lat' dir='ltr'><strong>plurimis</strong></span> <span class='ocrx_word' id='word_1_176' title='bbox 3055 668 3490 738; x_wconf 71' lang='lat' dir='ltr'><strong>approbarimus,</strong></span> 
     </span>
    </p>
   </div>
   <div class='ocr_carea' id='block_1_22' title="bbox 1929 761 3494 829">
    <p class='ocr_par' dir='ltr' id='par_1_22' title="bbox 1929 761 3494 829">
     <span class='ocr_line' id='line_1_22' title="bbox 1929 761 3494 829; baseline -0.001 -15"><span class='ocrx_word' id='word_1_177' title='bbox 1929 762 2056 814; x_wconf 89' lang='lat' dir='ltr'><strong>satis</strong></span> <span class='ocrx_word' id='word_1_178' title='bbox 2078 763 2276 813; x_wconf 82' lang='lat' dir='ltr'><strong>clarum</strong></span> <span class='ocrx_word' id='word_1_179' title='bbox 2298 769 2393 813; x_wconf 85' lang='lat' dir='ltr'><strong>est.</strong></span> <span class='ocrx_word' id='word_1_180' title='bbox 2425 761 2531 814; x_wconf 91' lang='lat' dir='ltr'><strong>lloc</strong></span> <span class='ocrx_word' id='word_1_181' title='bbox 2555 761 2710 813; x_wconf 90' lang='lat' dir='ltr'><strong>modo</strong></span> <span class='ocrx_word' id='word_1_182' title='bbox 2750 770 2906 825; x_wconf 74' lang='lat' dir='ltr'><strong>atque</strong></span> <span class='ocrx_word' id='word_1_183' title='bbox 2945 762 3040 813; x_wconf 87' lang='lat' dir='ltr'><strong>hac</strong></span> <span class='ocrx_word' id='word_1_184' title='bbox 3067 761 3411 829; x_wconf 87' lang='lat' dir='ltr'><strong>intelligentia</strong></span> <span class='ocrx_word' id='word_1_185' title='bbox 3438 770 3494 812; x_wconf 90' lang='lat' dir='ltr'><strong>ut</strong></span> 
     </span>
    </p>
   </div>
   <div class='ocr_carea' id='block_1_23' title="bbox 1929 849 3499 921">
    <p class='ocr_par' dir='ltr' id='par_1_23' title="bbox 1929 849 3499 921">
     <span class='ocr_line' id='line_1_23' title="bbox 1929 849 3499 921; baseline 0 -19"><span class='ocrx_word' id='word_1_186' title='bbox 1929 860 2077 920; x_wconf 78' lang='lat' dir='ltr'><strong>pater</strong></span> <span class='ocrx_word' id='word_1_187' title='bbox 2105 860 2156 902; x_wconf 87' lang='lat' dir='ltr'><strong>ct</strong></span> <span class='ocrx_word' id='word_1_188' title='bbox 2189 851 2324 904; x_wconf 82' lang='lat' dir='ltr'><strong>llctts</strong></span> <span class='ocrx_word' id='word_1_189' title='bbox 2349 866 2465 904; x_wconf 90' lang='lat' dir='ltr'><strong>cum</strong></span> <span class='ocrx_word' id='word_1_190' title='bbox 2492 850 2596 903; x_wconf 90' lang='lat' dir='ltr'><strong>lilio</strong></span> <span class='ocrx_word' id='word_1_191' title='bbox 2631 849 2919 921; x_wconf 69' lang='grc' dir='ltr'><strong>ὁμοθύσιον,</strong></span> <span class='ocrx_word' id='word_1_192' title='bbox 2946 863 2996 904; x_wconf 90' lang='lat' dir='ltr'><strong>ct</strong></span> <span class='ocrx_word' id='word_1_193' title='bbox 3035 849 3170 904; x_wconf 78' lang='lat' dir='ltr'><strong>[ilius</strong></span> <span class='ocrx_word' id='word_1_194' title='bbox 3205 849 3341 918; x_wconf 91' lang='lat' dir='ltr'><strong>quod</strong></span> <span class='ocrx_word' id='word_1_195' title='bbox 3387 850 3499 917; x_wconf 91' lang='lat' dir='ltr'><strong>ipse</strong></span> 
     </span>
    </p>
   </div>
   <div class='ocr_carea' id='block_1_24' title="bbox 1930 940 3500 1008">
    <p class='ocr_par' dir='ltr' id='par_1_24' title="bbox 1930 940 3500 1008">
     <span class='ocr_line' id='line_1_24' title="bbox 1930 940 3500 1008; baseline -0.001 -16"><span class='ocrx_word' id='word_1_196' title='bbox 1930 941 2032 992; x_wconf 65' lang='lat' dir='ltr'><strong>vita</strong></span> <span class='ocrx_word' id='word_1_197' title='bbox 2069 949 2147 993; x_wconf 84' lang='lat' dir='ltr'><strong>est</strong></span> <span class='ocrx_word' id='word_1_198' title='bbox 2178 955 2296 992; x_wconf 90' lang='lat' dir='ltr'><strong>cum</strong></span> <span class='ocrx_word' id='word_1_199' title='bbox 2341 955 2424 992; x_wconf 87' lang='lat' dir='ltr'><strong>co.</strong></span> <span class='ocrx_word' id='word_1_200' title='bbox 2473 941 2602 1003; x_wconf 79' lang='lat' dir='ltr'><strong>Quia</strong></span> <span class='ocrx_word' id='word_1_201' title='bbox 2647 949 2818 992; x_wconf 87' lang='lat' dir='ltr'><strong>autem</strong></span> <span class='ocrx_word' id='word_1_202' title='bbox 2873 941 2983 1008; x_wconf 70' lang='lat' dir='ltr'><strong>ipse</strong></span> <span class='ocrx_word' id='word_1_203' title='bbox 3027 940 3371 1008; x_wconf 74' lang='lat' dir='ltr'><strong>intelligentia</strong></span> <span class='ocrx_word' id='word_1_204' title='bbox 3419 949 3500 991; x_wconf 91' lang='lat' dir='ltr'><strong>cst</strong></span> 
     </span>
    </p>
   </div>
   <div class='ocr_carea' id='block_1_25' title="bbox 1928 1029 3494 1100">
    <p class='ocr_par' dir='ltr' id='par_1_25' title="bbox 1928 1029 3494 1100">
     <span class='ocr_line' id='line_1_25' title="bbox 1928 1029 3494 1100; baseline -0.001 -16"><span class='ocrx_word' id='word_1_205' title='bbox 1928 1029 2192 1092; x_wconf 77' lang='lat' dir='ltr'><strong>Christus,</strong></span> <span class='ocrx_word' id='word_1_206' title='bbox 2236 1039 2288 1082; x_wconf 82' lang='lat' dir='ltr'><strong>ct</strong></span> <span class='ocrx_word' id='word_1_207' title='bbox 2329 1029 2558 1098; x_wconf 70' lang='lat' dir='ltr'><strong>Spiritus</strong></span> <span class='ocrx_word' id='word_1_208' title='bbox 2601 1040 2813 1083; x_wconf 83' lang='lat' dir='ltr'><strong>Sanctus</strong></span> <span class='ocrx_word' id='word_1_209' title='bbox 2854 1031 3112 1100; x_wconf 59' lang='lat' dir='ltr'><strong>riuos-Jama</strong></span> <span class='ocrx_word' id='word_1_210' title='bbox 3144 1029 3494 1097; x_wconf 79' lang='lat' dir='ltr'><strong>intelligitur:</strong></span> 
     </span>
    </p>
   </div>
   <div class='ocr_carea' id='block_1_26' title="bbox 1931 1119 3500 1189">
    <p class='ocr_par' dir='ltr' id='par_1_26' title="bbox 1931 1119 3500 1189">
     <span class='ocr_line' id='line_1_26' title="bbox 1931 1119 3500 1189; baseline -0.001 -15"><span class='ocrx_word' id='word_1_211' title='bbox 1931 1122 2068 1174; x_wconf 86' lang='lat' dir='ltr'><strong>unde</strong></span> <span class='ocrx_word' id='word_1_212' title='bbox 2098 1123 2280 1189; x_wconf 80' lang='lat' dir='ltr'><strong>juucto</strong></span> <span class='ocrx_word' id='word_1_213' title='bbox 2306 1122 2436 1188; x_wconf 89' lang='lat' dir='ltr'><strong>patri</strong></span> <span class='ocrx_word' id='word_1_214' title='bbox 2468 1120 2678 1188; x_wconf 60' lang='lat' dir='ltr'><strong>ﬁlioque</strong></span> <span class='ocrx_word' id='word_1_215' title='bbox 2702 1130 2939 1188; x_wconf 84' lang='lat' dir='ltr'><strong>accepto,</strong></span> <span class='ocrx_word' id='word_1_216' title='bbox 2965 1120 3100 1189; x_wconf 66' lang='lat' dir='ltr'><strong>quod</strong></span> <span class='ocrx_word' id='word_1_217' title='bbox 3121 1120 3187 1172; x_wconf 72' lang='lat' dir='ltr'><strong>sit</strong></span> <span class='ocrx_word' id='word_1_218' title='bbox 3207 1119 3500 1186; x_wconf 80' lang='lat' dir='ltr'><strong>idemquod</strong></span> 
     </span>
    </p>
   </div>
   <div class='ocr_carea' id='block_1_27' title="bbox 1926 1210 3500 1280">
    <p class='ocr_par' dir='ltr' id='par_1_27' title="bbox 1926 1210 3500 1280">
     <span class='ocr_line' id='line_1_27' title="bbox 1926 1210 3500 1280; baseline 0.001 -19"><span class='ocrx_word' id='word_1_219' title='bbox 1926 1213 2154 1280; x_wconf 83' lang='lat' dir='ltr'><strong>Spiritus</strong></span> <span class='ocrx_word' id='word_1_220' title='bbox 2178 1221 2408 1276; x_wconf 85' lang='lat' dir='ltr'><strong>Sanctus,</strong></span> <span class='ocrx_word' id='word_1_221' title='bbox 2427 1226 2491 1264; x_wconf 91' lang='lat' dir='ltr'><strong>eo</strong></span> <span class='ocrx_word' id='word_1_222' title='bbox 2516 1212 2726 1280; x_wconf 73' lang='lat' dir='ltr'><strong>quidem</strong></span> <span class='ocrx_word' id='word_1_223' title='bbox 2759 1212 2935 1272; x_wconf 88' lang='lat' dir='ltr'><strong>modo,</strong></span> <span class='ocrx_word' id='word_1_224' title='bbox 2962 1226 3065 1278; x_wconf 87' lang='lat' dir='ltr'><strong>quo</strong></span> <span class='ocrx_word' id='word_1_225' title='bbox 3093 1211 3231 1264; x_wconf 81' lang='lat' dir='ltr'><strong>ﬁlius</strong></span> <span class='ocrx_word' id='word_1_226' title='bbox 3255 1210 3390 1263; x_wconf 85' lang='lat' dir='ltr'><strong>idem</strong></span> <span class='ocrx_word' id='word_1_227' title='bbox 3417 1220 3500 1262; x_wconf 81' lang='lat' dir='ltr'><strong>est</strong></span> 
     </span>
    </p>
   </div>
   <div class='ocr_carea' id='block_1_28' title="bbox 1929 1300 3499 1371">
    <p class='ocr_par' dir='ltr' id='par_1_28' title="bbox 1929 1300 3499 1371">
     <span class='ocr_line' id='line_1_28' title="bbox 1929 1300 3499 1371; baseline -0.002 -15"><span class='ocrx_word' id='word_1_228' title='bbox 1929 1303 2066 1371; x_wconf 87' lang='lat' dir='ltr'><strong>quod</strong></span> <span class='ocrx_word' id='word_1_229' title='bbox 2096 1314 2273 1370; x_wconf 73' lang='lat' dir='ltr'><strong>pater;</strong></span> <span class='ocrx_word' id='word_1_230' title='bbox 2309 1303 2374 1354; x_wconf 83' lang='lat' dir='ltr'><strong>ita</strong></span> <span class='ocrx_word' id='word_1_231' title='bbox 2408 1313 2604 1367; x_wconf 84' lang='lat' dir='ltr'><strong>tamen,</strong></span> <span class='ocrx_word' id='word_1_232' title='bbox 2657 1313 2710 1357; x_wconf 92' lang='lat' dir='ltr'><strong>ut</strong></span> <span class='ocrx_word' id='word_1_233' title='bbox 2758 1303 3022 1371; x_wconf 87' lang='lat' dir='ltr'><strong>quomodo</strong></span> <span class='ocrx_word' id='word_1_234' title='bbox 3065 1311 3213 1371; x_wconf 86' lang='lat' dir='ltr'><strong>pater</strong></span> <span class='ocrx_word' id='word_1_235' title='bbox 3262 1312 3315 1356; x_wconf 89' lang='lat' dir='ltr'><strong>et</strong></span> <span class='ocrx_word' id='word_1_236' title='bbox 3361 1300 3499 1353; x_wconf 77' lang='lat' dir='ltr'>IIIIllS</span> 
     </span>
    </p>
   </div>
   <div class='ocr_carea' id='block_1_29' title="bbox 1931 1394 3498 1459">
    <p class='ocr_par' dir='ltr' id='par_1_29' title="bbox 1931 1394 3498 1459">
     <span class='ocr_line' id='line_1_29' title="bbox 1931 1394 3498 1459; baseline -0.001 -11"><span class='ocrx_word' id='word_1_237' title='bbox 1931 1412 2088 1448; x_wconf 86' lang='lat' dir='ltr'><strong>unum</strong></span> <span class='ocrx_word' id='word_1_238' title='bbox 2112 1410 2229 1449; x_wconf 85' lang='lat' dir='ltr'><strong>cum</strong></span> <span class='ocrx_word' id='word_1_239' title='bbox 2261 1396 2387 1459; x_wconf 88' lang='lat' dir='ltr'><strong>sinl,</strong></span> <span class='ocrx_word' id='word_1_240' title='bbox 2414 1397 2488 1448; x_wconf 83' lang='lat' dir='ltr'><strong>sic</strong></span> <span class='ocrx_word' id='word_1_241' title='bbox 2526 1405 2698 1450; x_wconf 89' lang='lat' dir='ltr'><strong>tamen</strong></span> <span class='ocrx_word' id='word_1_242' title='bbox 2725 1397 2880 1450; x_wconf 83' lang='lat' dir='ltr'><strong>Pater</strong></span> <span class='ocrx_word' id='word_1_243' title='bbox 2901 1398 2970 1450; x_wconf 88' lang='lat' dir='ltr'><strong>sit</strong></span> <span class='ocrx_word' id='word_1_244' title='bbox 2990 1396 3146 1450; x_wconf 87' lang='lat' dir='ltr'><strong>etiam</strong></span> <span class='ocrx_word' id='word_1_245' title='bbox 3175 1395 3328 1458; x_wconf 84' lang='lat' dir='ltr'><strong>lilius,</strong></span> <span class='ocrx_word' id='word_1_246' title='bbox 3355 1394 3498 1447; x_wconf 79' lang='lat' dir='ltr'><strong>cxis-</strong></span> 
     </span>
    </p>
   </div>
   <div class='ocr_carea' id='block_1_30' title="bbox 1931 1482 3498 1556">
    <p class='ocr_par' dir='ltr' id='par_1_30' title="bbox 1931 1482 3498 1556">
     <span class='ocr_line' id='line_1_30' title="bbox 1931 1482 3498 1556; baseline -0.004 -17"><span class='ocrx_word' id='word_1_247' title='bbox 1931 1487 2091 1540; x_wconf 88' lang='lat' dir='ltr'><strong>tentia</strong></span> <span class='ocrx_word' id='word_1_248' title='bbox 2123 1487 2477 1556; x_wconf 73' lang='lat' dir='ltr'><strong>uuusquisrpre</strong></span> <span class='ocrx_word' id='word_1_249' title='bbox 2493 1503 2606 1552; x_wconf 84' lang='lat' dir='ltr'><strong>sua,</strong></span> <span class='ocrx_word' id='word_1_250' title='bbox 2633 1486 2722 1539; x_wconf 87' lang='lat' dir='ltr'><strong>sed</strong></span> <span class='ocrx_word' id='word_1_251' title='bbox 2750 1487 2906 1540; x_wconf 90' lang='lat' dir='ltr'><strong>ambo</strong></span> <span class='ocrx_word' id='word_1_252' title='bbox 2932 1501 3030 1538; x_wconf 85' lang='lat' dir='ltr'><strong>una</strong></span> <span class='ocrx_word' id='word_1_253' title='bbox 3059 1485 3351 1553; x_wconf 88' lang='lat' dir='ltr'><strong>eademque</strong></span> <span class='ocrx_word' id='word_1_254' title='bbox 3375 1482 3498 1534; x_wconf 87' lang='lat' dir='ltr'><strong>sub-</strong></span> 
     </span>
    </p>
   </div>
   <div class='ocr_carea' id='block_1_31' title="bbox 1928 1574 3499 1646">
    <p class='ocr_par' dir='ltr' id='par_1_31' title="bbox 1928 1574 3499 1646">
     <span class='ocr_line' id='line_1_31' title="bbox 1928 1574 3499 1646; baseline -0.006 -14"><span class='ocrx_word' id='word_1_255' title='bbox 1928 1581 2116 1634; x_wconf 65' lang='lat' dir='ltr'><strong>stantia</strong></span> <span class='ocrx_word' id='word_1_256' title='bbox 2146 1597 2157 1631; x_wconf 88' lang='lat'><strong>:</strong></span> <span class='ocrx_word' id='word_1_257' title='bbox 2188 1579 2262 1631; x_wconf 71' lang='lat' dir='ltr'><strong>sic</strong></span> <span class='ocrx_word' id='word_1_258' title='bbox 2288 1579 2534 1632; x_wconf 77' lang='lat' dir='ltr'><strong>Christus</strong></span> <span class='ocrx_word' id='word_1_259' title='bbox 2560 1589 2607 1631; x_wconf 86' lang='lat' dir='ltr'><strong>et</strong></span> <span class='ocrx_word' id='word_1_260' title='bbox 2641 1580 2870 1646; x_wconf 62' lang='lat' dir='ltr'><strong>Spiritus‘</strong></span> <span class='ocrx_word' id='word_1_261' title='bbox 2922 1588 3138 1630; x_wconf 89' lang='lat' dir='ltr'><strong>sanctus</strong></span> <span class='ocrx_word' id='word_1_262' title='bbox 3179 1591 3295 1628; x_wconf 91' lang='lat' dir='ltr'><strong>cum</strong></span> <span class='ocrx_word' id='word_1_263' title='bbox 3341 1574 3499 1626; x_wconf 84' lang='lat' dir='ltr'><strong>ambo</strong></span> 
     </span>
    </p>
   </div>
   <div class='ocr_carea' id='block_1_32' title="bbox 1928 1666 3498 1733">
    <p class='ocr_par' dir='ltr' id='par_1_32' title="bbox 1928 1666 3498 1733">
     <span class='ocr_line' id='line_1_32' title="bbox 1928 1666 3498 1733; baseline -0.004 -10"><span class='ocrx_word' id='word_1_264' title='bbox 1928 1686 2088 1723; x_wconf 83' lang='lat' dir='ltr'><strong>tinum</strong></span> <span class='ocrx_word' id='word_1_265' title='bbox 2115 1672 2239 1733; x_wconf 87' lang='lat' dir='ltr'><strong>sint,</strong></span> <span class='ocrx_word' id='word_1_266' title='bbox 2274 1669 2452 1722; x_wconf 73' lang='lat' dir='ltr'><strong>existit</strong></span> <span class='ocrx_word' id='word_1_267' title='bbox 2484 1679 2654 1722; x_wconf 88' lang='lat' dir='ltr'><strong>tamen</strong></span> <span class='ocrx_word' id='word_1_268' title='bbox 2693 1667 2935 1722; x_wconf 75' lang='lat' dir='ltr'><strong>Christus</strong></span> <span class='ocrx_word' id='word_1_269' title='bbox 2977 1684 3067 1718; x_wconf 77' lang='lat' dir='ltr'><strong>sua</strong></span> <span class='ocrx_word' id='word_1_270' title='bbox 3114 1666 3414 1730; x_wconf 75' lang='lat' dir='ltr'><strong>existentia,</strong></span> <span class='ocrx_word' id='word_1_271' title='bbox 3445 1672 3498 1718; x_wconf 83' lang='lat' dir='ltr'><strong>et</strong></span> 
     </span>
    </p>
   </div>
   <div class='ocr_carea' id='block_1_33' title="bbox 258 1759 3504 1834">
    <p class='ocr_par' dir='ltr' id='par_1_33' title="bbox 258 1759 3504 1834">
     <span class='ocr_line' id='line_1_33' title="bbox 258 1759 3504 1834; baseline -0.001 -22"><span class='ocrx_word' id='word_1_272' title='bbox 258 1761 311 1812; x_wconf 91' lang='lat' dir='ltr'><strong>in</strong></span> <span class='ocrx_word' id='word_1_273' title='bbox 339 1761 618 1829; x_wconf 89' lang='lat' dir='ltr'><strong>principio,</strong></span> <span class='ocrx_word' id='word_1_274' title='bbox 643 1763 809 1832; x_wconf 75' lang='grc' dir='ltr'><strong>λόγος,</strong></span> <span class='ocrx_word' id='word_1_275' title='bbox 837 1763 1029 1814; x_wconf 77' lang='lat' dir='ltr'><strong>audisti</strong></span> <span class='ocrx_word' id='word_1_276' title='bbox 1056 1763 1192 1830; x_wconf 86' lang='lat' dir='ltr'><strong>quod</strong></span> <span class='ocrx_word' id='word_1_277' title='bbox 1216 1763 1352 1834; x_wconf 71' lang='grc' dir='ltr'><strong>λόγος</strong></span> <span class='ocrx_word' id='word_1_278' title='bbox 1377 1763 1488 1829; x_wconf 88' lang='lat' dir='ltr'><strong>ipse</strong></span> <span class='ocrx_word' id='word_1_279' title='bbox 1512 1776 1637 1815; x_wconf 90' lang='lat' dir='ltr'><strong>caro</strong></span> <span class='ocrx_word' id='word_1_280' title='bbox 1661 1764 1826 1814; x_wconf 84' lang='lat' dir='ltr'><strong>lactus</strong></span> <span class='ocrx_word' id='word_1_281' title='bbox 1859 1771 1902 1829; x_wconf 76' lang='grc' dir='ltr'><strong>Β</strong></span> <span class='ocrx_word' id='word_1_282' title='bbox 1932 1761 2160 1830; x_wconf 85' lang='lat' dir='ltr'><strong>Spiritus</strong></span> <span class='ocrx_word' id='word_1_283' title='bbox 2189 1770 2401 1814; x_wconf 87' lang='lat' dir='ltr'><strong>sanctus</strong></span> <span class='ocrx_word' id='word_1_284' title='bbox 2441 1777 2534 1815; x_wconf 87' lang='lat' dir='ltr'><strong>sua</strong></span> <span class='ocrx_word' id='word_1_285' title='bbox 2564 1779 2575 1812; x_wconf 91' lang='lat'><strong>:</strong></span> <span class='ocrx_word' id='word_1_286' title='bbox 2610 1761 2702 1814; x_wconf 78' lang='lat' dir='ltr'><strong>scd</strong></span> <span class='ocrx_word' id='word_1_287' title='bbox 2734 1763 2890 1814; x_wconf 88' lang='lat' dir='ltr'><strong>ambo</strong></span> <span class='ocrx_word' id='word_1_288' title='bbox 2937 1777 3034 1812; x_wconf 84' lang='lat' dir='ltr'><strong>uua</strong></span> <span class='ocrx_word' id='word_1_289' title='bbox 3075 1759 3366 1813; x_wconf 85' lang='lat' dir='ltr'><strong>substantia</strong></span> <span class='ocrx_word' id='word_1_290' title='bbox 3393 1799 3404 1817; x_wconf 92' lang='lat'><strong>,</strong></span> <span class='ocrx_word' id='word_1_291' title='bbox 3438 1772 3504 1809; x_wconf 72' lang='lat' dir='ltr'><strong>ex</strong></span> 
     </span>
    </p>
   </div>
   <div class='ocr_carea' id='block_1_34' title="bbox 257 1851 1829 1921">
    <p class='ocr_par' dir='ltr' id='par_1_34' title="bbox 257 1851 1829 1921">
     <span class='ocr_line' id='line_1_34' title="bbox 257 1851 1829 1921; baseline -0.001 -16"><span class='ocrx_word' id='word_1_292' title='bbox 257 1859 342 1905; x_wconf 87' lang='lat' dir='ltr'><strong>est</strong></span> <span class='ocrx_word' id='word_1_293' title='bbox 369 1869 381 1904; x_wconf 92' lang='lat'>:</span> <span class='ocrx_word' id='word_1_294' title='bbox 407 1851 528 1904; x_wconf 90' lang='lat' dir='ltr'><strong>audi</strong></span> <span class='ocrx_word' id='word_1_295' title='bbox 577 1851 714 1918; x_wconf 87' lang='lat' dir='ltr'><strong>quod</strong></span> <span class='ocrx_word' id='word_1_296' title='bbox 741 1854 850 1919; x_wconf 89' lang='lat' dir='ltr'><strong>ipse</strong></span> <span class='ocrx_word' id='word_1_297' title='bbox 880 1851 970 1904; x_wconf 89' lang='lat' dir='ltr'><strong>Dei</strong></span> <span class='ocrx_word' id='word_1_298' title='bbox 997 1852 1132 1905; x_wconf 89' lang='lat' dir='ltr'><strong>lilius</strong></span> <span class='ocrx_word' id='word_1_299' title='bbox 1158 1853 1244 1916; x_wconf 91' lang='lat' dir='ltr'><strong>sit,</strong></span> <span class='ocrx_word' id='word_1_300' title='bbox 1273 1865 1323 1906; x_wconf 90' lang='lat' dir='ltr'><strong>ct</strong></span> <span class='ocrx_word' id='word_1_301' title='bbox 1345 1852 1411 1906; x_wconf 90' lang='lat' dir='ltr'><strong>de</strong></span> <span class='ocrx_word' id='word_1_302' title='bbox 1436 1863 1580 1921; x_wconf 81' lang='lat' dir='ltr'><strong>patre</strong></span> <span class='ocrx_word' id='word_1_303' title='bbox 1601 1854 1829 1921; x_wconf 85' lang='lat' dir='ltr'><strong>genitus,</strong></span> 
     </span>
    </p>
   </div>
   <div class='ocr_carea' id='block_1_35' title="bbox 262 1943 1832 2014">
    <p class='ocr_par' dir='ltr' id='par_1_35' title="bbox 262 1943 1832 2014">
     <span class='ocr_line' id='line_1_35' title="bbox 262 1943 1832 2014; baseline 0.003 -20"><span class='ocrx_word' id='word_1_304' title='bbox 262 1944 330 1994; x_wconf 90' lang='lat' dir='ltr'><strong>sit</strong></span> <span class='ocrx_word' id='word_1_305' title='bbox 359 1943 447 1995; x_wconf 87' lang='lat' dir='ltr'><strong>illa</strong></span> <span class='ocrx_word' id='word_1_306' title='bbox 489 1959 644 2012; x_wconf 86' lang='lat' dir='ltr'><strong>quam</strong></span> <span class='ocrx_word' id='word_1_307' title='bbox 674 1943 904 1996; x_wconf 79' lang='lat' dir='ltr'><strong>diximus</strong></span> <span class='ocrx_word' id='word_1_308' title='bbox 942 1959 1098 2013; x_wconf 87' lang='lat' dir='ltr'><strong>supra</strong></span> <span class='ocrx_word' id='word_1_309' title='bbox 1124 1945 1414 2012; x_wconf 75' lang='lat' dir='ltr'><strong>generatio.</strong></span> <span class='ocrx_word' id='word_1_310' title='bbox 1446 1945 1577 1998; x_wconf 82' lang='lat' dir='ltr'><strong>Dicit</strong></span> <span class='ocrx_word' id='word_1_311' title='bbox 1608 1960 1832 2014; x_wconf 64' lang='lat' dir='ltr'><strong>evange-</strong></span> 
     </span>
    </p>
   </div>
   <div class='ocr_carea' id='block_1_36' title="bbox 258 2031 1829 2106">
    <p class='ocr_par' dir='ltr' id='par_1_36' title="bbox 258 2031 1829 2106">
     <span class='ocr_line' id='line_1_36' title="bbox 258 2031 1829 2106; baseline 0.004 -23"><span class='ocrx_word' id='word_1_312' title='bbox 258 2031 380 2085; x_wconf 89' lang='lat' dir='ltr'><strong>lista</strong></span> <span class='ocrx_word' id='word_1_313' title='bbox 404 2031 580 2102; x_wconf 82' lang='lat' dir='ltr'><strong>(Joan.</strong></span> <span class='ocrx_word' id='word_1_314' title='bbox 604 2050 640 2096; x_wconf 85' lang='grc' dir='ltr'><strong>ι,</strong></span> <span class='ocrx_word' id='word_1_315' title='bbox 662 2035 767 2102; x_wconf 78' lang='grc'><strong>18);</strong></span> <span class='ocrx_word' id='word_1_316' title='bbox 796 2034 956 2087; x_wconf 80' lang='lat' dir='ltr'><strong>Deum</strong></span> <span class='ocrx_word' id='word_1_317' title='bbox 978 2052 1120 2087; x_wconf 77' lang='lat' dir='ltr'><strong>nemo</strong></span> <span class='ocrx_word' id='word_1_318' title='bbox 1135 2036 1253 2088; x_wconf 81' lang='lat' dir='ltr'><strong>vidit</strong></span> <span class='ocrx_word' id='word_1_319' title='bbox 1275 2052 1512 2103; x_wconf 82' lang='lat' dir='ltr'><strong>unquam,</strong></span> <span class='ocrx_word' id='word_1_320' title='bbox 1535 2037 1630 2090; x_wconf 83' lang='lat' dir='ltr'><strong>nisi</strong></span> <span class='ocrx_word' id='word_1_321' title='bbox 1651 2038 1829 2106; x_wconf 84' lang='lat' dir='ltr'><strong>unige-</strong></span> 
     </span>
    </p>
   </div>
   <div class='ocr_carea' id='block_1_37' title="bbox 260 2126 1828 2199">
    <p class='ocr_par' dir='ltr' id='par_1_37' title="bbox 260 2126 1828 2199">
     <span class='ocr_line' id='line_1_37' title="bbox 260 2126 1828 2199; baseline 0.004 -23"><span class='ocrx_word' id='word_1_322' title='bbox 260 2127 400 2177; x_wconf 82' lang='lat' dir='ltr'><strong>nitus</strong></span> <span class='ocrx_word' id='word_1_323' title='bbox 442 2126 578 2179; x_wconf 83' lang='lat' dir='ltr'><strong>solus</strong></span> <span class='ocrx_word' id='word_1_324' title='bbox 607 2127 772 2193; x_wconf 79' lang='lat' dir='ltr'><strong>ﬁlius,</strong></span> <span class='ocrx_word' id='word_1_325' title='bbox 807 2131 891 2197; x_wconf 89' lang='lat' dir='ltr'><strong>qui</strong></span> <span class='ocrx_word' id='word_1_326' title='bbox 915 2139 987 2181; x_wconf 83' lang='lat' dir='ltr'><strong>est</strong></span> <span class='ocrx_word' id='word_1_327' title='bbox 1026 2129 1076 2181; x_wconf 86' lang='lat' dir='ltr'><strong>in</strong></span> <span class='ocrx_word' id='word_1_328' title='bbox 1098 2130 1210 2181; x_wconf 84' lang='lat' dir='ltr'><strong>sinu</strong></span> <span class='ocrx_word' id='word_1_329' title='bbox 1230 2130 1406 2199; x_wconf 79' lang='lat' dir='ltr'><strong>putris.</strong></span> <span class='ocrx_word' id='word_1_330' title='bbox 1440 2128 1624 2184; x_wconf 76' lang='lat' dir='ltr'><strong>Melius</strong></span> <span class='ocrx_word' id='word_1_331' title='bbox 1650 2141 1828 2183; x_wconf 88' lang='lat' dir='ltr'><strong>autem</strong></span> 
     </span>
    </p>
   </div>
   <div class='ocr_carea' id='block_1_38' title="bbox 229 2214 1826 2290">
    <p class='ocr_par' dir='ltr' id='par_1_38' title="bbox 229 2214 1826 2290">
     <span class='ocr_line' id='line_1_38' title="bbox 229 2214 1826 2290; baseline 0.001 -20"><span class='ocrx_word' id='word_1_332' title='bbox 229 2214 504 2270; x_wconf 85' lang='lat' dir='ltr'><strong>‘dicemus</strong></span> <span class='ocrx_word' id='word_1_333' title='bbox 542 2219 761 2285; x_wconf 79' lang='lat' dir='ltr'><strong>gremio.</strong></span> <span class='ocrx_word' id='word_1_334' title='bbox 808 2217 976 2272; x_wconf 69' lang='lat' dir='ltr'><strong>Graeci</strong></span> <span class='ocrx_word' id='word_1_335' title='bbox 1018 2221 1065 2271; x_wconf 79' lang='grc' dir='ltr'><strong>ἐν</strong></span> <span class='ocrx_word' id='word_1_336' title='bbox 1104 2221 1291 2290; x_wconf 77' lang='grc' dir='ltr'><strong>κόλπῳ,</strong></span> <span class='ocrx_word' id='word_1_337' title='bbox 1318 2219 1368 2273; x_wconf 91' lang='lat' dir='ltr'><strong>id</strong></span> <span class='ocrx_word' id='word_1_338' title='bbox 1404 2229 1485 2273; x_wconf 89' lang='lat' dir='ltr'><strong>est</strong></span> <span class='ocrx_word' id='word_1_339' title='bbox 1522 2221 1570 2273; x_wconf 90' lang='lat' dir='ltr'><strong>in</strong></span> <span class='ocrx_word' id='word_1_340' title='bbox 1604 2221 1826 2288; x_wconf 83' lang='lat' dir='ltr'><strong>gremio.</strong></span> 
     </span>
    </p>
   </div>
   <div class='ocr_carea' id='block_1_39' title="bbox 259 2310 1828 2387">
    <p class='ocr_par' dir='ltr' id='par_1_39' title="bbox 259 2310 1828 2387">
     <span class='ocr_line' id='line_1_39' title="bbox 259 2310 1828 2387; baseline 0.003 -22"><span class='ocrx_word' id='word_1_341' title='bbox 259 2310 364 2365; x_wconf 90' lang='lat' dir='ltr'><strong>Sed</strong></span> <span class='ocrx_word' id='word_1_342' title='bbox 393 2311 471 2364; x_wconf 70' lang='lat' dir='ltr'><strong>vel</strong></span> <span class='ocrx_word' id='word_1_343' title='bbox 497 2311 597 2365; x_wconf 89' lang='lat' dir='ltr'><strong>hoc</strong></span> <span class='ocrx_word' id='word_1_344' title='bbox 621 2313 860 2378; x_wconf 80' lang='lat' dir='ltr'><strong>verbum,</strong></span> <span class='ocrx_word' id='word_1_345' title='bbox 888 2315 965 2367; x_wconf 75' lang='lat' dir='ltr'><strong>vel</strong></span> <span class='ocrx_word' id='word_1_346' title='bbox 995 2315 1116 2367; x_wconf 90' lang='lat' dir='ltr'><strong>illud</strong></span> <span class='ocrx_word' id='word_1_347' title='bbox 1145 2315 1400 2384; x_wconf 83' lang='lat' dir='ltr'><strong>signiﬁcat</strong></span> <span class='ocrx_word' id='word_1_348' title='bbox 1429 2326 1482 2371; x_wconf 87' lang='lat' dir='ltr'><strong>et</strong></span> <span class='ocrx_word' id='word_1_349' title='bbox 1504 2316 1738 2387; x_wconf 78' lang='lat' dir='ltr'><strong>genitum</strong></span> <span class='ocrx_word' id='word_1_350' title='bbox 1766 2319 1828 2370; x_wconf 84' lang='lat' dir='ltr'><strong>ii-</strong></span> 
     </span>
    </p>
   </div>
   <div class='ocr_carea' id='block_1_40' title="bbox 261 2403 1832 2478">
    <p class='ocr_par' dir='ltr' id='par_1_40' title="bbox 261 2403 1832 2478">
     <span class='ocr_line' id='line_1_40' title="bbox 261 2403 1832 2478; baseline 0.003 -20"><span class='ocrx_word' id='word_1_351' title='bbox 261 2403 414 2468; x_wconf 90' lang='lat' dir='ltr'><strong>lium,</strong></span> <span class='ocrx_word' id='word_1_352' title='bbox 439 2404 578 2473; x_wconf 89' lang='lat' dir='ltr'><strong>quod</strong></span> <span class='ocrx_word' id='word_1_353' title='bbox 603 2415 686 2459; x_wconf 90' lang='lat' dir='ltr'><strong>est</strong></span> <span class='ocrx_word' id='word_1_354' title='bbox 711 2405 836 2460; x_wconf 79' lang='lat' dir='ltr'><strong>foris</strong></span> <span class='ocrx_word' id='word_1_355' title='bbox 860 2421 998 2470; x_wconf 79' lang='lat' dir='ltr'><strong>esse,</strong></span> <span class='ocrx_word' id='word_1_356' title='bbox 1034 2419 1203 2461; x_wconf 90' lang='lat' dir='ltr'><strong>tamen</strong></span> <span class='ocrx_word' id='word_1_357' title='bbox 1231 2425 1347 2462; x_wconf 90' lang='lat' dir='ltr'><strong>cum</strong></span> <span class='ocrx_word' id='word_1_358' title='bbox 1371 2419 1521 2478; x_wconf 88' lang='lat' dir='ltr'><strong>patre</strong></span> <span class='ocrx_word' id='word_1_359' title='bbox 1546 2424 1686 2474; x_wconf 84' lang='lat' dir='ltr'><strong>esse,</strong></span> <span class='ocrx_word' id='word_1_360' title='bbox 1713 2426 1832 2463; x_wconf 93' lang='lat' dir='ltr'><strong>cum</strong></span> 
     </span>
    </p>
   </div>
   <div class='ocr_carea' id='block_1_41' title="bbox 262 2494 1829 2568">
    <p class='ocr_par' dir='ltr' id='par_1_41' title="bbox 262 2494 1829 2568">
     <span class='ocr_line' id='line_1_41' title="bbox 262 2494 1829 2568; baseline 0.006 -21"><span class='ocrx_word' id='word_1_361' title='bbox 262 2494 463 2550; x_wconf 90' lang='lat' dir='ltr'><strong>dictum</strong></span> <span class='ocrx_word' id='word_1_362' title='bbox 488 2508 571 2552; x_wconf 87' lang='lat' dir='ltr'><strong>est</strong></span> <span class='ocrx_word' id='word_1_363' title='bbox 603 2517 614 2550; x_wconf 93' lang='lat'>:</span> <span class='ocrx_word' id='word_1_364' title='bbox 647 2499 746 2564; x_wconf 82' lang='lat' dir='ltr'><strong>Qui</strong></span> <span class='ocrx_word' id='word_1_365' title='bbox 766 2503 900 2553; x_wconf 79' lang='lat' dir='ltr'><strong>estin</strong></span> <span class='ocrx_word' id='word_1_366' title='bbox 919 2503 1029 2554; x_wconf 84' lang='lat' dir='ltr'><strong>sinu</strong></span> <span class='ocrx_word' id='word_1_367' title='bbox 1051 2503 1829 2568; x_wconf 74' lang='lat' dir='ltr'><strong>patris.Omnibuslecdonibus</strong></span> 
     </span>
    </p>
   </div>
   <div class='ocr_carea' id='block_1_42' title="bbox 263 2585 1836 2661">
    <p class='ocr_par' dir='ltr' id='par_1_42' title="bbox 263 2585 1836 2661">
     <span class='ocr_line' id='line_1_42' title="bbox 263 2585 1836 2661; baseline 0.005 -23"><span class='ocrx_word' id='word_1_368' title='bbox 263 2585 333 2638; x_wconf 87' lang='lat' dir='ltr'><strong>ita</strong></span> <span class='ocrx_word' id='word_1_369' title='bbox 360 2600 478 2641; x_wconf 89' lang='lat' dir='ltr'><strong>esse</strong></span> <span class='ocrx_word' id='word_1_370' title='bbox 500 2587 724 2656; x_wconf 89' lang='lat' dir='ltr'><strong>diligens</strong></span> <span class='ocrx_word' id='word_1_371' title='bbox 748 2599 800 2642; x_wconf 88' lang='lat' dir='ltr'><strong>et</strong></span> <span class='ocrx_word' id='word_1_372' title='bbox 824 2590 991 2644; x_wconf 88' lang='lat' dir='ltr'><strong>lidelis</strong></span> <span class='ocrx_word' id='word_1_373' title='bbox 1012 2592 1265 2659; x_wconf 72' lang='lat' dir='ltr'><strong>qua-sitor</strong></span> <span class='ocrx_word' id='word_1_374' title='bbox 1288 2593 1693 2661; x_wconf 75' lang='lat' dir='ltr'><strong>intelligetJmn</strong></span> <span class='ocrx_word' id='word_1_375' title='bbox 1713 2608 1836 2646; x_wconf 77' lang='lat' dir='ltr'><strong>vero</strong></span> 
     </span>
    </p>
   </div>
   <div class='ocr_carea' id='block_1_43' title="bbox 266 2675 1827 2752">
    <p class='ocr_par' dir='ltr' id='par_1_43' title="bbox 266 2675 1827 2752">
     <span class='ocr_line' id='line_1_43' title="bbox 266 2675 1827 2752; baseline 0.003 -22"><span class='ocrx_word' id='word_1_376' title='bbox 266 2675 522 2743; x_wconf 85' lang='lat' dir='ltr'><strong>Spiritum</strong></span> <span class='ocrx_word' id='word_1_377' title='bbox 569 2687 806 2732; x_wconf 83' lang='lat' dir='ltr'><strong>sanctum</strong></span> <span class='ocrx_word' id='word_1_378' title='bbox 832 2681 934 2732; x_wconf 86' lang='lat' dir='ltr'><strong>alio</strong></span> <span class='ocrx_word' id='word_1_379' title='bbox 965 2681 1189 2749; x_wconf 89' lang='lat' dir='ltr'><strong>quodam</strong></span> <span class='ocrx_word' id='word_1_380' title='bbox 1216 2682 1373 2736; x_wconf 90' lang='lat' dir='ltr'><strong>modo</strong></span> <span class='ocrx_word' id='word_1_381' title='bbox 1395 2683 1565 2752; x_wconf 90' lang='lat' dir='ltr'><strong>ipsum</strong></span> <span class='ocrx_word' id='word_1_382' title='bbox 1591 2697 1707 2737; x_wconf 89' lang='lat' dir='ltr'><strong>csse</strong></span> <span class='ocrx_word' id='word_1_383' title='bbox 1733 2682 1827 2735; x_wconf 81' lang='lat' dir='ltr'><strong>Je-</strong></span> 
     </span>
    </p>
   </div>
   <div class='ocr_carea' id='block_1_44' title="bbox 263 2762 1831 2836">
    <p class='ocr_par' dir='ltr' id='par_1_44' title="bbox 263 2762 1831 2836">
     <span class='ocr_line' id='line_1_44' title="bbox 263 2762 1831 2836; baseline 0.004 -18"><span class='ocrx_word' id='word_1_384' title='bbox 263 2777 381 2818; x_wconf 86' lang='lat' dir='ltr'><strong>sum</strong></span> <span class='ocrx_word' id='word_1_385' title='bbox 405 2762 671 2820; x_wconf 89' lang='lat' dir='ltr'><strong>Christum</strong></span> <span class='ocrx_word' id='word_1_386' title='bbox 704 2768 966 2823; x_wconf 88' lang='lat' dir='ltr'><strong>occultum</strong></span> <span class='ocrx_word' id='word_1_387' title='bbox 986 2809 999 2835; x_wconf 91' lang='lat'><strong>,</strong></span> <span class='ocrx_word' id='word_1_388' title='bbox 1036 2771 1364 2836; x_wconf 89' lang='lat' dir='ltr'><strong>interiorem,</strong></span> <span class='ocrx_word' id='word_1_389' title='bbox 1387 2787 1506 2826; x_wconf 88' lang='lat' dir='ltr'><strong>cum</strong></span> <span class='ocrx_word' id='word_1_390' title='bbox 1531 2771 1722 2825; x_wconf 87' lang='lat' dir='ltr'><strong>animis</strong></span> <span class='ocrx_word' id='word_1_391' title='bbox 1753 2770 1831 2824; x_wconf 81' lang='lat' dir='ltr'><strong>la-</strong></span> 
     </span>
    </p>
   </div>
   <div class='ocr_carea' id='block_1_45' title="bbox 1935 1850 3500 1922">
    <p class='ocr_par' dir='ltr' id='par_1_45' title="bbox 1935 1850 3500 1922">
     <span class='ocr_line' id='line_1_45' title="bbox 1935 1850 3500 1922; baseline -0.002 -17"><span class='ocrx_word' id='word_1_392' title='bbox 1935 1868 2039 1922; x_wconf 88' lang='lat' dir='ltr'><strong>quo</strong></span> <span class='ocrx_word' id='word_1_393' title='bbox 2069 1869 2274 1915; x_wconf 85' lang='lat' dir='ltr'><strong>omnes,</strong></span> <span class='ocrx_word' id='word_1_394' title='bbox 2303 1854 2351 1906; x_wconf 89' lang='lat' dir='ltr'><strong>id</strong></span> <span class='ocrx_word' id='word_1_395' title='bbox 2380 1863 2491 1918; x_wconf 88' lang='lat' dir='ltr'><strong>est,</strong></span> <span class='ocrx_word' id='word_1_396' title='bbox 2522 1865 2626 1907; x_wconf 89' lang='lat' dir='ltr'><strong>tota</strong></span> <span class='ocrx_word' id='word_1_397' title='bbox 2657 1854 2888 1908; x_wconf 81' lang='lat' dir='ltr'><strong>Trinitas</strong></span> <span class='ocrx_word' id='word_1_398' title='bbox 2927 1871 3028 1907; x_wconf 84' lang='lat' dir='ltr'><strong>una</strong></span> <span class='ocrx_word' id='word_1_399' title='bbox 3057 1895 3070 1917; x_wconf 86' lang='lat'><strong>,</strong></span> <span class='ocrx_word' id='word_1_400' title='bbox 3118 1863 3274 1922; x_wconf 87' lang='lat' dir='ltr'><strong>atque</strong></span> <span class='ocrx_word' id='word_1_401' title='bbox 3311 1850 3500 1904; x_wconf 84' lang='lat' dir='ltr'><strong>eodem</strong></span> 
     </span>
    </p>
   </div>
   <div class='ocr_carea' id='block_1_46' title="bbox 1936 1943 3498 2017">
    <p class='ocr_par' dir='ltr' id='par_1_46' title="bbox 1936 1943 3498 2017">
     <span class='ocr_line' id='line_1_46' title="bbox 1936 1943 3498 2017; baseline -0.003 -18"><span class='ocrx_word' id='word_1_402' title='bbox 1936 1948 2092 2000; x_wconf 82' lang='lat' dir='ltr'><strong>modo</strong></span> <span class='ocrx_word' id='word_1_403' title='bbox 2126 1947 2310 2017; x_wconf 77' lang='lat' dir='ltr'><strong>jnncto</strong></span> <span class='ocrx_word' id='word_1_404' title='bbox 2355 1958 2499 2015; x_wconf 87' lang='lat' dir='ltr'><strong>patre</strong></span> <span class='ocrx_word' id='word_1_405' title='bbox 2544 1963 2664 2000; x_wconf 89' lang='lat' dir='ltr'><strong>cum</strong></span> <span class='ocrx_word' id='word_1_406' title='bbox 2715 1946 2844 2012; x_wconf 84' lang='lat' dir='ltr'><strong>ﬁlio,</strong></span> <span class='ocrx_word' id='word_1_407' title='bbox 2881 1947 3092 2015; x_wconf 76' lang='lat' dir='ltr'><strong>[illoque</strong></span> <span class='ocrx_word' id='word_1_408' title='bbox 3132 1960 3250 1998; x_wconf 85' lang='lat' dir='ltr'><strong>cum</strong></span> <span class='ocrx_word' id='word_1_409' title='bbox 3300 1943 3498 2008; x_wconf 87' lang='lat' dir='ltr'><strong>Spiritu</strong></span> 
     </span>
    </p>
   </div>
   <div class='ocr_carea' id='block_1_47' title="bbox 1933 2035 3504 2107">
    <p class='ocr_par' dir='ltr' id='par_1_47' title="bbox 1933 2035 3504 2107">
     <span class='ocr_line' id='line_1_47' title="bbox 1933 2035 3504 2107; baseline -0.003 -16"><span class='ocrx_word' id='word_1_410' title='bbox 1933 2050 2137 2091; x_wconf 77' lang='lat' dir='ltr'><strong>sancto.</strong></span> <span class='ocrx_word' id='word_1_411' title='bbox 2174 2039 2346 2107; x_wconf 80' lang='lat' dir='ltr'><strong>Atque</strong></span> <span class='ocrx_word' id='word_1_412' title='bbox 2377 2039 2473 2091; x_wconf 71' lang='grc' dir='ltr'><strong>ἰδία</strong></span> <span class='ocrx_word' id='word_1_413' title='bbox 2509 2040 2714 2091; x_wconf 79' lang='lat' dir='ltr'><strong>ratione</strong></span> <span class='ocrx_word' id='word_1_414' title='bbox 2759 2047 2906 2105; x_wconf 85' lang='lat' dir='ltr'><strong>patre</strong></span> <span class='ocrx_word' id='word_1_415' title='bbox 2936 2051 3056 2089; x_wconf 91' lang='lat' dir='ltr'><strong>cum</strong></span> <span class='ocrx_word' id='word_1_416' title='bbox 3081 2035 3279 2104; x_wconf 88' lang='lat' dir='ltr'><strong>Spiritu</strong></span> <span class='ocrx_word' id='word_1_417' title='bbox 3316 2041 3504 2086; x_wconf 87' lang='lat' dir='ltr'><strong>sancto</strong></span> 
     </span>
    </p>
   </div>
   <div class='ocr_carea' id='block_1_48' title="bbox 1937 2125 3501 2197">
    <p class='ocr_par' dir='ltr' id='par_1_48' title="bbox 1937 2125 3501 2197">
     <span class='ocr_line' id='line_1_48' title="bbox 1937 2125 3501 2197; baseline -0.003 -17"><span class='ocrx_word' id='word_1_418' title='bbox 1937 2144 2028 2196; x_wconf 89' lang='lat' dir='ltr'><strong>per</strong></span> <span class='ocrx_word' id='word_1_419' title='bbox 2071 2128 2340 2181; x_wconf 71' lang='lat' dir='ltr'><strong>Christum</strong></span> <span class='ocrx_word' id='word_1_420' title='bbox 2385 2129 2606 2196; x_wconf 86' lang='lat' dir='ltr'><strong>juncto,</strong></span> <span class='ocrx_word' id='word_1_421' title='bbox 2639 2128 2859 2197; x_wconf 81' lang='lat' dir='ltr'><strong>singulis</strong></span> <span class='ocrx_word' id='word_1_422' title='bbox 2903 2127 3113 2195; x_wconf 86' lang='lat' dir='ltr'><strong>quidem</strong></span> <span class='ocrx_word' id='word_1_423' title='bbox 3149 2125 3501 2179; x_wconf 77' lang='lat' dir='ltr'><strong>existentibus</strong></span> 
     </span>
    </p>
   </div>
   <div class='ocr_carea' id='block_1_49' title="bbox 1937 2217 3497 2287">
    <p class='ocr_par' dir='ltr' id='par_1_49' title="bbox 1937 2217 3497 2287">
     <span class='ocr_line' id='line_1_49' title="bbox 1937 2217 3497 2287; baseline -0.003 -14"><span class='ocrx_word' id='word_1_424' title='bbox 1937 2237 2116 2281; x_wconf 89' lang='lat' dir='ltr'><strong>unum,</strong></span> <span class='ocrx_word' id='word_1_425' title='bbox 2138 2221 2308 2274; x_wconf 76' lang='lat' dir='ltr'><strong>omnis</strong></span> <span class='ocrx_word' id='word_1_426' title='bbox 2323 2221 2557 2273; x_wconf 88' lang='lat' dir='ltr'><strong>Trinitas</strong></span> <span class='ocrx_word' id='word_1_427' title='bbox 2570 2223 2654 2286; x_wconf 93' lang='lat' dir='ltr'><strong>sit,</strong></span> <span class='ocrx_word' id='word_1_428' title='bbox 2677 2232 2832 2286; x_wconf 86' lang='lat' dir='ltr'><strong>atque</strong></span> <span class='ocrx_word' id='word_1_429' title='bbox 2850 2220 3042 2273; x_wconf 80' lang='lat' dir='ltr'><strong>existet</strong></span> <span class='ocrx_word' id='word_1_430' title='bbox 3065 2218 3190 2270; x_wconf 88' lang='lat' dir='ltr'><strong>illttd</strong></span> <span class='ocrx_word' id='word_1_431' title='bbox 3206 2217 3497 2287; x_wconf 73' lang='grc' dir='ltr'><strong>ὁμοούσιος,</strong></span> 
     </span>
    </p>
   </div>
   <div class='ocr_carea' id='block_1_50' title="bbox 1934 2307 3502 2380">
    <p class='ocr_par' dir='ltr' id='par_1_50' title="bbox 1934 2307 3502 2380">
     <span class='ocr_line' id='line_1_50' title="bbox 1934 2307 3502 2380; baseline -0.004 -14"><span class='ocrx_word' id='word_1_432' title='bbox 1934 2327 2051 2366; x_wconf 90' lang='lat' dir='ltr'><strong>cum</strong></span> <span class='ocrx_word' id='word_1_433' title='bbox 2080 2313 2149 2367; x_wconf 90' lang='lat' dir='ltr'><strong>sit</strong></span> <span class='ocrx_word' id='word_1_434' title='bbox 2180 2313 2423 2367; x_wconf 89' lang='lat' dir='ltr'><strong>onmihus</strong></span> <span class='ocrx_word' id='word_1_435' title='bbox 2463 2328 2562 2364; x_wconf 90' lang='lat' dir='ltr'><strong>una</strong></span> <span class='ocrx_word' id='word_1_436' title='bbox 2600 2313 2892 2380; x_wconf 89' lang='lat' dir='ltr'><strong>eademque</strong></span> <span class='ocrx_word' id='word_1_437' title='bbox 2928 2310 3081 2363; x_wconf 80' lang='lat' dir='ltr'><strong>simul</strong></span> <span class='ocrx_word' id='word_1_438' title='bbox 3109 2324 3172 2362; x_wconf 76' lang='lat' dir='ltr'><strong>ex</strong></span> <span class='ocrx_word' id='word_1_439' title='bbox 3202 2307 3502 2360; x_wconf 74' lang='lat' dir='ltr'><strong>:ctcruitate</strong></span> 
     </span>
    </p>
   </div>
   <div class='ocr_carea' id='block_1_51' title="bbox 1938 2399 3505 2463">
    <p class='ocr_par' dir='ltr' id='par_1_51' title="bbox 1938 2399 3505 2463">
     <span class='ocr_line' id='line_1_51' title="bbox 1938 2399 3505 2463; baseline -0.006 -3"><span class='ocrx_word' id='word_1_440' title='bbox 1938 2405 2250 2460; x_wconf 80' lang='lat' dir='ltr'><strong>Substantia.</strong></span> <span class='ocrx_word' id='word_1_441' title='bbox 2279 2403 2401 2458; x_wconf 67' lang='lat' dir='ltr'><strong>Hice</strong></span> <span class='ocrx_word' id='word_1_442' title='bbox 2429 2403 2584 2456; x_wconf 88' lang='lat' dir='ltr'><strong>nobis</strong></span> <span class='ocrx_word' id='word_1_443' title='bbox 2619 2403 2762 2456; x_wconf 71' lang='lat' dir='ltr'><strong>satus</strong></span> <span class='ocrx_word' id='word_1_444' title='bbox 2802 2413 2902 2463; x_wconf 89' lang='lat' dir='ltr'><strong>est,</strong></span> <span class='ocrx_word' id='word_1_445' title='bbox 2941 2401 3052 2454; x_wconf 67' lang='lat' dir='ltr'><strong>hare</strong></span> <span class='ocrx_word' id='word_1_446' title='bbox 3075 2399 3318 2453; x_wconf 86' lang='lat' dir='ltr'><strong>lihcratio</strong></span> <span class='ocrx_word' id='word_1_447' title='bbox 3343 2437 3357 2460; x_wconf 90' lang='lat'><strong>,</strong></span> <span class='ocrx_word' id='word_1_448' title='bbox 3392 2399 3505 2450; x_wconf 74' lang='lat' dir='ltr'><strong>lnrc</strong></span> 
     </span>
    </p>
   </div>
   <div class='ocr_carea' id='block_1_52' title="bbox 1941 2491 3501 2563">
    <p class='ocr_par' dir='ltr' id='par_1_52' title="bbox 1941 2491 3501 2563">
     <span class='ocr_line' id='line_1_52' title="bbox 1941 2491 3501 2563; baseline -0.008 -11"><span class='ocrx_word' id='word_1_449' title='bbox 1941 2499 2099 2552; x_wconf 89' lang='lat' dir='ltr'><strong>totius</strong></span> <span class='ocrx_word' id='word_1_450' title='bbox 2132 2497 2361 2551; x_wconf 88' lang='lat' dir='ltr'><strong>hominis</strong></span> <span class='ocrx_word' id='word_1_451' title='bbox 2391 2496 2539 2563; x_wconf 91' lang='lat' dir='ltr'><strong>plena</strong></span> <span class='ocrx_word' id='word_1_452' title='bbox 2563 2494 2806 2558; x_wconf 74' lang='lat' dir='ltr'><strong>salvatio,</strong></span> <span class='ocrx_word' id='word_1_453' title='bbox 2832 2495 2911 2547; x_wconf 90' lang='lat' dir='ltr'><strong>sic</strong></span> <span class='ocrx_word' id='word_1_454' title='bbox 2935 2503 3135 2562; x_wconf 84' lang='lat' dir='ltr'><strong>patrem</strong></span> <span class='ocrx_word' id='word_1_455' title='bbox 3165 2491 3501 2557; x_wconf 88' lang='lat' dir='ltr'><strong>omnipoten-</strong></span> 
     </span>
    </p>
   </div>
   <div class='ocr_carea' id='block_1_53' title="bbox 1940 2579 3504 2650">
    <p class='ocr_par' dir='ltr' id='par_1_53' title="bbox 1940 2579 3504 2650">
     <span class='ocr_line' id='line_1_53' title="bbox 1940 2579 3504 2650; baseline -0.006 -6"><span class='ocrx_word' id='word_1_456' title='bbox 1940 2600 2041 2644; x_wconf 88' lang='lat' dir='ltr'><strong>tem</strong></span> <span class='ocrx_word' id='word_1_457' title='bbox 2073 2590 2233 2642; x_wconf 90' lang='lat' dir='ltr'><strong>Deum</strong></span> <span class='ocrx_word' id='word_1_458' title='bbox 2258 2586 2499 2650; x_wconf 90' lang='lat' dir='ltr'><strong>credere,</strong></span> <span class='ocrx_word' id='word_1_459' title='bbox 2527 2587 2604 2639; x_wconf 87' lang='lat' dir='ltr'><strong>sic</strong></span> <span class='ocrx_word' id='word_1_460' title='bbox 2651 2585 2831 2639; x_wconf 82' lang='lat' dir='ltr'><strong>Iesum</strong></span> <span class='ocrx_word' id='word_1_461' title='bbox 2873 2584 3143 2637; x_wconf 86' lang='lat' dir='ltr'><strong>Christum</strong></span> <span class='ocrx_word' id='word_1_462' title='bbox 3178 2581 3341 2633; x_wconf 86' lang='lat' dir='ltr'><strong>lilium</strong></span> <span class='ocrx_word' id='word_1_463' title='bbox 3367 2620 3381 2646; x_wconf 92' lang='lat'><strong>,</strong></span> <span class='ocrx_word' id='word_1_464' title='bbox 3427 2579 3504 2634; x_wconf 89' lang='lat' dir='ltr'><strong>sic</strong></span> 
     </span>
    </p>
   </div>
   <div class='ocr_carea' id='block_1_54' title="bbox 1943 2676 2690 2750">
    <p class='ocr_par' dir='ltr' id='par_1_54' title="bbox 1943 2676 2690 2750">
     <span class='ocr_line' id='line_1_54' title="bbox 1943 2676 2690 2750; baseline -0.008 -17"><span class='ocrx_word' id='word_1_465' title='bbox 1943 2680 2196 2750; x_wconf 81' lang='lat' dir='ltr'><strong>Spiritum</strong></span> <span class='ocrx_word' id='word_1_466' title='bbox 2219 2693 2272 2733; x_wconf 77' lang='lat' dir='ltr'><strong>sa</strong></span> <span class='ocrx_word' id='word_1_467' title='bbox 2284 2687 2474 2731; x_wconf 89' lang='lat' dir='ltr'><strong>nctum.</strong></span> <span class='ocrx_word' id='word_1_468' title='bbox 2500 2676 2690 2729; x_wconf 87' lang='lat' dir='ltr'><strong>Amen.</strong></span> 
     </span>
    </p>
   </div>
   <div class='ocr_carea' id='block_1_55' title="bbox 277 2909 3492 2942">
    <p class='ocr_par' dir='ltr' id='par_1_55' title="bbox 277 2909 3492 2942">
     <span class='ocr_line' id='line_1_55' title="bbox 277 2909 3492 2942; baseline -0.004 0"><span class='ocrx_word' id='word_1_469' title='bbox 277 2909 3492 2942; x_wconf 40' lang='grc' dir='ltr'><em>ΝΜ</em></span> 
     </span>
    </p>
   </div>
   <div class='ocr_carea' id='block_1_56' title="bbox 1583 3032 2193 3117">
    <p class='ocr_par' dir='ltr' id='par_1_56' title="bbox 1583 3032 2193 3117">
     <span class='ocr_line' id='line_1_56' title="bbox 1583 3032 2193 3117; baseline -0.01 0"><span class='ocrx_word' id='word_1_470' title='bbox 1583 3032 2193 3117; x_wconf 81' lang='lat' dir='ltr'><strong>VICTORINI</strong></span> 
     </span>
    </p>
   </div>
   <div class='ocr_carea' id='block_1_57' title="bbox 1462 3186 2347 3247">
    <p class='ocr_par' dir='ltr' id='par_1_57' title="bbox 1462 3186 2347 3247">
     <span class='ocr_line' id='line_1_57' title="bbox 1462 3186 2347 3247; baseline -0.009 -1"><span class='ocrx_word' id='word_1_471' title='bbox 1462 3191 1548 3246; x_wconf 87' lang='lat' dir='ltr'><strong>DE</strong></span> <span class='ocrx_word' id='word_1_472' title='bbox 1587 3199 1892 3247; x_wconf 60' lang='lat'>031001210</span> <span class='ocrx_word' id='word_1_473' title='bbox 1927 3186 2347 3243; x_wconf 74' lang='lat' dir='ltr'><strong>RECII’IENDO.</strong></span> 
     </span>
    </p>
   </div>
   <div class='ocr_carea' id='block_1_58' title="bbox 338 3293 3505 3380">
    <p class='ocr_par' dir='ltr' id='par_1_58' title="bbox 338 3293 3505 3380">
     <span class='ocr_line' id='line_1_58' title="bbox 338 3293 3505 3380; baseline -0.008 -10"><span class='ocrx_word' id='word_1_474' title='bbox 338 3315 380 3370; x_wconf 88' lang='grc' dir='ltr'><strong>Ι.</strong></span> <span class='ocrx_word' id='word_1_475' title='bbox 405 3315 568 3371; x_wconf 79' lang='lat' dir='ltr'><strong>Miror</strong></span> <span class='ocrx_word' id='word_1_476' title='bbox 584 3314 756 3369; x_wconf 89' lang='lat' dir='ltr'><strong>adhuc</strong></span> <span class='ocrx_word' id='word_1_477' title='bbox 774 3310 1371 3380; x_wconf 84' lang='lat' dir='ltr'><strong>rationemiutelligcruli</strong></span> <span class='ocrx_word' id='word_1_478' title='bbox 1410 3309 1717 3363; x_wconf 86' lang='lat' dir='ltr'><strong>unaminter</strong></span> <span class='ocrx_word' id='word_1_479' title='bbox 1739 3322 1833 3361; x_wconf 86' lang='lat' dir='ltr'><strong>nos</strong></span> <span class='ocrx_word' id='word_1_480' title='bbox 1863 3308 1905 3370; x_wconf 86' lang='lat' dir='ltr'><strong>C</strong></span> <span class='ocrx_word' id='word_1_481' title='bbox 1939 3303 2183 3358; x_wconf 84' lang='lat' dir='ltr'><strong>stantiam</strong></span> <span class='ocrx_word' id='word_1_482' title='bbox 2206 3301 2450 3355; x_wconf 89' lang='lat' dir='ltr'><strong>dicimus.</strong></span> <span class='ocrx_word' id='word_1_483' title='bbox 2474 3298 2540 3352; x_wconf 85' lang='lat' dir='ltr'><strong>Et</strong></span> <span class='ocrx_word' id='word_1_484' title='bbox 2583 3300 2734 3353; x_wconf 74' lang='grc' dir='ltr'><strong>οὐσία</strong></span> <span class='ocrx_word' id='word_1_485' title='bbox 2762 3296 2929 3352; x_wconf 72' lang='lat' dir='ltr'><strong>Grzeci</strong></span> <span class='ocrx_word' id='word_1_486' title='bbox 2958 3294 3108 3365; x_wconf 87' lang='lat' dir='ltr'><strong>pauci</strong></span> <span class='ocrx_word' id='word_1_487' title='bbox 3136 3302 3186 3349; x_wconf 90' lang='lat' dir='ltr'><strong>et</strong></span> <span class='ocrx_word' id='word_1_488' title='bbox 3222 3293 3346 3358; x_wconf 87' lang='lat' dir='ltr'><strong>rari,</strong></span> <span class='ocrx_word' id='word_1_489' title='bbox 3377 3294 3505 3348; x_wconf 71' lang='grc' dir='ltr'><strong>ύπὸο</strong></span> 
     </span>
    </p>
   </div>
   <div class='ocr_carea' id='block_1_59' title="bbox 271 3397 1836 3466">
    <p class='ocr_par' dir='ltr' id='par_1_59' title="bbox 271 3397 1836 3466">
     <span class='ocr_line' id='line_1_59' title="bbox 271 3397 1836 3466; baseline -0.007 -5"><span class='ocrx_word' id='word_1_490' title='bbox 271 3422 379 3461; x_wconf 87' lang='lat' dir='ltr'><strong>non</strong></span> <span class='ocrx_word' id='word_1_491' title='bbox 406 3415 551 3460; x_wconf 87' lang='lat' dir='ltr'><strong>certa</strong></span> <span class='ocrx_word' id='word_1_492' title='bbox 577 3416 756 3459; x_wconf 89' lang='lat' dir='ltr'><strong>mente</strong></span> <span class='ocrx_word' id='word_1_493' title='bbox 793 3405 959 3459; x_wconf 88' lang='lat' dir='ltr'><strong>teneri</strong></span> <span class='ocrx_word' id='word_1_494' title='bbox 989 3421 1001 3455; x_wconf 92' lang='lat'>:</span> <span class='ocrx_word' id='word_1_495' title='bbox 1029 3417 1214 3456; x_wconf 80' lang='lat' dir='ltr'><strong>nimios</strong></span> <span class='ocrx_word' id='word_1_496' title='bbox 1263 3411 1410 3455; x_wconf 90' lang='lat' dir='ltr'><strong>recte</strong></span> <span class='ocrx_word' id='word_1_497' title='bbox 1455 3397 1796 3466; x_wconf 80' lang='lat' dir='ltr'><strong>intelligimus</strong></span> <span class='ocrx_word' id='word_1_498' title='bbox 1822 3437 1836 3460; x_wconf 92' lang='lat'><strong>,</strong></span> 
     </span>
    </p>
   </div>
   <div class='ocr_carea' id='block_1_60' title="bbox 271 3489 1838 3566">
    <p class='ocr_par' dir='ltr' id='par_1_60' title="bbox 271 3489 1838 3566">
     <span class='ocr_line' id='line_1_60' title="bbox 271 3489 1838 3566; baseline -0.009 -13"><span class='ocrx_word' id='word_1_499' title='bbox 271 3515 370 3554; x_wconf 90' lang='lat' dir='ltr'><strong>nec</strong></span> <span class='ocrx_word' id='word_1_500' title='bbox 399 3507 574 3552; x_wconf 88' lang='lat' dir='ltr'><strong>tamen</strong></span> <span class='ocrx_word' id='word_1_501' title='bbox 606 3497 895 3566; x_wconf 85' lang='lat' dir='ltr'><strong>jungimur.</strong></span> <span class='ocrx_word' id='word_1_502' title='bbox 930 3496 1102 3549; x_wconf 90' lang='lat' dir='ltr'><strong>Dicam</strong></span> <span class='ocrx_word' id='word_1_503' title='bbox 1136 3509 1264 3562; x_wconf 86' lang='lat' dir='ltr'><strong>ergo</strong></span> <span class='ocrx_word' id='word_1_504' title='bbox 1292 3506 1448 3545; x_wconf 90' lang='lat' dir='ltr'><strong>omne</strong></span> <span class='ocrx_word' id='word_1_505' title='bbox 1489 3489 1796 3560; x_wconf 83' lang='lat' dir='ltr'><strong>mysterium</strong></span> <span class='ocrx_word' id='word_1_506' title='bbox 1824 3529 1838 3554; x_wconf 90' lang='lat'><strong>,</strong></span> 
     </span>
    </p>
   </div>
   <div class='ocr_carea' id='block_1_61' title="bbox 273 3580 1842 3651">
    <p class='ocr_par' dir='ltr' id='par_1_61' title="bbox 273 3580 1842 3651">
     <span class='ocr_line' id='line_1_61' title="bbox 273 3580 1842 3651; baseline -0.008 -7"><span class='ocrx_word' id='word_1_507' title='bbox 273 3590 509 3644; x_wconf 89' lang='lat' dir='ltr'><strong>omnium</strong></span> <span class='ocrx_word' id='word_1_508' title='bbox 532 3589 714 3651; x_wconf 86' lang='lat' dir='ltr'><strong>verba,</strong></span> <span class='ocrx_word' id='word_1_509' title='bbox 739 3586 1047 3648; x_wconf 81' lang='lat' dir='ltr'><strong>sententias,</strong></span> <span class='ocrx_word' id='word_1_510' title='bbox 1073 3585 1388 3644; x_wconf 87' lang='lat' dir='ltr'><strong>intellectus,</strong></span> <span class='ocrx_word' id='word_1_511' title='bbox 1408 3583 1646 3636; x_wconf 84' lang='lat' dir='ltr'><strong>oratione</strong></span> <span class='ocrx_word' id='word_1_512' title='bbox 1669 3580 1842 3642; x_wconf 74' lang='lat' dir='ltr'><strong>breri,</strong></span> 
     </span>
    </p>
   </div>
   <div class='ocr_carea' id='block_1_62' title="bbox 272 3675 1838 3748">
    <p class='ocr_par' dir='ltr' id='par_1_62' title="bbox 272 3675 1838 3748">
     <span class='ocr_line' id='line_1_62' title="bbox 272 3675 1838 3748; baseline -0.006 -13"><span class='ocrx_word' id='word_1_513' title='bbox 272 3681 456 3736; x_wconf 80' lang='lat' dir='ltr'><strong>Arium</strong></span> <span class='ocrx_word' id='word_1_514' title='bbox 505 3690 561 3734; x_wconf 93' lang='lat' dir='ltr'><strong>ut</strong></span> <span class='ocrx_word' id='word_1_515' title='bbox 601 3680 862 3748; x_wconf 62' lang='lat' dir='ltr'><strong>possimus</strong></span> <span class='ocrx_word' id='word_1_516' title='bbox 897 3679 1199 3733; x_wconf 85' lang='lat' dir='ltr'><strong>excludere.</strong></span> <span class='ocrx_word' id='word_1_517' title='bbox 1239 3677 1404 3730; x_wconf 74' lang='grc' dir='ltr'><strong>ϐιωθὶ</strong></span> <span class='ocrx_word' id='word_1_518' title='bbox 1439 3689 1571 3744; x_wconf 86' lang='lat' dir='ltr'><strong>quos</strong></span> <span class='ocrx_word' id='word_1_519' title='bbox 1606 3675 1838 3737; x_wconf 77' lang='grc' dir='ltr'><strong>Ελληνας,</strong></span> 
     </span>
    </p>
   </div>
   <div class='ocr_carea' id='block_1_63' title="bbox 274 3764 1840 3841">
    <p class='ocr_par' dir='ltr' id='par_1_63' title="bbox 274 3764 1840 3841">
     <span class='ocr_line' id='line_1_63' title="bbox 274 3764 1840 3841; baseline -0.006 -15"><span class='ocrx_word' id='word_1_520' title='bbox 274 3773 356 3826; x_wconf 84' lang='lat' dir='ltr'><strong>vel</strong></span> <span class='ocrx_word' id='word_1_521' title='bbox 407 3773 643 3841; x_wconf 70' lang='lat' dir='ltr'><strong>l’aganes</strong></span> <span class='ocrx_word' id='word_1_522' title='bbox 692 3779 898 3834; x_wconf 84' lang='lat' dir='ltr'><strong>vocant,</strong></span> <span class='ocrx_word' id='word_1_523' title='bbox 945 3771 1137 3822; x_wconf 92' lang='lat' dir='ltr'><strong>multos</strong></span> <span class='ocrx_word' id='word_1_524' title='bbox 1166 3769 1294 3822; x_wconf 89' lang='lat' dir='ltr'><strong>deos</strong></span> <span class='ocrx_word' id='word_1_525' title='bbox 1325 3767 1523 3820; x_wconf 90' lang='lat' dir='ltr'><strong>dicunt.</strong></span> <span class='ocrx_word' id='word_1_526' title='bbox 1550 3764 1713 3819; x_wconf 72' lang='lat' dir='ltr'><strong>Judaei</strong></span> <span class='ocrx_word' id='word_1_527' title='bbox 1757 3764 1840 3817; x_wconf 70' lang='lat' dir='ltr'><strong>vel</strong></span> 
     </span>
    </p>
   </div>
   <div class='ocr_carea' id='block_1_64' title="bbox 276 3855 1839 3929">
    <p class='ocr_par' dir='ltr' id='par_1_64' title="bbox 276 3855 1839 3929">
     <span class='ocr_line' id='line_1_64' title="bbox 276 3855 1839 3929; baseline -0.008 -9"><span class='ocrx_word' id='word_1_528' title='bbox 276 3865 485 3920; x_wconf 72' lang='lat' dir='ltr'><strong>Ilcbrzei</strong></span> <span class='ocrx_word' id='word_1_529' title='bbox 521 3879 718 3917; x_wconf 89' lang='lat' dir='ltr'><strong>unum:</strong></span> <span class='ocrx_word' id='word_1_530' title='bbox 751 3877 847 3916; x_wconf 90' lang='lat' dir='ltr'><strong>nos</strong></span> <span class='ocrx_word' id='word_1_531' title='bbox 868 3903 881 3926; x_wconf 91' lang='lat'><strong>,</strong></span> <span class='ocrx_word' id='word_1_532' title='bbox 917 3863 1038 3928; x_wconf 83' lang='lat' dir='ltr'><strong>quia</strong></span> <span class='ocrx_word' id='word_1_533' title='bbox 1076 3861 1336 3929; x_wconf 82' lang='lat' dir='ltr'><strong>posterior</strong></span> <span class='ocrx_word' id='word_1_534' title='bbox 1363 3861 1561 3912; x_wconf 82' lang='lat' dir='ltr'><strong>veritas</strong></span> <span class='ocrx_word' id='word_1_535' title='bbox 1592 3865 1643 3910; x_wconf 91' lang='lat' dir='ltr'><strong>ct</strong></span> <span class='ocrx_word' id='word_1_536' title='bbox 1675 3855 1839 3925; x_wconf 84' lang='lat' dir='ltr'><strong>gratia</strong></span> 
     </span>
    </p>
   </div>
   <div class='ocr_carea' id='block_1_65' title="bbox 275 3949 1842 4023">
    <p class='ocr_par' dir='ltr' id='par_1_65' title="bbox 275 3949 1842 4023">
     <span class='ocr_line' id='line_1_65' title="bbox 275 3949 1842 4023; baseline -0.007 -12"><span class='ocrx_word' id='word_1_537' title='bbox 275 3967 378 4020; x_wconf 90' lang='lat' dir='ltr'><strong>est,</strong></span> <span class='ocrx_word' id='word_1_538' title='bbox 406 3956 689 4010; x_wconf 73' lang='lat' dir='ltr'><strong>adversum</strong></span> <span class='ocrx_word' id='word_1_539' title='bbox 713 3954 951 4023; x_wconf 78' lang='lat' dir='ltr'><strong>Paganos</strong></span> <span class='ocrx_word' id='word_1_540' title='bbox 981 3970 1140 4007; x_wconf 91' lang='lat' dir='ltr'><strong>umnn</strong></span> <span class='ocrx_word' id='word_1_541' title='bbox 1167 3953 1329 4008; x_wconf 88' lang='lat' dir='ltr'><strong>Deum</strong></span> <span class='ocrx_word' id='word_1_542' title='bbox 1355 3952 1580 4004; x_wconf 88' lang='lat' dir='ltr'><strong>dicimus</strong></span> <span class='ocrx_word' id='word_1_543' title='bbox 1609 3967 1619 4001; x_wconf 89' lang='lat'>:</span> <span class='ocrx_word' id='word_1_544' title='bbox 1657 3949 1842 4001; x_wconf 74' lang='lat' dir='ltr'><strong>adrer-</strong></span> 
     </span>
    </p>
   </div>
   <div class='ocr_carea' id='block_1_66' title="bbox 276 4041 1846 4116">
    <p class='ocr_par' dir='ltr' id='par_1_66' title="bbox 276 4041 1846 4116">
     <span class='ocr_line' id='line_1_66' title="bbox 276 4041 1846 4116; baseline -0.008 -14"><span class='ocrx_word' id='word_1_545' title='bbox 276 4062 391 4102; x_wconf 82' lang='lat' dir='ltr'><strong>sum</strong></span> <span class='ocrx_word' id='word_1_546' title='bbox 412 4047 625 4103; x_wconf 71' lang='lat' dir='ltr'><strong>Judmos</strong></span> <span class='ocrx_word' id='word_1_547' title='bbox 645 4057 844 4116; x_wconf 90' lang='lat' dir='ltr'><strong>patrem</strong></span> <span class='ocrx_word' id='word_1_548' title='bbox 873 4057 926 4100; x_wconf 90' lang='lat' dir='ltr'><strong>et</strong></span> <span class='ocrx_word' id='word_1_549' title='bbox 950 4046 1114 4100; x_wconf 71' lang='lat' dir='ltr'><strong>tilium</strong></span> <span class='ocrx_word' id='word_1_550' title='bbox 1153 4064 1164 4097; x_wconf 90' lang='lat'>:</span> <span class='ocrx_word' id='word_1_551' title='bbox 1200 4046 1268 4097; x_wconf 88' lang='lat' dir='ltr'><strong>ita</strong></span> <span class='ocrx_word' id='word_1_552' title='bbox 1309 4044 1546 4097; x_wconf 73' lang='lat' dir='ltr'><strong>dicentes</strong></span> <span class='ocrx_word' id='word_1_553' title='bbox 1569 4041 1718 4104; x_wconf 84' lang='lat' dir='ltr'><strong>duos,</strong></span> <span class='ocrx_word' id='word_1_554' title='bbox 1756 4055 1846 4108; x_wconf 86' lang='lat' dir='ltr'><strong>pa-</strong></span> 
     </span>
    </p>
   </div>
   <div class='ocr_carea' id='block_1_67' title="bbox 276 4131 1842 4203">
    <p class='ocr_par' dir='ltr' id='par_1_67' title="bbox 276 4131 1842 4203">
     <span class='ocr_line' id='line_1_67' title="bbox 276 4131 1842 4203; baseline -0.009 -8"><span class='ocrx_word' id='word_1_555' title='bbox 276 4150 410 4195; x_wconf 90' lang='lat' dir='ltr'><strong>trem</strong></span> <span class='ocrx_word' id='word_1_556' title='bbox 448 4152 502 4194; x_wconf 86' lang='lat' dir='ltr'><strong>ct</strong></span> <span class='ocrx_word' id='word_1_557' title='bbox 532 4139 719 4203; x_wconf 84' lang='lat' dir='ltr'><strong>lilium,</strong></span> <span class='ocrx_word' id='word_1_558' title='bbox 747 4139 838 4192; x_wconf 89' lang='lat' dir='ltr'><strong>sed</strong></span> <span class='ocrx_word' id='word_1_559' title='bbox 873 4153 1028 4191; x_wconf 88' lang='lat' dir='ltr'><strong>unum</strong></span> <span class='ocrx_word' id='word_1_560' title='bbox 1069 4147 1243 4189; x_wconf 86' lang='lat' dir='ltr'><strong>tamen</strong></span> <span class='ocrx_word' id='word_1_561' title='bbox 1272 4135 1435 4187; x_wconf 90' lang='lat' dir='ltr'><strong>Deum</strong></span> <span class='ocrx_word' id='word_1_562' title='bbox 1466 4131 1729 4200; x_wconf 77' lang='lat' dir='ltr'><strong>complexi</strong></span> <span class='ocrx_word' id='word_1_563' title='bbox 1761 4144 1842 4181; x_wconf 88' lang='lat' dir='ltr'><strong>rc-</strong></span> 
     </span>
    </p>
   </div>
   <div class='ocr_carea' id='block_1_68' title="bbox 279 4217 1843 4299">
    <p class='ocr_par' dir='ltr' id='par_1_68' title="bbox 279 4217 1843 4299">
     <span class='ocr_line' id='line_1_68' title="bbox 279 4217 1843 4299; baseline -0.009 -15"><span class='ocrx_word' id='word_1_564' title='bbox 279 4231 504 4299; x_wconf 85' lang='lat' dir='ltr'><strong>ligiones</strong></span> <span class='ocrx_word' id='word_1_565' title='bbox 526 4227 728 4287; x_wconf 85' lang='lat' dir='ltr'><strong>ambas.</strong></span> <span class='ocrx_word' id='word_1_566' title='bbox 757 4225 1033 4280; x_wconf 74' lang='lat' dir='ltr'><strong>3th&#39;l‘StIIIl</strong></span> <span class='ocrx_word' id='word_1_567' title='bbox 1052 4234 1327 4290; x_wconf 88' lang='lat' dir='ltr'><strong>utramque</strong></span> <span class='ocrx_word' id='word_1_568' title='bbox 1345 4221 1560 4274; x_wconf 89' lang='lat' dir='ltr'><strong>alterius</strong></span> <span class='ocrx_word' id='word_1_569' title='bbox 1573 4217 1843 4274; x_wconf 71' lang='lat' dir='ltr'><strong>contrario</strong></span> 
     </span>
    </p>
   </div>
   <div class='ocr_carea' id='block_1_69' title="bbox 276 4309 1842 4390">
    <p class='ocr_par' dir='ltr' id='par_1_69' title="bbox 276 4309 1842 4390">
     <span class='ocr_line' id='line_1_69' title="bbox 276 4309 1842 4390; baseline -0.009 -14"><span class='ocrx_word' id='word_1_570' title='bbox 276 4333 654 4390; x_wconf 81' lang='lat' dir='ltr'><strong>repugnamus.</strong></span> <span class='ocrx_word' id='word_1_571' title='bbox 682 4319 745 4372; x_wconf 88' lang='lat' dir='ltr'><strong>Et</strong></span> <span class='ocrx_word' id='word_1_572' title='bbox 767 4317 960 4385; x_wconf 85' lang='lat' dir='ltr'><strong>Pagani</strong></span> <span class='ocrx_word' id='word_1_573' title='bbox 984 4315 1193 4385; x_wconf 84' lang='lat' dir='ltr'><strong>quidem</strong></span> <span class='ocrx_word' id='word_1_574' title='bbox 1222 4314 1352 4382; x_wconf 84' lang='lat' dir='ltr'><strong>lapsi</strong></span> <span class='ocrx_word' id='word_1_575' title='bbox 1377 4313 1619 4377; x_wconf 83' lang='lat' dir='ltr'><strong>lllllllllm,</strong></span> <span class='ocrx_word' id='word_1_576' title='bbox 1651 4321 1704 4363; x_wconf 91' lang='lat' dir='ltr'><strong>et</strong></span> <span class='ocrx_word' id='word_1_577' title='bbox 1731 4309 1842 4363; x_wconf 90' lang='lat' dir='ltr'><strong>elc-</strong></span> 
     </span>
    </p>
   </div>
   <div class='ocr_carea' id='block_1_70' title="bbox 277 4401 1845 4468">
    <p class='ocr_par' dir='ltr' id='par_1_70' title="bbox 277 4401 1845 4468">
     <span class='ocr_line' id='line_1_70' title="bbox 277 4401 1845 4468; baseline -0.01 0"><span class='ocrx_word' id='word_1_578' title='bbox 277 4421 456 4468; x_wconf 86' lang='lat' dir='ltr'><strong>mcnta</strong></span> <span class='ocrx_word' id='word_1_579' title='bbox 486 4421 538 4463; x_wconf 90' lang='lat' dir='ltr'><strong>et</strong></span> <span class='ocrx_word' id='word_1_580' title='bbox 567 4409 710 4463; x_wconf 89' lang='lat' dir='ltr'><strong>cibos</strong></span> <span class='ocrx_word' id='word_1_581' title='bbox 732 4423 856 4462; x_wconf 87' lang='lat' dir='ltr'><strong>suos</strong></span> <span class='ocrx_word' id='word_1_582' title='bbox 876 4407 1004 4461; x_wconf 90' lang='lat' dir='ltr'><strong>deos</strong></span> <span class='ocrx_word' id='word_1_583' title='bbox 1031 4421 1149 4459; x_wconf 81' lang='lat' dir='ltr'><strong>esse</strong></span> <span class='ocrx_word' id='word_1_584' title='bbox 1170 4405 1438 4459; x_wconf 80' lang='lat' dir='ltr'><strong>dixerunt.</strong></span> <span class='ocrx_word' id='word_1_585' title='bbox 1466 4401 1632 4456; x_wconf 70' lang='lat' dir='ltr'><strong>Judaei</strong></span> <span class='ocrx_word' id='word_1_586' title='bbox 1663 4415 1845 4454; x_wconf 87' lang='lat' dir='ltr'><strong>errore</strong></span> 
     </span>
    </p>
   </div>
   <div class='ocr_carea' id='block_1_71' title="bbox 277 4494 1840 4566">
    <p class='ocr_par' dir='ltr' id='par_1_71' title="bbox 277 4494 1840 4566">
     <span class='ocr_line' id='line_1_71' title="bbox 277 4494 1840 4566; baseline -0.01 -8"><span class='ocrx_word' id='word_1_587' title='bbox 277 4502 482 4558; x_wconf 88' lang='lat' dir='ltr'><strong>carnali</strong></span> <span class='ocrx_word' id='word_1_588' title='bbox 521 4499 785 4554; x_wconf 90' lang='lat' dir='ltr'><strong>Christum</strong></span> <span class='ocrx_word' id='word_1_589' title='bbox 827 4507 1049 4566; x_wconf 80' lang='lat' dir='ltr'><strong>negant,</strong></span> <span class='ocrx_word' id='word_1_590' title='bbox 1103 4511 1258 4563; x_wconf 85' lang='lat' dir='ltr'><strong>quem</strong></span> <span class='ocrx_word' id='word_1_591' title='bbox 1310 4494 1462 4546; x_wconf 85' lang='lat' dir='ltr'><strong>aliter</strong></span> <span class='ocrx_word' id='word_1_592' title='bbox 1507 4494 1840 4545; x_wconf 89' lang='lat' dir='ltr'><strong>conlitentnr.</strong></span> 
     </span>
    </p>
   </div>
   <div class='ocr_carea' id='block_1_72' title="bbox 277 4585 1847 4663">
    <p class='ocr_par' dir='ltr' id='par_1_72' title="bbox 277 4585 1847 4663">
     <span class='ocr_line' id='line_1_72' title="bbox 277 4585 1847 4663; baseline -0.01 -9"><span class='ocrx_word' id='word_1_593' title='bbox 277 4599 530 4654; x_wconf 83' lang='lat' dir='ltr'><strong>Nostrum</strong></span> <span class='ocrx_word' id='word_1_594' title='bbox 559 4595 716 4663; x_wconf 85' lang='lat' dir='ltr'><strong>igitur</strong></span> <span class='ocrx_word' id='word_1_595' title='bbox 763 4594 951 4661; x_wconf 83' lang='lat' dir='ltr'><strong>degma</strong></span> <span class='ocrx_word' id='word_1_596' title='bbox 978 4602 1056 4646; x_wconf 90' lang='lat' dir='ltr'><strong>est</strong></span> <span class='ocrx_word' id='word_1_597' title='bbox 1085 4591 1148 4643; x_wconf 89' lang='lat' dir='ltr'><strong>ad</strong></span> <span class='ocrx_word' id='word_1_598' title='bbox 1189 4588 1512 4657; x_wconf 89' lang='lat' dir='ltr'><strong>probandum</strong></span> <span class='ocrx_word' id='word_1_599' title='bbox 1539 4627 1551 4649; x_wconf 92' lang='lat'><strong>,</strong></span> <span class='ocrx_word' id='word_1_600' title='bbox 1582 4585 1722 4654; x_wconf 88' lang='lat' dir='ltr'><strong>quod</strong></span> <span class='ocrx_word' id='word_1_601' title='bbox 1753 4585 1847 4638; x_wconf 88' lang='lat' dir='ltr'><strong>do-</strong></span> 
     </span>
    </p>
   </div>
   <div class='ocr_carea' id='block_1_73' title="bbox 1947 3406 2358 3449">
    <p class='ocr_par' dir='ltr' id='par_1_73' title="bbox 1947 3406 2358 3449">
     <span class='ocr_line' id='line_1_73' title="bbox 1947 3406 2358 3449; baseline -0.017 0"><span class='ocrx_word' id='word_1_602' title='bbox 1947 3415 2129 3449; x_wconf 78' lang='grc' dir='ltr'><strong>στασιν</strong></span> <span class='ocrx_word' id='word_1_603' title='bbox 2151 3406 2358 3444; x_wconf 87' lang='lat' dir='ltr'><strong>omnes.</strong></span> 
     </span>
    </p>
   </div>
   <div class='ocr_carea' id='block_1_74' title="bbox 2018 3474 3506 3548">
    <p class='ocr_par' dir='ltr' id='par_1_74' title="bbox 2018 3474 3506 3548">
     <span class='ocr_line' id='line_1_74' title="bbox 2018 3474 3506 3548; baseline -0.008 -12"><span class='ocrx_word' id='word_1_604' title='bbox 2018 3483 2080 3536; x_wconf 91' lang='lat' dir='ltr'><strong>Il.</strong></span> <span class='ocrx_word' id='word_1_605' title='bbox 2119 3484 2283 3535; x_wconf 87' lang='lat' dir='ltr'><strong>Distat</strong></span> <span class='ocrx_word' id='word_1_606' title='bbox 2314 3479 2562 3548; x_wconf 89' lang='lat' dir='ltr'><strong>quidem;</strong></span> <span class='ocrx_word' id='word_1_607' title='bbox 2602 3493 2781 3532; x_wconf 68' lang='lat' dir='ltr'><strong>verum</strong></span> <span class='ocrx_word' id='word_1_608' title='bbox 2811 3492 2947 3531; x_wconf 92' lang='lat' dir='ltr'><strong>nunc</strong></span> <span class='ocrx_word' id='word_1_609' title='bbox 2976 3477 3299 3530; x_wconf 83' lang='lat' dir='ltr'><strong>omittamus.</strong></span> <span class='ocrx_word' id='word_1_610' title='bbox 3324 3474 3506 3543; x_wconf 83' lang='lat' dir='ltr'><strong>Scrip-</strong></span> 
     </span>
    </p>
   </div>
   <div class='ocr_carea' id='block_1_75' title="bbox 1948 3567 3502 3637">
    <p class='ocr_par' dir='ltr' id='par_1_75' title="bbox 1948 3567 3502 3637">
     <span class='ocr_line' id='line_1_75' title="bbox 1948 3567 3502 3637; baseline -0.005 -8"><span class='ocrx_word' id='word_1_611' title='bbox 1948 3583 2061 3629; x_wconf 89' lang='lat' dir='ltr'><strong>tura</strong></span> <span class='ocrx_word' id='word_1_612' title='bbox 2084 3574 2258 3628; x_wconf 71' lang='lat' dir='ltr'><strong>dirina</strong></span> <span class='ocrx_word' id='word_1_613' title='bbox 2306 3572 2491 3627; x_wconf 74' lang='lat' dir='ltr'><strong>Crmce</strong></span> <span class='ocrx_word' id='word_1_614' title='bbox 2517 3574 2803 3626; x_wconf 64' lang='grc' dir='ltr'><strong>ὑπόστασιν</strong></span> <span class='ocrx_word' id='word_1_615' title='bbox 2827 3585 2967 3637; x_wconf 61' lang='lat' dir='ltr'><strong>sarpe</strong></span> <span class='ocrx_word' id='word_1_616' title='bbox 3000 3569 3153 3630; x_wconf 81' lang='lat' dir='ltr'><strong>dixit,</strong></span> <span class='ocrx_word' id='word_1_617' title='bbox 3177 3567 3345 3621; x_wconf 84' lang='lat' dir='ltr'><strong>latine</strong></span> <span class='ocrx_word' id='word_1_618' title='bbox 3374 3569 3502 3623; x_wconf 88' lang='lat' dir='ltr'><strong>sub-</strong></span> 
     </span>
    </p>
   </div>
   <div class='ocr_carea' id='block_1_76' title="bbox 1944 3658 3507 3729">
    <p class='ocr_par' dir='ltr' id='par_1_76' title="bbox 1944 3658 3507 3729">
     <span class='ocr_line' id='line_1_76' title="bbox 1944 3658 3507 3729; baseline -0.003 -12"><span class='ocrx_word' id='word_1_619' title='bbox 1944 3664 2213 3717; x_wconf 86' lang='lat' dir='ltr'><strong>stantiam.</strong></span> <span class='ocrx_word' id='word_1_620' title='bbox 2257 3663 2324 3716; x_wconf 89' lang='lat' dir='ltr'><strong>Et</strong></span> <span class='ocrx_word' id='word_1_621' title='bbox 2368 3662 2590 3716; x_wconf 83' lang='lat' dir='ltr'><strong>dixitde</strong></span> <span class='ocrx_word' id='word_1_622' title='bbox 2627 3661 2716 3714; x_wconf 89' lang='lat' dir='ltr'><strong>Dei</strong></span> <span class='ocrx_word' id='word_1_623' title='bbox 2762 3660 3050 3714; x_wconf 88' lang='lat' dir='ltr'><strong>substantia</strong></span> <span class='ocrx_word' id='word_1_624' title='bbox 3080 3658 3334 3729; x_wconf 85' lang='lat' dir='ltr'><strong>propheta</strong></span> <span class='ocrx_word' id='word_1_625' title='bbox 3357 3658 3507 3712; x_wconf 79' lang='lat' dir='ltr'><strong>Iere-</strong></span> 
     </span>
    </p>
   </div>
   <div class='ocr_carea' id='block_1_77' title="bbox 1947 3749 3505 3825">
    <p class='ocr_par' dir='ltr' id='par_1_77' title="bbox 1947 3749 3505 3825">
     <span class='ocr_line' id='line_1_77' title="bbox 1947 3749 3505 3825; baseline -0.006 -16"><span class='ocrx_word' id='word_1_626' title='bbox 1947 3755 2077 3810; x_wconf 83' lang='lat' dir='ltr'><strong>mias</strong></span> <span class='ocrx_word' id='word_1_627' title='bbox 2133 3755 2260 3825; x_wconf 87' lang='lat' dir='ltr'><strong>(.Icr.</strong></span> <span class='ocrx_word' id='word_1_628' title='bbox 2298 3769 2448 3816; x_wconf 76' lang='lat' dir='ltr'><strong>xxiii,</strong></span> <span class='ocrx_word' id='word_1_629' title='bbox 2481 3753 2570 3814; x_wconf 70' lang='lat'><strong>9.2,</strong></span> <span class='ocrx_word' id='word_1_630' title='bbox 2596 3769 2695 3805; x_wconf 81' lang='lat' dir='ltr'><strong>sec.</strong></span> <span class='ocrx_word' id='word_1_631' title='bbox 2735 3751 2865 3820; x_wconf 75' lang='grc' dir='ltr'><strong>ωίχ)</strong></span> <span class='ocrx_word' id='word_1_632' title='bbox 2900 3769 2912 3803; x_wconf 87' lang='lat'><strong>:</strong></span> <span class='ocrx_word' id='word_1_633' title='bbox 2950 3751 3096 3816; x_wconf 84' lang='lat' dir='ltr'><strong>Quod</strong></span> <span class='ocrx_word' id='word_1_634' title='bbox 3112 3751 3154 3803; x_wconf 88' lang='lat' dir='ltr'><strong>si</strong></span> <span class='ocrx_word' id='word_1_635' title='bbox 3178 3751 3426 3803; x_wconf 85' lang='lat' dir='ltr'><strong>stetissent</strong></span> <span class='ocrx_word' id='word_1_636' title='bbox 3454 3749 3505 3800; x_wconf 78' lang='lat' dir='ltr'><strong>lii</strong></span> 
     </span>
    </p>
   </div>
   <div class='ocr_carea' id='block_1_78' title="bbox 1945 3845 3505 3913">
    <p class='ocr_par' dir='ltr' id='par_1_78' title="bbox 1945 3845 3505 3913">
     <span class='ocr_line' id='line_1_78' title="bbox 1945 3845 3505 3913; baseline -0.006 -7"><span class='ocrx_word' id='word_1_637' title='bbox 1945 3855 1996 3906; x_wconf 87' lang='lat' dir='ltr'><strong>in</strong></span> <span class='ocrx_word' id='word_1_638' title='bbox 2040 3853 2319 3905; x_wconf 79' lang='lat' dir='ltr'><strong>substantia</strong></span> <span class='ocrx_word' id='word_1_639' title='bbox 2369 3850 2604 3913; x_wconf 85' lang='lat' dir='ltr'><strong>Domini,</strong></span> <span class='ocrx_word' id='word_1_640' title='bbox 2643 3849 2858 3902; x_wconf 76' lang='lat' dir='ltr'><strong>I&#39;erbum</strong></span> <span class='ocrx_word' id='word_1_641' title='bbox 2899 3865 3061 3902; x_wconf 81' lang='lat' dir='ltr'><strong>meum</strong></span> <span class='ocrx_word' id='word_1_642' title='bbox 3095 3849 3344 3901; x_wconf 69' lang='lat' dir='ltr'><strong>vidissent.</strong></span> <span class='ocrx_word' id='word_1_643' title='bbox 3370 3845 3505 3912; x_wconf 89' lang='lat' dir='ltr'><strong>Quid</strong></span> 
     </span>
    </p>
   </div>
   <div class='ocr_carea' id='block_1_79' title="bbox 1946 3936 3505 4007">
    <p class='ocr_par' dir='ltr' id='par_1_79' title="bbox 1946 3936 3505 4007">
     <span class='ocr_line' id='line_1_79' title="bbox 1946 3936 3505 4007; baseline -0.008 -9"><span class='ocrx_word' id='word_1_644' title='bbox 1946 3955 2118 3998; x_wconf 90' lang='lat' dir='ltr'><strong>autem</strong></span> <span class='ocrx_word' id='word_1_645' title='bbox 2151 3954 2233 3996; x_wconf 85' lang='lat' dir='ltr'><strong>est</strong></span> <span class='ocrx_word' id='word_1_646' title='bbox 2274 3953 2413 3995; x_wconf 85' lang='lat' dir='ltr'><strong>stare</strong></span> <span class='ocrx_word' id='word_1_647' title='bbox 2465 3944 2514 3994; x_wconf 94' lang='lat' dir='ltr'><strong>in</strong></span> <span class='ocrx_word' id='word_1_648' title='bbox 2558 3941 2892 3995; x_wconf 88' lang='lat' dir='ltr'><strong>substantia?</strong></span> <span class='ocrx_word' id='word_1_649' title='bbox 2923 3939 3212 4007; x_wconf 82' lang='lat' dir='ltr'><strong>intelligere</strong></span> <span class='ocrx_word' id='word_1_650' title='bbox 3251 3937 3336 3988; x_wconf 89' lang='lat' dir='ltr'><strong>Dei</strong></span> <span class='ocrx_word' id='word_1_651' title='bbox 3381 3936 3505 3987; x_wconf 79' lang='lat' dir='ltr'><strong>sub-</strong></span> 
     </span>
    </p>
   </div>
   <div class='ocr_carea' id='block_1_80' title="bbox 1945 4024 3505 4098">
    <p class='ocr_par' dir='ltr' id='par_1_80' title="bbox 1945 4024 3505 4098">
     <span class='ocr_line' id='line_1_80' title="bbox 1945 4024 3505 4098; baseline -0.007 -11"><span class='ocrx_word' id='word_1_652' title='bbox 1945 4034 2215 4096; x_wconf 80' lang='lat' dir='ltr'><strong>stantiam,</strong></span> <span class='ocrx_word' id='word_1_653' title='bbox 2239 4032 2376 4098; x_wconf 92' lang='lat' dir='ltr'><strong>quod</strong></span> <span class='ocrx_word' id='word_1_654' title='bbox 2409 4047 2589 4084; x_wconf 86' lang='lat' dir='ltr'><strong>verum</strong></span> <span class='ocrx_word' id='word_1_655' title='bbox 2612 4031 2786 4083; x_wconf 87' lang='lat' dir='ltr'><strong>lumen</strong></span> <span class='ocrx_word' id='word_1_656' title='bbox 2820 4029 2910 4092; x_wconf 89' lang='lat' dir='ltr'><strong>sit,</strong></span> <span class='ocrx_word' id='word_1_657' title='bbox 2937 4028 3074 4095; x_wconf 90' lang='lat' dir='ltr'><strong>quod</strong></span> <span class='ocrx_word' id='word_1_658' title='bbox 3093 4027 3305 4094; x_wconf 84' lang='lat' dir='ltr'><strong>spiritus</strong></span> <span class='ocrx_word' id='word_1_659' title='bbox 3327 4024 3505 4076; x_wconf 84' lang='lat' dir='ltr'><strong>inlini-</strong></span> 
     </span>
    </p>
   </div>
   <div class='ocr_carea' id='block_1_81' title="bbox 1949 4116 3507 4186">
    <p class='ocr_par' dir='ltr' id='par_1_81' title="bbox 1949 4116 3507 4186">
     <span class='ocr_line' id='line_1_81' title="bbox 1949 4116 3507 4186; baseline -0.004 -12"><span class='ocrx_word' id='word_1_660' title='bbox 1949 4131 2030 4175; x_wconf 89' lang='lat' dir='ltr'><strong>tus</strong></span> <span class='ocrx_word' id='word_1_661' title='bbox 2057 4127 2144 4174; x_wconf 91' lang='lat' dir='ltr'><strong>sit.</strong></span> <span class='ocrx_word' id='word_1_662' title='bbox 2180 4121 2290 4174; x_wconf 91' lang='lat' dir='ltr'><strong>Iloc</strong></span> <span class='ocrx_word' id='word_1_663' title='bbox 2321 4135 2439 4173; x_wconf 91' lang='lat' dir='ltr'><strong>eum</strong></span> <span class='ocrx_word' id='word_1_664' title='bbox 2495 4119 2901 4180; x_wconf 78' lang='lat' dir='ltr'><strong>intellexissent,</strong></span> <span class='ocrx_word' id='word_1_665' title='bbox 2955 4118 3310 4184; x_wconf 78' lang='lat' dir='ltr'><strong>intelligerent</strong></span> <span class='ocrx_word' id='word_1_666' title='bbox 3352 4116 3507 4186; x_wconf 71' lang='grc' dir='ltr'><strong>Λόγον</strong></span> 
     </span>
    </p>
   </div>
   <div class='ocr_carea' id='block_1_82' title="bbox 1947 4205 3510 4274">
    <p class='ocr_par' dir='ltr' id='par_1_82' title="bbox 1947 4205 3510 4274">
     <span class='ocr_line' id='line_1_82' title="bbox 1947 4205 3510 4274; baseline -0.003 -9"><span class='ocrx_word' id='word_1_667' title='bbox 1947 4212 2180 4274; x_wconf 92' lang='lat' dir='ltr'><strong>Domini,</strong></span> <span class='ocrx_word' id='word_1_668' title='bbox 2212 4213 2311 4265; x_wconf 92' lang='lat' dir='ltr'><strong>hoc</strong></span> <span class='ocrx_word' id='word_1_669' title='bbox 2353 4220 2465 4274; x_wconf 90' lang='lat' dir='ltr'><strong>est,</strong></span> <span class='ocrx_word' id='word_1_670' title='bbox 2493 4209 2718 4262; x_wconf 79' lang='lat' dir='ltr'><strong>Verbum</strong></span> <span class='ocrx_word' id='word_1_671' title='bbox 2750 4207 2951 4260; x_wconf 87' lang='lat' dir='ltr'><strong>Domini</strong></span> <span class='ocrx_word' id='word_1_672' title='bbox 2976 4206 3248 4260; x_wconf 75' lang='lat' dir='ltr'><strong>vidissent.</strong></span> <span class='ocrx_word' id='word_1_673' title='bbox 3277 4205 3342 4258; x_wconf 87' lang='lat' dir='ltr'><strong>Et</strong></span> <span class='ocrx_word' id='word_1_674' title='bbox 3363 4206 3438 4259; x_wconf 85' lang='lat' dir='ltr'><strong>sic</strong></span> <span class='ocrx_word' id='word_1_675' title='bbox 3455 4217 3510 4260; x_wconf 92' lang='lat' dir='ltr'><strong>et</strong></span> 
     </span>
    </p>
   </div>
   <div class='ocr_carea' id='block_1_83' title="bbox 1947 4295 3508 4371">
    <p class='ocr_par' dir='ltr' id='par_1_83' title="bbox 1947 4295 3508 4371">
     <span class='ocr_line' id='line_1_83' title="bbox 1947 4295 3508 4371; baseline -0.005 -15"><span class='ocrx_word' id='word_1_676' title='bbox 1947 4303 2105 4371; x_wconf 90' lang='lat' dir='ltr'><strong>paulo</strong></span> <span class='ocrx_word' id='word_1_677' title='bbox 2132 4311 2249 4371; x_wconf 89' lang='lat' dir='ltr'><strong>post</strong></span> <span class='ocrx_word' id='word_1_678' title='bbox 2296 4300 2431 4354; x_wconf 90' lang='lat' dir='ltr'><strong>idem</strong></span> <span class='ocrx_word' id='word_1_679' title='bbox 2458 4300 2714 4354; x_wconf 85' lang='lat' dir='ltr'><strong>Jeremias</strong></span> <span class='ocrx_word' id='word_1_680' title='bbox 2742 4298 2970 4365; x_wconf 88' lang='lat' dir='ltr'><strong>loquitur</strong></span> <span class='ocrx_word' id='word_1_681' title='bbox 3011 4295 3195 4364; x_wconf 86' lang='lat' dir='ltr'><strong>(Ibid.,</strong></span> <span class='ocrx_word' id='word_1_682' title='bbox 3225 4295 3345 4365; x_wconf 87' lang='lat' dir='ltr'><strong>l8).</strong></span> <span class='ocrx_word' id='word_1_683' title='bbox 3373 4295 3508 4349; x_wconf 90' lang='lat' dir='ltr'><strong>Dicit</strong></span> 
     </span>
    </p>
   </div>
   <div class='ocr_carea' id='block_1_84' title="bbox 1950 4389 3508 4463">
    <p class='ocr_par' dir='ltr' id='par_1_84' title="bbox 1950 4389 3508 4463">
     <span class='ocr_line' id='line_1_84' title="bbox 1950 4389 3508 4463; baseline -0.004 -15"><span class='ocrx_word' id='word_1_684' title='bbox 1950 4395 2112 4448; x_wconf 87' lang='lat' dir='ltr'><strong>David</strong></span> <span class='ocrx_word' id='word_1_685' title='bbox 2167 4396 2184 4463; x_wconf 94' lang='lat'><strong>(</strong></span> <span class='ocrx_word' id='word_1_686' title='bbox 2213 4394 2406 4448; x_wconf 83' lang='lat' dir='ltr'><strong>Psalm.</strong></span> <span class='ocrx_word' id='word_1_687' title='bbox 2439 4407 2701 4457; x_wconf 80' lang='lat' dir='ltr'><strong>cxxxvnt,</strong></span> <span class='ocrx_word' id='word_1_688' title='bbox 2729 4390 2835 4461; x_wconf 85' lang='lat' dir='ltr'><strong>I5)</strong></span> <span class='ocrx_word' id='word_1_689' title='bbox 2870 4409 2882 4443; x_wconf 89' lang='lat'><strong>:</strong></span> <span class='ocrx_word' id='word_1_690' title='bbox 2918 4390 2983 4443; x_wconf 85' lang='lat' dir='ltr'><strong>Et</strong></span> <span class='ocrx_word' id='word_1_691' title='bbox 3007 4391 3286 4444; x_wconf 84' lang='lat' dir='ltr'><strong>substantia</strong></span> <span class='ocrx_word' id='word_1_692' title='bbox 3319 4405 3428 4441; x_wconf 89' lang='lat' dir='ltr'><strong>mea</strong></span> <span class='ocrx_word' id='word_1_693' title='bbox 3454 4389 3508 4441; x_wconf 87' lang='lat' dir='ltr'><strong>in</strong></span> 
     </span>
    </p>
   </div>
   <div class='ocr_carea' id='block_1_85' title="bbox 1949 4477 3504 4554">
    <p class='ocr_par' dir='ltr' id='par_1_85' title="bbox 1949 4477 3504 4554">
     <span class='ocr_line' id='line_1_85' title="bbox 1949 4477 3504 4554; baseline -0.004 -17"><span class='ocrx_word' id='word_1_694' title='bbox 1949 4483 2272 4554; x_wconf 82' lang='lat' dir='ltr'><strong>inferioribus</strong></span> <span class='ocrx_word' id='word_1_695' title='bbox 2301 4494 2464 4546; x_wconf 61' lang='lat' dir='ltr'><strong>terra,</strong></span> <span class='ocrx_word' id='word_1_696' title='bbox 2497 4490 2550 4534; x_wconf 93' lang='lat' dir='ltr'><strong>et</strong></span> <span class='ocrx_word' id='word_1_697' title='bbox 2576 4482 2640 4534; x_wconf 88' lang='lat' dir='ltr'><strong>de</strong></span> <span class='ocrx_word' id='word_1_698' title='bbox 2669 4482 2775 4534; x_wconf 89' lang='lat' dir='ltr'><strong>Deo</strong></span> <span class='ocrx_word' id='word_1_699' title='bbox 2797 4480 2946 4544; x_wconf 85' lang='lat' dir='ltr'><strong>dicit,</strong></span> <span class='ocrx_word' id='word_1_700' title='bbox 2971 4488 3023 4533; x_wconf 93' lang='lat' dir='ltr'><strong>et</strong></span> <span class='ocrx_word' id='word_1_701' title='bbox 3044 4478 3390 4532; x_wconf 86' lang='lat' dir='ltr'><strong>substantiam</strong></span> <span class='ocrx_word' id='word_1_702' title='bbox 3421 4477 3504 4531; x_wconf 89' lang='lat' dir='ltr'><strong>di-</strong></span> 
     </span>
    </p>
   </div>
   <div class='ocr_carea' id='block_1_86' title="bbox 1949 4569 3510 4642">
    <p class='ocr_par' dir='ltr' id='par_1_86' title="bbox 1949 4569 3510 4642">
     <span class='ocr_line' id='line_1_86' title="bbox 1949 4569 3510 4642; baseline -0.003 -13"><span class='ocrx_word' id='word_1_703' title='bbox 1949 4576 2039 4642; x_wconf 85' lang='lat' dir='ltr'><strong>cit,</strong></span> <span class='ocrx_word' id='word_1_704' title='bbox 2073 4585 2126 4628; x_wconf 89' lang='lat' dir='ltr'><strong>et</strong></span> <span class='ocrx_word' id='word_1_705' title='bbox 2147 4573 2270 4642; x_wconf 86' lang='lat' dir='ltr'><strong>quid</strong></span> <span class='ocrx_word' id='word_1_706' title='bbox 2293 4575 2361 4628; x_wconf 89' lang='lat' dir='ltr'><strong>sit</strong></span> <span class='ocrx_word' id='word_1_707' title='bbox 2386 4574 2484 4626; x_wconf 82' lang='lat' dir='ltr'><strong>hoc</strong></span> <span class='ocrx_word' id='word_1_708' title='bbox 2521 4571 2856 4624; x_wconf 82' lang='lat' dir='ltr'><strong>manifestum</strong></span> <span class='ocrx_word' id='word_1_709' title='bbox 2903 4579 3001 4624; x_wconf 85' lang='lat' dir='ltr'><strong>est.</strong></span> <span class='ocrx_word' id='word_1_710' title='bbox 3049 4569 3184 4623; x_wconf 90' lang='lat' dir='ltr'><strong>Dicit</strong></span> <span class='ocrx_word' id='word_1_711' title='bbox 3225 4570 3510 4638; x_wconf 84' lang='lat' dir='ltr'><strong>Apostolus</strong></span> 
     </span>
    </p>
   </div>
   <div class='ocr_carea' id='block_1_87' title="bbox 278 4661 3510 4750">
    <p class='ocr_par' dir='ltr' id='par_1_87' title="bbox 278 4661 3510 4750">
     <span class='ocr_line' id='line_1_87' title="bbox 278 4661 3510 4750; baseline -0.008 -5"><span class='ocrx_word' id='word_1_712' title='bbox 278 4694 390 4745; x_wconf 91' lang='lat' dir='ltr'><strong>cuit</strong></span> <span class='ocrx_word' id='word_1_713' title='bbox 419 4661 693 4742; x_wconf 46' lang='lat' dir='ltr'><strong>verita—tem</strong></span> <span class='ocrx_word' id='word_1_714' title='bbox 721 4726 734 4750; x_wconf 91' lang='lat'><strong>,</strong></span> <span class='ocrx_word' id='word_1_715' title='bbox 764 4695 816 4736; x_wconf 82' lang='lat' dir='ltr'><strong>et</strong></span> <span class='ocrx_word' id='word_1_716' title='bbox 843 4682 1068 4737; x_wconf 72' lang='lat' dir='ltr'><strong>correxit</strong></span> <span class='ocrx_word' id='word_1_717' title='bbox 1100 4695 1360 4735; x_wconf 85' lang='lat' dir='ltr'><strong>errorem.</strong></span> <span class='ocrx_word' id='word_1_718' title='bbox 1394 4677 1447 4731; x_wconf 85' lang='lat' dir='ltr'><strong>td</strong></span> <span class='ocrx_word' id='word_1_719' title='bbox 1480 4685 1654 4729; x_wconf 87' lang='lat' dir='ltr'><strong>autem</strong></span> <span class='ocrx_word' id='word_1_720' title='bbox 1691 4674 1847 4728; x_wconf 79' lang='lat' dir='ltr'><strong>facile</strong></span> <span class='ocrx_word' id='word_1_721' title='bbox 1871 4681 1922 4739; x_wconf 76' lang='grc' dir='ltr'><strong>ι)</strong></span> <span class='ocrx_word' id='word_1_722' title='bbox 1949 4666 2012 4718; x_wconf 78' lang='lat' dir='ltr'><strong>ad</strong></span> <span class='ocrx_word' id='word_1_723' title='bbox 2038 4665 2289 4719; x_wconf 76' lang='lat' dir='ltr'><strong>Hebraeos</strong></span> <span class='ocrx_word' id='word_1_724' title='bbox 2317 4663 2470 4732; x_wconf 78' lang='grc' dir='ltr'><strong>(Πείι.</strong></span> <span class='ocrx_word' id='word_1_725' title='bbox 2514 4679 2552 4728; x_wconf 85' lang='grc' dir='ltr'><strong>ι,</strong></span> <span class='ocrx_word' id='word_1_726' title='bbox 2581 4661 2634 4731; x_wconf 84' lang='grc'><strong>5)</strong></span> <span class='ocrx_word' id='word_1_727' title='bbox 2671 4679 2682 4714; x_wconf 90' lang='lat'><strong>:</strong></span> <span class='ocrx_word' id='word_1_728' title='bbox 2711 4661 2808 4726; x_wconf 78' lang='lat' dir='ltr'><strong>Qui</strong></span> <span class='ocrx_word' id='word_1_729' title='bbox 2838 4669 2908 4713; x_wconf 79' lang='lat' dir='ltr'><strong>es!</strong></span> <span class='ocrx_word' id='word_1_730' title='bbox 2934 4662 3190 4714; x_wconf 80' lang='lat' dir='ltr'><strong>character</strong></span> <span class='ocrx_word' id='word_1_731' title='bbox 3219 4663 3510 4714; x_wconf 61' lang='lat' dir='ltr'><strong>substantiis</strong></span> 
     </span>
    </p>
   </div>
   <div class='ocr_carea' id='block_1_88' title="bbox 278 4765 1847 4848">
    <p class='ocr_par' dir='ltr' id='par_1_88' title="bbox 278 4765 1847 4848">
     <span class='ocr_line' id='line_1_88' title="bbox 278 4765 1847 4848; baseline -0.011 -14"><span class='ocrx_word' id='word_1_732' title='bbox 278 4779 496 4848; x_wconf 85' lang='lat' dir='ltr'><strong>cognitu</strong></span> <span class='ocrx_word' id='word_1_733' title='bbox 523 4776 644 4834; x_wconf 85' lang='lat' dir='ltr'><strong>erit.</strong></span> <span class='ocrx_word' id='word_1_734' title='bbox 670 4777 712 4828; x_wconf 90' lang='lat' dir='ltr'><strong>si</strong></span> <span class='ocrx_word' id='word_1_735' title='bbox 740 4783 1088 4841; x_wconf 83' lang='lat' dir='ltr'><strong>cognoscatur</strong></span> <span class='ocrx_word' id='word_1_736' title='bbox 1112 4771 1189 4822; x_wconf 85' lang='lat' dir='ltr'><strong>vis</strong></span> <span class='ocrx_word' id='word_1_737' title='bbox 1213 4768 1358 4822; x_wconf 68' lang='lat' dir='ltr'><strong>verbi</strong></span> <span class='ocrx_word' id='word_1_738' title='bbox 1388 4782 1415 4820; x_wconf 89' lang='lat' dir='ltr'><strong>a</strong></span> <span class='ocrx_word' id='word_1_739' title='bbox 1445 4765 1732 4834; x_wconf 85' lang='lat' dir='ltr'><strong>majoribus</strong></span> <span class='ocrx_word' id='word_1_740' title='bbox 1755 4778 1847 4829; x_wconf 88' lang='lat' dir='ltr'><strong>po-</strong></span> 
     </span>
    </p>
   </div>
   <div class='ocr_carea' id='block_1_89' title="bbox 279 4861 1844 4937">
    <p class='ocr_par' dir='ltr' id='par_1_89' title="bbox 279 4861 1844 4937">
     <span class='ocr_line' id='line_1_89' title="bbox 279 4861 1844 4937; baseline -0.013 -12"><span class='ocrx_word' id='word_1_741' title='bbox 279 4871 390 4934; x_wconf 88' lang='lat' dir='ltr'><strong>siti,</strong></span> <span class='ocrx_word' id='word_1_742' title='bbox 420 4868 559 4937; x_wconf 89' lang='lat' dir='ltr'><strong>quod</strong></span> <span class='ocrx_word' id='word_1_743' title='bbox 591 4861 1197 4937; x_wconf 58' lang='lat' dir='ltr'><strong>epos-5mmnominatum</strong></span> <span class='ocrx_word' id='word_1_744' title='bbox 1227 4867 1441 4922; x_wconf 89' lang='lat' dir='ltr'><strong>cst,nec</strong></span> <span class='ocrx_word' id='word_1_745' title='bbox 1462 4870 1639 4909; x_wconf 84' lang='lat' dir='ltr'><strong>errare</strong></span> <span class='ocrx_word' id='word_1_746' title='bbox 1662 4868 1844 4922; x_wconf 87' lang='lat' dir='ltr'><strong>quem-</strong></span> 
     </span>
    </p>
   </div>
   <div class='ocr_carea' id='block_1_90' title="bbox 280 4944 1848 5030">
    <p class='ocr_par' dir='ltr' id='par_1_90' title="bbox 280 4944 1848 5030">
     <span class='ocr_line' id='line_1_90' title="bbox 280 4944 1848 5030; baseline -0.015 -15"><span class='ocrx_word' id='word_1_747' title='bbox 280 4973 440 5030; x_wconf 85' lang='lat' dir='ltr'><strong>quam</strong></span> <span class='ocrx_word' id='word_1_748' title='bbox 476 4955 621 5018; x_wconf 85' lang='lat' dir='ltr'><strong>volo,</strong></span> <span class='ocrx_word' id='word_1_749' title='bbox 653 4969 770 5007; x_wconf 88' lang='lat' dir='ltr'><strong>cum</strong></span> <span class='ocrx_word' id='word_1_750' title='bbox 802 4961 1000 5004; x_wconf 89' lang='lat' dir='ltr'><strong>tantum</strong></span> <span class='ocrx_word' id='word_1_751' title='bbox 1048 4949 1112 5003; x_wconf 91' lang='lat' dir='ltr'><strong>de</strong></span> <span class='ocrx_word' id='word_1_752' title='bbox 1161 4956 1309 5017; x_wconf 88' lang='lat' dir='ltr'><strong>patre</strong></span> <span class='ocrx_word' id='word_1_753' title='bbox 1351 4959 1403 4999; x_wconf 87' lang='lat' dir='ltr'><strong>et</strong></span> <span class='ocrx_word' id='word_1_754' title='bbox 1440 4945 1546 4997; x_wconf 86' lang='lat' dir='ltr'><strong>tilio</strong></span> <span class='ocrx_word' id='word_1_755' title='bbox 1585 4944 1848 5014; x_wconf 77' lang='grc' dir='ltr'><strong>ὁμοούσιον</strong></span> 
     </span>
    </p>
   </div>
   <div class='ocr_carea' id='block_1_91' title="bbox 282 5030 1846 5114">
    <p class='ocr_par' dir='ltr' id='par_1_91' title="bbox 282 5030 1846 5114">
     <span class='ocr_line' id='line_1_91' title="bbox 282 5030 1846 5114; baseline -0.014 -9"><span class='ocrx_word' id='word_1_756' title='bbox 282 5052 474 5105; x_wconf 78' lang='lat' dir='ltr'><strong>dixero</strong></span> <span class='ocrx_word' id='word_1_757' title='bbox 501 5065 516 5100; x_wconf 89' lang='lat'>:</span> <span class='ocrx_word' id='word_1_758' title='bbox 543 5046 664 5114; x_wconf 90' lang='lat' dir='ltr'><strong>quia</strong></span> <span class='ocrx_word' id='word_1_759' title='bbox 693 5043 922 5112; x_wconf 86' lang='lat' dir='ltr'><strong>Spiritus</strong></span> <span class='ocrx_word' id='word_1_760' title='bbox 965 5048 1179 5094; x_wconf 87' lang='lat' dir='ltr'><strong>sanctus</strong></span> <span class='ocrx_word' id='word_1_761' title='bbox 1207 5049 1259 5090; x_wconf 89' lang='lat' dir='ltr'><strong>et</strong></span> <span class='ocrx_word' id='word_1_762' title='bbox 1301 5052 1330 5088; x_wconf 90' lang='lat' dir='ltr'><strong>a</strong></span> <span class='ocrx_word' id='word_1_763' title='bbox 1362 5044 1508 5104; x_wconf 88' lang='lat' dir='ltr'><strong>patre</strong></span> <span class='ocrx_word' id='word_1_764' title='bbox 1537 5042 1654 5098; x_wconf 87' lang='lat' dir='ltr'><strong>est,</strong></span> <span class='ocrx_word' id='word_1_765' title='bbox 1694 5041 1746 5086; x_wconf 88' lang='lat' dir='ltr'><strong>et</strong></span> <span class='ocrx_word' id='word_1_766' title='bbox 1793 5030 1846 5084; x_wconf 90' lang='lat' dir='ltr'><strong>in</strong></span> 
     </span>
    </p>
   </div>
   <div class='ocr_carea' id='block_1_92' title="bbox 285 5120 1843 5193">
    <p class='ocr_par' dir='ltr' id='par_1_92' title="bbox 285 5120 1843 5193">
     <span class='ocr_line' id='line_1_92' title="bbox 285 5120 1843 5193; baseline -0.013 0"><span class='ocrx_word' id='word_1_767' title='bbox 285 5139 418 5193; x_wconf 80' lang='lat' dir='ltr'><strong>tilio.</strong></span> <span class='ocrx_word' id='word_1_768' title='bbox 445 5136 569 5189; x_wconf 73' lang='lat' dir='ltr'><strong>Haec</strong></span> <span class='ocrx_word' id='word_1_769' title='bbox 597 5142 770 5186; x_wconf 87' lang='lat' dir='ltr'><strong>autem</strong></span> <span class='ocrx_word' id='word_1_770' title='bbox 801 5132 939 5184; x_wconf 89' lang='lat' dir='ltr'><strong>ratio</strong></span> <span class='ocrx_word' id='word_1_771' title='bbox 964 5140 1148 5183; x_wconf 87' lang='lat' dir='ltr'><strong>contra</strong></span> <span class='ocrx_word' id='word_1_772' title='bbox 1173 5127 1421 5188; x_wconf 80' lang='lat' dir='ltr'><strong>Arianos,</strong></span> <span class='ocrx_word' id='word_1_773' title='bbox 1454 5132 1506 5177; x_wconf 89' lang='lat' dir='ltr'><strong>et</strong></span> <span class='ocrx_word' id='word_1_774' title='bbox 1528 5131 1708 5177; x_wconf 88' lang='lat' dir='ltr'><strong>contra</strong></span> <span class='ocrx_word' id='word_1_775' title='bbox 1740 5120 1843 5174; x_wconf 75' lang='lat' dir='ltr'><strong>hae~</strong></span> 
     </span>
    </p>
   </div>
   <div class='ocr_carea' id='block_1_93' title="bbox 285 5211 1850 5289">
    <p class='ocr_par' dir='ltr' id='par_1_93' title="bbox 285 5211 1850 5289">
     <span class='ocr_line' id='line_1_93' title="bbox 285 5211 1850 5289; baseline -0.012 -6"><span class='ocrx_word' id='word_1_776' title='bbox 285 5228 484 5283; x_wconf 85' lang='lat' dir='ltr'><strong>retieos</strong></span> <span class='ocrx_word' id='word_1_777' title='bbox 515 5224 744 5277; x_wconf 83' lang='lat' dir='ltr'><strong>maxime</strong></span> <span class='ocrx_word' id='word_1_778' title='bbox 786 5219 1111 5289; x_wconf 63' lang='lat' dir='ltr'><strong>praevalebit.</strong></span> <span class='ocrx_word' id='word_1_779' title='bbox 1142 5216 1277 5270; x_wconf 86' lang='lat' dir='ltr'><strong>Esse</strong></span> <span class='ocrx_word' id='word_1_780' title='bbox 1299 5216 1464 5269; x_wconf 89' lang='lat' dir='ltr'><strong>Deum</strong></span> <span class='ocrx_word' id='word_1_781' title='bbox 1489 5211 1751 5275; x_wconf 79' lang='lat' dir='ltr'><strong>fatemur;</strong></span> <span class='ocrx_word' id='word_1_782' title='bbox 1780 5211 1850 5264; x_wconf 90' lang='lat' dir='ltr'><strong>ita</strong></span> 
     </span>
    </p>
   </div>
   <div class='ocr_carea' id='block_1_94' title="bbox 288 5301 1848 5372">
    <p class='ocr_par' dir='ltr' id='par_1_94' title="bbox 288 5301 1848 5372">
     <span class='ocr_line' id='line_1_94' title="bbox 288 5301 1848 5372; baseline -0.012 0"><span class='ocrx_word' id='word_1_783' title='bbox 288 5327 371 5372; x_wconf 86' lang='lat' dir='ltr'><strong>est</strong></span> <span class='ocrx_word' id='word_1_784' title='bbox 390 5329 511 5371; x_wconf 88' lang='lat' dir='ltr'><strong>esse</strong></span> <span class='ocrx_word' id='word_1_785' title='bbox 536 5331 548 5367; x_wconf 93' lang='lat'><strong>:</strong></span> <span class='ocrx_word' id='word_1_786' title='bbox 574 5312 842 5366; x_wconf 88' lang='lat' dir='ltr'><strong>Christum</strong></span> <span class='ocrx_word' id='word_1_787' title='bbox 867 5309 1125 5362; x_wconf 81' lang='lat' dir='ltr'><strong>fateamur</strong></span> <span class='ocrx_word' id='word_1_788' title='bbox 1137 5307 1212 5359; x_wconf 88' lang='lat' dir='ltr'><strong>sic</strong></span> <span class='ocrx_word' id='word_1_789' title='bbox 1229 5319 1348 5360; x_wconf 88' lang='lat' dir='ltr'><strong>esse</strong></span> <span class='ocrx_word' id='word_1_790' title='bbox 1375 5321 1386 5355; x_wconf 88' lang='lat'>:</span> <span class='ocrx_word' id='word_1_791' title='bbox 1414 5302 1514 5356; x_wconf 88' lang='lat' dir='ltr'><strong>isto</strong></span> <span class='ocrx_word' id='word_1_792' title='bbox 1533 5301 1691 5356; x_wconf 90' lang='lat' dir='ltr'><strong>modo</strong></span> <span class='ocrx_word' id='word_1_793' title='bbox 1710 5302 1848 5364; x_wconf 91' lang='lat' dir='ltr'><strong>dico,</strong></span> 
     </span>
    </p>
   </div>
   <div class='ocr_carea' id='block_1_95' title="bbox 289 5391 1853 5469">
    <p class='ocr_par' dir='ltr' id='par_1_95' title="bbox 289 5391 1853 5469">
     <span class='ocr_line' id='line_1_95' title="bbox 289 5391 1853 5469; baseline -0.012 -7"><span class='ocrx_word' id='word_1_794' title='bbox 289 5416 373 5462; x_wconf 86' lang='lat' dir='ltr'><strong>est</strong></span> <span class='ocrx_word' id='word_1_795' title='bbox 395 5407 555 5469; x_wconf 86' lang='lat' dir='ltr'><strong>Deus,</strong></span> <span class='ocrx_word' id='word_1_796' title='bbox 579 5413 661 5458; x_wconf 88' lang='lat' dir='ltr'><strong>est</strong></span> <span class='ocrx_word' id='word_1_797' title='bbox 681 5400 944 5456; x_wconf 87' lang='lat' dir='ltr'><strong>Christus.</strong></span> <span class='ocrx_word' id='word_1_798' title='bbox 968 5397 1101 5464; x_wconf 88' lang='lat' dir='ltr'><strong>Quid</strong></span> <span class='ocrx_word' id='word_1_799' title='bbox 1123 5406 1202 5449; x_wconf 88' lang='lat' dir='ltr'><strong>est</strong></span> <span class='ocrx_word' id='word_1_800' title='bbox 1226 5406 1400 5448; x_wconf 91' lang='lat' dir='ltr'><strong>autem</strong></span> <span class='ocrx_word' id='word_1_801' title='bbox 1426 5392 1566 5446; x_wconf 89' lang='lat' dir='ltr'><strong>istud</strong></span> <span class='ocrx_word' id='word_1_802' title='bbox 1595 5391 1748 5446; x_wconf 86' lang='lat' dir='ltr'><strong>esse?</strong></span> <span class='ocrx_word' id='word_1_803' title='bbox 1773 5392 1853 5444; x_wconf 84' lang='lat' dir='ltr'><strong>lu-</strong></span> 
     </span>
    </p>
   </div>
   <div class='ocr_carea' id='block_1_96' title="bbox 292 5484 1855 5564">
    <p class='ocr_par' dir='ltr' id='par_1_96' title="bbox 292 5484 1855 5564">
     <span class='ocr_line' id='line_1_96' title="bbox 292 5484 1855 5564; baseline -0.009 -12"><span class='ocrx_word' id='word_1_804' title='bbox 292 5513 412 5552; x_wconf 89' lang='lat' dir='ltr'><strong>men</strong></span> <span class='ocrx_word' id='word_1_805' title='bbox 435 5510 575 5561; x_wconf 85' lang='lat' dir='ltr'><strong>esse,</strong></span> <span class='ocrx_word' id='word_1_806' title='bbox 602 5493 853 5564; x_wconf 89' lang='lat' dir='ltr'><strong>Spiritum</strong></span> <span class='ocrx_word' id='word_1_807' title='bbox 882 5505 1019 5552; x_wconf 85' lang='lat' dir='ltr'><strong>esse,</strong></span> <span class='ocrx_word' id='word_1_808' title='bbox 1051 5490 1212 5542; x_wconf 90' lang='lat' dir='ltr'><strong>Deum</strong></span> <span class='ocrx_word' id='word_1_809' title='bbox 1235 5501 1373 5550; x_wconf 88' lang='lat' dir='ltr'><strong>esse,</strong></span> <span class='ocrx_word' id='word_1_810' title='bbox 1407 5487 1556 5556; x_wconf 75' lang='grc' dir='ltr'><strong>Λόγον</strong></span> <span class='ocrx_word' id='word_1_811' title='bbox 1580 5498 1698 5537; x_wconf 79' lang='lat' dir='ltr'><strong>esse</strong></span> <span class='ocrx_word' id='word_1_812' title='bbox 1728 5484 1855 5538; x_wconf 85' lang='lat' dir='ltr'><strong>late-</strong></span> 
     </span>
    </p>
   </div>
   <div class='ocr_carea' id='block_1_97' title="bbox 295 5574 1852 5653">
    <p class='ocr_par' dir='ltr' id='par_1_97' title="bbox 295 5574 1852 5653">
     <span class='ocr_line' id='line_1_97' title="bbox 295 5574 1852 5653; baseline -0.01 -11"><span class='ocrx_word' id='word_1_813' title='bbox 295 5604 431 5642; x_wconf 91' lang='lat' dir='ltr'><strong>mur.</strong></span> <span class='ocrx_word' id='word_1_814' title='bbox 467 5587 606 5653; x_wconf 81' lang='lat' dir='ltr'><strong>Ergo</strong></span> <span class='ocrx_word' id='word_1_815' title='bbox 636 5585 750 5638; x_wconf 71' lang='lat' dir='ltr'><strong>haec</strong></span> <span class='ocrx_word' id='word_1_816' title='bbox 788 5596 945 5637; x_wconf 88' lang='lat' dir='ltr'><strong>nemo</strong></span> <span class='ocrx_word' id='word_1_817' title='bbox 983 5589 1138 5648; x_wconf 86' lang='lat' dir='ltr'><strong>negat</strong></span> <span class='ocrx_word' id='word_1_818' title='bbox 1163 5595 1175 5628; x_wconf 92' lang='lat'><strong>:</strong></span> <span class='ocrx_word' id='word_1_819' title='bbox 1203 5577 1303 5631; x_wconf 90' lang='lat' dir='ltr'><strong>hoc</strong></span> <span class='ocrx_word' id='word_1_820' title='bbox 1326 5590 1443 5630; x_wconf 87' lang='lat' dir='ltr'><strong>esse</strong></span> <span class='ocrx_word' id='word_1_821' title='bbox 1466 5574 1636 5628; x_wconf 67' lang='lat' dir='ltr'><strong>Graeci</strong></span> <span class='ocrx_word' id='word_1_822' title='bbox 1667 5576 1852 5637; x_wconf 77' lang='grc' dir='ltr'><strong>οὐσίαν,</strong></span> 
     </span>
    </p>
   </div>
   <div class='ocr_carea' id='block_1_98' title="bbox 294 5662 1851 5731">
    <p class='ocr_par' dir='ltr' id='par_1_98' title="bbox 294 5662 1851 5731">
     <span class='ocr_line' id='line_1_98' title="bbox 294 5662 1851 5731; baseline -0.01 -3"><span class='ocrx_word' id='word_1_823' title='bbox 294 5680 377 5731; x_wconf 77' lang='lat' dir='ltr'><strong>vel</strong></span> <span class='ocrx_word' id='word_1_824' title='bbox 405 5677 686 5730; x_wconf 70' lang='grc' dir='ltr'><strong>ὑπόστασιν</strong></span> <span class='ocrx_word' id='word_1_825' title='bbox 735 5673 919 5728; x_wconf 88' lang='lat' dir='ltr'><strong>dicunt</strong></span> <span class='ocrx_word' id='word_1_826' title='bbox 953 5689 966 5725; x_wconf 89' lang='lat'><strong>:</strong></span> <span class='ocrx_word' id='word_1_827' title='bbox 998 5687 1093 5724; x_wconf 85' lang='lat' dir='ltr'><strong>nos</strong></span> <span class='ocrx_word' id='word_1_828' title='bbox 1141 5683 1248 5721; x_wconf 91' lang='lat' dir='ltr'><strong>uno</strong></span> <span class='ocrx_word' id='word_1_829' title='bbox 1271 5666 1484 5721; x_wconf 82' lang='lat' dir='ltr'><strong>nomine</strong></span> <span class='ocrx_word' id='word_1_830' title='bbox 1530 5664 1690 5718; x_wconf 89' lang='lat' dir='ltr'><strong>latine</strong></span> <span class='ocrx_word' id='word_1_831' title='bbox 1730 5662 1851 5718; x_wconf 78' lang='lat' dir='ltr'><strong>sub-</strong></span> 
     </span>
    </p>
   </div>
   <div class='ocr_carea' id='block_1_99' title="bbox 1948 4750 3509 4828">
    <p class='ocr_par' dir='ltr' id='par_1_99' title="bbox 1948 4750 3509 4828">
     <span class='ocr_line' id='line_1_99' title="bbox 1948 4750 3509 4828; baseline -0.002 -20"><span class='ocrx_word' id='word_1_832' title='bbox 1948 4760 2077 4828; x_wconf 83' lang='lat' dir='ltr'><strong>ejus.</strong></span> <span class='ocrx_word' id='word_1_833' title='bbox 2130 4753 2500 4807; x_wconf 86' lang='lat' dir='ltr'><strong>Characterem</strong></span> <span class='ocrx_word' id='word_1_834' title='bbox 2554 4752 2692 4805; x_wconf 90' lang='lat' dir='ltr'><strong>enim</strong></span> <span class='ocrx_word' id='word_1_835' title='bbox 2732 4751 2865 4804; x_wconf 86' lang='lat' dir='ltr'><strong>dixit</strong></span> <span class='ocrx_word' id='word_1_836' title='bbox 2907 4752 3161 4818; x_wconf 80' lang='lat' dir='ltr'><strong>Spiritum</strong></span> <span class='ocrx_word' id='word_1_837' title='bbox 3201 4750 3509 4805; x_wconf 67' lang='lat' dir='ltr'><strong>substantia:</strong></span> 
     </span>
    </p>
   </div>
   <div class='ocr_carea' id='block_1_100' title="bbox 1951 4839 3510 4908">
    <p class='ocr_par' dir='ltr' id='par_1_100' title="bbox 1951 4839 3510 4908">
     <span class='ocr_line' id='line_1_100' title="bbox 1951 4839 3510 4908; baseline -0.003 -10"><span class='ocrx_word' id='word_1_838' title='bbox 1951 4846 2063 4898; x_wconf 89' lang='lat' dir='ltr'><strong>Dei.</strong></span> <span class='ocrx_word' id='word_1_839' title='bbox 2115 4844 2252 4898; x_wconf 90' lang='lat' dir='ltr'><strong>Sunt</strong></span> <span class='ocrx_word' id='word_1_840' title='bbox 2291 4843 2393 4897; x_wconf 90' lang='lat' dir='ltr'><strong>alia</strong></span> <span class='ocrx_word' id='word_1_841' title='bbox 2441 4843 2598 4896; x_wconf 89' lang='lat' dir='ltr'><strong>multa</strong></span> <span class='ocrx_word' id='word_1_842' title='bbox 2645 4841 2907 4908; x_wconf 86' lang='lat' dir='ltr'><strong>exempla,</strong></span> <span class='ocrx_word' id='word_1_843' title='bbox 2957 4841 3048 4893; x_wconf 89' lang='lat' dir='ltr'><strong>sed</strong></span> <span class='ocrx_word' id='word_1_844' title='bbox 3101 4839 3226 4908; x_wconf 89' lang='lat' dir='ltr'><strong>quid</strong></span> <span class='ocrx_word' id='word_1_845' title='bbox 3258 4842 3510 4894; x_wconf 88' lang='lat' dir='ltr'><strong>interest?</strong></span> 
     </span>
    </p>
   </div>
   <div class='ocr_carea' id='block_1_101' title="bbox 1952 4929 3511 5001">
    <p class='ocr_par' dir='ltr' id='par_1_101' title="bbox 1952 4929 3511 5001">
     <span class='ocr_line' id='line_1_101' title="bbox 1952 4929 3511 5001; baseline -0.001 -16"><span class='ocrx_word' id='word_1_846' title='bbox 1952 4933 2142 4987; x_wconf 84' lang='lat' dir='ltr'><strong>lectum</strong></span> <span class='ocrx_word' id='word_1_847' title='bbox 2168 4943 2248 4986; x_wconf 90' lang='lat' dir='ltr'><strong>est</strong></span> <span class='ocrx_word' id='word_1_848' title='bbox 2270 4933 2406 5001; x_wconf 89' lang='lat' dir='ltr'><strong>quod</strong></span> <span class='ocrx_word' id='word_1_849' title='bbox 2435 4934 2525 4994; x_wconf 91' lang='lat' dir='ltr'><strong>sit,</strong></span> <span class='ocrx_word' id='word_1_850' title='bbox 2555 4940 2606 4984; x_wconf 92' lang='lat' dir='ltr'><strong>ct</strong></span> <span class='ocrx_word' id='word_1_851' title='bbox 2637 4931 2844 4984; x_wconf 88' lang='lat' dir='ltr'><strong>dicatur</strong></span> <span class='ocrx_word' id='word_1_852' title='bbox 2868 4930 2958 4983; x_wconf 90' lang='lat' dir='ltr'><strong>Dei</strong></span> <span class='ocrx_word' id='word_1_853' title='bbox 2981 4929 3295 4982; x_wconf 88' lang='lat' dir='ltr'><strong>substantia.</strong></span> <span class='ocrx_word' id='word_1_854' title='bbox 3327 4929 3392 4982; x_wconf 81' lang='lat' dir='ltr'><strong>Et</strong></span> <span class='ocrx_word' id='word_1_855' title='bbox 3411 4945 3511 4984; x_wconf 90' lang='lat' dir='ltr'><strong>au-</strong></span> 
     </span>
    </p>
   </div>
   <div class='ocr_carea' id='block_1_102' title="bbox 1953 5019 3513 5089">
    <p class='ocr_par' dir='ltr' id='par_1_102' title="bbox 1953 5019 3513 5089">
     <span class='ocr_line' id='line_1_102' title="bbox 1953 5019 3513 5089; baseline -0.002 -11"><span class='ocrx_word' id='word_1_856' title='bbox 1953 5035 2055 5079; x_wconf 89' lang='lat' dir='ltr'><strong>tem</strong></span> <span class='ocrx_word' id='word_1_857' title='bbox 2079 5025 2368 5078; x_wconf 87' lang='lat' dir='ltr'><strong>substantia</strong></span> <span class='ocrx_word' id='word_1_858' title='bbox 2396 5023 2509 5087; x_wconf 90' lang='lat' dir='ltr'><strong>Dei,</strong></span> <span class='ocrx_word' id='word_1_859' title='bbox 2541 5023 2741 5085; x_wconf 89' lang='lat' dir='ltr'><strong>lumen,</strong></span> <span class='ocrx_word' id='word_1_860' title='bbox 2765 5021 3014 5089; x_wconf 91' lang='lat' dir='ltr'><strong>Spiritus,</strong></span> <span class='ocrx_word' id='word_1_861' title='bbox 3041 5019 3196 5073; x_wconf 89' lang='lat' dir='ltr'><strong>Deus.</strong></span> <span class='ocrx_word' id='word_1_862' title='bbox 3229 5019 3355 5073; x_wconf 89' lang='lat' dir='ltr'><strong>Item</strong></span> <span class='ocrx_word' id='word_1_863' title='bbox 3388 5021 3513 5075; x_wconf 89' lang='lat' dir='ltr'><strong>sub-</strong></span> 
     </span>
    </p>
   </div>
   <div class='ocr_carea' id='block_1_103' title="bbox 1951 5108 3517 5183">
    <p class='ocr_par' dir='ltr' id='par_1_103' title="bbox 1951 5108 3517 5183">
     <span class='ocr_line' id='line_1_103' title="bbox 1951 5108 3517 5183; baseline -0.002 -15"><span class='ocrx_word' id='word_1_864' title='bbox 1951 5115 2142 5168; x_wconf 84' lang='lat' dir='ltr'><strong>stantia</strong></span> <span class='ocrx_word' id='word_1_865' title='bbox 2170 5113 2362 5168; x_wconf 83' lang='lat' dir='ltr'><strong>Christi</strong></span> <span class='ocrx_word' id='word_1_866' title='bbox 2384 5123 2466 5167; x_wconf 88' lang='lat' dir='ltr'><strong>est</strong></span> <span class='ocrx_word' id='word_1_867' title='bbox 2488 5114 2649 5183; x_wconf 73' lang='grc' dir='ltr'><strong>λὸγος,</strong></span> <span class='ocrx_word' id='word_1_868' title='bbox 2671 5113 2865 5174; x_wconf 89' lang='lat' dir='ltr'><strong>lumen,</strong></span> <span class='ocrx_word' id='word_1_869' title='bbox 2888 5108 3147 5163; x_wconf 83' lang='lat' dir='ltr'><strong>Christus.</strong></span> <span class='ocrx_word' id='word_1_870' title='bbox 3173 5109 3304 5164; x_wconf 87' lang='lat' dir='ltr'><strong>Hinc</strong></span> <span class='ocrx_word' id='word_1_871' title='bbox 3331 5125 3517 5167; x_wconf 87' lang='lat' dir='ltr'><strong>omnes</strong></span> 
     </span>
    </p>
   </div>
   <div class='ocr_carea' id='block_1_104' title="bbox 1955 5197 3512 5269">
    <p class='ocr_par' dir='ltr' id='par_1_104' title="bbox 1955 5197 3512 5269">
     <span class='ocr_line' id='line_1_104' title="bbox 1955 5197 3512 5269; baseline -0.002 -11"><span class='ocrx_word' id='word_1_872' title='bbox 1955 5219 2078 5260; x_wconf 85' lang='lat' dir='ltr'><strong>vere</strong></span> <span class='ocrx_word' id='word_1_873' title='bbox 2105 5205 2330 5259; x_wconf 90' lang='lat' dir='ltr'><strong>dicimus</strong></span> <span class='ocrx_word' id='word_1_874' title='bbox 2350 5204 2617 5258; x_wconf 86' lang='lat' dir='ltr'><strong>Christum</strong></span> <span class='ocrx_word' id='word_1_875' title='bbox 2641 5216 2822 5254; x_wconf 87' lang='lat' dir='ltr'><strong>verum</strong></span> <span class='ocrx_word' id='word_1_876' title='bbox 2851 5200 3028 5253; x_wconf 91' lang='lat' dir='ltr'><strong>lumen</strong></span> <span class='ocrx_word' id='word_1_877' title='bbox 3058 5199 3124 5254; x_wconf 89' lang='lat' dir='ltr'><strong>de</strong></span> <span class='ocrx_word' id='word_1_878' title='bbox 3143 5197 3272 5254; x_wconf 55' lang='lat' dir='ltr'><strong>&#39;vero</strong></span> <span class='ocrx_word' id='word_1_879' title='bbox 3297 5200 3512 5269; x_wconf 87' lang='lat' dir='ltr'><strong>lumine,</strong></span> 
     </span>
    </p>
   </div>
   <div class='ocr_carea' id='block_1_105' title="bbox 1956 5296 3517 5365">
    <p class='ocr_par' dir='ltr' id='par_1_105' title="bbox 1956 5296 3517 5365">
     <span class='ocr_line' id='line_1_105' title="bbox 1956 5296 3517 5365; baseline -0.003 -11"><span class='ocrx_word' id='word_1_880' title='bbox 1956 5300 2120 5354; x_wconf 88' lang='lat' dir='ltr'><strong>Deum</strong></span> <span class='ocrx_word' id='word_1_881' title='bbox 2148 5300 2216 5354; x_wconf 87' lang='lat' dir='ltr'><strong>de</strong></span> <span class='ocrx_word' id='word_1_882' title='bbox 2249 5301 2357 5354; x_wconf 91' lang='lat' dir='ltr'><strong>Deo</strong></span> <span class='ocrx_word' id='word_1_883' title='bbox 2382 5316 2394 5351; x_wconf 93' lang='lat'>:</span> <span class='ocrx_word' id='word_1_884' title='bbox 2431 5307 2574 5351; x_wconf 88' lang='lat' dir='ltr'><strong>recte</strong></span> <span class='ocrx_word' id='word_1_885' title='bbox 2603 5311 2728 5364; x_wconf 84' lang='lat' dir='ltr'><strong>ergo</strong></span> <span class='ocrx_word' id='word_1_886' title='bbox 2762 5296 2954 5350; x_wconf 88' lang='lat' dir='ltr'><strong>dicitur</strong></span> <span class='ocrx_word' id='word_1_887' title='bbox 2983 5296 3219 5365; x_wconf 76' lang='lat' dir='ltr'><strong>ejusdem</strong></span> <span class='ocrx_word' id='word_1_888' title='bbox 3251 5311 3368 5349; x_wconf 90' lang='lat' dir='ltr'><strong>esse</strong></span> <span class='ocrx_word' id='word_1_889' title='bbox 3391 5296 3517 5350; x_wconf 86' lang='lat' dir='ltr'><strong>sub-</strong></span> 
     </span>
    </p>
   </div>
   <div class='ocr_carea' id='block_1_106' title="bbox 1953 5385 3510 5457">
    <p class='ocr_par' dir='ltr' id='par_1_106' title="bbox 1953 5385 3510 5457">
     <span class='ocr_line' id='line_1_106' title="bbox 1953 5385 3510 5457; baseline -0.004 -13"><span class='ocrx_word' id='word_1_890' title='bbox 1953 5391 2188 5455; x_wconf 71' lang='lat' dir='ltr'><strong>stantiae,</strong></span> <span class='ocrx_word' id='word_1_891' title='bbox 2219 5389 2318 5443; x_wconf 92' lang='lat' dir='ltr'><strong>hoc</strong></span> <span class='ocrx_word' id='word_1_892' title='bbox 2359 5397 2442 5442; x_wconf 89' lang='lat' dir='ltr'><strong>est</strong></span> <span class='ocrx_word' id='word_1_893' title='bbox 2466 5388 2743 5457; x_wconf 75' lang='grc' dir='ltr'><strong>ὁμοούσιον.</strong></span> <span class='ocrx_word' id='word_1_894' title='bbox 2769 5385 3028 5440; x_wconf 83' lang='lat' dir='ltr'><strong>Fatemini</strong></span> <span class='ocrx_word' id='word_1_895' title='bbox 3057 5399 3182 5454; x_wconf 78' lang='lat' dir='ltr'><strong>ergo</strong></span> <span class='ocrx_word' id='word_1_896' title='bbox 3227 5385 3510 5454; x_wconf 75' lang='grc' dir='ltr'><strong>ὀμοούσιον,</strong></span> 
     </span>
    </p>
   </div>
   <div class='ocr_carea' id='block_1_107' title="bbox 1955 5473 3508 5541">
    <p class='ocr_par' dir='ltr' id='par_1_107' title="bbox 1955 5473 3508 5541">
     <span class='ocr_line' id='line_1_107' title="bbox 1955 5473 3508 5541; baseline -0.005 -7"><span class='ocrx_word' id='word_1_897' title='bbox 1955 5494 2075 5534; x_wconf 90' lang='lat' dir='ltr'><strong>cum</strong></span> <span class='ocrx_word' id='word_1_898' title='bbox 2102 5480 2276 5533; x_wconf 90' lang='lat' dir='ltr'><strong>dicitis</strong></span> <span class='ocrx_word' id='word_1_899' title='bbox 2303 5479 2478 5532; x_wconf 88' lang='lat' dir='ltr'><strong>lumen</strong></span> <span class='ocrx_word' id='word_1_900' title='bbox 2507 5477 2574 5530; x_wconf 89' lang='lat' dir='ltr'><strong>de</strong></span> <span class='ocrx_word' id='word_1_901' title='bbox 2603 5477 2824 5541; x_wconf 89' lang='lat' dir='ltr'><strong>lumine,</strong></span> <span class='ocrx_word' id='word_1_902' title='bbox 2861 5477 3021 5529; x_wconf 86' lang='lat' dir='ltr'><strong>Deum</strong></span> <span class='ocrx_word' id='word_1_903' title='bbox 3051 5473 3119 5528; x_wconf 89' lang='lat' dir='ltr'><strong>de</strong></span> <span class='ocrx_word' id='word_1_904' title='bbox 3144 5475 3269 5538; x_wconf 91' lang='lat' dir='ltr'><strong>Deo,</strong></span> <span class='ocrx_word' id='word_1_905' title='bbox 3296 5487 3391 5526; x_wconf 89' lang='lat' dir='ltr'><strong>cur</strong></span> <span class='ocrx_word' id='word_1_906' title='bbox 3421 5489 3508 5527; x_wconf 88' lang='lat' dir='ltr'><strong>re-</strong></span> 
     </span>
    </p>
   </div>
   <div class='ocr_carea' id='block_1_108' title="bbox 1958 5563 3510 5640">
    <p class='ocr_par' dir='ltr' id='par_1_108' title="bbox 1958 5563 3510 5640">
     <span class='ocr_line' id='line_1_108' title="bbox 1958 5563 3510 5640; baseline -0.005 -16"><span class='ocrx_word' id='word_1_907' title='bbox 1958 5571 2239 5640; x_wconf 86' lang='lat' dir='ltr'><strong>pugnatis?</strong></span> <span class='ocrx_word' id='word_1_908' title='bbox 2263 5578 2538 5639; x_wconf 86' lang='lat' dir='ltr'><strong>propterea</strong></span> <span class='ocrx_word' id='word_1_909' title='bbox 2555 5567 2692 5636; x_wconf 91' lang='lat' dir='ltr'><strong>quod</strong></span> <span class='ocrx_word' id='word_1_910' title='bbox 2711 5575 2792 5621; x_wconf 88' lang='lat' dir='ltr'><strong>est</strong></span> <span class='ocrx_word' id='word_1_911' title='bbox 2821 5565 3098 5620; x_wconf 67' lang='lat' dir='ltr'><strong>Graecum?</strong></span> <span class='ocrx_word' id='word_1_912' title='bbox 3120 5563 3260 5634; x_wconf 64' lang='lat' dir='ltr'><strong>&#39;Opo,</strong></span> <span class='ocrx_word' id='word_1_913' title='bbox 3286 5563 3386 5616; x_wconf 88' lang='lat' dir='ltr'><strong>tale</strong></span> <span class='ocrx_word' id='word_1_914' title='bbox 3409 5571 3510 5626; x_wconf 84' lang='lat' dir='ltr'><strong>est,</strong></span> 
     </span>
    </p>
   </div>
   <div class='ocr_carea' id='block_1_109' title="bbox 1958 5651 3513 5727">
    <p class='ocr_par' dir='ltr' id='par_1_109' title="bbox 1958 5651 3513 5727">
     <span class='ocr_line' id='line_1_109' title="bbox 1958 5651 3513 5727; baseline -0.006 -14"><span class='ocrx_word' id='word_1_915' title='bbox 1958 5672 2012 5713; x_wconf 85' lang='lat' dir='ltr'><strong>ut</strong></span> <span class='ocrx_word' id='word_1_916' title='bbox 2064 5663 2145 5714; x_wconf 87' lang='lat' dir='ltr'><strong>cui</strong></span> <span class='ocrx_word' id='word_1_917' title='bbox 2189 5660 2423 5727; x_wconf 78' lang='lat' dir='ltr'><strong>jungitur</strong></span> <span class='ocrx_word' id='word_1_918' title='bbox 2450 5671 2586 5713; x_wconf 90' lang='lat' dir='ltr'><strong>nunc</strong></span> <span class='ocrx_word' id='word_1_919' title='bbox 2612 5656 2869 5722; x_wconf 78' lang='lat' dir='ltr'><strong>siguilicet</strong></span> <span class='ocrx_word' id='word_1_920' title='bbox 2891 5653 3124 5721; x_wconf 82' lang='lat' dir='ltr'><strong>ejusdem</strong></span> <span class='ocrx_word' id='word_1_921' title='bbox 3158 5653 3254 5718; x_wconf 86' lang='lat' dir='ltr'><strong>rei,</strong></span> <span class='ocrx_word' id='word_1_922' title='bbox 3281 5667 3419 5707; x_wconf 86' lang='lat' dir='ltr'><strong>nunc</strong></span> <span class='ocrx_word' id='word_1_923' title='bbox 3443 5651 3513 5708; x_wconf 81' lang='lat' dir='ltr'><strong>si-</strong></span> 
     </span>
    </p>
   </div>
  </div>
