3950 6206
485 245 620 298 “39

1738 245 1925 301 MARII
1970 246 2300 302 VICTOIllNl
2339 248 2494 304 AFlil

3586 257 3710 309 ιιιο

483 352 593 406 mul
614 365 734 405 cum
756 366 813 406 re
835 365 922 406 res
949 364 1050 417 est,
1086 360 1267 421 utputa
1290 350 1515 419 species,
1544 356 1684 421 quod
1712 354 1894 410 Grazce
1915 352 2044 417 εἶδος
2071 364 2121 421 Α
2148 360 2254 410 sius
2284 358 2577 413 substantia
2597 361 2921 429 intelligitur.
2947 362 3074 415 Nam
3104 362 3248 416 aliud
3278 365 3521 433 estquod
3552 380 3581 423 a
3606 367 3709 420 lico

486 442 680 496 dicitur
696 442 985 511 junguntur
1018 443 1113 495 ista
1146 443 1239 513 ὁμο
1268 450 1321 496 ει
1348 438 1495 505 εἶδος,
1523 452 1579 497 ει
1616 444 1877 513 signiﬁcat
1901 447 2046 514 ejus-

492 534 611 589 dem
642 533 837 604 speciei
864 552 875 585 :
902 532 979 588 sic
1016 533 1305 604 ὁμώνυμον,
1349 533 1585 601 ejusdem
1629 534 1874 589 nominis.
1909 536 2047 605 Ergo

490 640 611 681 cum
649 625 885 694 jungitur
913 623 977 677 ad
1028 626 1205 678 οὐσίαν
1248 623 1357 693 ὁμο,
1402 625 1458 677 ﬁt
1486 623 1767 697 ὁμοούσιον,
1812 624 2047 695 ejusdem

492 718 690 779 οὐσίας,
718 714 769 768 id
793 722 875 768 est
898 713 1134 783 ejusdem
1164 712 1491 769 substantiae.
1517 715 1593 769 Ex
1622 716 1723 769 hoc
1750 714 2050 770 excluditur

488 807 671 872 Arius,
693 807 781 876 qui
802 805 953 871 dixit,
975 822 1036 860 ex
1062 805 1225 859 nihilo
1247 804 1532 860 Christum.
1558 806 1687 862 Item
1713 808 1938 861 diximus
1957 806 2050 880 ὁμο

490 899 617 971 ὁμου
648 898 943 967 signiﬁcare
961 938 974 960 ,
1005 913 1125 951 eum
1145 897 1379 966 jungitur
1400 898 1506 961 rei,
1532 898 1662 951 nihil
1687 898 1866 963 aliud,
1892 914 2047 968 quam

493 988 656 1043 simul
688 1003 804 1042 esse
826 993 935 1041 rem
959 987 1155 1052 dicere,
1177 998 1232 1040 ut
1254 988 1516 1058 ὁμοηλικής
1538 987 1690 1042 simul
1730 1003 1829 1042 una
1857 998 2012 1043 aetate
2032 1030 2046 1053 ,

494 1090 548 1137 et
573 1080 896 1157 ὁμοτρόφους,
942 1081 1065 1151 ὁμοῦ
1106 1082 1401 1155 τραφέντας,
1448 1079 1603 1133 simul
1632 1080 1899 1135 nutritOs-i
1923 1096 2051 1150 ergo

496 1172 779 1244 ὁμοούσιον,
828 1171 980 1224 simul
1026 1169 1369 1224 substantiale
1408 1169 1666 1233 dicemus,
1705 1169 1784 1224 vel
1822 1170 2050 1224 consub-

489 1264 754 1319 stantiale.
786 1263 924 1317 Ecce
966 1262 1221 1316 habemus
1247 1270 1300 1315 et
1340 1261 1501 1316 latine
1545 1262 1798 1316 nomina:
1838 1261 1976 1331 quod
2004 1261 2050 1317 si

490 1358 562 1411 ita
584 1366 687 1421 est,
736 1366 789 1410 et
834 1370 899 1410 es
933 1354 1033 1410 hoc
1068 1354 1366 1409 excluditur
1410 1356 1585 1419 Arius,
1626 1356 1715 1425 qui
1760 1355 1912 1423 dixit,
1953 1358 2051 1427 fuit

492 1447 693 1513 quando
714 1461 813 1499 non
848 1447 963 1516 fuit.
1000 1446 1205 1499 Etenim
1249 1447 1293 1498 si
1341 1444 1564 1499 dicimus
1586 1486 1601 1509 ,
1628 1460 1837 1515 semper
1880 1456 2048 1516 pater,

493 1550 709 1606 semper
736 1534 890 1599 ﬁlius,
922 1545 974 1589 et
997 1535 1039 1588 si
1065 1533 1240 1605 (Joan.
1271 1548 1307 1597 ι,
1332 1532 1385 1603 1)
1414 1534 1468 1587 in
1512 1534 1758 1604 principia
1782 1544 1885 1589 erat
1908 1535 2051 1609 λόγος

493 1634 539 1679 et
569 1627 725 1699 Λόγος
762 1624 899 1695 apud
932 1624 1112 1689 Dauni,
1138 1624 1383 1693 quoniam
1417 1623 1731 1693 principium
1776 1624 1891 1678 sine
1928 1637 2047 1679 ortu

2149 457 2229 503 est
2256 465 2267 502 :
2300 463 2419 502 nam
2447 452 2625 505 omnia
2650 466 2680 503 a
2709 451 2839 515 Deo,
2864 450 3106 506 Christus
3136 462 3313 507 autem
3348 455 3418 509 de
3448 455 3559 512 Deo
3586 466 3662 510 est
3690 474 3705 511 :

2150 540 2260 609 ipse
2310 555 2438 595 vero
2486 540 2728 595 Christus
2772 543 2930 615 Λόγος
2978 551 3079 608 est,
3134 545 3214 599 vel
3261 546 3419 620 Λόοιος
3468 543 3709 602 Christus

2147 638 2248 683 est.

2218 720 2304 775 IV.
2332 721 2603 776 Postremo
2630 725 2847 792 quatrite
2876 726 2998 793 quid
3027 724 3096 779 sit
3121 728 3276 799 Λόγος
3296 767 3310 790 ,
3342 736 3395 780 ει
3425 726 3707 786 invenietis

2155 815 2315 885 Λόσγος
2341 814 2407 868 de
2453 814 2619 869 nihilo
2647 830 2767 871 esse
2793 832 2893 871 non
2924 832 3097 886 posse.
3132 818 3234 874 Sed
3262 818 3337 873 illi
3366 836 3463 873 vos
3484 821 3704 888 fallunt,

2148 902 2245 969 illi,
2266 905 2471 971 inquam
2484 904 2591 973 ,qui
2608 920 2710 959 non
2731 906 3087 976 intelligentes
3100 909 3310 963 modum
3328 910 3707 978 generatiOnis,

2150 991 2332 1047 dicunt
2359 993 2489 1063 (lsa.
2523 1010 2633 1061 Lm,
2662 995 2737 1066 8),
2768 995 3089 1050 Nativitatem
3114 997 3314 1052 Domini
3337 1001 3449 1067 quis
3470 1016 3710 1055 enarrare

2153 1084 2351 1148 potest?
2398 1083 2628 1138 Primum
2656 1084 2723 1138 de
2750 1083 3048 1140 hominibus
3078 1086 3271 1141 dictum
3302 1089 3471 1143 videri
3512 1098 3705 1157 potest,

2150 1171 2309 1239 quis?
2332 1172 2436 1237 vel,
2465 1188 2640 1229 nemo.
2663 1174 2888 1244 Spiritus
2910 1185 3081 1231 autem
3106 1187 3318 1232 sanctus
3342 1188 3397 1233 et
3415 1180 3704 1246 insinuare,

2150 1270 2205 1316 et
2225 1276 2438 1317 narrare
2481 1272 2669 1331 potest.
2721 1264 2874 1321 Unde
2915 1277 2969 1321 et
3003 1282 3099 1322 nos
3137 1267 3231 1323 Dei
3258 1269 3455 1337 patris,
3485 1279 3539 1324 et
3582 1269 3705 1324 Jcsu

2149 1351 2347 1406 Christi
2403 1353 2608 1407 Domini
2655 1355 2823 1409 nostri
2872 1356 3133 1427 permissu
3168 1357 3436 1413 diximus:
3467 1368 3522 1413 et
3561 1369 3705 1414 certe

2153 1457 2258 1496 non
2288 1442 2621 1512 desperatum
2648 1444 2747 1499 hoc
2772 1487 2786 1511 ,
2827 1447 2918 1500 scd
2940 1462 3058 1501 cum
3085 1448 3336 1503 miraculo
3376 1448 3580 1504 dictum
3610 1459 3706 1503 est.

2153 1531 2351 1586 Deinde
2374 1531 2445 1586 sit
2485 1532 2671 1588 modus
2700 1536 3052 1603 generationis
3102 1536 3334 1605 ignotus,
3364 1552 3464 1591 uos
3497 1538 3564 1593 de
3584 1540 3706 1593 sub-

2156 1621 2353 1675 stantia
2394 1621 2657 1691 loquimur
2687 1640 2700 1675 :
2733 1624 2777 1677 si
2808 1633 2955 1692 pater
2980 1634 3034 1679 et
3064 1626 3231 1691 ﬁlius,
3257 1626 3549 1696 ὁμοούσιον.
3573 1628 3711 1692 Quo.

495 1724 595 1780 est,
614 1725 668 1771 et
688 1718 801 1770 sine
828 1725 1065 1785 tempore
1095 1730 1305 1784 semper
1329 1713 1426 1768 fuit
1454 1715 1592 1769 Deus
1611 1756 1624 1779 ,
1655 1730 1863 1783 semper
1886 1716 2051 1788 λόγος,
2082 1707 2129 1767 Β
2158 1709 2315 1764 modo
2334 1718 2509 1764 autem
2539 1711 2677 1765 Deus
2700 1720 2869 1781 pater,
2899 1722 2953 1767 et
2980 1715 3244 1783 quomodo
3272 1715 3429 1788 Λόγος
3460 1714 3602 1769 ﬁlius
3621 1718 3705 1781 sit,

493 1822 707 1876 semper
735 1816 905 1876 pater,
933 1822 1144 1883 semper
1163 1806 1320 1861 ﬁlius.
1354 1807 1463 1861 lloc
1486 1807 1530 1860 si
1558 1807 1629 1860 ita
1649 1815 1751 1873 est,
1779 1807 2054 1862 exclusum

497 1907 600 1963 est,
630 1908 688 1952 ut
714 1897 844 1961 dixi,
874 1898 969 1967 fuit
1011 1899 1212 1966 quando
1239 1914 1337 1951 non
1379 1899 1495 1968 fuit.
1542 1898 1679 1951 Ecce
1707 1905 1788 1951 est
1830 1898 1880 1950 in
1912 1905 2055 1951 utro-

498 2003 601 2056 que
628 1987 913 2057 ὁμοούσιον,
936 1995 1119 2041 contra
1148 1986 1330 2041 Arium
1360 1987 1584 2055 positum
1606 2027 1620 2050 ,
1650 1986 2056 2056 universamque

498 2076 610 2131 Arii
638 2076 905 2129 haeresim.

570 2165 657 2219 Ill.
688 2166 810 2221 llzee
846 2166 890 2219 si
920 2180 1044 2220 vera
1087 2173 1242 2232 sunt,
1273 2164 1496 2234 accipite
1524 2164 1784 2235 ὁμοούσιον
1814 2182 1829 2221 :
1863 2179 1982 2218 nam
2013 2164 2056 2219 si

500 2270 604 2309 non
638 2256 817 2321 vultis,
850 2257 1038 2312 uevelll
1066 2256 1177 2310 Arii
1207 2270 1309 2311 non
1342 2256 1534 2311 latetis.
1564 2257 1665 2311 Sed
1694 2265 1751 2311 ut
1774 2271 1836 2310 ex
1867 2257 2059 2311 vestris

500 2346 705 2398 actibus
733 2345 931 2399 clarum
980 2354 1080 2421 est,
1109 2345 1283 2398 dicitis
1326 2345 1537 2413 quidem
1587 2345 1852 2399 Christum
1895 2345 2059 2400 Deum

492 2434 567 2488 de
599 2434 727 2499 Deo,
752 2435 934 2488 lumen
966 2434 1031 2488 de
1063 2434 1288 2498 lumine;
1324 2449 1503 2488 verum
1536 2436 1751 2499 factum,
1780 2442 1935 2502 atque
1959 2433 2060 2489 hoc

501 2525 661 2579 modo
688 2534 865 2579 natum
889 2540 993 2579 non
1022 2526 1087 2579 de
1114 2524 1409 2579 substantia
1438 2525 1561 2590 Dei,
1588 2541 1646 2579 se
1667 2524 1733 2579 de
1756 2524 1917 2578 nihilo
1938 2566 1952 2589 ,
1984 2522 2063 2578 id-

498 2633 603 2687 que
631 2618 698 2672 ab
722 2618 840 2670 aliis
867 2617 1053 2687 cogitis
1085 2633 1177 2685 per
1218 2625 1528 2685 argumenta
1560 2626 1731 2671 vestra
1755 2658 1768 2681 ,
1792 2624 1849 2670 ut
1880 2616 2062 2671 audire

503 2707 720 2775 possitis
746 2709 911 2776 magis
941 2723 1095 2776 quam
1110 2708 1296 2761 dicatis
1324 2708 1443 2776 ipsi,
1463 2716 1517 2762 et
1538 2722 1699 2777 quare
1724 2709 2063 2777 argumenta?

508 2800 553 2854 Ο
579 2801 748 2863 Deus,
795 2816 826 2850 ο
860 2799 1093 2861 Christe,
1133 2813 1419 2853 succurre:
1449 2800 1491 2853 si
1535 2800 1600 2853 de
1657 2800 1763 2854 Deo
1807 2808 1960 2852 natus
1986 2808 2069 2854 est

509 2890 775 2953 Christus,
808 2898 897 2943 aut
922 2891 1120 2944 divisus
1156 2898 1247 2944 aut
1290 2890 1525 2945 minutus
1545 2899 1626 2944 est
1654 2892 1805 2946 Deus.
1840 2892 1962 2945 llaec
1985 2901 2065 2947 at-

504 2994 608 3049 que
654 2980 951 3047 hujusmodi
993 2979 1201 3049 indigna
1238 2995 1383 3048 stupe
1428 2980 1671 3047 profertis
1698 2982 1845 3049 quasi
1872 2996 2064 3050 corpus

2156 1805 2367 1874 cognitu
2410 1804 2645 1860 difﬁcile.
2679 1806 2826 1860 Nunc
2863 1816 3037 1862 autem
3089 1808 3190 1862 hoc
3231 1822 3334 1863 non
3360 1809 3569 1862 videtur
3595 1823 3709 1864 esse

2156 1893 2497 1964 quaerendum
2522 1910 2535 1947 :
2575 1896 2718 1963 prius
2744 1896 2882 1949 enim
2905 1896 3259 1950 conﬁtendum
3277 1937 3293 1960 ,
3322 1896 3463 1963 quod
3495 1897 3565 1952 de
3588 1898 3707 1951 sub-

2157 1983 2347 2036 stantia
2376 1984 2539 2053 patris
2568 1983 2706 2037 ﬁlius
2730 2024 2744 2049 ,
2774 1993 2827 2038 et
2853 1984 2931 2039 sic
2958 1984 3222 2054 quomodo
3272 1984 3444 2049 ﬁlius;
3476 1986 3569 2055 qui
3607 2000 3709 2039 mo-

2158 2073 2257 2129 dus
2285 2082 2367 2130 est
2393 2089 2514 2129 vere
2540 2072 2794 2140 difﬁcilis,
2814 2083 2869 2129 et
2893 2090 2923 2128 a
2950 2075 3102 2130 nobis
3121 2075 3243 2129 alibi
3274 2082 3554 2131 tractatus.
3579 2074 3710 2146 Ergo

2160 2182 2300 2221 nunc
2342 2166 2408 2220 de
2447 2166 2730 2236 ὀμοούσιον,
2777 2174 2923 2221 certe
2960 2177 3017 2221 ut
3063 2167 3284 2220 satisﬁat
3307 2167 3459 2222 vobis
3512 2166 3708 2237 (pacem

2160 2256 2300 2311 enim
2326 2256 2566 2309 volumus
2585 2270 2704 2308 eum
2723 2255 3011 2324 omnibus),
3039 2255 3293 2309 habemus
3321 2256 3590 2324 quomodo
3623 2271 3710 2310 ex-

2162 2348 2449 2417 primamus
2477 2344 2735 2415 ὀμοούσιον
2755 2385 2770 2410 ,
2802 2344 3025 2413 primum
3052 2343 3503 2399 consubstantiale
3533 2344 3616 2398 vel
3644 2343 3708 2397 si-

2162 2437 2271 2491 mul
2292 2436 2753 2491 consubstantiale.
2774 2435 2971 2491 Deinde
2993 2435 3036 2489 si
3058 2436 3281 2491 dicimus
3307 2435 3471 2490 Deum
3492 2435 3561 2490 de
3586 2436 3703 2501 Deo,

2162 2528 2339 2581 lumen
2370 2527 2437 2581 de
2472 2518 2667 2580 lumine
2695 2526 2909 2580 :lumen
2941 2533 3115 2579 autem
3148 2532 3298 2594 pater
3348 2532 3431 2579 est
3454 2567 3469 2589 ,
3500 2526 3625 2579 item
3651 2525 3703 2577 li-

2162 2619 2261 2673 lius
2300 2620 2474 2672 lumen
2508 2635 2522 2672 :
2548 2632 2667 2672 cum
2694 2616 2931 2672 dicamus
2953 2618 3073 2686 quia
3104 2617 3159 2670 in’
3189 2626 3338 2686 patre
3358 2626 3443 2671 est
3468 2618 3637 2681 ﬁlius,
3660 2625 3707 2670 et

2163 2710 2215 2765 in
2246 2711 2354 2764 tilio
2382 2719 2531 2779 pater
2574 2717 2674 2774 est,
2723 2708 2958 2762 dicamus
2995 2707 3153 2761 etiam
3182 2708 3269 2776 qui
3311 2715 3457 2761 recte
3492 2706 3705 2760 dicimus

2166 2802 2325 2855 Deum
2353 2800 2419 2853 de
2444 2800 2549 2853 Deo
2571 2838 2586 2859 .
2633 2800 2807 2852 lumen
2843 2796 2910 2851 de
2934 2797 3166 2851 lumine:
3198 2795 3341 2864 quod
3382 2810 3565 2849 verum
3595 2797 3703 2856 erit,

2164 2898 2218 2945 et
2264 2891 2473 2959 plenum
2524 2888 2903 2959 sponsam.»
2947 2886 3238 2941 dubitatis?
3281 2886 3418 2952 Quid
3457 2886 3502 2938 si
3531 2894 3583 2938 et
3621 2886 3706 2936 hoc

2170 2982 2362 3037 lectum
2429 2980 2547 3035 est?
2617 2979 2943 3049 blasphemia
2986 2987 3066 3031 cst
3114 2978 3495 3032 contradicere.
3557 2976 3704 3030 Davnd

504 3072 576 3125 sit
597 3072 731 3127 Deus
759 3113 771 3134 ,
800 3081 889 3124 aut
911 3086 1219 3140 corporeus,
1252 3080 1341 3125 aut
1369 3072 1487 3140 hyle
1513 3090 1525 3124 :
1556 3072 1671 3125 hcic
1706 3072 1845 3126 cnim
1872 3073 2059 3127 divisio
2087 3055 2132 3119 (ἶ
2163 3073 2184 3141 (
2210 3070 2403 3125 Psalm.
2456 3086 2594 3124 xxxv
2619 3110 2633 3134 ,
2684 3070 2791 3137 10)
2847 3086 2859 3121 :
2937 3068 3027 3121 Est
3089 3069 3228 3122 enim
3293 3068 3405 3135 fons
3459 3069 3613 3130 vim;
3661 3074 3707 3118 et

506 3163 590 3217 vel
617 3162 893 3216 diminutio
916 3172 1087 3231 potest
1107 3177 1243 3217 esse.
1268 3163 1368 3217 Sed
1396 3162 1461 3215 de
1485 3164 1585 3215 isto
1608 3163 1765 3216 multa
1788 3164 1898 3231 jam
1927 3164 2059 3217 dixi-

507 3268 647 3317 mus,
679 3253 1121 3322 quemadmodum
1151 3254 1200 3306 in
1227 3252 1440 3315 divinis,
1466 3255 1514 3305 iu
1548 3254 1875 3324 incorporeis
1897 3257 2059 3310 maxi-

506 3356 695 3411 meque
731 3343 779 3395 in
811 3344 1019 3407 anima,
1064 3343 1114 3395 in
1145 3342 1360 3411 spiritu,
1398 3342 1448 3394 in
1483 3350 1660 3396 mente
1683 3383 1696 3407 ,
1736 3352 1789 3397 et
1814 3344 1975 3413 magis
2009 3347 2058 3399 iu

508 3432 617 3485 Deo
666 3439 756 3484 aut
792 3439 965 3486 motus
1010 3432 1116 3496 sit,
1145 3439 1235 3484 aut
1281 3440 1459 3499 partus
1491 3433 1827 3487 omnimodis.
1855 3434 2059 3489 Etenim

507 3523 735 3591 perfecta
765 3537 934 3591 neque
954 3523 1152 3591 augeri,
1177 3537 1347 3591 neque
1375 3523 1539 3576 minui
1565 3533 1803 3592 possunt,
1833 3525 2062 3579 maxime

503 3613 641 3666 circa
673 3612 1041 3676 substantiam,
1063 3613 1307 3684 αὐτόγονα
1336 3610 1474 3665 ειιίιη
1515 3626 1633 3666 cum
1672 3622 1796 3668 sunt
1813 3624 1867 3668 et
1912 3618 2059 3671 αὐτο·

504 3701 720 3773 δύναμαι,
761 3701 825 3756 de
858 3702 964 3757 Deo
983 3701 1104 3756 dico
1132 3702 1198 3756 de
1225 3701 1434 3772 spiritu,
1470 3703 1641 3772 qualia
1672 3704 1785 3773 ipsa
1806 3715 1946 3770 sunt,
1977 3716 2060 3760 ta-

506 3793 575 3847 lia
603 3794 850 3847 emittunt
892 3808 1033 3848 :nec
1076 3794 1144 3847 ibi
1185 3796 1455 3863 generatio
1496 3795 1858 3850 immutatione
1904 3812 2066 3866 gene-

505 3882 663 3945 ratio,
694 3896 867 3949 neque
886 3882 990 3935 ulla
1018 3881 1195 3951 passio
1223 3882 1317 3949 ibi,
1344 3883 1426 3936 vel
1450 3883 1725 3951 phantasia
1752 3885 1924 3954 aliqua
1943 3901 2061 3955 pas-

506 3968 690 4021 sionis.
717 3968 918 4023 Interea
950 3968 1033 4022 his
1059 3970 1350 4024 rationibus
1380 3972 1568 4026 vestris
1601 3973 1723 4040 quid
1758 3974 1944 4044 cogitis
1966 3991 2062 4031 nos

504 4057 659 4112 fateri
687 4058 752 4112 de
798 4058 961 4112 nihilo
1005 4060 1267 4114 Christum
1306 4076 1425 4117 esse
1466 4064 1681 4117 natum?
1708 4065 1841 4119 Num
1889 4068 2062 4123 minor

502 4155 679 4201 vestra
726 4147 1053 4218 blasphemia
1100 4157 1200 4213 cst,
1234 4166 1352 4204 cum
1396 4166 1488 4206 vos
1541 4156 1727 4208 eadem
1774 4156 2060 4210 sentiatis?

504 4233 611 4288 Aut
630 4248 724 4287 cur
746 4244 946 4289 nonest
970 4245 1150 4304 aperta
1173 4246 1344 4291 vestra
1368 4240 1647 4308 professio,
1670 4242 1715 4296 si
1737 4243 1804 4296 ita
1826 4244 2061 4300 sentitis?

503 4324 704 4378 Verum
729 4327 991 4378 contraria
1024 4341 1116 4379 vos
1158 4328 1295 4397 loqui
1327 4345 1429 4383 non
1452 4331 1641 4385 videtis
1670 4350 1683 4385 :
1717 4334 1891 4389 dicitis
1917 4339 2057 4391 enim

2163 3164 2383 3237 (Psalm.
2414 3164 2565 3230 ibid.)
2593 3180 2610 3216 :
2634 3160 2698 3215 In
2726 3162 2915 3215 Iuntine
2935 3172 3018 3214 tuo
3043 3159 3319 3213 videbimus
3344 3160 3532 3211 Iumeu.
3561 3158 3705 3210 Fatc~

2162 3254 2328 3309 limini
2347 3254 2453 3323 jam
2479 3254 2671 3317 ethoc,
2688 3260 2741 3306 et
2761 3250 3038 3322 opooo’mov.
3061 3248 3311 3304 Similiter
3338 3247 3439 3301 hoc
3456 3246 3612 3316 ohjiei
3628 3263 3705 3313 po-

2164 3353 2263 3399 test
2288 3347 2337 3400 ei
2361 3345 2447 3412 qui
2476 3342 2601 3397 dicit
2623 3342 2844 3396 similem
2870 3340 3214 3394 substantiam
3247 3356 3262 3392 :
3292 3337 3539 3391 eamdem
3573 3339 3702 3391 enim

2162 3450 2260 3489 nos
2290 3433 2510 3488 dicimus
2550 3442 2604 3487 et
2640 3432 2793 3486 simul
2834 3431 3221 3493 substantiam,
3269 3437 3412 3482 certe
3441 3427 3636 3481 dictum
3663 3428 3707 3479 in

2161 3524 2292 3578 Isaia
2326 3524 2344 3591 (
2371 3522 2478 3577 Isa.
2507 3537 2650 3587 ιιιιι,
2677 3520 2773 3591 10)
2800 3538 2812 3573 :
2838 3519 3003 3573 Nemo
3031 3526 3144 3571 ante
3184 3528 3249 3580 te,
3293 3514 3452 3581 Deus,
3489 3526 3533 3568 et
3579 3531 3709 3568 uicina

2163 3626 2272 3683 post
2299 3625 2345 3667 te
2368 3614 2564 3678 similis,
2589 3613 2739 3666 Deus.
2768 3612 2833 3665 Et
2851 3610 3007 3664 David
3032 3608 3247 3681 (Psalm.
3273 3622 3431 3661 xxxrv
3453 3607 3563 3676 10):
3593 3606 3709 3671 Quis

2162 3705 2249 3758 tibi
2278 3706 2455 3758 similis
2477 3705 2589 3771 erit,
2614 3704 2788 3757 Deus?
2813 3703 2935 3756 Haec
2963 3701 3216 3755 adversus
3233 3713 3347 3763 eos,
3365 3696 3455 3766 qui
3484 3696 3702 3750 similem

2161 3795 2504 3849 substantiam
2530 3793 2711 3847 dicunt
2738 3808 2751 3845 :
2781 3793 2874 3846 sed
2904 3799 2957 3844 et
2977 3790 3140 3843 multa
3166 3795 3446 3856 praetereo,
3469 3800 3586 3854 qua:
3607 3784 3709 3853 plc«

2162 3884 2281 3939 nius
2328 3884 2644 3951 uberiusque
2684 3888 2904 3935 tractata
2933 3885 3072 3940 sunt,
3095 3884 3280 3931 contra
3307 3889 3400 3927 cos
3430 3880 3705 3936 tractatus,

2161 3988 2295 4046 quos
2341 3974 2440 4042 ipsi
2486 3973 2765 4027 miserunt.
2796 3969 2928 4024 Nam
2958 3968 3023 4023 de
3068 3967 3171 4020 illis
3218 3979 3321 4019 non
3354 3963 3707 4032 loquendum,

2161 4070 2249 4138 qui
2278 4065 2584 4121 dissimilem
2610 4064 2792 4118 dicunt
2823 4079 2835 4115 :
2868 4074 2964 4114 nec
2999 4059 3068 4113 de
3098 4057 3223 4120 illis,
3255 4054 3341 4124 qui
3371 4068 3468 4108 eos
3508 4051 3597 4122 qui
3620 4052 3709 4104 ista

2163 4165 2389 4212 tractant
2415 4170 2532 4223 qua:
2558 4153 2779 4207 dicimus
2799 4191 2813 4216 ,
2843 4147 3261 4217 Patripassianos
3292 4151 3495 4213 putant.
3525 4141 3710 4197 Omnes

2163 4246 2302 4301 enim
2349 4245 2432 4297 isti
2470 4251 2523 4296 et
2560 4240 2648 4296 alii
2676 4237 2908 4294 haeretici
2930 4237 3081 4291 facile
3105 4234 3317 4289 refutati
3358 4241 3483 4285 sunt
3521 4230 3711 4298 majore

2163 4342 2406 4389 tractatu.
2442 4333 2580 4388 Deus
2626 4330 2812 4385 adesto
2841 4329 3016 4393 Pater,
3046 4334 3101 4381 et
3147 4324 3287 4377 Deus
3332 4321 3555 4374 Domine
3594 4318 3712 4372 Iesu

500 4415 666 4468 Deum
695 4415 759 4469 de
790 4415 895 4470 Deo
922 4456 934 4480 ,
964 4416 1142 4471 lumen
1177 4418 1243 4472 de
1271 4418 1488 4475 lumine.
1518 4421 1629 4476 lloc
1656 4423 1725 4477 de
1764 4424 1928 4479 nihilo
1954 4435 2055 4491 est,

2159 4427 2364 4483 Christe
2389 4467 2404 4491 ,
2447 4434 2505 4480 ut
2538 4424 2607 4479 sit
2647 4424 2697 4478 in
2730 4420 2883 4493 plebe
2928 4427 3014 4473 tua
3044 4418 3285 4487 ὁμοούσία
3316 4426 3411 4483 per
3438 4411 3704 4481 ὁμοούσισν.

500 4517 619 4557 cum
643 4503 827 4558 dicatis
857 4504 1013 4559 unde.
1043 4506 1181 4577 Ergo
1197 4506 1263 4561 de
1285 4506 1393 4563 Deo
1412 4509 1676 4579 Christus,
1708 4529 1814 4568 non
1844 4530 1971 4585 ergo
1991 4516 2056 4570 de

500 4594 685 4661 nihilo,
713 4596 779 4651 de
800 4596 996 4652 lumine
1018 4612 1121 4652 non
1150 4597 1216 4654 de
1249 4600 1445 4667 nihilo;
1474 4602 1541 4658 de
1570 4604 1679 4661 Deo
1699 4607 1860 4675 enim,
1885 4609 1951 4665 de
1972 4610 2057 4681 ip-

1427 4756 2161 4781 ...ξ-..Ψ

2160 4521 2347 4574 Amen.

2170 4760 2502 4779 μ

1779 4868 2387 4954 VICTORINI

1670 5007 1774 5069 DE
1845 5009 2273 5073 TRINITATE
2338 5002 2624 5068 HYMNI.

988 5137 1263 5199 IIYMNUS
1306 5143 1576 5203 PRIMUS.

492 5229 712 5296 Adesto,
736 5230 910 5287 lumen
938 5246 1140 5301 verum,
1171 5246 1318 5303 pater
1338 5237 1671 5306 omnipotens
1695 5242 1851 5297 Deus.

494 5318 711 5382 Adesto,
740 5320 915 5375 lumen
940 5322 1174 5390 luminis,
1196 5328 1503 5396 mysterium
1530 5339 1583 5383 ct
1611 5332 1776 5387 virtus
1800 5332 1909 5387 Dei.

489 5409 713 5476 Adesto,
744 5420 927 5466 sancte
950 5414 1199 5483 Spiritus,
1235 5418 1395 5483 patris
1426 5430 1478 5474 et
1505 5420 1597 5475 ﬁlii
1625 5423 1831 5492 copula.

491 5497 569 5551 Tu
592 5514 709 5553 cum
740 5501 968 5569 quiescis
990 5511 1138 5572 pater
1164 5519 1241 5571 es,
1270 5522 1390 5563 cum
1421 5511 1684 5579 procedis,
1714 5512 1872 5568 ﬁlius.

491 5585 545 5640 In
577 5602 734 5643 unum
763 5588 853 5661 qui
880 5601 1066 5647 cuncta
1106 5594 1296 5663 nectis,
1359 5605 1416 5653 tu
1453 5613 1511 5655 es
1550 5600 1776 5673 Spiritus
1812 5610 2042 5659 sanctus.

2156 5153 2327 5210 Unum
2354 5152 2580 5224 primum
2599 5186 2618 5215 ,
2644 5157 2806 5201 unum
2835 5155 2865 5197 a
2893 5154 2952 5197 se
2974 5146 3171 5205 ortum,
3208 5152 3370 5195 unum
3395 5146 3521 5193 ante
3533 5150 3708 5296 [unum

3560 5228 3704 5279 Deus.

3560 5228 3704 5279 Deus.

2158 5327 2421 5385 Pmcedis
2449 5339 2607 5381 omne
2634 5329 2911 5393 quantum,
2936 5318 3096 5373 nullis
3122 5325 3281 5372 notus
3307 5315 3568 5371 terminis.

2156 5418 2291 5473 Nihil
2314 5418 2367 5472 in
2391 5426 2443 5472 te
2471 5425 2745 5486 quantum,
2777 5412 2895 5481 quia
2924 5423 3096 5477 neque
3120 5416 3379 5477 quantum
3400 5420 3465 5460 ex
3492 5414 3543 5459 te
3568 5411 3663 5458 est.

2153 5508 2390 5580 Namque
2413 5522 2477 5562 es
2510 5515 2562 5561 te
2586 5512 2765 5559 natum
2792 5514 2952 5557 unum
2979 5499 3144 5569 gignit
3166 5496 3360 5568 magis,
3385 5511 3545 5660 unam
3576 5502 3711 5551 tenet

3446 5596 3705 5658 quantum.

3446 5596 3705 5658 quantum.
