3950 6206
248 277 379 333 nu
1506 262 1592 318 DE
1632 262 2000 319 TRINITATE
2039 260 2273 318 HYMNI.
3355 267 3375 319 ι
3398 263 3489 318 tu

242 388 381 445 Hinc
415 387 709 443 immensus
748 388 895 451 pater
930 387 1012 433 est
1035 395 1048 431 :
1072 390 1287 432 mensus
1324 382 1486 444 atque
1514 380 1815 431 immensus
1841 376 1889 435 Α
1918 371 2031 426 Non
2062 386 2169 442 quo
2197 373 2463 442 pracedat
2492 371 2778 441 quidquam
2805 372 3055 439 alterum,
3087 388 3259 445 neque
3292 389 3399 446 quo
3423 377 3496 432 sit

1625 462 1809 534 Ullius.
2972 464 3211 534 [omnino
3240 466 3489 521 alterum.

242 566 423 625 Unum
442 571 618 619 autem
646 568 701 615 et
727 567 785 614 tu
809 566 956 627 pater
980 569 1061 621 es,
1087 568 1359 624 unumque
1385 552 1565 622 genuit
1594 550 1750 605 illius.
1916 552 2021 608 Sed
2046 566 2152 621 quo
2182 565 2469 620 progressu
2495 560 2671 606 actum
2698 552 2771 605 sit
2791 561 2871 607 ter
2892 554 3083 621 triplex
3110 554 3359 609 alterum.

241 654 401 725 Quod
434 652 598 708 multa
637 649 725 705 vel
764 656 952 704 cuncta
996 653 1119 701 sunt
1142 685 1158 713 ,
1205 644 1307 699 huc
1351 657 1510 725 unum
1544 650 1627 696 est
1668 641 1810 716 quod
1913 644 2105 709 Filius,
2139 651 2398 712 actusque
2423 644 2530 698 vita
2559 654 2663 709 est,
2690 658 2792 713 qua
2824 644 3125 715 procedunt
3150 656 3203 702 et
3241 658 3494 703 creantur

1420 732 1622 804 [genuit
1647 732 1805 786 illius.
3257 737 3479 809 [omnia.

240 837 461 895 Cunctis
485 833 577 907 qui
604 831 743 893 ὄντος
766 843 948 885 semen
970 836 1073 895 est,
1101 840 1224 883 vera
1247 827 1412 881 virtus
1435 824 1674 880 seminis.
1910 824 1996 878 Fit
2019 825 2159 880 idem
2188 826 2378 880 doctor
2399 837 2455 880 et
2482 825 2759 895 magister,
2789 824 2926 880 idem
2958 825 3228 895 perfector
3254 830 3491 898 spiritus.

239 929 301 985 in
329 943 455 999 quo,
484 935 643 995 atque
663 938 767 994 quo
786 922 1295 991 gignunturcuncta,
1320 916 1486 978 virtus
1506 929 1623 985 qua:
1641 912 1810 969 fundit
1908 914 2209 969 Semiustas
2246 916 2420 969 saeclis
2444 915 2650 969 animas
2673 916 2902 985 irrigans
2930 917 3077 971 scitis
3106 917 3342 987 Sophim.

1669 1002 1807 1074 [Dei.
1910 1002 2109 1074 Sophia
2142 1012 2320 1058 autem
2351 1018 2471 1059 cum
2503 1005 2571 1058 sit
2600 1003 2869 1071 Christus,
2910 1005 3048 1059 idem
3082 1006 3323 1062 Christus
3350 1008 3488 1063 illius

240 1111 551 1178 Rursusque
586 1109 638 1161 in
668 1118 852 1160 semen
888 1102 1112 1158 redeunt
1141 1099 1318 1170 genita
1351 1112 1573 1167 qumque
1608 1111 1675 1151 ex
1718 1110 1807 1150 se-
3276 1100 3481 1172 Nocet,

1622 1189 1807 1260 (mine.
1910 1185 2189 1240 Profectus
2212 1185 2371 1240 Patre
2398 1184 2607 1242 Patrem
2639 1195 2693 1241 et
2715 1186 2987 1243 Christum
3008 1190 3259 1260 Spiritus.

239 1289 504 1361 Operatur
540 1301 667 1359 ergo
696 1292 886 1341 cuncta
916 1281 1161 1338 Christus
1196 1280 1286 1351 qui
1322 1279 1496 1335 omnis
1521 1288 1601 1334 est
1640 1279 1810 1333 virtus
1909 1277 2052 1331 Hinc
2092 1279 2257 1346 patris
2305 1286 2497 1331 cuneta
2541 1276 2790 1332 Christus
2839 1294 2855 1332 :
2902 1280 3026 1335 hinc
3075 1282 3232 1337 habet
3287 1282 3483 1338 Christi

1666 1368 1807 1440 [Dei.
2979 1369 3189 1440 [cuncta
3211 1370 3479 1427 Christus.

1694 1369 1807 1422 Dei.
3001 1379 3189 1426 cuncta
3211 1370 3388 1426 Christ

238 1470 478 1540 Namque
502 1466 743 1522 Christus
765 1466 817 1519 in
847 1464 1027 1535 quiete
1048 1472 1224 1517 motus
1250 1470 1354 1528 est,
1382 1474 1621 1516 summus
1645 1369 1805 1514 [ξειιε.
1908 1458 1996 1513 Sic
2015 1456 2264 1513 Christus
2294 1471 2444 1511 meus
2469 1459 2608 1511 inter
2632 1468 2909 1526 parentem
2937 1369 2998 1516 εξ
3016 1474 3134 1517 sese
3162 1460 3388 1516 alterum

237 1565 415 1631 Atque
435 1560 549 1629 ipse
576 1567 751 1612 motus
779 1557 1038 1625 sapientia
1063 1564 1167 1620 est,
1197 1563 1251 1609 et
1277 1553 1442 1607 virlus
1472 1552 1586 1607 Dei.
1907 1548 2162 1617 Spiritum
2209 1548 2391 1617 implet
2440 1557 2735 1617 parentem,
2782 1548 2907 1603 dum
2946 1565 3067 1604 esse
3106 1559 3323 1619 praestat
3367 1566 3481 1604 om-

237 1653 398 1708 Nullo
427 1667 454 1704 a
486 1651 780 1706 substantia
811 1649 1016 1703 distans
1041 1666 1053 1699 :
1082 1647 1203 1716 quia
1223 1645 1363 1715 quod
1394 1653 1588 1708 motus,
3279 1639 3476 1712 [uibus.

239 1743 355 1798 Hoc
382 1741 675 1798 substantia
703 1748 803 1807 εει,
826 1738 1024 1809 quique
1052 1746 1249 1800 motus,
1280 1734 1401 1804 quia
1428 1734 1478 1787 in
1510 1732 1624 1800 ipso
1649 1740 1807 1800 atque
1838 1734 1882 1792 B
1911 1733 2084 1800 Atque
2123 1744 2243 1785 esse
2287 1729 2493 1784 cunctis
2538 1729 2643 1783 vita
2690 1740 2773 1784 est
2820 1748 2834 1783 :
2883 1740 2939 1786 et
2985 1731 3086 1786 hoc
3128 1743 3209 1786 est
3255 1734 3394 1801 quod
3426 1734 3479 1787 iu

1004 1850 1006 1853 τ
1540 1822 1675 1894 [ipse
1700 1829 1800 1876 est.
2891 1817 3126 1889 [Christo
3152 1818 3349 1875 factum
3375 1831 3478 1875 εει.

238 1927 318 1982 Ex
340 1926 452 1981 Deo
478 1925 650 1980 dictus
677 1925 836 1992 Dens,
866 1932 1020 1978 natus
1039 1931 1214 1977 autem
1241 1939 1253 1975 :
1281 1920 1401 1991 quia
1431 1928 1604 1974 motus
1624 1925 1734 1979 est;
1903 1910 2039 1978 Quid
2075 1910 2196 1980 quia
2235 1908 2411 1979 iungit.
2442 1923 2504 1963 ac
2547 1909 2720 1963 salvat
2760 1910 2962 1975 omnia,
3000 1925 3064 1964 ac
3101 1911 3258 1966 docet
3297 1927 3478 1967 vermn

238 2018 424 2073 Omnis
470 2018 611 2073 enim
660 2024 835 2071 motus
881 2024 1040 2071 nutus
1090 2023 1206 2080 est,
1254 2026 1524 2081 unumque
1574 2024 1693 2064 cum
1739 2006 1809 2062 sit
3264 2002 3478 2074 [Deum.

1620 2099 1803 2171 [Deus
1904 2092 2177 2147 Christum
2214 2102 2539 2161 sequentes,
2581 2090 2795 2148 Christo
2834 2100 3024 2147 renato
3061 2103 3277 2148 sanctus
3307 2096 3483 2165 jungit

239 2202 319 2255 Ac
348 2198 443 2254 Dei
471 2205 663 2264 motus,
694 2212 832 2252 unus
858 2206 913 2251 et
939 2196 1077 2252 idem
1107 2195 1246 2274 Deus
1274 2195 1473 2250 existit.
3206 2182 3476 2255 [Spiritus.

240 2288 443 2345 Tamen
466 2295 639 2343 motus
660 2287 773 2357 ipse
798 2301 939 2352 esse,
970 2293 1027 2341 ut
1053 2283 1153 2340 sibi
1167 2272 1247 2339 sit
1276 2284 1377 2341 hoc
1398 2282 1538 2354 quod
1564 2281 1678 2353 ipse
1700 2295 1807 2336 mo-
1912 2276 2053 2343 Ergn
2081 2272 2327 2329 Christus
2352 2274 2552 2340 omnia,
2578 2274 2704 2327 hinc
2722 2273 2971 2328 Christus
2997 2276 3337 2345 mysterium.

1577 2372 1684 2444 [tus
1709 2380 1809 2427 est.
1914 2365 2014 2419 Per
2044 2366 2212 2434 ipsum
2242 2374 2430 2419 cuncta
2460 2374 2514 2420 et
2550 2365 2601 2418 in
2642 2367 2757 2434 ipso
2783 2373 2973 2419 cuneta
2994 2404 3009 2428 ,
3037 2374 3197 2435 atque
3223 2366 3274 2419 in
3308 2366 3479 2435 ipsum

243 2468 349 2524 Sed
380 2469 501 2539 quia
535 2468 626 2522 Dei
649 2473 824 2522 motus
851 2474 954 2532 est,
987 2465 1147 2520 habet
1166 2465 1216 2518 in
1238 2478 1298 2521 se
1327 2472 1503 2519 motus
1531 2462 1720 2517 Deum.
3256 2455 3478 2527 lomuia.

245 2562 555 2629 Rursusque
579 2560 696 2629 ipso
724 2558 844 2627 quia
875 2557 968 2613 Dei
997 2564 1171 2612 motus
1196 2565 1301 2621 est,
1336 2556 1495 2610 habet
1522 2555 1573 2608 iu
1603 2568 1666 2609 se
1694 2566 1812 2607 mo-
1914 2544 2079 2614 Cujus
2105 2545 2333 2599 altitudo
2352 2553 2501 2613 pater
2526 2553 2630 2612 est,
2660 2546 2777 2613 ipse
2805 2559 2935 2600 vero
2965 2554 3127 2600 totus.

1485 2644 1618 2716 [tum
1651 2643 1808 2697 Deus.
1913 2635 2234 2704 Progressus
2259 2648 2357 2689 suo
2383 2633 2677 2702 longitudo,
2706 2643 2759 2689 et
2788 2634 3011 2689 altitudo
3038 2634 3199 2704 patris
3227 2642 3329 2689 est.

248 2741 303 2796 In
332 2740 442 2795 lilio
467 2740 623 2809 igitur
641 2746 791 2808 pater
815 2747 916 2803 est,
947 2747 999 2792 et
1026 2737 1078 2790 in
1105 2744 1253 2805 patre
1273 2743 1355 2789 est
1382 2735 1497 2804 ipse
1520 2733 1679 2787 lilius.
1914 2726 2047 2780 Hinc
2070 2725 2317 2782 Christus
2337 2742 2598 2797 apparens
2618 2728 2813 2795 melis,
2835 2728 2900 2782 ad
2925 2729 3241 2798 profundum
3266 2728 3478 2783 doctum

248 2831 384 2888 Sunt
413 2844 541 2900 ergo
567 2828 761 2899 singuli
804 2837 961 2898 atque
1000 2827 1054 2880 in
1088 2834 1260 2881 semet
1284 2839 1514 2893 semper,
1545 2837 1664 2877 cum
1707 2821 1814 2875 sint
2997 2817 3177 2888 [idque
3203 2832 3478 2883 arcanum,

1576 2911 1811 2984 [singuli.
1918 2905 1983 2959 Et
2015 2905 2235 2960 intimus
2275 2907 2418 2961 intus
2444 2905 2707 2971 docendo,
2754 2904 2999 2961 Christus
3034 2907 3273 2960 occultus
3312 2907 3484 2961 factus

252 3012 383 3066 [line
412 3009 620 3065 duobus
647 3023 748 3063 una
779 3009 966 3073 virtus,
997 3006 1123 3061 hinc
1154 3021 1254 3060 una
1283 3005 1578 3060 substantia
1603 3014 1705 3060 est.
3217 2996 3479 3068 [Spiritus.

252 3101 355 3157 Sed
380 3108 529 3169 patre
554 3099 734 3164 dante,
761 3114 877 3167 quae
897 3098 996 3152 sibi
1019 3098 1087 3150 sit
1114 3096 1251 3150 Illius
1271 3095 1562 3149 substantia
1590 3102 1688 3148 est.
1839 3085 1883 3146 C
1914 3089 2108 3145 Omnes
2131 3104 2256 3158 ergo
2280 3104 2440 3143 unum
2466 3089 2728 3158 spiritum,
2756 3101 2943 3143 omnes
2967 3102 3127 3141 unum
3154 3088 3351 3140 lumen.

254 3193 386 3247 Esse
406 3193 547 3246 enim
573 3191 715 3260 prius
742 3199 842 3254 est,
866 3191 943 3245 sic
964 3189 1159 3243 moveri
1190 3197 1479 3258 posterum.
1919 3182 2052 3236 llinc
2075 3183 2298 3251 singulis
2324 3198 2468 3246 vera,
2497 3182 2619 3235 hinc
2644 3181 2813 3235 tribus
2838 3195 2940 3234 una
2965 3180 3260 3234 substantia
3285 3188 3383 3231 est.

253 3283 368 3338 Non
394 3297 503 3351 quo
525 3290 732 3351 tempus
761 3280 838 3334 illi
871 3281 1029 3347 adsit,
1059 3279 1150 3335 sed
1180 3280 1231 3333 in
1261 3278 1456 3332 divinis
1489 3276 1623 3331 ordo
1649 3276 1816 3329 virtus
1918 3272 2201 3341 Progressa
2223 3288 2252 3325 a
2279 3281 2427 3340 patre
2450 3272 2577 3336 lilio,
2603 3280 2657 3326 ει
2680 3285 2917 3340 regressa
2940 3286 2969 3323 ιι
2991 3271 3201 3339 spiritu,

1692 3366 1813 3435 [εει.
1917 3361 2047 3426 Quia
2075 3370 2181 3414 tres
2205 3362 2441 3415 existunt
2464 3361 2680 3429 singuli,
2704 3370 2757 3415 et
2784 3371 2893 3415 tres
2917 3360 2968 3413 in
2993 3375 3099 3413 uno
3120 3360 3333 3418 singuli.

257 3464 388 3519 Esse
414 3477 534 3517 nam
562 3460 812 3531 przecedit
832 3469 1052 3522 motum,
1078 3474 1135 3513 re
1158 3459 1328 3529 prius,
1353 3472 1455 3510 non
1486 3466 1742 3524 tempore.
1921 3450 2046 3503 lla:c
2067 3460 2150 3505 est
2173 3450 2324 3505 beata
2349 3449 2603 3517 Trinitas,
2631 3450 2745 3504 han
2769 3450 2919 3503 beata
2947 3450 3121 3503 unitas

258 3554 369 3609 Hoc
392 3567 516 3608 esse
544 3551 666 3606 dicti
696 3552 747 3604 in
780 3550 887 3605 Deo
916 3557 1211 3603 memorant
1236 3548 1606 3603 substantiam.

2519 3602 2796 3658 llYMNUS
2834 3602 2897 3655 ll.

262 3646 357 3700 llic
389 3654 565 3699 autem
597 3650 771 3698 motus
806 3650 951 3696 ortus
980 3649 1079 3703 est,
1123 3654 1241 3694 nam
1278 3640 1443 3709 gignit
1482 3645 1656 3691 motus
1694 3635 1820 3690 sub-

1524 3726 1816 3799 [stantiam
1994 3717 2263 3782 Miserere,
2284 3715 2529 3779 Domine,
2544 3715 2821 3780 miserere,
2835 3713 3069 3779 Christe,
3086 3714 3361 3775 miserere,
3380 3712 3487 3765 Do-

262 3823 686 3893 Subslantiazque
722 3821 992 3891 generatio
1026 3820 1149 3890 quid
1178 3819 1318 3875 aliud
1346 3833 1502 3889 quam
1532 3816 1822 3872 substantia
1925 3810 2087 3874 mine,
2112 3810 2231 3876 quia
2253 3806 2455 3862 credidi
2480 3807 2531 3859 in
2560 3815 2631 3871 te,
2667 3805 2940 3870 miserere,
2968 3805 3212 3867 Domine,
3237 3802 3359 3870 quia
3384 3802 3488 3857 ml-

1678 3906 1826 3978 [εειῖ
1926 3898 2215 3955 serieordia
2240 3908 2324 3952 tua
2348 3897 2569 3966 cognovi
2599 3906 2668 3949 te.

265 4005 403 4075 Ergo
426 4013 601 4059 motus
630 4009 681 4058 ει
710 4001 872 4071 patris
898 4008 1013 4067 est,
1045 4001 1181 4054 illius
1207 4014 1334 4069 ergo
1363 3997 1549 4054 eadem
1580 3996 1829 4052 substan-
1994 3990 2269 4053 Miserere,
2295 3987 2541 4051 Domine,
2584 3986 2860 4049 miserere,
2889 3983 3103 4039 Christe
3139 4001 3151 4035 :
3180 3991 3232 4037 ιιι
3274 3984 3494 4052 spiritus

1607 4084 1700 4158 [tia
1723 4093 1820 4139 est.

1622 4084 1700 4157 Itia
1723 4093 1826 4139 est.
1929 4079 2031 4134 mei
2054 4074 2198 4149 λόγος
2222 4091 2300 4141 εε,
2326 4085 2380 4130 ιιι
2417 4075 2609 4128 anima:
2632 4088 2764 4127 meae
2783 4073 2921 4143 λόγος
2946 4086 3026 4137 εε,
3053 4081 3109 4125 ιιι
3142 4074 3317 4126 carnis
3360 4088 3495 4127 mea:

271 4188 419 4242 Hunc
444 4186 585 4257 λόγον
612 4183 781 4239 Grzeci
804 4190 1080 4247 vocarunt,
1109 4180 1249 4234 intus
1276 4179 1326 4233 in
1346 4186 1498 4249 patre
1524 4177 1687 4231 Deum
1719 4189 1733 4228 :

1622 4192 1687 4230 tm
1719 4189 1733 4228 :
1928 4169 2067 4257 λόγῳ
2090 4182 2169 4221 εε.

270 4275 467 4330 Caussa
494 4245 582 4343 qui
608 4275 675 4327 sit
702 4272 766 4327 ad
795 4281 1001 4342 partum
1026 4245 1184 4341 atque
1210 4245 1364 4323 ortus
1384 4267 1637 4322 omnium.
2002 4256 2274 4320 Miserere,
2319 4254 2561 4316 Domine,
2586 4251 2859 4314 miserere,
2897 4245 3109 4304 Christe
3134 4267 3147 4303 :
3194 4250 3319 4304 vivit
3358 4251 3500 4305 Deus

272 4365 411 4421 Nihil
450 4341 673 4434 namque
725 4341 922 4433 absque
960 4363 1060 4417 hoc
1094 4370 1329 4416 creatum
1375 4367 1457 4413 est
1498 4375 1510 4410 :
1553 4372 1645 4427 per
1690 4356 1833 4410 hunc
1934 4356 1989 4403 et
2009 4361 2222 4416 semper
2242 4345 2371 4399 vivit
2398 4345 2559 4407 Deus,
2584 4352 2636 4396 et
2674 4342 2796 4409 quia
2833 4348 2957 4395 ante
2982 4341 3151 4409 ipsum
3176 4341 3309 4393 nihil
3344 4351 3500 4405 est,a

1262 4450 1457 4521 [creata
1479 4458 1666 4503 cuncta
1687 4456 1829 4501 sunt.
1858 4436 1912 4495 D
1936 4455 1994 4495 se
2016 4440 2143 4492 vivit
2169 4439 2326 4492 Deus.

275 4544 370 4601 Hic
392 4542 536 4618 λόγος
560 4545 605 4599 si
630 4542 874 4599 Chrlstus
903 4553 1005 4608 est,
1026 4551 1077 4597 et
1103 4542 1146 4597 si
1173 4542 1317 4614 λόγος
1342 4541 1447 4593 vita
1476 4548 1559 4593 est
1585 4538 1794 4608 genitus
1816 4576 1832 4601 ,
2005 4530 2277 4591 Miserere,
2317 4526 2561 4590 Domine,
2601 4524 2878 4586 miserere,
2904 4522 3118 4577 Christe
3145 4539 3156 4574 :
3183 4521 3312 4576 vivit
3348 4522 3502 4577 Chri-

278 4638 433 4707 Λόγος
458 4612 486 4686 a
514 4643 660 4703 patre
685 4643 766 4687 est
791 4652 803 4685 :
828 4643 909 4687 est
933 4634 1075 4687 enim
1099 4612 1251 4684 vivus
1284 4631 1450 4694 Deus,
1482 4628 1535 4681 in
1558 4642 1663 4696 quo
1691 4640 1811 4679 cum
1938 4629 2072 4681 stus,
2098 4628 2151 4672 et
2191 4618 2311 4685 quia
2337 4616 2478 4670 Deus
2518 4614 2568 4668 ei
2610 4612 2917 4681 generando
2957 4612 3124 4675 dedit,
3166 4623 3223 4665 ut
3266 4628 3295 4665 a
3338 4621 3509 4666 semet

276 4699 580 4780 δυίιειαιιίίε
606 4723 744 4777 Deus
768 4723 855 4788 δὴ,
890 4724 1130 4791 Deosque
1154 4722 1223 4774 sit
1252 4719 1362 4773 vita
1390 4718 1704 4772 substantia,
1942 4707 2056 4776 ipso
2079 4706 2223 4758 vivat
2243 4702 2508 4767 Christus,
2534 4700 2653 4772 quia
2693 4715 2719 4752 a
2759 4705 2931 4753 semet
2965 4699 3111 4765 vivit,
3149 4714 3359 4767 semper
3382 4700 3510 4753 vivit

278 4814 501 4870 Genitus
525 4823 699 4867 autem
728 4813 867 4867 illius
886 4813 989 4866 vita
1012 4820 1114 4875 est,
1161 4826 1264 4865 una
1294 4818 1372 4865 est
1399 4809 1712 4863 substantia.
1942 4798 2205 4853 Christus.

280 4907 440 4979 Δδγος
464 4905 621 4970 Deus,
648 4904 964 4959 indiscretus
985 4917 1110 4970 ergo
1131 4916 1362 4971 semper,
1386 4915 1596 4970 semper
1615 4909 1667 4955 et
1684 4900 1839 4954 alter.
2017 4890 2284 4949 Miserere,
2326 4884 2570 4949 Domine,
2617 4882 2891 4941 miserere,
2936 4880 3147 4934 Christe
3192 4896 3204 4931 :
3248 4879 3385 4949 quod
3406 4880 3454 4931 si
3479 4894 3513 4933 a

279 4971 450 5053 Simul
495 4995 706 5062 missus,
736 4994 966 5049 mittenti
995 5008 1118 5063 par,
1157 5001 1212 5047 et
1250 4993 1369 5046 lens
1396 4996 1569 5045 tamen
1602 5005 1841 5056 manans,
1949 4980 2237 5047 semetipso
2282 4976 2411 5029 vivit
2433 4982 2586 5044 pater
2630 4992 2644 5025 :
2683 4982 2737 5026 et
2761 4980 2909 5040 patre
2939 4979 3234 5040 generante
3256 4985 3282 5021 a
3308 4985 3367 5024 se
3391 4971 3518 5025 vivit

1614 5078 1847 5150 [semper
1951 5068 2136 5131 Filius,
2161 5063 2611 5120 cunsubstantiale
2634 5061 2768 5130 patri
2791 5069 2893 5127 est,
2914 5060 3055 5129 quod
3085 5068 3144 5112 ut
3165 5073 3377 5127 semper
3392 5059 3521 5114 vivit

286 5176 563 5240 Discurrit,
592 5186 849 5244 spargens
876 5173 1045 5239 vitas,
1061 5171 1255 5225 missus
1284 5179 1341 5224 ut
1364 5168 1559 5224 ﬂumen
1592 5169 1752 5221 Illius.
1954 5161 2138 5215 Filius.

287 5270 420 5324 Hinc
443 5265 733 5321 substantia
763 5279 923 5317 unum
942 5262 1121 5327 ambo,
1153 5261 1270 5314 fons
1284 5261 1444 5322 Deus,
1470 5258 1665 5312 ιιιιιιιειι
1688 5257 1848 5312 illius.
2028 5250 2298 5312 Miserere,
2346 5246 2588 5309 Domine,
2633 5242 2908 5302 miserere,
2951 5239 3161 5295 Christe
3199 5257 3212 5293 :
3268 5241 3523 5308 animam,

289 5357 394 5414 Sed
420 5356 540 5425 quia
568 5356 619 5409 in
641 5353 835 5409 divinis
854 5352 1149 5407 substantia
1164 5349 1267 5404 hoc
1292 5348 1429 5402 idem
1449 5348 1592 5418 quod
1615 5349 1721 5401 vita
1751 5356 1855 5403 est.
1965 5340 2118 5403 Deus,
2147 5337 2337 5392 dedisti
2362 5336 2513 5399 mihi,
2537 5334 2713 5387 anima
2736 5340 2911 5385 autem
2935 5332 3109 5398 imago
3130 5329 3250 5384 vita:
3280 5342 3384 5396 est,
3402 5331 3529 5400 quia

293 5422 525 5513 Vitaqne
554 5445 667 5512 ipsa
692 5452 775 5498 est
794 5440 1080 5509 sapientia,
1111 5447 1168 5492 ut
1198 5436 1449 5506 prtecedit
1469 5450 1607 5492 esse.
1966 5434 2096 5486 vivit
2119 5432 2291 5484 anima
2315 5429 2365 5482 in
2389 5437 2668 5487 :eternum,
2690 5424 2829 5476 vivat
2852 5431 2904 5475 et
2926 5422 3105 5475 anima
3128 5435 3264 5474 mea.

290 5536 388 5591 Cui
415 5506 555 5590 inest
574 5506 821 5602 princeps
842 5506 907 5585 ac
924 5527 1149 5597 simplex
1176 5528 1379 5591 vivere,
1408 5527 1484 5579 sic
1511 5526 1681 5579 adest.
2038 5522 2312 5579 Miserere,
2341 5514 2584 5577 Domine,
2611 5512 2882 5573 miserere,
2908 5506 3118 5562 Christe
3146 5527 3159 5562 :
3188 5509 3230 5560 si
3256 5506 3323 5560 ad
3350 5507 3536 5564 simili-

292 5596 601 5701 lntelligens
628 5596 946 5694 sapiensque
964 5596 1177 5690 semper
1200 5633 1319 5673 cum
1347 5616 1598 5687 praecedit
1624 5616 1823 5671 vivere.
1968 5612 2205 5669 tudinem
2231 5618 2397 5674 tuam,
2425 5607 2563 5661 Deus
2588 5612 2760 5673 pater,
2779 5610 2829 5655 et
2854 5599 2918 5653 ad
2934 5597 3211 5666 imaginem
3239 5596 3357 5651 Filii
3381 5597 3545 5655 homo
