3950 6206
476 207 615 261 Hii".

476 407 663 463 Filius.

549 498 819 561 Miserere,
846 498 1087 559 Domine,
1120 494 1620 559 miserere,Christe
1647 512 1659 547 :
1693 497 1860 549 amavi
1883 510 2036 549 mun-

480 587 627 654 dum,
652 589 773 655 quia
797 597 849 639 tu
878 586 1125 639 mundum
1152 587 1385 639 feceras:
1411 586 1656 638 detentus
1681 584 1875 637 mundo
1895 599 2033 648 sum,

482 676 604 730 dum
633 676 826 729 invidet
852 675 1077 728 mundus
1118 676 1219 727 luis
1262 691 1273 725 :
1322 689 1461 727 nunc
1491 674 1576 727 odi
1611 674 1884 738 mundum,
1915 676 2033 741 quia

483 779 625 819 nunc
657 766 865 831 percepi
897 763 1171 830 Spiritum.

554 853 824 914 Miserere,
872 853 1129 915 Domine,
1170 851 1444 914 miserere,
1490 850 1743 904 Christe:
1790 865 2039 903 succurre

479 942 662 1011 lapsis,
680 941 916 1003 Domine,
939 956 1184 995 succurre
1207 939 1581 1008 paenitentibus
1608 958 1620 991 2
1645 941 1764 1007 quia
1789 940 1967 993 divino
1989 948 2042 992 et

481 1032 883 1098 sanctojndicio
907 1038 997 1083 tuo
1026 1032 1162 1099 quod
1189 1031 1422 1098 peccavi,
1449 1031 1753 1098 mysterium
1780 1040 1881 1082 est.

553 1121 825 1184 Miserere,
873 1122 1111 1184 Domine,
1143 1121 1415 1184 miserere,
1446 1119 1653 1173 Christe
1699 1136 1712 1171 :
1758 1133 2040 1188 cognosco,

485 1210 729 1273 Domine,
763 1211 1066 1264 mandatum
1111 1220 1276 1274 tuum,
1309 1224 1569 1277 cognosco
1611 1210 1835 1262 reditum
1859 1209 1908 1261 in
1931 1210 2042 1262 ani—

486 1313 571 1350 ma
614 1299 861 1366 scriptum
904 1314 1039 1363 mea,
1079 1314 1304 1367 propero
1342 1300 1385 1352 si
1421 1299 1575 1366 jubes
1624 1299 1827 1361 redire,
1879 1299 2042 1350 n0stri

492 1387 736 1443 Salvator
768 1389 925 1441 Deus.

558 1477 829 1541 Miserere,
848 1478 1089 1542 Domine,
1112 1479 1383 1541 miserere,
1408 1478 1616 1532 Christe
1640 1497 1650 1529 :
1679 1477 1768 1531 diu
1791 1491 2044 1546 repugno,

485 1565 573 1620 ditt
605 1568 792 1620 resisto
816 1567 1028 1620 inimico
1056 1584 1195 1633 meo,
1227 1568 1316 1621 sed
1360 1568 1532 1621 adhuc
1558 1567 1683 1621 mihi
1720 1581 1843 1620 caro
1866 1578 1966 1631 est,
1996 1568 2046 1619 in

1708 201 1892 256 MAllll
1942 201 2270 256 \‘IC’I'ORINI
2311 203 2462 256 Ar‘lil

472 319 646 374 factus
668 333 807 385 sum,
847 319 1005 372 vitam
1037 328 1247 373 creatus
1281 317 1508 382 saeculis,
1546 317 1664 386 quia
1688 331 1769 369 ine
1790 317 2037 385 cognovit
2060 320 2113 377 Α

3564 196 3685 249 il“

2207 316 2473 385 lngenitns
2496 356 2509 377 ,
2537 316 2830 384 unigenitus
2851 356 2863 380 ,
2894 314 2942 367 id
2965 324 3041 367 est
3066 313 3364 381 procedens
3392 310 3598 381 genitus
3621 329 3631 361 :
3663 326 3696 363 ο

2138 404 2289 460 beata
2312 405 2561 458 Trinitas.

2205 496 2524 559 Generator,
2554 496 2791 561 genitus,
2830 509 3149 562 regenerans
3176 511 3187 544 :
3213 508 3246 546 ο
3269 492 3421 545 beata
3454 490 3700 543 Trinitas.

2207 584 2401 636 Verum
2446 584 2620 635 lumen
2646 625 2658 645 ,
2687 598 2867 634 verum
2894 582 3070 634 lumen
3097 598 3157 634 ex
3183 582 3383 633 lumine
3403 620 3415 639 ,
3444 592 3565 631 vera
3589 578 3702 630 illu-

2139 677 2391 731 minatio:
2418 692 2448 727 0
2469 677 2619 729 beata
2646 676 2891 728 Trinitas.

2210 768 2408 828 Status,
2434 765 3032 833 progressio,regrcssus
3066 781 3076 814 :
3106 781 3135 812 ο
3167 762 3322 816 beata
3344 761 3594 813 Trinitas.

2208 855 2487 908 Invisibilis
2512 853 2842 906 invisibiliter
2862 893 2875 914 ,
2908 851 3127 905 visibilis
3157 850 3522 911 invisibiliter.
3567 849 3701 901 iuvi-

2140 944 2304 998 sibilis
2328 944 2598 996 visibiliter
2626 960 2637 993 :
2664 957 2695 994 o
2730 941 2876 994 beata
2908 941 3157 993 Trinitas.

2210 1035 2392 1089 Omnis
2417 1034 2665 1101 potentia,
2688 1032 2861 1085 omnis
2885 1032 3039 1096 actio,
3075 1032 3249 1084 omnis
3271 1030 3469 1099 agnitio
3492 1045 3503 1080 :
3528 1041 3561 1081 ο
3584 1028 3701 1080 bea-

2146 1134 2195 1178 ta
2216 1123 2468 1178 Trinitas.

2213 1212 2555 1283 lmpassibilis
2577 1212 2984 1279 impassibiliter,
3005 1209 3270 1278 passibilis
3292 1206 3698 1277 impassihilitcr,

2147 1304 2496 1371 impassabilis
2522 1302 2873 1370 passibiliter:
2901 1316 2931 1353 o
2952 1301 3103 1353 bcata
3128 1299 3377 1352 Trinitas.

2218 1394 2430 1456 Semen,
2456 1392 2631 1454 arbor,
2658 1390 2856 1443 fructus
2886 1409 2897 1439 :
2924 1405 2955 1441 ο
2986 1390 3133 1441 beata
3157 1389 3408 1441 Trinitas.

2218 1482 2298 1535 Ab
2320 1498 2424 1535 uno
2445 1482 2618 1534 omnia
2642 1520 2656 1544 ,
2682 1495 2774 1544 per
2797 1492 2952 1532 unum
2979 1477 3153 1531 omnia
3177 1518 3191 1540 ,
3218 1477 3401 1529 inuno
3426 1475 3604 1527 omnia
3630 1490 3643 1525 :
3671 1488 3700 1524 ο

2151 1572 2301 1626 beata
2324 1572 2572 1626 Trinitas.

487 1673 588 1722 qua
618 1659 783 1711 victus
808 1657 1068 1723 diabolus,
1104 1658 1195 1711 tibi
1230 1659 1553 1725 triumphum
1590 1673 1853 1725 magnum,
1890 1656 2040 1710 nobis
2072 1665 2116 1722 Β
2216 1662 2359 1718 Unus
2380 1663 2601 1731 simplex
2625 1678 2778 1727 unus,
2802 1676 2960 1714 unum
2985 1670 3037 1714 et
3060 1660 3227 1714 solum
3254 1674 3437 1718 unum.
3465 1668 3517 1708 cl
3541 1656 3700 1709 solum

491 1746 612 1801 ﬁdei
636 1762 843 1800 murum
875 1748 1041 1801 dedit.

565 1838 833 1901 Miserere,
873 1839 1109 1902 Domine,
1158 1840 1428 1902 miserere,
1469 1837 1712 1891 Christe:
1744 1836 1881 1890 Velle
1926 1837 2048 1889 mihi

497 1928 697 1997 adjacet
730 1926 901 1997 (Rom.
928 1944 1018 1993 vn,
1048 1928 1167 1997 ‘18),
1200 1930 1451 1981 mundum
1477 1939 1529 1982 ct
1568 1937 1735 1981 terras
1764 1929 2001 1995 linquere
2035 1945 2043 1955 '

494 2018 588 2071 sed
626 2018 884 2071 imbecilla
915 2019 1087 2085 pluma
1117 2027 1218 2083 est,
1243 2018 1378 2071 velle
1400 2019 1514 2071 sine
1542 2016 1778 2070 subsidio
1818 2026 1906 2068 tuo
1939 2032 1950 2065 :
1983 2016 2046 2067 da

497 2107 616 2160 ﬁdei
640 2122 856 2173 pennas,
890 2118 942 2159 ut
972 2108 1141 2160 volem
1170 2122 1377 2160 sursum
1410 2108 1536 2159 Deo.

564 2197 833 2253 Miserere.
858 2198 1096 2262 Domine,
1139 2198 1410 2260 miserere,
1438 2195 1648 2250 Christe
1678 2213 1691 2249 :
1724 2196 1831 2263 jam
1872 2202 2050 2262 portas

495 2299 675 2353 qurero
698 2286 932 2354 spiritus,
960 2302 1092 2355 quas
1120 2286 1298 2354 pandit
1329 2286 1557 2354 Spiritus
1593 2285 1947 2339 testimonium
1986 2282 2051 2337 de

497 2373 709 2428 Christo
746 2375 947 2439 dicens,
972 2386 1026 2429 et
1047 2377 1169 2445 quid
1202 2378 1269 2429 sit
1292 2376 1519 2430 mundus
1549 2375 1763 2429 docens.

570 2466 845 2527 Miserere,
869 2467 1108 2530 Domine,
1154 2468 1429 2530 miserere,
1480 2467 1729 2520 Christe:
1763 2466 1916 2519 Pater
1966 2466 2053 2533 qui

502 2554 710 2625 genitus
748 2570 978 2624 semper,
1022 2558 1109 2624 qui
1146 2566 1499 2623 reprwsentas
1546 2557 1731 2619 Deum,
1769 2554 1836 2607 da
1882 2554 2055 2606 claves

498 2646 640 2709 cceli,
682 2653 839 2713 atque
880 2646 928 2697 in
966 2660 1049 2698 me
1093 2647 1243 2699 vince
1267 2633 1566 2708 diabolum,
1605 2644 1654 2696 in
1681 2644 1806 2697 sede
1840 2643 1971 2697 lucis
2001 2653 2058 2696 ut

502 2736 792 2803 quiescnm,
826 2735 992 2805 gratia
1024 2736 1251 2789 salvatus
1282 2744 1389 2789 tua.

1100 2867 1370 2923 HYMNUS
1405 2868 1488 2921 ΙΙΙ.

2147 1762 2200 1806 et
2221 1767 2428 1819 semper
2453 1766 2606 1803 unus.
2635 1753 2779 1804 Alter
2804 1765 2965 1814 unus,
2990 1766 3054 1803 ex
3090 1764 3194 1802 uno
3225 1761 3361 1800 unus
3392 1746 3531 1798 idem
3556 1761 3699 1807 unus,

2149 1851 2203 1895 et
2223 1842 2398 1894 omnia
2428 1857 2562 1894 unus
2585 1843 2760 1894 unitor
2793 1841 3055 1903 omnium,
3081 1841 3249 1892 virtus
3274 1839 3457 1900 unius,
3486 1850 3701 1904 operans

2151 1950 2331 1999 unum,
2359 1946 2411 1987 ut
2438 1934 2562 1987 ﬁant
2585 1936 2760 1987 omnia
2787 1953 2797 1987 :
2822 1948 2853 1985 o
2875 1933 3025 1985 beata
3050 1932 3299 1985 Trinitas.

2220 2025 2294 2077 Ex
2337 2036 2534 2079 :eterno
2574 2026 2799 2093 iugenite
2823 2063 2837 2089 ,
2872 2038 2936 2075 ex
2966 2032 3163 2076 mterno
3192 2020 3367 2089 genite
3392 2060 3408 2085 ,
3444 2026 3502 2070 ut
3542 2017 3701 2070 omnia

2150 2120 2347 2163 aeterna
2370 2111 2477 2162 sint
2498 2109 2670 2177 genite
2697 2126 2708 2159 :
2733 2124 2763 2160 o
2789 2109 2936 2161 beata
2964 2107 3213 2160 Trinitas.

2222 2198 2299 2251 Tu
2334 2199 2499 2251 creari
2528 2199 2753 2265 imperas
2777 2237 2791 2263 ,
2833 2206 2883 2249 tu
2906 2210 3076 2259 creas,
3106 2207 3157 2248 tu
3198 2205 3375 2249 creata
3409 2207 3645 2248 recreas:
3673 2207 3702 2245 o

2153 2289 2300 2342 beata
2326 2288 2573 2341 Trinitas.

2222 2378 2299 2432 Tu
2321 2378 2474 2432 Pater
2497 2378 2694 2432 cunctis
2715 2377 2999 2430 substantia
3022 2390 3106 2440 cs,
3134 2384 3184 2427 tu
3212 2374 3329 2428 Filii
3354 2374 3457 2426 vita
3474 2413 3490 2438 ,
3517 2382 3568 2425 tu
3594 2372 3700 2440 Spi-

2154 2470 2286 2523 ritus
2313 2470 2529 2523 salvatio
2554 2488 2566 2520 :
2592 2485 2623 2523 ο
2644 2470 2791 2523 beata
2815 2468 3059 2521 Trinitas.

2224 2558 2527 2612 Substantia
2575 2559 2682 2625 ipsa
2707 2559 2807 2609 vita
2842 2566 2921 2609 est
2944 2597 2958 2620 ,
2992 2558 3094 2607 vita
3119 2556 3228 2623 ipsa
3257 2556 3485 2621 quiest,
3524 2561 3701 2605 aeterna

2158 2646 2379 2700 salvatio
2399 2656 2478 2699 est
2503 2663 2514 2698 :
2543 2646 2695 2700 Pater
2721 2661 2868 2714 ergo,
2898 2656 2946 2698 et
2976 2644 3157 2709 Filius,
3186 2654 3239 2698 et
3261 2644 3493 2712 Spiritus
3511 2648 3702 2695 sanans

2159 2746 2240 2791 est
2264 2753 2277 2794 :
2301 2752 2331 2789 ο
2351 2738 2502 2791 beata
2531 2737 2780 2789 Trinitas.

2227 2828 2306 2879 Tu
2328 2842 2445 2881 esse
2464 2827 2665 2881 cunctis
2704 2834 2921 2893 praestas
2940 2864 2955 2888 ,
2982 2834 3033 2877 tu
3062 2824 3177 2877 Filii
3203 2822 3427 2875 formam
3446 2862 3461 2885 ,
3484 2830 3535 2875 tu
3554 2820 3704 2888 Spiri-

2159 2898 2243 2969 tus
2264 2915 2688 2968 reformationem
2718 2932 2730 2967 :
2753 2928 2785 2966 o
2806 2914 2954 2967 beata
2977 2914 3223 2966 Trinitas.

571 2981 710 3034 De“
735 2980 1016 3072 D9m‘"“5v
1039 2989 1251 3033 δίἠοίυε
1275 2980 1497 3047 δβίτίωε
1525 2997 1537 3031 ³
1565 2994 1607 3072 οᾼ
1627 2978 1779 3033 “ea”
1802 2978 2051 3031 Ττῖηίίθδ·
2084 3010 2129 3072 c
2228 3007 2305 3060 Tu
2328 3008 2461 3061 Deus
2484 3005 2671 3059 inﬁniti
2699 3013 2753 3059 et
2776 3005 2973 3059 deliniti
3000 3005 3151 3058 Pater
3182 3018 3277 3057 es:
3303 3018 3335 3055 o
3368 3004 3518 3058 beata
3548 3002 3703 3055 Tum.

576 3072 752 3135 Pater,
778 3071 959 3135 Filius,
984 3072 1285 3125 Paracletus
1310 3089 1322 3124 :
1347 3086 1379 3124 ο
1402 3072 1547 3124 beata
1570 3070 1821 3123 Trinitas.

575 3163 881 3224 Praestator,
905 3162 1156 3225 minister,
1182 3160 1379 3215 divisor
1404 3180 1416 3214 :
1441 3176 1473 3214 ο
1493 3162 1641 3214 beata
1665 3159 1912 3213 Trinitas.

580 3254 806 3321 Spiritus
827 3251 1213 3317 operationum,
1238 3251 1464 3319 Spiritus
1488 3251 1918 3313 ministeriorum,
1941 3251 2061 3320 Spi-

508 3344 640 3398 ritus
662 3343 947 3412 gratiarum
976 3360 987 3393 :
1016 3357 1046 3394 o
1071 3343 1219 3394 beata
1244 3341 1494 3394 Trinitas.

580 3432 751 3488 Unum
778 3432 1111 3500 principium,
1139 3446 1190 3485 et
1213 3436 1434 3485 alterum
1458 3448 1574 3486 cum
1597 3434 1762 3487 altero
1783 3443 1836 3487 et
1859 3449 2067 3502 semper

508 3523 734 3576 alterum
758 3535 876 3574 cum
899 3522 1064 3574 altero
1095 3539 1106 3573 :
1133 3536 1163 3573 ο
1193 3522 1343 3575 beata
1364 3522 1611 3575 Trinitas.

582 3612 658 3667 De
678 3628 774 3677 qua
806 3612 960 3665 Pater
980 3613 1266 3665 substantia
1292 3654 1305 3677 ,
1330 3624 1382 3667 et
1406 3615 1524 3682 ipse.
1543 3614 1831 3668 substantia
1867 3615 2028 3668 Filius
2050 3656 2063 3678 ,

509 3703 839 3773 Spiritusque
865 3703 1153 3757 snhSIantia
1178 3743 1190 3765 ,
1227 3703 1317 3756 sed
1340 3703 1418 3774 (l)
1443 3715 1519 3759 ter
1544 3706 1653 3774 ipsa
1688 3706 1975 3759 subSIantia
2002 3723 2013 3757 :
2039 3720 2069 3759 o

511 3795 662 3849 beata
684 3793 936 3851 Trinitas.

581 3883 737 3937 Pater
769 3883 1026 3951 perfectus
1051 3924 1064 3947 ,
1106 3884 1369 3951 perfectus
1409 3885 1562 3939 Patre
1594 3886 1825 3953 perfecto
1866 3887 2066 3951 Filius;

512 3975 745 4043 perfecto
780 3975 913 4029 Filio
934 3984 1144 4028 sanctus
1168 3974 1427 4042 perlectus
1446 3976 1671 4044 Spiritus
1696 3994 1706 4027 :
1733 3994 1762 4029 o
1784 3977 1933 4030 beata
1958 3978 2073 4031 Tri-

515 4070 672 4120 nitas.

581 4157 743 4221 Fons,
767 4157 979 4220 ﬁumen,
1002 4157 1237 4226 irrigatio
1264 4174 1275 4209 :
1301 4172 1331 4209 ο
1358 4157 1508 4210 beata
1530 4158 1779 4211 Trinitas.

580 4248 637 4301 In
682 4246 844 4300 tribus
878 4258 955 4299 ter
993 4247 1198 4315 gemina
1226 4288 1240 4312 ,
1273 4247 1364 4301 sed
1393 4263 1493 4300 una
1526 4248 1662 4301 actio
1688 4265 1698 4299 :
1728 4261 1759 4301 ο
1782 4248 1933 4302 beata
1955 4248 2072 4302 Tri-

513 4341 668 4396 nitas.

578 4430 888 4493 Existentia,
910 4430 1033 4490 vita,
1058 4429 1285 4496 cognitio
1317 4446 1329 4481 :
1356 4442 1387 4480 ο
1405 4428 1557 4481 beata
1578 4428 1829 4481 Trinitas.

582 4524 802 4587 Caritas,
841 4521 1025 4589 gratia,
1048 4518 1451 4573 communicatio
1476 4535 1486 4568 :
1510 4533 1541 4570 ο
1563 4518 1712 4570 beata
1735 4516 1985 4569 Trinitas.

580 4612 785 4665 Caritas
821 4611 957 4665 Deus
994 4617 1098 4671 est,
1138 4608 1299 4676 gratia
1329 4648 1341 4669 ,
1365 4605 1604 4659 Christus
1627 4647 1641 4670 ,
1676 4605 2078 4659 communicatio

512 4709 725 4755 sanctus
754 4700 980 4765 Spiritus
1010 4717 1021 4749 :
1049 4712 1081 4751 ο
1109 4698 1257 4750 beata
1283 4695 1532 4750 Trinitas.

585 4788 639 4843 Si
667 4789 892 4842 Charitas
937 4794 1037 4851 est,
1074 4788 1239 4853 gratia
1263 4795 1378 4849 est;
1409 4786 1453 4839 si
1485 4785 1768 4839 charitates
1790 4794 1842 4838 et
1871 4786 2036 4852 gratia
2058 4824 2073 4847 ,

514 4874 920 4932 communicatio
951 4882 1030 4927 est
1063 4892 1073 4925 :
1108 4888 1289 4926 omnes
1310 4888 1437 4941 ergo
1477 4874 1528 4927 in
1552 4873 1800 4942 singulis,
1847 4881 1899 4924 ct
1919 4887 2077 4924 unum

510 4968 565 5022 in
591 4968 753 5021 tribus
781 4984 792 5017 :
816 4980 847 5020 ο
869 4966 1016 5018 beata
1045 4963 1295 5017 Trinitas.

587 5056 717 5109 Hinc
760 5070 823 5108 ex
867 5056 973 5107 Deo
1011 5053 1291 5119 Apostolus
1332 5051 1522 5105 Paulus
1559 5050 1630 5118 (ll
1653 5049 1768 5103 Cor.
1796 5066 1912 5115 xm,
1947 5050 2074 5119 13):

514 5146 689 5199 Gratia
728 5143 929 5195 Domini
968 5143 1125 5194 nostri
1167 5140 1288 5193 Jesu
1319 5139 1522 5203 Christi,
1555 5150 1599 5192 et
1627 5141 1845 5192 rliaritas
1886 5140 1998 5201 Dei,
2033 5148 2081 5191 et

512 5232 894 5289 communicatio
907 5231 1065 5283 sancti
1084 5229 1303 5298 Spiritus
1320 5231 1582 5284 vobiscum.
1601 5229 1644 5283 Ο
1659 5230 1806 5283 beata
1820 5229 2071 5282 Trinitas.

580 5385 657 5455 (l)
695 5383 861 5455 Caute
888 5382 1033 5455 lege,
1062 5390 1154 5443 ter,
1185 5380 1236 5432 id
1264 5382 1421 5434 estin
1451 5381 1619 5434 tribus
1646 5397 1659 5433 :
1692 5380 1924 5455 alioquin
1956 5395 2075 5455 cer:-

506 5450 615 5506 tum
640 5450 729 5505 'est
754 5450 1099 5505 substantiam
1123 5463 1213 5503 seu
1246 5460 1486 5502 naturam
1520 5466 1620 5502 non
1652 5450 1914 5503 numerari
1935 5490 1947 5510 ,
1980 5451 2072 5503 sed

506 5536 623 5579 esse
650 5538 827 5577 uuam.
855 5518 1309 5589 Simplicissimam
1340 5518 1617 5590 plusquam
1644 5534 1799 5575 unam
1828 5532 2069 5575 nurnero.

2167 3106 2265 3150 tas.

2234 3187 2311 3239 'i‘u
2333 3201 2365 3239 o
2386 3186 2513 3249 Fili,
2535 3188 2654 3255 quia
2678 3189 2780 3239 vita
2802 3201 2859 3239 es
2881 3227 2894 3251 ,
2939 3185 3172 3239 inﬁnitus
3204 3201 3263 3239 es
3288 3201 3302 3248 ;
3338 3186 3473 3253 quia
3504 3184 3708 3238 mortuis

2170 3279 2327 3331 vitam
2361 3293 2578 3332 revocas
2604 3318 2618 3339 ,
2658 3277 2905 3330 deﬁnitus
2927 3291 3015 3339 es;
3041 3288 3090 3330 tu
3130 3290 3340 3345 qquue
3371 3286 3424 3329 et
3460 3275 3638 3329 inﬁniti
3664 3282 3710 3327 et

2166 3368 2365 3422 deliniti
2395 3370 2547 3421 Pater
2565 3383 2621 3421 es
2646 3384 2659 3419 :
2687 3383 2719 3418 ο
2740 3367 2891 3421 beata
2918 3368 3168 3419 Trinitas.

2238 3456 2314 3509 Tu
2344 3457 2502 3511 etiam
2528 3456 2751 3524 Spiritus
2783 3465 2991 3521 sancte,
3016 3457 3133 3524 quia
3170 3455 3391 3508 salvatio
3419 3470 3477 3509 es
3499 3497 3512 3517 ,
3544 3454 3712 3508 deﬁni-

2172 3556 2254 3601 tus
2276 3562 2333 3600 es
2355 3588 2369 3610 ,
2393 3555 2447 3601 et
2466 3548 2581 3614 quia
2606 3546 2840 3599 delinitio
2873 3547 3009 3613 quod
3035 3545 3291 3597 inﬁnitum
3320 3555 3404 3600 est
3424 3547 3612 3599 retines
3633 3586 3645 3608 ,
3668 3554 3713 3597 et

2172 3637 2359 3692 inﬁniti
2389 3645 2441 3689 et
2461 3636 2658 3689 deﬁniti
2684 3645 2829 3702 pater
2848 3649 2906 3687 es
2932 3651 2943 3684 :
2972 3651 3002 3686 υ
3027 3634 3176 3686 beata
3200 3633 3447 3687 Trinitas.

2240 3729 2295 3781 Si
2316 3740 2441 3794 ergo
2469 3735 2546 3778 ter
2584 3724 2736 3777 Pater
2760 3724 2950 3785 unitas,
2973 3722 3144 3775 onmis
3172 3731 3347 3775 autem
3370 3737 3398 3774 a
3424 3730 3496 3786 te,
3520 3737 3552 3774 o
3575 3722 3710 3781 Deus,

2170 3819 2479 3886 pateruitas,
2498 3831 2653 3869 unum
2677 3825 2727 3867 et
2752 3816 2906 3880 Deus,
2927 3815 3160 3868 etonmis
3184 3814 3500 3881 paternitas:
3529 3828 3560 3865 o
3581 3813 3713 3866 beata

2172 3908 2423 3961 Trinitas.

2241 3997 2319 4049 Tu
2340 3998 2501 4067 λόγον,
2537 3996 2691 4059 Deus,
2716 3994 2905 4047 creasti
2932 3992 3029 4062 (l),
3055 3992 3176 4045 hinc
3208 3993 3343 4044 Deus
3367 3992 3533 4044 lactus
3564 3992 3713 4051 Pater,

2173 4094 2226 4139 et
2244 4086 2361 4153 quia
2386 4102 2414 4137 a
2441 4097 2490 4139 te
2518 4095 2725 4138 creatus
2753 4093 2835 4137 est
2869 4085 3013 4152 λόγος
3041 4124 3052 4144 ,
3087 4090 3139 4135 et
3160 4084 3269 4149 ipse
3291 4083 3412 4151 quia
3452 4082 3505 4134 in
3548 4082 3632 4133 illo
3650 4094 3715 4141 es,

2177 4177 2344 4228 laetus
2382 4185 2463 4229 est
2500 4177 2639 4245 λόγος
2683 4176 2838 4227 Deus.
2865 4173 2987 4226 llaec
3022 4173 3127 4225 duo
3150 4187 3307 4224 unum
3342 4181 3525 4224 sancto
3547 4170 3715 4223 tinxisti

2177 4265 2372 4333 Spiritu
2402 4282 2415 4317 :
2440 4264 2665 4337 simplex
2696 4278 2821 4330 ergo
2861 4270 2914 4314 et
2954 4276 3113 4313 unum
3144 4275 3200 4313 es
3236 4259 3429 4312 factum
3460 4264 3512 4312 in
3550 4258 3715 4310 tribus.

2099 4358 2151 4414 D
2177 4356 2421 4423 Spiritus,
2451 4357 2611 4423 λόγος,
2643 4353 2777 4405 Deus
2803 4369 2815 4402 :
2840 4364 2871 4402 o
2894 4350 3041 4403 beata
3060 4349 3312 4403 Trinitas.

2249 4446 2481 4498 Primum
2522 4443 2602 4508 ὃν,
2634 4440 2919 4496 secundum
2950 4435 3019 4504 ὃν,
3062 4440 3271 4493 tertium
3315 4435 3399 4501 ὃν,
3432 4445 3486 4490 et
3524 4435 3723 4503 simplex

2181 4538 2275 4590 tria
2303 4554 2316 4588 :
2342 4552 2373 4589 ο
2396 4536 2544 4588 beata
2571 4534 2819 4587 Trinitas.

2250 4638 2313 4678 Ον
2348 4638 2506 4677 omne
2537 4622 2825 4675 substantia
2856 4629 2963 4684 est,
2988 4620 3038 4673 ὃν
3064 4619 3281 4672 formata
3310 4615 3604 4669 substantia
3623 4622 3722 4668 est:

2182 4714 2401 4767 formata
2426 4712 2712 4765 substantia
2747 4719 2837 4764 aut
2873 4710 2972 4764 sibi
3006 4717 3201 4761 tantum
3225 4747 3241 4772 ,
3281 4715 3375 4759 aut
3401 4707 3618 4772 alteris,
3653 4710 3725 4756 aut

2182 4803 2279 4856 sibi
2302 4810 2390 4853 aut
2410 4801 2588 4854 alteris
2610 4809 2730 4853 nota
2754 4808 2834 4854 est
2857 4818 2868 4852 :
2897 4814 2930 4852 ο
2960 4799 3105 4851 beata
3128 4796 3377 4849 Trinitas.

2252 4889 2554 4943 Substantia
2585 4889 2721 4943 Deus
2747 4897 2845 4953 est,
2883 4888 3047 4941 forma
3086 4885 3252 4939 Filius
3273 4928 3286 4950 ,
3312 4887 3459 4940 notio
3480 4884 3725 4953 Spiritus:

2181 4995 2213 5034 ο
2242 4979 2390 5033 beata
2413 4979 2659 5033 Trinitas.

2254 5081 2318 5122 Ον
2351 5070 2573 5137 primum
2599 5108 2612 5131 ,
2640 5065 2691 5121 ὂν
2714 5082 2891 5121 verum
2922 5067 3057 5119 Dens
3073 5080 3131 5119 es
3155 5082 3172 5121 :
3202 5079 3330 5134 ergo
3359 5065 3531 5118 omnis
3557 5074 3609 5118 et
3637 5071 3726 5115 tota

2174 5160 2484 5219 substantia,
2520 5159 2655 5212 Deus
2674 5172 2733 5211 es
2758 5175 2769 5207 :
2793 5172 2825 5209 ο
2848 5156 2995 5208 beata
3025 5154 3274 5207 Trinitas.

2246 5260 2309 5302 ον
2343 5249 2633 5302 secundum
2670 5247 2837 5300 omnis
2866 5244 3029 5297 forma
3053 5245 3295 5299 Christus
3324 5253 3403 5297 est
3431 5262 3442 5297 :
3477 5244 3727 5297 universa-

2175 5340 2239 5394 lis
2281 5349 2456 5393 autcm
2493 5338 2781 5392 substantia
2800 5376 2813 5401 ,
2837 5350 2956 5389 cum
2982 5338 3295 5389 universalis
3327 5344 3408 5390 est
3432 5378 3444 5398 ,
3471 5337 3629 5389 forma
3658 5346 3725 5390 est

2244 5450 2322 5518 (l)
2363 5449 2527 5501 Caute
2556 5449 2669 5516 lege
2694 5464 2705 5498 :
2736 5460 2853 5497 nam
2880 5446 3014 5518 solet
3040 5445 3564 5518 Victorirusfreandi
3587 5456 3634 5500 et
3653 5446 3722 5512 fa-

2175 5513 2335 5575 ciendi
2360 5518 2519 5574 verbo
2539 5513 2635 5587 pro
2663 5513 2950 5585 generandi
2977 5521 3031 5571 et
3056 5514 3391 5585 producendi
3420 5516 3512 5571 uti.
