  <div class='ocr_page' id='page_1' title='image "/cluster/home/n/w/nwhite01/storage/ocr_20150623/8/uva.x000826528/580.png"; bbox 0 0 3950 6206; ppageno 0'>
   <div class='ocr_carea' id='block_1_1' title="bbox 264 272 402 330">
    <p class='ocr_par' dir='ltr' id='par_1_1' title="bbox 264 272 402 330">
     <span class='ocr_line' id='line_1_1' title="bbox 264 272 402 330; baseline 0 -2"><span class='ocrx_word' id='word_1_1' title='bbox 264 272 402 330; x_wconf 65' lang='grc'><strong>1145</strong></span> 
     </span>
    </p>
   </div>
   <div class='ocr_carea' id='block_1_2' title="bbox 1162 261 2656 328">
    <p class='ocr_par' dir='ltr' id='par_1_2' title="bbox 1162 261 2656 328">
     <span class='ocr_line' id='line_1_2' title="bbox 1162 261 2656 328; baseline -0.009 0"><span class='ocrx_word' id='word_1_2' title='bbox 1162 274 1224 328; x_wconf 73' lang='lat' dir='ltr'><strong>IN</strong></span> <span class='ocrx_word' id='word_1_3' title='bbox 1266 272 1636 328; x_wconf 66' lang='lat' dir='ltr'><strong>EPISTULA.“</strong></span> <span class='ocrx_word' id='word_1_4' title='bbox 1679 265 1874 325; x_wconf 81' lang='lat' dir='ltr'><strong>PAULI</strong></span> <span class='ocrx_word' id='word_1_5' title='bbox 1914 263 2002 316; x_wconf 77' lang='lat' dir='ltr'><strong>Al)</strong></span> <span class='ocrx_word' id='word_1_6' title='bbox 2040 261 2350 317; x_wconf 74' lang='lat' dir='ltr'><strong>GALATAS</strong></span> <span class='ocrx_word' id='word_1_7' title='bbox 2387 261 2580 316; x_wconf 74' lang='lat' dir='ltr'><strong>LIBER</strong></span> <span class='ocrx_word' id='word_1_8' title='bbox 2620 261 2656 316; x_wconf 92' lang='lat' dir='ltr'><strong>l.</strong></span> 
     </span>
    </p>
   </div>
   <div class='ocr_carea' id='block_1_3' title="bbox 3365 251 3498 307">
    <p class='ocr_par' dir='ltr' id='par_1_3' title="bbox 3365 251 3498 307">
     <span class='ocr_line' id='line_1_3' title="bbox 3365 251 3498 307; baseline -0.03 0"><span class='ocrx_word' id='word_1_9' title='bbox 3365 251 3498 307; x_wconf 73' lang='grc'><strong>1146</strong></span> 
     </span>
    </p>
   </div>
   <div class='ocr_carea' id='block_1_4' title="bbox 259 376 3498 460">
    <p class='ocr_par' dir='ltr' id='par_1_4' title="bbox 259 376 3498 460">
     <span class='ocr_line' id='line_1_4' title="bbox 259 376 3498 460; baseline -0.006 -16"><span class='ocrx_word' id='word_1_10' title='bbox 259 390 593 445; x_wconf 87' lang='lat' dir='ltr'><strong>substantia:</strong></span> <span class='ocrx_word' id='word_1_11' title='bbox 620 391 774 460; x_wconf 83' lang='lat' dir='ltr'><strong>igitur</strong></span> <span class='ocrx_word' id='word_1_12' title='bbox 809 404 926 445; x_wconf 89' lang='lat' dir='ltr'><strong>cum</strong></span> <span class='ocrx_word' id='word_1_13' title='bbox 974 388 1138 443; x_wconf 81' lang='lat' dir='ltr'><strong>forma</strong></span> <span class='ocrx_word' id='word_1_14' title='bbox 1179 398 1259 442; x_wconf 90' lang='lat' dir='ltr'><strong>est</strong></span> <span class='ocrx_word' id='word_1_15' title='bbox 1286 428 1298 453; x_wconf 92' lang='lat'><strong>,</strong></span> <span class='ocrx_word' id='word_1_16' title='bbox 1325 401 1376 442; x_wconf 90' lang='lat' dir='ltr'><strong>et</strong></span> <span class='ocrx_word' id='word_1_17' title='bbox 1417 387 1553 441; x_wconf 87' lang='lat' dir='ltr'><strong>Deus</strong></span> <span class='ocrx_word' id='word_1_18' title='bbox 1597 384 1837 438; x_wconf 75' lang='lat' dir='ltr'><strong>Christus</strong></span> <span class='ocrx_word' id='word_1_19' title='bbox 1863 381 1912 440; x_wconf 81' lang='grc' dir='ltr'>Α</span> <span class='ocrx_word' id='word_1_20' title='bbox 1939 377 2229 431; x_wconf 85' lang='lat' dir='ltr'><strong>substantia</strong></span> <span class='ocrx_word' id='word_1_21' title='bbox 2251 416 2265 441; x_wconf 92' lang='lat'><strong>,</strong></span> <span class='ocrx_word' id='word_1_22' title='bbox 2297 376 2388 430; x_wconf 86' lang='lat' dir='ltr'><strong>sed</strong></span> <span class='ocrx_word' id='word_1_23' title='bbox 2419 377 2628 430; x_wconf 90' lang='lat' dir='ltr'><strong>salvans</strong></span> <span class='ocrx_word' id='word_1_24' title='bbox 2658 385 3108 442; x_wconf 85' lang='lat' dir='ltr'><strong>regeneransque,</strong></span> <span class='ocrx_word' id='word_1_25' title='bbox 3143 383 3244 422; x_wconf 90' lang='lat' dir='ltr'><strong>non</strong></span> <span class='ocrx_word' id='word_1_26' title='bbox 3282 383 3498 424; x_wconf 84' lang='lat' dir='ltr'><strong>manens</strong></span> 
     </span>
    </p>
   </div>
   <div class='ocr_carea' id='block_1_5' title="bbox 261 483 886 538">
    <p class='ocr_par' dir='ltr' id='par_1_5' title="bbox 261 483 886 538">
     <span class='ocr_line' id='line_1_5' title="bbox 261 483 886 538; baseline -0.002 0"><span class='ocrx_word' id='word_1_27' title='bbox 261 492 348 538; x_wconf 78' lang='lat' dir='ltr'><strong>est</strong></span> <span class='ocrx_word' id='word_1_28' title='bbox 372 501 384 536; x_wconf 87' lang='lat'><strong>:</strong></span> <span class='ocrx_word' id='word_1_29' title='bbox 409 499 441 536; x_wconf 95' lang='lat' dir='ltr'><strong>o</strong></span> <span class='ocrx_word' id='word_1_30' title='bbox 463 483 613 536; x_wconf 87' lang='lat' dir='ltr'><strong>beata</strong></span> <span class='ocrx_word' id='word_1_31' title='bbox 638 483 886 537; x_wconf 75' lang='lat' dir='ltr'><strong>Trinitas.</strong></span> 
     </span>
    </p>
   </div>
   <div class='ocr_carea' id='block_1_6' title="bbox 334 571 1823 640">
    <p class='ocr_par' dir='ltr' id='par_1_6' title="bbox 334 571 1823 640">
     <span class='ocr_line' id='line_1_6' title="bbox 334 571 1823 640; baseline -0.003 -14"><span class='ocrx_word' id='word_1_32' title='bbox 334 584 399 626; x_wconf 74' lang='lat' dir='ltr'><strong>0v</strong></span> <span class='ocrx_word' id='word_1_33' title='bbox 439 574 650 626; x_wconf 88' lang='lat' dir='ltr'><strong>tertium</strong></span> <span class='ocrx_word' id='word_1_34' title='bbox 689 582 900 626; x_wconf 86' lang='lat' dir='ltr'><strong>sanctus</strong></span> <span class='ocrx_word' id='word_1_35' title='bbox 927 583 1006 626; x_wconf 87' lang='lat' dir='ltr'><strong>est</strong></span> <span class='ocrx_word' id='word_1_36' title='bbox 1026 573 1286 640; x_wconf 78' lang='lat' dir='ltr'><strong>Spiritus,</strong></span> <span class='ocrx_word' id='word_1_37' title='bbox 1310 581 1522 627; x_wconf 89' lang='lat' dir='ltr'><strong>sanctus</strong></span> <span class='ocrx_word' id='word_1_38' title='bbox 1559 571 1785 639; x_wconf 82' lang='lat' dir='ltr'><strong>Spiritus</strong></span> <span class='ocrx_word' id='word_1_39' title='bbox 1810 608 1823 631; x_wconf 88' lang='lat'><strong>,</strong></span> 
     </span>
    </p>
   </div>
   <div class='ocr_carea' id='block_1_7' title="bbox 264 662 1826 718">
    <p class='ocr_par' dir='ltr' id='par_1_7' title="bbox 264 662 1826 718">
     <span class='ocr_line' id='line_1_7' title="bbox 264 662 1826 718; baseline -0.003 -1"><span class='ocrx_word' id='word_1_40' title='bbox 264 663 426 717; x_wconf 90' lang='lat' dir='ltr'><strong>totius</strong></span> <span class='ocrx_word' id='word_1_41' title='bbox 445 662 764 717; x_wconf 68' lang='lat' dir='ltr'><strong>exsistentite</strong></span> <span class='ocrx_word' id='word_1_42' title='bbox 789 663 1170 718; x_wconf 80' lang='lat' dir='ltr'><strong>demonstratio</strong></span> <span class='ocrx_word' id='word_1_43' title='bbox 1190 673 1289 718; x_wconf 88' lang='lat' dir='ltr'><strong>est.</strong></span> <span class='ocrx_word' id='word_1_44' title='bbox 1322 663 1708 716; x_wconf 85' lang='lat' dir='ltr'><strong>Demonstratio</strong></span> <span class='ocrx_word' id='word_1_45' title='bbox 1737 675 1826 712; x_wconf 89' lang='lat' dir='ltr'><strong>au-</strong></span> 
     </span>
    </p>
   </div>
   <div class='ocr_carea' id='block_1_8' title="bbox 263 753 1827 822">
    <p class='ocr_par' dir='ltr' id='par_1_8' title="bbox 263 753 1827 822">
     <span class='ocr_line' id='line_1_8' title="bbox 263 753 1827 822; baseline -0.003 -14"><span class='ocrx_word' id='word_1_46' title='bbox 263 765 370 812; x_wconf 83' lang='lat' dir='ltr'><strong>tem</strong></span> <span class='ocrx_word' id='word_1_47' title='bbox 394 768 674 822; x_wconf 83' lang='lat' dir='ltr'><strong>numquam</strong></span> <span class='ocrx_word' id='word_1_48' title='bbox 717 753 815 807; x_wconf 87' lang='lat' dir='ltr'><strong>nisi</strong></span> <span class='ocrx_word' id='word_1_49' title='bbox 844 765 966 808; x_wconf 91' lang='lat' dir='ltr'><strong>nota</strong></span> <span class='ocrx_word' id='word_1_50' title='bbox 987 756 1311 808; x_wconf 81' lang='lat' dir='ltr'><strong>demonstrat</strong></span> <span class='ocrx_word' id='word_1_51' title='bbox 1337 771 1350 806; x_wconf 91' lang='lat'><strong>:</strong></span> <span class='ocrx_word' id='word_1_52' title='bbox 1379 769 1531 808; x_wconf 88' lang='lat' dir='ltr'><strong>nosse</strong></span> <span class='ocrx_word' id='word_1_53' title='bbox 1559 763 1734 806; x_wconf 89' lang='lat' dir='ltr'><strong>autem</strong></span> <span class='ocrx_word' id='word_1_54' title='bbox 1775 753 1827 805; x_wconf 92' lang='lat' dir='ltr'><strong>in</strong></span> 
     </span>
    </p>
   </div>
   <div class='ocr_carea' id='block_1_9' title="bbox 261 843 1826 914">
    <p class='ocr_par' dir='ltr' id='par_1_9' title="bbox 261 843 1826 914">
     <span class='ocr_line' id='line_1_9' title="bbox 261 843 1826 914; baseline -0.001 -17"><span class='ocrx_word' id='word_1_55' title='bbox 261 843 462 898; x_wconf 78' lang='lat' dir='ltr'><strong>divinis</strong></span> <span class='ocrx_word' id='word_1_56' title='bbox 511 844 609 898; x_wconf 92' lang='lat' dir='ltr'><strong>hoc</strong></span> <span class='ocrx_word' id='word_1_57' title='bbox 632 853 714 900; x_wconf 86' lang='lat' dir='ltr'><strong>est</strong></span> <span class='ocrx_word' id='word_1_58' title='bbox 752 845 891 914; x_wconf 89' lang='lat' dir='ltr'><strong>quod</strong></span> <span class='ocrx_word' id='word_1_59' title='bbox 933 847 1124 901; x_wconf 87' lang='lat' dir='ltr'><strong>habere</strong></span> <span class='ocrx_word' id='word_1_60' title='bbox 1152 855 1251 900; x_wconf 85' lang='lat' dir='ltr'><strong>est.</strong></span> <span class='ocrx_word' id='word_1_61' title='bbox 1285 845 1663 914; x_wconf 71' lang='lat' dir='ltr'><strong>Cognoscentizt</strong></span> <span class='ocrx_word' id='word_1_62' title='bbox 1688 845 1826 898; x_wconf 92' lang='lat' dir='ltr'><strong>enim</strong></span> 
     </span>
    </p>
   </div>
   <div class='ocr_carea' id='block_1_10' title="bbox 263 931 1827 1004">
    <p class='ocr_par' dir='ltr' id='par_1_10' title="bbox 263 931 1827 1004">
     <span class='ocr_line' id='line_1_10' title="bbox 263 931 1827 1004; baseline 0.001 -18"><span class='ocrx_word' id='word_1_63' title='bbox 263 931 377 1001; x_wconf 86' lang='lat' dir='ltr'><strong>ipsa</strong></span> <span class='ocrx_word' id='word_1_64' title='bbox 401 932 686 1002; x_wconf 88' lang='lat' dir='ltr'><strong>eademque</strong></span> <span class='ocrx_word' id='word_1_65' title='bbox 713 935 1001 988; x_wconf 88' lang='lat' dir='ltr'><strong>substantia</strong></span> <span class='ocrx_word' id='word_1_66' title='bbox 1041 943 1142 988; x_wconf 86' lang='lat' dir='ltr'><strong>est.</strong></span> <span class='ocrx_word' id='word_1_67' title='bbox 1167 935 1334 990; x_wconf 85' lang='lat' dir='ltr'><strong>Habet</strong></span> <span class='ocrx_word' id='word_1_68' title='bbox 1354 950 1479 1004; x_wconf 87' lang='lat' dir='ltr'><strong>ergo</strong></span> <span class='ocrx_word' id='word_1_69' title='bbox 1513 937 1704 997; x_wconf 89' lang='lat' dir='ltr'><strong>Deum,</strong></span> <span class='ocrx_word' id='word_1_70' title='bbox 1739 934 1827 988; x_wconf 91' lang='lat' dir='ltr'><strong>ha-</strong></span> 
     </span>
    </p>
   </div>
   <div class='ocr_carea' id='block_1_11' title="bbox 262 1019 1828 1093">
    <p class='ocr_par' dir='ltr' id='par_1_11' title="bbox 262 1019 1828 1093">
     <span class='ocr_line' id='line_1_11' title="bbox 262 1019 1828 1093; baseline 0 -17"><span class='ocrx_word' id='word_1_71' title='bbox 262 1019 358 1076; x_wconf 89' lang='lat' dir='ltr'><strong>bet</strong></span> <span class='ocrx_word' id='word_1_72' title='bbox 392 1019 657 1076; x_wconf 84' lang='lat' dir='ltr'><strong>Christum</strong></span> <span class='ocrx_word' id='word_1_73' title='bbox 700 1037 854 1092; x_wconf 86' lang='lat' dir='ltr'><strong>quem</strong></span> <span class='ocrx_word' id='word_1_74' title='bbox 883 1023 1210 1078; x_wconf 67' lang='lat' dir='ltr'><strong>demouswat</strong></span> <span class='ocrx_word' id='word_1_75' title='bbox 1246 1023 1473 1093; x_wconf 83' lang='lat' dir='ltr'><strong>Spiritus</strong></span> <span class='ocrx_word' id='word_1_76' title='bbox 1513 1033 1725 1078; x_wconf 86' lang='lat' dir='ltr'><strong>sanctus</strong></span> <span class='ocrx_word' id='word_1_77' title='bbox 1761 1037 1828 1076; x_wconf 87' lang='lat' dir='ltr'><strong>:o</strong></span> 
     </span>
    </p>
   </div>
   <div class='ocr_carea' id='block_1_12' title="bbox 271 1112 704 1169">
    <p class='ocr_par' dir='ltr' id='par_1_12' title="bbox 271 1112 704 1169">
     <span class='ocr_line' id='line_1_12' title="bbox 271 1112 704 1169; baseline 0.002 -1"><span class='ocrx_word' id='word_1_78' title='bbox 271 1112 426 1168; x_wconf 82' lang='lat' dir='ltr'><strong>beata</strong></span> <span class='ocrx_word' id='word_1_79' title='bbox 457 1112 704 1169; x_wconf 83' lang='lat' dir='ltr'><strong>Trinitas.</strong></span> 
     </span>
    </p>
   </div>
   <div class='ocr_carea' id='block_1_13' title="bbox 335 1201 1828 1269">
    <p class='ocr_par' dir='ltr' id='par_1_13' title="bbox 335 1201 1828 1269">
     <span class='ocr_line' id='line_1_13' title="bbox 335 1201 1828 1269; baseline 0.003 -14"><span class='ocrx_word' id='word_1_80' title='bbox 335 1201 646 1269; x_wconf 87' lang='lat' dir='ltr'><strong>lmmensus,</strong></span> <span class='ocrx_word' id='word_1_81' title='bbox 691 1203 939 1267; x_wconf 82' lang='lat' dir='ltr'><strong>infinitus,</strong></span> <span class='ocrx_word' id='word_1_82' title='bbox 983 1204 1254 1258; x_wconf 84' lang='lat' dir='ltr'><strong>invisibilis</strong></span> <span class='ocrx_word' id='word_1_83' title='bbox 1295 1205 1434 1259; x_wconf 87' lang='lat' dir='ltr'><strong>Deus</strong></span> <span class='ocrx_word' id='word_1_84' title='bbox 1473 1219 1553 1268; x_wconf 89' lang='lat' dir='ltr'><strong>es,</strong></span> <span class='ocrx_word' id='word_1_85' title='bbox 1593 1203 1684 1258; x_wconf 90' lang='lat' dir='ltr'><strong>sed</strong></span> <span class='ocrx_word' id='word_1_86' title='bbox 1715 1203 1828 1259; x_wconf 88' lang='lat' dir='ltr'><strong>aliis</strong></span> 
     </span>
    </p>
   </div>
   <div class='ocr_carea' id='block_1_14' title="bbox 262 1290 1823 1359">
    <p class='ocr_par' dir='ltr' id='par_1_14' title="bbox 262 1290 1823 1359">
     <span class='ocr_line' id='line_1_14' title="bbox 262 1290 1823 1359; baseline -0.003 -13"><span class='ocrx_word' id='word_1_87' title='bbox 262 1290 573 1358; x_wconf 81' lang='lat' dir='ltr'><strong>immensus,</strong></span> <span class='ocrx_word' id='word_1_88' title='bbox 597 1291 846 1359; x_wconf 84' lang='lat' dir='ltr'><strong>inﬁnitus,</strong></span> <span class='ocrx_word' id='word_1_89' title='bbox 877 1294 992 1347; x_wconf 88' lang='lat' dir='ltr'><strong>aliis</strong></span> <span class='ocrx_word' id='word_1_90' title='bbox 1026 1303 1077 1349; x_wconf 91' lang='lat' dir='ltr'><strong>et</strong></span> <span class='ocrx_word' id='word_1_91' title='bbox 1107 1294 1379 1347; x_wconf 82' lang='lat' dir='ltr'><strong>invisibilis</strong></span> <span class='ocrx_word' id='word_1_92' title='bbox 1405 1311 1417 1347; x_wconf 87' lang='lat'><strong>:</strong></span> <span class='ocrx_word' id='word_1_93' title='bbox 1442 1294 1535 1346; x_wconf 86' lang='lat' dir='ltr'><strong>tibi</strong></span> <span class='ocrx_word' id='word_1_94' title='bbox 1577 1307 1823 1347; x_wconf 62' lang='lat' dir='ltr'><strong>mensus,</strong></span> 
     </span>
    </p>
   </div>
   <div class='ocr_carea' id='block_1_15' title="bbox 265 1382 1823 1451">
    <p class='ocr_par' dir='ltr' id='par_1_15' title="bbox 265 1382 1823 1451">
     <span class='ocr_line' id='line_1_15' title="bbox 265 1382 1823 1451; baseline -0.001 -17"><span class='ocrx_word' id='word_1_95' title='bbox 265 1382 362 1436; x_wconf 88' lang='lat' dir='ltr'><strong>tibi</strong></span> <span class='ocrx_word' id='word_1_96' title='bbox 386 1385 583 1446; x_wconf 74' lang='lat' dir='ltr'><strong>(initus,</strong></span> <span class='ocrx_word' id='word_1_97' title='bbox 615 1384 706 1436; x_wconf 89' lang='lat' dir='ltr'><strong>tibi</strong></span> <span class='ocrx_word' id='word_1_98' title='bbox 739 1383 960 1437; x_wconf 75' lang='lat' dir='ltr'><strong>visibilis</strong></span> <span class='ocrx_word' id='word_1_99' title='bbox 988 1401 1001 1438; x_wconf 89' lang='lat'><strong>:</strong></span> <span class='ocrx_word' id='word_1_100' title='bbox 1032 1384 1161 1437; x_wconf 90' lang='lat' dir='ltr'><strong>llinc</strong></span> <span class='ocrx_word' id='word_1_101' title='bbox 1187 1398 1312 1451; x_wconf 88' lang='lat' dir='ltr'><strong>ergo</strong></span> <span class='ocrx_word' id='word_1_102' title='bbox 1337 1392 1390 1436; x_wconf 90' lang='lat' dir='ltr'><strong>et</strong></span> <span class='ocrx_word' id='word_1_103' title='bbox 1411 1382 1574 1436; x_wconf 81' lang='lat' dir='ltr'><strong>forma</strong></span> <span class='ocrx_word' id='word_1_104' title='bbox 1608 1382 1696 1436; x_wconf 89' lang='lat' dir='ltr'><strong>tibi</strong></span> <span class='ocrx_word' id='word_1_105' title='bbox 1723 1391 1823 1443; x_wconf 88' lang='lat' dir='ltr'><strong>est,</strong></span> 
     </span>
    </p>
   </div>
   <div class='ocr_carea' id='block_1_16' title="bbox 263 1469 1830 1544">
    <p class='ocr_par' dir='ltr' id='par_1_16' title="bbox 263 1469 1830 1544">
     <span class='ocr_line' id='line_1_16' title="bbox 263 1469 1830 1544; baseline -0.002 -20"><span class='ocrx_word' id='word_1_106' title='bbox 263 1482 394 1539; x_wconf 82' lang='lat' dir='ltr'><strong>ergo</strong></span> <span class='ocrx_word' id='word_1_107' title='bbox 433 1479 489 1523; x_wconf 91' lang='lat' dir='ltr'><strong>et</strong></span> <span class='ocrx_word' id='word_1_108' title='bbox 531 1470 687 1543; x_wconf 72' lang='grc' dir='ltr'><strong>Λόγος</strong></span> <span class='ocrx_word' id='word_1_109' title='bbox 721 1487 734 1523; x_wconf 88' lang='lat'><strong>:</strong></span> <span class='ocrx_word' id='word_1_110' title='bbox 768 1469 907 1525; x_wconf 89' lang='lat' dir='ltr'><strong>idem</strong></span> <span class='ocrx_word' id='word_1_111' title='bbox 947 1486 1043 1536; x_wconf 89' lang='lat' dir='ltr'><strong>es,</strong></span> <span class='ocrx_word' id='word_1_112' title='bbox 1088 1473 1208 1540; x_wconf 90' lang='lat' dir='ltr'><strong>quia</strong></span> <span class='ocrx_word' id='word_1_113' title='bbox 1235 1473 1389 1544; x_wconf 75' lang='grc' dir='ltr'><strong>Λόγος</strong></span> <span class='ocrx_word' id='word_1_114' title='bbox 1434 1476 1595 1524; x_wconf 74' lang='lat' dir='ltr'><strong>forma</strong></span> <span class='ocrx_word' id='word_1_115' title='bbox 1634 1479 1714 1524; x_wconf 91' lang='lat' dir='ltr'><strong>est</strong></span> <span class='ocrx_word' id='word_1_116' title='bbox 1739 1491 1751 1524; x_wconf 85' lang='lat'><strong>:</strong></span> <span class='ocrx_word' id='word_1_117' title='bbox 1777 1481 1830 1523; x_wconf 88' lang='lat' dir='ltr'><strong>et</strong></span> 
     </span>
    </p>
   </div>
   <div class='ocr_carea' id='block_1_17' title="bbox 261 1561 1830 1630">
    <p class='ocr_par' dir='ltr' id='par_1_17' title="bbox 261 1561 1830 1630">
     <span class='ocr_line' id='line_1_17' title="bbox 261 1561 1830 1630; baseline 0 -16"><span class='ocrx_word' id='word_1_118' title='bbox 261 1561 386 1630; x_wconf 84' lang='lat' dir='ltr'><strong>quia</strong></span> <span class='ocrx_word' id='word_1_119' title='bbox 409 1561 573 1614; x_wconf 77' lang='lat' dir='ltr'><strong>forma</strong></span> <span class='ocrx_word' id='word_1_120' title='bbox 599 1561 688 1615; x_wconf 78' lang='lat' dir='ltr'><strong>tibi</strong></span> <span class='ocrx_word' id='word_1_121' title='bbox 716 1563 897 1616; x_wconf 80' lang='lat' dir='ltr'><strong>notitia</strong></span> <span class='ocrx_word' id='word_1_122' title='bbox 919 1577 975 1616; x_wconf 89' lang='lat' dir='ltr'><strong>es</strong></span> <span class='ocrx_word' id='word_1_123' title='bbox 997 1603 1013 1627; x_wconf 96' lang='lat'><strong>,</strong></span> <span class='ocrx_word' id='word_1_124' title='bbox 1039 1564 1219 1616; x_wconf 84' lang='lat' dir='ltr'><strong>notitia</strong></span> <span class='ocrx_word' id='word_1_125' title='bbox 1237 1574 1408 1617; x_wconf 90' lang='lat' dir='ltr'><strong>autem</strong></span> <span class='ocrx_word' id='word_1_126' title='bbox 1428 1563 1659 1630; x_wconf 79' lang='lat' dir='ltr'><strong>Spiritus</strong></span> <span class='ocrx_word' id='word_1_127' title='bbox 1681 1575 1830 1614; x_wconf 88' lang='lat' dir='ltr'><strong>sanc-</strong></span> 
     </span>
    </p>
   </div>
   <div class='ocr_carea' id='block_1_18' title="bbox 265 1651 1829 1724">
    <p class='ocr_par' dir='ltr' id='par_1_18' title="bbox 265 1651 1829 1724">
     <span class='ocr_line' id='line_1_18' title="bbox 265 1651 1829 1724; baseline 0.001 -21"><span class='ocrx_word' id='word_1_128' title='bbox 265 1657 355 1704; x_wconf 89' lang='lat' dir='ltr'><strong>tus</strong></span> <span class='ocrx_word' id='word_1_129' title='bbox 375 1661 457 1704; x_wconf 89' lang='lat' dir='ltr'><strong>est</strong></span> <span class='ocrx_word' id='word_1_130' title='bbox 481 1668 493 1703; x_wconf 90' lang='lat'><strong>:</strong></span> <span class='ocrx_word' id='word_1_131' title='bbox 519 1651 567 1704; x_wconf 92' lang='lat' dir='ltr'><strong>id</strong></span> <span class='ocrx_word' id='word_1_132' title='bbox 592 1665 720 1719; x_wconf 85' lang='lat' dir='ltr'><strong>ergo</strong></span> <span class='ocrx_word' id='word_1_133' title='bbox 747 1659 801 1704; x_wconf 90' lang='lat' dir='ltr'><strong>et</strong></span> <span class='ocrx_word' id='word_1_134' title='bbox 825 1652 979 1716; x_wconf 88' lang='lat' dir='ltr'><strong>Deus,</strong></span> <span class='ocrx_word' id='word_1_135' title='bbox 1014 1663 1065 1706; x_wconf 87' lang='lat' dir='ltr'><strong>et</strong></span> <span class='ocrx_word' id='word_1_136' title='bbox 1089 1653 1260 1724; x_wconf 65' lang='grc' dir='ltr'><strong>Λόγος,</strong></span> <span class='ocrx_word' id='word_1_137' title='bbox 1288 1663 1340 1708; x_wconf 88' lang='lat' dir='ltr'><strong>et</strong></span> <span class='ocrx_word' id='word_1_138' title='bbox 1365 1652 1589 1722; x_wconf 84' lang='lat' dir='ltr'><strong>Spiritus</strong></span> <span class='ocrx_word' id='word_1_139' title='bbox 1619 1662 1829 1705; x_wconf 88' lang='lat' dir='ltr'><strong>sanctus</strong></span> 
     </span>
    </p>
   </div>
   <div class='ocr_carea' id='block_1_19' title="bbox 265 1742 888 1798">
    <p class='ocr_par' dir='ltr' id='par_1_19' title="bbox 265 1742 888 1798">
     <span class='ocr_line' id='line_1_19' title="bbox 265 1742 888 1798; baseline -0.003 0"><span class='ocrx_word' id='word_1_140' title='bbox 265 1755 326 1798; x_wconf 86' lang='lat' dir='ltr'><strong>es</strong></span> <span class='ocrx_word' id='word_1_141' title='bbox 352 1760 364 1794; x_wconf 85' lang='lat'><strong>:</strong></span> <span class='ocrx_word' id='word_1_142' title='bbox 396 1757 429 1796; x_wconf 92' lang='grc' dir='ltr'><strong>ο</strong></span> <span class='ocrx_word' id='word_1_143' title='bbox 457 1742 610 1796; x_wconf 86' lang='lat' dir='ltr'><strong>beata</strong></span> <span class='ocrx_word' id='word_1_144' title='bbox 639 1742 888 1796; x_wconf 84' lang='lat' dir='ltr'><strong>Trinitas.</strong></span> 
     </span>
    </p>
   </div>
   <div class='ocr_carea' id='block_1_20' title="bbox 339 1831 1821 1900">
    <p class='ocr_par' dir='ltr' id='par_1_20' title="bbox 339 1831 1821 1900">
     <span class='ocr_line' id='line_1_20' title="bbox 339 1831 1821 1900; baseline 0.002 -16"><span class='ocrx_word' id='word_1_145' title='bbox 339 1831 439 1896; x_wconf 92' lang='lat' dir='ltr'><strong>Tu,</strong></span> <span class='ocrx_word' id='word_1_146' title='bbox 491 1831 588 1885; x_wconf 86' lang='lat' dir='ltr'><strong>Fili</strong></span> <span class='ocrx_word' id='word_1_147' title='bbox 626 1833 867 1900; x_wconf 85' lang='lat' dir='ltr'><strong>visibilis,</strong></span> <span class='ocrx_word' id='word_1_148' title='bbox 896 1848 953 1887; x_wconf 91' lang='lat' dir='ltr'><strong>es</strong></span> <span class='ocrx_word' id='word_1_149' title='bbox 981 1835 1121 1887; x_wconf 89' lang='lat' dir='ltr'><strong>enim</strong></span> <span class='ocrx_word' id='word_1_150' title='bbox 1166 1835 1474 1889; x_wconf 83' lang='lat' dir='ltr'><strong>universalis</strong></span> <span class='ocrx_word' id='word_1_151' title='bbox 1503 1845 1554 1889; x_wconf 92' lang='lat' dir='ltr'><strong>ct</strong></span> <span class='ocrx_word' id='word_1_152' title='bbox 1594 1835 1821 1888; x_wconf 85' lang='lat' dir='ltr'><strong>omnium</strong></span> 
     </span>
    </p>
   </div>
   <div class='ocr_carea' id='block_1_21' title="bbox 265 1918 1820 1989">
    <p class='ocr_par' dir='ltr' id='par_1_21' title="bbox 265 1918 1820 1989">
     <span class='ocr_line' id='line_1_21' title="bbox 265 1918 1820 1989; baseline 0.001 -15"><span class='ocrx_word' id='word_1_153' title='bbox 265 1919 434 1974; x_wconf 78' lang='lat' dir='ltr'><strong>Iorma</strong></span> <span class='ocrx_word' id='word_1_154' title='bbox 459 1936 472 1972; x_wconf 92' lang='lat'><strong>:</strong></span> <span class='ocrx_word' id='word_1_155' title='bbox 504 1918 632 1974; x_wconf 91' lang='lat' dir='ltr'><strong>Cum</strong></span> <span class='ocrx_word' id='word_1_156' title='bbox 662 1922 799 1976; x_wconf 91' lang='lat' dir='ltr'><strong>enim</strong></span> <span class='ocrx_word' id='word_1_157' title='bbox 830 1924 1058 1977; x_wconf 79' lang='lat' dir='ltr'><strong>viriticas</strong></span> <span class='ocrx_word' id='word_1_158' title='bbox 1087 1935 1295 1989; x_wconf 89' lang='lat' dir='ltr'><strong>cuncta,</strong></span> <span class='ocrx_word' id='word_1_159' title='bbox 1321 1926 1377 1977; x_wconf 88' lang='lat' dir='ltr'><strong>lit</strong></span> <span class='ocrx_word' id='word_1_160' title='bbox 1398 1923 1561 1978; x_wconf 79' lang='lat' dir='ltr'><strong>forma</strong></span> <span class='ocrx_word' id='word_1_161' title='bbox 1592 1924 1658 1977; x_wconf 91' lang='lat' dir='ltr'><strong>de</strong></span> <span class='ocrx_word' id='word_1_162' title='bbox 1687 1925 1820 1976; x_wconf 83' lang='lat' dir='ltr'><strong>vita:</strong></span> 
     </span>
    </p>
   </div>
   <div class='ocr_carea' id='block_1_22' title="bbox 266 2009 1824 2083">
    <p class='ocr_par' dir='ltr' id='par_1_22' title="bbox 266 2009 1824 2083">
     <span class='ocr_line' id='line_1_22' title="bbox 266 2009 1824 2083; baseline 0.003 -19"><span class='ocrx_word' id='word_1_163' title='bbox 266 2009 462 2065; x_wconf 85' lang='lat' dir='ltr'><strong>Forma</strong></span> <span class='ocrx_word' id='word_1_164' title='bbox 503 2023 676 2066; x_wconf 85' lang='lat' dir='ltr'><strong>autem</strong></span> <span class='ocrx_word' id='word_1_165' title='bbox 714 2029 924 2083; x_wconf 84' lang='lat' dir='ltr'><strong>semper</strong></span> <span class='ocrx_word' id='word_1_166' title='bbox 959 2016 1006 2068; x_wconf 92' lang='lat' dir='ltr'><strong>iu</strong></span> <span class='ocrx_word' id='word_1_167' title='bbox 1039 2017 1320 2069; x_wconf 87' lang='lat' dir='ltr'><strong>substantia</strong></span> <span class='ocrx_word' id='word_1_168' title='bbox 1341 2055 1355 2082; x_wconf 90' lang='lat'><strong>,</strong></span> <span class='ocrx_word' id='word_1_169' title='bbox 1388 2026 1441 2069; x_wconf 91' lang='lat' dir='ltr'><strong>et</strong></span> <span class='ocrx_word' id='word_1_170' title='bbox 1467 2017 1629 2069; x_wconf 72' lang='lat' dir='ltr'><strong>forma</strong></span> <span class='ocrx_word' id='word_1_171' title='bbox 1655 2017 1824 2068; x_wconf 83' lang='lat' dir='ltr'><strong>munis</strong></span> 
     </span>
    </p>
   </div>
   <div class='ocr_carea' id='block_1_23' title="bbox 267 2101 1824 2171">
    <p class='ocr_par' dir='ltr' id='par_1_23' title="bbox 267 2101 1824 2171">
     <span class='ocr_line' id='line_1_23' title="bbox 267 2101 1824 2171; baseline 0.001 -16"><span class='ocrx_word' id='word_1_172' title='bbox 267 2101 456 2155; x_wconf 80' lang='lat' dir='ltr'><strong>nutitia</strong></span> <span class='ocrx_word' id='word_1_173' title='bbox 493 2110 574 2155; x_wconf 89' lang='lat' dir='ltr'><strong>est</strong></span> <span class='ocrx_word' id='word_1_174' title='bbox 614 2117 782 2171; x_wconf 85' lang='lat' dir='ltr'><strong>:ergo</strong></span> <span class='ocrx_word' id='word_1_175' title='bbox 825 2102 878 2156; x_wconf 92' lang='lat' dir='ltr'><strong>in</strong></span> <span class='ocrx_word' id='word_1_176' title='bbox 924 2104 1212 2158; x_wconf 89' lang='lat' dir='ltr'><strong>substamia</strong></span> <span class='ocrx_word' id='word_1_177' title='bbox 1255 2105 1390 2158; x_wconf 90' lang='lat' dir='ltr'><strong>Deus</strong></span> <span class='ocrx_word' id='word_1_178' title='bbox 1430 2119 1525 2169; x_wconf 92' lang='lat' dir='ltr'><strong>cs,</strong></span> <span class='ocrx_word' id='word_1_179' title='bbox 1568 2105 1617 2156; x_wconf 92' lang='lat' dir='ltr'><strong>in</strong></span> <span class='ocrx_word' id='word_1_180' title='bbox 1661 2104 1824 2157; x_wconf 81' lang='lat' dir='ltr'><strong>forma</strong></span> 
     </span>
    </p>
   </div>
   <div class='ocr_carea' id='block_1_24' title="bbox 270 2191 1821 2263">
    <p class='ocr_par' dir='ltr' id='par_1_24' title="bbox 270 2191 1821 2263">
     <span class='ocr_line' id='line_1_24' title="bbox 270 2191 1821 2263; baseline 0.001 -18"><span class='ocrx_word' id='word_1_181' title='bbox 270 2191 433 2263; x_wconf 69' lang='grc' dir='ltr'><strong>Λόγος</strong></span> <span class='ocrx_word' id='word_1_182' title='bbox 457 2231 471 2256; x_wconf 86' lang='grc'><em>,</em></span> <span class='ocrx_word' id='word_1_183' title='bbox 500 2191 552 2244; x_wconf 91' lang='lat' dir='ltr'><strong>in</strong></span> <span class='ocrx_word' id='word_1_184' title='bbox 580 2192 763 2245; x_wconf 85' lang='lat' dir='ltr'><strong>notitia</strong></span> <span class='ocrx_word' id='word_1_185' title='bbox 795 2191 1018 2262; x_wconf 86' lang='lat' dir='ltr'><strong>Spiritus</strong></span> <span class='ocrx_word' id='word_1_186' title='bbox 1044 2205 1256 2248; x_wconf 85' lang='lat' dir='ltr'><strong>sanctus</strong></span> <span class='ocrx_word' id='word_1_187' title='bbox 1281 2212 1293 2246; x_wconf 91' lang='lat'>:</span> <span class='ocrx_word' id='word_1_188' title='bbox 1343 2211 1372 2247; x_wconf 92' lang='grc' dir='ltr'><strong>ο</strong></span> <span class='ocrx_word' id='word_1_189' title='bbox 1397 2195 1546 2248; x_wconf 85' lang='lat' dir='ltr'><strong>beata</strong></span> <span class='ocrx_word' id='word_1_190' title='bbox 1575 2194 1821 2247; x_wconf 84' lang='lat' dir='ltr'><strong>Trinitas.</strong></span> 
     </span>
    </p>
   </div>
   <div class='ocr_carea' id='block_1_25' title="bbox 342 2281 1822 2352">
    <p class='ocr_par' dir='ltr' id='par_1_25' title="bbox 342 2281 1822 2352">
     <span class='ocr_line' id='line_1_25' title="bbox 342 2281 1822 2352; baseline 0.003 -17"><span class='ocrx_word' id='word_1_191' title='bbox 342 2281 421 2335; x_wconf 89' lang='lat' dir='ltr'><strong>Tu</strong></span> <span class='ocrx_word' id='word_1_192' title='bbox 451 2295 656 2352; x_wconf 90' lang='lat' dir='ltr'><strong>quoque</strong></span> <span class='ocrx_word' id='word_1_193' title='bbox 676 2282 904 2352; x_wconf 88' lang='lat' dir='ltr'><strong>Spiritus</strong></span> <span class='ocrx_word' id='word_1_194' title='bbox 924 2297 1133 2340; x_wconf 89' lang='lat' dir='ltr'><strong>sanctus</strong></span> <span class='ocrx_word' id='word_1_195' title='bbox 1161 2286 1303 2340; x_wconf 90' lang='lat' dir='ltr'><strong>notio</strong></span> <span class='ocrx_word' id='word_1_196' title='bbox 1326 2301 1384 2340; x_wconf 89' lang='lat' dir='ltr'><strong>es</strong></span> <span class='ocrx_word' id='word_1_197' title='bbox 1413 2304 1423 2338; x_wconf 92' lang='lat'><strong>:</strong></span> <span class='ocrx_word' id='word_1_198' title='bbox 1459 2287 1628 2340; x_wconf 81' lang='lat' dir='ltr'><strong>munis</strong></span> <span class='ocrx_word' id='word_1_199' title='bbox 1650 2297 1822 2339; x_wconf 90' lang='lat' dir='ltr'><strong>autem</strong></span> 
     </span>
    </p>
   </div>
   <div class='ocr_carea' id='block_1_26' title="bbox 270 2369 1826 2443">
    <p class='ocr_par' dir='ltr' id='par_1_26' title="bbox 270 2369 1826 2443">
     <span class='ocr_line' id='line_1_26' title="bbox 270 2369 1826 2443; baseline 0 -17"><span class='ocrx_word' id='word_1_200' title='bbox 270 2372 419 2426; x_wconf 89' lang='lat' dir='ltr'><strong>notio</strong></span> <span class='ocrx_word' id='word_1_201' title='bbox 440 2369 622 2425; x_wconf 67' lang='lat' dir='ltr'><strong>formae</strong></span> <span class='ocrx_word' id='word_1_202' title='bbox 649 2374 1027 2428; x_wconf 81' lang='lat' dir='ltr'><strong>etsubstantia:</strong></span> <span class='ocrx_word' id='word_1_203' title='bbox 1053 2376 1197 2428; x_wconf 90' lang='lat' dir='ltr'><strong>notio</strong></span> <span class='ocrx_word' id='word_1_204' title='bbox 1225 2385 1306 2428; x_wconf 86' lang='lat' dir='ltr'><strong>cst</strong></span> <span class='ocrx_word' id='word_1_205' title='bbox 1329 2393 1340 2428; x_wconf 89' lang='lat'>:</span> <span class='ocrx_word' id='word_1_206' title='bbox 1362 2373 1645 2442; x_wconf 81' lang='lat' dir='ltr'><strong>Cngttoscis</strong></span> <span class='ocrx_word' id='word_1_207' title='bbox 1673 2376 1826 2443; x_wconf 82' lang='lat' dir='ltr'><strong>igitur</strong></span> 
     </span>
    </p>
   </div>
   <div class='ocr_carea' id='block_1_27' title="bbox 271 2461 1822 2530">
    <p class='ocr_par' dir='ltr' id='par_1_27' title="bbox 271 2461 1822 2530">
     <span class='ocr_line' id='line_1_27' title="bbox 271 2461 1822 2530; baseline 0.001 -15"><span class='ocrx_word' id='word_1_208' title='bbox 271 2461 460 2526; x_wconf 90' lang='lat' dir='ltr'><strong>Deum,</strong></span> <span class='ocrx_word' id='word_1_209' title='bbox 490 2472 541 2516; x_wconf 92' lang='lat' dir='ltr'><strong>et</strong></span> <span class='ocrx_word' id='word_1_210' title='bbox 563 2462 724 2516; x_wconf 85' lang='lat' dir='ltr'><strong>habes</strong></span> <span class='ocrx_word' id='word_1_211' title='bbox 747 2463 835 2518; x_wconf 89' lang='lat' dir='ltr'><strong>Dei</strong></span> <span class='ocrx_word' id='word_1_212' title='bbox 861 2464 1099 2517; x_wconf 75' lang='lat' dir='ltr'><strong>formam.</strong></span> <span class='ocrx_word' id='word_1_213' title='bbox 1133 2464 1264 2519; x_wconf 90' lang='lat' dir='ltr'><strong>Ilinc</strong></span> <span class='ocrx_word' id='word_1_214' title='bbox 1293 2477 1344 2518; x_wconf 89' lang='lat' dir='ltr'><strong>et</strong></span> <span class='ocrx_word' id='word_1_215' title='bbox 1373 2466 1508 2519; x_wconf 87' lang='lat' dir='ltr'><strong>Deus</strong></span> <span class='ocrx_word' id='word_1_216' title='bbox 1530 2505 1542 2530; x_wconf 93' lang='lat'><strong>,</strong></span> <span class='ocrx_word' id='word_1_217' title='bbox 1566 2475 1617 2518; x_wconf 92' lang='lat' dir='ltr'><strong>et</strong></span> <span class='ocrx_word' id='word_1_218' title='bbox 1637 2465 1822 2526; x_wconf 88' lang='lat' dir='ltr'><strong>Filius,</strong></span> 
     </span>
    </p>
   </div>
   <div class='ocr_carea' id='block_1_28' title="bbox 269 2534 1436 2620">
    <p class='ocr_par' dir='ltr' id='par_1_28' title="bbox 269 2534 1436 2620">
     <span class='ocr_line' id='line_1_28' title="bbox 269 2534 1436 2620; baseline 0 -14"><span class='ocrx_word' id='word_1_219' title='bbox 269 2559 326 2606; x_wconf 85' lang='lat' dir='ltr'><strong>et</strong></span> <span class='ocrx_word' id='word_1_220' title='bbox 345 2549 575 2620; x_wconf 84' lang='lat' dir='ltr'><strong>Spiritus</strong></span> <span class='ocrx_word' id='word_1_221' title='bbox 599 2561 808 2606; x_wconf 84' lang='lat' dir='ltr'><strong>sanctus</strong></span> <span class='ocrx_word' id='word_1_222' title='bbox 837 2569 894 2608; x_wconf 88' lang='lat' dir='ltr'><strong>es</strong></span> <span class='ocrx_word' id='word_1_223' title='bbox 917 2571 930 2606; x_wconf 90' lang='lat'><strong>:</strong></span> <span class='ocrx_word' id='word_1_224' title='bbox 958 2568 988 2606; x_wconf 90' lang='grc' dir='ltr'><strong>ο</strong></span> <span class='ocrx_word' id='word_1_225' title='bbox 1009 2534 1436 2607; x_wconf 65' lang='lat' dir='ltr'><strong>beataTrinilas.</strong></span> 
     </span>
    </p>
   </div>
   <div class='ocr_carea' id='block_1_29' title="bbox 344 2642 1827 2714">
    <p class='ocr_par' dir='ltr' id='par_1_29' title="bbox 344 2642 1827 2714">
     <span class='ocr_line' id='line_1_29' title="bbox 344 2642 1827 2714; baseline 0.001 -18"><span class='ocrx_word' id='word_1_226' title='bbox 344 2642 474 2697; x_wconf 82' lang='lat' dir='ltr'><strong>Esse</strong></span> <span class='ocrx_word' id='word_1_227' title='bbox 513 2645 647 2698; x_wconf 89' lang='lat' dir='ltr'><strong>Deus</strong></span> <span class='ocrx_word' id='word_1_228' title='bbox 684 2660 772 2709; x_wconf 91' lang='lat' dir='ltr'><strong>es,</strong></span> <span class='ocrx_word' id='word_1_229' title='bbox 819 2645 1070 2714; x_wconf 86' lang='lat' dir='ltr'><strong>Spiritum</strong></span> <span class='ocrx_word' id='word_1_230' title='bbox 1109 2659 1224 2699; x_wconf 84' lang='lat' dir='ltr'><strong>esse</strong></span> <span class='ocrx_word' id='word_1_231' title='bbox 1254 2643 1492 2699; x_wconf 86' lang='lat' dir='ltr'><strong>Christus</strong></span> <span class='ocrx_word' id='word_1_232' title='bbox 1516 2685 1531 2712; x_wconf 92' lang='lat'><strong>,</strong></span> <span class='ocrx_word' id='word_1_233' title='bbox 1576 2659 1827 2713; x_wconf 88' lang='lat' dir='ltr'><strong>apparere</strong></span> 
     </span>
    </p>
   </div>
   <div class='ocr_carea' id='block_1_30' title="bbox 271 2735 1641 2804">
    <p class='ocr_par' dir='ltr' id='par_1_30' title="bbox 271 2735 1641 2804">
     <span class='ocr_line' id='line_1_30' title="bbox 271 2735 1641 2804; baseline 0.001 -17"><span class='ocrx_word' id='word_1_234' title='bbox 271 2735 412 2804; x_wconf 86' lang='lat' dir='ltr'><strong>quod</strong></span> <span class='ocrx_word' id='word_1_235' title='bbox 441 2735 509 2788; x_wconf 90' lang='lat' dir='ltr'><strong>sit</strong></span> <span class='ocrx_word' id='word_1_236' title='bbox 533 2736 761 2804; x_wconf 87' lang='lat' dir='ltr'><strong>Spiritus</strong></span> <span class='ocrx_word' id='word_1_237' title='bbox 784 2737 1086 2791; x_wconf 80' lang='lat' dir='ltr'><strong>Paracletus</strong></span> <span class='ocrx_word' id='word_1_238' title='bbox 1116 2754 1128 2789; x_wconf 87' lang='lat'><strong>:</strong></span> <span class='ocrx_word' id='word_1_239' title='bbox 1162 2752 1194 2790; x_wconf 92' lang='grc' dir='ltr'><strong>ο</strong></span> <span class='ocrx_word' id='word_1_240' title='bbox 1218 2739 1366 2791; x_wconf 88' lang='lat' dir='ltr'><strong>beata</strong></span> <span class='ocrx_word' id='word_1_241' title='bbox 1395 2738 1641 2791; x_wconf 86' lang='lat' dir='ltr'><strong>Trinitas.</strong></span> 
     </span>
    </p>
   </div>
   <div class='ocr_carea' id='block_1_31' title="bbox 344 2823 1822 2894">
    <p class='ocr_par' dir='ltr' id='par_1_31' title="bbox 344 2823 1822 2894">
     <span class='ocr_line' id='line_1_31' title="bbox 344 2823 1822 2894; baseline 0.001 -16"><span class='ocrx_word' id='word_1_242' title='bbox 344 2823 476 2880; x_wconf 84' lang='lat' dir='ltr'><strong>Hinc</strong></span> <span class='ocrx_word' id='word_1_243' title='bbox 514 2826 776 2880; x_wconf 88' lang='lat' dir='ltr'><strong>Christum</strong></span> <span class='ocrx_word' id='word_1_244' title='bbox 805 2828 944 2880; x_wconf 88' lang='lat' dir='ltr'><strong>misit</strong></span> <span class='ocrx_word' id='word_1_245' title='bbox 971 2827 1156 2893; x_wconf 82' lang='lat' dir='ltr'><strong>Pater,</strong></span> <span class='ocrx_word' id='word_1_246' title='bbox 1195 2825 1432 2882; x_wconf 87' lang='lat' dir='ltr'><strong>Christus</strong></span> <span class='ocrx_word' id='word_1_247' title='bbox 1459 2828 1783 2882; x_wconf 89' lang='lat' dir='ltr'><strong>Paracletum</strong></span> <span class='ocrx_word' id='word_1_248' title='bbox 1808 2871 1822 2894; x_wconf 91' lang='lat'><strong>,</strong></span> 
     </span>
    </p>
   </div>
   <div class='ocr_carea' id='block_1_32' title="bbox 273 2910 1824 2986">
    <p class='ocr_par' dir='ltr' id='par_1_32' title="bbox 273 2910 1824 2986">
     <span class='ocr_line' id='line_1_32' title="bbox 273 2910 1824 2986; baseline 0.001 -19"><span class='ocrx_word' id='word_1_249' title='bbox 273 2910 515 2969; x_wconf 84' lang='lat' dir='ltr'><strong>Christus</strong></span> <span class='ocrx_word' id='word_1_250' title='bbox 551 2923 606 2968; x_wconf 91' lang='lat' dir='ltr'><strong>ut</strong></span> <span class='ocrx_word' id='word_1_251' title='bbox 646 2915 917 2970; x_wconf 90' lang='lat' dir='ltr'><strong>Paracleto</strong></span> <span class='ocrx_word' id='word_1_252' title='bbox 940 2958 953 2983; x_wconf 90' lang='lat'><strong>,</strong></span> <span class='ocrx_word' id='word_1_253' title='bbox 995 2914 1206 2970; x_wconf 89' lang='lat' dir='ltr'><strong>Christo</strong></span> <span class='ocrx_word' id='word_1_254' title='bbox 1244 2928 1300 2970; x_wconf 91' lang='lat' dir='ltr'><strong>ut</strong></span> <span class='ocrx_word' id='word_1_255' title='bbox 1327 2927 1603 2986; x_wconf 86' lang='lat' dir='ltr'><strong>appareret</strong></span> <span class='ocrx_word' id='word_1_256' title='bbox 1640 2916 1824 2970; x_wconf 86' lang='lat' dir='ltr'><strong>Pater:</strong></span> 
     </span>
    </p>
   </div>
   <div class='ocr_carea' id='block_1_33' title="bbox 273 3003 757 3062">
    <p class='ocr_par' dir='ltr' id='par_1_33' title="bbox 273 3003 757 3062">
     <span class='ocr_line' id='line_1_33' title="bbox 273 3003 757 3062; baseline 0 -3"><span class='ocrx_word' id='word_1_257' title='bbox 273 3018 307 3060; x_wconf 92' lang='lat' dir='ltr'><strong>o</strong></span> <span class='ocrx_word' id='word_1_258' title='bbox 332 3003 482 3060; x_wconf 84' lang='lat' dir='ltr'><strong>beata</strong></span> <span class='ocrx_word' id='word_1_259' title='bbox 512 3005 757 3062; x_wconf 85' lang='lat' dir='ltr'><strong>Trinitas.</strong></span> 
     </span>
    </p>
   </div>
   <div class='ocr_carea' id='block_1_34' title="bbox 1925 460 3222 537">
    <p class='ocr_par' dir='ltr' id='par_1_34' title="bbox 1925 460 3222 537">
     <span class='ocr_line' id='line_1_34' title="bbox 1925 460 3222 537; baseline -0.009 -15"><span class='ocrx_word' id='word_1_260' title='bbox 1925 481 2250 537; x_wconf 85' lang='lat' dir='ltr'><strong>generansve</strong></span> <span class='ocrx_word' id='word_1_261' title='bbox 2278 464 2567 519; x_wconf 89' lang='lat' dir='ltr'><strong>substantia</strong></span> <span class='ocrx_word' id='word_1_262' title='bbox 2599 479 2657 518; x_wconf 90' lang='lat' dir='ltr'><strong>es</strong></span> <span class='ocrx_word' id='word_1_263' title='bbox 2687 480 2700 516; x_wconf 89' lang='lat'><strong>:</strong></span> <span class='ocrx_word' id='word_1_264' title='bbox 2735 479 2766 516; x_wconf 90' lang='grc' dir='ltr'><strong>ο</strong></span> <span class='ocrx_word' id='word_1_265' title='bbox 2795 463 2951 516; x_wconf 89' lang='lat' dir='ltr'><strong>beata</strong></span> <span class='ocrx_word' id='word_1_266' title='bbox 2974 460 3222 514; x_wconf 84' lang='lat' dir='ltr'><strong>Trinitas.</strong></span> 
     </span>
    </p>
   </div>
   <div class='ocr_carea' id='block_1_35' title="bbox 1998 547 3492 625">
    <p class='ocr_par' dir='ltr' id='par_1_35' title="bbox 1998 547 3492 625">
     <span class='ocr_line' id='line_1_35' title="bbox 1998 547 3492 625; baseline -0.005 -15"><span class='ocrx_word' id='word_1_267' title='bbox 1998 555 2108 610; x_wconf 89' lang='lat' dir='ltr'><strong>Una</strong></span> <span class='ocrx_word' id='word_1_268' title='bbox 2136 556 2294 623; x_wconf 81' lang='lat' dir='ltr'><strong>igitur</strong></span> <span class='ocrx_word' id='word_1_269' title='bbox 2320 555 2455 608; x_wconf 89' lang='lat' dir='ltr'><strong>Deus</strong></span> <span class='ocrx_word' id='word_1_270' title='bbox 2475 594 2487 616; x_wconf 89' lang='lat'><strong>,</strong></span> <span class='ocrx_word' id='word_1_271' title='bbox 2511 555 2650 625; x_wconf 73' lang='grc' dir='ltr'><strong>λόγος</strong></span> <span class='ocrx_word' id='word_1_272' title='bbox 2693 553 3025 621; x_wconf 88' lang='lat' dir='ltr'><strong>Spiritttsque</strong></span> <span class='ocrx_word' id='word_1_273' title='bbox 3061 547 3350 602; x_wconf 88' lang='lat' dir='ltr'><strong>substantia</strong></span> <span class='ocrx_word' id='word_1_274' title='bbox 3377 555 3456 602; x_wconf 89' lang='lat' dir='ltr'><strong>est</strong></span> <span class='ocrx_word' id='word_1_275' title='bbox 3479 588 3492 611; x_wconf 94' lang='lat'><strong>,</strong></span> 
     </span>
    </p>
   </div>
   <div class='ocr_carea' id='block_1_36' title="bbox 1928 637 3488 710">
    <p class='ocr_par' dir='ltr' id='par_1_36' title="bbox 1928 637 3488 710">
     <span class='ocr_line' id='line_1_36' title="bbox 1928 637 3488 710; baseline -0.007 -10"><span class='ocrx_word' id='word_1_276' title='bbox 1928 661 2145 700; x_wconf 88' lang='lat' dir='ltr'><strong>manens</strong></span> <span class='ocrx_word' id='word_1_277' title='bbox 2175 646 2226 698; x_wconf 88' lang='lat' dir='ltr'><strong>itt</strong></span> <span class='ocrx_word' id='word_1_278' title='bbox 2260 645 2446 709; x_wconf 90' lang='lat' dir='ltr'><strong>tribus,</strong></span> <span class='ocrx_word' id='word_1_279' title='bbox 2483 645 2820 710; x_wconf 85' lang='lat' dir='ltr'><strong>existensque</strong></span> <span class='ocrx_word' id='word_1_280' title='bbox 2849 653 2928 693; x_wconf 90' lang='lat' dir='ltr'><strong>ter</strong></span> <span class='ocrx_word' id='word_1_281' title='bbox 2949 640 2999 692; x_wconf 92' lang='lat' dir='ltr'><strong>in</strong></span> <span class='ocrx_word' id='word_1_282' title='bbox 3032 637 3276 692; x_wconf 90' lang='lat' dir='ltr'><strong>omnibus</strong></span> <span class='ocrx_word' id='word_1_283' title='bbox 3306 637 3488 690; x_wconf 87' lang='lat' dir='ltr'><strong>tribus.</strong></span> 
     </span>
    </p>
   </div>
   <div class='ocr_carea' id='block_1_37' title="bbox 1929 725 3492 798">
    <p class='ocr_par' dir='ltr' id='par_1_37' title="bbox 1929 725 3492 798">
     <span class='ocr_line' id='line_1_37' title="bbox 1929 725 3492 798; baseline -0.008 -9"><span class='ocrx_word' id='word_1_284' title='bbox 1929 735 2038 790; x_wconf 91' lang='lat' dir='ltr'><strong>lIoc</strong></span> <span class='ocrx_word' id='word_1_285' title='bbox 2067 747 2241 788; x_wconf 91' lang='lat' dir='ltr'><strong>autem</strong></span> <span class='ocrx_word' id='word_1_286' title='bbox 2270 745 2318 787; x_wconf 87' lang='lat' dir='ltr'><strong>et</strong></span> <span class='ocrx_word' id='word_1_287' title='bbox 2347 731 2513 786; x_wconf 81' lang='lat' dir='ltr'><strong>forma</strong></span> <span class='ocrx_word' id='word_1_288' title='bbox 2541 740 2593 784; x_wconf 90' lang='lat' dir='ltr'><strong>et</strong></span> <span class='ocrx_word' id='word_1_289' title='bbox 2630 730 2999 798; x_wconf 86' lang='lat' dir='ltr'><strong>cognoscentia</strong></span> <span class='ocrx_word' id='word_1_290' title='bbox 3021 735 3128 788; x_wconf 90' lang='lat' dir='ltr'><strong>est,</strong></span> <span class='ocrx_word' id='word_1_291' title='bbox 3157 725 3231 779; x_wconf 91' lang='lat' dir='ltr'><strong>sic</strong></span> <span class='ocrx_word' id='word_1_292' title='bbox 3261 725 3492 794; x_wconf 87' lang='lat' dir='ltr'><strong>triplica-</strong></span> 
     </span>
    </p>
   </div>
   <div class='ocr_carea' id='block_1_38' title="bbox 1929 817 3353 893">
    <p class='ocr_par' dir='ltr' id='par_1_38' title="bbox 1929 817 3353 893">
     <span class='ocr_line' id='line_1_38' title="bbox 1929 817 3353 893; baseline -0.008 -13"><span class='ocrx_word' id='word_1_293' title='bbox 1929 833 2010 880; x_wconf 88' lang='lat' dir='ltr'><strong>tur</strong></span> <span class='ocrx_word' id='word_1_294' title='bbox 2031 825 2202 879; x_wconf 92' lang='lat' dir='ltr'><strong>omnis</strong></span> <span class='ocrx_word' id='word_1_295' title='bbox 2223 825 2445 893; x_wconf 84' lang='lat' dir='ltr'><strong>simplex</strong></span> <span class='ocrx_word' id='word_1_296' title='bbox 2474 822 2809 891; x_wconf 84' lang='lat' dir='ltr'><strong>singularitas</strong></span> <span class='ocrx_word' id='word_1_297' title='bbox 2833 838 2844 870; x_wconf 90' lang='lat'><strong>:</strong></span> <span class='ocrx_word' id='word_1_298' title='bbox 2873 834 2905 872; x_wconf 94' lang='lat' dir='ltr'><strong>o</strong></span> <span class='ocrx_word' id='word_1_299' title='bbox 2932 820 3081 873; x_wconf 88' lang='lat' dir='ltr'><strong>beata</strong></span> <span class='ocrx_word' id='word_1_300' title='bbox 3109 817 3353 870; x_wconf 87' lang='lat' dir='ltr'><strong>Trinitas.</strong></span> 
     </span>
    </p>
   </div>
   <div class='ocr_carea' id='block_1_39' title="bbox 2003 908 3493 982">
    <p class='ocr_par' dir='ltr' id='par_1_39' title="bbox 2003 908 3493 982">
     <span class='ocr_line' id='line_1_39' title="bbox 2003 908 3493 982; baseline -0.006 -13"><span class='ocrx_word' id='word_1_301' title='bbox 2003 915 2104 980; x_wconf 90' lang='lat' dir='ltr'><strong>Tu,</strong></span> <span class='ocrx_word' id='word_1_302' title='bbox 2133 915 2269 968; x_wconf 87' lang='lat' dir='ltr'><strong>Deus</strong></span> <span class='ocrx_word' id='word_1_303' title='bbox 2296 913 2579 982; x_wconf 82' lang='lat' dir='ltr'><strong>incognite,</strong></span> <span class='ocrx_word' id='word_1_304' title='bbox 2612 921 2666 964; x_wconf 91' lang='lat' dir='ltr'><strong>tu</strong></span> <span class='ocrx_word' id='word_1_305' title='bbox 2693 908 3237 976; x_wconf 87' lang='lat' dir='ltr'><strong>incomprehensibilis</strong></span> <span class='ocrx_word' id='word_1_306' title='bbox 3264 908 3400 961; x_wconf 91' lang='lat' dir='ltr'><strong>Deus</strong></span> <span class='ocrx_word' id='word_1_307' title='bbox 3415 920 3493 971; x_wconf 90' lang='lat' dir='ltr'><strong>es,</strong></span> 
     </span>
    </p>
   </div>
   <div class='ocr_carea' id='block_1_40' title="bbox 1927 997 3484 1074">
    <p class='ocr_par' dir='ltr' id='par_1_40' title="bbox 1927 997 3484 1074">
     <span class='ocr_line' id='line_1_40' title="bbox 1927 997 3484 1074; baseline -0.006 -14"><span class='ocrx_word' id='word_1_308' title='bbox 1927 1006 2020 1060; x_wconf 90' lang='lat' dir='ltr'><strong>sed</strong></span> <span class='ocrx_word' id='word_1_309' title='bbox 2051 1006 2296 1074; x_wconf 76' lang='lat' dir='ltr'><strong>incogniti</strong></span> <span class='ocrx_word' id='word_1_310' title='bbox 2324 1000 3043 1072; x_wconf 87' lang='lat' dir='ltr'><strong>atqueincomprehensibilis</strong></span> <span class='ocrx_word' id='word_1_311' title='bbox 3076 999 3210 1052; x_wconf 89' lang='lat' dir='ltr'><strong>Deus</strong></span> <span class='ocrx_word' id='word_1_312' title='bbox 3232 1012 3308 1062; x_wconf 91' lang='lat' dir='ltr'><strong>es,</strong></span> <span class='ocrx_word' id='word_1_313' title='bbox 3338 997 3484 1064; x_wconf 90' lang='lat' dir='ltr'><strong>quasi</strong></span> 
     </span>
    </p>
   </div>
   <div class='ocr_carea' id='block_1_41' title="bbox 1928 1084 3492 1164">
    <p class='ocr_par' dir='ltr' id='par_1_41' title="bbox 1928 1084 3492 1164">
     <span class='ocr_line' id='line_1_41' title="bbox 1928 1084 3492 1164; baseline -0.006 -15"><span class='ocrx_word' id='word_1_314' title='bbox 1928 1095 2164 1164; x_wconf 86' lang='lat' dir='ltr'><strong>quedam</strong></span> <span class='ocrx_word' id='word_1_315' title='bbox 2214 1095 2383 1147; x_wconf 84' lang='lat' dir='ltr'><strong>forma</strong></span> <span class='ocrx_word' id='word_1_316' title='bbox 2427 1094 2542 1146; x_wconf 89' lang='lat' dir='ltr'><strong>sine</strong></span> <span class='ocrx_word' id='word_1_317' title='bbox 2586 1093 2749 1144; x_wconf 81' lang='lat' dir='ltr'><strong>forma</strong></span> <span class='ocrx_word' id='word_1_318' title='bbox 2793 1098 2891 1144; x_wconf 89' lang='lat' dir='ltr'><strong>cst.</strong></span> <span class='ocrx_word' id='word_1_319' title='bbox 2930 1089 3061 1142; x_wconf 88' lang='lat' dir='ltr'><strong>Ilinc</strong></span> <span class='ocrx_word' id='word_1_320' title='bbox 3088 1104 3180 1156; x_wconf 90' lang='lat' dir='ltr'><strong>pro</strong></span> <span class='ocrx_word' id='word_1_321' title='bbox 3215 1084 3267 1140; x_wconf 82' lang='grc' dir='ltr'>ὂν</span> <span class='ocrx_word' id='word_1_322' title='bbox 3293 1103 3408 1140; x_wconf 85' lang='lat' dir='ltr'><strong>eum</strong></span> <span class='ocrx_word' id='word_1_323' title='bbox 3441 1087 3492 1141; x_wconf 77' lang='grc' dir='ltr'><strong>ὗν</strong></span> 
     </span>
    </p>
   </div>
   <div class='ocr_carea' id='block_1_42' title="bbox 1928 1178 3489 1254">
    <p class='ocr_par' dir='ltr' id='par_1_42' title="bbox 1928 1178 3489 1254">
     <span class='ocr_line' id='line_1_42' title="bbox 1928 1178 3489 1254; baseline -0.006 -14"><span class='ocrx_word' id='word_1_324' title='bbox 1928 1187 2118 1240; x_wconf 86' lang='lat' dir='ltr'><strong>diceris</strong></span> <span class='ocrx_word' id='word_1_325' title='bbox 2151 1188 2313 1254; x_wconf 84' lang='lat' dir='ltr'><strong>magis</strong></span> <span class='ocrx_word' id='word_1_326' title='bbox 2342 1183 2574 1237; x_wconf 79' lang='lat' dir='ltr'><strong>defectus</strong></span> <span class='ocrx_word' id='word_1_327' title='bbox 2612 1197 2672 1235; x_wconf 90' lang='lat' dir='ltr'><strong>ac</strong></span> <span class='ocrx_word' id='word_1_328' title='bbox 2703 1182 2930 1248; x_wconf 84' lang='lat' dir='ltr'><strong>requies.</strong></span> <span class='ocrx_word' id='word_1_329' title='bbox 2963 1179 3092 1232; x_wconf 91' lang='lat' dir='ltr'><strong>llinc</strong></span> <span class='ocrx_word' id='word_1_330' title='bbox 3115 1178 3369 1232; x_wconf 86' lang='lat' dir='ltr'><strong>cessantis</strong></span> <span class='ocrx_word' id='word_1_331' title='bbox 3400 1191 3489 1231; x_wconf 81' lang='lat' dir='ltr'><strong>co-</strong></span> 
     </span>
    </p>
   </div>
   <div class='ocr_carea' id='block_1_43' title="bbox 1929 1267 3440 1348">
    <p class='ocr_par' dir='ltr' id='par_1_43' title="bbox 1929 1267 3440 1348">
     <span class='ocr_line' id='line_1_43' title="bbox 1929 1267 3440 1348; baseline -0.007 -18"><span class='ocrx_word' id='word_1_332' title='bbox 1929 1279 2250 1348; x_wconf 73' lang='lat' dir='ltr'><strong>gnoscentiat</strong></span> <span class='ocrx_word' id='word_1_333' title='bbox 2282 1276 2444 1327; x_wconf 80' lang='lat' dir='ltr'><strong>forma</strong></span> <span class='ocrx_word' id='word_1_334' title='bbox 2475 1282 2556 1326; x_wconf 88' lang='lat' dir='ltr'><strong>est</strong></span> <span class='ocrx_word' id='word_1_335' title='bbox 2593 1271 2877 1325; x_wconf 76' lang='lat' dir='ltr'><strong>noscentitn</strong></span> <span class='ocrx_word' id='word_1_336' title='bbox 2907 1287 2919 1322; x_wconf 88' lang='lat'><strong>:</strong></span> <span class='ocrx_word' id='word_1_337' title='bbox 2955 1284 2987 1322; x_wconf 94' lang='lat' dir='ltr'><strong>o</strong></span> <span class='ocrx_word' id='word_1_338' title='bbox 3017 1270 3165 1322; x_wconf 88' lang='lat' dir='ltr'><strong>beata</strong></span> <span class='ocrx_word' id='word_1_339' title='bbox 3191 1267 3440 1320; x_wconf 89' lang='lat' dir='ltr'><strong>Trinitas.</strong></span> 
     </span>
    </p>
   </div>
   <div class='ocr_carea' id='block_1_44' title="bbox 1998 1358 3492 1436">
    <p class='ocr_par' dir='ltr' id='par_1_44' title="bbox 1998 1358 3492 1436">
     <span class='ocr_line' id='line_1_44' title="bbox 1998 1358 3492 1436; baseline -0.008 -17"><span class='ocrx_word' id='word_1_340' title='bbox 1998 1365 2077 1419; x_wconf 88' lang='lat' dir='ltr'><strong>Tu</strong></span> <span class='ocrx_word' id='word_1_341' title='bbox 2105 1367 2245 1436; x_wconf 75' lang='grc' dir='ltr'><strong>λόγος</strong></span> <span class='ocrx_word' id='word_1_342' title='bbox 2275 1363 2441 1416; x_wconf 80' lang='lat' dir='ltr'><strong>forma</strong></span> <span class='ocrx_word' id='word_1_343' title='bbox 2471 1377 2588 1415; x_wconf 91' lang='lat' dir='ltr'><strong>cum</strong></span> <span class='ocrx_word' id='word_1_344' title='bbox 2614 1363 2705 1426; x_wconf 88' lang='lat' dir='ltr'><strong>sis,</strong></span> <span class='ocrx_word' id='word_1_345' title='bbox 2731 1360 2894 1413; x_wconf 81' lang='lat' dir='ltr'><strong>forma</strong></span> <span class='ocrx_word' id='word_1_346' title='bbox 2919 1358 3078 1427; x_wconf 89' lang='lat' dir='ltr'><strong>patris</strong></span> <span class='ocrx_word' id='word_1_347' title='bbox 3100 1372 3156 1410; x_wconf 89' lang='lat' dir='ltr'><strong>es</strong></span> <span class='ocrx_word' id='word_1_348' title='bbox 3181 1374 3193 1408; x_wconf 92' lang='lat'><strong>:</strong></span> <span class='ocrx_word' id='word_1_349' title='bbox 3221 1358 3341 1410; x_wconf 91' lang='lat' dir='ltr'><strong>hinc</strong></span> <span class='ocrx_word' id='word_1_350' title='bbox 3366 1369 3492 1424; x_wconf 91' lang='lat' dir='ltr'><strong>ergo</strong></span> 
     </span>
    </p>
   </div>
   <div class='ocr_carea' id='block_1_45' title="bbox 1929 1445 3488 1524">
    <p class='ocr_par' dir='ltr' id='par_1_45' title="bbox 1929 1445 3488 1524">
     <span class='ocr_line' id='line_1_45' title="bbox 1929 1445 3488 1524; baseline -0.008 -15"><span class='ocrx_word' id='word_1_351' title='bbox 1929 1465 1982 1510; x_wconf 91' lang='lat' dir='ltr'><strong>et</strong></span> <span class='ocrx_word' id='word_1_352' title='bbox 2023 1457 2193 1524; x_wconf 81' lang='lat' dir='ltr'><strong>imago</strong></span> <span class='ocrx_word' id='word_1_353' title='bbox 2226 1457 2385 1523; x_wconf 89' lang='lat' dir='ltr'><strong>patris</strong></span> <span class='ocrx_word' id='word_1_354' title='bbox 2419 1469 2495 1507; x_wconf 90' lang='lat' dir='ltr'><strong>es.</strong></span> <span class='ocrx_word' id='word_1_355' title='bbox 2540 1451 2605 1505; x_wconf 86' lang='lat' dir='ltr'><strong>Et</strong></span> <span class='ocrx_word' id='word_1_356' title='bbox 2641 1467 2758 1504; x_wconf 90' lang='lat' dir='ltr'><strong>cmn</strong></span> <span class='ocrx_word' id='word_1_357' title='bbox 2791 1449 2956 1503; x_wconf 80' lang='lat' dir='ltr'><strong>forma</strong></span> <span class='ocrx_word' id='word_1_358' title='bbox 2982 1449 3140 1516; x_wconf 79' lang='lat' dir='ltr'><strong>patris</strong></span> <span class='ocrx_word' id='word_1_359' title='bbox 3170 1463 3257 1510; x_wconf 89' lang='lat' dir='ltr'><strong>es,</strong></span> <span class='ocrx_word' id='word_1_360' title='bbox 3289 1458 3367 1499; x_wconf 90' lang='lat' dir='ltr'><strong>est</strong></span> <span class='ocrx_word' id='word_1_361' title='bbox 3400 1445 3488 1498; x_wconf 91' lang='lat' dir='ltr'><strong>tibi</strong></span> 
     </span>
    </p>
   </div>
   <div class='ocr_carea' id='block_1_46' title="bbox 1928 1539 3491 1614">
    <p class='ocr_par' dir='ltr' id='par_1_46' title="bbox 1928 1539 3491 1614">
     <span class='ocr_line' id='line_1_46' title="bbox 1928 1539 3491 1614; baseline -0.004 -17"><span class='ocrx_word' id='word_1_362' title='bbox 1928 1542 2094 1599; x_wconf 75' lang='lat' dir='ltr'><strong>forma</strong></span> <span class='ocrx_word' id='word_1_363' title='bbox 2143 1557 2194 1600; x_wconf 92' lang='lat' dir='ltr'><strong>et</strong></span> <span class='ocrx_word' id='word_1_364' title='bbox 2222 1545 2332 1614; x_wconf 90' lang='lat' dir='ltr'><strong>ipsa</strong></span> <span class='ocrx_word' id='word_1_365' title='bbox 2380 1544 2705 1607; x_wconf 88' lang='lat' dir='ltr'><strong>substantia,</strong></span> <span class='ocrx_word' id='word_1_366' title='bbox 2753 1551 2808 1596; x_wconf 92' lang='lat' dir='ltr'><strong>et</strong></span> <span class='ocrx_word' id='word_1_367' title='bbox 2843 1543 2962 1610; x_wconf 84' lang='lat' dir='ltr'><strong>quia</strong></span> <span class='ocrx_word' id='word_1_368' title='bbox 3005 1545 3169 1594; x_wconf 78' lang='lat' dir='ltr'><strong>l’orma</strong></span> <span class='ocrx_word' id='word_1_369' title='bbox 3215 1539 3397 1592; x_wconf 90' lang='lat' dir='ltr'><strong>eadem</strong></span> <span class='ocrx_word' id='word_1_370' title='bbox 3439 1547 3491 1592; x_wconf 91' lang='lat' dir='ltr'><strong>ct</strong></span> 
     </span>
    </p>
   </div>
   <div class='ocr_carea' id='block_1_47' title="bbox 1929 1627 3488 1691">
    <p class='ocr_par' dir='ltr' id='par_1_47' title="bbox 1929 1627 3488 1691">
     <span class='ocr_line' id='line_1_47' title="bbox 1929 1627 3488 1691; baseline -0.006 -2"><span class='ocrx_word' id='word_1_371' title='bbox 1929 1637 2213 1690; x_wconf 87' lang='lat' dir='ltr'><strong>substantia</strong></span> <span class='ocrx_word' id='word_1_372' title='bbox 2260 1642 2341 1686; x_wconf 90' lang='lat' dir='ltr'><strong>est</strong></span> <span class='ocrx_word' id='word_1_373' title='bbox 2371 1653 2382 1686; x_wconf 90' lang='lat'>:</span> <span class='ocrx_word' id='word_1_374' title='bbox 2417 1635 2535 1686; x_wconf 90' lang='lat' dir='ltr'><strong>hinc</strong></span> <span class='ocrx_word' id='word_1_375' title='bbox 2565 1634 2614 1685; x_wconf 91' lang='lat' dir='ltr'><strong>in</strong></span> <span class='ocrx_word' id='word_1_376' title='bbox 2649 1640 2698 1684; x_wconf 88' lang='lat' dir='ltr'><strong>te</strong></span> <span class='ocrx_word' id='word_1_377' title='bbox 2742 1631 2895 1684; x_wconf 85' lang='lat' dir='ltr'><strong>Pater</strong></span> <span class='ocrx_word' id='word_1_378' title='bbox 2931 1639 3040 1691; x_wconf 86' lang='lat' dir='ltr'><strong>est,</strong></span> <span class='ocrx_word' id='word_1_379' title='bbox 3069 1637 3122 1682; x_wconf 90' lang='lat' dir='ltr'><strong>et</strong></span> <span class='ocrx_word' id='word_1_380' title='bbox 3145 1636 3199 1680; x_wconf 93' lang='lat' dir='ltr'><strong>tu</strong></span> <span class='ocrx_word' id='word_1_381' title='bbox 3224 1628 3274 1681; x_wconf 92' lang='lat' dir='ltr'><strong>in</strong></span> <span class='ocrx_word' id='word_1_382' title='bbox 3315 1627 3488 1681; x_wconf 85' lang='lat' dir='ltr'><strong>Patre.</strong></span> 
     </span>
    </p>
   </div>
   <div class='ocr_carea' id='block_1_48' title="bbox 1858 1721 3488 1796">
    <p class='ocr_par' dir='ltr' id='par_1_48' title="bbox 1858 1721 3488 1796">
     <span class='ocr_line' id='line_1_48' title="bbox 1858 1721 3488 1796; baseline -0.005 -16"><span class='ocrx_word' id='word_1_383' title='bbox 1858 1730 1900 1787; x_wconf 82' lang='grc' dir='ltr'><strong>Β</strong></span> <span class='ocrx_word' id='word_1_384' title='bbox 1926 1727 2053 1782; x_wconf 84' lang='lat' dir='ltr'><strong>Item</strong></span> <span class='ocrx_word' id='word_1_385' title='bbox 2081 1729 2200 1796; x_wconf 89' lang='lat' dir='ltr'><strong>quia</strong></span> <span class='ocrx_word' id='word_1_386' title='bbox 2229 1729 2398 1781; x_wconf 78' lang='lat' dir='ltr'><strong>forma</strong></span> <span class='ocrx_word' id='word_1_387' title='bbox 2425 1741 2480 1779; x_wconf 91' lang='lat' dir='ltr'><strong>es</strong></span> <span class='ocrx_word' id='word_1_388' title='bbox 2503 1767 2515 1789; x_wconf 92' lang='lat'><strong>,</strong></span> <span class='ocrx_word' id='word_1_389' title='bbox 2549 1725 2692 1778; x_wconf 89' lang='lat' dir='ltr'><strong>notio</strong></span> <span class='ocrx_word' id='word_1_390' title='bbox 2721 1723 2789 1777; x_wconf 90' lang='lat' dir='ltr'><strong>ibi</strong></span> <span class='ocrx_word' id='word_1_391' title='bbox 2817 1735 2893 1777; x_wconf 90' lang='lat' dir='ltr'><strong>est</strong></span> <span class='ocrx_word' id='word_1_392' title='bbox 2919 1763 2932 1786; x_wconf 90' lang='lat'><strong>,</strong></span> <span class='ocrx_word' id='word_1_393' title='bbox 2963 1736 3088 1790; x_wconf 88' lang='lat' dir='ltr'><strong>ergo</strong></span> <span class='ocrx_word' id='word_1_394' title='bbox 3121 1730 3174 1774; x_wconf 90' lang='lat' dir='ltr'><strong>et</strong></span> <span class='ocrx_word' id='word_1_395' title='bbox 3200 1721 3488 1775; x_wconf 88' lang='lat' dir='ltr'><strong>substantia</strong></span> 
     </span>
    </p>
   </div>
   <div class='ocr_carea' id='block_1_49' title="bbox 1926 1812 3487 1884">
    <p class='ocr_par' dir='ltr' id='par_1_49' title="bbox 1926 1812 3487 1884">
     <span class='ocr_line' id='line_1_49' title="bbox 1926 1812 3487 1884; baseline -0.005 -10"><span class='ocrx_word' id='word_1_396' title='bbox 1926 1821 2015 1874; x_wconf 90' lang='lat' dir='ltr'><strong>tibi</strong></span> <span class='ocrx_word' id='word_1_397' title='bbox 2057 1831 2174 1874; x_wconf 69' lang='lat' dir='ltr'><strong>uota</strong></span> <span class='ocrx_word' id='word_1_398' title='bbox 2195 1861 2207 1884; x_wconf 91' lang='lat'><strong>,</strong></span> <span class='ocrx_word' id='word_1_399' title='bbox 2240 1835 2303 1872; x_wconf 81' lang='lat' dir='ltr'><strong>ex</strong></span> <span class='ocrx_word' id='word_1_400' title='bbox 2333 1819 2431 1872; x_wconf 90' lang='lat' dir='ltr'><strong>hoc</strong></span> <span class='ocrx_word' id='word_1_401' title='bbox 2460 1828 2616 1871; x_wconf 90' lang='lat' dir='ltr'><strong>notus</strong></span> <span class='ocrx_word' id='word_1_402' title='bbox 2655 1828 2704 1869; x_wconf 92' lang='lat' dir='ltr'><strong>ct</strong></span> <span class='ocrx_word' id='word_1_403' title='bbox 2733 1815 2888 1868; x_wconf 85' lang='lat' dir='ltr'><strong>Pater</strong></span> <span class='ocrx_word' id='word_1_404' title='bbox 2915 1823 3012 1867; x_wconf 91' lang='lat' dir='ltr'><strong>est.</strong></span> <span class='ocrx_word' id='word_1_405' title='bbox 3055 1812 3258 1881; x_wconf 82' lang='lat' dir='ltr'><strong>Quippe</strong></span> <span class='ocrx_word' id='word_1_406' title='bbox 3281 1826 3398 1865; x_wconf 89' lang='lat' dir='ltr'><strong>cum</strong></span> <span class='ocrx_word' id='word_1_407' title='bbox 3436 1812 3487 1866; x_wconf 91' lang='lat' dir='ltr'><strong>iu</strong></span> 
     </span>
    </p>
   </div>
   <div class='ocr_carea' id='block_1_50' title="bbox 1925 1901 3486 1976">
    <p class='ocr_par' dir='ltr' id='par_1_50' title="bbox 1925 1901 3486 1976">
     <span class='ocr_line' id='line_1_50' title="bbox 1925 1901 3486 1976; baseline -0.005 -12"><span class='ocrx_word' id='word_1_408' title='bbox 1925 1912 2040 1964; x_wconf 87' lang='lat' dir='ltr'><strong>sinu</strong></span> <span class='ocrx_word' id='word_1_409' title='bbox 2065 1911 2177 1976; x_wconf 78' lang='lat' dir='ltr'><strong>ejus</strong></span> <span class='ocrx_word' id='word_1_410' title='bbox 2203 1909 2274 1962; x_wconf 90' lang='lat' dir='ltr'><strong>sis</strong></span> <span class='ocrx_word' id='word_1_411' title='bbox 2294 1911 2360 1962; x_wconf 90' lang='lat' dir='ltr'><strong>ab</strong></span> <span class='ocrx_word' id='word_1_412' title='bbox 2381 1923 2442 1962; x_wconf 90' lang='lat' dir='ltr'><strong>eo</strong></span> <span class='ocrx_word' id='word_1_413' title='bbox 2464 1910 2690 1976; x_wconf 83' lang='lat' dir='ltr'><strong>genitus,</strong></span> <span class='ocrx_word' id='word_1_414' title='bbox 2715 1920 2896 1958; x_wconf 82' lang='lat' dir='ltr'><strong>verum</strong></span> <span class='ocrx_word' id='word_1_415' title='bbox 2919 1918 3044 1973; x_wconf 89' lang='lat' dir='ltr'><strong>ergo</strong></span> <span class='ocrx_word' id='word_1_416' title='bbox 3065 1913 3116 1956; x_wconf 91' lang='lat' dir='ltr'><strong>et</strong></span> <span class='ocrx_word' id='word_1_417' title='bbox 3135 1912 3188 1956; x_wconf 89' lang='lat' dir='ltr'><strong>tu</strong></span> <span class='ocrx_word' id='word_1_418' title='bbox 3209 1901 3260 1955; x_wconf 82' lang='grc' dir='ltr'><strong>ὃν</strong></span> <span class='ocrx_word' id='word_1_419' title='bbox 3285 1917 3486 1973; x_wconf 78' lang='lat' dir='ltr'><strong>verum,</strong></span> 
     </span>
    </p>
   </div>
   <div class='ocr_carea' id='block_1_51' title="bbox 1925 1993 3485 2063">
    <p class='ocr_par' dir='ltr' id='par_1_51' title="bbox 1925 1993 3485 2063">
     <span class='ocr_line' id='line_1_51' title="bbox 1925 1993 3485 2063; baseline -0.006 -8"><span class='ocrx_word' id='word_1_420' title='bbox 1925 2004 1975 2055; x_wconf 80' lang='grc' dir='ltr'><em>ἐκ</em></span> <span class='ocrx_word' id='word_1_421' title='bbox 1998 2009 2086 2055; x_wconf 83' lang='grc' dir='ltr'><strong>τοῦ</strong></span> <span class='ocrx_word' id='word_1_422' title='bbox 2114 1998 2250 2060; x_wconf 77' lang='grc' dir='ltr'><strong>ὄντος</strong></span> <span class='ocrx_word' id='word_1_423' title='bbox 2277 2003 2334 2055; x_wconf 87' lang='grc' dir='ltr'><strong>τὸ</strong></span> <span class='ocrx_word' id='word_1_424' title='bbox 2363 1998 2446 2052; x_wconf 80' lang='grc' dir='ltr'><strong>ὂν;</strong></span> <span class='ocrx_word' id='word_1_425' title='bbox 2476 1997 2643 2053; x_wconf 89' lang='lat' dir='ltr'><strong>Omne</strong></span> <span class='ocrx_word' id='word_1_426' title='bbox 2671 2005 2844 2050; x_wconf 91' lang='lat' dir='ltr'><strong>autem</strong></span> <span class='ocrx_word' id='word_1_427' title='bbox 2871 1993 2922 2049; x_wconf 76' lang='grc' dir='ltr'><strong>δν</strong></span> <span class='ocrx_word' id='word_1_428' title='bbox 2949 2009 3158 2063; x_wconf 86' lang='lat' dir='ltr'><strong>semper</strong></span> <span class='ocrx_word' id='word_1_429' title='bbox 3189 1994 3239 2046; x_wconf 92' lang='lat' dir='ltr'><strong>in</strong></span> <span class='ocrx_word' id='word_1_430' title='bbox 3277 1993 3443 2047; x_wconf 89' lang='lat' dir='ltr'><strong>tribus</strong></span> <span class='ocrx_word' id='word_1_431' title='bbox 3473 1999 3485 2032; x_wconf 73' lang='grc' dir='ltr'>ε</span> 
     </span>
    </p>
   </div>
   <div class='ocr_carea' id='block_1_52' title="bbox 1933 2091 2427 2146">
    <p class='ocr_par' dir='ltr' id='par_1_52' title="bbox 1933 2091 2427 2146">
     <span class='ocr_line' id='line_1_52' title="bbox 1933 2091 2427 2146; baseline -0.006 -1"><span class='ocrx_word' id='word_1_432' title='bbox 1933 2107 1965 2145; x_wconf 96' lang='lat' dir='ltr'><strong>o</strong></span> <span class='ocrx_word' id='word_1_433' title='bbox 1997 2094 2148 2146; x_wconf 90' lang='lat' dir='ltr'><strong>beata</strong></span> <span class='ocrx_word' id='word_1_434' title='bbox 2179 2091 2427 2144; x_wconf 85' lang='lat' dir='ltr'><strong>Trinitas.</strong></span> 
     </span>
    </p>
   </div>
   <div class='ocr_carea' id='block_1_53' title="bbox 1994 2173 3485 2250">
    <p class='ocr_par' dir='ltr' id='par_1_53' title="bbox 1994 2173 3485 2250">
     <span class='ocr_line' id='line_1_53' title="bbox 1994 2173 3485 2250; baseline -0.008 -14"><span class='ocrx_word' id='word_1_435' title='bbox 1994 2182 2093 2245; x_wconf 88' lang='lat' dir='ltr'><strong>Tu,</strong></span> <span class='ocrx_word' id='word_1_436' title='bbox 2127 2182 2354 2250; x_wconf 90' lang='lat' dir='ltr'><strong>Spiritus</strong></span> <span class='ocrx_word' id='word_1_437' title='bbox 2377 2188 2579 2242; x_wconf 84' lang='lat' dir='ltr'><strong>sancte,</strong></span> <span class='ocrx_word' id='word_1_438' title='bbox 2609 2178 2872 2232; x_wconf 81' lang='lat' dir='ltr'><strong>connexio</strong></span> <span class='ocrx_word' id='word_1_439' title='bbox 2902 2191 2962 2231; x_wconf 78' lang='lat' dir='ltr'><strong>es</strong></span> <span class='ocrx_word' id='word_1_440' title='bbox 2991 2192 3003 2227; x_wconf 89' lang='lat'><strong>:</strong></span> <span class='ocrx_word' id='word_1_441' title='bbox 3035 2173 3294 2230; x_wconf 82' lang='lat' dir='ltr'><strong>connexio</strong></span> <span class='ocrx_word' id='word_1_442' title='bbox 3314 2180 3485 2226; x_wconf 86' lang='lat' dir='ltr'><strong>autem</strong></span> 
     </span>
    </p>
   </div>
   <div class='ocr_carea' id='block_1_54' title="bbox 1927 2262 3486 2341">
    <p class='ocr_par' dir='ltr' id='par_1_54' title="bbox 1927 2262 3486 2341">
     <span class='ocr_line' id='line_1_54' title="bbox 1927 2262 3486 2341; baseline -0.007 -16"><span class='ocrx_word' id='word_1_443' title='bbox 1927 2281 2007 2326; x_wconf 90' lang='lat' dir='ltr'><strong>est</strong></span> <span class='ocrx_word' id='word_1_444' title='bbox 2025 2312 2038 2336; x_wconf 90' lang='lat'><strong>,</strong></span> <span class='ocrx_word' id='word_1_445' title='bbox 2071 2271 2320 2341; x_wconf 86' lang='lat' dir='ltr'><strong>quidquid</strong></span> <span class='ocrx_word' id='word_1_446' title='bbox 2348 2270 2611 2324; x_wconf 89' lang='lat' dir='ltr'><strong>connectit</strong></span> <span class='ocrx_word' id='word_1_447' title='bbox 2639 2269 2766 2330; x_wconf 89' lang='lat' dir='ltr'><strong>duo,</strong></span> <span class='ocrx_word' id='word_1_448' title='bbox 2798 2269 2867 2320; x_wconf 91' lang='lat' dir='ltr'><strong>ita</strong></span> <span class='ocrx_word' id='word_1_449' title='bbox 2891 2275 2945 2319; x_wconf 91' lang='lat' dir='ltr'><strong>ut</strong></span> <span class='ocrx_word' id='word_1_450' title='bbox 2965 2275 3248 2319; x_wconf 79' lang='lat' dir='ltr'><strong>conneCIas</strong></span> <span class='ocrx_word' id='word_1_451' title='bbox 3273 2262 3446 2315; x_wconf 86' lang='lat' dir='ltr'><strong>omnia</strong></span> <span class='ocrx_word' id='word_1_452' title='bbox 3471 2302 3486 2328; x_wconf 92' lang='lat'><strong>,</strong></span> 
     </span>
    </p>
   </div>
   <div class='ocr_carea' id='block_1_55' title="bbox 1932 2353 3492 2433">
    <p class='ocr_par' dir='ltr' id='par_1_55' title="bbox 1932 2353 3492 2433">
     <span class='ocr_line' id='line_1_55' title="bbox 1932 2353 3492 2433; baseline -0.007 -16"><span class='ocrx_word' id='word_1_453' title='bbox 1932 2366 2103 2433; x_wconf 89' lang='lat' dir='ltr'><strong>primo</strong></span> <span class='ocrx_word' id='word_1_454' title='bbox 2149 2362 2419 2416; x_wconf 89' lang='lat' dir='ltr'><strong>connectis</strong></span> <span class='ocrx_word' id='word_1_455' title='bbox 2457 2361 2599 2424; x_wconf 88' lang='lat' dir='ltr'><strong>duo,</strong></span> <span class='ocrx_word' id='word_1_456' title='bbox 2627 2373 2787 2428; x_wconf 88' lang='lat' dir='ltr'><strong>esque</strong></span> <span class='ocrx_word' id='word_1_457' title='bbox 2837 2359 2946 2426; x_wconf 75' lang='lat' dir='ltr'><strong>ipsa</strong></span> <span class='ocrx_word' id='word_1_458' title='bbox 2992 2359 3145 2411; x_wconf 90' lang='lat' dir='ltr'><strong>tertia</strong></span> <span class='ocrx_word' id='word_1_459' title='bbox 3196 2353 3492 2422; x_wconf 75' lang='lat' dir='ltr'><strong>complexio</strong></span> 
     </span>
    </p>
   </div>
   <div class='ocr_carea' id='block_1_56' title="bbox 1923 2446 3488 2520">
    <p class='ocr_par' dir='ltr' id='par_1_56' title="bbox 1923 2446 3488 2520">
     <span class='ocr_line' id='line_1_56' title="bbox 1923 2446 3488 2520; baseline -0.007 -13"><span class='ocrx_word' id='word_1_460' title='bbox 1923 2454 2187 2518; x_wconf 90' lang='lat' dir='ltr'><strong>duorum,</strong></span> <span class='ocrx_word' id='word_1_461' title='bbox 2231 2461 2387 2520; x_wconf 91' lang='lat' dir='ltr'><strong>atque</strong></span> <span class='ocrx_word' id='word_1_462' title='bbox 2429 2452 2538 2519; x_wconf 89' lang='lat' dir='ltr'><strong>ipsa</strong></span> <span class='ocrx_word' id='word_1_463' title='bbox 2596 2449 2891 2517; x_wconf 79' lang='lat' dir='ltr'><strong>complexio</strong></span> <span class='ocrx_word' id='word_1_464' title='bbox 2936 2447 3065 2500; x_wconf 90' lang='lat' dir='ltr'><strong>nihil</strong></span> <span class='ocrx_word' id='word_1_465' title='bbox 3110 2446 3313 2499; x_wconf 89' lang='lat' dir='ltr'><strong>distans</strong></span> <span class='ocrx_word' id='word_1_466' title='bbox 3349 2457 3488 2496; x_wconf 61' lang='lat' dir='ltr'><strong>uno,</strong></span> 
     </span>
    </p>
   </div>
   <div class='ocr_carea' id='block_1_57' title="bbox 1926 2539 3073 2599">
    <p class='ocr_par' dir='ltr' id='par_1_57' title="bbox 1926 2539 3073 2599">
     <span class='ocr_line' id='line_1_57' title="bbox 1926 2539 3073 2599; baseline -0.007 0"><span class='ocrx_word' id='word_1_467' title='bbox 1926 2560 2084 2599; x_wconf 89' lang='lat' dir='ltr'><strong>unum</strong></span> <span class='ocrx_word' id='word_1_468' title='bbox 2109 2558 2226 2597; x_wconf 90' lang='lat' dir='ltr'><strong>cum</strong></span> <span class='ocrx_word' id='word_1_469' title='bbox 2253 2543 2378 2596; x_wconf 76' lang='lat' dir='ltr'><strong>facis</strong></span> <span class='ocrx_word' id='word_1_470' title='bbox 2405 2543 2508 2595; x_wconf 86' lang='lat' dir='ltr'><strong>duo</strong></span> <span class='ocrx_word' id='word_1_471' title='bbox 2540 2560 2552 2594; x_wconf 75' lang='grc' dir='ltr'><strong><em>τ</em></strong></span> <span class='ocrx_word' id='word_1_472' title='bbox 2582 2560 2613 2594; x_wconf 87' lang='grc' dir='ltr'>υ</span> <span class='ocrx_word' id='word_1_473' title='bbox 2645 2541 2796 2595; x_wconf 84' lang='lat' dir='ltr'><strong>beata</strong></span> <span class='ocrx_word' id='word_1_474' title='bbox 2821 2539 3073 2592; x_wconf 81' lang='lat' dir='ltr'><strong>Trinitas.</strong></span> 
     </span>
    </p>
   </div>
   <div class='ocr_carea' id='block_1_58' title="bbox 1993 2635 3487 2706">
    <p class='ocr_par' dir='ltr' id='par_1_58' title="bbox 1993 2635 3487 2706">
     <span class='ocr_line' id='line_1_58' title="bbox 1993 2635 3487 2706; baseline -0.009 -17"><span class='ocrx_word' id='word_1_475' title='bbox 1993 2635 2124 2689; x_wconf 87' lang='lat' dir='ltr'><strong>Tres</strong></span> <span class='ocrx_word' id='word_1_476' title='bbox 2153 2650 2279 2703; x_wconf 81' lang='lat' dir='ltr'><strong>ergo</strong></span> <span class='ocrx_word' id='word_1_477' title='bbox 2311 2649 2468 2687; x_wconf 90' lang='lat' dir='ltr'><strong>unum</strong></span> <span class='ocrx_word' id='word_1_478' title='bbox 2493 2673 2507 2697; x_wconf 96' lang='lat'><strong>,</strong></span> <span class='ocrx_word' id='word_1_479' title='bbox 2537 2642 2590 2687; x_wconf 89' lang='lat' dir='ltr'><strong>et</strong></span> <span class='ocrx_word' id='word_1_480' title='bbox 2611 2647 2735 2700; x_wconf 80' lang='lat' dir='ltr'><strong>ergo</strong></span> <span class='ocrx_word' id='word_1_481' title='bbox 2766 2640 2864 2693; x_wconf 89' lang='lat' dir='ltr'><strong>ter,</strong></span> <span class='ocrx_word' id='word_1_482' title='bbox 2895 2643 3021 2697; x_wconf 86' lang='lat' dir='ltr'><strong>ergo</strong></span> <span class='ocrx_word' id='word_1_483' title='bbox 3051 2637 3131 2681; x_wconf 88' lang='lat' dir='ltr'><strong>ter</strong></span> <span class='ocrx_word' id='word_1_484' title='bbox 3160 2636 3266 2706; x_wconf 53' lang='grc' dir='ltr'><strong>πρε</strong></span> <span class='ocrx_word' id='word_1_485' title='bbox 3288 2637 3448 2678; x_wconf 87' lang='lat' dir='ltr'><strong>unttm</strong></span> <span class='ocrx_word' id='word_1_486' title='bbox 3474 2640 3487 2677; x_wconf 92' lang='lat'>:</span> 
     </span>
    </p>
   </div>
   <div class='ocr_carea' id='block_1_59' title="bbox 1925 2727 2415 2782">
    <p class='ocr_par' dir='ltr' id='par_1_59' title="bbox 1925 2727 2415 2782">
     <span class='ocr_line' id='line_1_59' title="bbox 1925 2727 2415 2782; baseline -0.006 0"><span class='ocrx_word' id='word_1_487' title='bbox 1925 2743 1958 2782; x_wconf 91' lang='grc' dir='ltr'><strong>ο</strong></span> <span class='ocrx_word' id='word_1_488' title='bbox 1991 2728 2139 2782; x_wconf 90' lang='lat' dir='ltr'><strong>beata</strong></span> <span class='ocrx_word' id='word_1_489' title='bbox 2171 2727 2415 2780; x_wconf 88' lang='lat' dir='ltr'><strong>Trinitas.</strong></span> 
     </span>
    </p>
   </div>
   <div class='ocr_carea' id='block_1_60' title="bbox 1995 2808 3495 2882">
    <p class='ocr_par' dir='ltr' id='par_1_60' title="bbox 1995 2808 3495 2882">
     <span class='ocr_line' id='line_1_60' title="bbox 1995 2808 3495 2882; baseline -0.01 -11"><span class='ocrx_word' id='word_1_490' title='bbox 1995 2817 2127 2871; x_wconf 85' lang='lat' dir='ltr'><strong>lIinc</strong></span> <span class='ocrx_word' id='word_1_491' title='bbox 2155 2817 2308 2870; x_wconf 87' lang='lat' dir='ltr'><strong>Pater</strong></span> <span class='ocrx_word' id='word_1_492' title='bbox 2347 2829 2585 2869; x_wconf 90' lang='lat' dir='ltr'><strong>summus</strong></span> <span class='ocrx_word' id='word_1_493' title='bbox 2613 2812 2770 2867; x_wconf 90' lang='lat' dir='ltr'><strong>mittit</strong></span> <span class='ocrx_word' id='word_1_494' title='bbox 2797 2812 2967 2882; x_wconf 62' lang='lat' dir='ltr'><strong>lar/os,</strong></span> <span class='ocrx_word' id='word_1_495' title='bbox 3001 2808 3195 2862; x_wconf 86' lang='lat' dir='ltr'><strong>missus</strong></span> <span class='ocrx_word' id='word_1_496' title='bbox 3229 2812 3409 2868; x_wconf 89' lang='lat' dir='ltr'><strong>creat,</strong></span> <span class='ocrx_word' id='word_1_497' title='bbox 3442 2812 3495 2857; x_wconf 89' lang='lat' dir='ltr'><strong>et</strong></span> 
     </span>
    </p>
   </div>
   <div class='ocr_carea' id='block_1_61' title="bbox 1926 2893 3493 2972">
    <p class='ocr_par' dir='ltr' id='par_1_61' title="bbox 1926 2893 3493 2972">
     <span class='ocr_line' id='line_1_61' title="bbox 1926 2893 3493 2972; baseline -0.01 -12"><span class='ocrx_word' id='word_1_498' title='bbox 1926 2907 2184 2960; x_wconf 86' lang='lat' dir='ltr'><strong>ministrat</strong></span> <span class='ocrx_word' id='word_1_499' title='bbox 2207 2905 2380 2960; x_wconf 87' lang='lat' dir='ltr'><strong>omnia</strong></span> <span class='ocrx_word' id='word_1_500' title='bbox 2401 2945 2414 2967; x_wconf 90' lang='lat'><strong>,</strong></span> <span class='ocrx_word' id='word_1_501' title='bbox 2444 2913 2659 2972; x_wconf 87' lang='lat' dir='ltr'><strong>portans</strong></span> <span class='ocrx_word' id='word_1_502' title='bbox 2685 2902 2735 2954; x_wconf 92' lang='lat' dir='ltr'><strong>in</strong></span> <span class='ocrx_word' id='word_1_503' title='bbox 2759 2901 2978 2953; x_wconf 90' lang='lat' dir='ltr'><strong>salutem</strong></span> <span class='ocrx_word' id='word_1_504' title='bbox 3005 2896 3154 2950; x_wconf 90' lang='lat' dir='ltr'><strong>nobis</strong></span> <span class='ocrx_word' id='word_1_505' title='bbox 3178 2909 3389 2949; x_wconf 87' lang='lat' dir='ltr'><strong>carnem</strong></span> <span class='ocrx_word' id='word_1_506' title='bbox 3418 2893 3493 2946; x_wconf 79' lang='lat' dir='ltr'><strong>si-</strong></span> 
     </span>
    </p>
   </div>
   <div class='ocr_carea' id='block_1_62' title="bbox 1931 2983 3490 3053">
    <p class='ocr_par' dir='ltr' id='par_1_62' title="bbox 1931 2983 3490 3053">
     <span class='ocr_line' id='line_1_62' title="bbox 1931 2983 3490 3053; baseline -0.01 -4"><span class='ocrx_word' id='word_1_507' title='bbox 1931 2998 2038 3050; x_wconf 92' lang='lat' dir='ltr'><strong>mul</strong></span> <span class='ocrx_word' id='word_1_508' title='bbox 2071 3007 2124 3050; x_wconf 89' lang='lat' dir='ltr'><strong>et</strong></span> <span class='ocrx_word' id='word_1_509' title='bbox 2150 3003 2380 3049; x_wconf 87' lang='lat' dir='ltr'><strong>sanctam</strong></span> <span class='ocrx_word' id='word_1_510' title='bbox 2403 3007 2614 3047; x_wconf 91' lang='lat' dir='ltr'><strong>crucem</strong></span> <span class='ocrx_word' id='word_1_511' title='bbox 2633 3031 2646 3053; x_wconf 88' lang='lat'><strong>,</strong></span> <span class='ocrx_word' id='word_1_512' title='bbox 2676 3002 2919 3044; x_wconf 88' lang='lat' dir='ltr'><strong>remeans</strong></span> <span class='ocrx_word' id='word_1_513' title='bbox 2949 2987 3117 3038; x_wconf 90' lang='lat' dir='ltr'><strong>victor</strong></span> <span class='ocrx_word' id='word_1_514' title='bbox 3146 2983 3208 3036; x_wconf 88' lang='lat' dir='ltr'><strong>ad</strong></span> <span class='ocrx_word' id='word_1_515' title='bbox 3243 2983 3450 3036; x_wconf 85' lang='lat' dir='ltr'><strong>Patrem</strong></span> <span class='ocrx_word' id='word_1_516' title='bbox 3475 3021 3490 3045; x_wconf 91' lang='lat'><strong>,</strong></span> 
     </span>
    </p>
   </div>
   <div class='ocr_carea' id='block_1_63' title="bbox 346 3067 3490 3164">
    <p class='ocr_par' dir='ltr' id='par_1_63' title="bbox 346 3067 3490 3164">
     <span class='ocr_line' id='line_1_63' title="bbox 346 3067 3490 3164; baseline -0.009 -15"><span class='ocrx_word' id='word_1_517' title='bbox 346 3093 556 3149; x_wconf 86' lang='lat' dir='ltr'><strong>Secreta</strong></span> <span class='ocrx_word' id='word_1_518' title='bbox 597 3103 753 3164; x_wconf 88' lang='lat' dir='ltr'><strong>atque</strong></span> <span class='ocrx_word' id='word_1_519' title='bbox 783 3096 834 3149; x_wconf 92' lang='lat' dir='ltr'><strong>in</strong></span> <span class='ocrx_word' id='word_1_520' title='bbox 860 3097 1066 3150; x_wconf 88' lang='lat' dir='ltr'><strong>occulto</strong></span> <span class='ocrx_word' id='word_1_521' title='bbox 1106 3097 1391 3152; x_wconf 90' lang='lat' dir='ltr'><strong>substantia</strong></span> <span class='ocrx_word' id='word_1_522' title='bbox 1425 3097 1558 3151; x_wconf 87' lang='lat' dir='ltr'><strong>Dcus</strong></span> <span class='ocrx_word' id='word_1_523' title='bbox 1596 3106 1677 3153; x_wconf 89' lang='lat' dir='ltr'><strong>est</strong></span> <span class='ocrx_word' id='word_1_524' title='bbox 1701 3112 1714 3149; x_wconf 92' lang='lat'><strong>:</strong></span> <span class='ocrx_word' id='word_1_525' title='bbox 1742 3112 1828 3150; x_wconf 88' lang='lat' dir='ltr'><strong>se-</strong></span> <span class='ocrx_word' id='word_1_526' title='bbox 1855 3067 1899 3129; x_wconf 62' lang='grc' dir='ltr'><strong>(ἶ</strong></span> <span class='ocrx_word' id='word_1_527' title='bbox 1932 3087 2198 3142; x_wconf 89' lang='lat' dir='ltr'><strong>salvandis</strong></span> <span class='ocrx_word' id='word_1_528' title='bbox 2229 3085 2378 3138; x_wconf 92' lang='lat' dir='ltr'><strong>nobis</strong></span> <span class='ocrx_word' id='word_1_529' title='bbox 2407 3098 2525 3136; x_wconf 90' lang='lat' dir='ltr'><strong>esse</strong></span> <span class='ocrx_word' id='word_1_530' title='bbox 2547 3082 2685 3134; x_wconf 85' lang='lat' dir='ltr'><strong>misit</strong></span> <span class='ocrx_word' id='word_1_531' title='bbox 2708 3079 2930 3131; x_wconf 89' lang='lat' dir='ltr'><strong>alterum</strong></span> <span class='ocrx_word' id='word_1_532' title='bbox 2960 3093 2972 3128; x_wconf 89' lang='lat'><strong>:</strong></span> <span class='ocrx_word' id='word_1_533' title='bbox 3001 3089 3033 3127; x_wconf 92' lang='grc' dir='ltr'><strong>ο</strong></span> <span class='ocrx_word' id='word_1_534' title='bbox 3072 3074 3220 3126; x_wconf 89' lang='lat' dir='ltr'><strong>beata</strong></span> <span class='ocrx_word' id='word_1_535' title='bbox 3246 3069 3490 3124; x_wconf 86' lang='lat' dir='ltr'><strong>Trinitas.</strong></span> 
     </span>
    </p>
   </div>
   <div class='ocr_carea' id='block_1_64' title="bbox 276 3185 1830 3253">
    <p class='ocr_par' dir='ltr' id='par_1_64' title="bbox 276 3185 1830 3253">
     <span class='ocr_line' id='line_1_64' title="bbox 276 3185 1830 3253; baseline 0.001 -15"><span class='ocrx_word' id='word_1_536' title='bbox 276 3193 423 3241; x_wconf 88' lang='lat' dir='ltr'><strong>creto</strong></span> <span class='ocrx_word' id='word_1_537' title='bbox 456 3192 612 3253; x_wconf 88' lang='lat' dir='ltr'><strong>atque</strong></span> <span class='ocrx_word' id='word_1_538' title='bbox 637 3185 687 3238; x_wconf 88' lang='lat' dir='ltr'><strong>in</strong></span> <span class='ocrx_word' id='word_1_539' title='bbox 725 3185 931 3240; x_wconf 85' lang='lat' dir='ltr'><strong>occulto</strong></span> <span class='ocrx_word' id='word_1_540' title='bbox 953 3186 1115 3240; x_wconf 79' lang='lat' dir='ltr'><strong>forma</strong></span> <span class='ocrx_word' id='word_1_541' title='bbox 1155 3189 1290 3241; x_wconf 88' lang='lat' dir='ltr'><strong>Deus</strong></span> <span class='ocrx_word' id='word_1_542' title='bbox 1328 3202 1384 3240; x_wconf 90' lang='lat' dir='ltr'><strong>es</strong></span> <span class='ocrx_word' id='word_1_543' title='bbox 1411 3205 1422 3239; x_wconf 91' lang='lat'>:</span> <span class='ocrx_word' id='word_1_544' title='bbox 1447 3197 1645 3240; x_wconf 88' lang='lat' dir='ltr'><strong>secreta</strong></span> <span class='ocrx_word' id='word_1_545' title='bbox 1674 3197 1830 3253; x_wconf 87' lang='lat' dir='ltr'><strong>atque</strong></span> 
     </span>
    </p>
   </div>
   <div class='ocr_carea' id='block_1_65' title="bbox 275 3273 1829 3346">
    <p class='ocr_par' dir='ltr' id='par_1_65' title="bbox 275 3273 1829 3346">
     <span class='ocr_line' id='line_1_65' title="bbox 275 3273 1829 3346; baseline -0.002 -17"><span class='ocrx_word' id='word_1_546' title='bbox 275 3274 328 3329; x_wconf 89' lang='lat' dir='ltr'><strong>in</strong></span> <span class='ocrx_word' id='word_1_547' title='bbox 370 3274 576 3328; x_wconf 93' lang='lat' dir='ltr'><strong>occulto</strong></span> <span class='ocrx_word' id='word_1_548' title='bbox 617 3276 762 3329; x_wconf 91' lang='lat' dir='ltr'><strong>notio</strong></span> <span class='ocrx_word' id='word_1_549' title='bbox 801 3277 937 3329; x_wconf 89' lang='lat' dir='ltr'><strong>Deus</strong></span> <span class='ocrx_word' id='word_1_550' title='bbox 981 3286 1063 3328; x_wconf 85' lang='lat' dir='ltr'><strong>est</strong></span> <span class='ocrx_word' id='word_1_551' title='bbox 1092 3292 1106 3328; x_wconf 91' lang='lat'><strong>:</strong></span> <span class='ocrx_word' id='word_1_552' title='bbox 1139 3276 1269 3329; x_wconf 91' lang='lat' dir='ltr'><strong>lline</strong></span> <span class='ocrx_word' id='word_1_553' title='bbox 1295 3277 1370 3346; x_wconf 91' lang='grc'><strong>(1)</strong></span> <span class='ocrx_word' id='word_1_554' title='bbox 1407 3291 1500 3343; x_wconf 91' lang='lat' dir='ltr'><strong>pro</strong></span> <span class='ocrx_word' id='word_1_555' title='bbox 1535 3273 1586 3330; x_wconf 79' lang='grc' dir='ltr'><strong>ὃν</strong></span> <span class='ocrx_word' id='word_1_556' title='bbox 1614 3277 1829 3329; x_wconf 84' lang='lat' dir='ltr'><strong>istorum</strong></span> 
     </span>
    </p>
   </div>
   <div class='ocr_carea' id='block_1_66' title="bbox 277 3359 1346 3417">
    <p class='ocr_par' dir='ltr' id='par_1_66' title="bbox 277 3359 1346 3417">
     <span class='ocr_line' id='line_1_66' title="bbox 277 3359 1346 3417; baseline -0.003 0"><span class='ocrx_word' id='word_1_557' title='bbox 277 3369 372 3417; x_wconf 82' lang='grc' dir='ltr'><strong>τῶν</strong></span> <span class='ocrx_word' id='word_1_558' title='bbox 394 3359 545 3415; x_wconf 82' lang='grc' dir='ltr'><strong>ὄντων</strong></span> <span class='ocrx_word' id='word_1_559' title='bbox 573 3362 705 3416; x_wconf 90' lang='lat' dir='ltr'><strong>Deus</strong></span> <span class='ocrx_word' id='word_1_560' title='bbox 731 3377 787 3416; x_wconf 90' lang='lat' dir='ltr'><strong>es</strong></span> <span class='ocrx_word' id='word_1_561' title='bbox 815 3379 827 3414; x_wconf 90' lang='lat'><strong>:</strong></span> <span class='ocrx_word' id='word_1_562' title='bbox 860 3377 892 3415; x_wconf 96' lang='lat' dir='ltr'><strong>o</strong></span> <span class='ocrx_word' id='word_1_563' title='bbox 917 3364 1064 3416; x_wconf 88' lang='lat' dir='ltr'><strong>beata</strong></span> <span class='ocrx_word' id='word_1_564' title='bbox 1097 3362 1346 3416; x_wconf 88' lang='lat' dir='ltr'><strong>Trinitas.</strong></span> 
     </span>
    </p>
   </div>
   <div class='ocr_carea' id='block_1_67' title="bbox 348 3453 1833 3528">
    <p class='ocr_par' dir='ltr' id='par_1_67' title="bbox 348 3453 1833 3528">
     <span class='ocr_line' id='line_1_67' title="bbox 348 3453 1833 3528; baseline 0.001 -21"><span class='ocrx_word' id='word_1_565' title='bbox 348 3453 561 3507; x_wconf 85' lang='lat' dir='ltr'><strong>Publica</strong></span> <span class='ocrx_word' id='word_1_566' title='bbox 603 3453 710 3522; x_wconf 87' lang='lat' dir='ltr'><strong>jam</strong></span> <span class='ocrx_word' id='word_1_567' title='bbox 752 3465 1112 3522; x_wconf 83' lang='lat' dir='ltr'><strong>apparenSque</strong></span> <span class='ocrx_word' id='word_1_568' title='bbox 1159 3454 1448 3508; x_wconf 88' lang='lat' dir='ltr'><strong>substantia</strong></span> <span class='ocrx_word' id='word_1_569' title='bbox 1489 3455 1626 3528; x_wconf 71' lang='grc' dir='ltr'><strong>λόγος</strong></span> <span class='ocrx_word' id='word_1_570' title='bbox 1658 3469 1714 3507; x_wconf 91' lang='lat' dir='ltr'><strong>es</strong></span> <span class='ocrx_word' id='word_1_571' title='bbox 1740 3472 1751 3506; x_wconf 88' lang='lat'>:</span> <span class='ocrx_word' id='word_1_572' title='bbox 1781 3463 1833 3508; x_wconf 89' lang='lat' dir='ltr'><strong>et</strong></span> 
     </span>
    </p>
   </div>
   <div class='ocr_carea' id='block_1_68' title="bbox 276 3542 1833 3613">
    <p class='ocr_par' dir='ltr' id='par_1_68' title="bbox 276 3542 1833 3613">
     <span class='ocr_line' id='line_1_68' title="bbox 276 3542 1833 3613; baseline 0 -17"><span class='ocrx_word' id='word_1_573' title='bbox 276 3544 397 3613; x_wconf 91' lang='lat' dir='ltr'><strong>quia</strong></span> <span class='ocrx_word' id='word_1_574' title='bbox 435 3542 638 3611; x_wconf 86' lang='lat' dir='ltr'><strong>publica</strong></span> <span class='ocrx_word' id='word_1_575' title='bbox 679 3553 732 3597; x_wconf 89' lang='lat' dir='ltr'><strong>et</strong></span> <span class='ocrx_word' id='word_1_576' title='bbox 760 3557 1058 3612; x_wconf 90' lang='lat' dir='ltr'><strong>apparens,</strong></span> <span class='ocrx_word' id='word_1_577' title='bbox 1091 3543 1253 3596; x_wconf 78' lang='lat' dir='ltr'><strong>forma</strong></span> <span class='ocrx_word' id='word_1_578' title='bbox 1295 3555 1466 3597; x_wconf 88' lang='lat' dir='ltr'><strong>autem</strong></span> <span class='ocrx_word' id='word_1_579' title='bbox 1508 3547 1626 3611; x_wconf 88' lang='lat' dir='ltr'><strong>quia</strong></span> <span class='ocrx_word' id='word_1_580' title='bbox 1664 3545 1833 3598; x_wconf 88' lang='lat' dir='ltr'><strong>Patris</strong></span> 
     </span>
    </p>
   </div>
   <div class='ocr_carea' id='block_1_69' title="bbox 277 3632 1833 3702">
    <p class='ocr_par' dir='ltr' id='par_1_69' title="bbox 277 3632 1833 3702">
     <span class='ocr_line' id='line_1_69' title="bbox 277 3632 1833 3702; baseline 0 -15"><span class='ocrx_word' id='word_1_581' title='bbox 277 3632 446 3687; x_wconf 76' lang='lat' dir='ltr'><strong>forma</strong></span> <span class='ocrx_word' id='word_1_582' title='bbox 472 3646 530 3686; x_wconf 89' lang='lat' dir='ltr'><strong>es</strong></span> <span class='ocrx_word' id='word_1_583' title='bbox 554 3671 570 3696; x_wconf 92' lang='lat'><strong>,</strong></span> <span class='ocrx_word' id='word_1_584' title='bbox 602 3632 721 3685; x_wconf 91' lang='lat' dir='ltr'><strong>hinc</strong></span> <span class='ocrx_word' id='word_1_585' title='bbox 760 3632 851 3685; x_wconf 93' lang='lat' dir='ltr'><strong>tibi</strong></span> <span class='ocrx_word' id='word_1_586' title='bbox 887 3634 1172 3686; x_wconf 86' lang='lat' dir='ltr'><strong>substantia</strong></span> <span class='ocrx_word' id='word_1_587' title='bbox 1204 3647 1283 3687; x_wconf 87' lang='lat' dir='ltr'><strong>es.</strong></span> <span class='ocrx_word' id='word_1_588' title='bbox 1316 3633 1454 3700; x_wconf 80' lang='lat' dir='ltr'><strong>Ergo</strong></span> <span class='ocrx_word' id='word_1_589' title='bbox 1493 3633 1544 3686; x_wconf 92' lang='lat' dir='ltr'><strong>in</strong></span> <span class='ocrx_word' id='word_1_590' title='bbox 1588 3643 1638 3687; x_wconf 88' lang='lat' dir='ltr'><strong>te</strong></span> <span class='ocrx_word' id='word_1_591' title='bbox 1685 3643 1833 3702; x_wconf 90' lang='lat' dir='ltr'><strong>pater</strong></span> 
     </span>
    </p>
   </div>
   <div class='ocr_carea' id='block_1_70' title="bbox 279 3722 1836 3791">
    <p class='ocr_par' dir='ltr' id='par_1_70' title="bbox 279 3722 1836 3791">
     <span class='ocr_line' id='line_1_70' title="bbox 279 3722 1836 3791; baseline -0.002 -12"><span class='ocrx_word' id='word_1_592' title='bbox 279 3732 378 3789; x_wconf 82' lang='lat' dir='ltr'><strong>est,</strong></span> <span class='ocrx_word' id='word_1_593' title='bbox 407 3723 529 3791; x_wconf 84' lang='lat' dir='ltr'><strong>quia</strong></span> <span class='ocrx_word' id='word_1_594' title='bbox 554 3731 699 3791; x_wconf 85' lang='lat' dir='ltr'><strong>pater</strong></span> <span class='ocrx_word' id='word_1_595' title='bbox 727 3722 1015 3776; x_wconf 88' lang='lat' dir='ltr'><strong>substantia</strong></span> <span class='ocrx_word' id='word_1_596' title='bbox 1044 3733 1142 3777; x_wconf 91' lang='lat' dir='ltr'><strong>est.</strong></span> <span class='ocrx_word' id='word_1_597' title='bbox 1175 3722 1368 3777; x_wconf 87' lang='lat' dir='ltr'><strong>Eadem</strong></span> <span class='ocrx_word' id='word_1_598' title='bbox 1395 3734 1567 3776; x_wconf 91' lang='lat' dir='ltr'><strong>autem</strong></span> <span class='ocrx_word' id='word_1_599' title='bbox 1593 3725 1836 3776; x_wconf 88' lang='lat' dir='ltr'><strong>substan-</strong></span> 
     </span>
    </p>
   </div>
   <div class='ocr_carea' id='block_1_71' title="bbox 281 3812 1834 3884">
    <p class='ocr_par' dir='ltr' id='par_1_71' title="bbox 281 3812 1834 3884">
     <span class='ocr_line' id='line_1_71' title="bbox 281 3812 1834 3884; baseline -0.003 -16"><span class='ocrx_word' id='word_1_600' title='bbox 281 3816 374 3880; x_wconf 87' lang='lat' dir='ltr'><strong>tia,</strong></span> <span class='ocrx_word' id='word_1_601' title='bbox 396 3828 566 3882; x_wconf 88' lang='lat' dir='ltr'><strong>neque</strong></span> <span class='ocrx_word' id='word_1_602' title='bbox 591 3812 729 3866; x_wconf 90' lang='lat' dir='ltr'><strong>enim</strong></span> <span class='ocrx_word' id='word_1_603' title='bbox 755 3813 854 3866; x_wconf 89' lang='lat' dir='ltr'><strong>alia</strong></span> <span class='ocrx_word' id='word_1_604' title='bbox 885 3814 984 3865; x_wconf 87' lang='lat' dir='ltr'><strong>ulla</strong></span> <span class='ocrx_word' id='word_1_605' title='bbox 1012 3813 1324 3866; x_wconf 87' lang='lat' dir='ltr'><strong>substantia.</strong></span> <span class='ocrx_word' id='word_1_606' title='bbox 1355 3813 1408 3867; x_wconf 80' lang='lat' dir='ltr'><strong>Si</strong></span> <span class='ocrx_word' id='word_1_607' title='bbox 1433 3829 1558 3881; x_wconf 87' lang='lat' dir='ltr'><strong>ergo</strong></span> <span class='ocrx_word' id='word_1_608' title='bbox 1579 3814 1719 3884; x_wconf 64' lang='lat' dir='ltr'><strong>ita-,0;</strong></span> <span class='ocrx_word' id='word_1_609' title='bbox 1739 3827 1834 3880; x_wconf 91' lang='lat' dir='ltr'><strong>ap—</strong></span> 
     </span>
    </p>
   </div>
   <div class='ocr_carea' id='block_1_72' title="bbox 282 3903 1842 3975">
    <p class='ocr_par' dir='ltr' id='par_1_72' title="bbox 282 3903 1842 3975">
     <span class='ocr_line' id='line_1_72' title="bbox 282 3903 1842 3975; baseline -0.002 -16"><span class='ocrx_word' id='word_1_610' title='bbox 282 3919 473 3975; x_wconf 86' lang='lat' dir='ltr'><strong>parens</strong></span> <span class='ocrx_word' id='word_1_611' title='bbox 496 3904 662 3958; x_wconf 81' lang='lat' dir='ltr'><strong>forma</strong></span> <span class='ocrx_word' id='word_1_612' title='bbox 689 3914 790 3966; x_wconf 90' lang='lat' dir='ltr'><strong>est,</strong></span> <span class='ocrx_word' id='word_1_613' title='bbox 817 3904 979 3956; x_wconf 80' lang='lat' dir='ltr'><strong>forma</strong></span> <span class='ocrx_word' id='word_1_614' title='bbox 1007 3905 1396 3972; x_wconf 88' lang='lat' dir='ltr'><strong>substantiaque</strong></span> <span class='ocrx_word' id='word_1_615' title='bbox 1425 3905 1554 3973; x_wconf 87' lang='lat' dir='ltr'><strong>ipsa;</strong></span> <span class='ocrx_word' id='word_1_616' title='bbox 1577 3903 1842 3972; x_wconf 82' lang='lat' dir='ltr'><strong>apparens</strong></span> 
     </span>
    </p>
   </div>
   <div class='ocr_carea' id='block_1_73' title="bbox 281 3992 1836 4062">
    <p class='ocr_par' dir='ltr' id='par_1_73' title="bbox 281 3992 1836 4062">
     <span class='ocr_line' id='line_1_73' title="bbox 281 3992 1836 4062; baseline -0.001 -14"><span class='ocrx_word' id='word_1_617' title='bbox 281 4005 456 4048; x_wconf 89' lang='lat' dir='ltr'><strong>autem</strong></span> <span class='ocrx_word' id='word_1_618' title='bbox 488 3992 650 4045; x_wconf 73' lang='lat' dir='ltr'><strong>forma</strong></span> <span class='ocrx_word' id='word_1_619' title='bbox 683 4007 1042 4062; x_wconf 87' lang='lat' dir='ltr'><strong>apparensque</strong></span> <span class='ocrx_word' id='word_1_620' title='bbox 1068 3994 1354 4048; x_wconf 87' lang='lat' dir='ltr'><strong>substantia</strong></span> <span class='ocrx_word' id='word_1_621' title='bbox 1383 3995 1524 4047; x_wconf 75' lang='lat' dir='ltr'><strong>notio</strong></span> <span class='ocrx_word' id='word_1_622' title='bbox 1558 4003 1672 4047; x_wconf 91' lang='lat' dir='ltr'><strong>est:</strong></span> <span class='ocrx_word' id='word_1_623' title='bbox 1698 3993 1836 4046; x_wconf 91' lang='lat' dir='ltr'><strong>idem</strong></span> 
     </span>
    </p>
   </div>
   <div class='ocr_carea' id='block_1_74' title="bbox 284 4080 1836 4154">
    <p class='ocr_par' dir='ltr' id='par_1_74' title="bbox 284 4080 1836 4154">
     <span class='ocr_line' id='line_1_74' title="bbox 284 4080 1836 4154; baseline -0.002 -17"><span class='ocrx_word' id='word_1_624' title='bbox 284 4091 339 4137; x_wconf 89' lang='lat' dir='ltr'><strong>tu</strong></span> <span class='ocrx_word' id='word_1_625' title='bbox 378 4083 558 4154; x_wconf 70' lang='grc' dir='ltr'><strong>λόγος,</strong></span> <span class='ocrx_word' id='word_1_626' title='bbox 601 4088 652 4134; x_wconf 89' lang='lat' dir='ltr'><strong>et</strong></span> <span class='ocrx_word' id='word_1_627' title='bbox 689 4080 822 4136; x_wconf 85' lang='lat' dir='ltr'><strong>Deus</strong></span> <span class='ocrx_word' id='word_1_628' title='bbox 847 4122 861 4145; x_wconf 90' lang='lat'><strong>,</strong></span> <span class='ocrx_word' id='word_1_629' title='bbox 906 4091 959 4135; x_wconf 90' lang='lat' dir='ltr'><strong>et</strong></span> <span class='ocrx_word' id='word_1_630' title='bbox 997 4082 1225 4151; x_wconf 87' lang='lat' dir='ltr'><strong>Spiritus</strong></span> <span class='ocrx_word' id='word_1_631' title='bbox 1262 4093 1472 4137; x_wconf 87' lang='lat' dir='ltr'><strong>sanctus</strong></span> <span class='ocrx_word' id='word_1_632' title='bbox 1505 4098 1560 4136; x_wconf 89' lang='lat' dir='ltr'><strong>es</strong></span> <span class='ocrx_word' id='word_1_633' title='bbox 1588 4099 1600 4135; x_wconf 91' lang='lat'><strong>:</strong></span> <span class='ocrx_word' id='word_1_634' title='bbox 1626 4100 1659 4138; x_wconf 89' lang='grc' dir='ltr'><strong>ο</strong></span> <span class='ocrx_word' id='word_1_635' title='bbox 1689 4083 1836 4137; x_wconf 86' lang='lat' dir='ltr'><strong>beata</strong></span> 
     </span>
    </p>
   </div>
   <div class='ocr_carea' id='block_1_75' title="bbox 285 4174 538 4231">
    <p class='ocr_par' dir='ltr' id='par_1_75' title="bbox 285 4174 538 4231">
     <span class='ocr_line' id='line_1_75' title="bbox 285 4174 538 4231; baseline -0.012 -1"><span class='ocrx_word' id='word_1_636' title='bbox 285 4174 538 4231; x_wconf 82' lang='lat' dir='ltr'><strong>Trinitas.</strong></span> 
     </span>
    </p>
   </div>
   <div class='ocr_carea' id='block_1_76' title="bbox 353 4263 1838 4333">
    <p class='ocr_par' dir='ltr' id='par_1_76' title="bbox 353 4263 1838 4333">
     <span class='ocr_line' id='line_1_76' title="bbox 353 4263 1838 4333; baseline -0.001 -15"><span class='ocrx_word' id='word_1_637' title='bbox 353 4263 536 4319; x_wconf 88' lang='lat' dir='ltr'><strong>Omnis</strong></span> <span class='ocrx_word' id='word_1_638' title='bbox 567 4263 710 4317; x_wconf 79' lang='lat' dir='ltr'><strong>natio</strong></span> <span class='ocrx_word' id='word_1_639' title='bbox 734 4264 1104 4332; x_wconf 87' lang='lat' dir='ltr'><strong>cognoscentia</strong></span> <span class='ocrx_word' id='word_1_640' title='bbox 1134 4273 1213 4318; x_wconf 92' lang='lat' dir='ltr'><strong>est</strong></span> <span class='ocrx_word' id='word_1_641' title='bbox 1233 4303 1247 4329; x_wconf 85' lang='lat'><strong>,</strong></span> <span class='ocrx_word' id='word_1_642' title='bbox 1271 4265 1442 4318; x_wconf 90' lang='lat' dir='ltr'><strong>omnis</strong></span> <span class='ocrx_word' id='word_1_643' title='bbox 1468 4265 1838 4333; x_wconf 85' lang='lat' dir='ltr'><strong>cognoscentia</strong></span> 
     </span>
    </p>
   </div>
   <div class='ocr_carea' id='block_1_77' title="bbox 286 4352 1839 4422">
    <p class='ocr_par' dir='ltr' id='par_1_77' title="bbox 286 4352 1839 4422">
     <span class='ocr_line' id='line_1_77' title="bbox 286 4352 1839 4422; baseline -0.003 -10"><span class='ocrx_word' id='word_1_644' title='bbox 286 4356 575 4412; x_wconf 84' lang='lat' dir='ltr'><strong>substantia</strong></span> <span class='ocrx_word' id='word_1_645' title='bbox 619 4365 735 4418; x_wconf 88' lang='lat' dir='ltr'><strong>est,</strong></span> <span class='ocrx_word' id='word_1_646' title='bbox 776 4355 1247 4422; x_wconf 63' lang='lat' dir='ltr'><strong>cognoscendaque</strong></span> <span class='ocrx_word' id='word_1_647' title='bbox 1290 4355 1398 4422; x_wconf 92' lang='lat' dir='ltr'><strong>ipsa</strong></span> <span class='ocrx_word' id='word_1_648' title='bbox 1427 4352 1594 4407; x_wconf 78' lang='lat' dir='ltr'><strong>forma</strong></span> <span class='ocrx_word' id='word_1_649' title='bbox 1637 4363 1716 4407; x_wconf 88' lang='lat' dir='ltr'><strong>est</strong></span> <span class='ocrx_word' id='word_1_650' title='bbox 1742 4371 1753 4405; x_wconf 87' lang='lat'><strong><em>:</em></strong></span> <span class='ocrx_word' id='word_1_651' title='bbox 1783 4367 1839 4407; x_wconf 90' lang='lat' dir='ltr'><strong>es</strong></span> 
     </span>
    </p>
   </div>
   <div class='ocr_carea' id='block_1_78' title="bbox 2002 3159 3491 3243">
    <p class='ocr_par' dir='ltr' id='par_1_78' title="bbox 2002 3159 3491 3243">
     <span class='ocr_line' id='line_1_78' title="bbox 2002 3159 3491 3243; baseline -0.011 -14"><span class='ocrx_word' id='word_1_652' title='bbox 2002 3176 2224 3243; x_wconf 88' lang='lat' dir='ltr'><strong>Semper</strong></span> <span class='ocrx_word' id='word_1_653' title='bbox 2253 3188 2370 3226; x_wconf 88' lang='lat' dir='ltr'><strong>cum</strong></span> <span class='ocrx_word' id='word_1_654' title='bbox 2402 3171 2512 3224; x_wconf 89' lang='lat' dir='ltr'><strong>Deo</strong></span> <span class='ocrx_word' id='word_1_655' title='bbox 2547 3170 2788 3222; x_wconf 87' lang='lat' dir='ltr'><strong>Christus</strong></span> <span class='ocrx_word' id='word_1_656' title='bbox 2817 3175 2900 3220; x_wconf 91' lang='lat' dir='ltr'><strong>est</strong></span> <span class='ocrx_word' id='word_1_657' title='bbox 2924 3165 3069 3232; x_wconf 80' lang='lat' dir='ltr'><strong>juxta</strong></span> <span class='ocrx_word' id='word_1_658' title='bbox 3106 3159 3449 3216; x_wconf 90' lang='lat' dir='ltr'><strong>substantiam</strong></span> <span class='ocrx_word' id='word_1_659' title='bbox 3477 3173 3491 3212; x_wconf 88' lang='lat'><strong>:</strong></span> 
     </span>
    </p>
   </div>
   <div class='ocr_carea' id='block_1_79' title="bbox 1933 3250 3492 3330">
    <p class='ocr_par' dir='ltr' id='par_1_79' title="bbox 1933 3250 3492 3330">
     <span class='ocr_line' id='line_1_79' title="bbox 1933 3250 3492 3330; baseline -0.012 -11"><span class='ocrx_word' id='word_1_660' title='bbox 1933 3265 2139 3319; x_wconf 84' lang='lat' dir='ltr'><strong>Etenim</strong></span> <span class='ocrx_word' id='word_1_661' title='bbox 2166 3264 2270 3316; x_wconf 87' lang='lat' dir='ltr'><strong>vita</strong></span> <span class='ocrx_word' id='word_1_662' title='bbox 2299 3276 2510 3330; x_wconf 90' lang='lat' dir='ltr'><strong>semper</strong></span> <span class='ocrx_word' id='word_1_663' title='bbox 2537 3269 2635 3312; x_wconf 82' lang='lat' dir='ltr'><strong>cst.</strong></span> <span class='ocrx_word' id='word_1_664' title='bbox 2677 3261 2743 3311; x_wconf 83' lang='lat' dir='ltr'><strong>At</strong></span> <span class='ocrx_word' id='word_1_665' title='bbox 2771 3257 3017 3324; x_wconf 86' lang='lat' dir='ltr'><strong>quoniam</strong></span> <span class='ocrx_word' id='word_1_666' title='bbox 3049 3253 3152 3305; x_wconf 85' lang='lat' dir='ltr'><strong>vita</strong></span> <span class='ocrx_word' id='word_1_667' title='bbox 3181 3292 3194 3315; x_wconf 93' lang='lat'><strong>,</strong></span> <span class='ocrx_word' id='word_1_668' title='bbox 3225 3250 3361 3303; x_wconf 90' lang='lat' dir='ltr'><strong>actio</strong></span> <span class='ocrx_word' id='word_1_669' title='bbox 3397 3263 3492 3301; x_wconf 89' lang='lat' dir='ltr'><strong>au-</strong></span> 
     </span>
    </p>
   </div>
   <div class='ocr_carea' id='block_1_80' title="bbox 1934 3344 3492 3419">
    <p class='ocr_par' dir='ltr' id='par_1_80' title="bbox 1934 3344 3492 3419">
     <span class='ocr_line' id='line_1_80' title="bbox 1934 3344 3492 3419; baseline -0.013 -9"><span class='ocrx_word' id='word_1_670' title='bbox 1934 3363 2038 3409; x_wconf 89' lang='lat' dir='ltr'><strong>tem</strong></span> <span class='ocrx_word' id='word_1_671' title='bbox 2072 3363 2126 3407; x_wconf 92' lang='lat' dir='ltr'><strong>ut</strong></span> <span class='ocrx_word' id='word_1_672' title='bbox 2163 3363 2279 3419; x_wconf 80' lang='lat' dir='ltr'><strong>agat</strong></span> <span class='ocrx_word' id='word_1_673' title='bbox 2320 3350 2501 3419; x_wconf 87' lang='lat' dir='ltr'><strong>incipit</strong></span> <span class='ocrx_word' id='word_1_674' title='bbox 2525 3389 2540 3414; x_wconf 92' lang='lat'><strong>,</strong></span> <span class='ocrx_word' id='word_1_675' title='bbox 2574 3349 2673 3402; x_wconf 94' lang='lat' dir='ltr'><strong>hoc</strong></span> <span class='ocrx_word' id='word_1_676' title='bbox 2700 3355 2781 3400; x_wconf 88' lang='lat' dir='ltr'><strong>est</strong></span> <span class='ocrx_word' id='word_1_677' title='bbox 2817 3344 3058 3398; x_wconf 88' lang='lat' dir='ltr'><strong>Christus</strong></span> <span class='ocrx_word' id='word_1_678' title='bbox 3089 3353 3240 3395; x_wconf 90' lang='lat' dir='ltr'><strong>natus</strong></span> <span class='ocrx_word' id='word_1_679' title='bbox 3278 3348 3356 3392; x_wconf 90' lang='lat' dir='ltr'><strong>est</strong></span> <span class='ocrx_word' id='word_1_680' title='bbox 3384 3356 3396 3390; x_wconf 92' lang='lat'><strong>:</strong></span> <span class='ocrx_word' id='word_1_681' title='bbox 3430 3352 3492 3391; x_wconf 85' lang='lat' dir='ltr'><strong>ex</strong></span> 
     </span>
    </p>
   </div>
   <div class='ocr_carea' id='block_1_81' title="bbox 1933 3431 3497 3505">
    <p class='ocr_par' dir='ltr' id='par_1_81' title="bbox 1933 3431 3497 3505">
     <span class='ocr_line' id='line_1_81' title="bbox 1933 3431 3497 3505; baseline -0.011 -7"><span class='ocrx_word' id='word_1_682' title='bbox 1933 3453 2131 3499; x_wconf 68' lang='lat' dir='ltr'><strong>aeterno</strong></span> <span class='ocrx_word' id='word_1_683' title='bbox 2159 3451 2333 3496; x_wconf 88' lang='lat' dir='ltr'><strong>autem</strong></span> <span class='ocrx_word' id='word_1_684' title='bbox 2359 3443 2493 3495; x_wconf 89' lang='lat' dir='ltr'><strong>Deus</strong></span> <span class='ocrx_word' id='word_1_685' title='bbox 2520 3451 2570 3494; x_wconf 91' lang='lat' dir='ltr'><strong>et</strong></span> <span class='ocrx_word' id='word_1_686' title='bbox 2591 3437 2835 3492; x_wconf 89' lang='lat' dir='ltr'><strong>Christus</strong></span> <span class='ocrx_word' id='word_1_687' title='bbox 2858 3437 2964 3505; x_wconf 86' lang='lat' dir='ltr'><strong>agit</strong></span> <span class='ocrx_word' id='word_1_688' title='bbox 2987 3454 2999 3488; x_wconf 93' lang='lat'><strong>:</strong></span> <span class='ocrx_word' id='word_1_689' title='bbox 3031 3450 3093 3487; x_wconf 75' lang='lat' dir='ltr'><strong>ex</strong></span> <span class='ocrx_word' id='word_1_690' title='bbox 3123 3441 3320 3484; x_wconf 80' lang='lat' dir='ltr'><strong>:ctcrno</strong></span> <span class='ocrx_word' id='word_1_691' title='bbox 3342 3431 3497 3498; x_wconf 80' lang='lat' dir='ltr'><strong>igitur</strong></span> 
     </span>
    </p>
   </div>
   <div class='ocr_carea' id='block_1_82' title="bbox 1937 3524 3197 3588">
    <p class='ocr_par' dir='ltr' id='par_1_82' title="bbox 1937 3524 3197 3588">
     <span class='ocr_line' id='line_1_82' title="bbox 1937 3524 3197 3588; baseline -0.011 0"><span class='ocrx_word' id='word_1_692' title='bbox 1937 3534 2073 3588; x_wconf 86' lang='lat' dir='ltr'><strong>Deus</strong></span> <span class='ocrx_word' id='word_1_693' title='bbox 2098 3532 2338 3586; x_wconf 81' lang='lat' dir='ltr'><strong>Christus</strong></span> <span class='ocrx_word' id='word_1_694' title='bbox 2371 3540 2522 3583; x_wconf 89' lang='lat' dir='ltr'><strong>natus</strong></span> <span class='ocrx_word' id='word_1_695' title='bbox 2550 3538 2630 3582; x_wconf 78' lang='lat' dir='ltr'><strong>est</strong></span> <span class='ocrx_word' id='word_1_696' title='bbox 2660 3546 2671 3578; x_wconf 91' lang='lat'>:</span> <span class='ocrx_word' id='word_1_697' title='bbox 2717 3545 2748 3580; x_wconf 84' lang='grc' dir='ltr'>υ</span> <span class='ocrx_word' id='word_1_698' title='bbox 2770 3527 2919 3580; x_wconf 85' lang='lat' dir='ltr'><strong>beata</strong></span> <span class='ocrx_word' id='word_1_699' title='bbox 2951 3524 3197 3577; x_wconf 87' lang='lat' dir='ltr'><strong>Trinitas.</strong></span> 
     </span>
    </p>
   </div>
   <div class='ocr_carea' id='block_1_83' title="bbox 2001 3611 3497 3688">
    <p class='ocr_par' dir='ltr' id='par_1_83' title="bbox 2001 3611 3497 3688">
     <span class='ocr_line' id='line_1_83' title="bbox 2001 3611 3497 3688; baseline -0.007 -13"><span class='ocrx_word' id='word_1_700' title='bbox 2001 3624 2058 3676; x_wconf 91' lang='lat' dir='ltr'><strong>In</strong></span> <span class='ocrx_word' id='word_1_701' title='bbox 2099 3623 2262 3675; x_wconf 82' lang='lat' dir='ltr'><strong>caelos</strong></span> <span class='ocrx_word' id='word_1_702' title='bbox 2300 3620 2386 3688; x_wconf 90' lang='lat' dir='ltr'><strong>qui</strong></span> <span class='ocrx_word' id='word_1_703' title='bbox 2431 3618 2671 3671; x_wconf 86' lang='lat' dir='ltr'><strong>ascendit</strong></span> <span class='ocrx_word' id='word_1_704' title='bbox 2707 3615 2948 3669; x_wconf 72' lang='lat' dir='ltr'><strong>Christus</strong></span> <span class='ocrx_word' id='word_1_705' title='bbox 2984 3623 3100 3666; x_wconf 89' lang='lat' dir='ltr'><strong>est:</strong></span> <span class='ocrx_word' id='word_1_706' title='bbox 3133 3612 3197 3664; x_wconf 89' lang='lat' dir='ltr'><strong>de</strong></span> <span class='ocrx_word' id='word_1_707' title='bbox 3226 3611 3373 3664; x_wconf 75' lang='lat' dir='ltr'><strong>ctelis</strong></span> <span class='ocrx_word' id='word_1_708' title='bbox 3411 3615 3497 3676; x_wconf 89' lang='lat' dir='ltr'><strong>qui</strong></span> 
     </span>
    </p>
   </div>
   <div class='ocr_carea' id='block_1_84' title="bbox 1934 3698 3500 3772">
    <p class='ocr_par' dir='ltr' id='par_1_84' title="bbox 1934 3698 3500 3772">
     <span class='ocr_line' id='line_1_84' title="bbox 1934 3698 3500 3772; baseline -0.009 -9"><span class='ocrx_word' id='word_1_709' title='bbox 1934 3709 2204 3763; x_wconf 88' lang='lat' dir='ltr'><strong>descendit</strong></span> <span class='ocrx_word' id='word_1_710' title='bbox 2246 3708 2384 3761; x_wconf 91' lang='lat' dir='ltr'><strong>idem</strong></span> <span class='ocrx_word' id='word_1_711' title='bbox 2414 3715 2523 3759; x_wconf 64' lang='lat' dir='ltr'><strong>est-</strong></span> <span class='ocrx_word' id='word_1_712' title='bbox 2547 3705 2658 3758; x_wconf 81' lang='lat' dir='ltr'><strong>Non</strong></span> <span class='ocrx_word' id='word_1_713' title='bbox 2690 3718 2814 3772; x_wconf 82' lang='lat' dir='ltr'><strong>ergo</strong></span> <span class='ocrx_word' id='word_1_714' title='bbox 2841 3704 2906 3754; x_wconf 89' lang='lat' dir='ltr'><strong>ab</strong></span> <span class='ocrx_word' id='word_1_715' title='bbox 2937 3701 3178 3764; x_wconf 87' lang='lat' dir='ltr'><strong>homine,</strong></span> <span class='ocrx_word' id='word_1_716' title='bbox 3209 3698 3299 3752; x_wconf 89' lang='lat' dir='ltr'><strong>sed</strong></span> <span class='ocrx_word' id='word_1_717' title='bbox 3337 3710 3500 3761; x_wconf 78' lang='lat' dir='ltr'><strong>usque</strong></span> 
     </span>
    </p>
   </div>
   <div class='ocr_carea' id='block_1_85' title="bbox 1935 3789 3223 3852">
    <p class='ocr_par' dir='ltr' id='par_1_85' title="bbox 1935 3789 3223 3852">
     <span class='ocr_line' id='line_1_85' title="bbox 1935 3789 3223 3852; baseline -0.009 0"><span class='ocrx_word' id='word_1_718' title='bbox 1935 3800 1999 3852; x_wconf 89' lang='lat' dir='ltr'><strong>ad</strong></span> <span class='ocrx_word' id='word_1_719' title='bbox 2029 3798 2292 3851; x_wconf 87' lang='lat' dir='ltr'><strong>hominem</strong></span> <span class='ocrx_word' id='word_1_720' title='bbox 2322 3796 2562 3848; x_wconf 84' lang='lat' dir='ltr'><strong>Christus</strong></span> <span class='ocrx_word' id='word_1_721' title='bbox 2591 3802 2708 3847; x_wconf 88' lang='lat' dir='ltr'><strong>est:</strong></span> <span class='ocrx_word' id='word_1_722' title='bbox 2736 3807 2767 3845; x_wconf 95' lang='lat' dir='ltr'><strong>o</strong></span> <span class='ocrx_word' id='word_1_723' title='bbox 2797 3792 2943 3845; x_wconf 86' lang='lat' dir='ltr'><strong>beata</strong></span> <span class='ocrx_word' id='word_1_724' title='bbox 2975 3789 3223 3843; x_wconf 90' lang='lat' dir='ltr'><strong>Trinitas.</strong></span> 
     </span>
    </p>
   </div>
   <div class='ocr_carea' id='block_1_86' title="bbox 2008 3877 3503 3948">
    <p class='ocr_par' dir='ltr' id='par_1_86' title="bbox 2008 3877 3503 3948">
     <span class='ocr_line' id='line_1_86' title="bbox 2008 3877 3503 3948; baseline -0.008 -8"><span class='ocrx_word' id='word_1_725' title='bbox 2008 3888 2102 3940; x_wconf 89' lang='lat' dir='ltr'><strong>llic</strong></span> <span class='ocrx_word' id='word_1_726' title='bbox 2138 3896 2218 3941; x_wconf 88' lang='lat' dir='ltr'><strong>est</strong></span> <span class='ocrx_word' id='word_1_727' title='bbox 2253 3887 2392 3940; x_wconf 89' lang='lat' dir='ltr'><strong>Deus</strong></span> <span class='ocrx_word' id='word_1_728' title='bbox 2420 3894 2629 3948; x_wconf 87' lang='lat' dir='ltr'><strong>noster,</strong></span> <span class='ocrx_word' id='word_1_729' title='bbox 2663 3883 2747 3936; x_wconf 91' lang='lat' dir='ltr'><strong>hic</strong></span> <span class='ocrx_word' id='word_1_730' title='bbox 2777 3893 2858 3936; x_wconf 89' lang='lat' dir='ltr'><strong>est</strong></span> <span class='ocrx_word' id='word_1_731' title='bbox 2890 3883 3024 3934; x_wconf 88' lang='lat' dir='ltr'><strong>Deus</strong></span> <span class='ocrx_word' id='word_1_732' title='bbox 3056 3894 3189 3933; x_wconf 90' lang='lat' dir='ltr'><strong>unus</strong></span> <span class='ocrx_word' id='word_1_733' title='bbox 3209 3917 3224 3944; x_wconf 93' lang='lat'><strong>,</strong></span> <span class='ocrx_word' id='word_1_734' title='bbox 3253 3877 3339 3930; x_wconf 90' lang='lat' dir='ltr'><strong>hic</strong></span> <span class='ocrx_word' id='word_1_735' title='bbox 3370 3889 3503 3929; x_wconf 91' lang='lat' dir='ltr'><strong>unus</strong></span> 
     </span>
    </p>
   </div>
   <div class='ocr_carea' id='block_1_87' title="bbox 1939 3972 2896 4031">
    <p class='ocr_par' dir='ltr' id='par_1_87' title="bbox 1939 3972 2896 4031">
     <span class='ocr_line' id='line_1_87' title="bbox 1939 3972 2896 4031; baseline -0.009 0"><span class='ocrx_word' id='word_1_736' title='bbox 1939 3985 1993 4031; x_wconf 82' lang='lat' dir='ltr'><strong>et</strong></span> <span class='ocrx_word' id='word_1_737' title='bbox 2020 3978 2168 4030; x_wconf 82' lang='lat' dir='ltr'><strong>solus</strong></span> <span class='ocrx_word' id='word_1_738' title='bbox 2199 3977 2336 4029; x_wconf 92' lang='lat' dir='ltr'><strong>Deus</strong></span> <span class='ocrx_word' id='word_1_739' title='bbox 2365 3994 2376 4029; x_wconf 91' lang='lat'>:</span> <span class='ocrx_word' id='word_1_740' title='bbox 2404 3989 2436 4027; x_wconf 92' lang='grc' dir='ltr'><strong>ο</strong></span> <span class='ocrx_word' id='word_1_741' title='bbox 2466 3976 2615 4028; x_wconf 70' lang='lat' dir='ltr'><strong>beata</strong></span> <span class='ocrx_word' id='word_1_742' title='bbox 2643 3972 2896 4026; x_wconf 74' lang='lat' dir='ltr'><strong>Trinitas.</strong></span> 
     </span>
    </p>
   </div>
   <div class='ocr_carea' id='block_1_88' title="bbox 2009 4055 3503 4125">
    <p class='ocr_par' dir='ltr' id='par_1_88' title="bbox 2009 4055 3503 4125">
     <span class='ocr_line' id='line_1_88' title="bbox 2009 4055 3503 4125; baseline -0.007 -7"><span class='ocrx_word' id='word_1_743' title='bbox 2009 4065 2160 4118; x_wconf 89' lang='lat' dir='ltr'><strong>Ilune</strong></span> <span class='ocrx_word' id='word_1_744' title='bbox 2186 4079 2402 4117; x_wconf 89' lang='lat' dir='ltr'><strong>oramus</strong></span> <span class='ocrx_word' id='word_1_745' title='bbox 2437 4064 2611 4116; x_wconf 90' lang='lat' dir='ltr'><strong>cuncti</strong></span> <span class='ocrx_word' id='word_1_746' title='bbox 2635 4103 2649 4125; x_wconf 96' lang='lat'><strong>,</strong></span> <span class='ocrx_word' id='word_1_747' title='bbox 2679 4072 2731 4115; x_wconf 92' lang='lat' dir='ltr'><strong>ct</strong></span> <span class='ocrx_word' id='word_1_748' title='bbox 2759 4073 2971 4113; x_wconf 85' lang='lat' dir='ltr'><strong>oramus</strong></span> <span class='ocrx_word' id='word_1_749' title='bbox 2991 4074 3148 4110; x_wconf 89' lang='lat' dir='ltr'><strong>unum</strong></span> <span class='ocrx_word' id='word_1_750' title='bbox 3170 4098 3184 4121; x_wconf 91' lang='lat'><strong>,</strong></span> <span class='ocrx_word' id='word_1_751' title='bbox 3211 4072 3371 4108; x_wconf 88' lang='lat' dir='ltr'><strong>unum</strong></span> <span class='ocrx_word' id='word_1_752' title='bbox 3402 4055 3503 4107; x_wconf 88' lang='lat' dir='ltr'><strong>Pa-</strong></span> 
     </span>
    </p>
   </div>
   <div class='ocr_carea' id='block_1_89' title="bbox 1943 4145 3508 4220">
    <p class='ocr_par' dir='ltr' id='par_1_89' title="bbox 1943 4145 3508 4220">
     <span class='ocr_line' id='line_1_89' title="bbox 1943 4145 3508 4220; baseline -0.006 -13"><span class='ocrx_word' id='word_1_753' title='bbox 1943 4163 2074 4209; x_wconf 87' lang='lat' dir='ltr'><strong>trem</strong></span> <span class='ocrx_word' id='word_1_754' title='bbox 2104 4164 2156 4207; x_wconf 88' lang='lat' dir='ltr'><strong>et</strong></span> <span class='ocrx_word' id='word_1_755' title='bbox 2189 4153 2380 4207; x_wconf 88' lang='lat' dir='ltr'><strong>Filium</strong></span> <span class='ocrx_word' id='word_1_756' title='bbox 2402 4192 2416 4217; x_wconf 93' lang='lat'><strong>,</strong></span> <span class='ocrx_word' id='word_1_757' title='bbox 2449 4163 2792 4220; x_wconf 85' lang='lat' dir='ltr'><strong>sanctumque</strong></span> <span class='ocrx_word' id='word_1_758' title='bbox 2818 4149 3070 4218; x_wconf 85' lang='lat' dir='ltr'><strong>Spiritum</strong></span> <span class='ocrx_word' id='word_1_759' title='bbox 3099 4166 3110 4199; x_wconf 91' lang='lat'><strong>:</strong></span> <span class='ocrx_word' id='word_1_760' title='bbox 3145 4163 3176 4200; x_wconf 96' lang='lat' dir='ltr'><strong>o</strong></span> <span class='ocrx_word' id='word_1_761' title='bbox 3206 4146 3356 4199; x_wconf 86' lang='lat' dir='ltr'><strong>beata</strong></span> <span class='ocrx_word' id='word_1_762' title='bbox 3392 4145 3508 4198; x_wconf 86' lang='lat' dir='ltr'><strong>Tri-</strong></span> 
     </span>
    </p>
   </div>
   <div class='ocr_carea' id='block_1_90' title="bbox 1942 4245 2098 4298">
    <p class='ocr_par' dir='ltr' id='par_1_90' title="bbox 1942 4245 2098 4298">
     <span class='ocr_line' id='line_1_90' title="bbox 1942 4245 2098 4298; baseline -0.026 0"><span class='ocrx_word' id='word_1_763' title='bbox 1942 4245 2098 4298; x_wconf 88' lang='lat' dir='ltr'><strong>nitas.</strong></span> 
     </span>
    </p>
   </div>
   <div class='ocr_carea' id='block_1_91' title="bbox 2016 4324 3506 4402">
    <p class='ocr_par' dir='ltr' id='par_1_91' title="bbox 2016 4324 3506 4402">
     <span class='ocr_line' id='line_1_91' title="bbox 2016 4324 3506 4402; baseline -0.007 -15"><span class='ocrx_word' id='word_1_764' title='bbox 2016 4335 2086 4387; x_wconf 90' lang='lat' dir='ltr'><strong>Da</strong></span> <span class='ocrx_word' id='word_1_765' title='bbox 2120 4333 2348 4402; x_wconf 88' lang='lat' dir='ltr'><strong>peccatis</strong></span> <span class='ocrx_word' id='word_1_766' title='bbox 2375 4332 2579 4386; x_wconf 88' lang='lat' dir='ltr'><strong>veniam</strong></span> <span class='ocrx_word' id='word_1_767' title='bbox 2602 4371 2616 4395; x_wconf 89' lang='lat'><strong>,</strong></span> <span class='ocrx_word' id='word_1_768' title='bbox 2647 4340 2836 4400; x_wconf 73' lang='lat' dir='ltr'><strong>prazsta</strong></span> <span class='ocrx_word' id='word_1_769' title='bbox 2867 4341 3115 4382; x_wconf 71' lang='lat' dir='ltr'><strong>mtcrnam</strong></span> <span class='ocrx_word' id='word_1_770' title='bbox 3139 4329 3335 4391; x_wconf 86' lang='lat' dir='ltr'><strong>vitam,</strong></span> <span class='ocrx_word' id='word_1_771' title='bbox 3370 4324 3506 4378; x_wconf 87' lang='lat' dir='ltr'><strong>dona</strong></span> 
     </span>
    </p>
   </div>
   <div class='ocr_carea' id='block_1_92' title="bbox 287 4418 1852 4516">
    <p class='ocr_par' dir='ltr' id='par_1_92' title="bbox 287 4418 1840 4516">
     <span class='ocr_line' id='line_1_92' title="bbox 287 4418 1840 4516; baseline -0.003 -15"><span class='ocrx_word' id='word_1_772' title='bbox 287 4460 412 4516; x_wconf 80' lang='lat' dir='ltr'><strong>ergo</strong></span> <span class='ocrx_word' id='word_1_773' title='bbox 440 4445 663 4513; x_wconf 87' lang='lat' dir='ltr'><strong>Spiritus</strong></span> <span class='ocrx_word' id='word_1_774' title='bbox 697 4418 907 4499; x_wconf 79' lang='lat' dir='ltr'><strong>sanctus</strong></span> <span class='ocrx_word' id='word_1_775' title='bbox 946 4418 1207 4513; x_wconf 71' lang='lat' dir='ltr'><strong>publicaia</strong></span> <span class='ocrx_word' id='word_1_776' title='bbox 1247 4418 1412 4498; x_wconf 82' lang='lat' dir='ltr'><strong>forma</strong></span> <span class='ocrx_word' id='word_1_777' title='bbox 1434 4483 1448 4509; x_wconf 89' lang='lat'><strong>,</strong></span> <span class='ocrx_word' id='word_1_778' title='bbox 1479 4457 1840 4512; x_wconf 86' lang='lat' dir='ltr'><strong>apparensque</strong></span> 
     </span>
    </p>
   </div>
   <div class='ocr_carea' id='block_1_93' title="bbox 1953 4418 3027 4516">
    <p class='ocr_par' dir='ltr' id='par_1_93' title="bbox 1953 4421 3027 4495">
     <span class='ocr_line' id='line_1_93' title="bbox 1953 4421 3027 4495; baseline -0.007 -17"><span class='ocrx_word' id='word_1_779' title='bbox 1953 4439 2123 4495; x_wconf 86' lang='lat' dir='ltr'><strong>pacem</strong></span> <span class='ocrx_word' id='word_1_780' title='bbox 2155 4435 2205 4478; x_wconf 94' lang='lat' dir='ltr'><strong>ct</strong></span> <span class='ocrx_word' id='word_1_781' title='bbox 2231 4425 2449 4492; x_wconf 76' lang='lat' dir='ltr'><strong>gloriam</strong></span> <span class='ocrx_word' id='word_1_782' title='bbox 2481 4440 2493 4474; x_wconf 89' lang='lat'><strong>:</strong></span> <span class='ocrx_word' id='word_1_783' title='bbox 2526 4437 2556 4476; x_wconf 94' lang='grc' dir='ltr'><strong>ο</strong></span> <span class='ocrx_word' id='word_1_784' title='bbox 2587 4424 2738 4476; x_wconf 86' lang='lat' dir='ltr'><strong>beata</strong></span> <span class='ocrx_word' id='word_1_785' title='bbox 2779 4421 3027 4475; x_wconf 88' lang='lat' dir='ltr'><strong>Trinitas.</strong></span> 
     </span>
    </p>
   </div>
   <div class='ocr_carea' id='block_1_94' title="bbox 359 4597 1212 4674">
    <p class='ocr_par' dir='ltr' id='par_1_94' title="bbox 359 4597 1212 4674">
     <span class='ocr_line' id='line_1_94' title="bbox 359 4597 1212 4674; baseline -0.001 -23"><span class='ocrx_word' id='word_1_786' title='bbox 359 4599 435 4667; x_wconf 84' lang='grc'><strong>(1)</strong></span> <span class='ocrx_word' id='word_1_787' title='bbox 474 4598 632 4652; x_wconf 85' lang='lat' dir='ltr'><strong>Forte</strong></span> <span class='ocrx_word' id='word_1_788' title='bbox 659 4600 809 4674; x_wconf 80' lang='grc' dir='ltr'><strong>προόν</strong></span> <span class='ocrx_word' id='word_1_789' title='bbox 837 4597 950 4653; x_wconf 88' lang='lat' dir='ltr'><strong>heic</strong></span> <span class='ocrx_word' id='word_1_790' title='bbox 977 4608 1030 4653; x_wconf 89' lang='lat' dir='ltr'><strong>et</strong></span> <span class='ocrx_word' id='word_1_791' title='bbox 1057 4598 1212 4653; x_wconf 82' lang='lat' dir='ltr'><strong>infra.</strong></span> 
     </span>
    </p>
   </div>
   <div class='ocr_carea' id='block_1_95' title="bbox 2015 4504 3509 4580">
    <p class='ocr_par' dir='ltr' id='par_1_95' title="bbox 2015 4504 3509 4580">
     <span class='ocr_line' id='line_1_95' title="bbox 2015 4504 3509 4580; baseline -0.008 -10"><span class='ocrx_word' id='word_1_792' title='bbox 2015 4516 2199 4570; x_wconf 88' lang='lat' dir='ltr'><strong>Libera</strong></span> <span class='ocrx_word' id='word_1_793' title='bbox 2230 4529 2326 4568; x_wconf 87' lang='lat' dir='ltr'><strong>nos</strong></span> <span class='ocrx_word' id='word_1_794' title='bbox 2352 4552 2367 4579; x_wconf 91' lang='lat'><strong>,</strong></span> <span class='ocrx_word' id='word_1_795' title='bbox 2406 4523 2461 4568; x_wconf 91' lang='lat' dir='ltr'><strong>et</strong></span> <span class='ocrx_word' id='word_1_796' title='bbox 2493 4513 2638 4566; x_wconf 88' lang='lat' dir='ltr'><strong>salva</strong></span> <span class='ocrx_word' id='word_1_797' title='bbox 2677 4526 2802 4578; x_wconf 89' lang='lat' dir='ltr'><strong>nos,</strong></span> <span class='ocrx_word' id='word_1_798' title='bbox 2848 4509 3077 4580; x_wconf 85' lang='lat' dir='ltr'><strong>justitica</strong></span> <span class='ocrx_word' id='word_1_799' title='bbox 3130 4521 3226 4560; x_wconf 89' lang='lat' dir='ltr'><strong>nos</strong></span> <span class='ocrx_word' id='word_1_800' title='bbox 3252 4524 3265 4560; x_wconf 89' lang='lat'>:</span> <span class='ocrx_word' id='word_1_801' title='bbox 3297 4520 3330 4558; x_wconf 92' lang='grc' dir='ltr'><strong>ο</strong></span> <span class='ocrx_word' id='word_1_802' title='bbox 3359 4504 3509 4559; x_wconf 88' lang='lat' dir='ltr'><strong>beata</strong></span> 
     </span>
    </p>
   </div>
   <div class='ocr_carea' id='block_1_96' title="bbox 1948 4607 2200 4662">
    <p class='ocr_par' dir='ltr' id='par_1_96' title="bbox 1948 4607 2200 4662">
     <span class='ocr_line' id='line_1_96' title="bbox 1948 4607 2200 4662; baseline -0.016 0"><span class='ocrx_word' id='word_1_803' title='bbox 1948 4607 2200 4662; x_wconf 86' lang='lat' dir='ltr'><strong>Trinitas.</strong></span> 
     </span>
    </p>
   </div>
   <div class='ocr_carea' id='block_1_97' title="bbox 287 4721 3486 4753">
    <p class='ocr_par' dir='ltr' id='par_1_97' title="bbox 287 4721 3486 4753">
     <span class='ocr_line' id='line_1_97' title="bbox 287 4721 3486 4753; baseline -0.004 -4"><span class='ocrx_word' id='word_1_804' title='bbox 287 4721 3486 4753; x_wconf 45' lang='grc' dir='ltr'><em>ΝΜ</em></span> 
     </span>
    </p>
   </div>
   <div class='ocr_carea' id='block_1_98' title="bbox 1563 4825 2164 4908">
    <p class='ocr_par' dir='ltr' id='par_1_98' title="bbox 1563 4825 2164 4908">
     <span class='ocr_line' id='line_1_98' title="bbox 1563 4825 2164 4908; baseline -0.005 -1"><span class='ocrx_word' id='word_1_805' title='bbox 1563 4825 2164 4908; x_wconf 80' lang='lat' dir='ltr'><strong>VICTORINI</strong></span> 
     </span>
    </p>
   </div>
   <div class='ocr_carea' id='block_1_99' title="bbox 1033 4955 2764 5016">
    <p class='ocr_par' dir='ltr' id='par_1_99' title="bbox 1033 4955 2764 5016">
     <span class='ocr_line' id='line_1_99' title="bbox 1033 4955 2764 5016; baseline -0.002 -4"><span class='ocrx_word' id='word_1_806' title='bbox 1033 4957 1099 5013; x_wconf 87' lang='lat' dir='ltr'><strong>IN</strong></span> <span class='ocrx_word' id='word_1_807' title='bbox 1161 4957 1536 5013; x_wconf 81' lang='lat' dir='ltr'><strong>EPISTOLAM</strong></span> <span class='ocrx_word' id='word_1_808' title='bbox 1601 4960 1801 5016; x_wconf 85' lang='lat' dir='ltr'><strong>PAULI</strong></span> <span class='ocrx_word' id='word_1_809' title='bbox 1859 4961 1948 5014; x_wconf 86' lang='lat' dir='ltr'><strong>AD</strong></span> <span class='ocrx_word' id='word_1_810' title='bbox 2002 4955 2319 5014; x_wconf 80' lang='lat' dir='ltr'><strong>GALATAS</strong></span> <span class='ocrx_word' id='word_1_811' title='bbox 2380 4955 2556 5009; x_wconf 83' lang='lat' dir='ltr'><strong>LIBRI</strong></span> <span class='ocrx_word' id='word_1_812' title='bbox 2614 4955 2764 5010; x_wconf 90' lang='lat' dir='ltr'><strong>DUO.</strong></span> 
     </span>
    </p>
   </div>
   <div class='ocr_carea' id='block_1_100' title="bbox 821 5069 1327 5124">
    <p class='ocr_par' dir='ltr' id='par_1_100' title="bbox 821 5069 1327 5124">
     <span class='ocr_line' id='line_1_100' title="bbox 821 5069 1327 5124; baseline -0.002 -1"><span class='ocrx_word' id='word_1_813' title='bbox 821 5069 1021 5124; x_wconf 85' lang='lat' dir='ltr'><strong>LIBER</strong></span> <span class='ocrx_word' id='word_1_814' title='bbox 1058 5069 1327 5123; x_wconf 80' lang='lat' dir='ltr'><strong>PRIMUS.</strong></span> 
     </span>
    </p>
   </div>
   <div class='ocr_carea' id='block_1_101' title="bbox 369 5159 1851 5232">
    <p class='ocr_par' dir='ltr' id='par_1_101' title="bbox 369 5159 1851 5232">
     <span class='ocr_line' id='line_1_101' title="bbox 369 5159 1851 5232; baseline -0.005 -13"><span class='ocrx_word' id='word_1_815' title='bbox 369 5164 604 5232; x_wconf 87' lang='lat' dir='ltr'><strong>Epistola</strong></span> <span class='ocrx_word' id='word_1_816' title='bbox 649 5161 712 5215; x_wconf 89' lang='lat' dir='ltr'><strong>ad</strong></span> <span class='ocrx_word' id='word_1_817' title='bbox 741 5161 951 5215; x_wconf 84' lang='lat' dir='ltr'><strong>Galatas</strong></span> <span class='ocrx_word' id='word_1_818' title='bbox 991 5161 1150 5214; x_wconf 92' lang='lat' dir='ltr'><strong>missa</strong></span> <span class='ocrx_word' id='word_1_819' title='bbox 1179 5160 1368 5213; x_wconf 88' lang='lat' dir='ltr'><strong>dicitur</strong></span> <span class='ocrx_word' id='word_1_820' title='bbox 1404 5159 1468 5211; x_wconf 85' lang='lat' dir='ltr'><strong>ah</strong></span> <span class='ocrx_word' id='word_1_821' title='bbox 1506 5159 1756 5228; x_wconf 86' lang='lat' dir='ltr'><strong>Apostolo</strong></span> <span class='ocrx_word' id='word_1_822' title='bbox 1785 5161 1851 5212; x_wconf 92' lang='lat' dir='ltr'><strong>ab</strong></span> 
     </span>
    </p>
   </div>
   <div class='ocr_carea' id='block_1_102' title="bbox 303 5249 1854 5328">
    <p class='ocr_par' dir='ltr' id='par_1_102' title="bbox 303 5249 1854 5328">
     <span class='ocr_line' id='line_1_102' title="bbox 303 5249 1854 5328; baseline -0.004 -20"><span class='ocrx_word' id='word_1_823' title='bbox 303 5257 518 5328; x_wconf 82' lang='lat' dir='ltr'><strong>Epheso</strong></span> <span class='ocrx_word' id='word_1_824' title='bbox 554 5253 762 5308; x_wconf 81' lang='lat' dir='ltr'><strong>civitate</strong></span> <span class='ocrx_word' id='word_1_825' title='bbox 795 5269 806 5303; x_wconf 88' lang='lat'><strong>:</strong></span> <span class='ocrx_word' id='word_1_826' title='bbox 835 5259 888 5304; x_wconf 91' lang='lat' dir='ltr'><strong>et</strong></span> <span class='ocrx_word' id='word_1_827' title='bbox 913 5250 1106 5303; x_wconf 91' lang='lat' dir='ltr'><strong>idcirco</strong></span> <span class='ocrx_word' id='word_1_828' title='bbox 1130 5250 1336 5317; x_wconf 88' lang='lat' dir='ltr'><strong>quidam</strong></span> <span class='ocrx_word' id='word_1_829' title='bbox 1364 5249 1505 5302; x_wconf 84' lang='lat' dir='ltr'><strong>illam</strong></span> <span class='ocrx_word' id='word_1_830' title='bbox 1537 5251 1854 5316; x_wconf 62' lang='lat' dir='ltr'><strong>przrmittunt</strong></span> 
     </span>
    </p>
   </div>
   <div class='ocr_carea' id='block_1_103' title="bbox 301 5339 1853 5415">
    <p class='ocr_par' dir='ltr' id='par_1_103' title="bbox 301 5339 1853 5415">
     <span class='ocr_line' id='line_1_103' title="bbox 301 5339 1853 5415; baseline -0.005 -15"><span class='ocrx_word' id='word_1_831' title='bbox 301 5345 597 5415; x_wconf 82' lang='lat' dir='ltr'><strong>epistolam,</strong></span> <span class='ocrx_word' id='word_1_832' title='bbox 630 5341 761 5394; x_wconf 92' lang='lat' dir='ltr'><strong>hanc</strong></span> <span class='ocrx_word' id='word_1_833' title='bbox 789 5339 1033 5391; x_wconf 85' lang='lat' dir='ltr'><strong>ordinant</strong></span> <span class='ocrx_word' id='word_1_834' title='bbox 1060 5350 1485 5407; x_wconf 88' lang='lat' dir='ltr'><strong>consequentem.</strong></span> <span class='ocrx_word' id='word_1_835' title='bbox 1523 5339 1733 5392; x_wconf 89' lang='lat' dir='ltr'><strong>Summa</strong></span> <span class='ocrx_word' id='word_1_836' title='bbox 1762 5355 1853 5392; x_wconf 91' lang='lat' dir='ltr'><strong>au-</strong></span> 
     </span>
    </p>
   </div>
   <div class='ocr_carea' id='block_1_104' title="bbox 302 5429 1851 5502">
    <p class='ocr_par' dir='ltr' id='par_1_104' title="bbox 302 5429 1851 5502">
     <span class='ocr_line' id='line_1_104' title="bbox 302 5429 1851 5502; baseline -0.005 -11"><span class='ocrx_word' id='word_1_837' title='bbox 302 5445 405 5491; x_wconf 90' lang='lat' dir='ltr'><strong>tem</strong></span> <span class='ocrx_word' id='word_1_838' title='bbox 438 5435 592 5502; x_wconf 87' lang='lat' dir='ltr'><strong>hujus</strong></span> <span class='ocrx_word' id='word_1_839' title='bbox 619 5431 855 5501; x_wconf 67' lang='lat' dir='ltr'><strong>cpistola:</strong></span> <span class='ocrx_word' id='word_1_840' title='bbox 882 5429 992 5482; x_wconf 72' lang='lat' dir='ltr'><strong>lucc</strong></span> <span class='ocrx_word' id='word_1_841' title='bbox 1018 5439 1098 5483; x_wconf 89' lang='lat' dir='ltr'><strong>est</strong></span> <span class='ocrx_word' id='word_1_842' title='bbox 1124 5448 1135 5481; x_wconf 89' lang='lat'><strong>:</strong></span> <span class='ocrx_word' id='word_1_843' title='bbox 1160 5445 1336 5483; x_wconf 91' lang='lat' dir='ltr'><strong>errare</strong></span> <span class='ocrx_word' id='word_1_844' title='bbox 1381 5430 1592 5483; x_wconf 86' lang='lat' dir='ltr'><strong>Galatas</strong></span> <span class='ocrx_word' id='word_1_845' title='bbox 1620 5429 1757 5496; x_wconf 74' lang='lat' dir='ltr'><strong>quod</strong></span> <span class='ocrx_word' id='word_1_846' title='bbox 1787 5430 1851 5483; x_wconf 90' lang='lat' dir='ltr'><strong>ad</strong></span> 
     </span>
    </p>
   </div>
   <div class='ocr_carea' id='block_1_105' title="bbox 306 5517 1850 5592">
    <p class='ocr_par' dir='ltr' id='par_1_105' title="bbox 306 5517 1850 5592">
     <span class='ocr_line' id='line_1_105' title="bbox 306 5517 1850 5592; baseline -0.006 -11"><span class='ocrx_word' id='word_1_847' title='bbox 306 5525 630 5592; x_wconf 76' lang='lat' dir='ltr'><strong>evangelium</strong></span> <span class='ocrx_word' id='word_1_848' title='bbox 665 5522 804 5584; x_wconf 83' lang='lat' dir='ltr'><strong>ﬁdei,</strong></span> <span class='ocrx_word' id='word_1_849' title='bbox 832 5520 968 5589; x_wconf 91' lang='lat' dir='ltr'><strong>quod</strong></span> <span class='ocrx_word' id='word_1_850' title='bbox 995 5531 1074 5573; x_wconf 87' lang='lat' dir='ltr'><strong>est</strong></span> <span class='ocrx_word' id='word_1_851' title='bbox 1112 5520 1162 5572; x_wconf 93' lang='lat' dir='ltr'><strong>in</strong></span> <span class='ocrx_word' id='word_1_852' title='bbox 1201 5517 1410 5574; x_wconf 89' lang='lat' dir='ltr'><strong>Christo</strong></span> <span class='ocrx_word' id='word_1_853' title='bbox 1438 5521 1719 5589; x_wconf 82' lang='lat' dir='ltr'><strong>adjungant</strong></span> <span class='ocrx_word' id='word_1_854' title='bbox 1765 5521 1850 5588; x_wconf 90' lang='lat' dir='ltr'><strong>ju-</strong></span> 
     </span>
    </p>
   </div>
   <div class='ocr_carea' id='block_1_106' title="bbox 305 5609 1847 5681">
    <p class='ocr_par' dir='ltr' id='par_1_106' title="bbox 305 5609 1847 5681">
     <span class='ocr_line' id='line_1_106' title="bbox 305 5609 1847 5681; baseline -0.008 -8"><span class='ocrx_word' id='word_1_855' title='bbox 305 5617 594 5681; x_wconf 77' lang='lat' dir='ltr'><strong>daisntum,</strong></span> <span class='ocrx_word' id='word_1_856' title='bbox 621 5611 881 5681; x_wconf 84' lang='lat' dir='ltr'><strong>corporali</strong></span> <span class='ocrx_word' id='word_1_857' title='bbox 901 5609 1164 5665; x_wconf 80' lang='lat' dir='ltr'><strong>intellectu</strong></span> <span class='ocrx_word' id='word_1_858' title='bbox 1187 5609 1528 5665; x_wconf 89' lang='lat' dir='ltr'><strong>observantes</strong></span> <span class='ocrx_word' id='word_1_859' title='bbox 1556 5609 1847 5675; x_wconf 89' lang='lat' dir='ltr'><strong>sabbatmn,</strong></span> 
     </span>
    </p>
   </div>
   <div class='ocr_carea' id='block_1_107' title="bbox 1955 5063 3514 5134">
    <p class='ocr_par' dir='ltr' id='par_1_107' title="bbox 1955 5063 3514 5134">
     <span class='ocr_line' id='line_1_107' title="bbox 1955 5063 3514 5134; baseline -0.004 -11"><span class='ocrx_word' id='word_1_860' title='bbox 1955 5079 2008 5123; x_wconf 87' lang='lat' dir='ltr'><strong>et</strong></span> <span class='ocrx_word' id='word_1_861' title='bbox 2034 5067 2508 5130; x_wconf 87' lang='lat' dir='ltr'><strong>circumcisiouem,</strong></span> <span class='ocrx_word' id='word_1_862' title='bbox 2558 5069 2680 5120; x_wconf 91' lang='lat' dir='ltr'><strong>item</strong></span> <span class='ocrx_word' id='word_1_863' title='bbox 2724 5077 2915 5121; x_wconf 67' lang='lat' dir='ltr'><strong>czetera</strong></span> <span class='ocrx_word' id='word_1_864' title='bbox 2964 5078 3124 5132; x_wconf 89' lang='lat' dir='ltr'><strong>opera</strong></span> <span class='ocrx_word' id='word_1_865' title='bbox 3157 5079 3274 5132; x_wconf 85' lang='lat' dir='ltr'><strong>quae</strong></span> <span class='ocrx_word' id='word_1_866' title='bbox 3308 5078 3371 5118; x_wconf 78' lang='lat' dir='ltr'><strong>ex</strong></span> <span class='ocrx_word' id='word_1_867' title='bbox 3403 5063 3514 5134; x_wconf 81' lang='lat' dir='ltr'><strong>lege</strong></span> 
     </span>
    </p>
   </div>
   <div class='ocr_carea' id='block_1_108' title="bbox 1957 5152 3515 5229">
    <p class='ocr_par' dir='ltr' id='par_1_108' title="bbox 1957 5152 3515 5229">
     <span class='ocr_line' id='line_1_108' title="bbox 1957 5152 3515 5229; baseline -0.003 -18"><span class='ocrx_word' id='word_1_868' title='bbox 1957 5167 2320 5229; x_wconf 89' lang='lat' dir='ltr'><strong>perceperant.</strong></span> <span class='ocrx_word' id='word_1_869' title='bbox 2369 5157 2457 5209; x_wconf 88' lang='lat' dir='ltr'><strong>IIis</strong></span> <span class='ocrx_word' id='word_1_870' title='bbox 2503 5157 2658 5210; x_wconf 89' lang='lat' dir='ltr'><strong>rebus</strong></span> <span class='ocrx_word' id='word_1_871' title='bbox 2703 5166 2874 5208; x_wconf 91' lang='lat' dir='ltr'><strong>motus</strong></span> <span class='ocrx_word' id='word_1_872' title='bbox 2916 5155 3106 5207; x_wconf 88' lang='lat' dir='ltr'><strong>Paulus</strong></span> <span class='ocrx_word' id='word_1_873' title='bbox 3151 5152 3334 5206; x_wconf 86' lang='lat' dir='ltr'><strong>scribit</strong></span> <span class='ocrx_word' id='word_1_874' title='bbox 3381 5153 3515 5206; x_wconf 84' lang='lat' dir='ltr'><strong>hanc</strong></span> 
     </span>
    </p>
   </div>
   <div class='ocr_carea' id='block_1_109' title="bbox 1959 5241 3508 5314">
    <p class='ocr_par' dir='ltr' id='par_1_109' title="bbox 1959 5241 3508 5314">
     <span class='ocr_line' id='line_1_109' title="bbox 1959 5241 3508 5314; baseline -0.005 -14"><span class='ocrx_word' id='word_1_875' title='bbox 1959 5247 2258 5314; x_wconf 85' lang='lat' dir='ltr'><strong>epistolam,</strong></span> <span class='ocrx_word' id='word_1_876' title='bbox 2292 5260 2384 5300; x_wconf 86' lang='lat' dir='ltr'><strong>eos</strong></span> <span class='ocrx_word' id='word_1_877' title='bbox 2425 5246 2609 5299; x_wconf 84' lang='lat' dir='ltr'><strong>volens</strong></span> <span class='ocrx_word' id='word_1_878' title='bbox 2634 5245 2899 5313; x_wconf 86' lang='lat' dir='ltr'><strong>corrigere</strong></span> <span class='ocrx_word' id='word_1_879' title='bbox 2937 5252 2989 5296; x_wconf 90' lang='lat' dir='ltr'><strong>et</strong></span> <span class='ocrx_word' id='word_1_880' title='bbox 3015 5257 3044 5294; x_wconf 92' lang='lat' dir='ltr'><strong>a</strong></span> <span class='ocrx_word' id='word_1_881' title='bbox 3065 5241 3328 5309; x_wconf 89' lang='lat' dir='ltr'><strong>judaismo</strong></span> <span class='ocrx_word' id='word_1_882' title='bbox 3358 5255 3508 5294; x_wconf 57' lang='lat' dir='ltr'><strong>revo.</strong></span> 
     </span>
    </p>
   </div>
   <div class='ocr_carea' id='block_1_110' title="bbox 1956 5332 3510 5397">
    <p class='ocr_par' dir='ltr' id='par_1_110' title="bbox 1956 5332 3510 5397">
     <span class='ocr_line' id='line_1_110' title="bbox 1956 5332 3510 5397; baseline -0.004 -7"><span class='ocrx_word' id='word_1_883' title='bbox 1956 5351 2097 5397; x_wconf 87' lang='lat' dir='ltr'><strong>care,</strong></span> <span class='ocrx_word' id='word_1_884' title='bbox 2145 5347 2200 5388; x_wconf 87' lang='lat' dir='ltr'><strong>ut</strong></span> <span class='ocrx_word' id='word_1_885' title='bbox 2243 5336 2395 5389; x_wconf 83' lang='lat' dir='ltr'><strong>iidem</strong></span> <span class='ocrx_word' id='word_1_886' title='bbox 2441 5345 2639 5387; x_wconf 88' lang='lat' dir='ltr'><strong>tantum</strong></span> <span class='ocrx_word' id='word_1_887' title='bbox 2690 5335 2742 5386; x_wconf 91' lang='lat' dir='ltr'><strong>in</strong></span> <span class='ocrx_word' id='word_1_888' title='bbox 2783 5332 3051 5385; x_wconf 89' lang='lat' dir='ltr'><strong>Christum</strong></span> <span class='ocrx_word' id='word_1_889' title='bbox 3105 5340 3338 5393; x_wconf 79' lang='lat' dir='ltr'><strong>servent,</strong></span> <span class='ocrx_word' id='word_1_890' title='bbox 3384 5341 3436 5384; x_wconf 90' lang='lat' dir='ltr'><strong>et</strong></span> <span class='ocrx_word' id='word_1_891' title='bbox 3481 5345 3510 5384; x_wconf 85' lang='lat' dir='ltr'><strong>a</strong></span> 
     </span>
    </p>
   </div>
   <div class='ocr_carea' id='block_1_111' title="bbox 1955 5419 3506 5493">
    <p class='ocr_par' dir='ltr' id='par_1_111' title="bbox 1955 5419 3506 5493">
     <span class='ocr_line' id='line_1_111' title="bbox 1955 5419 3506 5493; baseline -0.005 -15"><span class='ocrx_word' id='word_1_892' title='bbox 1955 5423 2166 5478; x_wconf 91' lang='lat' dir='ltr'><strong>Christo</strong></span> <span class='ocrx_word' id='word_1_893' title='bbox 2194 5440 2339 5493; x_wconf 79' lang='lat' dir='ltr'><strong>Spem</strong></span> <span class='ocrx_word' id='word_1_894' title='bbox 2373 5423 2601 5477; x_wconf 83' lang='lat' dir='ltr'><strong>habeant</strong></span> <span class='ocrx_word' id='word_1_895' title='bbox 2620 5422 2802 5474; x_wconf 88' lang='lat' dir='ltr'><strong>salutis</strong></span> <span class='ocrx_word' id='word_1_896' title='bbox 2831 5430 2882 5474; x_wconf 95' lang='lat' dir='ltr'><strong>ct</strong></span> <span class='ocrx_word' id='word_1_897' title='bbox 2914 5419 3320 5485; x_wconf 70' lang='lat' dir='ltr'><strong>promissionum</strong></span> <span class='ocrx_word' id='word_1_898' title='bbox 3351 5419 3464 5487; x_wconf 86' lang='lat' dir='ltr'><strong>ejus</strong></span> <span class='ocrx_word' id='word_1_899' title='bbox 3493 5436 3506 5471; x_wconf 88' lang='lat'><strong>:</strong></span> 
     </span>
    </p>
   </div>
   <div class='ocr_carea' id='block_1_112' title="bbox 1955 5507 3513 5582">
    <p class='ocr_par' dir='ltr' id='par_1_112' title="bbox 1955 5507 3513 5582">
     <span class='ocr_line' id='line_1_112' title="bbox 1955 5507 3513 5582; baseline -0.003 -14"><span class='ocrx_word' id='word_1_900' title='bbox 1955 5515 2155 5568; x_wconf 83' lang='lat' dir='ltr'><strong>scilicet</strong></span> <span class='ocrx_word' id='word_1_901' title='bbox 2197 5515 2337 5582; x_wconf 89' lang='lat' dir='ltr'><strong>quod</strong></span> <span class='ocrx_word' id='word_1_902' title='bbox 2380 5529 2444 5566; x_wconf 80' lang='lat' dir='ltr'><strong>ex</strong></span> <span class='ocrx_word' id='word_1_903' title='bbox 2478 5514 2724 5580; x_wconf 76' lang='lat' dir='ltr'><strong>aperilms</strong></span> <span class='ocrx_word' id='word_1_904' title='bbox 2773 5511 2900 5578; x_wconf 86' lang='lat' dir='ltr'><strong>legis</strong></span> <span class='ocrx_word' id='word_1_905' title='bbox 2951 5523 3105 5563; x_wconf 90' lang='lat' dir='ltr'><strong>nemo</strong></span> <span class='ocrx_word' id='word_1_906' title='bbox 3150 5509 3399 5561; x_wconf 87' lang='lat' dir='ltr'><strong>salvetur.</strong></span> <span class='ocrx_word' id='word_1_907' title='bbox 3448 5507 3513 5563; x_wconf 91' lang='lat' dir='ltr'><strong>Ut</strong></span> 
     </span>
    </p>
   </div>
   <div class='ocr_carea' id='block_1_113' title="bbox 1955 5597 3509 5672">
    <p class='ocr_par' dir='ltr' id='par_1_113' title="bbox 1955 5597 3509 5672">
     <span class='ocr_line' id='line_1_113' title="bbox 1955 5597 3509 5672; baseline -0.007 -10"><span class='ocrx_word' id='word_1_908' title='bbox 1955 5603 2146 5662; x_wconf 75' lang='lat' dir='ltr'><strong>refutet</strong></span> <span class='ocrx_word' id='word_1_909' title='bbox 2185 5617 2312 5672; x_wconf 87' lang='lat' dir='ltr'><strong>ergo</strong></span> <span class='ocrx_word' id='word_1_910' title='bbox 2357 5603 2454 5657; x_wconf 85' lang='lat' dir='ltr'><strong>ista</strong></span> <span class='ocrx_word' id='word_1_911' title='bbox 2496 5616 2613 5669; x_wconf 68' lang='lat' dir='ltr'><strong>quae</strong></span> <span class='ocrx_word' id='word_1_912' title='bbox 2664 5600 2987 5668; x_wconf 78' lang='lat' dir='ltr'><strong>adjttngunt,</strong></span> <span class='ocrx_word' id='word_1_913' title='bbox 3031 5597 3345 5653; x_wconf 77' lang='lat' dir='ltr'><strong>conﬁrmare</strong></span> <span class='ocrx_word' id='word_1_914' title='bbox 3397 5599 3509 5651; x_wconf 87' lang='lat' dir='ltr'><strong>vult</strong></span> 
     </span>
    </p>
   </div>
  </div>
