3950 6206
432 193 568 251 1147

1659 190 1847 246 MAllll
1902 189 2234 246 VICTORINI
2279 196 2315 245 Λ
2329 191 2436 245 Fili

3526 192 3666 251 1MB

428 308 759 379 evangelium
788 323 963 364 suum.
992 306 1252 364 Utautem
1278 306 1995 374 detanctoritatcmevange-
2019 308 2071 368 Λ
2097 304 2308 369 Paulus,
2347 304 2502 359 sicuti
2551 305 2809 374 probavit,
2848 321 2877 358 a
2919 305 3064 359 nullo
3101 305 3370 375 apostolo,
3421 304 3513 374 qui
3550 319 3665 357 enm

428 398 504 454 lio
530 414 644 466 suo,
674 400 889 455 adhibet
918 399 1193 470 principia,
1228 399 1442 463 dicens,
1470 412 1527 453 se
1556 412 1674 453 esse
1699 397 1995 466 apestolum

430 502 536 543 non
561 488 627 544 ab
646 488 946 544 hominibus
975 504 1146 559 neque
1170 504 1263 558 per
1288 487 1576 543 hominem.
1601 486 1692 541 liis
1725 487 1998 540 divisioni-

430 576 552 646 bus,
584 577 725 649 quod
752 577 1081 649 evangelium
1110 578 1434 633 revelatione
1455 578 1747 647 susceperit
1768 576 1995 646 juda-us,

431 677 489 724 et
516 669 710 724 acriter
747 669 983 739 judteus;
1014 668 1153 739 quod
1186 677 1303 738 post
1359 668 1639 723 triennium
1690 666 1995 739 Hierosoly-

431 774 570 813 mam
593 760 657 815 ad
681 759 892 815 Petrum
918 760 1149 824 venerit;
1178 759 1315 827 quod
1339 759 1635 828 quindecim
1664 758 1847 813 diebus
1877 773 1998 813 cum

434 864 499 905 eo
522 848 707 917 fuerit;
740 849 880 920 quod
912 848 1331 920 Hierosolymam
1350 858 1469 918 post
1496 848 1889 918 quatuordccim
1911 864 2001 902 an-

433 956 531 996 nos
552 940 764 996 redierit
795 958 806 994 :
836 940 1026 1011 quibus
1055 940 1306 995 omnibus
1350 938 1450 993 hoc
1476 938 1725 1003 ostendit,
1775 939 1903 992 nihil
1941 953 1999 993 se

432 1032 500 1087 ab
522 1031 603 1087 his
630 1031 879 1087 didicisse
901 1031 983 1085 vel
1009 1039 1225 1100 propter
1243 1030 1485 1098 exiguam
1528 1029 1881 1099 praasentiam,
1915 1028 1997 1083 vel

442 1132 661 1193 propter
690 1123 897 1193 longam
918 1122 1232 1177 absentiam.
1256 1120 1575 1176 Conﬁrmata
1594 1120 1749 1189 igitur
1768 1118 2000 1173 auctori-

437 1223 542 1270 tate
576 1214 716 1283 quod
764 1227 794 1268 a
842 1213 949 1268 Deo
976 1212 1269 1283 susceperit
1295 1212 1622 1283 evangelium
1658 1211 1732 1282 (1)
1779 1210 2000 1266 Domino

430 1314 619 1359 nostro
653 1303 781 1359 Jesu
807 1303 1043 1369 Christo,
1075 1302 1345 1374 subjungit
1373 1301 1483 1372 ipsa
1512 1312 1793 1371 praecepta,
1840 1301 1891 1355 id
1921 1310 2001 1356 est

440 1411 546 1451 non
570 1410 690 1451 esse
720 1395 1048 1465 jungendum
1084 1393 1413 1462 corporalem
1453 1393 1777 1447 intellectum
1803 1391 2001 1460 judais-

436 1489 505 1541 mi
534 1504 547 1540 :
570 1496 623 1542 et
662 1487 713 1541 id
740 1501 798 1541 se
824 1488 947 1541 dicit
966 1486 1088 1540 olitn
1112 1486 1407 1539 ostendisse
1432 1494 1483 1539 et
1509 1484 1700 1553 egisse,
1731 1499 1851 1537 cum
1878 1499 1999 1553 age.

435 1588 519 1635 ret
545 1580 702 1635 etiam
731 1589 913 1633 contra
945 1578 1177 1633 Petrum.
1217 1574 1413 1631 Deinde
1445 1575 1749 1644 exsequitur
1777 1573 1876 1629 hoc
1919 1575 2001 1645 ip.

2098 396 2310 451 Christo
2340 396 2457 461 fuit,
2481 396 2678 465 aliquid
2711 396 2914 454 didicit.
2943 395 3071 451 Item
3098 411 3187 461 ne,
3234 410 3353 451 cum
3388 410 3485 465 per
3517 394 3682 453 Citrio.

2099 495 2236 540 stum
2260 487 2523 554 didicerit,
2553 502 2747 557 negare
2768 487 3026 554 videatur,
3059 498 3113 541 ut
3139 486 3351 557 quidam
3389 487 3667 541 haereticus

2097 578 2461 648 blaSphemus,
2483 580 2623 654 quod
2663 579 2823 636 fuerit
2860 580 3021 635 homo
3050 580 3329 645 Christus;
3378 578 3664 649 adjiciens,

2097 686 2198 723 non
2228 688 2315 740 per
2349 672 2622 734 hominem,
2645 670 2772 739 quid
2810 670 2936 725 illud
2982 671 3050 725 sit
3095 669 3387 740 Subjnngit,
3414 669 3663 731 dicendo,

2097 763 2184 815 sed
2199 777 2285 831 per
2309 759 2487 814 Jesum
2518 758 2775 815 Christum
2799 772 2845 815 et
2878 760 3041 814 Deum
3073 758 3298 814 Patrem.
3327 758 3461 813 Cum
3512 774 3669 828 nega-

2098 851 2372 921 vitulique
2395 867 2484 921 per
2513 852 2780 917 hominem,
2808 861 2858 905 et
2884 850 3157 919 subjunxit
3178 866 3267 920 per
3289 848 3570 914 Christum,
3594 851 3668 904 in.

2099 944 2261 1013 telligi
2308 943 2430 999 licet
2476 960 2564 1015 per
2592 942 2757 997 Deum
2785 941 3061 997 Christum.
3106 942 3211 998 Sed
3256 943 3513 1011 quoniam
3550 942 3670 996 sub-

2093 1034 2267 1103 junxit
2295 1050 2383 1104 per
2409 1033 2570 1087 Deum
2601 1032 2827 1099 Patrem,
2858 1032 3052 1088 idcirco
3081 1032 3295 1102 quidam
3325 1033 3415 1086 vix
3444 1046 3473 1086 a
3502 1031 3661 1087 Paulo

2098 1124 2428 1179 nominatum
2461 1125 2625 1180 Deum
2651 1124 2833 1179 dicunt
2853 1122 3141 1180 Christum.
3163 1124 3363 1180 Verum
3398 1125 3451 1178 in
3493 1125 3671 1193 multis

2098 1214 2233 1269 locis
2259 1214 2596 1283 probavimus
2621 1215 2783 1268 Deum
2806 1213 3004 1269 dictum
3034 1214 3192 1269 etiam
3220 1228 3251 1267 a
3282 1214 3472 1267 Paulo.
3502 1212 3671 1268 Etiam

2098 1307 2186 1363 hic
2214 1322 2423 1378 quoque
2453 1306 2677 1377 intelligi
2721 1307 2842 1361 licet
2869 1323 2882 1361 :
2916 1307 3113 1362 etenim
3156 1305 3202 1360 si
3236 1307 3436 1360 dictqu
3468 1312 3553 1359 est
3578 1320 3674 1359 nou

2098 1414 2187 1468 per
2231 1400 2501 1463 hominem,
2534 1406 2589 1453 et
2630 1398 2971 1468 subjunctum
3019 1399 3104 1453 sed
3132 1415 3221 1469 per
3265 1396 3545 1461 Christum,
3592 1397 3672 1452 in-

2100 1489 2441 1559 telligendum
2487 1499 2570 1545 est
2597 1490 2735 1560 quod
2760 1500 2812 1545 et
2837 1490 3081 1545 Christus
3112 1490 3250 1544 Deus
3276 1499 3378 1544 est.
3411 1488 3670 1557 Quoniam

2102 1590 2276 1637 tamen
2306 1584 2444 1637 Deus
2466 1598 2582 1653 qua:
2607 1581 2753 1647 facit,
2783 1598 2875 1653 per
2894 1580 3161 1636 Christum
3184 1582 3332 1647 facit,
3354 1581 3513 1636 sicuti
3543 1580 3672 1635 tnui-

436 1686 577 1737 sum.
612 1683 859 1725 asserens
882 1684 1039 1723 unum
1065 1681 1186 1724 esse
1221 1665 1549 1736 evangelium
1588 1665 1726 1735 quod
1768 1665 1879 1736 ipse
1902 1663 1999 1719 do-
2026 1669 2073 1728 B
2105 1676 2170 1729 tis
2198 1674 2547 1739 ostendimus,
2582 1675 2779 1729 idcirco
2807 1673 3003 1728 dictum
3029 1692 3116 1745 per
3139 1672 3420 1740 Christum,
3444 1681 3491 1727 et
3514 1672 3672 1726 Deum

436 1762 567 1828 cuit,
599 1769 652 1816 et
681 1761 833 1831 longe
858 1774 1039 1816 errare
1065 1773 1159 1814 eos
1184 1758 1274 1827 qui
1315 1755 1560 1826 judaismi
1588 1766 1851 1825 praecepta
1876 1753 1999 1823 jun-

437 1860 565 1921 gunt
609 1860 663 1907 et
704 1849 1151 1911 observationem.
1196 1832 1319 1901 Haec
1356 1846 1514 1915 igitur
1554 1844 1997 1913 quemadmodum

440 1950 646 2010 tractet,
684 1959 781 1997 suo
809 1942 925 1997 loco
953 1941 1249 1996 dividemus
1283 1958 1295 1992 :
1327 1937 1534 1993 interim
1570 1937 1635 1991 ad
1681 1936 1997 2008 principium

438 2032 677 2104 epistola:
716 2044 1061 2088 revertamur.

508 2124 663 2180 CAP.
687 2124 967 2180 L—Vsns.
994 2124 1121 2177 1.-
1135 2120 1331 2176 Paulus
1354 2121 1612 2190 apostolus
1630 2136 1731 2175 non
1750 2120 1811 2173 ab
1838 2120 1999 2173 homi-

441 2215 764 2285 nibus,er
774 2232 863 2286 per
873 2212 1232 2279 hominem,sed
1244 2210 1364 2282 ρετ]
1370 2228 1501 2265 esum
1517 2210 1767 2265 Christum
1781 2221 1824 2266 et
1840 2210 2001 2265 Deum

442 2318 654 2383 patrem,
694 2310 775 2380 qui
803 2306 1060 2363 suscitavit
1096 2306 1241 2360 illum
1278 2323 1310 2359 a
1346 2307 1572 2371 mortuis,
1606 2314 1650 2359 et
1684 2306 1766 2373 qui
1810 2320 2000 2357 merum

442 2410 557 2454 sunt
589 2416 756 2453 onmes
781 2400 964 2468 fratres
990 2397 1208 2451 ecclesiae
1234 2394 1468 2450 Galatia.
1487 2394 1629 2449 Ordo
1657 2396 1710 2448 in
1744 2394 2002 2463 principio

443 2490 721 2544 sententia:
761 2490 845 2543 hic
879 2496 961 2543 est
992 2506 1004 2541 :
1034 2486 1231 2541 Paulus
1274 2486 1551 2557 apostolus,
1605 2496 1649 2539 et
1688 2488 1771 2555 qui
1812 2502 2001 2539 mecum

443 2588 555 2634 sunt
583 2594 750 2633 omnes
779 2581 981 2650 fratres,
1004 2578 1226 2631 ecclesia:
1246 2575 1481 2633 Galatiae.
1518 2575 1583 2630 Et
1611 2574 1695 2630 hic
1721 2590 1781 2631 se
1825 2575 2004 2631 laudat

442 2672 736 2742 apostolus,
765 2686 864 2723 non
884 2669 947 2721 alt
983 2668 1263 2721 hominibus
1303 2668 1523 2720 missum
1540 2682 1697 2735 neque
1727 2682 1815 2735 per
1844 2666 2003 2719 homi-

442 2779 578 2830 nem,
603 2762 690 2816 sed
717 2778 805 2833 per
834 2761 1111 2815 Dominum
1142 2758 1395 2813 Christum
1425 2768 1469 2812 et
1495 2756 1655 2811 Deum
1684 2757 1890 2811 Patrem
1919 2760 2003 2827 qui

443 2853 698 2908 suscitauit
715 2851 862 2905 illum
880 2866 910 2903 a
930 2849 1172 2914 mortuis,-
1188 2848 1472 2904 ostendens
1493 2850 1631 2918 quis,
1648 2863 1764 2903 cum
1790 2849 2001 2917 quibus,

444 2954 499 3000 et
524 2944 715 3015 quibus
730 2943 925 2998 scribat
956 2951 1046 2997 :et
1072 2955 1193 2996 cum
1228 2942 1397 2996 soleat
1428 2942 1493 2995 de
1530 2956 1588 2995 se
1613 2950 1810 2995 tantum
1841 2942 2001 3009 proli-

2100 1765 2308 1820 Patrem
2350 1767 2432 1836 qui
2456 1768 2682 1821 excitavit
2712 1767 2852 1819 illuni
2888 1783 2919 1819 a
2956 1766 3185 1821 mortuis.
3215 1764 3411 1836 Utique
3440 1780 3511 1820 nc
3538 1764 3673 1821 dicc-

2098 1865 2260 1921 retur,
2292 1871 2396 1924 quo
2432 1856 2589 1909 modo
2614 1872 2706 1924 per
2732 1854 2999 1910 Christum
3029 1855 3259 1910 didicisti
3285 1857 3376 1925 qui
3402 1855 3671 1909 Christum

2099 1966 2203 2004 non
2245 1959 2459 2005 secutus
2500 1966 2581 2014 es,
2618 1960 2671 2005 ct
2720 1949 2966 2005 Christus
3010 1960 3251 2004 mortuus
3283 1948 3409 2002 est?
3455 1946 3669 2012 addidit,

2098 2044 2240 2115 quod
2290 2043 2688 2098 resuscitavcrit
2725 2042 2861 2097 Deus
2900 2042 3168 2098 Christum
3196 2056 3223 2093 a
3252 2041 3506 2095 mortuis.
3544 2040 3672 2109 Ergo

2098 2135 2345 2191 Christus
2373 2151 2459 2189 me
2485 2134 2687 2201 docuit,
2718 2136 2808 2205 qui
2848 2133 3191 2189 resuscitatus
3220 2142 3303 2187 est
3342 2147 3373 2185 a
3415 2131 3666 2197 mortuis;

2099 2226 2445 2283 resuscitatus
2482 2235 2656 2279 autem
2689 2225 2780 2280 Dei
2807 2224 2981 2279 Patris
3018 2225 3235 2279 virtute.
3277 2221 3429 2290 Quod
3462 2222 3536 2277 sit
3577 2220 3671 2276 hoc

2102 2316 2412 2387 mysterium
2450 2314 2750 2370 resuscitati
2781 2314 2896 2368 Filii
2926 2329 2955 2369 a
2982 2314 3204 2368 mortuis
3243 2328 3389 2383 saepe
3430 2311 3671 2379 esposui-

2102 2423 2253 2472 mus;
2277 2422 2440 2476 saepe,
2487 2421 2606 2461 cum
2638 2406 2848 2461 occasio
2876 2406 2998 2472 erit,
3043 2405 3301 2460 dicemus.
3334 2404 3402 2458 Et
3430 2402 3519 2473 qni
3567 2416 3672 2458 mc-

2101 2514 2217 2552 cum
2248 2508 2371 2551 sunt
2413 2512 2598 2552 omnes
2646 2497 2854 2563 fratres,
2896 2496 3136 2551 ordinem
3170 2494 3282 2565 jam
3312 2508 3473 2562 supra
3522 2494 3671 2560 hujus

2101 2604 2288 2645 sensus
2328 2589 2559 2644 ostendit
2592 2586 2786 2644 Paulus
2824 2590 3092 2659 apostolus
3124 2598 3169 2641 et
3201 2588 3287 2656 qui
3327 2604 3521 2642 mecum
3561 2594 3670 2640 sunt

2102 2698 2269 2735 omnes
2294 2682 2495 2750 fratres.
2525 2680 2657 2748 Quid
2682 2680 3055 2750 subjungituri
3084 2681 3307 2734 ecclesia:
3333 2679 3569 2734 Calatitc.

2174 2773 2336 2828 Vens.
2370 2773 2423 2839 5,
2455 2772 2517 2839 4,
2539 2772 2590 2827 5.
2614 2803 2685 2812 -
2710 2773 2923 2829 Servata
2950 2773 3334 2827 consuetudine
3377 2788 3480 2841 qua
3528 2772 3669 2826 addi.

2104 2878 2221 2917 mus
2247 2871 2335 2917 aut
2354 2863 2575 2917 salutem
2600 2872 2690 2916 aut
2717 2862 2909 2931 aliquid
2935 2862 3058 2927 tale,
3093 2861 3269 2915 Gratia
3291 2860 3429 2914 vobis
3453 2872 3497 2914 et
3522 2877 3622 2930 pa:
3641 2877 3671 2915 a

2112 2954 2218 3007 Deo
2248 2953 2430 3018 Patre,
2463 2964 2508 3005 et
2539 2953 2755 3006 Domino
2776 2962 2946 3006 nostro
2975 2951 3097 3005 Jesu
3125 2951 3358 3015 Christo,
3388 2951 3477 3019 qui
3504 2966 3557 3002 se
3589 2950 3671 3003 de-

447 3037 543 3093 teri
567 3036 755 3091 Paulus
783 3034 1052 3105 apostolus
1083 3033 1356 3103 Romanis,
1378 3032 1695 3097 Corinthiis;
1723 3041 1778 3086 ut
1814 3048 2002 3088 onera-
2026 3029 2071 3090 C
2106 3044 2177 3095 dit
2198 3044 2273 3114 (1)
2302 3059 2392 3112 pro
2430 3045 2642 3112 peccatis
2672 3043 2852 3095 nostris
2882 3051 2933 3094 ut
2963 3042 3191 3095 liberaret
3229 3056 3320 3093 nos
3350 3040 3415 3095 de
3442 3039 3668 3109 prtvsenti

446 3137 528 3183 ret
553 3127 784 3196 Galatas,
813 3138 863 3183 et
895 3130 945 3183 in
974 3141 1160 3183 errore
1185 3129 1329 3199 gravi
1362 3135 1585 3193 notaret,
1611 3124 1881 3195 conjunxit
1916 3138 2000 3179 sc-

445 3235 565 3275 cum
588 3222 746 3276 etiam
777 3237 962 3279 omnes
992 3223 1182 3278 fratres
1207 3223 1298 3292 qui
1327 3236 1446 3276 cum
1484 3234 1550 3275 eo
1588 3227 1758 3283 erant,
1784 3218 1923 3287 quod
1951 3224 2005 3269 et

449 3316 546 3384 ipsi
592 3316 695 3371 illis
729 3317 984 3383 scribant,
1014 3316 1212 3372 iaciens
1232 3316 1309 3370 eis
1338 3314 1589 3384 pudorem
1629 3312 1770 3383 quod
1814 3319 1999 3365 contra

449 3417 633 3459 omnes
652 3406 902 3460 sentiunt.
933 3403 1045 3459 Non
1072 3405 1133 3458 ab
1155 3405 1435 3458 hominibus
1450 3418 1605 3467 neque
1626 3418 1713 3473 per
1730 3400 2000 3466 hominem,

450 3511 554 3565 quo
578 3496 827 3565 majorem
844 3498 948 3551 vim
971 3496 1126 3551 faciat
1146 3504 1522 3566 praeceptorum
1541 3508 1754 3547 suorum
1777 3501 1829 3545 et
1849 3506 2005 3545 cvan-

450 3587 569 3657 gelii
591 3589 728 3658 quod
749 3590 1039 3643 annuntiat.
1064 3590 1269 3659 Quippe
1296 3595 1629 3643 correcturus
1649 3585 1861 3640 Galatas
1879 3583 2006 3637 dicit

452 3694 511 3733 se
532 3693 635 3734 non
658 3681 955 3748 apostolum
976 3694 1096 3734 esse
1125 3687 1215 3733 aut
1233 3679 1295 3732 ab
1323 3676 1603 3731 hominibus
1623 3685 1711 3729 aut
1730 3692 1817 3746 per
1841 3675 2005 3727 homi-

451 3784 583 3834 nem,
624 3770 717 3823 sed
754 3784 871 3824 esse
903 3788 990 3839 per
1018 3768 1193 3824 Jesum
1221 3768 1471 3823 Christum
1496 3776 1543 3821 et
1582 3766 1739 3819 Deum
1780 3762 2003 3817 Putrem.

454 3858 591 3927 Ergo
628 3858 949 3914 credendum
989 3859 1139 3924 mihi,
1171 3869 1222 3915 ct
1262 3858 1498 3913 habenda
1536 3856 1667 3911 lich
1700 3865 1789 3910 :ct
1826 3868 2007 3908 verum

454 3950 792 4021 Evangelium
812 3959 894 4006 est
911 3950 1049 4020 quod
1071 3949 1312 4021 profero;
1334 3950 1526 4020 quippe
1547 3965 1635 4018 per
1653 3947 1827 4001 Jesum
1862 3944 2012 3999 Chri-

456 4049 586 4095 stum
617 4050 660 4094 ει
689 4041 850 4095 Deum
886 4041 1113 4095 Patrem.
1155 4039 1426 4111 Apostolus
1448 4053 1596 4109 ergo,
1619 4038 1803 4109 inquit,
1829 4054 1929 4091 non
1949 4038 2009 4090 ab

456 4132 732 4188 hominibus
761 4148 930 4199 neque
951 4148 1043 4203 per
1064 4132 1333 4198 homines;
1364 4131 1612 4202 quoniam
1642 4146 1747 4186 non
1775 4146 1866 4200 per
1885 4144 2013 4199 apo-

456 4223 648 4290 stolos,
685 4224 749 4278 de
777 4226 967 4294 quibus
1004 4224 1131 4279 dicit
1164 4224 1283 4295 quia
1304 4231 1358 4278 et
1379 4238 1572 4293 paucos
1611 4222 1723 4277 dies
1744 4237 1861 4277 cum
1886 4223 2011 4292 ipsis

459 4316 573 4383 fuit,
593 4326 645 4371 et
662 4318 780 4387 quia
803 4317 1045 4373 dexteras
1065 4317 1162 4372 sibi
1183 4316 1443 4371 dederunt
1465 4333 1478 4369 :
1503 4314 1630 4369 nihil
1652 4330 1777 4383 ergo
1798 4316 1863 4369 ab
1885 4314 1982 4384 ipsi

2099 3137 2283 3191 uacula
2305 3136 2435 3189 malo
2456 3136 2533 3206 (2)
2559 3135 2831 3188 secundum
2855 3134 3152 3187 voluntatem
3177 3132 3275 3187 Dei
3292 3143 3339 3186 et
3362 3131 3535 3185 Patris
3556 3147 3671 3185 nos-

2102 3226 2187 3292 tri,
2219 3230 2301 3281 cui
2327 3238 2396 3282 est
2419 3228 2579 3298 gloria
2604 3228 2653 3279 in
2676 3226 2862 3280 sa’culu
2881 3226 3198 3280 stt'culorttm.
3227 3224 3487 3279 Memorcs
3512 3225 3669 3279 simul

2102 3319 2225 3388 quid
2256 3320 2305 3372 in
2331 3319 2562 3387 Epistula
2590 3327 2709 3386 agat
2756 3317 2853 3371 hac
2896 3316 3208 3386 Apostolus;
3238 3313 3489 3384 quoniam
3527 3312 3670 3367 Caia-

2105 3419 2183 3465 tas
2234 3408 2591 3477 reprehendit,
2628 3418 2678 3461 et
2706 3410 2970 3478 corrigere
3018 3406 3183 3475 cupit,
3230 3414 3286 3459 ut
3313 3407 3365 3459 in
3403 3404 3667 3459 Christum

2106 3499 2263 3553 [idem
2311 3499 2556 3562 habeant,
2586 3508 2636 3552 et
2680 3498 2745 3551 ab
2791 3497 2906 3566 ipso
2935 3496 3049 3550 solo
3093 3510 3240 3564 spem
3283 3494 3496 3559 salutis,
3525 3508 3669 3562 spem

2104 3589 2410 3644 aeternitatis
2443 3597 2743 3657 expectent,
2792 3586 3157 3641 remissionem
3209 3594 3581 3655 peccatorum;
3620 3590 3671 3638 et

2105 3682 2322 3736 omnino
2350 3695 2415 3734 ne
2445 3680 2544 3733 sibi
2582 3679 2799 3734 credant
2831 3678 3083 3745 prodesse
3119 3676 3201 3731 vel
3244 3690 3404 3744 opera
3434 3676 3567 3745 legis
3596 3674 3673 3729 vel

2107 3776 2327 3831 sabbata
2349 3774 2430 3828 vel
2458 3773 2937 3828 circumcisionem.
2966 3771 3105 3839 Ergo
3131 3771 3181 3823 in
3208 3769 3471 3838 principio
3498 3780 3673 3837 pacem

2109 3868 2211 3920 illis
2241 3874 2485 3934 precatur
2513 3872 2567 3917 ct
2588 3864 2809 3932 gratiam
2840 3878 2866 3915 a
2890 3863 2997 3916 Deo
3026 3879 3039 3916 :
3065 3869 3118 3915 cl
3144 3859 3337 3915 deinde
3381 3858 3619 3927 adjunxit
3644 3871 3672 3910 ι

2108 3957 2341 4025 Christo,
2371 3956 2491 4027 quia
2519 3958 2573 4013 in
2603 3957 2815 4011 Christo
2839 3964 2963 4009 sunt
2994 3954 3169 4007 omnia
3197 3962 3377 4006 nostra
3409 3951 3547 4004 bona
3583 3967 3596 4003 :
3625 3956 3676 4004 et

2111 4048 2295 4116 probat
2320 4048 2371 4101 in
2400 4046 2613 4101 Christo
2630 4060 2746 4101 esse
2771 4044 2964 4107 omnia,
2990 4053 3043 4097 et
3066 4057 3157 4111 per
3178 4041 3448 4096 Christum
3480 4038 3670 4105 omnia,

2110 4151 2226 4191 cum
2256 4136 2382 4191 dicit
2409 4137 2495 4205 qui
2523 4152 2574 4189 se
2602 4135 2734 4189 dedit
2756 4150 2845 4205 pro
2868 4132 3084 4202 peccatis
3120 4131 3323 4195 nostris,
3355 4140 3410 4182 ut
3455 4130 3679 4182 liberaret

2114 4243 2203 4281 nos
2233 4226 2294 4279 de
2332 4228 2563 4295 prtesenti
2601 4226 2784 4279 sarculo
2818 4224 2968 4277 malo.
3012 4221 3153 4291 Ergo
3197 4220 3361 4289 ipsius
3402 4218 3677 4283 beneﬁcio,

2115 4318 2276 4386 ipsius
2300 4316 2487 4385 gratia,
2519 4330 2547 4368 a
2578 4315 2688 4370 Deo
2710 4313 2922 4383 quidem
2946 4312 3122 4377 Patre,
3145 4309 3238 4365 sed
3267 4309 3517 4378 passione
3546 4308 3679 4376 ejus,

460 4410 659 4465 didicit.
700 4408 877 4480 Neque
907 4426 994 4480 per
1032 4410 1277 4463 hominem
1316 4407 1399 4462 vel
1438 4421 1531 4477 per
1570 4381 1876 4475 prophetam
1904 4381 2011 4459 ali-
2038 4381 2093 4441 D
2118 4381 2215 4463 nos
2238 4381 2573 4479 de‘pranseriti
2600 4381 2795 4461 smculo
2816 4407 3043 4473 maligno
3064 4402 3386 4466 liberamur;
3415 4410 3468 4453 et
3497 4400 3683 4453 libera-

459 4515 637 4569 qnem,
659 4508 716 4555 ut
734 4501 975 4570 ambigue
996 4498 1102 4571 (2);
1128 4515 1297 4569 neque
1318 4514 1412 4569 per
1430 4498 1697 4553 Christum
1720 4500 2011 4566 hominem,

458 4592 552 4647 sed
594 4607 687 4661 per
719 4593 982 4648 Christum
1020 4593 1108 4661 qui
1139 4596 1190 4645 in
1230 4591 1444 4646 homine
1469 4610 1483 4647 :
1506 4592 1744 4647 Christus
1780 4591 1920 4645 enim
1962 4600 2016 4646 et

460 4684 597 4740 Deus
622 4694 676 4740 et
702 4686 878 4739 homo.
903 4683 1020 4738 Non
1047 4684 1110 4737 ab
1136 4684 1423 4738 hominibus
1450 4700 1605 4753 neque
1630 4699 1717 4753 per
1743 4682 2010 4738 hominem.

460 4774 589 4830 Cum
611 4775 738 4831 dicit
762 4775 823 4828 ab
845 4775 1145 4840 hominibus,
1173 4773 1469 4844 signiﬁcare
1492 4774 1696 4828 videtur
1722 4774 2015 4841 Matthiam,

462 4868 551 4937 qui
580 4867 645 4922 ab
677 4866 978 4921 hominibus
997 4865 1180 4921 didicit
1208 4884 1221 4919 :
1254 4865 1337 4919 hic
1361 4865 1502 4919 enim
1521 4868 1825 4933 suppositus
1855 4874 1935 4919 est
1965 4866 2017 4919 in

464 4957 632 5012 locum
686 4957 1002 5028 proditoris;
1044 4972 1171 5027 ergo
1203 4956 1270 5011 ab
1300 4956 1597 5011 hominibus
1626 4954 1825 5010 didicit.
1869 4953 2020 5020 Quod

462 5054 637 5101 autem
665 5046 795 5101 dixit
830 5061 1003 5116 neque
1027 5062 1115 5116 per
1146 5046 1413 5110 hominem,
1454 5045 1695 5114 intelligit
1730 5044 1869 5114 quod
1916 5058 2019 5100 non

466 5134 659 5194 missus
697 5145 787 5192 aut
830 5137 1016 5191 doctus
1052 5145 1134 5191 est
1183 5136 1250 5190 ab
1290 5136 1530 5202 homine,
1574 5136 1667 5191 sed
1707 5150 1799 5206 per
1840 5136 2019 5191 Jesum

466 5227 752 5295 Christum,
781 5227 984 5282 scilicet
1004 5226 1190 5281 Deum.
1232 5225 1373 5295 Ergo
1404 5226 1454 5280 in
1483 5241 1547 5280 eo
1576 5226 1714 5295 quod
1751 5226 1883 5280 dixit
1925 5242 2027 5279 non

466 5318 528 5372 ab
566 5319 869 5386 hominibus,
915 5316 1183 5386 apostolos
1214 5316 1414 5381 innuit;
1460 5317 1705 5386 quoniam
1756 5317 2027 5386 apostolus

540 5450 618 5525 (i)
665 5451 737 5505 ita
781 5450 992 5525 codices
1018 5449 1135 5525 sine
1158 5449 1417 5525 copulam
1438 5465 1458 5513 ;
1481 5448 2029 5525 quamquamﬁPaulus

468 5523 520 5579 in
547 5516 715 5577 'textu
761 5520 891 5574 dicit
917 5536 1007 5587 per
1030 5518 1206 5573 Jesum
1227 5516 1560 5574 Christum—et
1592 5516 1749 5573 Deum
1800 5518 2027 5574 Patrem.

541 5592 619 5665 (2)
649 5590 725 5645 lta
753 5605 811 5646 se
836 5588 1033 5647 habent
1055 5587 1287 5645 codices.

2119 4519 2238 4557 mur
2274 4518 2365 4571 per
2389 4500 2677 4565 Christum,
2717 4498 2811 4552 sed
2841 4498 3033 4551 virtute
3071 4496 3183 4561 Dei,
3229 4493 3322 4548 Dei
3361 4492 3563 4545 scilicet
3601 4488 3683 4544 cui

2118 4604 2199 4648 est
2242 4593 2406 4661 gloria
2450 4606 2541 4660 per
2578 4604 2787 4644 onmem
2836 4585 3202 4642 mternitatem'.
3243 4582 3299 4637 Si
3349 4581 3508 4651 igitur
3552 4580 3684 4633 Dens

2120 4693 2372 4748 aztcrnus,
2400 4692 2454 4736 et
2479 4681 2642 4752 gloria
2670 4679 2784 4749 cjus
2810 4678 2861 4731 in
2887 4686 3165 4730 teternum.
3198 4672 3264 4727 Et
3285 4689 3351 4727 ex
3379 4671 3472 4725 Dei
3504 4671 3684 4725 volun-

2123 4783 2228 4829 tate
2254 4773 2492 4828 Christus
2515 4771 2767 4842 mysterio
2789 4768 3015 4824 functus.
3036 4780 3133 4834 pro
3158 4763 3388 4833 peccatis
3415 4761 3612 4816 nosnis
3630 4775 3686 4816 se

2124 4867 2289 4933 dedit,
2317 4873 2373 4919 ut
2398 4879 2491 4919 nos
2512 4862 2760 4916 liberaret
2786 4871 2994 4924 omnes,
3026 4854 3263 4909 Iiberatio
3284 4869 3350 4909 ex
3378 4853 3471 4907 Dei
3501 4853 3684 4905 volun-

2128 4966 2233 5012 tate
2264 4971 2355 5025 per
2382 4953 2647 5008 Christum
2677 4960 2778 5005 est.
2815 4947 2966 5015 Quod
2994 4948 3037 5000 si
3068 4959 3162 5015 per
3185 4944 3452 4999 Christum
3479 4951 3581 5007 est,
3610 4941 3687 4996 υι-

2128 5058 2205 5102 tra
2237 5046 2367 5100 nihil
2409 5042 2773 5115 qumrendum,
2801 5048 2854 5093 ct
2877 5052 3007 5091 vana
3049 5043 3171 5089 sunt
3202 5034 3314 5101 illa,
3342 5048 3463 5103 qua:
3492 5032 3687 5089 ϐειιηιω

2126 5138 2435 5207 adjungunt,
2466 5134 2518 5188 id
2544 5141 2625 5187 est
2650 5130 2965 5201 judaismns,
2996 5140 3157 5196 opera
3196 5124 3349 5194 legis,
3392 5132 3447 5179 et
3486 5122 3687 5178 sabbati

2126 5229 2446 5292 observatio,
2478 5234 2529 5279 et
2549 5220 2901 5290 circumcisio.

2197 5319 2360 5373 Vens.
2384 5317 2437 5373 6.
2484 5342 2557 5355 ——
2588 5312 2750 5367 Miror
2774 5309 2907 5381 quod
2931 5308 3003 5362 sic
3042 5315 3147 5361 tam
3180 5308 3279 5362 cito
3331 5300 3684 5376 transferimini

2228 5514 2280 5583 l)
2310 5511 2465 5583 ωε.
2498 5509 2675 5583 habet,
2698 5509 2787 5583 qui
2810 5506 2948 5560 dedit
2975 5506 3313 5583 semetipsum.

2228 5515 2280 5583 l)
2316 5515 2465 5579 Vulg.
2498 5515 2675 5573 habet,
2698 5515 2784 5577 qui
2810 5515 2948 5560 dedit
2975 5515 3313 5575 sentetipsum.

2201 5515 2281 5655 is)
2308 5581 2486 5651 Vulg.,
2515 5581 2724 5648 eriperet
2753 5578 2815 5631 de
2840 5591 2989 5647 pra’s.
3022 5575 3206 5630 mento
3230 5588 3462 5642 nequam.
