3950 6206
277 230 425 283 1149

1129 234 1193 287 IN
1234 234 1609 289 EPISTULA"
1648 232 1846 289 PAULI
1888 231 1980 285 AD
2018 232 2331 289 GALATAS
2370 236 2567 290 “lilii:
2612 239 2645 290 l.

3385 242 3523 296 1ιῖὶο

275 341 344 394 ab
368 356 426 394 eo
450 342 533 410 qui
556 356 642 395 vos
673 344 857 396 voravit
874 345 924 396 in
949 347 1160 413 gratiam
1184 346 1260 413 (Ι)
1281 348 1331 398 in
1350 345 1491 398 aliud
1513 344 1846 415 evangelium.
1877 340 1929 397 A
1953 340 2211 407 dideritis,
2244 356 2297 397 et
2338 343 2389 398 in
2425 344 2636 401 Christo
2672 349 2848 403 omnia
2885 350 3169 419 speranda,
3216 352 3397 405 \Oillttl
3429 365 3522 407 vus

276 432 420 486 Cum
462 434 795 503 evangelium
849 444 1052 489 certum
1102 437 1171 489 sit
1213 437 1353 507 quod
1410 438 1687 491 ammntiat
1723 451 1850 505 apo-

278 523 457 578 stolus
488 524 700 589 Paulus,
735 524 785 578 id
820 534 901 579 est
924 522 1195 580 Christum
1222 526 1315 581 Dei
1351 526 1563 591 Filium,
1595 528 1846 581 virtutem

278 612 379 667 Dei
411 615 461 666 in
493 614 715 668 salutem
747 614 824 684 (2)
854 614 1100 670 onmibus
1130 615 1470 672 credentibus
1499 616 1611 670 sive
1646 615 1847 671 Grzecis

276 704 401 758 sive
437 703 665 765 Judzeis;
716 702 952 773 nihilque
994 714 1280 774 praeterea;
1318 707 1409 761 sed
1446 722 1656 761 onmem
1697 722 1847 775 spem

276 796 490 859 salutis,
527 804 581 848 et
624 796 805 863 gratia:
848 797 937 850 Dei
996 797 1135 851 circa
1178 812 1273 851 nos
1314 798 1368 851 in
1408 798 1509 852 lide
1550 813 1669 852 esse
1707 797 1845 852 circa

273 887 572 953 Christum,
605 897 662 941 nt
687 903 806 942 eum
838 888 1117 944 credamus
1146 889 1237 944 Dei
1262 890 1428 945 lilium
1454 905 1591 954 esse,
1630 905 1723 958 pro
1754 905 1847 943 no-

276 978 365 1034 bis
400 993 620 1047 passum
654 992 794 1041 esse,
843 979 1217 1045 resurrexisse,
1260 980 1451 1035 exinde.
1496 995 1592 1035 nos
1638 994 1846 1049 qquue

276 1082 581 1137 resurgere,
622 1083 744 1123 cum
796 1070 1113 1124 remissione
1162 1081 1525 1139 peccaturum;
1581 1071 1719 1139 quod
1765 1079 1845 1125 est

276 1174 467 1215 verum
508 1160 863 1229 evangelium,
904 1160 1045 1230 quod
1094 1162 1369 1215 annuntiat
1410 1162 1633 1227 Paulus;
1678 1162 1843 1231 siquis

276 1249 424 1304 aliud
446 1250 701 1319 adjungit,
733 1249 869 1305 idest
886 1251 1205 1320 judaismutn
1232 1262 1285 1307 et
1311 1253 1768 1308 circumcisionem
1792 1264 1844 1307 et

275 1341 488 1397 Sabbati
513 1342 936 1398 observationem
965 1353 1019 1398 et
1058 1356 1268 1410 czrtera,
1308 1357 1489 1414 peccat
1523 1346 1836 1415 hujusmodi,

273 1440 437 1501 atque
462 1432 664 1487 alienus
702 1446 731 1485 a
766 1433 989 1488 veritate
1013 1442 1114 1488 est.
1153 1432 1283 1488 Cum
1326 1435 1481 1504 igitur
1514 1436 1712 1491 Galatae
1749 1436 1843 1492 ad-

268 1521 601 1592 jungendum
653 1524 953 1591 putaverint
1009 1524 1332 1592 judaismum
1392 1526 1458 1580 ad
1508 1529 1837 1598 evangelium

274 1613 551 1681 Apostoli;
594 1612 733 1677 ideo,
763 1616 855 1679 ait,
881 1614 1035 1667 miror
1055 1615 1187 1683 quod
1215 1617 1284 1669 sic
1319 1626 1421 1670 tam
1450 1618 1548 1671 cito
1581 1620 1841 1689 transieri-

275 1704 421 1756 mim‘.
453 1704 685 1758 Primum
713 1705 852 1758 enim
883 1716 1157 1773 peccatum
1175 1716 1254 1760 est
1280 1707 1385 1761 cito
1414 1710 1715 1774 transferri;
1738 1726 1840 1764 non

272 1793 417 1846 enim
447 1792 603 1848 habet
624 1794 883 1848 rationem
911 1810 1028 1849 cum
1057 1797 1164 1851 cito
1189 1797 1381 1867 aliquid
1414 1798 1728 1855 transfertur
1752 1818 1763 1853 :
1789 1812 1842 1856 et

272 1882 471 1938 deinde
494 1885 632 1953 quod
662 1888 995 1950 transfertur,
1021 1888 1269 1955 quoniam
1295 1888 1362 1943 ab
1387 1889 1563 1959 aliquo
1590 1890 1842 1945 transfer-

274 1984 382 2029 tur.
408 1976 695 2034 Videamus
717 1996 843 2046 ergo
866 1998 892 2036 a
919 1999 1022 2053 quo
1042 1986 1104 2039 ab
1130 2002 1206 2051 ea,
1223 1986 1412 2056 inquit,
1438 1987 1523 2055 qui
1542 2002 1625 2039 vos
1651 1985 1840 2039 voravit

272 2065 328 2119 in
359 2068 596 2137 gratiam.
631 2070 839 2128 Etenim
879 2073 1122 2130 Christus
1162 2078 1248 2145 qui
1284 2091 1377 2145 pro
1406 2078 1557 2131 nobis
1596 2075 1839 2130 omnibus

273 2171 463 2225 passus
490 2170 592 2227 est,
618 2160 671 2215 in
694 2166 914 2232 gratiam
938 2181 1036 2220 nos
1056 2168 1280 2231 vocavit,
1309 2166 1353 2221 si
1382 2169 1432 2221 in
1462 2167 1629 2235 ipsum
1654 2168 1838 2220 creda-

274 2264 427 2313 mus;
468 2266 573 2303 non
610 2255 753 2307 enim
780 2268 1026 2322 magnum
1065 2265 1148 2312 est
1169 2257 1389 2325 gratiam
1418 2259 1532 2325 ejus
1561 2256 1835 2323 consequi,

272 2340 317 2395 si
352 2340 509 2395 modo
539 2356 659 2395 eum
690 2357 972 2413 sequamur
1010 2346 1290 2402 credentes
1323 2348 1571 2417 mysterio
1598 2362 1694 2401 suo
1736 2348 1834 2401 ista

272 2431 615 2499 prmstitisse;
650 2440 704 2487 et
736 2434 786 2488 id
815 2436 999 2504 gratis,
1028 2445 1082 2492 et
1110 2437 1225 2492 sine
1258 2437 1458 2501 labore,
1492 2448 1546 2491 et
1579 2437 1694 2491 sine
1726 2452 1835 2491 ma-

270 2521 391 2589 gnis
418 2524 684 2591 operibus.
729 2526 839 2580 lloc
877 2542 995 2581 cum
1026 2529 1095 2581 sit
1130 2528 1281 2582 nobis
1322 2528 1388 2581 ab
1417 2543 1480 2582 eo
1522 2530 1829 2596 praestitum,

271 2609 377 2663 cito
407 2610 565 2665 abeo
592 2613 884 2681 transferri,
915 2632 1159 2687 magnum
1187 2627 1268 2687 est
1302 2617 1527 2672 mirandi
1557 2633 1834 2684 argumen-

271 2708 404 2764 tum,
433 2710 490 2754 ut
520 2702 792 2757 transferri
816 2707 1095 2761 maluerint
1125 2707 1173 2761 in
1201 2707 1341 2761 aliud
1368 2707 1719 2777 evangelium,
1747 2722 1832 2762 so.

267 2794 473 2848 ciantes
494 2795 744 2864 jndaismi
773 2798 1122 2866 disciplinam.
1157 2799 1326 2854 Unum
1361 2810 1537 2854 autem
1568 2810 1650 2854 est
1672 2814 1833 2854 evan-

266 2885 487 2953 gelium,
511 2886 786 2956 solumque
803 2902 983 2951 unum,
1003 2887 1269 2943 Christum
1291 2888 1507 2943 credere
1527 2890 1616 2943 Dei
1642 2889 1827 2942 Filium

266 2990 404 3039 esse,
432 2976 697 3031 Christum
728 2993 847 3033 cum
871 2980 1115 3048 passione
1138 2994 1231 3034 sua
1255 2988 1310 3035 et
1338 2980 1569 3035 adventu
1592 2982 1641 3035 in
1667 2995 1827 3036 carne

1950 433 2265 487 conturbare
2294 436 2417 488 dum
2443 437 2582 490 aliud
2613 439 2835 493 suadent

2006 522 2161 576 Vsus.
2180 523 2417 578 8.——Sed
2429 536 2471 579 et
2487 528 2530 580 si
2543 545 2630 580 nos
2646 531 2718 581 vel
2729 531 2936 599 angelus
2948 531 3011 585 de
3021 533 3143 589 c0310
3159 532 3292 585 vobis
3308 549 3521 603 cvange-

1948 610 2166 663 lizaverit
2182 614 2451 683 (l)prwter
2464 633 2609 684 quam
2628 622 2761 685 quod
2774 621 3219 690 cvangelizarimus
3233 623 3517 689 robis,mm-

1948 702 2110 755 thema
2135 703 2217 756 sit.
2235 705 2419 758 Acrius
2436 722 2497 761 ac
2515 709 2876 764 vehementius
2899 721 3136 765 coactmn
3152 728 3362 768 sensum
3383 730 3513 768 cou-

1940 794 2133 864 junxit,
2150 811 2328 851 errare
2340 814 2544 863 omnes,
2560 801 2600 853 si
2618 810 2808 869 praeter
2832 803 3158 872 evangelium
3180 805 3370 859 Christi
3390 807 3511 875 quid

1946 885 2373 941 annuntiaverint
2389 904 2403 952 ;
2422 888 2589 958 siquid
2614 904 2709 943 nos
2728 891 2845 958 ipsi,
2862 891 3050 961 quibus
3066 895 3173 961 jam
3195 894 3509 962 credidistis,

1945 975 2029 1028 vel
2051 978 2273 1045 amplius
2296 980 2531 1049 angelus,
2551 982 2672 1035 licet
2694 983 2910 1052 angelus
2930 983 2995 1038 de
3016 985 3170 1049 cmlo,
3188 986 3340 1040 aliter
3352 1002 3512 1040 evan-

1944 1065 2248 1133 gelizavcrit
2285 1069 2454 1132 vobis,
2492 1071 2647 1123 aliter
2688 1072 2908 1138 scilicet,
2956 1083 3149 1142 praeter
3184 1077 3509 1146 evangelium

1944 1152 2161 1219 Christi,
2186 1157 2323 1225 quod
2349 1154 2556 1227 quidem
2588 1175 2683 1214 nos
2705 1163 3206 1230 evangelizavimus,
3230 1165 3509 1219 anathema

1944 1242 2042 1305 sit;
2078 1245 2175 1298 hoc
2205 1247 2342 1299 enim
2370 1248 2501 1302 dixit
2527 1262 2707 1320 pra’ter
2731 1268 2879 1319 quant
2908 1254 3041 1321 quod
3066 1255 3509 1325 erangclizavimus

1942 1334 2099 1388 vobis.
2127 1336 2192 1389 Et
2214 1338 2340 1393 mihi
2363 1355 2509 1410 ergo,
2533 1343 2576 1395 si
2600 1342 2753 1396 aliter
2776 1345 3221 1413 evangelizavero,
3247 1358 3298 1401 et
3320 1350 3509 1417 angelo

1942 1428 2029 1494 qui
2073 1427 2139 1480 de
2167 1430 2305 1484 cado
2335 1432 2421 1498 sit,
2464 1434 2528 1498 si,
2562 1433 2748 1502 inquit,
2790 1435 2944 1488 aliter
2974 1437 3324 1492 enuntiavcrit
3352 1454 3506 1509 quant

1942 1533 2037 1571 nos
2078 1521 2241 1575 semel
2272 1525 2659 1579 enuntiavimus
2687 1527 2852 1592 VOiiiS,
2881 1528 2947 1580 sit
2985 1529 3295 1594 anathema;
3328 1531 3376 1584 id
3403 1540 3504 1595 est,

1941 1610 2077 1678 quod
2109 1626 2263 1677 supra
2297 1616 2656 1681 exposuimus,
2686 1617 3025 1685 repudietur:
3071 1631 3123 1673 et
3157 1621 3224 1674 sit
3262 1621 3351 1675 ille
3388 1623 3506 1678 sine

1869 1696 1916 1755 Β
1946 1704 2179 1769 praemio,
2219 1706 2377 1759 iunco
2408 1710 2573 1777 magis
2598 1724 2714 1761 cum
2750 1724 2899 1777 pmna
2932 1710 3192 1765 malefacti
3224 1713 3323 1765 sui.

2015 1792 2173 1846 Vens.
2232 1793 2283 1848 9.
2340 1824 2409 1835 —-
2465 1798 2629 1850 Sicuti
2688 1800 3035 1869 pra'tlixinms.
3088 1802 3265 1855 Potest
3330 1802 3497 1855 videri

1943 1881 2059 1949 quia
2084 1891 2134 1935 ct
2158 1882 2210 1936 in
2237 1886 2595 1952 superioribus
2614 1889 2715 1941 tale
2740 1890 2934 1957 aliquid
2956 1890 3275 1957 praedixerit,
3298 1902 3353 1946 ut
3377 1907 3500 1946 ana-

1942 1971 2115 2025 thema
2143 1976 2211 2027 sit
2249 1976 2350 2028 illis
2386 1978 2475 2046 qui
2506 1979 2657 2032 aliter
2687 1980 2974 2047 praedicaut
2999 1983 3333 2049 livaugelium
3365 2003 3377 2036 :
3406 1986 3498 2040 sed

1941 2063 2061 2118 ideo
2089 2065 2218 2118 dixit
2247 2069 2394 2121 sicuti
2419 2072 2768 2139 pra'diasintus,
2803 2082 2855 2125 ttt
2896 2075 3145 2141 adjicerct
3173 2086 3217 2127 et
3245 2093 3377 2129 nunc
3406 2080 3498 2131 ite-

1938 2169 2049 2205 rum
2077 2154 2190 2208 dico
2216 2167 2268 2210 ιιι
2290 2158 2355 2211 de
2378 2158 2476 2213 hoc
2500 2160 2613 2228 ipso
2638 2161 2775 2230 quod
2801 2178 2967 2230 nuper
2986 2164 3117 2217 dixit
3144 2164 3497 2235 intelligatur:

1936 2245 2085 2298 sicuti
2119 2249 2462 2316 pt'atdiximus,
2509 2261 2561 2304 et
2600 2268 2736 2306 nunc
2778 2255 2966 2307 iterum
3009 2254 3287 2309 admoneo.
3329 2258 3499 2324 Quid?

1937 2336 2085 2401 illud,
2118 2338 2256 2405 quod
2285 2353 2439 2408 supra
2472 2340 2667 2393 dictqu
2698 2351 2800 2406 est,
2836 2344 2877 2395 si
2904 2344 3020 2411 quis
3049 2344 3194 2397 vobis
3236 2347 3500 2414 evangeli-

1936 2431 2151 2495 zavcrit,
2185 2441 2378 2498 praeter
2399 2448 2552 2501 quam
2584 2433 2720 2501 quod
2748 2435 3045 2503 accepistis,
3082 2435 3359 2489 anathema
3390 2439 3495 2492 sit:

1936 2520 2071 2575 idest
2096 2523 2207 2576 sive
2237 2538 2334 2591 ego
2361 2523 2512 2577 aliter
2541 2524 2834 2591 praedixero
2865 2533 2917 2578 et
2946 2527 3287 2579 Cttllltli:l\'t‘.l'0
3318 2526 3493 2581 Evan.

1932 2609 2146 2677 gelium,
2193 2612 2305 2665 sive
2332 2614 2567 2680 angelus,
2605 2614 2717 2667 sive
2755 2614 2975 2682 quilibet
3016 2615 3174 2679 alius,
3217 2620 3495 2673 anathema

1932 2697 2018 2750 sit.
2052 2698 2242 2767 Adjicit
2282 2710 2456 2753 autem
2492 2696 2759 2755 fortiorem
2804 2704 3057 2756 rationem
3095 2703 3212 2772 quia
3255 2720 3357 2756 non
3396 2704 3497 2761 huc

1931 2790 2067 2857 quod
2110 2790 2233 2857 agit,
2280 2790 2401 2843 ideo.
2437 2792 2563 2860 agit,
2610 2800 2664 2845 ut
2704 2791 3003 2846 hominilms
3037 2794 3274 2859 suadeat,
3314 2794 3405 2849 sed
3439 2805 3495 2850 ιιι

1932 2880 2241 2949 mysterium
2288 2883 2569 2949 compleat,
2614 2883 2750 2951 quod
2806 2883 2853 2936 ei
2902 2882 3203 2937 mandatum
3250 2894 3349 2938 est.
3404 2885 3494 2939 Sic

1929 2970 2066 3022 enim
2090 2970 2346 3039 adiungit,

265 3074 318 3121 et
345 3070 734 3124 resurrectione
768 3086 829 3124 ac
864 3074 1109 3139 passione
1130 3072 1352 3128 solvisse
1375 3075 1549 3127 omnia
1582 3084 1817 3143 peccata,
1851 3056 1894 3116 C
1997 3058 2157 3113 νεηεο
2220 3060 2302 3112 1οσ
2350 3091 2419 3099 -
2466 3061 2620 3115 Μοίίο
2670 3063 2802 3114 ιήῖθη
2853 3062 3136 3117 ¹¹⁰³ηίηί¹²υ⁸
3188 3063 3375 3117 “(ideo
3425 3080 3491 3117 (³η

264 3157 459 3211 vicisse
485 3167 729 3223 mortem,
753 3162 1144 3229 corruptionem
1166 3176 1377 3215 omnem
1399 3164 1824 3218 exterminasso:

272 3246 370 3303 hoc
400 3256 482 3302 est
514 3249 683 3303 solum
723 3253 1072 3320 evangelium.
1108 3252 1229 3306 ideo
1266 3252 1523 3321 adjungit,

332 3337 495 3393 Vsus.
516 3340 577 3392 7:
607 3368 676 3381 —
704 3340 854 3407 Quod
880 3358 978 3393 non
1006 3352 1076 3394 est
1105 3342 1248 3395 aliud
1280 3356 1298 3395 :
1326 3342 1493 3396 solum
1524 3342 1661 3396 cnim
1694 3342 1820 3396 illud

261 3441 359 3492 est,
388 3430 527 3499 quod
545 3446 702 3499 supra
717 3431 973 3486 diximus:
1003 3426 1295 3487 aliudcnim
1312 3444 1525 3496 nonest,
1561 3448 1729 3502 neque
1758 3450 1823 3487 ex

262 3522 512 3592 operibus
534 3524 724 3578 mereri
752 3524 996 3589 salutem,
1035 3540 1203 3593 neque
1241 3539 1302 3578 ex
1334 3524 1535 3578 sabbati
1566 3524 1821 3578 observa-

258 3614 421 3679 tione,
445 3628 614 3683 neque
642 3630 708 3670 ex
733 3613 1136 3669 circumcisione
1166 3614 1493 3684 evangelium
1524 3622 1624 3678 est,
1654 3614 1703 3668 id
1717 3624 1819 3680 est,

257 3707 401 3761 salus
429 3717 628 3762 nostra.

325 3796 445 3850 Nisi
470 3798 513 3849 si
536 3797 693 3864 aliqui
728 3805 843 3850 sunt
862 3798 945 3863 qui
975 3812 1059 3850 vos
1085 3797 1402 3861 conturbant,
1434 3806 1479 3849 et
1508 3797 1679 3849 volunt
1705 3811 1823 3849 con-

253 3896 441 3940 vertere
482 3888 793 3955 evangelium
852 3886 1059 3940 Christi.
1106 3884 1242 3938 Dicit
1297 3899 1425 3954 ergo
1466 3885 1816 3954 quorumdam

253 3994 412 4047 opera
442 3978 554 4032 fieri
587 3992 690 4031 non
716 3992 782 4032 ex
805 3979 1051 4043 veritate,
1079 3986 1134 4031 ut
1154 3992 1272 4031 cum
1292 3977 1582 4031 voluntvos
1604 3986 1819 4031 contur—

253 4070 399 4131 bare,
428 4077 482 4123 et
507 4068 654 4137 quasi
680 4069 853 4121 minus
883 4068 1024 4122 docti
1053 4068 1188 4133 sitis,
1217 4081 1312 4122 vos
1340 4067 1551 4123 docere.
1584 4068 1819 4122 Conver-

252 4166 369 4213 tunt
389 4157 720 4227 evangelium
739 4156 963 4219 Christi,
991 4172 1110 4211 cum
1137 4156 1467 4226 evangelium
1492 4170 1595 4209 non
1622 4158 1691 4209 sit
1718 4157 1817 4210 nisi

249 4250 469 4306 Christi.
504 4247 634 4301 Illud
674 4261 802 4301 vero
832 4246 971 4316 quod
1003 4262 1065 4299 ex
1104 4247 1356 4315 operibus
1394 4255 1475 4300 est
1502 4255 1593 4299 aut
1622 4259 1685 4299 ex
1723 4245 1819 4299 cir-

249 4336 597 4398 cumcisione,
632 4334 831 4388 Christi
876 4348 980 4388 non
1011 4344 1093 4389 est
1123 4353 1135 4388 :
1166 4336 1363 4388 etenim
1408 4334 1502 4387 ista
1533 4334 1817 4388 carnaliter

1929 3149 2073 3203 Deo?
2115 3166 2217 3205 non
2259 3154 2418 3216 enim,
2450 3153 2635 3221 inquit,
2666 3155 2765 3206 hoc
2786 3154 2923 3221 qund
2948 3169 3065 3222 ago,
3094 3171 3191 3223 ago
3215 3167 3489 3225 propterea

1925 3254 1983 3296 ut
2028 3242 2324 3296 hominibus
2369 3244 2638 3306 suadeam,
2691 3245 2782 3297 sed
2833 3245 3030 3299 suadeo
3070 3255 3190 3299 ante
3218 3246 3486 3301 dominum

1927 3333 2125 3397 Deum,
2172 3334 2253 3386 cui
2300 3333 2455 3386 velim
2504 3333 2746 3401 placere,
2797 3343 2850 3387 ut
2903 3334 2949 3388 id
3005 3336 3142 3404 quod
3184 3338 3485 3391 mandatum

1924 3431 2004 3477 est
2028 3436 2304 3492 eXSequar.
2331 3422 2546 3477 Graecus
2571 3426 2725 3478 aliter
2758 3425 2932 3491 habet,
2958 3427 3113 3480 modo
3140 3429 3279 3480 enim
3302 3430 3486 3503 ἀνθρὼο

1923 3536 2052 3573 πους
2070 3516 2224 3568 πείθω
2251 3514 2280 3573 ἦ
2301 3518 2385 3570 τὸν
2409 3517 2512 3570 θεὸν
2540 3514 2647 3586 (:2)?
2681 3516 2787 3569 Iloc
2814 3526 2895 3570 est
2925 3534 3029 3571 non
3058 3519 3362 3587 cvattgclizo
3388 3520 3485 3573 lto-

1923 3609 2110 3667 mines,
2138 3619 2304 3673 neque
2326 3620 2441 3673 quae
2472 3606 2738 3657 hominum
2765 3617 2906 3671 sunt,
2935 3608 3024 3661 sed
3054 3609 3237 3660 Deum.
3266 3608 3483 3664 l‘crsua-

1922 3695 2049 3749 dere
2088 3696 2226 3749 enim
2258 3712 2360 3750 nou
2407 3697 2644 3750 homines
2679 3697 2817 3762 volo,
2856 3698 2947 3752 sed
2991 3698 3153 3753 Deum
3192 3700 3481 3755 Christmu.

1924 3784 2061 3853 Ergo
2098 3794 2150 3839 et
2191 3786 2266 3839 sic
2301 3784 2470 3839 habeo
2514 3787 2876 3840 necessitatem
2915 3797 2965 3842 et
3014 3801 3208 3842 metmn
3241 3806 3363 3843 vera
3396 3792 3480 3844 di-

1920 3875 2100 3941 cendi,
2140 3884 2195 3929 ct
2224 3892 2326 3929 nou
2366 3876 2465 3928 alia
2493 3886 2545 3930 et
2568 3877 2668 3930 alia
2697 3879 2920 3932 dicendi.
2953 3880 3049 3931 Aut
3078 3879 3154 3951 (5)
3182 3897 3353 3949 quaero
3392 3883 3482 3936 hoc

1918 3966 2130 4018 minibus
2161 3966 2357 4035 placere
2376 3967 2401 4019 Ρ
2429 3966 2540 4021 Non
2563 3969 2701 4021 enim
2730 3986 2788 4023 ea
2817 3984 2915 4038 ago
2940 3986 3057 4039 qua:
3088 3987 3181 4039 pro
3210 3972 3479 4026 hominum

1917 4057 2288 4112 commoditate
2326 4060 2451 4120 sint,
2482 4068 2540 4111 ut
2564 4059 2862 4113 hominibus
2885 4062 3139 4128 placeam,
3163 4062 3255 4115 sed
3286 4072 3339 4115 ιιι
3363 4063 3477 4130 pla-

1916 4161 2061 4201 ceam
2087 4148 2195 4201 Deo
2226 4150 2276 4201 in
2309 4164 2373 4203 eo
2402 4150 2540 4219 quod
2571 4151 2877 4219 obsequium
2902 4165 3117 4220 priesto,
3153 4164 3204 4208 et
3235 4155 3478 4209 mandata

1917 4240 2176 4307 compleo.
2211 4240 2416 4293 Fortius
2458 4250 2632 4294 autem
2671 4242 2906 4311 adiungit
2938 4244 3065 4297 illud
3096 4245 3235 4312 quod
3266 4243 3393 4299 dicit
3433 4246 3480 4298 si

1882 4330 1887 4333 ’
1918 4328 2082 4380 adhuc
2115 4328 2397 4382 hominibus
2428 4330 2690 4397 placentia,
2730 4331 2914 4385 Christi
2951 4348 3121 4386 servus
3160 4350 3259 4386 non
3296 4351 3474 4387 essem.

250 4430 520 4487 intellecta
542 4428 742 4483 Christi
765 4442 871 4481 non
900 4437 1023 4480 sunt
1044 4441 1059 4489 ;
1083 4426 1126 4479 si
1145 4434 1320 4479 autem
1341 4424 1812 4489 spiritaliteriutel-
1839 4412 1890 4471 D
1919 4416 2121 4469 Etenim
2149 4418 2356 4483 placere
2383 4418 2701 4484 hominibus,
2725 4420 2878 4473 sicuti
2908 4421 3086 4473 multis
3108 4422 3265 4475 rebus
3292 4431 3473 4477 osten-

249 4521 484 4592 liguntur
513 4517 590 4589 (ὅ)
616 4525 674 4571 ιιι
693 4517 1025 4571 circumcisio
1052 4513 1333 4580 sitcordis,
1350 4522 1403 4567 et
1422 4515 1597 4568 omnia
1618 4530 1732 4583 qua:
1761 4513 1813 4567 in

246 4625 411 4666 carne
461 4616 613 4674 sunt,
658 4607 967 4678 spiritaliter
1010 4606 1401 4673 intelligantur,
1444 4606 1558 4659 lucc
1596 4607 1808 4675 inquam

246 4700 449 4756 Christi
476 4698 821 4767 Evangelium
850 4704 991 4751 sunt.
1021 4696 1189 4751 Porro
1215 4706 1390 4748 autem
1421 4695 1508 4763 qui
1535 4694 1600 4748 ad
1629 4710 1808 4763 Opera,

247 4800 301 4847 et
327 4791 393 4845 ad
423 4804 487 4845 ea
514 4803 631 4858 qua)
653 4796 777 4842 sunt
796 4787 1028 4842 carnalia
1050 4784 1397 4850 descendunt,
1417 4781 1614 4839 Christi
1638 4784 1810 4841 Evan-

248 4883 442 4952 gelium
475 4895 579 4935 non
609 4880 825 4934 habent.
861 4878 999 4946 Ergo
1028 4877 1115 4946 qui
1138 4891 1235 4931 vos
1262 4875 1552 4929 observare
1576 4875 1659 4929 vel
1690 4879 1812 4929 sah-

250 4973 429 5027 batum
461 4971 544 5024 vel
576 4969 881 5024 neomenias
905 4968 985 5023 vel
1015 4966 1466 5022 circumcisionem
1500 4965 1582 5019 vel
1616 4976 1808 5021 czetera

249 5077 364 5131 qua:
384 5059 633 5129 cperibus
657 5057 802 5121 fiunt,
828 5057 1010 5111 volunt
1033 5066 1086 5110 et
1106 5054 1311 5124 jnbent,
1333 5055 1415 5108 isti
1437 5052 1632 5109 Christi
1648 5069 1811 5109 evan-

248 5152 441 5221 gelium
479 5163 585 5203 non
629 5147 864 5202 habent:
907 5146 1046 5200 unde
1082 5144 1269 5199 volunt
1307 5158 1399 5198 vos
1441 5153 1749 5199 convertere
1776 5159 1805 5199 a

249 5239 439 5295 Christi
460 5237 767 5308 Evangelio.
794 5235 957 5291 Porro
972 5245 1149 5291 autem
1174 5250 1294 5291 cum
1324 5235 1377 5289 in
1395 5234 1663 5289 Christum
1687 5249 1803 5290 cre-

317 5394 391 5464 (l)
417 5393 567 5447 Hunc
585 5406 795 5464 versum
818 5390 968 5464 Vulg.
988 5391 1064 5445 sic
1091 5391 1339 5464 exhibet;
1362 5390 1523 5464 Mirer
1544 5392 1796 5464 quod.

254 5459 619 5533 tra'iiiferentini
637 5461 707 5533 ab
731 5477 788 5533 eo
808 5461 893 5529 qui
908 5476 990 5533 vos
1012 5477 1115 5515 voc.
1140 5462 1193 5514 in
1209 5463 1424 5531 gratiam
1447 5459 1651 5516 Christi.

337 5530 486 5601 stlta
516 5530 675 5585 codd.
701 5530 825 5601 sine
850 5530 1028 5584 verbo.

337 5536 387 5601 ὲ)
416 5536 486 5586 Ita
516 5536 675 5585 codd.
707 5536 825 5584 sine
850 5536 1028 5584 verbo.

311 5536 385 5681 i3)
400 5600 548 5672 Vulg.
571 5600 675 5657 Sed
691 5598 803 5655 licet
817 5615 907 5656 nos
925 5611 1009 5655 aut
1035 5601 1238 5671 angelus
1253 5601 1315 5655 de
1334 5601 1456 5655 rario
1468 5601 1785 5673 evangelista.

1915 4506 2075 4569 ditur,
2112 4522 2212 4558 non
2243 4516 2324 4559 cst
2349 4508 2567 4575 gratiam
2599 4510 2687 4563 Dei
2718 4511 2928 4563 mereri.
2958 4510 3010 4564 Si
3041 4511 3158 4579 quis
3197 4528 3259 4565 ex
3300 4514 3477 4581 operi-

1914 4598 2010 4651 bus
2040 4608 2186 4666 putat
2227 4601 2479 4669 agendam
2516 4603 2697 4665 vitam,
2740 4603 3037 4659 hominibus
3068 4605 3257 4674 placet,
3301 4608 3473 4663 adhuc

1913 4690 2129 4756 gratiam
2160 4704 2263 4743 non
2304 4701 2552 4747 meretur.
2614 4694 2761 4760 Quod
2804 4697 2845 4749 si
2890 4697 3171 4750 hominibus
3200 4698 3467 4769 placerem.

1913 4778 2053 4848 Ergo
2083 4781 2126 4833 si
2160 4781 2373 4845 vellem,
2420 4784 2614 4852 inquit,
2660 4785 2959 4841 hominibus
3014 4788 3245 4855 placere,
3288 4789 3473 4845 Christi

1915 4888 2084 4925 servus
2105 4888 2201 4925 non
2228 4889 2403 4938 essent,
2457 4874 2506 4927 id
2534 4886 2614 4929 est
2642 4890 2743 4929 non
2775 4891 2804 4929 a
2833 4876 3043 4931 Christo
3062 4877 3365 4948 redemptus
3394 4896 3473 4935 cs-

1916 4977 2046 5017 scm.
2075 4964 2182 5019 Iloc
2203 4974 2282 5018 est
2302 4966 2441 5019 enim
2463 4980 2671 5021 servum
2704 4981 2820 5021 esse
2842 4967 3055 5032 Christi,
3083 4980 3137 5022 ut
3164 4970 3467 5041 redemptus

1916 5069 2005 5122 per
2034 5055 2146 5123 eius
2173 5057 2488 5124 passionem,
2518 5073 2546 5111 a
2572 5059 2769 5113 mundo
2795 5070 2950 5128 atque
2976 5076 3001 5112 a
3033 5062 3260 5116 dominis
3286 5064 3466 5119 mundi

1912 5153 1964 5198 et
1989 5146 2164 5199 carnis
2196 5147 2468 5215 liberatus,
2493 5147 2600 5218 jam
2630 5151 2892 5204 Christum
2919 5150 3190 5206 dominum
3219 5154 3459 5220 habeam,

1908 5243 1963 5291 et
1988 5237 2102 5305 ejus
2123 5253 2309 5293 servus
2328 5240 2447 5293 sim.
2474 5239 2654 5311 Itaque
2672 5243 2755 5311 qui
2783 5243 3080 5299 hominibus
3105 5245 3315 5314 placere
3332 5246 3464 5314 vult,

1976 5397 2052 5463 (i)
2090 5398 2267 5467 Vulg.,
2298 5399 2448 5455 sicut.

1972 5467 2049 5536 (9.)
2088 5467 2326 5521 Graecum
2356 5478 2551 5523 textura
2583 5473 2659 5535 (ut
2681 5478 2824 5523 certe
2848 5479 2927 5524 est
2953 5470 3003 5521 in
3022 5467 3271 5537 codice)a
3299 5468 3463 5522 latino

1900 5536 2122 5608 differre
2139 5537 2264 5608 mihi
2294 5552 2400 5592 non
2432 5540 2712 5608 persuadet
2747 5541 3066 5596 Victorinus.

1969 5609 2044 5675 (5)
2089 5605 2257 5676 Vulg.,
2284 5622 2370 5659 an.
