3950 6206
467 220 597 274 1151

1701 219 1787 271 MA
1802 218 1885 274 Rll
1930 215 2264 271 VICTORINI
2304 215 2457 269 AFRI

3554 212 3679 265 1152

465 345 495 385 a
518 331 730 386 Christo
753 332 1058 401 redemptus
1082 346 1183 385 non
1201 340 1303 395 est,
1322 342 1374 385 et
1396 330 1555 384 servit
1574 329 1748 384 mundi
1772 330 2019 393 dominis,
2052 334 2099 390 Α
2125 338 2297 381 autem
2328 329 2612 381 revelavit?
2638 329 2789 383 Jesus
2815 328 3081 383 Christus.
3116 328 3239 382 Non
3261 329 3404 382 enim
3436 327 3506 379 ita
3549 329 3676 380 acci-

467 435 585 474 cum
615 420 921 474 hominibus
959 420 1132 490 placet
1158 437 1170 473 :
1196 433 1379 473 servus
1402 427 1576 471 autem
1612 416 1803 471 Christi
1849 420 1904 469 lit
1940 416 2025 482 qui

468 519 550 564 est
572 510 875 578 redemptus
896 526 924 562 a
948 510 1205 562 servitute
1228 509 1276 559 in
1302 508 1593 560 libertatem
1623 525 1634 557 :
1663 507 1761 559 hoc
1785 514 1862 557 est
1886 504 2025 558 enim

471 615 682 655 servum
717 599 914 653 Christi
957 613 1096 663 esse,
1139 598 1357 651 liberum
1391 612 1507 651 esse
1549 611 1579 649 a
1621 597 1835 650 servitio
1874 612 2024 648 num-

470 690 610 744 dano
642 707 655 743 :
701 689 747 743 is
774 704 957 743 servus
977 689 1170 742 Christi
1200 697 1301 754 est,
1333 689 1420 756 qui
1451 688 1768 755 redemptus,
1805 696 1858 739 ut
1882 686 2019 739 dixi-

472 794 610 845 mus,
643 780 810 833 nescit
838 779 979 830 illam
1007 778 1342 841 servitutem;
1368 793 1483 843 qua:
1508 778 1655 845 plena
1687 776 1899 830 libertas
1926 783 2024 827 est.

545 872 703 926 Vens.
726 872 783 925 11
808 910 819 921 .
847 868 1108 922 —Notum
1130 870 1257 921 cnim
1280 870 1409 937 facio
1427 868 1557 921 vobis
1579 869 1653 937 (1)
1677 866 2024 932 Evangelium,

473 965 605 1033 quod
632 964 1019 1031 euangelizatum
1043 978 1072 1013 a
1090 978 1187 1025 me,
1210 962 1325 1029 quia
1354 976 1454 1011 non
1474 969 1545 1011 est
1574 958 1841 1011 secundum
1866 955 2025 1007 homi-

476 1074 607 1110 nem.
634 1057 780 1119 Sive,
814 1064 870 1108 ut
894 1070 1050 1122 supra
1075 1055 1233 1115 dixit,
1264 1052 1401 1121 quod
1432 1068 1530 1103 non
1556 1050 1616 1102 ab
1643 1049 1921 1102 hominibus
1944 1061 2026 1097 ne-

470 1162 569 1215 que
587 1162 673 1214 per
696 1145 941 1197 hominem
964 1144 1233 1210 apostolus
1260 1144 1347 1206 sit,
1380 1150 1433 1195 et
1457 1155 1592 1193 nunc
1638 1140 1734 1191 hoc
1760 1138 1890 1190 dixit
1910 1137 2028 1204 quia

477 1251 575 1288 non
592 1234 861 1287 secundum
892 1232 1160 1284 hominem.
1188 1231 1389 1283 Etenim
1410 1228 1675 1297 apostolus
1707 1227 1908 1279 nuntiat
1934 1266 1946 1288 ,
1980 1224 2029 1276 id

477 1334 558 1378 est
578 1324 919 1392 evangelizat,
938 1322 1073 1389 quod
1093 1332 1173 1375 est
1206 1324 1289 1375 Dei
1311 1321 1494 1373 Filium
1512 1319 1755 1388 prmdicat
1769 1318 2029 1370 Christum

491 1412 819 1467 Salvatorem
844 1412 1075 1463 onmium
1100 1451 1113 1473 ,
1141 1426 1234 1477 per
1262 1424 1415 1477 quem
1442 1408 1614 1461 omnia
1638 1407 1767 1459 facta
1792 1417 1911 1459 sunt
1938 1422 1949 1455 :
1979 1413 2032 1457 et

481 1501 580 1557 hoc
610 1517 705 1572 ego
730 1515 832 1554 non
864 1500 1148 1554 secundum
1173 1502 1435 1553 hominem
1464 1500 1579 1552 dico
1600 1539 1614 1563 ,
1646 1500 1692 1551 id
1716 1509 1796 1551 est
1835 1512 1935 1550 non
1965 1496 2031 1548 ab

482 1590 692 1645 homine
718 1601 1009 1657 acceptum.
1049 1588 1170 1643 Sive
1197 1590 1314 1657 quia
1361 1590 1473 1674 ipse
1524 1589 1610 1640 ille
1652 1587 1895 1640 Salvator
1928 1599 2029 1637 non

2132 431 2257 483 pere
2282 416 2474 470 debent
2502 418 2607 482 illi,
2640 420 2723 486 qui
2753 419 2859 487 jam
2888 419 3157 472 Christum
3198 427 3512 483 sequuntur,
3545 426 3596 469 ut
3621 417 3679 471 ab

2129 504 2341 559 humine
2362 505 2653 574 intelligant
2681 518 2950 576 acceptum
2978 549 2991 571 ,
3022 524 3140 559 eum
3172 506 3369 560 dictum
3404 517 3543 560 esset
3564 547 3578 570 ,
3605 522 3679 559 re-

2131 595 2314 647 velavit
2341 595 2492 649 Jesus
2517 597 2758 651 Christus
2783 639 2796 661 ,
2825 607 2876 650 et
2904 598 3104 651 Galatae
3143 599 3250 664 jam
3284 607 3604 663 acceperunt
3626 606 3673 650 et

2133 683 2291 737 Deum
2322 694 2373 738 et
2399 686 2487 738 Dei
2518 686 2700 738 lilitttu.
2752 688 2963 756 Reliqua
2995 704 3108 752 qua:
3134 688 3427 756 adjnngunt
3452 729 3465 750 ,
3496 688 3562 755 ab
3588 690 3673 741 ho-

2130 780 2269 829 mine
2299 786 2454 840 sunt,
2486 778 2566 829 vel
2596 778 2660 831 ah
2691 778 2771 831 his
2797 779 2883 847 qui
2916 779 3019 832 illis
3043 790 3361 843 suaserunt,
3408 780 3492 832 vel
3520 779 3583 831 ab
3610 780 3679 848 ip—

2129 881 2186 918 so
2214 867 2423 935 Moyse,
2448 870 2531 935 qui
2558 870 2723 937 legem
2756 870 2917 923 dedit.
2947 870 3059 938 [pse
3088 870 3299 939 quidem
3332 886 3359 922 a
3395 870 3503 924 Deo
3526 886 3675 925 accc-

2133 959 2197 1024 pit
2224 999 2236 1021 ,
2269 974 2445 1011 verum
2477 960 2545 1011 illi
2578 975 2754 1027 parum
2786 962 3139 1027 intelligentes
3161 1004 3174 1025 ,
3202 964 3378 1015 omnia
3403 963 3675 1016 carnaliter

2130 1049 2376 1101 sentiunt.
2411 1049 2480 1101 lta
2515 1059 2712 1103 tantum
2744 1062 2820 1103 est
2851 1053 2967 1104 mali
2995 1053 3006 1104 !
3052 1053 3258 1105 Etenim
3302 1053 3511 1121 Moyses
3535 1066 3674 1104 acce—

2133 1140 2197 1205 pit
2232 1140 2394 1207 legem
2427 1141 2558 1192 hanc
2583 1182 2594 1203 ,
2635 1151 2685 1193 et
2714 1141 2971 1193 credidit:
3002 1149 3055 1193 at
3083 1156 3205 1192 vero
3238 1142 3514 1207 apostolus
3535 1156 3674 1193 rere.

2131 1227 2288 1279 latum
2322 1229 2419 1281 sibi
2447 1244 2564 1282 esse
2585 1230 2713 1282 dixit
2740 1272 2752 1293 ,
2795 1239 2845 1283 et
2877 1230 2973 1284 hoc
2993 1232 3227 1298 exponit.

2205 1316 2473 1372 \'£ns.15.
2517 1348 2584 1358 --
2630 1320 2845 1372 Audistis
2882 1321 3012 1372 enim
3058 1320 3482 1371 conversationem
3524 1334 3673 1369 meant

2132 1408 2401 1475 aliquando
2431 1411 2482 1460 in
2498 1409 2758 1477 judaismo
2785 1450 2797 1472 ,
2824 1410 2940 1478 quia
2973 1409 3048 1479 (l)
3078 1426 3235 1476 supra
3265 1410 3469 1460 modum
3520 1425 3674 1473 perse-

2132 1500 2316 1566 quebar
2347 1498 2625 1552 Ecclesium
2649 1500 2745 1552 Dei
2790 1510 2833 1553 et
2862 1501 3205 1570 expugnabam
3239 1498 3316 1570 (‘2)
3340 1542 3353 1563 ,
3392 1509 3435 1552 et
3458 1500 3674 1569 proﬁcie-

2133 1588 2241 1640 bam
2270 1591 2319 1641 in
2339 1592 2597 1660 jndaismo
2618 1606 2769 1659 supra
2791 1592 2973 1643 multos
3014 1600 3290 1642 cowtaneos
3336 1605 3470 1641 meos
3518 1590 3569 1641 in
3596 1605 3673 1657 ge-

482 1679 639 1734 honto
665 1689 778 1744 est,
808 1681 873 1733 ita
904 1688 960 1733 ut
983 1679 1191 1747 quidam
1236 1686 1415 1745 putant
1437 1677 1514 1746 (2)
1541 1693 1553 1739 ;
1600 1692 1766 1744 neque
1805 1677 1925 1744 quia
1982 1676 2028 1726 in
2062 1688 2106 1743 Β
2135 1698 2249 1734 nere
2275 1698 2383 1733 meo
2413 1682 2749 1734 abundantius
2788 1684 2974 1735 zelutor
3000 1684 3079 1752 (5)
3111 1684 3325 1734 existens
3358 1691 3670 1748 paternarum

492 1773 757 1827 hominem
781 1774 973 1825 missus
999 1814 1011 1835 ,
1044 1772 1238 1825 idcirco
1263 1772 1420 1824 homo
1447 1788 1458 1836 ;
1492 1772 1581 1823 sed
1614 1770 1748 1823 Deus
1780 1770 2030 1838 mysterio

486 1877 699 1918 carnem
724 1877 937 1916 sumens
963 1864 1026 1915 ad
1053 1877 1265 1916 carnem
1289 1862 1619 1925 vincendam,
1668 1863 1802 1914 sicut
1854 1861 2030 1913 multis

481 1954 679 2009 dictum
721 1965 877 2023 atque
915 1963 1189 2007 tractatum
1216 1996 1228 2020 ,
1288 1954 1443 2008 homo
1474 1954 1640 2006 factus
1666 1963 1744 2006 est
1772 1951 1869 2021 (ὃ).
1914 1951 2025 2003 Νοιι

484 2060 640 2114 ergo,
673 2046 857 2111 inquit,
888 2044 1175 2097 Secundum
1208 2042 1471 2096 hominem
1494 2042 1840 2109 evangelizavi
1862 2041 2025 2093 vobis.

488 2135 679 2188 Notum
706 2152 823 2205 ergo
846 2136 976 2203 facio
1006 2138 1186 2205 fratres
1214 2135 1299 2202 qui
1329 2134 1549 2197 erratis,
1580 2143 1633 2187 et
1670 2132 1733 2184 ad
1764 2131 2029 2184 hominem

482 2225 780 2280 delcrimiui
802 2237 854 2279 et
879 2225 1229 2294 deportaruini
1262 2224 1542 2277 carnaliter
1567 2214 1891 2283 'sentieudo,
1935 2220 2029 2272 oh-

484 2316 742 2371 servando
768 2316 1004 2381 sabbata,
1033 2316 1485 2368 circumcisionem
1506 2353 1519 2379 ,
1549 2323 1601 2367 et
1628 2323 1837 2374 czetera;
1871 2311 2031 2363 Evan-

487 2408 677 2476 gelium
710 2421 883 2460 meum
919 2421 1022 2459 non
1053 2406 1341 2459 secundum
1372 2405 1634 2458 hominem
1664 2414 1743 2457 est
1768 2442 1781 2468 ,
1806 2402 1855 2455 id
1877 2410 1955 2454 est
1981 2409 2035 2452 ut

486 2499 554 2553 de
598 2497 809 2552 homine
838 2505 1045 2565 agatur,
1091 2496 1141 2549 id
1164 2507 1243 2550 est
1281 2496 1345 2549 de
1386 2510 1577 2558 carne,
1613 2494 1704 2548 sed
1747 2491 2033 2545 secundum

484 2589 728 2642 virtutem
760 2589 965 2642 animae.
997 2586 1163 2641 Omne
1186 2588 1322 2641 enim
1356 2588 1660 2656 mysterium
1706 2585 1822 2637 ideo
1860 2592 2030 2637 actum

484 2688 564 2732 est
585 2719 597 2741 ,
661 2688 714 2731 ut
739 2694 839 2731 uon
861 2694 926 2732 eo
955 2678 1110 2732 modo
1132 2681 1441 2741 sentiamus,
1464 2677 1724 2745 quomodo
1749 2672 2033 2729 secundum

487 2769 752 2824 hominem
789 2771 1022 2825 sentiunt
1068 2770 1312 2837 quidam,
1362 2771 1535 2824 omnia
1572 2771 1855 2824 carnaliter
1896 2771 2035 2824 acci-

486 2860 678 2928 piendo
706 2877 719 2912 :
750 2860 840 2913 sed
868 2862 979 2929 ipse
1008 2860 1276 2930 subjunxit
1304 2862 1426 2931 quid
1476 2861 1692 2930 intelligi
1721 2861 1878 2925 velit,
1919 2862 2035 2930 quia

486 2965 585 3002 non
617 2952 891 3003 secundum
918 2951 1186 3004 hominem.

2136 1770 2210 1840 (ιι)
2259 1772 2600 1823 traditionum.
2661 1771 2871 1825 Summa
2921 1771 3075 1838 hujus
3122 1770 3266 1824 dese
3293 1768 3542 1823 narrandi
3572 1768 3673 1822 hac

2132 1874 2245 1928 est,
2282 1865 2351 1917 uti
2381 1864 2567 1917 doceat
2593 1879 2693 1915 non
2734 1864 2873 1917 scab
2897 1864 3195 1916 hominibus
3234 1878 3403 1931 neque
3451 1878 3543 1930 per
3590 1861 3673 1914 ho-

2134 1955 2326 2007 minem
2373 1954 2647 2017 didicisse,
2697 1954 2788 2007 sed
2833 1970 2860 2006 a
2897 1955 3001 2008 Deo
3049 1954 3407 2021 atquealesu
3429 1952 3667 2007 Christo:

2132 2060 2247 2111 qua:
2275 2045 2482 2113 quidem
2532 2059 2615 2098 res
2666 2045 2729 2097 ad
2781 2045 2904 2097 ilhnl
2945 2045 3152 2113 prolicit
3178 2086 3190 2105 ,
3223 2053 3277 2097 ut
3308 2046 3464 2098 aliter
3484 2043 3671 2097 Galatrc

2135 2152 2235 2188 non
2267 2138 2525 2201 sentiant,
2569 2152 2735 2204 neque
2763 2136 3146 2205 adjuugeudum
3170 2137 3363 2204 aliquid
3396 2146 3577 2204 putent
3604 2134 3661 2187 ad

2136 2226 2182 2277 id
2204 2226 2527 2293 evangelium
2556 2225 2691 2291 quod
2715 2228 2791 2278 eis
2812 2226 3134 2278 annuntiavit
3166 2226 3393 2288 Paulus;
3427 2226 3480 2277 in
3526 2223 3672 2277 Chrio

2134 2326 2269 2369 stum
2302 2316 2451 2368 ﬁdem
2485 2316 2898 2385 suscipiendam,
2934 2326 2986 2368 et
3032 2316 3349 2369 credendum
3391 2315 3529 2384 quod
3570 2316 3672 2381 ipse

2135 2410 2353 2463 salutem
2382 2410 2467 2461 dat
2494 2450 2506 2471 ,
2542 2420 2591 2461 et
2630 2409 2761 2461 alius
2791 2409 2995 2461 mdlus:
3021 2422 3191 2476 neque
3212 2424 3272 2461 ex
3304 2406 3554 2475 Operibus
3591 2422 3670 2458 sa-

2135 2502 2294 2555 lutem
2318 2500 2430 2554 dari
2459 2514 2625 2567 neque
2655 2515 2717 2552 ex
2739 2499 3139 2554 circumcisione
3171 2498 3254 2551 vel
3274 2498 3478 2551 sabbati
3502 2498 3672 2550 obser-

2136 2593 2343 2644 vatione
2400 2590 2499 2643 hoc
2553 2605 2670 2643 esse
2713 2590 3081 2658 evangelium,
3128 2604 3301 2657 neque
3330 2588 3469 2641 aliud
3517 2586 3671 2655 accipi

2138 2692 2388 2751 prmtcrea
2432 2682 2655 2741 debere.
2709 2682 2846 2749 quod
2894 2680 3090 2735 Galatae
3128 2690 3466 2748 acceperunt.
3500 2678 3606 2731 Hoc
3626 2686 3673 2727 ut

2140 2774 2287 2827 facile
2314 2772 2497 2840 probet
2522 2812 2534 2833 ,
2562 2770 2793 2839 adjungit
2815 2810 2829 2833 ,
2874 2770 2945 2823 uti
2972 2770 3112 2833 dixi,
3134 2770 3201 2823 de
3222 2784 3277 2823 se
3303 2769 3671 2827 narrationem,

2137 2864 2259 2933 quid
2307 2863 2480 2923 fuerit,
2536 2860 2976 2930 quemadmodum
3016 2872 3303 2911 conversus
3356 2859 3462 2921 sit;
3505 2865 3673 2926 postea

2139 2969 2291 3022 quam
2323 2966 2609 3007 conversus
2630 2968 2656 3002 a
2677 2950 2935 3018 judaismo
2963 2951 3014 3003 in
3051 2947 3317 3002 Christum
3363 2949 3529 3017 coepit
3570 2960 3677 3000 cre-

555 3040 714 3095 Vens.
760 3042 842 3094 12.
887 3070 957 3081 -
1002 3041 1177 3109 Neque
1219 3043 1348 3095 enim
1388 3058 1476 3112 ego
1519 3043 1579 3094 ab
1633 3043 1828 3095 homine
1869 3041 2038 3109 excepi
2064 3033 2106 3093 C
2140 3045 2300 3107 dere,
2340 3060 2454 3111 qum
2483 3043 2676 3111 egerit:
2723 3052 2777 3094 et
2801 3040 2939 3109 quod
2980 3041 3155 3093 omnia
3189 3038 3300 3092 hinc
3340 3053 3449 3091 non
3488 3038 3555 3089 ah
3592 3036 3677 3089 ho-

484 3130 647 3196 illud,
704 3147 859 3199 neque
898 3133 1073 3183 doctus
1115 3148 1222 3184 sum
1279 3133 1391 3197 (4),
1442 3132 1528 3183 sed
1555 3149 1641 3200 per
1693 3132 2038 3183 reuelationem

484 3220 608 3273 Jesu
654 3220 859 3274 Christi.
910 3222 1021 3276 Non
1067 3236 1195 3294 ergo
1236 3224 1521 3275 secundum
1568 3224 1829 3275 hominem
1876 3237 2035 3274 evan-

486 3311 732 3379 gelizavi,
778 3310 898 3378 quia
928 3327 1029 3366 non
1064 3313 1131 3365 ab
1162 3313 1370 3365 homine
1411 3312 1607 3380 accepi.
1643 3313 1778 3378 Ergo
1823 3313 1863 3363 si
1900 3311 2034 3363 aliud

487 3408 567 3454 est
608 3402 844 3469 accipere
896 3402 962 3455 ab
1005 3402 1245 3465 homine,
1295 3402 1431 3455 aliud
1480 3402 1579 3455 erit
1630 3399 1912 3455 secundum
1948 3403 2040 3454 ho-

488 3493 681 3545 minem
712 3511 722 3544 :
756 3503 804 3545 et
837 3495 959 3546 item
1010 3495 1051 3545 si
1082 3494 1220 3546 aliud
1252 3502 1332 3547 est
1382 3508 1482 3545 non
1528 3493 1593 3545 ab
1636 3493 1845 3545 homine
1889 3507 2041 3545 acce-

494 3582 542 3648 pi
568 3620 581 3642 ,
609 3580 748 3633 aliud
778 3582 877 3633 erit
908 3596 1010 3633 non
1036 3582 1321 3635 secundum
1370 3582 1632 3634 hominem
1661 3600 1671 3633 :
1705 3581 1841 3634 unde
1888 3582 2040 3633 intel—

491 3668 578 3737 ligi
607 3670 725 3724 licet
746 3673 1029 3723 secundum
1063 3672 1347 3733 hominem,
1381 3682 1433 3723 ut
1461 3671 1801 3739 corporaliter
1821 3674 2035 3733 sentias;

491 3760 683 3828 quippe
709 3775 825 3813 cum
857 3761 952 3813 hoc
978 3763 1201 3825 accipiat
1248 3774 1611 3829 argumentum
1641 3802 1655 3825 ,
1703 3764 1819 3829 quia
1850 3777 1951 3813 non
1974 3761 2040 3812 ab

494 3849 704 3903 homine
734 3852 929 3918 accepi.
961 3851 1014 3904 Si
1054 3852 1193 3904 enim
1218 3852 1340 3903 mihi
1375 3852 1532 3904 homo
1557 3851 1653 3903 ista
1706 3851 2035 3913 tradidisset,

492 3942 778 3995 secundum
810 3942 1072 3995 hominem
1099 3943 1392 4009 acciperem
1414 3983 1426 4005 ,
1479 3952 1532 3995 ut
1554 3943 1727 3994 omnia
1753 3940 2037 3995 secundum

493 4043 704 4085 carnem
738 4029 1079 4098 intelligerem
1106 4047 1120 4083 :
1152 4047 1289 4085 mine
1334 4047 1459 4085 vero
1507 4032 1643 4099 quod
1695 4032 1994 4100 evangelizo
2023 4070 2036 4092 ,

493 4134 595 4173 non
624 4120 911 4173 secundum
939 4121 1205 4173 hominem
1232 4121 1593 4189 accipiendum
1621 4131 1733 4186 est;
1763 4122 1811 4174 id
1830 4131 1910 4174 est
1937 4136 2036 4173 nou

491 4210 774 4263 carnaliter
796 4210 886 4264 sed
910 4211 1218 4277 spiritaliter
1245 4228 1257 4262 :
1290 4215 1483 4279 quippe
1513 4225 1630 4264 cum
1658 4215 1758 4264 hoc
1784 4212 1851 4265 sit
1881 4227 2035 4279 argu-

494 4307 725 4351 mentum
754 4339 768 4363 ,
800 4300 935 4367 quod
968 4316 1069 4352 non
1098 4302 1276 4368 accepi
1302 4301 1400 4369 (5).
1432 4302 1486 4355 Si
1519 4302 1655 4354 enim
1687 4315 1715 4351 a
1747 4300 1932 4369 spiritu
1953 4314 2039 4351 ac-

2138 3136 2364 3189 miuibus
2394 3133 2633 3186 didicerit
2657 3148 2673 3193 ;
2711 3132 2752 3183 si
2780 3131 2987 3199 quidem
3019 3143 3187 3197 neque
3210 3129 3428 3182 Petrum
3454 3126 3558 3178 vidi
3587 3124 3677 3178 nisi

2132 3224 2241 3292 jam
2270 3235 2482 3291 paratus
2504 3230 2556 3275 et
2592 3221 2807 3283 doctus,
2845 3234 3015 3287 neque
3048 3219 3271 3286 aliquem
3299 3218 3673 3285 apostolorum.

2138 3312 2263 3365 Nam
2288 3313 2473 3380 primo,
2518 3311 2696 3379 inquit,
2740 3310 2943 3377 judzeus
2999 3308 3109 3372 lui;
3168 3322 3294 3375 ergo
3351 3307 3676 3359 contrarius:

2138 3417 2307 3469 neque
2335 3402 2399 3455 ab
2451 3400 2575 3467 ipsis
2625 3398 2803 3462 didici,
2845 3400 3035 3467 quippe
3079 3412 3195 3450 cum
3226 3405 3408 3450 contra
3455 3410 3548 3449 cus
3578 3396 3676 3452 sit,

2138 3494 2275 3561 quod
2324 3494 2372 3544 in
2415 3492 2684 3558 evangelio
2716 3491 2780 3543 de
2827 3488 3037 3543 Christo
3072 3489 3281 3541 dicitur.
3328 3488 3468 3556 Ergo
3492 3487 3563 3540 lui
3600 3488 3679 3554 ju-

2140 3583 2282 3636 darus
2314 3583 2473 3635 multa
2519 3580 2714 3633 faciens
2752 3589 2933 3633 contra
2975 3577 3262 3631 Ecclesiam
3290 3593 3304 3639 ;
3351 3576 3482 3629 nihil
3510 3591 3632 3643 ergo
3655 3590 3679 3626 a

2135 3673 2324 3740 jndaris
2348 3671 2527 3724 didici.
2565 3671 2747 3723 Postea
2781 3686 2935 3738 quam
2984 3677 3160 3720 autem
3201 3682 3493 3721 conversus
3537 3684 3679 3730 sum,

2140 3770 2194 3815 et
2222 3776 2314 3828 per
2335 3761 2549 3827 gratiam
2587 3774 2735 3811 suam
2787 3759 2923 3810 Deus
2962 3757 3199 3811 revelare
3239 3756 3425 3808 Filium
3468 3772 3614 3808 suum
3637 3756 3681 3807 in

2139 3868 2225 3906 me
2262 3854 2451 3920 C(Bpil;
2485 3853 2617 3917 coepi
2645 3890 2659 3913 ,
2692 3850 2858 3918 inquit
2882 3890 2895 3912 ,
2927 3850 3286 3916 evangelizare
3317 3849 3455 3901 inter
3484 3857 3678 3916 gentes.

2212 3943 2405 3995 Deinde
2427 3958 2481 3994 se
2509 3942 2735 3995 ostendit
2761 3956 2861 3993 non
2889 3941 2985 3992 sibi
3011 3940 3311 4008 pepercisse
3350 3955 3448 3993 nec
3475 3941 3675 3993 venisse

2140 4046 2196 4084 se
2227 4033 2634 4099 Hierosolymam
2664 4072 2678 4094 ,
2705 4046 2767 4084 ne
2792 4032 2923 4083 forte
2948 4030 3013 4082 ibi
3045 4030 3287 4082 didicerit
3316 4030 3385 4082 ab
3414 4030 3681 4099 apostolis.

2139 4120 2240 4174 Sed
2274 4121 2447 4172 recessi
2481 4162 2494 4185 ,
2540 4121 2736 4188 inquit,
2766 4122 2815 4171 in
2844 4120 3079 4171 Arabiam
3102 4137 3119 4182 ;
3146 4120 3261 4171 inde
3286 4118 3590 4171 Damascum
3610 4136 3684 4172 re-

2141 4212 2209 4263 dii
2258 4211 2373 4281 (5);
2424 4211 2602 4262 deinde
2648 4220 2758 4279 post
2807 4222 2903 4262 tres
2939 4225 3097 4261 annos
3124 4208 3527 4277 Hierosolymam
3565 4210 3683 4261 veni.

2142 4300 2279 4354 Ecce
2305 4301 2408 4367 jam
2438 4300 2759 4367 evangelizat
2786 4339 2801 4363 ,
2836 4310 2886 4352 et
2914 4297 3178 4351 Christum
3206 4298 3380 4351 docet.
3433 4298 3549 4351 Non
3571 4314 3688 4367 ergo

494 4387 610 4455 cepi
637 4428 650 4447 .
685 4398 737 4441 et
757 4404 783 4438 a
811 4389 995 4455 Spiritu
1024 4389 1211 4442 doctus
1231 4405 1344 4442 sum
1365 4430 1378 4452 ,
1417 4389 1725 4456 spiritaliter
1759 4389 1925 4441 debeo
1956 4389 2036 4440 in-
2064 4376 2115 4433 ἶ)
2140 4391 2205 4443 ab
2228 4390 2647 4443 hominibuslnee
2676 4390 2854 4443 didicit
2890 4407 2901 4440 2
2928 4398 3045 4456 post
3078 4389 3359 4442 triennium
3384 4390 3524 4441 enim
3556 4391 3689 4442 venit

494 4476 729 4543 telligere
756 4494 767 4527 :
798 4488 846 4531 et
877 4476 976 4531 hoc
1006 4479 1105 4531 erit
1129 4493 1230 4530 non
1253 4478 1541 4531 secundum
1566 4476 1849 4529 hominem.
1885 4476 2039 4528 Deni-

491 4581 592 4633 que
621 4564 741 4633 quid
771 4566 1075 4636 subjungit?
1103 4566 1206 4620 Sed
1233 4570 1503 4620 revelatum
1528 4576 1598 4619 est
1624 4566 1745 4617 mihi
1774 4606 1787 4627 ,
1843 4565 2031 4631 inquit,

491 4670 523 4707 α
547 4654 742 4708 Christo
762 4654 903 4707 Jesu.
935 4656 1056 4709 Plus
1075 4667 1249 4710 autem
1275 4657 1390 4710 ﬁdei
1415 4656 1566 4707 habet
1593 4655 1728 4722 quod
1757 4655 2038 4707 revelatum

494 4744 659 4809 dixit,
689 4759 841 4813 quam
870 4744 913 4797 si
940 4745 1206 4798 doceatur.
1242 4746 1446 4799 Etenim
1482 4744 1720 4797 homines
1750 4744 1959 4803 docent,
1990 4750 2044 4792 ct

494 4836 640 4903 quasi
670 4835 957 4889 rationibus
985 4844 1232 4888 asserunt
1254 4835 1447 4903 aliquid
1475 4851 1489 4896 ;
1546 4834 1797 4886 revelatio
1826 4841 1999 4883 autem
2027 4868 2039 4889 ,

496 4925 721 4995 ipsarum
749 4942 925 4980 rerum
953 4926 1087 4979 visio
1113 4935 1222 4989 est;
1255 4927 1393 4993 quod
1428 4926 1607 4992 utique
1634 4924 1748 4991 plus
1778 4932 1875 4976 est.
1916 4921 2045 4985 Quis

598 5059 643 5127 l)
681 5059 857 5125 Vulg,
898 5058 1042 5113 Vobis
1080 5060 1231 5127 facio,
1258 5064 1454 5127 fratres.

589 5126 643 5195 2)
682 5130 893 5182 Scilicirt
916 5144 1017 5181 non
1043 5126 1198 5181 homo
1231 5126 1589 5180 tantummodo
1612 5137 1711 5190 est,
1744 5128 1799 5180 ut
1828 5126 2037 5195 quidam

492 5197 724 5252 haeretici
780 5199 1099 5250 existimant.

564 5270 640 5338 (5)
684 5266 849 5321 Verba
874 5267 1020 5319 homo
1059 5267 1224 5338 [actus
1245 5276 1315 5318 est
1344 5265 1519 5318 addita
1546 5263 1756 5317 fuerunt
1805 5266 1854 5317 in
1901 5280 2037 5319 mar-

489 5335 644 5406 gine;
686 5345 864 5406 postea
890 5351 1015 5406 vero
1045 5335 1233 5387 deleta.

564 5406 641 5475 (4)
686 5402 860 5475 Vulg.,
894 5402 1065 5471 Neque
1091 5406 1222 5457 enim
1258 5419 1348 5472 ego
1379 5403 1440 5455 ab
1470 5403 1669 5455 homine
1696 5403 1865 5471 accepi
1894 5402 2041 5467 illud,

489 5474 645 5541 neque
673 5474 844 5526 didici.

562 5539 643 5610 (5)
680 5542 1045 5611 Suppleudum
1083 5539 1375 5595 vitlcturab
1407 5540 1621 5594 homine.

2140 4481 2577 4548 Hierosolymam.
2609 4479 2803 4533 Deinde
2847 4494 2973 4545 eigo
3008 4478 3136 4530 vidit
3166 4478 3377 4531 Petrum
3410 4520 3423 4543 ,
3466 4491 3518 4531 et
3547 4482 3690 4546 quiu-

2140 4574 2306 4626 deeim
2337 4573 2522 4625 diehus
2558 4586 2675 4624 eum
2698 4586 2761 4623 eo
2781 4569 2894 4622 fuit.
2928 4570 3149 4635 Quando
3174 4584 3300 4637 ergo
3342 4569 3521 4622 didicit
3545 4586 3573 4621 a
3602 4569 3691 4622 Pe-

2142 4671 2222 4714 tro
2251 4670 2339 4712 aut
2369 4660 2571 4712 discere
2608 4659 2809 4727 potuit?
2836 4658 3030 4711 Deinde
3062 4660 3344 4717 neminem,
3370 4659 3559 4725 inquit,
3591 4659 3689 4711 vidi

2145 4750 2501 4816 apostolorum
2548 4748 2646 4801 nisi
2675 4747 2925 4801 Jacohum
2972 4745 3185 4798 fratrem
3237 4746 3459 4799 Domini.
3493 4748 3546 4800 In
3594 4763 3691 4815 quo

2146 4839 2268 4892 illud
2324 4841 2501 4907 utique
2549 4839 2776 4891 ostendit
2808 4877 2821 4897 ,
2869 4851 2896 4887 a
2924 4837 3068 4888 nullo
3110 4851 3167 4889 se
3186 4836 3468 4901 didicisse,
3501 4848 3690 4890 cumet

2144 4944 2262 4982 cum
2293 4930 2449 4983 Petro
2487 4928 2660 4997 paucis
2689 4927 2872 4981 diebus
2895 4925 3047 4979 fuerit
3075 4942 3088 4978 :
3135 4936 3189 4979 et
3216 4925 3467 4981 Jacobum
3515 4927 3688 4981 videns

2218 5126 2297 5197 (1)
2339 5127 2511 5194 ang.,
2542 5126 2807 5189 Quoniam.

2213 5194 2289 5265 (2)
2326 5197 2476 5262 Vulg.
2490 5236 2501 5255 ,
2528 5206 2573 5247 et
2593 5194 2932 5262 expugnabat”
2953 5195 3110 5246 illaut.

2219 5268 2297 5334 ('5)
2334 5266 2467 5318 Cod.
2507 5266 2552 5316 1.
2582 5266 2701 5334 dum
2731 5267 2902 5327 lator;
2928 5265 2981 5316 ἢ.
3022 5281 3132 5318 eum
3158 5268 3288 5320 lator
3313 5308 3326 5330 ,
3367 5267 3458 5321 sed
3499 5268 3690 5322 deletur

2149 5333 2337 5388 ibidem
2366 5350 2511 5396 eum;
2544 5334 2593 5385 5.
2628 5333 2774 5385 lator.

2217 5403 2291 5470 (4)
2334 5403 2482 5468 Vulg.
2514 5403 2657 5454 addit
2676 5420 2912 5455 mearum.

2222 5471 2305 5541 (5)
2326 5470 2477 5535 Vulg.
2540 5470 2641 5523 Sed
2680 5472 2801 5525 alibi
2830 5474 2880 5525 in
2908 5473 3149 5529 Arabiam
3193 5489 3238 5531 et
3274 5480 3449 5533 iterum
3485 5492 3692 5532 reversus

2149 5556 2256 5593 eum
2287 5540 2601 5593 Damascum.
