3950 6206
219 301 360 356 1153

1043 303 1109 359 ΙΝ
1148 304 1531 362 EPISTULAM
1569 303 1770 359 PAULI
1809 302 1898 358 AD
1937 301 2250 357 GALATAS
2281 300 2477 356 LIBER
2518 301 2558 354 1.

3306 301 3444 358 1154

219 411 438 466 fratrem
465 414 673 467 Domini
698 455 710 478 ,
767 415 929 483 magis
960 417 1288 470 conﬁrmavit
1317 432 1345 469 a
1372 417 1568 470 JaCobo
1592 430 1648 469 se
1679 429 1780 468 non
1810 418 1860 476 Α
1885 412 2131 477 diximus)
2157 414 2222 467 de
2250 427 2340 465 sua
2371 425 2592 479 persona
2615 409 2912 464 redeamus.
2939 410 3162 464 Audistis
3189 451 3202 474 ,
3231 409 3400 478 inquit
3427 451 3443 474 ,

222 502 460 568 potuisse
484 502 693 556 discere
727 518 741 566 ;
789 503 833 555 si
878 504 1087 571 quidem
1134 519 1194 559 ea
1228 507 1277 558 iu
1321 505 1591 572 evangelio
1632 504 1786 557 habet

224 587 422 642 Paulus
453 606 466 653 ;
509 599 692 643 contra
733 589 962 644 lacubus
1007 607 1109 644 non
1143 591 1253 645 haec
1279 634 1291 656 ,
1346 605 1398 644 nt
1431 600 1546 659 post
1573 591 1786 644 docebi-

226 692 365 731 mus.
399 678 597 732 Deinde
627 679 732 733 isse
753 695 809 733 se
832 679 895 732 ad
930 691 1102 748 partes
1125 680 1290 750 Syriae
1316 682 1434 734 dicit
1466 690 1517 735 et
1545 681 1738 735 Ciliciae
1771 698 1785 746 ;

228 768 476 821 omnibus
525 777 696 821 tamen
738 768 846 836 jam
900 784 957 822 se
997 770 1231 823 ecclesiis
1268 780 1321 823 et
1361 770 1554 823 Jndgeis
1611 780 1787 822 notum

227 855 394 910 fuisse
420 897 432 919 ,
471 856 609 925 quod
633 872 748 910 cum
778 857 989 910 Judzcus
1018 859 1204 912 fuisset
1234 900 1247 924 ,
1276 860 1432 912 etiam
1461 860 1789 928 evangelium

231 959 543 1016 sequeretur
564 959 614 1000 et
644 950 1047 1017 cvangelizarct.

303 1037 428 1090 Pust
456 1037 565 1091 hzcc
594 1049 772 1091 narrat
797 1078 810 1095 .
840 1048 957 1107 post
981 1040 1374 1108 quatuordeeim
1399 1056 1564 1094 annos
1587 1042 1792 1095 venisse

231 1142 290 1182 se
318 1127 751 1198 Hierosolymam.
776 1129 924 1184 Unde
946 1146 1071 1197 ergo
1096 1128 1278 1183 didicit
1303 1131 1412 1184 lucc
1433 1147 1547 1198 qurc
1569 1145 1793 1198 evange-

237 1217 401 1271 lizat?
429 1233 530 1272 non
559 1221 624 1272 ab
645 1219 943 1275 hominibus
967 1237 1130 1290 neque
1161 1222 1552 1289 perbominem,
1580 1221 1669 1275 sed
1702 1235 1794 1288 per

237 1312 631 1365 revelationem.
669 1312 930 1380 Exposui,
956 1314 1153 1380 inquit,
1180 1314 1281 1366 illis
1310 1316 1534 1365 omnibus
1567 1311 1797 1381 Evange-

235 1402 359 1455 lium
388 1443 401 1464 ,
451 1403 585 1470 quod
629 1403 845 1472 pra'dico
877 1404 1001 1455 inter
1049 1413 1214 1472 gentes
1258 1403 1352 1472 (l).
1401 1403 1597 1455 Deinde
1635 1404 1792 1455 etiam

233 1493 488 1560 apostolis
514 1509 610 1561 ego
635 1494 797 1562 magis
828 1493 1037 1546 narravi
1065 1494 1402 1561 Evangelium
1431 1535 1444 1557 ,
1481 1509 1581 1545 non
1613 1493 1682 1544 illi
1713 1507 1794 1545 me

237 1582 653 1637 docuerunt.Ubi
669 1592 719 1636 et
737 1593 987 1651 quantum
1007 1599 1097 1650 per
1113 1583 1576 1636 dissimulationem
1594 1583 1790 1644 iecerit,

234 1669 392 1726 docet
421 1713 435 1734 ,
463 1685 520 1725 nt
546 1674 884 1742 Evangeliuin
916 1673 1178 1726 obtineret
1208 1690 1219 1723 :
1245 1675 1286 1726 si
1310 1673 1518 1741 quidem
1552 1671 1793 1738 judaismi

1892 504 2316 555 conversationem
2364 517 2523 553 meam
2550 501 2825 570 aliquando
2872 501 2924 553 in
2938 501 3216 569 judaismo.
3248 502 3323 554 Ne
3354 515 3448 555 no-

1889 609 2008 646 vam
2032 609 2138 648 rem
2172 594 2237 646 dc
2262 608 2318 646 sc
2350 607 2566 646 narrare
2608 591 2847 645 videatur
2876 633 2891 657 ,
2936 591 3155 645 audiSIis
3178 593 3344 661 inquit
3375 593 3451 646 vi-

1893 692 1995 736 tam
2023 699 2188 736 meam
2227 702 2237 737 :
2271 683 2367 737 hoc
2396 682 2536 736 enim
2566 682 2706 736 dixit
2742 683 3197 736 conversationem
3235 701 3247 736 :
3276 692 3447 737 actum

1892 780 2036 833 scitis
2065 779 2271 833 vivendi
2299 820 2312 843 ,
2343 794 2497 846 quem
2529 787 2700 831 actum
2727 778 2981 833 habebam
3019 777 3298 844 aliquando
3330 793 3447 831 cum

1895 870 1946 921 in
1970 869 2231 937 judaismo
2259 884 2400 922 eram
2437 909 2449 934 ,
2477 878 2528 920 et
2570 866 3006 936 quemadmodum
3033 867 3250 935 agebam
3277 906 3289 929 ,
3330 868 3450 934 quia

1893 976 2050 1028 supra
2081 960 2290 1012 modum
2335 958 2690 1028 persequebar
2736 956 3024 1010 Ecclesiam
3077 956 3191 1009 Dei.
3224 954 3336 1009 Non
3367 969 3453 1009 so-

1893 1048 1998 1101 lum
2028 1090 2043 1112 ,
2076 1049 2244 1117 inquit
2271 1089 2283 1110 ,
2315 1047 2516 1115 indecus
2543 1062 2687 1099 erant
2719 1087 2732 1110 ,
2756 1057 2806 1099 ct
2829 1045 2997 1113 legem
3021 1045 3280 1113 sequebar
3305 1086 3318 1108 ,
3359 1045 3450 1099 sed

1895 1147 2074 1191 contra
2097 1136 2452 1206 persequebar
2493 1136 2769 1190 ecclesiam
2801 1145 2852 1188 et
2893 1135 3282 1204 impugnabam.
3315 1135 3454 1204 Ergo

1895 1227 1982 1293 qui
2013 1227 2132 1279 talis
2153 1241 2296 1278 eram
2323 1234 2382 1278 ut
2412 1240 2756 1294 persequerer
2779 1224 3088 1286 Ecclesium,
3117 1240 3216 1278 non
3241 1239 3451 1293 possum

1896 1314 2053 1367 hodie
2073 1317 2156 1382 qui
2186 1329 2471 1368 conversus
2503 1330 2616 1366 sum
2645 1329 2673 1365 a
2694 1314 2954 1382 jndaismo
2976 1315 3249 1369 ecclesiam
3273 1331 3452 1382 persc-

1895 1405 1984 1472 qui
2013 1445 2025 1467 ,
2053 1420 2206 1473 quam
2229 1405 2578 1472 persequebar
2607 1419 2620 1467 ;
2653 1417 2753 1456 non
2780 1418 3011 1471 possum,
3048 1404 3280 1472 inquam,
3335 1419 3455 1473 pro-

1896 1494 2024 1548 bare
2053 1503 2107 1546 ttt
2147 1493 2535 1562 etjndaismnm
2587 1507 2810 1561 sequar,
2857 1501 2910 1547 ct
2958 1494 3244 1547 Ecclesium
3277 1510 3454 1562 persc-

1898 1599 2029 1652 quar
2062 1601 2074 1635 :
2127 1585 2386 1651 simulque
2414 1627 2428 1648 ,
2484 1584 2700 1652 etquod
2736 1597 2892 1651 supra
2927 1583 3035 1636 dixi
3057 1625 3072 1648 ,
3120 1585 3168 1636 in
3195 1584 3454 1652 jttdaismo

1899 1673 2028 1726 nihil
2063 1675 2294 1727 intellexi
2345 1689 2512 1742 neque
2541 1675 2718 1742 accepi
2750 1674 2888 1742 quod
2928 1673 2991 1726 ad
3021 1674 3303 1728 Ecclesium
3335 1689 3455 1743 pcr-

236 1765 544 1832 particulam
569 1766 830 1832 acceperit
850 1781 914 1817 ex
938 1765 1250 1818 necessitate
1277 1804 1291 1828 ,
1323 1773 1378 1816 ut
1404 1766 1596 1816 veritas
1623 1764 1792 1814 Evan-
1825 1778 1870 1836 Β
1899 1763 2117 1818 tinebat.
2149 1764 2259 1817 Non
2284 1779 2408 1832 ergo
2435 1763 2500 1817 ab
2531 1762 2832 1816 horninibus
2859 1762 3045 1816 doctus
3070 1779 3183 1816 sum
3210 1782 3223 1816 :
3261 1779 3458 1834 expug-

236 1857 356 1923 geiii
389 1867 721 1925 permaneret
749 1897 762 1919 ,
790 1858 927 1924 quod
951 1856 1065 1908 loco
1095 1869 1191 1908 suo
1220 1855 1342 1922 quid
1373 1856 1439 1907 sit
1466 1853 1790 1908 docebimus.

239 1947 365 2003 Inde
411 1949 747 2017 Evangeliuni
773 1964 931 2000 unum
965 1989 977 2010 ,
1007 1955 1058 2000 et
1091 1946 1302 2000 Petrum
1337 1955 1387 1999 et
1414 1961 1470 2000 se
1499 1945 1690 1998 habere
1713 1944 1792 1997 dio

237 2037 308 2090 cit
340 2054 354 2101 ;
386 2037 475 2091 sed
510 2037 714 2091 Petrum
748 2047 801 2090 ut
827 2037 1150 2106 evangelizet
1174 2035 1370 2090 Judazis
1401 2075 1416 2099 ,
1461 2049 1516 2089 se
1540 2045 1594 2086 ut
1623 2038 1793 2103 gentl-

239 2127 373 2189 bus;
397 2136 449 2180 et
465 2129 563 2180 hoc
577 2127 672 2180 sibi
697 2143 786 2194 per
802 2127 1178 2181 revelationcm
1198 2128 1375 2178 datum
1399 2142 1411 2188 ;
1433 2133 1480 2178 ct
1502 2124 1796 2177 hmcolﬁcia

241 2216 410 2271 divisa
441 2233 558 2272 esse
585 2233 613 2269 a
654 2219 760 2270 Deo
786 2227 839 2271 et
890 2217 1104 2270 domino
1145 2226 1323 2268 nostro
1361 2215 1482 2269 Jesu
1541 2213 1748 2267 Christo
1781 2233 1794 2266 :

241 2306 356 2375 ipse
381 2309 520 2362 enim
555 2310 604 2360 in
636 2309 889 2361 ambobus
919 2318 1166 2375 operatus
1197 2314 1279 2359 est
1308 2324 1320 2360 :
1350 2307 1488 2374 quod
1519 2306 1798 2359 conﬁrma-

243 2399 761 2452 veruntsententiaui
785 2412 931 2450 suam
959 2398 1196 2451 eamdem
1218 2412 1335 2452 esse
1359 2397 1544 2450 Petrus
1566 2406 1619 2450 et
1641 2396 1797 2450 Joan-

247 2503 340 2545 nes
368 2504 486 2543 eum
509 2488 747 2557 apostolo
773 2489 935 2542 Paulo
961 2499 1011 2542 et
1037 2505 1160 2542 cum
1184 2487 1419 2541 Barnaba
1445 2505 1458 2550 ;
1492 2496 1543 2539 et
1571 2501 1795 2540 consen-

247 2591 429 2634 serunt
471 2587 526 2634 ut
564 2579 648 2632 isti
675 2579 918 2648 gentibus
971 2578 1389 2646 cvangelizarent
1421 2617 1435 2642 ,
1479 2576 1551 2628 illi
1581 2575 1797 2628 Juda'is.

247 2670 529 2724 Maximum
585 2676 757 2723 autem
780 2668 906 2722 illud
939 2677 992 2721 et
1034 2668 1233 2719 ﬁduciae
1263 2681 1371 2718 sua:
1411 2675 1463 2719 ct
1492 2665 1724 2719 scientiae
1750 2673 1802 2718 et

248 2759 588 2813 revelationis
624 2768 676 2813 et
703 2757 975 2826 Evangelii
1029 2758 1109 2809 sui
1149 2755 1379 2823 adiungit
1403 2764 1454 2808 et
1497 2764 1754 2807 memorat
1784 2795 1797 2818 ,

249 2848 386 2917 quod
432 2850 633 2917 integre
662 2847 870 2901 Petrum
907 2847 1032 2900 dicit
1057 2847 1227 2914 egisse
1248 2855 1523 2912 antequam
1553 2860 1580 2896 a
1608 2843 1800 2898 Jacoba

250 2939 459 3006 quidam
491 2946 790 2993 venerunt:
841 2936 1032 2990 deinde
1069 2946 1249 3004 postea
1299 2952 1452 3004 quam
1499 2944 1799 3000 venerunt,

250 3036 480 3080 mutatus
508 3040 588 3081 est
614 3045 626 3078 :
673 3036 725 3080 et
753 3026 852 3080 hoc
881 3027 1048 3094 ipsum
1075 3026 1212 3093 quod
1252 3025 1649 3093 reprehenderit
1675 3026 1804 3077 Pau-

1900 1854 2086 1905 nabam
2113 1869 2237 1921 ergo
2266 1852 2543 1906 ecclesiam
2565 1870 2577 1902 τ
2598 1868 2779 1920 parum
2811 1863 2889 1907 est
2910 1853 3303 1922 cxpngnabam:
3332 1854 3457 1922 quid

1897 1945 2121 2011 adjecit?
2142 1955 2194 1997 et
2218 1945 2549 2012 proﬁciebam
2573 1944 2623 1997 in
2643 1945 2902 2012 judaismo
2923 1960 3079 2012 supra
3105 1947 3297 1999 multos
3323 1960 3458 2000 eoa:-

1899 2044 2080 2087 tancos
2102 2049 2249 2088 meos
2273 2034 2321 2087 in
2345 2049 2540 2104 genere
2561 2050 2680 2088 meo
2705 2036 3055 2088 abundantius
3089 2052 3100 2088 :
3129 2044 3320 2090 etcum
3364 2036 3456 2089 lia-

1899 2126 2077 2180 berem
2109 2126 2338 2194 collegas
2387 2166 2401 2190 ,
2450 2141 2599 2193 teque
2630 2141 2812 2180 omnes
2840 2127 3105 2180 vincerem
3130 2127 3414 2195 cupiditate
3437 2168 3453 2194 ,

1904 2228 1957 2271 et
1981 2218 2306 2286 professione
2327 2218 2380 2271 iu
2416 2217 2678 2286 jndaismo
2708 2234 2720 2269 :
2774 2229 2826 2271 et
2847 2217 3200 2272 abundantius
3225 2232 3456 2286 agerem,

1900 2309 1950 2362 id
1997 2318 2077 2362 est
2117 2310 2299 2362 fortior
2345 2322 2408 2361 ac
2450 2307 2812 2361 vehementior
2840 2308 2903 2362 ad
2944 2308 3268 2377 judaismum
3317 2321 3462 2361 assc-

1901 2398 2119 2451 rendum
2146 2412 2316 2452 essem
2341 2416 2351 2449 :
2375 2398 2647 2452 tumul-ator
2670 2399 2900 2452 existens
2928 2407 3262 2467 paternarum
3295 2398 3460 2452 tradi-

1903 2487 2101 2539 tionum
2135 2497 2188 2538 ut
2220 2487 2403 2541 eodem
2435 2487 2593 2540 modo
2645 2487 2951 2540 traditiones
2977 2497 3220 2555 paternas
3245 2527 3258 2551 ,
3307 2486 3358 2539 id
3382 2494 3462 2541 est

1903 2573 2155 2628 lectiones
2177 2576 2422 2644 judaismi
2469 2584 2521 2629 et
2549 2577 2676 2644 legis
2700 2615 2714 2636 ,
2740 2591 3056 2644 exponerem
3082 2586 3136 2630 et
3177 2576 3459 2632 traderem.

1903 2662 2170 2730 1Emulus,
2201 2663 2251 2716 id
2281 2675 2381 2730 est,
2401 2664 2655 2727 imitator,
2679 2673 2733 2716 et
2754 2665 2899 2731 quasi
2926 2665 3317 2718 concertatione
3338 2679 3465 2733 qua-

1903 2751 2020 2805 dum
2057 2770 2069 2816 ;
2119 2753 2207 2820 qui
2239 2760 2290 2806 et
2313 2752 2450 2806 idem
2509 2768 2626 2807 esse
2653 2753 2841 2808 vellem
2869 2756 3053 2822 quales
3081 2752 3292 2807 fuerunt
3321 2793 3337 2819 ,
3382 2754 3464 2808 vel

1905 2855 2087 2912 patres
2111 2843 2211 2897 mei
2245 2844 2324 2897 vel
2349 2845 2476 2911 ipsa:
2508 2843 2838 2898 traditiones.

1979 2933 2135 2987 Vens.
2188 2935 2267 2987 15.
2323 2963 2387 2974 ——
2419 2934 2540 2987 "illc
2568 2933 2722 3002 igitur
2766 2949 2883 2988 cum
2934 2933 3087 2988 fuerit
3140 2934 3284 3001 vita,
3329 2935 3466 2989 unde

1905 3026 2177 3077 conversio
2217 3024 2391 3077 tanta?
2415 3024 2712 3094 Subjungit,
2748 3024 2851 3078 Sed
2895 3041 3008 3077 cum
3059 3026 3247 3095 placuit
3275 3026 3343 3092 ei,
3383 3025 3467 3093 qui

251 3110 332 3164 lus
356 3151 370 3175 ,
391 3122 444 3164 et
463 3125 581 3164 eum
627 3111 888 3164 revicerit.
942 3111 1164 3162 Mutatus
1207 3120 1380 3162 autem
1425 3110 1592 3161 iuerat
1621 3115 1674 3161 ut
1700 3123 1800 3159 non
1832 3136 1875 3198 ρ
1907 3133 1982 3176 ine
2018 3121 2287 3186 segregavit
2327 3133 2388 3170 ea:
2416 3128 2553 3170 utero
2581 3120 2753 3171 matris
2779 3134 2917 3183 mete,
2967 3128 3012 3171 et
3035 3121 3222 3172 vocavit
3246 3135 3332 3188 per
3353 3137 3471 3189 gra-

253 3199 433 3253 cderet
456 3215 574 3254 cum
602 3199 843 3269 gentibus
871 3241 884 3265 ,
918 3209 971 3254 et
999 3199 1192 3253 Judzeis
1213 3201 1344 3252 cibis
1385 3207 1638 3252 uteretur.
1697 3199 1806 3252 Hoc

253 3307 282 3345 a
312 3309 370 3348 se
399 3293 524 3347 dicit
553 3292 933 3361 reprehensum
965 3293 1156 3360 quippe
1182 3307 1300 3344 cum
1327 3300 1608 3359 antequam
1635 3290 1810 3342 venis-

253 3392 373 3438 sent
398 3397 427 3434 a
455 3382 650 3436 Jacobo
678 3423 691 3445 ,
722 3397 838 3435 cum
861 3383 1105 3450 gentibus
1135 3381 1376 3435 vivebat:
1409 3392 1585 3448 postea
1620 3381 1810 3433 timens

253 3476 415 3541 veluti
444 3475 622 3528 Jacobi
673 3475 869 3541 legatos
895 3515 909 3538 ,
957 3488 1073 3525 cum
1122 3473 1317 3526 Judaeis
1357 3472 1579 3534 vixerit;
1617 3471 1808 3523 etenim

254 3565 482 3621 Jacobus
521 3565 754 3617 admixto
781 3564 1050 3617 .Iudaismo
1088 3561 1352 3616 Christum
1384 3562 1772 3630 cvangelizabat
1796 3601 1808 3624 ,

255 3656 394 3726 quod
424 3664 578 3725 negat
603 3655 653 3708 id
699 3654 1013 3708 iaciendum.
1045 3653 1100 3708 Si
1130 3670 1256 3721 ergo
1283 3655 1388 3721 jam
1416 3655 1515 3706 hoc
1560 3661 1611 3706 et
1635 3667 1813 3720 reprc-

257 3747 481 3801 liensum
510 3755 589 3801 est
619 3786 632 3810 ,
663 3757 716 3801 et
745 3747 795 3799 in
832 3746 984 3799 Petro
1025 3760 1142 3798 cum
1174 3745 1244 3797 ita
1284 3752 1463 3812 ageret
1517 3744 1810 3798 convictum

256 3847 414 3904 atque
438 3845 736 3904 superatum
772 3836 849 3904 ('2)
897 3845 950 3890 et
983 3836 1348 3888 continuatum
1380 3849 1393 3898 ;
1452 3835 1632 3902 utique
1653 3835 1812 3888 etiam

256 3927 343 3982 isti
365 3928 566 3983 Galata:
599 3968 612 3992 ,
671 3943 787 3981 cum
820 3928 919 3981 hoc
963 3927 1134 3981 facere
1173 3925 1473 3994 coeperint,
1519 3926 1814 3993 corrigendi

259 4030 310 4073 et
334 4018 693 4072 commutandi
721 4026 877 4071 sunt:
935 4018 1138 4072 scilicet
1163 4027 1218 4070 ut
1265 4017 1312 4068 bi
1347 4033 1439 4084 per
1470 4015 1624 4069 ﬁdem
1657 4017 1706 4069 in
1729 4016 1817 4070 Je-

259 4125 374 4163 sum
414 4107 683 4162 Christum
712 4108 1362 4178 credentesjustiﬁcenlur
1390 4123 1454 4160 ex
1485 4107 1587 4161 ﬁde
1619 4122 1722 4160 non
1752 4122 1814 4160 ex

261 4199 508 4268 operibus
532 4199 680 4268 legis.

333 4290 443 4344 lluc
466 4305 630 4360 usque
656 4290 789 4344 ratio
827 4291 894 4346 de
921 4306 978 4346 se
1005 4310 1016 4344 :
1045 4291 1238 4346 deinde
1265 4289 1554 4344 admonitio
1579 4299 1631 4345 et
1661 4305 1816 4344 enar-

261 4381 397 4437 ratio
437 4381 669 4435 estsatis
698 4382 840 4436 utilis
871 4392 925 4437 et
973 4382 1250 4438 commoda
1295 4382 1358 4435 ad
1405 4382 1454 4434 id
1495 4381 1635 4449 quod
1666 4396 1819 4450 agere

1910 3207 2029 3257 tiam
2051 3223 2193 3258 suam
2221 3217 2272 3259 ut
2318 3207 2556 3261 reuelaret
2581 3208 2740 3274 ﬁlium
2771 3224 2915 3261 suum
2956 3210 3008 3262 in
3033 3225 3110 3262 me
3133 3248 3146 3271 ,
3185 3219 3236 3261 ut
3265 3224 3471 3279 evange-

1909 3295 2110 3348 lisarein
2137 3296 2281 3351 illuni
2311 3297 2360 3348 in
2390 3298 2634 3366 gentibus.
2685 3297 2826 3350 Ordo
2852 3305 2970 3359 est,
3011 3298 3099 3351 sed
3143 3313 3255 3350 cum
3283 3299 3472 3365 placuit

1910 3382 2015 3436 Deo
2040 3386 2257 3437 revelare
2293 3386 2455 3451 [ilium
2500 3402 2642 3437 suum
2672 3387 2722 3437 in
2749 3402 2844 3438 me.
2871 3386 3006 3452 Quid
3035 3395 3116 3440 est.
3141 3398 3316 3441 autem
3364 3389 3474 3455 pla-

1910 3475 2017 3528 cuit
2049 3475 2153 3529 Deo
2195 3478 2428 3530 revelare
2483 3476 2644 3529 ﬁlium
2673 3490 2824 3530 suum
2853 3478 2904 3529 in
2933 3492 3018 3530 me
3043 3477 3065 3529 ?
3117 3477 3166 3529 id
3189 3486 3272 3530 est
3297 3487 3350 3530 ut
3376 3491 3473 3546 ego

1910 3577 2280 3632 cognoscerem
2307 3564 2571 3617 Christum
2606 3583 2616 3616 :
2652 3566 2793 3633 prius
2819 3566 2958 3619 enim
2988 3576 3066 3620 est
3090 3577 3143 3618 ut
3171 3574 3471 3633 cognoscat,

1913 3653 2105 3708 deinde
2132 3664 2186 3707 ut
2212 3655 2553 3723 evangelizet.
2577 3655 2666 3710 Sic
2682 3656 2767 3723 qui
2795 3671 2892 3720 me,
2925 3656 3114 3723 inquit,
3147 3655 3392 3724 separavit
3412 3656 3476 3710 de

1913 3757 2053 3800 utero
2077 3748 2245 3799 matris
2267 3763 2387 3799 mea:
2412 3788 2425 3812 ,
2456 3747 2506 3800 id
2533 3756 2613 3800 est
2634 3747 2773 3799 nasci
2801 3761 2885 3799 me
2917 3744 3058 3799 fecit.
3099 3745 3226 3799 item
3257 3756 3302 3798 et
3326 3760 3472 3798 voca-

1913 3838 1979 3889 vit
2009 3853 2085 3891 mc
2117 3854 2202 3906 per
2231 3837 2444 3906 gratiam
2480 3852 2654 3895 suam;
2700 3835 2750 3888 id
2773 3845 2851 3889 est
2882 3845 2936 3888 ut
2963 3835 3027 3888 ad
3075 3835 3294 3904 gratiam
3325 3848 3474 3888 suam

1916 3929 2149 3983 venirem
2184 3929 2448 3996 Deumque
2503 3942 2875 3997 cognoscerem
2909 3966 2924 3990 ,
2983 3926 3218 3981 evocavit
3253 3944 3264 3979 :
3320 3939 3477 3979 nemo

1917 4019 2055 4074 enim
2088 4017 2359 4086 cognoscit
2416 4017 2576 4069 Deum
2634 4016 2734 4070 nisi
2761 4016 2850 4086 qui
2879 4024 3094 4069 vocatus
3125 4024 3226 4068 est.
3259 4015 3480 4069 Vocavit

1918 4127 2039 4182 ergo
2071 4127 2153 4166 me
2186 4152 2199 4178 ,
2254 4122 2305 4166 et
2334 4112 2529 4180 placuit
2558 4110 2604 4163 ei
2639 4119 2693 4162 ut
2745 4109 3006 4163 revelaret
3035 4107 3198 4161 ﬁlium
3232 4121 3382 4160 suum
3416 4108 3466 4160 in

1919 4217 2039 4265 me;
2075 4211 2128 4255 ut
2149 4216 2248 4270 ego
2281 4241 2294 4265 ,
2327 4201 2493 4270 inquit
2525 4240 2542 4266 ,
2571 4213 2943 4268 cognoscerem
2976 4239 2991 4264 ,
3021 4206 3076 4252 et
3104 4203 3180 4252 sic
3209 4195 3397 4252 deinde
3423 4203 3480 4250 ut

1919 4307 2038 4346 eum
2093 4291 2504 4360 cvangelizarem
2552 4289 2688 4343 inter
2715 4299 2915 4358 gentes.
2977 4287 3085 4342 l‘loc
3116 4297 3292 4356 postea
3321 4301 3477 4355 quam

1921 4382 2158 4452 placuit,
2216 4380 2337 4449 quid
2365 4389 2601 4435 secutum
2643 4379 2774 4434 est?
2818 4379 3054 4432 continuo
3106 4394 3204 4430 non
3255 4376 3479 4445 acquievi

263 4471 442 4540 cupit,
469 4479 525 4523 ut
553 4471 764 4525 Galatas
783 4473 1039 4542 corrigat,
1065 4487 1130 4525 ne
1159 4479 1439 4540 sequentes
1459 4471 1775 4538 judaismum
1802 4512 1815 4535 ,
1845 4484 1898 4542 1)
1921 4475 2056 4527 carni
2086 4484 2128 4527 et
2158 4473 2408 4542 sanguini.
2443 4473 2580 4541 Ergo
2608 4471 2894 4525 revelatum
2929 4511 2944 4536 ,
2979 4469 3144 4538 inquit
3172 4511 3186 4535 ,
3242 4469 3368 4522 mihi
3399 4479 3482 4524 est

264 4561 604 4629 Evangelium
645 4576 746 4616 non
787 4572 1068 4631 sequantur
1099 4578 1113 4625 ;
1163 4563 1301 4631 quod
1330 4579 1488 4615 unum
1513 4571 1592 4616 est
1621 4603 1633 4625 ,
1685 4572 1733 4616 et
1764 4563 1816 4614 in

263 4649 530 4704 Christum
555 4667 730 4706 veram
763 4652 916 4706 ﬁdem
949 4653 1138 4708 habere
1160 4695 1175 4717 ,
1233 4653 1374 4707 etab
1421 4653 1773 4721 eojustilicari
1799 4695 1813 4717 ,

266 4756 373 4797 non
401 4759 462 4797 et
486 4744 731 4812 Operibus
760 4745 907 4813 legis.
942 4745 1066 4799 Post
1091 4745 1203 4799 haec
1231 4746 1318 4798 dat
1338 4746 1438 4798 alia
1463 4756 1766 4815 argumenta
1801 4787 1814 4810 ,

264 4837 387 4905 quia
408 4849 472 4890 ex
496 4835 701 4890 Christo
743 4836 1048 4905 iustiﬁcatio
1092 4837 1146 4889 ﬁt
1172 4852 1272 4890 non
1301 4853 1363 4891 ex
1405 4839 1521 4907 lege
1565 4853 1732 4906 neque
1753 4852 1816 4890 ex

267 4927 518 4995 Operibus
547 4937 636 4990 ;et
663 4937 741 4982 est
767 4927 863 4980 ista
887 4927 1058 4982 omnis
1087 4928 1244 4981 lectio
1270 4968 1281 4990 ,
1315 4942 1471 4996 quam
1502 4942 1656 4997 supra
1690 4927 1817 4989 dixi,

269 5029 436 5084 nsque
467 5016 531 5068 ad
562 5016 706 5069 illum
730 5017 899 5070 locum
927 5058 939 5076 ,
968 5017 1055 5085 qui
1084 5018 1265 5084 incipit
1287 5018 1353 5070 ita
1389 5058 1401 5081 ,
1431 5019 1660 5070 siautem
1686 5032 1819 5084 qva:-

266 5116 429 5159 rentes
463 5107 738 5176 justiﬁcari
780 5108 829 5159 in
859 5107 1090 5170 Christo,
1122 5108 1428 5160 inveniemur
1451 5116 1493 5159 et
1525 5107 1622 5175 ipsi
1649 5123 1818 5175 percu-

269 5208 399 5256 tores
422 5217 442 5266 ;
485 5218 600 5271 ergo
627 5203 850 5256 Christus
874 5204 1061 5272 peccati
1089 5204 1310 5257 minister
1329 5205 1447 5258 est?
1480 5224 1498 5254 ι
1525 5212 1577 5258 et
1597 5204 1812 5273 reliqua.

268 5288 373 5343 Sed
415 5304 552 5343 nunc
594 5289 656 5345 ad
687 5291 1037 5345 narrationem
1089 5291 1228 5362 (qua:
1258 5307 1422 5362 quare
1461 5300 1700 5362 suscepta
1756 5293 1822 5346 sit

340 5531 436 5608 (il
466 5531 842 5608 Vulg.__Contuli
873 5551 983 5588 cum
1033 5537 1132 5590 illis
1189 5535 1510 5608 Evangelium
1536 5536 1670 5605 quod
1690 5551 1820 5604 prte-

273 5599 386 5672 dia§i
400 5599 471 5672 lin
498 5599 744 5672 gentibus.

341 5668 416 5746 (Ξ)
439 5668 514 5726 Ita
536 5674 703 5729 codex
732 5676 1028 5745 antiquior;
1066 5685 1118 5731 at
1142 5676 1246 5732 duo
1293 5676 1476 5746 reliqui
1514 5682 1816 5744 separatum.

1921 4565 2061 4634 quod
2090 4564 2410 4634 evangelizo.
2437 4564 2504 4618 Et
2534 4561 2749 4616 omnino
2779 4562 3012 4615 laboravi
3056 4560 3358 4615 carnaliter.
3388 4558 3481 4614 llic

1920 4657 2058 4710 enim
2087 4655 2232 4708 labor
2255 4662 2472 4707 nonest.
2507 4651 2634 4706 Nam
2661 4653 2703 4707 si
2733 4652 2909 4705 divina
2939 4651 3162 4716 nuntiat,
3202 4659 3256 4703 et
3283 4664 3342 4703 ea
3364 4663 3482 4718 qua:

1922 4747 2137 4816 gratiam
2169 4746 2260 4799 Dei
2291 4744 2484 4798 habent
2513 4748 2689 4798 animo
2718 4743 2864 4797 labor
2903 4758 3007 4798 non
3028 4757 3106 4798 εει
3139 4784 3154 4808 ,
3211 4741 3304 4796 sed
3335 4741 3483 4795 labor

1922 4839 2094 4894 carnis
2121 4847 2174 4891 et
2199 4837 2467 4906 sanguinis
2498 4878 2512 4903 ,
2543 4838 2593 4890 id
2623 4846 2702 4891 est
2731 4837 3031 4891 discurrere
3065 4875 3079 4899 ,
3106 4834 3242 4888 ferre
3273 4833 3478 4887 itineris

1920 4929 2192 4994 lab0iem,
2249 4929 2621 4998 provinciaset
2647 4936 2831 4997 gentes
2882 4941 3161 4995 peragrare
3204 4924 3300 4995 (1).
3362 4922 3482 4976 Νοη

1919 5033 2079 5076 autem
2106 5021 2326 5089 acquievi
2354 5061 2367 5083 ,
2402 5019 2569 5084 inquit
2594 5059 2607 5082 ,
2634 5019 2776 5071 carni
2802 5028 2848 5071 et
2886 5018 3142 5100 sanguini.
3181 5013 3317 5069 Caro
3343 5014 3485 5068 enim

1920 5122 1972 5165 et
2009 5112 2220 5180 sanguis
2247 5111 2402 5164 homo
2443 5109 2674 5164 exterior
2720 5117 2862 5162 totus
2889 5115 2989 5162 est.
3017 5106 3193 5175 Neque
3233 5106 3340 5159 veni
3374 5103 3489 5157 Ilie-

1917 5201 2216 5270 rosolymam
2264 5202 2328 5253 ad
2358 5214 2680 5266 praecessores
2733 5214 2865 5252 meos
2917 5199 3169 5267 apostolos
3221 5194 3318 5266 (9.).
3354 5195 3485 5249 llinc

1926 5293 2065 5348 enim
2095 5291 2255 5347 videri
2288 5291 2456 5361 potuit
2481 5291 2548 5344 ab
2576 5291 2877 5344 hominibus
2904 5291 2986 5344 vel
3019 5305 3111 5358 per
3143 5287 3381 5342 homines
3407 5286 3486 5339 di-

1927 5382 2119 5438 dicisse
2146 5382 2189 5437 si
2214 5381 2630 5451 Hierosolymam
2659 5390 2900 5450 pergeret
2932 5421 2947 5446 ,
2973 5387 3027 5434 et
3051 5393 3168 5433 cum
3203 5376 3486 5446 majoribus

2000 5601 2076 5669 (1)
2110 5599 2256 5669 Vulg.
2291 5597 2534 5650 Continuo
2564 5611 2662 5648 non
2689 5595 2929 5664 acquievi,
2961 5602 3064 5648 etc.

2000 5601 2047 5669 (1
2110 5601 2256 5667 Vulg.
2291 5601 2534 5650 Continuo
2564 5611 2662 5648 non
2689 5601 2929 5664 acquievi,
2961 5602 3008 5648 et

1999 5601 2076 5739 (Ξέ
2105 5668 2250 5739 Vulg.
2275 5669 2337 5721 ait
2367 5675 2698 5719 antecessores
2724 5679 2879 5732 meos,
2907 5671 3008 5718 etc.
