3950 6206
229 289 368 345 1157

1031 258 1034 261 ’
1133 293 1199 347 IN
1239 295 1621 351 EPISTOLAM
1661 293 1867 351 pauu
1897 295 1986 350 AD
2011 293 2329 352 GALATAS
2367 295 2636 350 LIBERI.

3345 296 3482 352 “58

229 401 350 469 quia
389 417 490 456 non
526 402 756 456 mentior.
801 402 1092 458 Deferenda
1122 405 1250 459 lides
1273 415 1388 459 erat
1418 406 1574 460 etiam
1599 407 1805 475 jureju—
1831 407 1877 468 Α
1907 406 2150 469 Judaeos;
2180 407 2425 476 exposui,
2460 407 2646 473 inquit,
2693 405 2941 462 omnthus
2967 405 3298 476 evangelium
3336 407 3476 477 quod

230 488 424 545 rando.
440 490 530 544 llis
546 491 709 557 enim,
729 492 813 560 qui
838 492 944 560 jam
968 505 1281 548 erraverunt
1300 511 1330 548 a
1355 494 1478 560 ﬁde,
1501 510 1585 560 ea,
1620 496 1808 566 inquit,

243 595 363 651 qum
389 579 564 635 scribo
609 580 758 635 vobis
780 597 883 636 non
907 583 1154 649 mentior,
1171 599 1294 638 ecce
1315 599 1491 639 coram
1513 585 1620 640 Deo
1633 584 1810 638 omnia

234 670 489 741 proﬁteor
536 686 620 726 me
676 687 920 738 narrare,
968 674 1411 743 quemadmodum
1465 684 1610 743 gesta
1665 683 1809 728 sunt.

313 762 473 819 Vens.
503 761 592 818 ει.
625 793 694 804 -
728 764 916 818 Deinde
943 766 1052 818 ueni
1081 767 1130 818 in
1160 778 1324 833 partes
1353 766 1520 836 Syria:
1535 775 1579 820 et
1601 765 1811 832 Ciliciae,

240 852 345 909 hoc
381 865 462 908 est
505 855 826 923 evagelizare
853 870 946 924 per
982 867 1185 926 gentes.

314 947 477 1003 Vens.
504 945 828 1000 91—15mm
852 945 1016 1000 autem
1029 948 1224 1016 ignotus
1243 947 1371 1016 [acie
1387 947 1605 1000 ecclesiis
1621 947 1652 999 J
1662 947 1817 1000 udam:

240 1046 480 1107 quanam
503 1034 578 1109 (l)
608 1037 662 1090 in
682 1035 902 1092 Christo.
936 1037 992 1092 Id
1016 1038 1220 1106 estiam
1248 1045 1428 1091 uotum
1453 1047 1567 1091 erat
1591 1053 1818 1106 evange-

242 1126 373 1181 lium
400 1142 531 1198 pene
552 1126 793 1181 omnibus
815 1125 1057 1180 ccclesiis
1075 1125 1292 1192 Judane,
1320 1127 1458 1196 quod
1482 1142 1580 1196 ego
1604 1142 1814 1180 annun-

245 1218 440 1273 tiabam
482 1216 621 1287 (qua:
651 1227 821 1272 tamen
855 1216 1036 1272 Jndma
1062 1226 1143 1272 est
1187 1219 1240 1271 in
1265 1217 1499 1284 Christo,
1524 1233 1626 1274 non
1656 1219 1706 1273 in
1729 1221 1817 1286 ju-

243 1309 451 1365 daismo
502 1305 847 1378 Judzeorum).
891 1307 1070 1362 Multa:
1119 1317 1291 1362 autem
1319 1309 1557 1363 ecclesia:
1591 1318 1714 1363 sunt
1765 1308 1817 1362 in

245 1401 482 1466 Christo.
498 1402 688 1472 quibus
707 1401 953 1456 omnibus
974 1408 1151 1455 notum
1177 1410 1290 1455 erat
1309 1401 1658 1470 evangelium,
1677 1401 1818 1470 quod

246 1495 316 1550 de
339 1494 550 1549 Christo
575 1493 752 1548 habet.
785 1491 940 1547 Eram
976 1501 1139 1546 tcnnen
1167 1493 1275 1561 ipse
1312 1493 1510 1562 ignotus
1545 1493 1694 1563 facie.
1730 1492 1820 1547 llis

248 1602 377 1658 ergo
391 1585 658 1650 omnibus,
678 1584 804 1655 quid
829 1582 1089 1639 ostendit?
1106 1583 1214 1653 jam
1238 1599 1294 1637 se
1320 1583 1652 1653 evangelium
1669 1599 1820 1639 suum

247 1679 492 1735 omnibus
514 1676 840 1747 persuasisse
885 1676 1042 1730 etiam
1071 1690 1189 1729 enm
1217 1673 1411 1730 absens
1438 1685 1596 1730 esset.

1918 497 2148 566 pra‘dico
2177 498 2311 551 inter
2337 506 2542 567 gentes.
2573 495 2630 550 ln
2661 511 2766 566 quo
2789 497 3095 569 intelligitur
3115 539 3130 563 ,
3161 513 3224 552 ex
3251 512 3316 552 eo
3340 498 3478 568 quod

1917 604 2071 643 nemo
2085 588 2420 654 contradixit,
2451 603 2606 642 nemo
2624 587 2836 655 restitit,
2853 589 2954 644 hoc
2979 605 3159 644 verum
3190 603 3308 644 esse
3322 605 3482 645 evan-

1914 678 2104 746 gelium
2133 687 2186 730 et
2206 693 2367 731 unum
2393 694 2404 728 :
2435 676 2695 747 siquidem
2723 677 2821 732 hoe
2847 678 2985 749 quod
3007 679 3258 748 praedico,
3287 680 3476 750 inquit,

1917 767 2054 821 inter
2080 777 2263 835 gentes
2294 767 2510 836 exposui
2543 768 2592 820 in
2639 767 3026 841 Hierosolyma.
3057 769 3160 825 Sed
3193 769 3360 838 potuit
3401 770 3481 838 ig-

1916 872 2107 910 norare
2132 857 2378 927 populus.
2409 856 2544 924 Quid
2571 856 2800 927 adjecit?
2833 859 3072 913 Seorsum
3099 871 3264 914 autem
3293 860 3371 914 In's
3397 861 3485 929 qui

1917 951 2228 1018 ﬁrmamenta
2243 951 2536 1006 uidebantur
2556 968 2662 1007 esse
2683 951 2727 1024 (l
2741 949 2781 1019 ).
2805 947 2860 1003 ld
2878 959 2958 1005 est
2976 965 3069 1019 per
3085 965 3218 1019 quos
3240 949 3482 1005 mandata

1918 1042 2011 1096 Dei
2041 1042 2382 1098 tradebantur
2401 1051 2454 1098 et
2474 1042 2828 1113 evangelium,
2861 1049 2917 1095 ut
2961 1041 3214 1111 apostolis
3248 1041 3486 1096 caeteris-

1917 1147 2049 1201 que;
2082 1132 2194 1199 his,
2229 1134 2428 1204 inquit,
2456 1148 2696 1188 seorsum
2729 1132 2944 1201 exposui
2977 1130 3309 1199 evangelium
3348 1130 3486 1200 quod

1919 1224 2149 1294 przcdico
2181 1226 2318 1280 inter
2341 1236 2545 1295 gentes,
2569 1236 2625 1279 ut
2654 1225 2697 1279 si
2724 1223 2847 1295 quid
2877 1222 3168 1292 essetquod
3192 1222 3346 1278 aliter
3376 1231 3487 1277 tra-

1919 1317 2128 1383 derent,
2175 1317 2522 1387 eorrigerent,
2571 1317 2652 1371 vel
2669 1316 2810 1387 quod
2857 1317 2969 1384 ipse
2996 1314 3148 1368 aliter
3187 1314 3486 1381 traderem,

1920 1409 2283 1465 emcndarent.
2324 1409 2448 1464 llaec
2477 1409 2634 1478 igitur
2675 1421 2834 1462 causa
2883 1406 2981 1460 fuit
3020 1421 3114 1460 cur
3144 1405 3488 1460 ascenderem

1921 1501 2345 1571 Hierosolymam
2377 1516 2393 1558 :
2426 1509 2478 1555 et
2506 1508 2785 1570 propterea
2838 1496 2963 1551 mihi
3007 1497 3296 1551 revelatum
3325 1505 3407 1550 est
3435 1503 3492 1550 ut

1922 1592 2406 1661 ascenderem,quo
2435 1591 2636 1645 facilius
2675 1596 3084 1660 cognosceretur
3112 1588 3306 1642 bonum
3334 1601 3494 1641 evan-

1924 1685 2118 1753 gelium
2145 1725 2159 1748 ,
2192 1692 2247 1737 et
2284 1698 2455 1737 meum
2487 1683 2625 1735 inter
2650 1689 2856 1752 gentes,
2896 1690 2950 1736 et
2986 1680 3199 1735 illorum
3237 1680 3375 1734 inter
3400 1679 3494 1733 Ju-

323 1768 482 1825 Vnns.
512 1766 599 1821 25.
631 1794 700 1807 -ο
723 1764 1090 1820 Tantummodo
1119 1766 1384 1820 audiebant
1404 1767 1537 1836 quod
1564 1768 1605 1818 is
1628 1765 1704 1836 (2)
1732 1766 1819 1835 qui

1940 1774 2086 1827 Leos.
2117 1773 2270 1838 Quod
2302 1782 2477 1827 autem
2509 1786 2750 1827 seorsum
2781 1772 2885 1826 illis
2909 1770 3164 1836 ostendit,
3195 1777 3295 1836 est,
3320 1777 3374 1822 ut
3403 1768 3493 1822 Ju-

248 1858 634 1930 persequcbatur
649 1873 739 1911 nos
761 1857 1050 1926 aliquando,
1070 1872 1201 1909 nunc
1211 1856 1514 1925 euangelizat
1532 1855 1822 1923 ﬁdemJloc

255 1963 310 2007 et
338 1951 588 2007 miraculo
615 1951 745 2005 dicit
775 1950 934 2004 fuisse
959 1948 1222 2014 omnibus,
1255 1948 1392 2018 quod
1422 1950 1604 2017 utique
1631 1956 1824 2003 etesse

253 2043 413 2099 debet
440 2043 503 2098 ad
531 2043 840 2097 miraculum
869 2059 882 2095 :
913 2040 1216 2106 audiebant,
1247 2041 1435 2109 inquit,
1466 2054 1647 2094 onmcs
1683 2039 1822 2108 quod

251 2151 352 2207 ego
369 2135 457 2206 qui
473 2135 678 2205 judaeus
714 2134 954 2198 fuissem,
1001 2134 1086 2202 qui
1119 2147 1467 2202 persequerer
1493 2131 1822 2185 Christianos

252 2238 308 2283 ct
335 2229 588 2283 ecclesias
615 2227 916 2298 aliquando,
945 2241 1083 2280 nunc
1109 2224 1523 2293 evangelizarem
1565 2221 1743 2284 ﬁdem,
1773 2222 1822 2275 id

255 2329 360 2384 est,
407 2329 464 2375 ut
519 2334 702 2373 omnes
738 2318 995 2372 baberent
1035 2315 1188 2369 tidem
1244 2317 1294 2367 in
1323 2313 1589 2367 Christum
1629 2327 1824 2381 :qnam

258 2410 416 2465 iidem
444 2416 599 2463 antea
629 2406 942 2475 denegabat,
971 2420 1128 2475 quam
1159 2402 1441 2473 aliquando
1471 2402 1824 2471 expugnabat.

258 2498 562 2554 Iliraeulum
616 2512 742 2566 ergo
770 2504 884 2550 erat
931 2505 988 2550 ut
1035 2493 1192 2548 hodie
1224 2492 1610 2563 evangelizaret
1647 2491 1825 2556 ﬁdem,

259 2590 347 2660 qui
377 2587 659 2658 aliquando
687 2595 1110 2657 expugnaverat;
1139 2585 1278 2654 quod
1309 2583 1421 2653 ipse
1447 2583 1663 2637 fecerat.

331 2680 478 2734 Vens
530 2678 620 2732 24.
666 2677 811 2730 -Εε
857 2678 909 2730 in
939 2693 1038 2740 me,
1069 2674 1266 2744 inquit,
1316 2672 1704 2742 ntagniﬁcaban!
1749 2668 1828 2740 (3)

263 2771 557 2826 Dominum.
625 2768 758 2837 Quia
821 2782 1005 2823 omnes
1073 2765 1180 2834 jam
1244 2762 1520 2833 capiebant
1582 2761 1830 2814 virtutem

267 2863 381 2930 Dei,
408 2871 462 2918 et
511 2861 840 2932 magniﬁcum
885 2860 1047 2914 Deum
1094 2855 1361 2920 dicebant,
1389 2852 1528 2924 quod
1577 2867 1676 2922 ego
1703 2865 1830 2905 con-

264 2969 452 3011 versus
498 2967 706 3016 essem;
749 2960 804 3006 et
856 2956 1182 3019 expugnator
1231 2948 1320 3016 qui
1381 2946 1582 2999 fueram
1609 2985 1623 3008 ,
1689 2958 1833 2997 nune

268 3063 441 3103 essem
517 3042 846 3115 prmdicator.
923 3018 1012 3096 Sie
1081 3038 1237 3093 ﬁebat
1308 3046 1364 3090 ut
1395 3018 1405 3033 ’
1437 3033 1832 3106 magniﬁcareut

1925 1868 2071 1922 duces
2098 1867 2166 1921 de
2188 1865 2365 1920 medio
2392 1866 2658 1931 tollerent,
2691 1872 2739 1920 et
2800 1864 2939 1917 inter
2975 1877 3032 1916 se
3068 1863 3316 1932 mysteria
3343 1874 3494 1916 com-

1923 1960 2252 2014 muniearent
2273 1958 2394 2027 ipsi,
2427 1956 2514 2027 qui
2566 1965 2844 2012 noverant.
2874 1953 3076 2022 Quibus
3102 1953 3348 2007 omnibus
3369 1966 3492 2007 eum

1927 2049 2109 2104 fuisset
2149 2063 2249 2102 una
2287 2047 2551 2103 sententia
2593 2054 2751 2116 atque
2793 2059 2955 2098 unum
2987 2043 3339 2112 evangelium,
3372 2040 3497 2110 quid

1928 2139 2246 2210 persuadere
2276 2137 2497 2192 nititur?
2529 2135 2658 2190 nihil
2705 2134 2826 2190 novi
2856 2133 3053 2189 addere
3077 2133 3289 2200 debere,
3335 2132 3495 2186 nihil-

1926 2248 2028 2301 que
2047 2232 2390 2301 conjungere.
2414 2228 2562 2286 Unde
2590 2236 2809 2297 peccant
2829 2226 2985 2281 hodie
3008 2225 3206 2282 Galata-
3228 2224 3497 2295 sequendo

1924 2323 2240 2390 judaismum
2268 2332 2322 2376 et
2346 2321 2676 2389 disciplinam
2719 2318 2802 2372 vel
2840 2316 3222 2372 circmclsioiiis
3250 2315 3333 2371 vel
3362 2315 3497 2370 sab-

1927 2413 2032 2467 bati
2058 2413 2137 2467 vel
2165 2427 2338 2466 rerum
2373 2421 2681 2465 eaeterarum
2713 2426 2726 2463 :
2760 2407 2842 2461 Ne
2878 2409 3008 2478 forte
3026 2408 3077 2459 in
3093 2421 3301 2458 uacuum
3325 2421 3500 2459 curre-

1927 2522 2031 2558 rem
2051 2513 2134 2557 aut
2165 2502 2509 2556 cucurrissem.
2565 2499 2620 2553 Id
2660 2507 2740 2553 est
2779 2511 2849 2552 ne
2878 2512 2982 2551 non
3005 2498 3208 2566 integre
3231 2496 3499 2566 cvangeli-

1931 2611 2102 2650 zarem
2136 2613 2148 2648 :
2181 2597 2222 2648 si
2255 2593 2394 2646 enim
2427 2591 2600 2645 minus
2642 2588 2840 2659 aliquid
2889 2586 3270 2657 evangelizavi,
3327 2587 3378 2641 in
3408 2601 3501 2641 va-

1931 2701 2087 2740 cuum
2113 2683 2342 2749 cucurri,
2389 2689 2478 2735 aut
2521 2683 2571 2734 in
2621 2693 2843 2733 vacuum
2873 2691 3012 2732 nunc
3035 2678 3190 2735 etiam
3229 2691 3404 2730 curro.
3443 2675 3501 2731 Si

1931 2780 2071 2832 enim
2103 2775 2321 2847 prodest
2339 2773 2692 2837 circumcisio,
2721 2767 2925 2825 sabbati
2948 2765 3268 2830 observatio,
3294 2781 3504 2822 rerum-

1933 2883 2034 2939 que
2062 2878 2389 2930 exterarum,
2423 2878 2529 2918 non
2551 2863 2651 2917 erit
2675 2877 2742 2917 ex
2775 2859 2942 2932 gratia
2962 2857 3155 2912 Christi
3173 2856 3334 2926 salus,
3366 2864 3421 2912 et
3445 2856 3502 2913 ln

1933 2977 2153 3015 vacuum
2184 2959 2435 3014 curritur.

2007 3051 2166 3105 Vens.
2200 3051 2250 3104 5.
2281 3047 2467 3103 —-Sed
2498 3061 2651 3116 neque
2678 3044 2843 3112 Titus,
2878 3042 2962 3114 qui
2990 3057 3183 3095 mecum
3217 3046 3340 3105 erat,
3368 3053 3504 3108 grte-

269 3139 433 3193 Dcm“
480 3135 530 3189 i"
576 3149 693 3199 me;
749 3133 799 3186 id
830 3140 911 3186 εει
955 3144 1198 3199 magmm‘
1243 3127 1501 3190 dicerem,
1558 3127 1646 3192 (ιυί
1701 3139 1830 3179 ⁰⁰¹¹“
1858 3137 1902 3197 C
1933 3160 2018 3197 cus
2048 3142 2125 3213 (2)
2170 3139 2456 3210 compulsus
2483 3149 2556 3191 est
2583 3134 2893 3190 circumcidi.
2928 3131 3057 3186 Illud
3084 3129 3330 3201 explicat,
3374 3127 3506 3182 nihil

274 3242 426 3283 versa
468 3225 641 3281 subito
665 3232 840 3278 mente
867 3222 1205 3293 pra‘dicarun
1239 3218 1514 3272 Dominum
1541 3215 1832 3280 Christum,

271 3319 470 3374 scilicet
518 3330 674 3387 quem
731 3329 829 3383 ego
877 3321 1030 3366 antea
1080 3308 1461 3379 expugnabam.
1514 3305 1650 3374 Quid
1695 3305 1836 3360 enim

273 3418 379 3463 tam
422 3405 777 3474 magniﬁcum,
826 3416 980 3472 quam
1023 3399 1160 3453 vinei
1209 3405 1462 3461 mentem,
1502 3404 1554 3449 et
1589 3395 1832 3462 accipere

274 3498 588 3554 contrariam
614 3504 666 3549 et
691 3492 979 3563 praedicare
1022 3498 1137 3546 eam
1170 3503 1322 3558 quam
1355 3496 1477 3540 ante
1504 3497 1839 3558 expugnaras

280 3588 468 3642 ﬁdem?
513 3584 660 3652 Quod
687 3585 732 3638 si
758 3584 828 3636 ita
857 3591 954 3646 est,
979 3594 1105 3650 ergo
1126 3587 1179 3633 et
1217 3593 1311 3631 vos
1342 3576 1472 3630 nihil
1498 3574 1638 3629 aliud
1688 3573 1837 3642 sequi

279 3677 504 3741 debetis,
533 3675 632 3729 nisi
657 3673 794 3745 quod
825 3673 975 3726 vobis
1003 3669 1324 3739 cvangelizat
1354 3665 1510 3720 iidem
1552 3664 1767 3718 Christi.

331 3766 484 3822 CAP.
505 3762 840 3818 lV.—-Vens.l
856 3759 1139 3814 .—Deinde
1160 3768 1267 3826 post
1290 3773 1448 3809 annos
1468 3752 1843 3821 quatuordccim

282 3858 460 3912 iterum
497 3853 696 3908 escendi
729 3851 1126 3918 Hierosolymam
1150 3864 1264 3900 cum
1291 3845 1543 3910 Barnaba,
1586 3851 1842 3910 assumpto

284 3960 328 4004 et
365 3947 496 4002 Tito.
521 3946 696 4002 Semel
726 3943 864 3999 enim
891 3951 1031 4005 ante,
1063 3948 1179 4010 post
1206 3937 1525 3999 triennium;
1557 3948 1696 3988 nune
1727 3942 1846 4001 post

285 4053 453 4094 annos
492 4033 886 4108 quatuordecim
935 4031 1151 4094 iterum,
1196 4029 1387 4098 inquit,
1431 4025 1666 4081 aseendi.
1709 4025 1844 4092 Ergo

286 4127 616 4199 evangelium
657 4142 687 4180 a
729 4139 812 4178 me
835 4123 1078 4194 gentibus
1123 4121 1475 4183 enuntiatum,
1511 4131 1603 4184 per
1633 4114 1844 4168 revela—

289 4222 486 4276 tionom
513 4215 705 4286 accepi,
733 4229 835 4270 nou
858 4215 922 4268 ab
951 4210 1247 4266 hominibus
1272 4224 1441 4279 neque
1462 4222 1554 4278 per
1581 4206 1845 4259 hominem

289 4314 465 4369 didici.
497 4312 622 4366 Cum
652 4307 882 4363 Uarnnba
908 4314 954 4360 et
991 4313 1244 4367 assumpto
1273 4301 1407 4355 Tito.
1449 4300 1556 4353 llos
1583 4300 1764 4366 utique
1790 4306 1850 4350 ut

293 4413 452 4460 testes
482 4400 657 4465 habet,
686 4413 780 4469 per
807 4409 938 4466 quos
979 4394 1168 4465 probat
1191 4391 1519 4460 evangelium
1560 4373 1711 4443 suum
1755 4400 1849 4455 per

1936 3233 2153 3287 omnino
2180 3241 2353 3285 actum
2377 3243 2495 3284 esse
2515 3228 2582 3282 ab
2609 3227 2691 3281 his
2709 3225 2795 3295 qui
2834 3219 3261 3294 pseudoapostoli
3282 3227 3427 3284 sunt,
3452 3216 3504 3272 id

1938 3334 2020 3378 est
2049 3324 2114 3376 ab
2156 3323 2235 3375 his
2263 3320 2350 3390 qui
2385 3317 2658 3386 evangelio
2691 3315 2858 3379 Pauli,
2889 3314 2990 3367 hoc
3015 3323 3096 3367 est
3123 3308 3307 3364 nuntio
3330 3308 3394 3362 de
3414 3307 3504 3363 Fio

1939 3413 2010 3466 lio
2051 3413 2139 3465 Dei
2185 3411 2417 3475 Christo,
2459 3424 2552 3477 per
2590 3422 2745 3477 quem
2772 3414 2854 3460 est
2896 3403 3028 3458 ﬁdes
3065 3411 3120 3458 et
3161 3410 3303 3456 certa
3341 3399 3504 3467 salus,

1940 3504 2084 3564 huic.
2115 3505 2324 3573 inquam
2344 3543 2358 3566 ,
2391 3499 2663 3569 evangelio
2690 3495 3080 3566 adjungendum
3127 3500 3311 3561 putant
3350 3505 3504 3557 esse,

1941 3595 2265 3656 circumcidi,
2297 3592 2579 3646 observare
2612 3589 2908 3654 sabbatum,
2942 3596 2993 3640 et
3014 3593 3234 3649 czetera;
3265 3582 3400 3647 hme,
3429 3581 3509 3636 in-

1942 3705 2120 3758 quam,
2151 3703 2252 3742 non
2281 3686 2527 3750 valuisse,
2551 3683 2654 3746 ait;
2689 3693 2859 3749 neque
2883 3691 3189 3748 persuasum
3218 3689 3336 3728 esse
3361 3672 3503 3739 Tito,

1943 3781 2030 3849 qui
2077 3779 2274 3847 utique,
2317 3775 2503 3844 inquit,
2535 3785 2736 3842 gru‘cus
2764 3778 2898 3835 erat,
2938 3767 2986 3821 id
3033 3774 3113 3820 est
3153 3778 3404 3834 paganus,
3454 3769 3514 3815 ut

1943 3869 2348 3937 compelleretur
2364 3861 2691 3926 circumcidi,
2717 3875 2780 3915 ac
2801 3868 3078 3930 propterea
3106 3871 3209 3910 non
3234 3867 3406 3908 tamen
3437 3851 3512 3907 illi

1945 3978 2253 4033 persuasum
2295 3967 2378 4015 est
2402 4000 2417 4025 ,
2453 3971 2625 4027 neque
2669 3953 2768 4024 ipsi
2813 3950 3025 4022 quidem
3056 3948 3168 4002 ausi
3205 3955 3326 4001 sunt
3365 3945 3512 4000 illum

1947 4053 2284 4124 compellere.
2314 4050 2388 4104 Ita
2412 4059 2701 4103 consensus
2727 4042 2967 4113 apostolo
2986 4040 3150 4094 iactus
3169 4045 3248 4092 est
3270 4036 3336 4091 de
3355 4051 3516 4091 evan-

1949 4145 2086 4217 gelio
2111 4142 2368 4208 omuimn,
2395 4138 2483 4210 qui
2510 4136 2644 4207 apud
2666 4132 3082 4202 Hierosolymam
3106 4129 3331 4182 fuerunt.
3363 4124 3516 4181 Unde

1953 4234 2399 4308 pcecantGalataa,
2422 4229 2509 4299 qui
2526 4241 2717 4283 novum
2738 4223 2874 4278 istud
2896 4217 3284 4290 adjungendum
3307 4223 3511 4284 putant.

2023 4331 2185 4384 Vens.
2209 4330 2241 4382 ll
2271 4335 2325 4381 et
2349 4324 2402 4378 5.
2435 4351 2503 4361 —
2531 4318 2636 4375 Sed
2680 4325 2882 4388 propter
2909 4312 3227 4368 subinductos
3247 4308 3326 4378 (5)
3356 4307 3515 4377 falsos

1953 4425 2164 4492 fratres,
2220 4418 2303 4486 qui
2344 4416 2744 4470 subintrauerunt
2793 4407 2871 4479 (εὶ)
2916 4404 3200 4460 auscultare
3241 4400 3516 4474 libertatem

292 4493 667 4551 "numnam
688 4486 1008 4550 Sibidamm;
1031 4484 1074 4578 si
1103 4479 1600 4578 q'lidexgnar'mbas
1617 4493 1844 4578 mecm}
1875 4501 1924 4561 D
1953 4479 2192 4576 hostram,
2225 4479 2373 4578 quam
2398 4503 2634 4558 habemus
2655 4503 2708 4555 in
2735 4497 2956 4562 Christo,
2977 4504 3134 4548 utnos
3162 4492 3215 4546 in
3235 4490 3517 4546 seruitutem

295 4583 481 4655 inquit,
513 4579 774 4646 ascendit;
805 4575 1084 4644 assumpsit
1115 4574 1271 4628 etiam
1287 4572 1459 4625 Titum
1485 4586 1501 4636 ;
1546 4583 1766 4639 quorum
1793 4568 1853 4620 lto

296 4675 391 4731 des
413 4674 630 4743 probata
660 4669 902 4724 omnibus
921 4674 974 4721 et
1011 4662 1362 4734 evangelium.

366 4765 528 4820 Vens.
554 4763 606 4818 2.
626 4760 920 4815 -Λιεεηάὶ
943 4767 1106 4812 autem
1127 4755 1399 4810 secundum
1417 4751 1785 4812 reuelationem,
1807 4756 1852 4801 ct

296 4856 505 4927 exposui
524 4855 625 4908 illis
652 4851 960 4921 euangelium
995 4852 1130 4918 quod
1164 4846 1380 4918 ρίοωαὶεο
1407 4847 1537 4897 inter
1557 4851 1724 4912 gentes
1750 4839 1850 4910 (ll).

299 4948 500 5019 Magnis
515 4944 833 5015 argumentis
850 4943 1073 5013 probare
1095 4940 1274 4994 nititur
1287 4935 1612 5007 evangelium
1630 4949 1693 4989 ex
1709 4947 1856 4988 reve-

303 5038 499 5092 latione
510 5035 816 5098 sibidatum,
833 5029 971 5101 quod
1000 5030 1137 5083 inter
1163 5037 1346 5098 gentes
1365 5025 1676 5093 praedicaret
1698 5037 1727 5075 a
1749 5023 1857 5076 Deo

302 5142 420 5183 esse
448 5145 461 5181 :
486 5141 606 5180 nam
636 5121 868 5188 ascendi,
901 5119 1088 5190 inquit,
1121 5117 1537 5186 Hierosolymam
1565 5112 1856 5169 secundum

303 5217 708 5281 revelationcm;
737 5222 794 5269 ut
819 5213 977 5268 etiam
1013 5210 1258 5264 docerem
1281 5219 1504 5270 omnes;
1535 5205 1691 5259 etiam
1719 5203 1861 5273 ipsos

377 5356 455 5496 (ιζ
489 5353 641 5424 Vulg.
673 5369 686 5408 :
719 5359 880 5407 erant.

377 5425 433 5496 (2
489 5425 637 5494 Vulg.
670 5441 683 5478 :
716 5431 880 5476 tantum

376 5425 433 5499 (ε

489 5412 637 5494 Vulg.
670 5441 683 5478 :
716 5431 908 5476 tantum
951 5427 1117 5473 autem
1144 5416 1370 5471 auditum
1413 5412 1703 5466 habebant:
1735 5424 1860 5479 quo-

291 5505 445 5558 niam
462 5505 568 5567 qui,
588 5505 692 5549 etc.

377 5566 458 5642 (ξι)
484 5565 641 5642 _V_u_lg.
675 5580 687 5616 :
720 5559 1083 5642 clariﬁcabant.
1290 5641 1297 5642 ί
1359 5641 1364 5642 γ

377 5568 433 5629 (ὅ
477 5566 641 5632 Vulg.
675 5580 687 5616 :
720 5566 1083 5628 clariﬁcabant.

377 5566 458 5708 (li
484 5634 634 5703 Vulg.
651 5629 938 5708 _:_rtcoutuli
963 5644 1077 5684 cum
1101 5627 1204 5682 illis
1223 5624 1548 5697 evangelium,
1575 5619 1707 5691 quod
1724 5632 1859 5688 prte-

311 5701 503 5760 dico'ln
530 5701 773 5775 gentibus.

1951 4605 2260 4672 redigerent,
2306 4599 2372 4651 ad
2421 4596 2596 4648 horam
2643 4591 2878 4646 cessimus
2928 4584 3240 4660 subjectioni.
3293 4580 3518 4647 Quidam

1953 4695 2068 4750 hzec
2109 4694 2184 4748 sic
2227 4693 2404 4761 legunt
2449 4706 2462 4742 :
2514 4685 2621 4741 Nec
2684 4685 2752 4738 ad
2807 4685 2984 4738 horam
3037 4678 3272 4732 cessimus
3315 4673 3518 4748 subjec-

1955 4787 2078 4840 tioui
2126 4785 2241 4853 (5);
2297 4792 2350 4836 et
2398 4786 2479 4833 est
2530 4790 2725 4833 sensus
2766 4772 2971 4841 integer
3036 4784 3155 4824 eum
3217 4763 3519 4836 superiori,

1956 4885 2011 4931 ut
2037 4889 2204 4945 neque
2232 4885 2435 4942 graecus
2453 4868 2601 4923 Titus
2636 4863 2940 4933 compulsus
2967 4861 3035 4915 sit
3058 4856 3384 4922 circumcidi,
3423 4869 3523 4910 nec

1962 4944 2137 5022 tamen
2166 4978 2264 5019 nos
2289 4960 2545 5016 cessimus
2584 4957 2667 5012 vel
2693 4953 2758 5009 ad
2789 4952 2969 5006 horam
2994 4945 3334 5019 subiectioni;
3361 4944 3412 5000 id
3442 4952 3525 5000 est

2037 5194 2117 5264 (Ι)
2145 5191 2300 5258 Vulg.
2331 5203 2346 5240 ε
2370 5197 2591 5241 seorsum
2611 5187 2775 5233 auum
2799 5173 2883 5238 iis,
2910 5169 2996 5241 qui
3016 5165 3306 5221 uidebantur
3329 5157 3526 5229 aliquid

1967 5278 2093 5401 “‘69..
2149 5329 2300 5396 Vulg.
2337 5343 2349 5379 :
2385 5339 2498 5378 cum
2524 5328 2648 5375 esset
2664 5316 2886 5390 gentilis.

2040 5333 2117 5469 (3i
2147 5400 2300 5468 Vulg.
2333 5413 2347 5450 :
2377 5389 2802 5469 subintroductos.
2861 5453 2872 5469 ‘

2040 5389 2115 5469 (33
2147 5389 2300 5468 Vulg.
2333 5413 2347 5450 :
2377 5389 2802 5469 subintroductos.

2058 5459 2110 5542 li
2129 5459 2283 5542 Vulg.
2313 5483 2326 5520 :
2348 5459 2738 5542 subiiitroierunt
2756 5472 2852 5542 cfp

2058 5475 2109 5542 4)
2129 5475 2283 5538 Vulg.
2313 5483 2326 5520 :
2348 5475 2738 5519 subuurmerum
2756 5475 3088 5537 explorare...
3104 5475 3156 5498 ιη
3169 5475 3261 5496 qu
3274 5475 3367 5494 ...υ
3380 5475 3405 5489 .
3419 5475 3527 5492 υ.-.

2036 5475 2117 5613 ξε)
2135 5540 2231 5613 _Sic
2250 5546 2339 5613 est
2359 5536 2411 5590 in
2437 5529 2667 5613 editione
2684 5516 3393 5613 PaulrvglgLa‘ta-tqtue.
3415 5518 3530 5613 te:

1965 5575 2414 5666 ιυιῖιυέἰΐξῦῖῖὺξί
2438 5575 2851 5666 I'oiiiiiti'niiie
2872 5575 3137 5647 (ια’Μὰπί
3155 5581 3394 5638 cessimus
3412 5575 3530 5632 sub-

1958 5683 2194 5752 factione.

2856 5453 3039 5505 (orare.
3049 5485 3067 5503 .
3076 5486 3088 5500 .
3103 5447 3156 5498 in
3169 5441 3367 5496 Christo
3380 5435 3417 5489 ,1
3419 5453 3527 5492 ess.
