3950 6206
412 230 547 288 “59

1632 227 1719 279 MA
1734 226 1819 279 llll
1858 218 2193 277 VICTORINI
2217 222 2371 275 AFRI

3508 222 3651 274 “60

408 348 460 391 ut
485 340 535 393 in
572 338 829 405 aliquibus
882 334 1209 390 cederemus.
1240 334 1495 400 Quoniam
1543 344 1713 387 tamen
1745 335 1795 386 in
1824 332 1982 400 plnri—
2009 329 2059 387 A
2085 332 2229 396 quasi
2256 347 2317 384 ex
2346 332 2427 385 his
2458 333 2543 399 qui
2576 332 2818 386 videntur
2844 345 2962 385 esse
2988 329 3206 399 aliquid,
3238 330 3320 383 vel
3351 328 3419 383 ah
3445 328 3527 380 his
3554 330 3647 394 qui

412 428 508 481 mis
535 426 801 479 codicibus
842 436 894 477 et
940 424 1112 477 latinis
1157 432 1210 477 et
1248 424 1537 492 graecis“)
1568 424 1662 475 ista
1712 423 1969 475 sententia

412 526 512 579 est,
540 517 604 567 ad
631 519 801 567 horam
828 517 1060 567 cessimus
1092 514 1405 581 subjectiani,
1440 513 1487 565 id
1513 524 1590 565 est
1615 512 1829 564 ferimus
1856 526 1971 578 qua:

414 604 515 658 illis
543 603 776 657 facienda
801 604 1129 666 videbantur,
1160 602 1250 655 sed
1275 618 1376 656 non
1410 610 1463 652 ιιι
1488 616 1695 668 semper
1720 614 1972 668 sequere-

417 709 569 758 mur;
602 694 776 746 multis
808 694 975 746 modis
1019 693 1270 763 probatur
1313 692 1589 762 legendum
1631 692 1699 744 ita
1743 704 1879 754 esse,
1910 689 1976 741 ad

417 782 588 835 harant
612 784 846 836 cessimus
871 782 1197 852 subjectioni;
1229 782 1451 848 primum
1483 780 1599 849 quia
1633 795 1755 832 vere
1785 778 1972 841 cessit;

418 888 535 927 nam
581 885 633 927 et
667 872 998 925 Timotheum
1038 870 1365 924 circumcidit
1409 878 1617 937 propter
1649 868 1880 929 Judrcos,
1922 875 1979 919 ut

418 965 491 1017 ait
520 964 568 1015 in
607 962 822 1017 Actibus
852 961 1203 1029 apostolorum
1230 960 1395 1030 (Cap.
1427 976 1530 1023 xvi,
1550 962 1632 1025 5).
1664 958 1805 1023 Ergo
1831 972 1979 1010 men-

423 1055 503 1108 tiri
529 1070 629 1106 non
663 1054 843 1108 debuit
877 1056 1161 1123 apostolus.
1194 1053 1390 1105 Deinde
1421 1066 1517 1105 nec
1546 1050 1609 1102 ad
1642 1053 1820 1103 horam
1862 1049 1978 1115 quis

423 1146 639 1211 diceret,
692 1147 733 1198 si
772 1160 965 1215 negare
1006 1160 1136 1213 opus
1182 1145 1347 1197 luerat
1396 1144 1609 1195 omnino
1652 1142 1867 1195 factum.
1916 1138 1982 1191 Et

424 1245 563 1291 certe
590 1239 630 1288 si
656 1237 811 1290 Petro
834 1237 1041 1300 restitit,
1072 1234 1193 1304 quid
1222 1243 1303 1289 est
1334 1234 1415 1287 hic
1442 1247 1535 1286 nec
1566 1231 1629 1284 ad
1660 1232 1839 1283 horam
1871 1242 1983 1281 ces-

424 1326 625 1381 simus?
654 1327 778 1380 ltem
810 1328 852 1379 si
882 1340 1039 1394 supra
1062 1325 1258 1379 dictum
1285 1338 1450 1391 neque
1483 1321 1642 1384 Titus,
1670 1321 1753 1387 qui
1792 1334 1982 1372 mecum

426 1428 530 1471 erat
568 1435 776 1488 grwcus,
809 1418 1095 1485 compulsus
1138 1425 1209 1469 est
1257 1415 1576 1477 circumcidi;
1620 1429 1719 1476 no‘n
1760 1426 1884 1479 ergo
1933 1412 1982 1463 in

426 1511 666 1565 omnibus
695 1527 789 1566 nec
810 1526 1017 1578 semper
1046 1520 1133 1563 aut
1164 1510 1379 1562 multum
1405 1524 1419 1571 ;
1464 1518 1729 1574 postremo
1771 1512 1985 1573 propter

430 1599 667 1655 inductos
726 1600 950 1665 fratres,
1002 1601 1087 1669 qui
1146 1609 1294 1653 erant
1342 1600 1622 1651 miscentes
1664 1596 1982 1664 judaismum

2073 422 2138 473 ab
2164 424 2291 489 ipsis
2314 434 2670 493 provenerunt
2706 423 3162 492 pseudo-apostoli
3194 424 3295 491 (l),
3333 432 3512 475 tamen
3542 421 3645 474 ali-

2073 514 2196 582 quid
2216 524 2410 577 essent,
2434 515 2481 566 id
2504 524 2584 567 est
2612 524 2958 579 mutarentur,
2983 524 3329 583 sequerentur
3350 514 3459 583 jam
3484 528 3650 567 evan-

2076 603 2288 669 gelium.
2340 603 2665 671 Quicumque
2707 605 2866 672 igitur
2912 619 3051 657 nunc
3100 604 3342 657 videntur
3385 618 3506 657 esse
3546 604 3645 657 ali-

2076 691 2222 759 quid.
2256 701 2308 745 ct
2336 692 2402 744 ab
2430 691 2509 745 his
2536 694 2635 744 orti
2665 704 2805 753 sunt,
2838 700 2893 745 ut
2929 703 3050 747 ante
3084 694 3216 746 tales
3251 692 3470 755 fuerint,
3505 707 3646 746 nunc

2077 795 2202 832 vero
2235 782 2419 849 integri
2448 780 2573 849 (hoc
2601 792 2681 835 cst
2711 783 2847 836 enim
2874 796 2995 836 esse
3021 781 3239 852 aliquid)
3270 800 3282 834 :
3312 783 3502 851 quales
3522 792 3645 837 ante

2081 871 2291 933 fuerint,
2324 871 2371 924 id
2402 880 2481 923 est
2508 870 2807 938 aliquando,
2843 872 2972 925 nihil
3013 873 3177 941 inquit
3220 886 3333 924 mea
3378 874 3639 924 interest:

2080 961 2273 1015 sul'licit
2300 963 2440 1016 enim
2474 961 2598 1015 mihi
2630 962 2797 1031 qualis
2828 964 2916 1027 sit,
2952 978 3121 1032 neque
3161 978 3289 1015 curo
3321 966 3495 1028 qualis
3522 973 3643 1017 ante

2081 1050 2259 1105 fuerit.
2292 1052 2355 1104 Et
2383 1050 2617 1120 adiungit
2641 1067 2850 1105 causam
2882 1052 3014 1105 Deus
3043 1056 3171 1106 enim
3206 1053 3423 1105 hominis
3463 1053 3644 1121 [aciein

2083 1161 2181 1197 non
2209 1145 2409 1213 accipit,
2441 1145 2533 1198 sed
2568 1155 2817 1209 mentem,
2851 1146 2944 1198 sed
2971 1145 3124 1200 [idem
3162 1164 3173 1197 :
3208 1156 3380 1199 utrum
3412 1160 3641 1213 grtccus,

2084 1244 2254 1287 ntrnm
2284 1235 2511 1301 judaeus,
2556 1247 2727 1288 utrum
2760 1235 2955 1302 aliquid
2986 1236 3171 1301 luerit,
3213 1252 3317 1290 non
3361 1236 3462 1290 hoc
3511 1238 3648 1289 Deus

2082 1324 2292 1393 accipit,
2322 1324 2414 1378 sed
2446 1325 2570 1393 quid
2599 1326 2687 1388 sit;
2720 1337 2769 1379 et
2798 1341 2861 1378 an
2896 1325 3052 1379 fidem
3078 1328 3373 1393 susceperit
3402 1337 3456 1379 et
3482 1340 3645 1379 evan-

2083 1417 2275 1483 gelium
2308 1435 2320 1468 :
2355 1432 2459 1469 non
2504 1418 2642 1470 enim
2687 1420 2737 1469 in
2784 1418 3088 1487 przrjudicio
3137 1418 3371 1471 veritatis
3408 1428 3648 1488 acceptat

2088 1508 2221 1561 Dens
2250 1523 2528 1576 personam
2561 1550 2572 1560 .
2604 1526 2769 1578 neque
2801 1526 2898 1579 ego
2928 1511 3040 1564 illos
3060 1512 3262 1578 accepi,
3289 1512 3374 1577 qui
3400 1511 3647 1565 diceban-

2087 1607 2171 1650 tur
2199 1598 2456 1651 columnm
2485 1614 2624 1652 esse.
2658 1600 2766 1653 Hoc
2794 1610 2874 1653 est
2904 1616 3027 1669 ergo
3056 1604 3197 1669 quod
3230 1604 3303 1653 ait
3329 1619 3341 1653 :
3365 1602 3489 1653 mihi
3519 1602 3649 1653 enim

428 1691 830 1744 christianismo.
860 1691 923 1743 Et
946 1692 1064 1743 hinc
1086 1699 1298 1758 propter
1324 1688 1532 1742 Judaaos
1567 1688 1850 1740 declaravit
1872 1700 1983 1737 ccr-
2012 1680 2058 1737 Β
2086 1691 2169 1757 qui
2186 1691 2379 1760 aliquid
2406 1692 2752 1743 existimantur
2777 1707 2881 1743 esse
2913 1690 3012 1759 (2),
3035 1693 3163 1743 nihil
3184 1692 3523 1757 contulerunt,
3549 1692 3651 1746 hoc

430 1790 481 1834 te
528 1796 734 1848 semper
776 1781 1050 1834 consilium
1101 1796 1270 1846 suum,
1328 1789 1383 1832 ut
1426 1778 1703 1846 aliquando
1749 1776 1980 1839 cederet,

430 1872 583 1925 etiam
609 1872 687 1924 bis
710 1872 865 1924 rebus
888 1886 1004 1937 quae
1034 1886 1171 1923 vera:
1195 1880 1337 1923 sunt.
1366 1869 1495 1921 Nam
1536 1868 1655 1921 hinc
1684 1867 1771 1921 ille
1798 1880 1984 1919 sensus

430 1973 529 2025 est,
561 1961 648 2029 qui
688 1960 891 2028 judasus
919 1968 977 2013 ut
1020 1960 1229 2013 JlldLCOS
1276 1960 1661 2020 lucrifacerem,
1704 1965 1756 2010 et
1795 1964 1985 2008 caetera

430 2051 746 2119 huiusmodi.
776 2052 914 2120 Ergo
938 2067 1073 2104 nunc
1099 2060 1309 2118 prepler
1336 2050 1675 2103 subinductos
1707 2048 1865 2102 falsos
1888 2047 1985 2099 ira-

432 2154 537 2199 tres
566 2146 845 2213 (quoniam
873 2144 1021 2196 multi
1054 2143 1495 2211 pseudoapostoli,
1523 2156 1652 2209 quos
1680 2140 1836 2193 falsos
1881 2138 1987 2191 fra-

434 2243 541 2289 tres
566 2233 725 2305 dicit)
751 2234 959 2303 quidam
987 2242 1260 2301 emperunt
1297 2233 1509 2296 addere,
1543 2232 1843 2283 subintrare
1872 2244 1991 2299 per-

434 2326 763 2381 suasionibus
796 2325 935 2389 suis,
964 2336 1118 2393 atque
1146 2324 1439 2377 auscultare
1470 2322 1762 2376 libertatem
1805 2322 1992 2376 verbo-

435 2431 549 2470 rum
582 2416 1020 2485 apostolicorum;
1057 2415 1108 2468 id
1132 2425 1213 2467 est
1243 2416 1436 2467 intrare
1466 2414 1743 2481 cupiebant
1766 2429 1878 2467 nos.
1912 2417 1991 2467 An

436 2508 545 2560 veri
597 2508 817 2574 apostoli
867 2518 1037 2560 tamen
1071 2505 1311 2558 Christi?
1352 2519 1415 2558 an
1461 2505 1730 2557 tentabant
1780 2504 1993 2557 liberta—

440 2606 544 2651 tem
576 2606 806 2650 nostram
838 2610 989 2663 quam
1040 2595 1292 2649 habemtts
1336 2594 1387 2647 in
1418 2592 1661 2647 Christo?
1695 2593 1825 2645 Cum
1871 2608 1995 2661 ergo

438 2688 643 2742 illorum
678 2686 951 2742 consilium
987 2686 1304 2748 videremus,
1348 2697 1403 2739 ut
1453 2701 1548 2739 nos
1593 2685 1902 2739 intlucerent
1944 2685 1995 2738 in

439 2782 761 2841 servitutem,
795 2780 857 2833 ad
892 2780 1072 2832 horam
1116 2780 1325 2849 quidem
1367 2780 1624 2833 cessimus
1661 2778 1993 2847 sulijoctitmi,

438 2868 490 2924 id
513 2880 593 2924 est
618 2871 678 2923 ad
707 2871 863 2924 breve
893 2881 1098 2938 tempus
1128 2878 1182 2923 ut
1210 2870 1380 2939 aliqua
1411 2870 1721 2924 faceremus.
1756 2869 1867 2922 Non
1902 2870 1999 2922 hoc

440 2960 777 3028 cuicumque,
813 2960 901 3013 sed
934 2959 1166 3027 perfecto
1194 2970 1247 3014 et
1292 2961 1341 3011 in
1385 2958 1484 3013 lide
1509 2961 1848 3012 corroborato
1882 2974 1994 3026 per-

2084 1792 2165 1835 est
2193 1781 2324 1834 nihil
2358 1796 2439 1835 me
2468 1782 2798 1844 docuerunt,
2827 1783 2955 1835 nihil
2985 1782 3331 1845 addiderunt,
3364 1784 3455 1836 sed
3485 1799 3647 1837 cvan-

2085 1874 2275 1942 gelium
2304 1890 2475 1927 meum
2508 1873 2880 1941 probaverunt.
2919 1873 3057 1942 Ergo
3077 1914 3091 1938 ,
3122 1885 3174 1928 et
3206 1875 3353 1927 vobis
3392 1874 3520 1928 nihil
3551 1876 3647 1928 de-

2089 1964 2192 2016 buit
2238 1962 2360 2016 addi
2403 1962 2467 2017 ad
2513 1964 2859 2031 evangelium,
2907 1964 3043 2033 quod
3096 1963 3248 2016 vobis
3292 1965 3649 2031 pronuntiavi.

2159 2053 2321 2107 Vens.
2348 2055 2399 2118 7,
2433 2058 2486 2118 8,
2510 2054 2635 2107 9.-—
2658 2054 2760 2107 Sed
2790 2056 2947 2121 magis
2975 2066 3149 2107 contra
3173 2053 3249 2125 (3)
3274 2070 3386 2106 eum
3416 2055 3653 2107 vidissent

2089 2147 2329 2214 quoniam
2365 2146 2610 2198 creditum
2648 2155 2716 2198 est
2743 2145 2865 2197 mihi
2893 2143 3200 2213 evangelium
3231 2145 3491 2212 prteputii,
3527 2147 3651 2198 sicut

2091 2235 2245 2289 Petro
2270 2235 2659 2287 circumcisiouis
2676 2250 2694 2296 ;
2714 2236 2797 2302 qui
2823 2244 3053 2303 operatus
3074 2243 3147 2287 est
3176 2216 3335 2286 Petro
3366 2236 3415 2285 in
3446 2244 3651 2302 aposto-

2092 2328 2247 2381 latum
2278 2326 2668 2379 circumcisionis
2695 2336 2929 2394 aperatus
2956 2335 3028 2377 est
3058 2325 3180 2376 mihi
3213 2326 3287 2392 (4)
3314 2326 3365 2376 in
3389 2327 3613 2393 gentibus
3632 2341 3651 2377 :

2092 2428 2137 2470 et
2159 2418 2355 2485 cognita
2382 2418 2544 2486 gratia
2571 2432 2680 2483 qua:
2700 2416 2815 2467 data
2846 2424 2916 2468 est
2942 2416 3062 2467 mihi
3095 2416 3172 2484 (5)
3202 2414 3387 2467 Petrus
3416 2426 3463 2469 et
3495 2414 3653 2467 Joan-

2095 2526 2179 2561 nes
2212 2508 2309 2576 (6),
2342 2510 2423 2575 qui
2454 2508 2743 2559 videbantur
2781 2506 3025 2558 columna:
3059 2521 3187 2569 esse,
3216 2505 3466 2558 dexteras
3492 2504 3653 2559 dede.

2096 2606 2236 2650 runt.
2261 2596 2402 2650 Ordo
2430 2618 2440 2649 :
2470 2596 2595 2649 mihi
2638 2596 2706 2648 Illi
2756 2596 2999 2663 prmeipni
3052 2596 3144 2649 viri
3188 2595 3377 2648 Petrus
3410 2606 3463 2648 et
3502 2594 3656 2648 Joan-

2098 2704 2190 2742 nes
2217 2698 2269 2742 ct
2297 2688 2543 2750 Jacobns,
2574 2690 2656 2755 qui
2682 2689 2929 2740 columna:
2953 2703 3056 2741 esse
3080 2689 3399 2752 videbantur,
3429 2688 3657 2742 dexteras

2098 2778 2371 2833 dederunt:
2392 2776 2442 2828 id
2470 2787 2548 2829 est
2577 2791 2889 2829 consensum
2917 2777 3337 2841 commodarunt,
3366 2792 3485 2830 cum
3515 2778 3659 2831 vidc-

2100 2879 2215 2923 rent
2246 2869 2372 2920 mihi
2408 2869 2662 2920 creditum
2690 2883 2807 2921 esse
2835 2867 3165 2934 evangelium
3198 2869 3468 2935 prmputii,
3500 2868 3547 2920 id
3579 2876 3660 2921 est

2101 2975 2190 3027 per
2218 2968 2400 3029 gentes
2426 2958 2610 3011 eodem
2649 2958 2802 3010 modo
2827 2957 3083 3011 creditum
3102 3000 3116 3023 ,
3150 2968 3203 3011 ut
3242 2960 3399 3013 Pen-0
3430 2974 3659 3026 evangeo

442 3052 657 3104 missum
687 3050 975 3119 intelligere
1003 3050 1277 3115 debemus,
1303 3059 1359 3102 ut
1387 3050 1875 3117 pmpterChristmn
1902 3050 1998 3102 ali-
2021 3018 2067 3081 δ
2101 3052 2224 3103 lium
2249 3052 2500 3105 creditum
2528 3059 2609 3104 est
2632 3051 3046 3103 circumcisimiis
3069 3060 3123 3102 ut
3150 3052 3539 3119 evangelizaret
3570 3066 3662 3119 per

440 3157 542 3210 qua
564 3140 713 3194 faciat
733 3157 848 3209 quae
869 3150 1014 3195 extra
1040 3142 1268 3208 regulam
1292 3150 1439 3202 sunt;
1467 3140 1751 3192 dummodo
1776 3155 1858 3202 ea,
1883 3155 1999 3207 qua:

444 3230 584 3295 facit,
617 3232 817 3299 prosint
856 3233 980 3299 legi,
1014 3232 1061 3283 id
1091 3240 1171 3283 est
1202 3241 1255 3283 ut
1284 3232 1470 3282 animae
1512 3231 1816 3283 liberentur.
1865 3229 1997 3295 Etjd

445 3322 620 3373 multis
646 3321 694 3372 in
721 3321 846 3373 locis
878 3320 1177 3388 probatum,
1202 3330 1253 3372 et
1282 3335 1308 3371 a
1336 3318 1496 3372 Paulo
1523 3328 1721 3386 gestum
1752 3319 1997 3371 ostende-

446 3424 583 3475 mus,
609 3412 678 3463 uti
701 3410 850 3464 cedat
880 3424 983 3463 non
1007 3425 1146 3464 vera:
1179 3409 1402 3478 regular;
1432 3409 1621 3462 exinde
1643 3410 1890 3477 corrigat,
1924 3418 2003 3461 at-

446 3514 547 3569 que
572 3498 781 3552 inducat
804 3499 865 3551 ad
900 3514 1075 3553 veram
1118 3498 1345 3568 regulam
1377 3498 1587 3551 multos.
1634 3498 1763 3550 [line
1791 3507 1843 3550 et
1875 3497 2001 3549 illud

448 3592 682 3661 estquod
710 3591 949 3645 concedit
976 3600 1028 3645 et
1055 3590 1309 3645 secundas
1340 3592 1567 3658 nuptias,
1604 3600 1655 3643 et
1694 3589 1831 3659 quod
1863 3590 2003 3657 ip~as

450 3684 658 3751 nuptias
684 3683 781 3752 (2),
813 3692 867 3736 et
889 3682 1027 3751 quod
1073 3684 1228 3735 etiam
1269 3681 1413 3734 cibos
1440 3690 1493 3734 et
1522 3695 1705 3734 omnes
1733 3680 1877 3733 cibos
1911 3698 1923 3733 :
1952 3688 2003 3733 et

451 3772 769 3842 idolothytos
791 3773 935 3826 cibos
958 3786 1272 3842 quamquam
1296 3771 1591 3841 prohibeat,
1614 3772 1798 3823 lidueia
1831 3780 2002 3823 tamen

451 3872 505 3917 et
532 3872 685 3916 certa:
724 3862 839 3916 lidei
870 3864 1131 3917 concedit.
1159 3864 1288 3917 Cum
1320 3866 1456 3917 enim
1490 3863 1728 3916 Christus
1752 3864 1801 3915 in
1829 3863 2003 3914 animo

452 3953 540 4017 sit,
577 3962 628 4007 et
658 3952 893 4006 Christus
926 3954 1184 4007 nutriatur
1210 3968 1302 4021 per
1331 3952 1481 4006 fidem
1520 3956 1569 4005 in
1618 3952 1788 4016 nobis,
1816 3951 2005 4005 cedere

454 4042 517 4097 ad
546 4052 749 4112 tempus
786 4044 976 4113 regulae
1005 4060 1108 4097 non
1141 4059 1279 4097 vera:
1330 4044 1614 4112 periculum
1655 4058 1756 4096 non
1802 4053 1913 4105 est;
1962 4041 2005 4094 si

452 4136 610 4191 modo
650 4146 820 4190 tamen
853 4135 950 4189 hoc
994 4135 1115 4189 ideo
1145 4134 1416 4197 faciamus,
1445 4142 1500 4187 ut
1526 4149 1617 4186 eos
1644 4133 1906 4187 adducere
1941 4132 2004 4184 ad

455 4241 628 4281 veram
657 4227 885 4295 regulam
926 4226 1034 4294 ipsa
1060 4227 1225 4293 prima
1255 4226 1505 4279 societate
1536 4226 1819 4294 possimus.
1852 4225 2006 4277 Deni-

456 4333 555 4387 que
579 4319 656 4373 sie
699 4317 964 4386 Sttbjungit
996 4319 1230 4369 cessimus
1257 4317 1566 4386 subjectioni,
1601 4316 1687 4367 setl
1714 4317 1780 4367 ad
1808 4314 2001 4379 horam,

457 4420 511 4463 ut
539 4411 716 4463 veritas
742 4409 981 4479 evangelii
1007 4418 1288 4479 permaneat
1315 4408 1450 4475 apud
1472 4424 1584 4473 vos;
1617 4422 1709 4461 vos
1741 4406 1828 4474 qui
1860 4423 1885 4458 a
1916 4422 2007 4460 no-

458 4500 538 4554 bis
563 4500 817 4554 instructi.
835 4500 891 4553 '0
910 4499 1123 4571 Galatte,
1151 4514 1252 4553 non
1281 4499 1556 4562 cessimus,
1578 4508 1633 4551 ut
1659 4506 1712 4551 et
1738 4513 1831 4550 vos
1859 4496 2013 4551 facia-

459 4593 545 4659 tis,
569 4592 661 4646 sed
688 4603 742 4645 ut
769 4592 869 4646 illis
897 4593 1177 4646 satislieret
1215 4600 1372 4660 atque
1404 4590 1778 4644 inducerentur
1816 4591 1880 4645 ad
1924 4606 2014 4645 ve-

460 4698 569 4735 ram
595 4684 846 4750 regulam,
877 4692 930 4736 et
950 4681 1085 4751 apud
1114 4696 1205 4735 vos
1229 4684 1420 4735 veritas
1436 4681 1689 4749 evangelii
1721 4692 1775 4734 ut
1806 4696 2013 4749 perma-

462 4782 608 4827 ΠΒΥΕΙ
621 4812 633 4824 .

532 4862 691 4918 Vsus.
747 4864 799 4918 6.
831 4893 899 4903 -—
927 4863 1000 4916 Ab
1032 4863 1107 4916 his
1135 4873 1297 4915 autem
1324 4862 1409 4931 qui
1435 4861 1662 4914 videntur
1695 4877 1797 4914 esse
1824 4861 2017 4929 aliquid

467 4953 657 5026 (quales
682 4953 951 5023 aliquando
978 4955 1188 5023 fuerint,
1219 4953 1345 5005 nihil
1373 4968 1480 5005 mea
1506 4953 1728 5012 interest,
1771 4950 1900 5004 Deus
1931 4952 2019 5004 Ito-

466 5047 613 5101 minis
661 5047 839 5117 faciem
876 5045 951 5119 (5)
991 5062 1085 5097 non
1126 5044 1347 5113 accipit).
1392 5043 1465 5097 Ita
1513 5042 1763 5111 positum,
1812 5042 1873 5093 ab
1921 5042 2017 5104 his,

538 5259 616 5331 (ι)
658 5252 1026 5331 Huiuscemodi
1045 5251 1360 5331 varietatem
1387 5248 1723 5331 esp-atri‘b'us
1745 5246 2015 5331 Collectam

469 5316 681 5385 exhibet
702 5316 1024 5379 Wetstenius
1045 5327 1095 5373 in
1126 5320 1342 5373 scholiis
1362 5316 1556 5371 criticis
1573 5316 1637 5369 ad
1657 5317 1795 5371 hunc
1823 5317 1991 5370 loeum
2005 5353 2017 5366 .

468 5398 696 5453 Consule
720 5396 878 5449 etiam
917 5390 1289 5447 Sabatierium.

543 5486 623 5559 (2)
645 5488 698 5541 lu
721 5499 810 5539 ora
836 5483 1032 5538 codicis
1053 5479 1365 5548 antiquioris
1386 5478 1662 5533 adnotatur
1685 5487 1826 5531 caute
1848 5477 1971 5546 lege.

546 5579 622 5653 (ὅ)
649 5578 821 5647 Vulg,
852 5575 985 5630 Deus
1008 5588 1269 5644 personam
1295 5572 1526 5637 hominis,
1553 5578 1653 5626 etc.

2098 3140 2327 3195 Jud;eos.
2387 3140 2560 3206 Quare
2613 3148 2786 3192 autem
2842 3141 3097 3193 creditum
3147 3140 3273 3193 mihi
3330 3142 3471 3193 sicut
3522 3142 3659 3206 illis,

2100 3233 2434 3300 subjunetutu
2464 3240 2543 3283 est
2569 3232 2653 3298 qui
2682 3232 2810 3283 enim
2833 3242 3065 3299 aperatus
3094 3243 3162 3284 est
3193 3231 3345 3284 Petro
3371 3233 3424 3285 in
3459 3242 3664 3299 aposto-

2100 3322 2257 3375 latum
2282 3321 2692 3383 circumcisionis,
2724 3330 2956 3386 operatus
2985 3331 3057 3373 est
3085 3332 3128 3373 et
3160 3323 3283 3373 mihi
3311 3323 3360 3373 in
3388 3324 3616 3391 gentibus
3642 3337 3661 3373 :

2100 3411 2151 3465 id
2179 3422 2259 3465 est
2280 3428 2411 3465 unus
2441 3412 2576 3465 Deus
2596 3420 2751 3480 atque
2775 3410 2910 3463 idem
2941 3410 3076 3465 Deus
3098 3412 3208 3480 ipse
3233 3422 3481 3480 operatus
3506 3422 3586 3465 est
3607 3422 3663 3465 ut

2102 3502 2288 3556 Petrus
2317 3502 2704 3570 evangelizaret
2733 3502 2952 3567 inda-is,
2983 3512 3034 3556 et
3065 3503 3190 3556 mihi
3221 3513 3277 3555 ut
3306 3518 3405 3569 ego
3434 3518 3659 3572 evange-

2102 3593 2315 3646 lizarem
2347 3592 2588 3660 gentibus
2622 3610 2633 3643 :
2664 3607 2762 3659 qua
2798 3596 2964 3659 gratia
3004 3593 3242 3660 cognita,
3277 3607 3394 3660 qua:
3432 3592 3551 3645 data
3582 3603 3664 3645 est

2103 3683 2251 3744 mihi,
2285 3681 2423 3750 quod
2455 3690 2507 3735 et
2534 3697 2631 3751 ego
2676 3682 2787 3749 pari
2832 3681 2987 3735 modo
3032 3697 3125 3751 per
3165 3692 3350 3750 gentes
3390 3683 3663 3751 aposmlus

2104 3775 2269 3827 lactus
2296 3789 2409 3826 sum
2452 3774 2540 3826 Dei
2583 3772 2779 3840 gratia;
2810 3783 3020 3826 coactas
3065 3772 3248 3826 Petrus
3279 3782 3332 3827 et
3356 3771 3584 3826 Iacobus
3608 3781 3664 3826 et

2103 3864 2352 3928 Jennnes,
2379 3866 2467 3933 qui
2491 3863 2799 3917 videbantur
2820 3865 3073 3917 columnrc
3092 3879 3231 3928 esse,
3258 3863 3306 3916 id
3334 3872 3417 3917 est
3436 3864 3523 3932 qui
3547 3878 3664 3916 sus-

2107 3958 2376 4009 tentabant
2407 3954 2715 4017 Ecclesiam,
2747 3965 2802 4009 ut
2839 3955 3095 4008 colurnum
3118 3963 3415 4007 sustentant
3436 3955 3663 4007 culmina

2106 4054 2159 4099 et
2184 4056 2409 4108 cmtera;
2442 4046 2544 4107 isti,
2571 4043 2802 4112 inquam,
2840 4046 2969 4097 tales
2996 4044 3078 4096 vel
3108 4045 3237 4097 tanti
3264 4043 3515 4097 dexteras
3538 4042 3663 4096 mihi

2107 4137 2385 4199 dederunt,
2417 4138 2466 4189 id
2496 4146 2577 4191 est
2605 4136 2981 4205 copulaverunt
3012 4135 3292 4189 amicitiam
3321 4147 3373 4187 et
3403 4150 3583 4203 parem
3612 4144 3666 4188 et

2109 4229 2434 4293 ﬁrmitatem,
2472 4236 2523 4281 et
2564 4243 2719 4280 unum
2748 4226 3074 4295 evangelium
3111 4240 3167 4279 se
3199 4224 3395 4278 habere
3435 4240 3667 4292 pronun-

2109 4319 2389 4371 tiavernnt.
2450 4317 2549 4370 Vos
2602 4332 2751 4385 ergo,
2802 4316 3033 4381 Galatm,
3084 4316 3348 4383 peccatis;
3396 4325 3449 4369 et
3498 4329 3666 4383 neque

2112 4424 2283 4462 meum
2329 4407 2605 4475 sequimini
2651 4408 3001 4475 evangelium,
3044 4420 3213 4473 neque
3257 4405 3417 4469 Petri,
3461 4404 3663 4465 Jacobi,

2112 4499 2347 4563 Joannis,
2380 4498 2469 4567 qui
2494 4499 2752 4551 columna:
2782 4508 2906 4551 sunt
2938 4497 3205 4559 Ecclesiu’,
3236 4497 3359 4550 dum
3387 4495 3582 4549 additis
3606 4510 3664 4550 ea

2112 4606 2228 4660 qua:
2267 4606 2294 4641 a
2324 4589 2469 4642 nullo
2509 4591 2813 4657 approbata.
2844 4588 2955 4641 Hoc
2983 4588 3122 4640 enim
3159 4587 3264 4653 agit
3303 4586 3353 4638 in
3397 4586 3495 4638 hac
3525 4586 3666 4637 omni

2115 4683 2437 4743 narratione,
2488 4695 2706 4748 peccare
2750 4678 2985 4743 Galatas,
3026 4674 3270 4730 addendo
3307 4676 3372 4729 ad
3416 4675 3571 4728 tidem
3615 4674 3666 4727 in

2115 4773 2406 4835 Christum,
2438 4773 2854 4827 observationem
2883 4771 3015 4839 legis
3048 4768 3272 4838 judaica:
3296 4778 3347 4822 et
3386 4767 3586 4821 sabbati
3618 4774 3671 4819 et

2118 4868 2550 4923 eireumcisionis.

2193 5000 2267 5073 (l)
2294 5000 2459 5054 Codd.
2486 4999 2946 5073 pseudoapostolis;
2986 4996 3077 5056 sed
3117 5005 3291 5073 tamen
3335 5003 3597 5064 postrema
3645 5008 3669 5044 s

2122 5067 2331 5128 videtur
2355 5076 2613 5135 expuncta
2641 5070 2693 5121 in
2717 5069 3008 5133 antiquiore
3032 5067 3235 5119 Codice.

2218 5142 2272 5205 2)
2301 5134 2474 5207 Vulg.,
2498 5140 2618 5191 mihi
2640 5139 2766 5189 enim
2787 5138 2871 5204 qui
2894 5136 3179 5207 videbantur
3199 5150 3302 5187 esse
3320 5134 3531 5207 aliquid.

2218 5142 2272 5205 2)
2301 5142 2474 5207 Vulg.,
2498 5142 2618 5191 mihi
2640 5142 2766 5189 enim
2787 5142 2871 5204 qui
2894 5142 3179 5187 videbantur
3199 5150 3302 5187 esse
3320 5142 3520 5202 aliquid.

2197 5142 2275 5281 (ὅ)
2300 5209 2474 5281 Yulg.,
2505 5208 2606 5261 Sed
2630 5218 2825 5259 econtra
2847 5221 2963 5257 cum
2975 5205 3219 5281 vidissent
3240 5204 3395 5269 quod,
3419 5213 3520 5256 etc.

2198 5274 2275 5348 (Is)
2300 5274 2475 5345 Vulg.,
2501 5286 2733 5345 operatus
2755 5285 2825 5327 est
2850 5274 3039 5348 ct‘mihi
3064 5275 3196 5348 inter
3212 5282 3400 5341 gentes.

2221 5344 2273 5416 5)
2304 5348 2477 5416 Vulg.,
2502 5344 2546 5399 et
2570 5361 2681 5398 cum
2703 5344 3301 5416 cognaqissonlgralia‘m,
3327 5352 3433 5416 etc.

2221 5355 2273 5416 5)
2306 5355 2477 5416 Vulg.,
2502 5358 2546 5399 et
2570 5361 2681 5398 cum
2703 5355 3047 5466 cqqnaotssent
3070 5355 3301 5411 gratiam,
3327 5355 3433 5395 etc.

2196 5355 2271 5490 26)
2294 5416 2582 5490 Addendus
2625 5423 2740 5490 est“
2780 5412 2984 5490 acubus.
3011 5411 3181 5490 _Vulg.
3216 5411 3305 5463 Sic
3334 5411 3504 5490 habet
3540 5409 3675 5462 hunc

2126 5480 2298 5543 locum
2326 5506 2337 5539 :
2384 5486 2608 5540 Jacobus
2631 5493 2684 5538 et
2705 5483 2909 5550 Ccphas
2930 5491 2979 5534 et
3003 5480 3236 5535 Joannes
3258 5481 3348 5549 qui
3370 5480 3676 5534 videbantur

2128 5559 2383 5615 columna:
2406 5570 2543 5612 esse.
2567 5553 2780 5609 dextras
2803 5550 3065 5611 dederunt
3087 5550 3234 5604 mihi.
