3950 6206
207 257 347 311 HG!

1067 255 1132 311 IN
1171 253 1551 312 EI’ISTOLAM
1591 256 1791 310 PAULI
1821 254 1912 310 AD
1950 258 2265 316 GALATAS
2304 261 2504 316 LIBER
2549 262 2588 314 Ι.

3310 269 3448 325 “62

285 364 352 417 Et
379 364 623 418 Barnaba:
660 362 927 418 societatis.
973 363 1084 418 Non
1128 364 1254 419 mihi
1287 374 1487 419 tantum
1527 366 1772 420 dexteras
1799 368 1847 425 Λ
1877 381 2089 434 essem,
2140 370 2275 436 quod
2337 372 2469 425 bene
2516 372 2746 426 officium
2803 383 2914 438 est,
2974 378 3329 433 necessarium
3369 391 3450 433 ta-

198 455 474 509 dcderunt
503 456 794 520 societatis,
829 455 919 509 sed
951 455 1110 510 etiam
1139 456 1392 510 Barnabte
1411 495 1425 521 ,
1455 458 1543 526 qui
1571 472 1776 511 urceum

201 547 312 601 fuit
341 547 535 602 socius.
561 547 686 601 Plus
714 558 890 602 autem
918 547 1132 616 adjecit,
1163 563 1228 600 nc
1250 548 1518 601 videretur
1542 549 1639 602 sibi
1666 559 1782 602 tan-

203 646 326 691 tum
355 637 633 691 creditum.
659 636 856 692 Verum
901 647 1077 690 autem
1122 639 1399 706 probatum
1441 649 1523 692 est
1551 654 1780 708 evange-

201 726 340 780 lium
378 727 541 790 Pauli,
573 727 618 780 si
663 728 934 796 probatum
963 736 1045 782 est
1072 737 1122 781 et
1165 727 1442 791 Baruahat,
1475 729 1562 798 qui
1599 745 1780 784 comes

204 817 312 871 fuit
342 818 521 880 Pauli;
553 820 634 871 cui
669 818 788 871 data
819 827 900 872 est
942 819 1170 872 societas
1206 834 1298 887 per
1326 819 1571 874 dexteras
1601 821 1666 873 ab
1696 820 1779 875 bis

204 909 299 977 qui
349 910 399 962 in
438 909 819 978 Hierosolymis
855 910 1204 978 apostolatutn
1233 911 1508 979 gerebant,
1538 924 1590 966 et
1617 927 1778 965 evan-

202 999 403 1066 gelium
437 1000 745 1054 nuntiabant
770 999 988 1055 ludatis.
1024 999 1195 1055 Unum
1227 1016 1410 1056 verum
1447 1003 1630 1068 probat
1661 1018 1780 1057 esse

205 1091 542 1159 evangelium
573 1090 706 1158 apttd
753 1106 958 1155 omnes,
1005 1100 1058 1144 et
1098 1091 1310 1144 Galatas
1352 1107 1552 1144 errare.
1591 1091 1657 1144 Ut
1689 1108 1779 1145 nos

205 1182 260 1235 in
291 1184 520 1252 gentibus
547 1185 645 1254 (l),
687 1175 782 1252 ipsi
824 1195 988 1236 autem
1023 1184 1074 1235 in
1117 1184 1492 1236 circumcisione
1530 1182 1781 1253 pra'dica-

201 1285 341 1327 rent.
371 1274 448 1328 Ad
479 1275 578 1328 hoc
605 1275 851 1329 dexteras
882 1275 1164 1339 dederunt,
1193 1289 1509 1328 consensum
1539 1288 1777 1327 Commo-

205 1365 400 1420 dantes
445 1367 494 1418 iu
542 1367 870 1435 evangelium
911 1374 966 1419 et
1012 1364 1138 1417 inibi
1182 1375 1235 1419 et
1278 1365 1554 1427 Barnabzc,
1598 1377 1652 1418 ιιι
1684 1379 1780 1418 nos

206 1457 622 1526 pra-dicaremus
641 1456 692 1510 in
719 1456 984 1526 gentibus,
1011 1455 1109 1524 ipsi
1137 1465 1310 1510 autem
1332 1455 1553 1519 Judaeis,
1580 1457 1679 1510 hoc
1700 1467 1782 1510 est

205 1547 261 1601 in
284 1549 707 1610 circumcisione,
730 1547 1054 1614 evangelium
1097 1547 1460 1615 pra-dicarem.

283 1641 443 1696 Vens.
472 1641 629 1695 lf).—
650 1639 1010 1693 Tantummodo
1028 1649 1077 1692 ut
1096 1655 1369 1709 pauperum
1395 1655 1636 1691 memores
1654 1654 1779 1692 esse-

1889 473 2047 523 tncn;
2113 461 2251 528 quod
2302 462 2468 530 ipsum
2528 463 2902 531 implevimus,
2957 476 3009 519 et
3061 469 3314 522 sollicitus
3374 470 3445 523 fui

1882 548 1982 601 hoc
2015 549 2182 616 ipsum
2215 560 2271 602 ιιι
2323 552 2583 615 facerem;
2630 568 2809 606 verum
2852 555 3033 622 etiam,
3084 558 3270 624 inquit,
3323 574 3446 626 pec—

1879 649 2052 692 catum
2085 640 2220 692 Petri
2251 656 2354 695 non
2389 644 2554 704 tacui;
2582 645 2631 694 in
2655 644 3070 710 quolibertatem
3095 663 3241 700 suam
3267 659 3445 701 osten-

1880 733 1974 795 dit,
2019 742 2069 785 et
2117 733 2359 786 fiduciam
2405 735 2472 788 de
2512 735 2787 804 evangelio
2830 751 2945 801 suo,
2977 738 3019 790 si
3049 740 3258 806 quidem
3303 742 3443 807 quod

1880 825 2034 877 aliter
2073 823 2230 878 fiebat
2267 840 2293 876 a
2319 826 2494 890 Petro,
2538 829 2897 895 reprehendit.
2932 828 3240 900 Rursusque
3280 833 3440 886 etiam

1880 913 2010 966 illttd
2052 914 2188 983 quod
2225 916 2404 983 utique
2435 916 2620 970 Petrus
2665 919 3018 986 reprehensus
3050 921 3214 989 magis
3261 937 3439 975 erum-

1882 1014 2028 1072 perct
2050 1005 2461 1071 reprehendere,
2503 1008 2544 1060 si
2581 1007 2705 1075 quid
2731 1009 2779 1060 in
2815 1025 2894 1062 tne
2923 1010 3029 1063 vitii
3055 1021 3223 1074 esset;
3253 1029 3443 1081 meque

1881 1093 1923 1146 si
1954 1108 2054 1145 non
2083 1105 2228 1148 recte
2246 1111 2458 1162 agerent
2497 1097 2545 1149 in
2570 1100 2866 1166 evangelio,
2907 1101 3186 1168 proderet;
3212 1112 3264 1155 et
3289 1103 3444 1156 lassus

1881 1199 1986 1236 non
2033 1196 2293 1253 parceret.
2333 1186 2462 1239 Cum
2497 1188 2546 1239 iu
2588 1188 2940 1254 Antiochiam,
2987 1191 3174 1258 inquit,
3216 1193 3446 1246 venisset

1881 1273 2088 1340 Petrus,
2113 1292 2215 1329 non
2258 1293 2348 1344 per
2379 1279 2658 1332 ecclesiam
2692 1281 2894 1334 loeutus
2936 1298 3050 1335 sum
3083 1294 3132 1336 et
3161 1285 3297 1351 apttd
3332 1286 3440 1351 ple-

1882 1364 2021 1432 hem,
2040 1367 2132 1420 sed
2157 1368 2205 1420 in
2229 1368 2413 1422 facient
2436 1371 2510 1422 illi
2542 1371 2729 1433 restiti,
2753 1371 2802 1424 id
2823 1383 2902 1426 est
2922 1385 3100 1441 aperte
3121 1377 3440 1430 contradixi.

1881 1455 1946 1509 Et
1977 1457 2113 1510 unde
2134 1457 2321 1511 fiducia
2356 1459 2484 1513 fuit?
2512 1476 2614 1514 non
2647 1462 2755 1530 ipse
2791 1479 2908 1516 eum
2943 1466 3304 1533 reprehendit,
3350 1468 3445 1523 sed

1882 1549 2264 1615 reprehensum
2287 1553 2354 1604 ab
2381 1553 2623 1607 omnibus
2648 1557 2817 1623 arguit
2841 1564 2892 1609 et
2924 1569 3154 1622 accusat,
3194 1563 3441 1629 quoniam

1879 1639 2234 1707 reprehensus
2261 1652 2394 1696 erat.
2425 1642 2566 1711 Ergo
2595 1656 2646 1698 et
2667 1645 2752 1698 ille
2770 1648 3162 1716 populijudicio
3182 1653 3441 1718 peccavit,

205 1749 320 1787 mus
343 1733 439 1803 (2).
469 1732 541 1789 lta
585 1732 629 1787 si
660 1732 779 1801 qttid
807 1731 1173 1800 Corrigendum
1200 1740 1358 1792 esset,
1390 1730 1713 1800 corrigerent
1731 1739 1783 1784 et
1810 1721 1857 1780 B
1885 1740 1937 1784 et
1956 1742 2229 1786 accusatus
2251 1743 2358 1797 est;
2383 1744 2434 1787 et
2456 1735 2679 1802 populus
2700 1736 2741 1788 si
2759 1737 2881 1804 quid
2906 1740 2954 1790 in
2975 1743 3442 1809 mepeccatieSset,

206 1836 492 1881 monerent
515 1844 526 1878 :
549 1828 590 1880 si
611 1826 817 1895 quidem
840 1824 974 1892 quod
1002 1823 1298 1877 addendum
1326 1824 1672 1892 putavissent,
1690 1821 1784 1874 ad-

206 1915 630 1986 jecissem.Quid
662 1926 833 1969 tamen
861 1913 987 1967 illud
1015 1923 1065 1965 ut
1090 1928 1365 1983 pauperum
1393 1928 1632 1965 memores
1657 1927 1783 1965 esse-

217 2009 445 2063 mus?ln
474 2008 615 2062 omni
638 2009 857 2078 epistola
887 2022 978 2060 sua
1010 2009 1201 2060 Paulus
1223 2008 1292 2060 ita
1323 2006 1447 2075 agit.
1471 2003 1601 2058 Cum
1628 2004 1782 2072 igitur

212 2100 312 2154 ista
335 2108 616 2155 tractarent
635 2099 828 2152 Paulus
849 2108 897 2150 et
913 2098 1178 2152 Barnabas
1199 2113 1316 2151 cum
1333 2097 1536 2150 Joanne
1552 2105 1602 2150 et
1624 2095 1781 2149 Petro

209 2198 265 2243 ct
289 2189 506 2255 Jacobo,
535 2189 821 2243 admissum
845 2189 1172 2258 evangelium
1197 2196 1277 2241 est
1299 2186 1488 2241 eodem
1515 2186 1693 2250 modo,
1723 2195 1780 2238 ut

213 2281 375 2335 lra'dit
402 2280 613 2346 Paulus,
651 2290 702 2334 et
742 2279 1112 2333 confirmatum
1155 2288 1255 2332 est.
1292 2277 1367 2330 De
1409 2276 1510 2331 hac
1544 2285 1778 2328 tantum-

210 2371 372 2425 modo
394 2371 744 2439 disputatione
762 2386 865 2423 non
889 2368 1092 2423 admitti
1121 2383 1280 2437 opera
1303 2367 1368 2421 ad
1398 2367 1647 2432 salutem,
1673 2381 1778 2419 non

211 2461 441 2516 libenter
478 2461 758 2515 audierunt
791 2478 804 2516 :
838 2471 1156 2514 monuerunt
1201 2470 1378 2513 tamen
1417 2468 1477 2513 ut
1513 2473 1780 2512 memores

211 2561 415 2607 tantum
439 2567 724 2622 pauperum
756 2566 996 2606 essemus
1024 2550 1124 2621 (ὃ).
1151 2551 1226 2604 Ita
1253 2558 1308 2604 et
1345 2549 1515 2617 ipsum
1543 2563 1774 2603 consen-

213 2644 372 2709 tiunt,
400 2658 501 2695 non
534 2643 601 2696 ibi
629 2656 745 2696 esse
773 2656 919 2709 spem
950 2641 1156 2704 salutis,
1185 2640 1230 2692 si
1274 2639 1325 2691 iu
1354 2653 1614 2707 pauperes
1653 2652 1780 2705 ope-

216 2751 273 2790 ra
303 2737 380 2805 (4)
423 2735 714 2789 efficiamus
749 2735 858 2803 (5),
899 2739 988 2788 sed
1025 2732 1389 2786 tantummodo
1427 2732 1550 2800 quid
1583 2731 1779 2785 admo—

214 2837 344 2882 neut
367 2837 422 2880 ιιι
450 2840 709 2880 memores
733 2841 972 2880 essemus
1003 2839 1322 2893 pauperum;
1354 2839 1457 2874 non
1485 2822 1558 2874 ιιιί
1581 2835 1776 2876 εοιιειι-

216 2934 422 2973 mamus
452 2933 663 2973 onmem
697 2918 956 2972 actionem
986 2928 1244 2980 nostram,
1276 2915 1368 2969 sed
1400 2930 1502 2968 non
1536 2914 1777 2968 habenti-

215 3011 314 3065 bus
338 3011 386 3064 id
408 3010 546 3078 quod
567 3024 849 3080 possumus
873 3008 1068 3062 habere
1091 3007 1512 3061 commodemus.
1533 3006 1778 3058 Memores

213 3111 407 3165 tantum
432 3113 483 3154 ιιι
510 3102 664 3155 simus
693 3117 988 3169 pauperum.
1021 3099 1134 3153 Non
1163 3100 1213 3152 in
1255 3099 1356 3154 hoc
1381 3114 1560 3153 curam
1588 3107 1641 3152 et
1670 3098 1777 3151 sol—
1805 3073 1849 3135 C

215 3191 541 3246 licitudincm
608 3207 902 3259 ponamus,
959 3199 1227 3257 totamque
1288 3190 1534 3243 virtutem
1594 3189 1781 3241 salutis

217 3291 413 3337 nostra:
443 3280 752 3335 retinendas.
787 3280 858 3333 lta
898 3295 1030 3348 pene
1070 3288 1345 3333 correctus
1383 3279 1435 3332 in
1480 3279 1582 3332 hoc
1620 3287 1783 3332 estet

217 3373 539 3437 admonitus,
565 3384 736 3427 tamen
767 3389 870 3425 non
895 3371 1124 3425 fatetur:
1156 3382 1209 3425 ut
1235 3385 1498 3425 memores
1519 3384 1778 3435 essemus,

219 3465 408 3533 inquit,
438 3479 542 3518 non
571 3475 626 3517 ut
656 3464 756 3518 hoc
782 3478 1086 3532 ageremus,
1120 3459 1211 3517 sed
1237 3470 1292 3515 ιιι
1328 3463 1377 3515 ἰιι
1410 3461 1659 3516 memoria
1690 3461 1783 3513 ha-

218 3554 496 3619 beremus;
525 3553 662 3622 quod
699 3564 780 3607 est
822 3554 994 3606 minus
1023 3569 1178 3620 quam
1219 3554 1272 3606 in
1305 3553 1404 3605 hoc
1435 3567 1652 3621 operam
1683 3567 1781 3620 po-

219 3660 364 3709 nere,
397 3655 451 3699 et
490 3645 589 3698 hoc
631 3645 800 3698 solum
841 3644 1125 3713 complere.
1174 3644 1319 3710 Quod
1348 3644 1496 3696 etiam
1533 3643 1783 3695 sollicitus

219 3737 293 3806 [ai
317 3738 468 3791 etiam
505 3737 596 3789 ltoc
637 3737 801 3803 ipsum
829 3740 1010 3805 facere.
1045 3736 1165 3788 Plus
1205 3735 1399 3802 adjecit
1429 3744 1483 3786 ut
1518 3735 1676 3786 etiam
1717 3733 1783 3786 de

221 3831 318 3884 hoc
361 3837 556 3896 praeter
581 3826 943 3896 Evangelium,
976 3826 1117 3895 quod
1160 3824 1497 3893 przedicabat,
1538 3823 1784 3877 habuerit

220 3919 650 3986 sollicitudinem,
696 3928 752 3972 ut
800 3920 938 3973 circa
985 3931 1241 3987 pauperes
1288 3931 1491 3969 memor
1533 3925 1698 3980 esset,
1730 3924 1784 3968 et

220 4012 589 4082 quodcumque
615 4021 791 4081 posset
815 4018 1107 4078 praestaret.
1131 4007 1350 4062 Etiamsi
1377 4022 1558 4062 revera
1583 4021 1783 4075 panper

226 4105 396 4158 nullus
426 4112 528 4166 est,
556 4103 599 4156 si
639 4102 794 4155 modo
827 4103 978 4156 fidem
1016 4116 1254 4164 servans,
1286 4108 1339 4153 et
1379 4099 1430 4152 in
1463 4099 1625 4152 Deum
1667 4112 1783 4151 erc-

221 4195 350 4251 dcns
377 4195 588 4248 divitias
630 4203 875 4262 expectat
914 4193 1225 4245 salvationis
1270 4206 1402 4244 sua).
1446 4189 1576 4243 Nam
1610 4189 1782 4241 victus

222 4303 478 4359 prtesens,
504 4295 555 4340 et
583 4301 771 4356 parvus
798 4296 875 4338 est
899 4294 952 4339 et
984 4284 1276 4348 sufficiens,
1312 4293 1363 4336 et
1396 4282 1484 4349 qui
1523 4296 1627 4334 non
1667 4295 1778 4332 ina-

218 4394 452 4450 gnopere
474 4385 680 4431 constet
704 4377 783 4430 vel
812 4377 1079 4444 prmstanti
1103 4376 1184 4428 vel
1207 4373 1506 4441 accipienti.

1883 1825 1996 1893 pari
2038 1827 2191 1878 modo
2248 1826 2678 1895 reprehenderet,
2727 1830 2863 1882 sicut
2901 1830 3043 1884 illum
3086 1831 3442 1900 reprehendit.

1959 1912 2114 1966 Vens.
2186 1914 2268 1967 12.
2324 1944 2393 1955 --
2445 1916 2598 1968 Prius
2662 1920 2793 1970 enim
2842 1935 2994 1985 quam
3050 1923 3275 1975 venirent
3333 1926 3445 1992 qui-

1881 2004 1998 2056 dam
2028 2005 2087 2057 ab
2117 2005 2331 2071 Jacobo,
2371 2025 2481 2060 cum
2517 2009 2739 2078 gentibus
2766 2010 2937 2063 edebat
2969 2028 2986 2064 :
3015 2029 3125 2065 cum
3170 2025 3334 2067 autem
3365 2031 3447 2068 ve-

1882 2095 2088 2159 nissent,
2135 2097 2456 2150 subtrahebat
2483 2115 2534 2151 se
2556 2099 2632 2170 (l)
2666 2101 2840 2154 timens
2873 2119 2957 2155 eos
2987 2104 3072 2172 qui
3098 2115 3238 2156 erant
3266 2121 3328 2157 ea:
3356 2106 3447 2159 cir-

1881 2189 2199 2241 cumcisione.
2236 2189 2297 2241 Et
2333 2201 2686 2243 conseruerant
2712 2208 2822 2244 cum
2851 2192 2941 2244 illo
2979 2203 3024 2244 et
3059 2195 3226 2247 ceeteri
3252 2195 3443 2258 Jutltet',

1880 2283 1952 2335 ita
1998 2290 2052 2334 ut
2112 2280 2373 2334 Barnabas
2427 2284 2725 2335 consentiret
2781 2286 3091 2337 simulationi
3135 2302 3302 2338 eorum
3344 2285 3441 2355 (9.).

1880 2372 2079 2440 Aperte
2103 2373 2272 2440 ipsum
2299 2381 2570 2441 peceatum
2601 2372 2848 2442 explicat,
2881 2374 3002 2444 quid
3030 2375 3260 2430 fecisset.
3293 2377 3447 2442 Quod

1881 2463 2092 2532 quidem
2136 2475 2406 2531 peceatqu
2455 2478 2513 2517 se
2559 2463 2965 2532 reprehendisse
3001 2465 3130 2518 dicit
3168 2467 3219 2518 in
3265 2467 3442 2532 Petro,

1879 2553 2108 2608 fortasse
2152 2569 2290 2608 nunc
2321 2556 2564 2607 tacuisset
2603 2554 2922 2608 :snfl‘ecerat
2965 2556 3104 2608 enim
3144 2565 3444 2609 correctum

1880 2658 1999 2698 esse
2042 2643 2255 2697 Petrum
2288 2639 2700 2710 reprehensione
2737 2644 2938 2710 populi,
2982 2651 3036 2695 et
3071 2654 3250 2710 aperta
3292 2646 3447 2713 hujus

1880 2736 2219 2789 accusatione
2253 2752 2264 2786 ε
2298 2735 2389 2787 sed
2431 2735 2680 2802 quoniam
2718 2735 2952 2802 prodest,
2984 2743 3038 2789 et
3064 2741 3128 2788 ad
3163 2739 3446 2804 epistolam

1881 2830 2108 2881 maxime
2132 2825 2511 2888 necessarium,
2537 2827 2734 2880 ideirco
2763 2838 3028 2882 narratur.
3056 2828 3153 2882 Ubi
3181 2829 3286 2882 duo
3307 2832 3444 2897 μείω

1882 2918 2108 2986 primum
2152 2918 2402 2984 quoniam
2455 2918 2782 2984 evangelium
2829 2933 2981 2972 suum
3040 2919 3298 2984 privatum
3342 2935 3449 2975 non

1880 3016 2022 3062 esset
2068 3007 2472 3075 reprehensum,
2505 3016 2557 3060 et
2601 3007 2712 3075 ipse
2739 3024 2856 3061 cum
2907 3008 3323 3076 reprehenderet
3347 3012 3448 3064 Ρο-

1883 3104 2019 3150 trum
2075 3097 2204 3149 nihil
2255 3111 2283 3148 a
2333 3097 2492 3150 Petro
2537 3098 2966 3164 reprehensionis
3014 3099 3272 3163 audierit;
3323 3111 3449 3156 tunc

1881 3191 2074 3246 deinde
2103 3190 2228 3244 illud
2270 3192 2410 3258 quod
2440 3191 2544 3244 dixi
2589 3193 2814 3244 maxime
2847 3193 3199 3246 necessarium
3240 3204 3340 3257 est,
3372 3195 3449 3248 ttti

1881 3284 2128 3352 quoniam
2171 3281 2391 3346 Galatze,
2439 3283 2636 3336 omisso
2679 3283 2954 3350 evangelio
2994 3284 3202 3354 primo,
3249 3286 3446 3352 regula:

1882 3375 2139 3444 evangelii
2167 3375 2522 3442 adjiciendum
2555 3375 2751 3444 aliquid
2778 3374 2855 3446 (5)
2874 3376 3145 3443 putabant,
3175 3387 3230 3429 ut
3249 3387 3297 3430 et
3319 3380 3444 3432 sab-

1884 3467 2060 3521 batum
2116 3467 2482 3531 observarent,
2522 3474 2574 3520 et
2620 3467 3114 3530 eireumcisionem,
3164 3476 3218 3521 et
3259 3468 3442 3522 eodem

1885 3557 2042 3611 modo
2088 3557 2325 3610 viverent
2360 3565 2414 3609 ut
2453 3556 2656 3619 Judtei;
2707 3557 2806 3609 hoc
2850 3557 3098 3626 quoniam
3142 3558 3340 3613 Galata:
3372 3559 3446 3613 fa-

1882 3652 2046 3714 ciunt,
2082 3650 2281 3704 idcirco
2312 3649 2425 3705 btcc
2459 3650 2679 3719 epistola
2718 3650 2782 3704 ad
2831 3651 2949 3704 illos
2988 3652 3270 3706 scribitur:
3305 3653 3444 3708 unde

1883 3742 2080 3811 Optime
2102 3752 2366 3805 narratur,
2392 3743 2513 3811 quia
2538 3743 2586 3794 id
2611 3745 2778 3809 ipsum
2810 3758 2836 3795 a
2870 3744 3033 3798 Paulo
3063 3745 3441 3811 reprehensum

1883 3842 1963 3887 est
1993 3835 2043 3887 in
2068 3834 2242 3893 Petro,
2277 3843 2328 3886 et
2353 3833 2574 3901 populus
2597 3833 2937 3898 reprehendit
2970 3850 2982 3884 :
3008 3834 3146 3888 unde
3179 3835 3444 3902 colligitur

1883 3934 1934 3978 ct
1967 3925 2061 3978 bos
2085 3939 2292 3993 quoque
2313 3939 2554 3992 peccare.
2587 3923 2863 3989 Quomodo
2890 3934 3060 3978 autem
3090 3928 3171 3980 vel
3194 3927 3317 3995 quid
3351 3928 3444 3980 ad—

1885 4015 2313 4079 miseritPetrus,
2346 4017 2422 4068 sic
2442 4016 2708 4083 subjungit
2748 4030 2841 4082 per
2867 4017 3223 4071 narrationem
3260 4036 3272 4070 :
3302 4019 3444 4084 prius

1883 4108 2054 4170 enim,
2080 4107 2269 4172 inquit,
2302 4116 2424 4162 ante
2457 4122 2612 4176 quam
2645 4108 2883 4159 venirent
2928 4109 3137 4175 quidam
3167 4125 3193 4161 a
3221 4109 3440 4171 JaCoho,

1883 4213 2000 4250 cum
2050 4199 2296 4265 gentibus
2325 4198 2515 4251 edebat
2561 4207 2744 4250 tenens
2783 4199 3114 4265 evangelium
3159 4199 3438 4266 integrum,

1883 4297 1936 4341 et
1963 4287 2196 4354 regulam
2227 4287 2362 4354 ejus,
2387 4297 2444 4339 ιιι
2464 4285 2738 4354 mqualitcr
2767 4286 2831 4339 de
2859 4286 3073 4340 Christo
3093 4290 3440 4342 annuncietnr

1885 4378 2156 4433 ctJud:eis
2201 4386 2251 4432 et
2279 4378 2544 4446 gentibus,
2591 4388 2643 4430 et
2690 4394 2791 4430 non
2838 4378 3148 4432 observetur
3174 4380 3320 4433 cibus
3347 4381 3442 4434 Ju-

287 4471 450 4524 Vt-zns.
484 4471 566 4523 Η.
617 4500 685 4507 -
713 4467 838 4522 Cum
866 4474 1031 4519 autent
1057 4467 1266 4518 venisset
1299 4463 1482 4517 Petrus
1522 4464 1574 4515 in
1602 4463 1779 4516 Antio-

1886 4472 2140 4535 daeorum,
2177 4471 2267 4525 sed
2300 4472 2503 4523 vivatur
2528 4470 2836 4539 simpliciter
2867 4486 3012 4525 more
3041 4473 3293 4539 gentium.
3333 4472 3442 4526 lloe

218 4562 405 4624 Chiam,
453 4561 503 4612 in
538 4559 715 4627 facient
748 4558 823 4610 illi
861 4558 1048 4618 restiti,
1080 4557 1317 4624 quoniant
1350 4555 1678 4620 reprehensus
1706 4550 1784 4620 (6)

219 4661 340 4704 erat.
381 4650 497 4702 Non
529 4648 721 4711 solum,
774 4649 962 4717 inquit,
992 4646 1324 4716 evangelium
1374 4659 1546 4697 meum
1591 4642 1782 4709 proba-

221 4749 329 4794 tum
373 4748 455 4793 est
485 4737 551 4790 ab
593 4739 673 4790 his
719 4739 992 4806 apostolis,
1032 4738 1120 4806 qui
1157 4737 1391 4790 erantin
1435 4735 1778 4795 Hierusalem,

222 4845 395 4899 neque
445 4829 612 4882 solum
667 4827 965 4881 admonitus
1009 4843 1146 4892 sum,
1189 4837 1241 4880 ut
1274 4841 1556 4895 pauperum
1584 4837 1785 4878 memor

294 4942 311 5010 (
321 4942 339 4994 Ι
352 4939 371 5010 )
385 4939 534 5010 Vulg.
549 4937 613 4992 Ut
628 4955 717 4990 nos
733 4939 1075 5008 iugentes,ipsi
1091 4949 1252 4991 autent
1268 4939 1315 4991 in
1332 4938 1775 4991 circuntcisionem.

293 5009 369 5077 (2)
408 5009 578 5077 \'ttlg.,
604 5017 797 5060 tantum
820 5019 870 5060 ut
896 5025 1195 5076 pauperum,
1225 5019 1330 5062 etc.

293 5076 372 5152 (3)
600 5088 780 5130 essent.

315 5147 370 5214 4)
402 5147 566 5202 Codd.
599 5162 797 5214 operas.

316 5212 369 5290 5)
400 5212 658 5290 Videlicet
703 5217 826 5290 s_iuc_
870 5225 1014 5290 recta
1041 5215 1142 5270 fide
1183 5218 1264 5271 vel
1312 5217 1427 5290 sine
1462 5220 1626 5285 gratia
1658 5212 1773 5290 Dei.

221 5285 500 5358 Legendus
515 5295 688 5342 autem
719 5286 1071 5358 Bellarminus
1114 5295 1215 5350 est,
1254 5287 1508 5358 quibanc
1533 5285 1780 5358 qumstio—

223 5355 340 5414 nem
368 5357 668 5424 plenissime
697 5363 751 5409 et
775 5357 1080 5410 acutissime
1110 5365 1304 5410 tractat
1329 5355 1394 5409 de
1419 5355 1592 5408 Jusuf.
1627 5357 1715 5412 lib.
1741 5374 1778 5422 t,

225 5443 340 5493 cap,
373 5427 461 5492 19,
494 5441 582 5493 seq

291 5447 473 5569 '(‘éﬁiit
494 5447 689 5557 iiii]de
712 5504 766 5549 at
789 5496 926 5569 vulg.
962 5496 1053 5569 ed;
1074 5494 1214 5569 hunc
1243 5494 1559 5569 versiculum
1587 5495 1662 5569 sic
1687 5512 1787 5551 ex-

225 5563 360 5621 hibet
393 5584 403 5618 :
433 5565 558 5619 Cum
577 5574 742 5636 autem
783 5567 992 5619 venisset
1013 5563 1207 5636 Ceplras
1238 5564 1554 5617 Antiochiam
1579 5580 1597 5617 :
1625 5567 1676 5619 in
1707 5571 1787 5636 [a-

224 5640 345 5706 ciem
367 5637 413 5691 ei
438 5635 616 5697 restiti,
645 5635 762 5699 quia
791 5632 1196 5697 reprehensibilis
1226 5642 1355 5686 erat.

527 5728 794 5788 ΡΑτιιοι.
829 5724 986 5786 Vill.

1889 4563 2054 4630 prius,
2096 4561 2281 4629 inquit,
2325 4561 2554 4615 faciebat
2585 4561 2769 4614 Petrus
2800 4570 2921 4614 ante
2956 4577 3111 4630 quam
3149 4563 3214 4615 ab
3243 4563 3442 4616 Jacobo

1887 4653 2126 4706 venirent
2151 4651 2382 4717 quidam.
2407 4651 2635 4704 Jacobus
2656 4653 2795 4704 enim
2821 4653 2980 4704 frater
3003 4653 3226 4714 Domini,
3252 4653 3336 4718 qui
3361 4653 3438 4720 (Ιι)

1884 4752 2066 4796 auctor
2093 4753 2172 4796 est
2199 4742 2260 4794 ad
2281 4741 2716 4812 Symmachianos
2739 4741 2838 4812 (5),
2861 4743 3060 4809 primus
3091 4744 3226 4810 apud
3253 4743 3440 4796 lliero-

1887 4834 2144 4904 solymam
2174 4833 2271 4888 sibi
2304 4834 2402 4886 hoc
2428 4833 2807 4887 adsumendum
2843 4834 3062 4902 putavit,
3096 4835 3166 4888 ιιιί
3189 4843 3241 4888 et
3285 4833 3435 4888 Chri—

1980 5008 2030 5076 l)
2061 5007 2216 5074 Vulg.
2252 5007 2588 5061 Subtrahebat
2611 5015 2656 5058 et
2684 5008 2969 5076 segregabat
3002 5025 3071 5069 se,
3103 5009 3309 5070 timens,
3336 5020 3439 5065 etc.

1978 5076 2033 5146 ‘2)
2066 5077 2215 5145 Vulg.
2240 5077 2302 5129 Et
2330 5076 2636 5129 simulationi
2664 5080 2770 5146 ejus
2791 5087 3142 5130 consenserunt
3162 5080 3324 5131 cwteri
3348 5079 3445 5133 Ju-

1882 5146 1997 5211 αωὶ,
2016 5146 2096 5201 ita
2122 5156 2175 5199 ut
2202 5156 2249 5200 et
2270 5146 2530 5199 Barnabas
2563 5148 2826 5199 duceretur
2851 5147 2910 5197 ab
2935 5147 3003 5200 eis
3038 5148 3090 5200 in
3117 5148 3256 5200 illaut
3291 5152 3447 5206 sint-tt-

1881 5219 2135 5272 lationem.

1980 5284 2035 5422 ὅ)
2066 5284 2232 5338 Codd.
2265 5301 2361 5354 pro
2386 5284 2580 5348 aliquid
2603 5283 2759 5338 habet
2786 5286 2855 5337 ad
2879 5287 3048 5339 vitam.

1986 5358 2010 5408 ἰ
2064 5355 2227 5408 Codd.
2261 5356 2394 5421 quia.

1986 5355 2035 5421 4)
2064 5355 2227 5408 Codd.
2261 5356 2394 5421 quia.

1984 5427 2035 5491 5)
2067 5425 2135 5477 Ita
2163 5424 2317 5478 codd.
2348 5426 2612 5495 Ego_t'ero
2659 5425 2838 5495 malim
2883 5438 3056 5479 auctor
3084 5437 3154 5480 est
3201 5426 3441 5495 Symma-

1894 5492 2104 5549 cltianis.
2137 5495 2300 5564 Porro
2329 5492 2430 5546 non
2449 5493 2683 5564 ‘lacobus
2709 5492 2954 5564 ltmresim
2985 5492 3442 5564 Symmachianant

1896 5564 2118 5635 peperit,
2150 5563 2241 5616 sed
2269 5577 2389 5616 eum
2416 5561 2517 5615 sibi
2545 5561 2934 5632 Symmachiani
2957 5561 3224 5617 auctorem
3246 5567 3444 5622 calum~

1899 5637 2045 5691 niosc
2069 5640 2488 5701 assumpserunt.

2868 5720 2944 5780 37
