3950 6206
546 264 682 320 1165

1833 254 2021 317 MAR"
2048 252 2387 317 VICTORINI
2418 254 2572 312 AFRI

3644 254 3771 315 ιιθι

540 381 677 427 stum
726 369 1050 437 prtedicaret,
1084 376 1135 422 et
1166 369 1368 422 viveret
1399 375 1451 421 ut
1481 365 1667 433 Judci,
1694 366 1867 419 omnia
1901 364 2097 418 faciens
2125 364 2167 423 A
2198 363 2346 417 bant.
2377 363 2489 419 Hoc
2509 380 2635 436 ergo
2668 379 2788 421 cum
2818 365 3075 430 viderem.
3098 368 3206 424 dixi
3234 368 3396 424 Petro
3432 381 3624 424 coram
3664 383 3771 423 ont-

544 478 660 533 quze
702 460 1002 516 Judteorum
1033 461 1116 514 lex
1157 458 1414 527 praecipit,
1464 458 1513 511 id
1538 468 1619 512 est
1646 473 1763 528 quae
1792 456 1893 511 sibi
1927 456 2100 512 Judmi

544 552 872 608 observanda
922 551 1316 605 intellexerunt.
1360 548 1440 602 Ab
1479 548 1677 602 Jacoho
1720 562 1845 616 ergo
1888 545 2100 615 quidam

543 658 663 698 cum
691 642 962 697 venissent
990 641 1052 694 ad
1082 641 1328 705 Petrum;
1359 639 1580 705 veritus,
1610 637 1800 706 inquit,
1828 646 1880 691 et
1910 637 2101 690 timens

542 732 803 787 subtraxit
830 747 885 787 se
916 747 979 785 ne
1006 746 1124 785 cum
1151 731 1392 799 gentibus
1422 729 1623 783 ederet.
1653 728 1758 783 Sed
1788 729 1889 781 hoc
1911 742 2097 796 repre-

547 825 728 881 hendit
776 825 915 893 quod
956 835 1107 878 antea
1159 838 1275 877 cum
1332 818 1577 890 gentibus
1626 817 1836 881 edebat,
1881 826 1932 871 et
1962 829 2102 870 nunc

554 916 807 969 subtraxit
853 929 929 977 se,
958 913 1149 967 timens
1187 925 1278 965 cos
1303 909 1387 978 qui
1410 915 1559 961 erant
1586 922 1647 959 ex
1681 905 2097 967 circumcisione,

550 1008 603 1062 id
632 1015 712 1061 est
736 1004 975 1059 homines
995 1002 1059 1056 ab
1087 1000 1286 1057 Jacobo
1318 998 1610 1053 venientes.

616 1101 785 1167 Atque
826 1095 876 1150 id
920 1109 1102 1163 parum
1134 1100 1216 1147 est
1255 1089 1392 1159 quod
1433 1088 1545 1158 ipse
1567 1087 1820 1151 faciebat;
1861 1085 1985 1141 inde
2020 1086 2095 1155 (1)

546 1201 793 1255 maguum
842 1190 1136 1253 peccatum,
1172 1178 1310 1249 quod
1337 1178 1426 1230 alii
1466 1176 1540 1230 illi
1580 1176 2001 1230 consentiebant.
2034 1173 2101 1229 Et

545 1284 898 1331 consenserunt
925 1290 1037 1327 cum
1055 1273 1143 1327 illo
1182 1280 1227 1324 et
1265 1270 1428 1324 cwteri
1455 1266 1645 1322 Judaei.
1674 1268 1759 1322 Sic
1783 1266 2099 1336 accipiamus

546 1368 633 1421 hic
657 1366 866 1421 Judceos
904 1364 989 1433 qui
1017 1364 1126 1431 jam
1169 1370 1342 1414 tamen
1378 1357 1642 1411 Christum
1674 1364 2007 1424 acceperant,
2045 1363 2103 1409 ut

543 1454 900 1511 consentirent
931 1452 1023 1515 illi,
1048 1460 1102 1505 et
1119 1450 1385 1504 Christum
1407 1447 1742 1515 accipientes,
1767 1455 1819 1500 et
1838 1444 2099 1514 judaicam

531 1544 868 1611 .disciplinam
898 1549 951 1595 et
980 1539 1399 1599 observantiam;
1432 1536 1532 1589 nisi
1563 1536 1706 1590 enim
1741 1535 1841 1589 hoc
1868 1535 2096 1603 accipia-

544 1650 683 1698 mus,
713 1631 835 1702 quid
865 1631 986 1695 erit,
1019 1636 1375 1683 consenserunt
1404 1625 1502 1689 illi,
1534 1625 1577 1678 si
1611 1624 1685 1677 illi
1724 1638 1819 1678 suo
1849 1637 1996 1677 more
2026 1621 2099 1674 vi-

2201 455 2355 509 nibus
2385 473 2398 509 :
2433 456 2482 509 id
2506 457 2753 526 estquod
2777 473 2936 526 supra
2974 459 3108 513 dixit
3149 461 3198 513 in
3244 460 3431 514 faciem
3457 460 3680 523 restiti;
3718 468 3773 513 et

2199 554 2380 613 aperte
2398 544 2527 609 dixi,
2552 555 2606 600 et
2630 562 2809 601 coram
2839 549 3083 605 omnibus
3110 549 3217 603 dixi
3243 567 3255 603 :
3286 551 3329 605 si
3362 559 3418 605 tu
3435 566 3554 604 cum
3579 551 3659 605 sis
3690 549 3771 617 ju-

2199 631 2344 685 dacus
2381 629 2652 702 gentiliter
2686 636 2837 699 vivis,
2878 638 3139 705 quomodo
3178 650 3364 709 gentes
3406 640 3553 707 cogis
3596 637 3771 706 iudai-

2199 723 2361 776 zare?
2403 722 2593 791 Utique
2626 724 2887 779 intellexit
2929 726 3083 780 etiam
3120 726 3313 781 Paulus
3337 727 3552 781 Petrum
3595 726 3768 780 sintu-

2198 812 2338 867 iasse
2359 825 2574 883 prOpter
2610 825 2829 881 metum,
2862 824 2919 871 ut
2946 833 3048 870 non
3090 833 3209 874 cum
3242 818 3489 888 gentibus
3530 817 3766 873 viveret.

2198 899 2378 971 Itaque
2416 920 2518 956 non
2559 903 2659 959 hoc
2689 906 2759 959 illi
2790 906 3008 973 objicit;
3040 908 3159 976 quia
3188 907 3368 962 dicere
3411 917 3624 976 poterat
3654 908 3762 972 ille,

2199 990 2461 1048 simulavi.
2501 993 2637 1058 Quid
2668 994 2827 1063 igitur
2852 995 3042 1064 objecit
3068 996 3183 1049 illi?
3227 998 3400 1052 vixisti
3438 1013 3557 1051 cum
3586 998 3767 1067 genti-

2198 1081 2319 1148 bus,
2347 1093 2399 1137 et
2426 1084 2556 1138 vivis
2575 1099 2693 1139 cum
2725 1085 2969 1155 gentibus
3002 1104 3015 1138 :
3046 1088 3089 1140 si
3120 1088 3260 1141 enim
3290 1087 3355 1141 ad
3383 1096 3592 1157 tempus
3624 1103 3759 1144 con-

2198 1174 2501 1229 sensionem
2549 1175 2732 1238 habes,
2781 1176 2897 1231 sine
2927 1176 3085 1229 dubio
3123 1178 3389 1245 gentiliter
3425 1179 3599 1232 vivis:
3629 1193 3766 1249 quo.

2202 1264 2343 1318 niam
2372 1265 2639 1321 simulatio
2680 1265 2878 1335 decipit
2908 1266 3120 1330 inultos,
3149 1281 3336 1335 peccas
3385 1283 3397 1319 :
3442 1273 3585 1338 cogis
3617 1268 3761 1322 enim

2199 1364 2382 1423 gentes
2398 1354 2687 1423 judaizare.
2719 1356 2790 1409 Ita
2831 1365 2884 1409 et
2928 1355 3247 1412 intellexisse
3271 1357 3501 1410 ostendit
3526 1372 3761 1411 consen-

2200 1447 2332 1501 sisse
2352 1448 2562 1502 Petrum
2583 1448 2801 1515 ludat-is,
2828 1450 2919 1504 sed
2939 1450 3307 1514 simulatione;
3330 1460 3386 1505 et
3404 1459 3579 1506 tamen
3611 1453 3759 1505 illum

2201 1553 2441 1606 peccare,
2474 1540 2641 1608 primo
2666 1540 2787 1609 quia
2828 1541 2995 1595 timuit
3017 1556 3106 1596 eos
3131 1542 3218 1611 qui
3249 1551 3534 1608 venerant;
3564 1544 3760 1600 deinde

2201 1629 2320 1698 quia
2344 1631 2519 1683 caeteri
2548 1630 2862 1685 fallebantur
2883 1638 2936 1685 et
2971 1632 3295 1701 cogebantur
3320 1632 3613 1700 judaizare,
3652 1648 3754 1688 non

541 1733 723 1778 venies
752 1719 1041 1775 secundum
1063 1716 1324 1785 judaicam
1346 1714 1683 1782 disciplinam
1716 1714 1966 1781 agerent?
1994 1709 2097 1765 Sed
2127 1710 2173 1768 B
2201 1718 2554 1788 iutelligentes
2601 1719 2751 1775 illum
2799 1722 3070 1775 simulare.
3118 1721 3228 1776 Hoc
3266 1738 3391 1791 ergo
3430 1723 3664 1793 colligit,
3702 1732 3756 1778 et

540 1814 627 1883 qui
669 1814 774 1880 jam
813 1806 1139 1875 evangelium
1186 1813 1531 1874 perceperant
1558 1799 1769 1854 Christo
1807 1798 2090 1863 credendo,

506 1900 980 1973 quemadmodum
1024 1907 1078 1952 et
1122 1898 1231 1965 ipse
1276 1897 1419 1963 prius
1460 1908 1578 1948 cum
1609 1893 1852 1962 gentibus
1880 1892 2089 1958 edebat,

538 2004 717 2067 postea
751 1993 839 2046 illo
876 1988 1219 2044 subtrahente
1258 2001 1337 2048 se,
1368 1994 1420 2039 et
1450 1985 1667 2038 timente
1694 1998 1785 2037 eos
1812 1983 1901 2052 qui
1930 1997 2089 2037 vene.

537 2084 742 2152 ranlapb
783 2080 979 2135 Jacobo
1019 2077 1173 2148 (quos
1210 2076 1424 2130 timebat
1467 2075 1670 2128 scilicet
1705 2089 1769 2127 ex
1816 2073 2091 2127 circumci-

537 2178 686 2230 sione
712 2172 873 2240 viros)
894 2172 963 2224 ita
990 2171 1165 2224 cmteri
1188 2175 1588 2231 consenserunt,
1616 2177 1672 2219 ut
1693 2182 1797 2219 non
1820 2180 1939 2219 cum
1965 2180 2092 2233 gen-

538 2265 678 2319 tibus
722 2264 977 2325 viverent,
1009 2259 1101 2313 scd
1155 2275 1273 2313 cum
1318 2258 1742 2321 circumcisione,
1784 2256 1831 2310 id
1863 2268 1942 2311 est
1970 2271 2088 2310 cum

533 2353 731 2412 Judmis
752 2363 803 2406 et
832 2351 928 2419 ipsi
959 2350 1045 2418 qui
1075 2348 1242 2403 Judaei
1272 2357 1422 2402 erant
1465 2356 1637 2401 antea.
1682 2346 1767 2399 Ita
1794 2356 1846 2399 ut
1879 2357 1925 2399 et
1962 2345 2091 2399 Bar-

536 2447 691 2501 nabas
721 2444 1017 2499 consentiret
1040 2442 1347 2495 simulationi
1374 2456 1564 2493 eorum.
1602 2439 1699 2503 lla,
1730 2438 1923 2507 inquit,
1954 2439 2089 2492 male

535 2534 913 2590 simulaverant
940 2547 1058 2585 cum
1087 2530 1281 2584 Jud:cis
1311 2530 1519 2594 vivere,
1563 2528 1793 2582 dimissis
1822 2529 2085 2596 gentibus,

533 2634 591 2679 ut
616 2624 882 2679 Barnabas
911 2620 1232 2676 consentiret
1258 2620 1361 2673 illis
1393 2636 1405 2671 :
1436 2618 1502 2673 de
1545 2634 1648 2687 quo
1690 2632 1847 2688 supra
1892 2618 2085 2679 dictum

533 2714 674 2783 quod
702 2714 873 2767 socius
903 2712 971 2765 sit
1020 2710 1186 2774 Pauli,
1218 2720 1270 2763 et
1308 2708 1636 2777 evangelium
1665 2711 1867 2776 integre
1897 2717 2037 2763 tenet
2070 2726 2082 2761 :

534 2806 800 2861 consensit
838 2813 1011 2857 tamen
1060 2802 1182 2867 illis,
1214 2811 1266 2855 et
1310 2802 1518 2855 illorum
1567 2801 1906 2855 simulationi.
1951 2800 2086 2867 Quid

533 2896 692 2964 igitur
725 2894 1065 2961 intelligimus
1086 2891 1513 2945 simulationem?
1544 2890 1673 2944 Nam
1695 2892 1849 2945 etiam
1876 2891 2084 2955 Petrus,

530 2995 585 3041 et
612 2985 877 3039 Barnabas
905 2992 957 3037 et
1002 2984 1176 3037 eteteri
1205 2982 1372 3035 Judaei
1403 2996 1525 3035 vere
1564 2983 1877 3035 transierant
1908 2983 1958 3035 in
1988 2981 2088 3036 hoc

2195 1807 2395 1863 dixisse
2444 1819 2701 1863 memorat
2727 1825 2743 1861 :
2771 1806 2814 1864 si
2836 1812 2914 1879 (l)
2945 1821 3019 1875 ttt,
3051 1811 3223 1877 Petre,
3268 1826 3389 1865 cum
3438 1813 3512 1866 sis
3536 1812 3752 1867 Iudaeus

2195 1897 2461 1965 gentiliter
2485 1898 2636 1962 vivis,
2671 1899 2719 1952 id
2744 1911 2823 1952 est
2852 1915 2972 1953 cum
3018 1902 3263 1969 gentibus
3300 1903 3450 1968 vivis,
3487 1903 3753 1971 quomodo

2193 1986 2334 2055 ipsas
2363 1997 2548 2057 gentes
2576 1988 2721 2059 cogis
2761 1990 3061 2059 judaizare?
3090 1992 3139 2045 id
3173 2000 3254 2045 est
3292 1993 3557 2062 judaieam
3584 1994 3749 2049 disci-

2192 2078 2383 2146 plinam
2415 2093 2568 2147 agere
2594 2081 2717 2133 etin
2748 2081 2880 2134 cibis
2909 2090 2961 2133 et
2990 2082 3042 2134 in
3072 2082 3572 2137 observationibus?

2260 2167 2423 2221 Vsus.
2458 2169 2544 2223 15.
2587 2196 2657 2208 -
2688 2169 2797 2223 Nos
2834 2183 3015 2224 natura
3055 2170 3244 2237 Judrei,
3285 2183 3331 2226 et
3368 2190 3467 2227 non
3506 2190 3571 2228 ea:
3592 2176 3748 2244 genti-

2190 2256 2300 2322 bus,
2324 2267 2636 2326 peccatores;
2661 2260 2864 2313 scientes
2896 2262 3011 2329 quia
3031 2278 3129 2313 non
3159 2263 3474 2332 justiﬁcatur
3507 2264 3655 2317 homo
3688 2281 3747 2317 ex

2190 2346 2420 2415 operibus
2466 2346 2608 2416 legis,
2642 2348 2741 2400 nisi
2780 2365 2865 2416 per
2902 2349 3051 2415 ﬁdem
3088 2349 3270 2403 Christi
3303 2351 3428 2405 Jesu
3458 2367 3478 2405 ,ο
3498 2362 3546 2405 et
3573 2370 3661 2405 nos
3694 2354 3742 2406 in

2190 2439 2390 2493 Christo
2416 2441 2538 2494 Jesu
2584 2442 2851 2508 credimus,
2895 2453 2947 2494 ut
2975 2444 3317 2512 justifie‘emur
3356 2461 3417 2497 ea;
3457 2446 3559 2511 ﬁde
3583 2444 3660 2516 (2)
3700 2456 3742 2499 et

2189 2546 2288 2585 non
2308 2548 2369 2585 ea:
2394 2533 2622 2602 operibus
2663 2532 2783 2603 legis
2811 2550 2830 2587 :
2856 2535 3089 2603 quoniam
3108 2550 3170 2587 ex
3208 2536 3437 2603 operibus
3474 2552 3572 2588 non
3593 2536 3743 2606 justi-

2187 2620 2370 2688 ficatur
2389 2623 2548 2676 omnis
2570 2639 2684 2675 caro
2707 2622 2807 2693 (5).
2831 2622 3014 2677 Adhuc
3044 2640 3104 2693 pa
3116 2638 3166 2675 rs
3194 2626 3450 2678 orationis
3472 2633 3554 2678 est
3584 2624 3740 2693 ipsius

2188 2709 2333 2763 Pauli
2385 2714 2680 2765 acettsautis
2710 2711 2922 2766 Petrum
2950 2723 3003 2767 et
3039 2713 3103 2766 ad
3148 2729 3269 2768 eum
3301 2714 3567 2781 loquentis
3606 2714 3738 2784 quod

2187 2816 2292 2855 non
2317 2813 2460 2856 recte
2482 2802 2746 2872 judaismo
2771 2805 3114 2868 consentiret,
3139 2813 3193 2858 et
3216 2806 3293 2864 sic
3321 2805 3599 2860 induceret
3622 2821 3739 2875 gen-

2189 2901 2268 2948 tes
2309 2893 2599 2961 judaizare.
2631 2894 2756 2959 Nos,
2800 2896 2985 2963 inquit,
3014 2894 3201 2959 Judtei,
3233 2896 3284 2949 id
3319 2908 3423 2958 est,
3456 2911 3557 2965 ego
3585 2906 3637 2950 et
3665 2906 3735 2962 tu,

2190 2982 2369 3046 Fetre,
2401 2992 2453 3037 et
2474 2986 2650 3036 caateri
2682 2984 2767 3051 qui
2798 2994 3103 3051 peccatores
3124 3000 3303 3038 sumus
3326 2984 3424 3056 (4),
3445 3000 3552 3038 non
3574 2995 3739 3039 tamen

532 3085 589 3129 ut
616 3085 667 3129 et
687 3073 891 3143 judaica
913 3072 1183 3141 disciplina
1212 3072 1371 3124 vitam
1402 3080 1636 3140 agerent,
1670 3071 1762 3124 sed
1789 3070 1851 3124 ad
1882 3080 2085 3138 tempus
2110 3064 2155 3127 C
2187 3085 2249 3123 ex
2288 3071 2553 3138 gentibus,
2601 3071 2692 3125 sed
2735 3071 2891 3139 juduei
2923 3087 3124 3135 sumus,
3156 3088 3345 3142 nempe
3389 3074 3438 3126 in
3470 3071 3736 3127 Christum

532 3175 750 3235 prapter
778 3172 1087 3232 prmsentes,
1117 3170 1169 3215 et
1196 3160 1505 3214 simularent
1534 3177 1547 3213 :
1577 3170 1628 3213 et
1650 3160 1864 3223 idcirco,
1896 3159 2084 3228 inquit,

534 3265 587 3310 et
616 3254 878 3309 Barnabas
922 3253 1191 3307 consensit
1237 3266 1419 3304 eorum
1450 3250 1793 3305 simulationi.
1844 3250 1918 3304 ita
1948 3251 2085 3303 acci-

532 3345 776 3415 piendum
810 3362 822 3395 :
856 3359 973 3397 nam
1012 3358 1182 3411 neque
1208 3342 1397 3395 Petrus
1444 3357 1613 3409 neque
1641 3342 1817 3394 caeteri
1864 3343 2085 3396 transie-

531 3446 649 3490 rant
670 3435 731 3489 ad
759 3435 1019 3503 judaicam
1047 3432 1395 3499 disciplinam,
1424 3430 1514 3484 sed
1543 3429 1608 3484 ad
1635 3438 1839 3497 tempus
1862 3445 2085 3486 consen-

531 3534 739 3588 serant;
768 3523 903 3592 quod
932 3523 1146 3591 quidem
1182 3520 1462 3588 aliquoties
1501 3520 1556 3572 lit
1580 3521 1823 3574 simulata
1855 3536 2083 3575 consen-

530 3619 679 3672 sione
734 3634 745 3670 :
808 3622 1163 3668 verumtamen
1222 3612 1357 3665 unde
1405 3610 1657 3679 peccabat
1698 3612 1922 3665 Petrus?
1963 3612 2082 3680 quia

532 3722 637 3763 non
688 3706 772 3759 ille
800 3705 875 3775 (2)
911 3704 974 3758 ad
1009 3703 1331 3757 inducendos
1371 3702 1584 3756 Jndmos
1609 3702 1707 3755 ista
1752 3704 1992 3766 tinxerat,
2028 3712 2084 3755 ut

529 3797 849 3852 consentiret
881 3795 1011 3858 illis;
1040 3794 1176 3861 quod
1208 3793 1329 3847 fecit
1360 3794 1469 3860 ipse
1494 3792 1708 3857 Paulus,
1736 3803 1787 3846 et
1811 3792 1996 3848 l‘ccisse
2025 3807 2083 3847 se

530 3890 804 3958 gloriatur,
838 3897 891 3939 ut
929 3887 1253 3939 consentiret
1290 3882 1507 3949 Judaris,
1549 3883 1641 3937 sed
1670 3894 1725 3937 ιιι
1759 3884 1875 3936 illos
1928 3884 2083 3936 lucri-

531 3980 725 4033 faceret
756 3994 767 4028 :
802 3976 892 4030 sed
918 3975 1054 4044 quod
1085 3975 1267 4028 Petrus
1289 3972 1365 4044 (5)
1388 3976 1645 4027 simulavit
1676 3974 1909 4045 quidem,
1940 3974 1989 4028 in
2018 3990 2082 4029 eo

533 4080 705 4122 tamen
736 4067 988 4137 peccavit,
1019 4064 1155 4134 quod
1194 4065 1536 4117 subtrahebat
1564 4080 1620 4117 se
1651 4064 1839 4118 timens
1867 4080 1962 4119 eos
1993 4064 2079 4133 qui

533 4166 683 4213 erant
711 4172 773 4211 ex
804 4155 1222 4211 circumcisione.
1257 4155 1478 4223 Pr0pter
1509 4156 1747 4208 timorem
1780 4155 1936 4222 igitur
1961 4170 2081 4208 cum

532 4252 802 4305 simularet
846 4263 1005 4317 seque
1044 4248 1333 4301 abstineret
1358 4262 1383 4298 a
1417 4246 1679 4314 gentibus,
1719 4246 1815 4315 ipsi
1864 4248 2080 4301 simula-

534 4342 660 4395 tioni
710 4352 763 4393 et
812 4340 1073 4393 Barnabas
1122 4338 1463 4401 consentiret,
1517 4335 1735 4402 ideirco,
1765 4338 1951 4405 inquit,
1980 4353 2077 4407 ego

532 4442 709 4500 aperte
736 4429 920 4493 restiti,
956 4439 1006 4481 et
1026 4442 1144 4482 eum
1171 4426 1432 4489 accusavi,
1463 4440 1565 4479 non
1597 4433 1739 4480 recte
1770 4436 1984 4496 propter
2012 4426 2077 4479 ti-
2107 4416 2161 4477 D

537 4537 735 4578 tnorem
767 4522 910 4573 illum
941 4520 1008 4571 ita
1038 4517 1336 4571 simulasse.

609 4612 801 4669 Deinde
856 4613 929 4664 sic
958 4607 1310 4676 subsequitur,
1348 4605 1504 4659 Vsus.
1559 4606 1624 4658 14
1656 4622 1667 4657 :
1697 4635 1766 4647 —
1815 4606 1919 4660 Sed
1972 4623 2083 4659 cum

532 4708 759 4760 vidissem
781 4704 1011 4773 quoniam
1033 4718 1130 4754 non
1160 4708 1287 4751 recte
1328 4698 1674 4767 ingrediuntur
1696 4696 1770 4768 (4)
1807 4699 1874 4751 ad
1903 4700 2084 4751 verita-

536 4808 627 4850 tem
650 4794 907 4863 ernugelii.
932 4792 1207 4846 Tenebant
1226 4789 1434 4858 quidem
1458 4789 1784 4856 eVangeliutn
1808 4798 1859 4841 et
1884 4789 2081 4856 integro

533 4884 802 4943 tenebant,
828 4892 878 4933 et
914 4879 1270 4943 iutclligehant
1299 4892 1399 4929 n0n
1434 4877 1500 4928 ita
1534 4876 1812 4928 vivendum
1835 4877 2081 4944 quemad-

538 4975 747 5027 modum
771 4972 951 5024 vivunt
979 4984 1040 5022 ex
1064 4968 1500 5024 circumcisione;
1532 4964 1623 5017 sed
1647 4966 1893 5033 quoniam
1919 4964 2085 5017 simu-

534 5064 732 5123 labant,
757 5061 951 5114 idcirco
981 5058 1117 5111 male
1142 5055 1471 5123 evangelium
1502 5062 1555 5108 et
1576 5054 2080 5123 interpretabantur,

535 5164 588 5209 ct
612 5157 746 5208 male"
774 5152 834 5205 ad
872 5152 1143 5203 veritatem
1180 5145 1437 5215 evangelii
1471 5162 1574 5199 non
1605 5154 1750 5199 recta
1782 5147 1855 5199 via
1896 5161 2082 5215 perge-

614 5274 690 5345 (1)
713 5274 877 5345 Codd.
910 5275 1059 5325 unde.

614 5275 661 5345 (1
713 5274 877 5328 Codd.
910 5275 1059 5325 unde.

604 5273 690 5414 (ἳῖ
704 5343 869 5397 Codd.
902 5346 1030 5395 unde
1053 5342 1257 5408 aliquod
1284 5341 1471 5395 nonad
1495 5339 1804 5395 inducendos
1827 5342 1960 5405 illos,
1991 5354 2086 5412 pro

527 5419 642 5483 quin
668 5432 764 5467 non
790 5414 891 5466 ille.

623 5488 677 5545 5)
708 5484 835 5537 Cod.
862 5484 912 5536 in
941 5480 1106 5534 Petro.

623 5488 677 5545 3)
708 5487 835 5537 Cod.
862 5487 912 5536 in
941 5487 1106 5534 Petro.

598 5487 676 5625 (1)
711 5552 859 5620 Vulg.
897 5570 907 5604 :
939 5550 1043 5604 Scd
1078 5565 1189 5604 cum
1212 5550 1442 5609 vidissem
1469 5552 1604 5620 quod
1629 5567 1729 5605 non
1754 5560 1884 5606 recte
1905 5548 2081 5605 ambu-

526 5624 704 5691 larent,
737 5629 821 5677 etc

2189 3160 2342 3213 tidem
2374 3161 2648 3226 sumimus,
2683 3176 2782 3229 qua
2810 3162 2989 3230 utique
3018 3162 3221 3217 ratione
3266 3152 3574 3231 cum’judaai
3602 3179 3740 3218 esse-

2187 3265 2339 3317 mus;
2374 3252 2573 3305 scilicet
2604 3253 2725 3320 quia
2773 3253 2967 3306 scimus
3013 3267 3117 3305 non
3149 3251 3428 3320 justilicari
3474 3253 3737 3306 hominem

2184 3355 2248 3394 ex
2292 3343 2537 3409 olteribus
2568 3342 2717 3411 legis,
2743 3342 2833 3396 sed
2854 3342 3128 3412 iustiﬁcari
3173 3357 3264 3412 per
3292 3343 3470 3408 ﬁdem,
3503 3353 3556 3399 et
3585 3343 3737 3397 ﬁdem

2184 3428 2309 3483 Jesu
2337 3428 2564 3493 Christi;
2594 3445 2710 3483 cunt
2763 3431 2860 3483 hoc
2901 3430 3058 3499 igitur
3097 3432 3374 3496 sciremus,
3404 3448 3516 3496 nos,
3550 3432 3737 3500 inquit,

2185 3519 2236 3572 iu
2268 3519 2477 3573 Christo
2502 3519 2626 3574 Jesu
2656 3520 2992 3582 credidimus,
3035 3529 3089 3575 et
3114 3521 3380 3585 credimus,
3409 3531 3460 3573 ut
3486 3523 3740 3593 justiﬁes-

2184 3626 2296 3662 mur
2326 3626 2387 3663 ea;
2424 3609 2544 3678 ﬁde,
2592 3626 2689 3662 non
2709 3626 2770 3663 ex
2806 3612 3036 3677 aperibus
3064 3614 3221 3681 legis;
3247 3613 3366 3681 quia
3401 3628 3462 3665 ea:
3504 3614 3739 3683 aperibus

2185 3702 2328 3769 legis,
2361 3718 2457 3755 nou
2480 3703 2793 3773 justiﬁcatur
2821 3704 2981 3754 omnis
3004 3718 3135 3769 caro,
3165 3702 3216 3756 id
3250 3713 3331 3757 est
3359 3704 3515 3757 homo
3545 3704 3633 3771 qui
3684 3703 3737 3759 in

2183 3806 2344 3845 carne
2370 3802 2468 3844 est.
2505 3794 2637 3859 Ergo
2664 3792 2705 3844 si
2738 3791 2837 3845 hoc
2859 3794 3086 3846 scientes
3112 3792 3429 3865 credidimus
3462 3808 3554 3861 per
3582 3791 3737 3846 fidem

2178 3880 2606 3947 justilicationeut
2650 3880 2788 3944 lteri,
2824 3882 3001 3950 utique
3030 3896 3285 3950 erramus,
3318 3882 3364 3935 si
3394 3896 3536 3936 nunc
3568 3881 3633 3935 ad
3656 3882 3740 3949 ju-

2183 3971 2442 4024 daismum
2483 3970 2729 4036 redimus,
2763 3986 2827 4025 ex
2872 3988 2977 4039 quo
3026 3973 3381 4039 transivimus,
3438 3984 3494 4027 ut
3541 3990 3647 4028 non
3674 3988 3740 4029 ex

2184 4060 2431 4128 operibus
2463 4060 2810 4129 justiticemur
2840 4061 2931 4114 sed
2971 4077 3036 4116 ex
3071 4061 3194 4126 ﬁde,
3228 4072 3280 4116 et
3330 4063 3432 4117 lide
3478 4066 3529 4117 in
3580 4062 3737 4117 Chri-

2182 4158 2322 4201 stum
2353 4166 2365 4201 :
2396 4150 2509 4217 ipsa
2536 4151 2672 4204 enim
2711 4152 2840 4205 lidcs
2874 4152 2984 4205 sola
3018 4151 3092 4223 (5)
3115 4152 3548 4221 justiticatiouem
3573 4154 3666 4208 dat
3689 4164 3742 4209 et

2182 4239 2674 4295 sanctilicationem.
2716 4241 2791 4295 ita
2816 4242 3062 4310 quotlibet
3103 4258 3247 4310 caro,
3278 4244 3389 4298 sive
3411 4243 3597 4314 judzei,
3630 4245 3742 4299 sive

2260 4444 2278 4512 (
2288 4444 2337 4514 1)
2361 4443 2527 4514 Codd.
2550 4462 2703 4514 quare
2725 4460 2818 4513 pro
2842 4448 2904 4500 si.

2259 4513 2340 4581 (2)
2370 4513 2520 4583 Vulg.
2551 4513 2711 4568 addit.
2747 4534 2759 4568 :
2791 4515 2993 4570 Christi.

2370 4602 2516 4673 Vulg.
2550 4622 2571 4681 :_
2594 4615 2796 4674 prapter
2819 4606 2951 4677 quod
2978 4621 3038 4659 ea:
3061 4606 3291 4676 operibus
3321 4607 3443 4677 legis
3467 4625 3568 4664 non
3586 4611 3742 4681 justi-

2183 4674 2412 4740 [imbitur
2436 4677 2596 4726 omnis
2622 4691 2757 4727 caro.

2255 4761 2329 4831 (4)
2357 4763 2593 4817 Notabile
2627 4764 2844 4826 dictum,
2872 4765 3008 4831 quod
3050 4765 3379 4822 demonstrat
3404 4767 3737 4825 Victorinum

2187 4836 2445 4908 posuisse
2488 4847 2688 4908 comma
2744 4845 2864 4886 ante
2900 4846 3182 4908 peccatores
3232 4837 3283 4890 in
3346 4848 3492 4908 textu
3545 4854 3738 4908 supra-

2184 4902 2381 4967 scriptu
2412 4901 2576 4965 Pauli,
2615 4911 2774 4975 secus
2802 4917 2863 4956 ac
2890 4901 2972 4958 est
2998 4907 3049 4957 in
3100 4905 3306 4975 vulgata
3337 4901 3737 4975 editione,'ubi

2186 4980 2463 5036 peccatores
2488 4972 2699 5037 respicit
2716 4982 2900 5041 gentes.

2256 5060 2331 5131 (5)
2368 5061 2437 5113 Ita
2470 5061 2671 5113 locutos
2701 5061 2830 5134 alios
2850 5078 3055 5134 quoque
3084 5074 3259 5132 patres
3285 5064 3486 5134 aliquot
3514 5070 3731 5133 scimus.

2184 5140 2576 5208 quos-recenset
2605 5130 3309 5208 explicatqueBellarminus
3352 5130 3443 5190 lib.
3490 5139 3581 5191 cit.
3613 5130 3732 5208 mp.

2190 5198 2276 5272 25.
2314 5200 2419 5272 Ego
2448 5214 2574 5272 vero
2606 5198 2725 5272 nolo
2770 5198 2908 5272 nunc
2950 5201 3153 5268 ingredi
3183 5206 3398 5272 pelagus
3424 5198 3733 5263 controver-

2188 5270 2279 5320 sim
2308 5269 2373 5321 de
2396 5268 2784 5345 justilicatione.
2819 5268 2957 5343 Ecce
2997 5280 3169 5326 tamen
3198 5268 3348 5327 sacer
3372 5272 3601 5345 Jacobus
3630 5278 3729 5345 Ep.

2186 5351 2301 5417 cap.
2334 5353 2369 5390 ll
2390 5336 2407 5388 z'
2437 5336 2689 5417 Aththam
2712 5348 2850 5417 prater
2880 5340 3042 5393 noSler
3066 5358 3229 5395 nonne
3254 5336 3732 5417 exaperibusjstsii-

2184 5406 2459 5485 licatns‘est
2481 5406 2692 5469 offerens
2713 5407 2870 5485 [ilium
2891 5425 3035 5485 suum
3056 5426 3205 5485 super
3225 5406 3422 5464 altare?
3448 5406 3594 5467 vide;
3608 5433 3729 5485 quo-

2185 5476 2320 5552 niam
2351 5475 2473 5542 fides
2501 5476 2858 5552 cooperabatur
2877 5475 3267 5552 operibus'ejus,
3310 5489 3452 5552 etes;
3499 5475 3727 5552 operibus

2184 5543 2307 5609 ﬁdes
2324 5553 2662 5621 consummata
2689 5545 2800 5598 est?
2824 5576 2891 5587 —
2911 5543 3557 5621 ExOperibusjnstiﬁcatur
3582 5553 3728 5609 homo

2181 5626 2227 5667 et
2254 5628 2352 5667 non
2379 5628 2440 5666 ex
2462 5613 2563 5682 ﬁde
2586 5623 2795 5668 tantum.

3886 476 3903 695 l
