3950 6206
216 253 379 310 1165

1096 250 1157 306 ΙΝ
1198 247 1572 307 EPISTOLMI
1611 244 1809 303 PAULI
1850 238 1939 299 Al)
1975 241 2294 302 ΕΛΕΑΤΑὸ
2313 245 2514 301 LIBER
2553 245 2590 302 I.

3321 252 3458 311 H66

216 378 296 418 ex
329 364 601 435 gentibus,
619 378 798 419 nones
816 363 1270 433 cperibus,neque
1286 359 1656 416 observatione
1675 358 1805 426 legis
1829 361 1876 416 Δ
1906 369 2021 423 gem
2067 356 2352 423 accepisse.
2386 358 2571 425 "liam
2618 356 2775 411 homo
2816 366 2963 413 νίὲιυ5
3003 359 3141 414 “ius
3181 360 3251 417 δίι
3296 364 3460 429 cruel.

222 458 569 522 Judmorum,
597 458 690 513 sed
713 458 1033 524 jnstiﬁcatnr
1056 475 1117 512 ex
1149 458 1268 513 lide.

312 551 481 605 Vsus.
510 552 592 604 I7.
617 581 685 593 —-
714 552 774 606 Si
799 562 961 604 autem
987 560 1261 621 quturentes
1274 549 1550 618 iustiﬁcari
1574 548 1625 601 in
1655 545 1802 602 Chri-

230 651 345 705 sto,
366 642 673 694 inveniemur
698 651 742 696 et
767 642 866 711 ipsi
894 650 1194 710 peccatores,
1225 658 1340 711 ergo
1367 650 1411 693 et
1438 640 1661 693 Christus
1688 652 1803 707 pec-

232 730 348 781 cuti
372 731 595 783 minister
661 730 867 799 est(l)?
904 730 1109 783 Etenim
1159 737 1463 797 peccatores
1518 742 1639 783 cum
1696 726 1803 780 sint

227 818 423 887 judaei,
452 829 505 873 et
528 831 829 887 peccatores
856 834 956 873 non
982 834 1045 874 ex
1070 819 1332 888 gentibus,
1371 828 1424 872 et
1447 833 1564 873 cum
1589 826 1801 886 accepta

238 911 351 964 ﬁde
391 912 440 962 in
462 910 673 964 Christo
708 912 912 979 agimus
956 911 1095 979 quod
1137 910 1301 965 Juda-i
1342 918 1522 979 agunt,
1556 909 1641 977 qui
1673 908 1801 961 ideo

237 998 297 1052 in
336 998 601 1054 Christum
641 1000 795 1054 tidem
835 1001 1122 1063 sumimus,
1155 1000 1273 1068 quia
1317 1015 1419 1053 non
1460 1014 1525 1053 ex
1554 999 1800 1065 operibus

238 1088 376 1157 legis
400 1088 673 1157 jnstiﬁcari
705 1092 1057 1146 intelleximus
1083 1091 1368 1155 hominem,
1400 1091 1449 1144 in
1478 1106 1578 1157 qua
1606 1091 1681 1161 (Ξ)
1710 1105 1802 1145 vo-

239 1181 419 1236 lumus
439 1182 717 1251 iustiﬁcari
744 1184 797 1236 in
819 1183 1061 1247 Christo;
1089 1185 1431 1238 observantes
1458 1183 1589 1252 legis
1614 1197 1796 1251 opera,

238 1280 552 1339 peccatores
581 1271 840 1326 elﬁeimur
866 1289 878 1323 :
896 1272 1006 1341 jam
1034 1273 1093 1325 ﬁt
1117 1281 1175 1325 ut
1202 1271 1444 1327 Christus
1474 1272 1672 1341 peccati
1702 1272 1799 1324 mi-

242 1362 414 1416 nister
440 1364 540 1426 sit;
590 1380 745 1431 quem
791 1363 911 1417 ideo
948 1365 1267 1432 accepimus,
1314 1380 1378 1417 ne
1422 1376 1795 1432 peccarcmus;

244 1469 389 1507 hllttc
409 1464 627 1523 accepto
650 1457 798 1531 ipso;
828 1469 947 1508 cum
978 1454 1042 1508 ad
1075 1464 1283 1523 peccata
1314 1455 1617 1518 redeamus,
1647 1454 1694 1507 id
1718 1464 1799 1508 est

242 1542 776 1613 jml:ti1.0tnus,facltts
799 1553 881 1600 est
903 1543 1144 1600 Christus
1165 1546 1361 1615 peccati
1396 1544 1669 1599 minister?
1693 1543 1795 1598 Sed

242 1632 365 1699 hoc,
388 1635 575 1704 inquit,
608 1635 743 1689 absit
772 1653 785 1689 :
819 1635 867 1689 id
892 1645 967 1689 cst
998 1652 1098 1691 non
1117 1637 1185 1690 ita
1214 1645 1421 1707 oportet
1450 1636 1665 1701 sentire,
1692 1651 1794 1689 non

1903 441 1954 497 id
1976 454 2056 498 est
2078 454 2182 497 tota
2209 460 2352 509 caro,
2382 447 2433 500 id
2452 456 2534 500 est
2556 447 2726 500 omnis
2746 447 2903 502 homo
2927 456 3096 514 vetus,
3116 458 3171 504 et
3195 449 3459 507 desideria

1902 534 2095 587 carnis.
2138 534 2247 588 lloe
2282 537 2421 590 enim
2470 536 2717 590 Christus
2770 540 3021 608 mysterio
3068 554 3183 605 suo,
3234 551 3288 596 et
3326 542 3457 598 mihi

1901 626 2028 695 egit.
2070 624 2280 680 Conlisi
2326 643 2452 697 ergo
2481 644 2599 680 cum
2636 630 2843 683 Clll'lrltl
2883 646 3061 684 smnus
3089 633 3253 688 cruci.

1974 714 2131 770 Vsus.
2146 716 2237 773 20.
2257 747 2323 756 —
2342 717 2466 771 Vivo
2487 730 2672 783 autem,
2688 722 2798 790 jam
2816 737 2914 772 non
2936 738 3043 790 ego,
3067 723 3154 775 sed
3173 723 3288 775 vivit
3308 725 3358 777 in
3380 742 3457 779 nte

1901 803 2146 859 Christus.
2174 805 2225 859 Id
2242 807 2444 876 estjam
2465 810 2561 875 Spit
2580 809 2678 861 itus
2707 810 2870 863 factus
2890 827 3023 874 sum,
3042 813 3345 882 Spiritaliter
3369 816 3451 870 in-‘

1902 896 2184 966 tclligendo
2203 898 2445 952 mandata
2476 900 2586 953 Dei.
2616 900 2753 954 Ante
2772 911 2935 955 totum
2964 905 3097 959 circa
3127 920 3339 961 carnem
3364 924 3449 963 me

1900 986 2231 1053 exhibebant,
2262 998 2315 1042 et
2347 990 2461 1058 ejus
2487 990 2763 1045 desideriis
2793 994 2876 1047 vel
2906 995 3198 1051 serviebant
3236 1000 3319 1053 vel
3350 1000 3454 1053 im-

1900 1077 2180 1144 perabant,
2220 1077 2347 1131 nihil
2396 1081 2702 1147 Spiritaliter
2747 1083 3067 1154 intelligens.
3127 1087 3275 1143 Nunc
3325 1106 3453 1161 ergo

1898 1167 2144 1235 quoniam
2177 1170 2287 1237 ipse
2326 1169 2628 1237 spiritaliter
2657 1174 2772 1227 vivo
2796 1214 2811 1238 ,
2843 1176 2966 1227 vivit
2996 1176 3046 1229 in
3075 1193 3157 1231 me
3186 1178 3452 1234 Christus.

1902 1257 2049 1319 Quod
2076 1268 2239 1311 autem
2263 1276 2395 1313 nuttc
2418 1261 2521 1314 rivo
2542 1263 2592 1314 in
2615 1278 2783 1329 carne,
2807 1266 2856 1317 in
2886 1266 2985 1332 [ide
3012 1268 3119 1321 vivo
3149 1270 3242 1336 ﬁlii
3279 1270 3374 1323 Dei
3399 1280 3454 1327 et

1897 1344 2112 1399 Christi.
2153 1346 2261 1401 lloc
2300 1360 2382 1402 est
2422 1365 2545 1404 vere
2571 1352 2875 1420 spiritaliter
2905 1357 3079 1412 vivere
3102 1400 3115 1422 ,
3162 1369 3217 1412 ut
3246 1376 3363 1415 cum
3396 1364 3448 1415 in

1897 1448 2058 1489 Carne
2086 1436 2203 1505 quis
2227 1439 2397 1502 vivat,
2431 1454 2535 1494 non
2566 1454 2780 1511 propter
2806 1460 3019 1515 carnem
3065 1448 3233 1514 vivat,
3267 1467 3440 1521 neque

1897 1539 1960 1577 ex
2000 1539 2190 1591 carne,
2222 1526 2314 1581 sed
2341 1528 2481 1582 vivat
2523 1530 2629 1583 Deo
2668 1542 2718 1586 et
2750 1534 2959 1588 Christo
2987 1537 3037 1590 in
3087 1539 3188 1592 ﬁde
3216 1554 3401 1595 eorum
3431 1560 3443 1595 :

1897 1617 2035 1684 quod
2061 1627 2142 1672 est
2167 1618 2341 1674 vivere
2369 1620 2694 1689 spiritaliter,
2734 1625 2800 1680 de
2828 1626 2941 1695 ipso
2980 1629 3238 1695 cogitare,
3282 1632 3453 1701 ipsum

243 1728 313 1782 ita
350 1744 524 1798 agere,
558 1738 612 1783 nt
641 1728 877 1783 Christus
918 1735 1113 1798 peccati
1143 1720 1394 1785 'minister
1439 1730 1526 1795 sit,
1560 1730 1645 1799 qui
1675 1730 1794 1784 ideo
1827 1729 1870 1787 Β
1900 1708 2059 1779 loqui:
2103 1711 2272 1779 ipsum
2309 1713 2547 1780 σι’θάθτθν
2579 1714 2644 1769 3d
2684 1713 2857 1784 ipsum
2899 1719 3166 1775 ἀθείάϐτίο
3208 1723 3447 1791 “indere.

246 1833 430 1888 passus
478 1830 559 1873 est
603 1830 657 1873 ut
705 1830 976 1888 peceatum
1023 1822 1280 1875 interiret.

313 1910 472 1964 Vsus.
506 1911 587 1966 l8.
612 1940 680 1950 —
708 1911 768 1965 Si
785 1913 915 1964 enim
936 1927 1049 1981 qun:
1073 1915 1318 1973 destruxi,
1346 1913 1523 1967 iterum
1547 1912 1653 1966 lucc
1675 1911 1799 1965 tedi-

246 2001 359 2068 ﬁco,
404 2003 833 2070 prmrnricatorem
861 2019 939 2054 me
965 2004 1229 2056 constituo.
1262 2001 1390 2056 Cum
1436 2003 1575 2057 enim
1600 2001 1797 2057 credidi

242 2090 447 2159 jndmns
464 2092 515 2144 in
531 2091 760 2152 Christo.
779 2091 1008 2147 destrnxi
1036 2094 1198 2161 legem
1220 2104 1271 2146 et
1293 2094 1423 2162 legis
1449 2107 1606 2160 opera
1631 2109 1641 2143 :
1663 2107 1800 2145 nunc

246 2190 419 2234 autem
446 2191 560 2249 post
582 2182 944 2236 credulitatem
964 2182 1013 2234 in
1038 2180 1301 2236 Christum
1326 2182 1369 2235 si
1392 2192 1629 2236 revertor
1645 2191 1801 2252 atque

247 2285 346 2339 ago
362 2272 490 2339 legis
512 2287 689 2339 Opera,
706 2273 908 2325 :cdiﬁeo
928 2287 1044 2341 qua:
1064 2272 1321 2336 destrnxi,
1339 2283 1392 2327 et
1413 2288 1526 2325 sum
1541 2271 1646 2340 jam
1674 2289 1803 2340 prae-

249 2362 529 2424 Varicator,
559 2361 647 2429 qui
676 2372 855 2417 contra
887 2361 1020 2416 facio
1048 2376 1201 2431 quam
1227 2362 1425 2416 utilitas
1449 2371 1503 2416 et
1544 2360 1710 2416 virtus
1747 2369 1802 2415 et

251 2469 407 2509 causa
444 2457 686 2523 postulat.
726 2454 888 2523 Cujus
917 2466 1089 2509 autem
1123 2457 1494 2523 praevaricator
1514 2456 1664 2507 sum?
1698 2470 1801 2508 non

254 2546 400 2614 legis,
421 2549 512 2601 sed
534 2548 725 2601 Christi
752 2565 762 2600 :
787 2547 1027 2600 mandata
1050 2548 1189 2601 enim
1207 2547 1399 2602 Christi
1424 2547 1472 2600 in
1496 2549 1806 2617 pracvarica-

258 2636 451 2691 tionem
482 2640 652 2702 traho,
674 2640 715 2692 si
744 2639 807 2693 ad
834 2638 1151 2706 induismum
1174 2648 1431 2702 revertor,
1452 2647 1503 2693 et
1531 2652 1592 2692 ea
1623 2637 1808 2691 obser-

256 2744 380 2783 vare
410 2731 605 2799 incipio
650 2748 766 2799 qum
802 2732 1145 2786 condemnari
1188 2731 1547 2795 observanda;
1579 2733 1697 2799 quia
1731 2733 1808 2785 in-

256 2824 431 2878 tellexi
484 2839 586 2878 non
645 2840 712 2879 ex
767 2825 897 2893 ipsis
941 2825 1219 2893 jnstiﬁcari
1269 2823 1555 2887 hominem,
1605 2823 1697 2877 sed
1741 2838 1805 2878 ex

254 2911 485 2966 Christo.

329 3002 487 3056 Vens.
514 3002 596 3056 19.
628 3032 695 3043 -
718 3002 825 3073 Ego
865 3004 994 3056 enim
1021 3019 1107 3071 per
1134 3003 1398 3073 legemlegi
1419 3012 1642 3057 mortuus
1670 3020 1801 3066 sum,

256 3102 311 3144 ttt
350 3091 451 3145 Deo
478 3094 654 3146 vivum.
686 3070 865 3149 Potest
906 3070 1070 3146 videri
1104 3070 1233 3148 duas
1267 3094 1406 3163 leges
1436 3093 1632 3149 dixisse
1655 3090 1803 3147 ‘pau.
1830 3083 1873 3144 ρ
1908 3070 2001 3163 ﬂ",

256 3180 357 3243 lus,
391 3197 546 3234 unum
586 3181 799 3246 Christi,
845 3182 1061 3236 alteram
1089 3182 1271 3252 Moysi,
1316 3195 1371 3235 nt
1396 3183 1493 3252 ipsi
1535 3184 1633 3255 legi
1664 3199 1800 3238 mor-

256 3278 400 3323 tuum
428 3286 487 3324 se
514 3271 673 3335 dicat,
707 3287 821 3340 qua:
854 3271 950 3324 fuit
970 3270 1163 3325 ludatis
1190 3272 1331 3337 data,
1364 3287 1455 3340 per
1493 3274 1657 3342 legem
1685 3290 1801 3343 quas

253 3363 512 3417 aChrism
547 3363 664 3416 data
693 3364 758 3415 sit
794 3380 806 3415 :
835 3372 892 3416 ut
916 3363 1016 3417 hoc
1056 3362 1143 3425 sit,
1194 3379 1285 3429 per
1325 3366 1491 3432 legem
1529 3364 1625 3433 legi
1659 3380 1803 3418 mor-

259 3462 378 3507 tuus
403 3468 550 3517 sum;
586 3452 635 3506 id
661 3463 735 3507 est
758 3468 851 3521 per
878 3453 1041 3521 legem
1072 3452 1267 3506 Chrisﬁ
1301 3464 1535 3508 mortuus
1567 3470 1679 3508 sum
1703 3456 1801 3522 legi

256 3542 553 3596 Judmorum
583 3554 702 3595 ante
723 3543 879 3595 datm.
916 3543 1093 3597 Potest
1119 3553 1293 3598 autem
1320 3544 1501 3609 videri,
1534 3545 1673 3615 quod
1702 3547 1805 3600 Ire-

257 3640 478 3700 qnenter
506 3633 575 3684 ait
609 3631 816 3694 Paulus,
865 3632 955 3685 sed
989 3643 1042 3687 et
1076 3632 1188 3700 ipse
1234 3633 1490 3698 Salvator,
1525 3644 1576 3686 nt
1606 3634 1803 3688 idcirco

255 3718 386 3773 duas
418 3720 555 3788 leges
600 3720 721 3775 hinc
763 3721 1128 3784 nominaverit,
1160 3722 1405 3790 quoniam
1460 3722 1643 3776 eadem
1691 3724 1800 3791 ipsa

254 3809 397 3862 velut
422 3809 608 3877 duplex
632 3820 733 3873 est,
762 3825 863 3864 una
891 3824 1011 3864 cum
1035 3811 1335 3874 carnaliter,
1366 3812 1528 3865 altera
1552 3826 1670 3866 cum
1697 3813 1804 3881 spi-

254 3904 509 3968 ritaliter,
545 3903 868 3972 intelligitur.
917 3907 1048 3957 Ante
1081 3914 1256 3957 autem
1286 3904 1570 3959 carnaliter
1611 3905 1801 3960 intelli-

255 3991 509 4060 gehatur;
571 4002 624 4046 et
680 4009 743 4045 ex
797 3994 1043 4061 operibus
1077 4002 1130 4047 et
1183 4009 1245 4047 ex
1294 3995 1696 4049 circumcisione
1750 4003 1803 4049 et

255 4082 459 4134 cateris
479 4080 934 4135 observationibus
961 4082 1239 4136 carnaliter
1258 4083 1535 4137 intellectis
1567 4082 1663 4150 legi
1687 4096 1799 4137 ser-

257 4170 493 4223 viebatnr
517 4186 529 4220 :
560 4179 613 4222 at
641 4180 819 4238 postea
842 4186 995 4235 quam
1022 4170 1265 4224 Salvator
1287 4186 1467 4225 verum
1496 4181 1547 4224 et
1568 4170 1803 4239 spiritale

256 4260 430 4313 lumen
462 4261 721 4328 apparuit,
752 4260 971 4330 intelligi
1001 4262 1083 4315 lex
1110 4264 1275 4329 etrapit
1305 4260 1638 4329 Spiritaliter;
1667 4261 1800 4315 facta

256 4350 400 4403 velut
427 4351 545 4415 alia,
571 4366 687 4404 cum
716 4350 897 4404 eadem
928 4350 1038 4419 ipsa
1059 4351 1139 4405 lex
1165 4352 1251 4405 sit.
1284 4350 1424 4421 Ergo
1445 4353 1543 4406 erit
1573 4366 1760 4406 sensus
1785 4369 1797 4404 :

1899 1798 2077 1869 iugere
2103 1802 2380 1868 mundum,
2402 1820 2666 1872 exponere
2696 1808 2869 1861 omnia
2892 1825 3008 1877 qua:
3036 1811 3084 1863 in
3118 1813 3311 1868 mundo
3333 1826 3458 1870 sunt

1897 1904 1959 1944 es
1984 1892 2158 1945 animo
2188 1908 2200 1943 :
2233 1894 2332 1947 hoc
2357 1903 2439 1948 est
2463 1895 2564 1950 ﬁde
2585 1897 2781 1959 vivere,
2815 1915 2840 1951 a
2865 1902 3009 1956 nullo
3030 1903 3169 1957 aliud
3195 1903 3318 1958 boni
3337 1921 3456 1975 spe-

1897 1994 2019 2033 rare
2042 1996 2197 2050 quam
2223 1997 2253 2034 a
2275 1984 2485 2036 Christo
2511 1993 2565 2037 et
2592 2000 2619 2037 a
2654 1986 2759 2040 Deo
2783 2004 2795 2038 :
2827 1988 2926 2042 hoc
2950 2001 3030 2043 est
3054 1990 3103 2044 in
3137 1992 3238 2045 ﬁde
3278 1994 3457 2049 vivere

1898 2078 1953 2123 et
1990 2070 2077 2123 Dei
2118 2081 2171 2124 et
2198 2069 2413 2137 Christi,
2443 2074 2529 2143 qui
2580 2089 2666 2129 me
2705 2076 2888 2131 dilexit
2923 2088 2973 2132 et
2999 2080 3213 2134 tradidit
3255 2089 3457 2136 tantum

1900 2158 2235 2225 beneﬁcium,
2264 2173 2317 2214 ut
2344 2178 2400 2215 se
2442 2178 2538 2231 pro
2568 2164 2720 2218 nobis
2758 2166 2909 2221 daret
2937 2169 3096 2222 murti
3124 2179 3175 2223 et
3201 2173 3365 2239 cruci,
3397 2189 3460 2228 ac

1901 2250 1981 2303 sic
2013 2264 2107 2302 nos
2135 2250 2203 2303 de
2234 2254 2461 2320 peccatis
2488 2253 2755 2309 liberaret.

1976 2337 2210 2406 Denique
2247 2340 2323 2392 sic
2365 2341 2721 2409 subsequitur,
2758 2342 2916 2397 Vens.
2972 2346 3035 2400 2i
3072 2363 3180 2399 :--
3203 2348 3323 2402 Non
3348 2366 3460 2403 sum

1902 2425 2129 2495 ingratus
2156 2429 2336 2498 gratia:
2364 2427 2457 2483 Dei
2486 2430 2565 2501 (I)
2600 2442 2653 2484 ut
2678 2446 2793 2486 cum
2820 2437 2930 2504 ipse
2959 2452 3043 2491 me
3072 2438 3336 2495 haerede
3379 2442 3458 2497 fe-

1903 2520 2033 2573 cerit
2057 2535 2148 2588 per
2170 2518 2459 2586 Christum,
2489 2532 2541 2575 et
2566 2523 2806 2578 Christus
2830 2541 2889 2580 se
2919 2528 3191 2583 tradiderit
3223 2548 3317 2600 pro
3343 2549 3449 2597 me,

1904 2623 2001 2678 ego
2025 2610 2237 2663 dimissa
2266 2612 2408 2665 omni
2429 2627 2523 2681 spe
2543 2629 2697 2676 quam
2728 2613 2898 2670 habeo
2917 2616 2969 2671 in
2992 2620 3225 2687 Christo,
3246 2622 3460 2678 redeam

1904 2700 1969 2754 ad
1999 2716 2145 2769 spem
2173 2702 2303 2770 legis
2335 2712 2391 2756 ut
2414 2706 2625 2757 credam
2654 2721 2721 2758 ex
2746 2709 2995 2775 Operibus
3038 2712 3165 2780 legis
3194 2727 3277 2766 me
3298 2714 3460 2782 justi-

1906 2788 2073 2843 ﬁcari.
2105 2790 2215 2844 Iloc
2235 2802 2317 2845 est
2346 2794 2603 2861 ingratum
2626 2810 2745 2849 esse
2764 2797 2810 2850 ei
2835 2800 2918 2865 qui
2941 2799 3067 2853 mihi
3096 2810 3299 2855 tantum
3328 2819 3461 2872 prin-

1907 2878 2055 2939 stitit,
2085 2885 2140 2931 ut
2159 2893 2252 2946 pro
2277 2894 2361 2933 me
2388 2895 2445 2933 se
2464 2881 2742 2949 objiceret,
2770 2892 2823 2936 et
2851 2900 2934 2938 me
2960 2901 2987 2938 a
3014 2890 3242 2956 peccatis
3276 2890 3464 2945 libera-

1907 2976 1988 3022 ret
2004 2984 2094 3037 per
2118 2980 2327 3037 peccata
2348 2972 2397 3023 in
2422 2986 2480 3024 se
2513 2973 2712 3040 punita.
2738 2972 2873 3026 Nam
2897 2978 2945 3028 si
2970 2995 3058 3047 per
3084 2980 3240 3050 legem
3261 2984 3465 3050 justitia

2026 3075 2142 3128 ergo
2169 3057 2397 3113 Christus
2423 3062 2581 3129 gratis
2606 3074 2833 3116 mortuus
2861 3076 2954 3117 est.
2995 3066 3155 3121 Plena
3195 3072 3464 3126 conclusio

1904 3146 2044 3201 circa
2072 3163 2278 3203 errores
2307 3147 2608 3203 Galatarum
2631 3160 2683 3205 et
2711 3165 2892 3207 eorum
2924 3156 3012 3224 qui
3034 3156 3100 3210 ad
3132 3157 3459 3215 christianis«

1904 3237 2390 3305 mumjudaismum
2434 3239 2670 3293 addunt:
2703 3244 2919 3309 etenim,
2944 3246 3129 3314 inquit,
3174 3252 3216 3301 si
3258 3249 3460 3318 justitia

1903 3334 1984 3379 est
2010 3341 2103 3394 per
2130 3328 2318 3395 legem,
2347 3327 2541 3382 frustra
2571 3338 2806 3384 mortuus
2836 3340 2917 3385 est
2943 3334 3203 3390 Christus.
3232 3338 3286 3392 Si
3316 3340 3457 3395 enim

1905 3416 2021 3471 ideo
2052 3427 2287 3495 mortuus
2312 3428 2392 3473 est
2420 3417 2681 3485 Christus,
2720 3424 2964 3490 quoniam
3002 3426 3312 3495 justiﬁcatio
3352 3446 3460 3487 non

1904 3494 2239 3577 contingebat
2272 3525 2335 3564 ex
2378 3510 2509 3579 lege,
2544 3511 2713 3565 debeo
2742 3494 3015 3567 Chiistum
3052 3526 3224 3573 tamen
3271 3521 3457 3591 sequi:

1905 3597 1986 3650 sin
2037 3607 2210 3652 autem
2250 3599 2405 3653 etiam
2446 3610 2564 3669 post
2606 3602 2886 3656 adventum
2924 3606 3118 3661 Christi
3156 3625 3248 3677 per
3286 3611 3457 3681 legent

1900 3685 2174 3753 jnstiﬁcari
2213 3704 2299 3743 me
2326 3688 2508 3755 credo,
2540 3707 2642 3745 non
2671 3702 2751 3747 est
2777 3704 3012 3750 mortuus
3037 3696 3279 3754 Christus
3303 3718 3460 3772 prop-

1908 3786 1985 3831 ter
2015 3793 2118 3842 me,
2146 3788 2198 3833 et
2226 3780 2389 3849 gratis
2418 3794 2655 3837 mortuus
2680 3793 2781 3849 est,
2814 3786 2865 3839 id
2889 3798 2968 3842 est
2993 3790 3107 3843 sine
3127 3804 3282 3845 causa
3314 3808 3456 3847 mor-

1908 3876 2026 3922 tuus
2066 3876 2165 3922 est.
2211 3869 2410 3939 Pugnat
2451 3884 2504 3926 et
2551 3874 2827 3930 adversum
2876 3877 2973 3932 sibi
3019 3888 3121 3942 est,
3154 3880 3372 3937 credere
3399 3883 3453 3936 in

1905 3956 2187 4023 Christum,
2237 3968 2289 4015 et
2329 3962 2460 4030 legis
2489 3979 2648 4033 opera
2696 3969 2877 4035 sequi;
2908 3984 3026 4022 cum
3070 3968 3211 4023 enim
3258 3972 3339 4026 lex
3386 3989 3453 4029 ex

1904 4050 2152 4118 operibus
2177 4052 2282 4105 suis
2300 4068 2403 4107 non
2416 4053 2730 4125 justiliearet
2752 4057 3037 4124 hominem,
3090 4060 3284 4115 idcirco
3303 4060 3455 4115 Chri-

1903 4148 2016 4193 stus
2044 4142 2205 4206 venit,
2240 4152 2295 4196 ut
2340 4154 2510 4199 morte
2551 4161 2642 4199 sua
2674 4147 2978 4216 justiﬁcatio
3018 4148 3219 4204 homini
3263 4152 3446 4207 ﬁeret:

1906 4244 2042 4283 nunc
2067 4244 2184 4283 cum
2212 4231 2276 4284 ad
2309 4233 2474 4301 legem
2507 4235 2706 4289 reditus
2743 4237 2810 4290 sit
2839 4248 2956 4307 post
3007 4238 3159 4294 ﬁdem
3200 4242 3255 4296 in
3294 4242 3450 4297 Chri-

1904 4331 2063 4385 stum,
2094 4323 2255 4389 gratis
2274 4323 2529 4378 videbitur
2550 4324 2789 4382 Christus
2811 4340 3048 4384 mortuus
3070 4347 3209 4397 esse,
3239 4342 3295 4386 ut
3320 4334 3450 4389 nihil

255 4454 357 4509 ego
381 4441 518 4494 enim
537 4411 636 4508 per
655 4442 820 4510 legem
848 4411 963 4510 quia
986 4456 1123 4496 nunc
1144 4411 1451 4511 spiritaliter
1479 4444 1800 4511 intelligitur,
1827 4442 1879 4500 D
1907 4411 2437 4511 Pubisnpmsmerit;
2479 4417 2671 4485 quippe
2714 4434 2834 4472 cum
2866 4420 2974 4487 jam
3029 4424 3308 4489 pmsmba‘
3353 4426 3453 4480 hoc

258 4529 360 4597 legi
402 4539 636 4582 mortuus
659 4545 807 4593 sum;
840 4529 913 4583 illi
952 4531 1154 4584 scilicet
1201 4531 1322 4599 legi,
1377 4547 1493 4600 quin
1522 4533 1804 4585 carnaliter

258 4617 661 4684 intelligebatur.
696 4618 763 4671 Et
789 4635 908 4671 cum
938 4620 1009 4684 ita
1033 4622 1119 4685 sit,
1151 4620 1268 4688 quia
1299 4628 1469 4673 tamen
1500 4620 1805 4689 Spiritalttcr

259 4708 494 4776 intelligo
529 4709 715 4775 legem,
765 4720 1003 4763 mortuus
1052 4724 1169 4763 sum
1212 4710 1309 4779 legi
1358 4712 1574 4773 carnali,
1609 4722 1663 4763 nt
1696 4710 1803 4763 Deo

260 4800 449 4853 vivam.
485 4800 571 4854 Sic
597 4800 734 4853 enim
763 4800 869 4853 Deo
899 4800 1016 4869 quis
1055 4802 1180 4854 vivit
1202 4816 1319 4855 cum
1350 4814 1606 4869 prmcepta
1635 4801 1720 4853 illa
1752 4803 1801 4853 in

259 4892 376 4959 lege
401 4893 567 4956 posita
592 4906 694 4945 non
733 4892 1013 4945 carnaliter
1056 4892 1315 4961 intelligit,
1346 4892 1438 4946 sed
1467 4892 1800 4961 spiritaliter;

260 4980 313 5035 Id
333 4982 549 5050 estquid
579 4984 644 5035 sit
668 4998 791 5037 vere
816 4982 1143 5049 circumcidi,
1170 4982 1291 5052 quid
1317 4984 1388 5038 sit
1408 5000 1585 5038 verum
1614 4984 1805 5038 sabba-

260 5079 391 5134 tum,
425 5070 548 5139 quid
574 5082 780 5137 caetera,
828 5088 943 5141 quae
974 5072 1153 5127 multis
1174 5073 1311 5130 locis
1339 5081 1391 5129 et
1423 5082 1639 5128 tractata
1682 5083 1805 5129 sunt

257 5170 315 5216 et
340 5161 714 5215 tractabuntur.

328 5248 453 5304 Cum
478 5249 672 5316 Christo
700 5252 969 5317 cruciﬁxus
1007 5270 1136 5307 sunt.
1166 5253 1275 5309 Iloc
1301 5263 1379 5309 est
1404 5255 1514 5324 jam
1542 5254 1696 5309 aliam
1727 5256 1802 5310 le-

327 5401 405 5475 (I)
430 5401 590 5475 _\’nlg.
628 5420 640 5454 :
674 5403 886 5475 Quodsi
919 5414 1189 5471 qumrentes
1206 5405 1479 5475 jnstiﬁcnri
1512 5407 1562 5459 in
1587 5405 1806 5473 Christo,

255 5472 441 5545 inventi
456 5488 629 5545 sumus
654 5483 697 5524 et
711 5473 815 5545 ipsi
846 5483 1142 5541 peccatores,
1174 5472 1416 5544 numquid
1448 5476 1671 5530 Christus
1691 5472 1807 5545 pecé

254 5544 351 5595 cati
373 5542 597 5597 minister
616 5552 685 5595 est
704 5542 729 5593 ?
753 5542 901 5595 absit.

323 5610 403 5681 (ξ)
431 5610 777 5679 Subintcllige
804 5610 922 5671 ﬁde.

1906 4500 2015 4554 lex.
2064 4502 2223 4557 Porro
2264 4516 2438 4559 autem
2482 4523 2583 4561 non
2634 4512 2914 4577 prtestabat
2950 4515 3049 4568 hoc
3091 4516 3204 4581 lex;
3237 4526 3289 4571 et
3332 4518 3452 4573 ideo

1904 4588 2144 4645 Christus
2187 4596 2347 4659 venit,
2390 4606 2447 4649 ut
2486 4599 2595 4665 ipse
2644 4610 3101 4673 prmstarehergo
3146 4620 3250 4660 non
3286 4607 3449 4675 gratis

1903 4691 2140 4735 mortuus
2164 4692 2244 4737 est
2269 4682 2540 4750 Christus;
2567 4688 2658 4741 sed
2692 4704 2785 4758 per
2811 4692 2979 4760 ipsum
3018 4695 3168 4748 nobis
3189 4695 3446 4763 justiﬁes-

1904 4772 1978 4824 tio
2018 4776 2285 4841 provenit:
2310 4777 2447 4845 quod
2478 4780 2521 4832 si
2555 4781 2621 4833 ita
2645 4791 2746 4847 est,
2774 4797 2841 4837 ex
2894 4786 3140 4853 operibus
3178 4787 3306 4857 legis
3345 4804 3451 4844 non

1906 4875 1986 4918 est
2006 4864 2228 4934 justitia.

1974 4954 2122 5008 CAP.
2157 4955 2237 5010 III.
2268 4957 2506 5012 —V£ns.
2532 4961 2577 5013 l.
2596 4992 2666 5002 -—
2689 4961 2731 5015 0
2748 4965 2885 5017 stulti
2906 4964 3116 5033 Galatia,
3138 4969 3247 5037 quis
3277 4985 3360 5022 vos
3377 4974 3457 5039 [αι

1906 5044 2111 5097 scinavit
2143 5044 2241 5116 (Ξ),
2271 5057 2382 5100 ante
2404 5066 2612 5115 quarunt
2631 5055 2799 5107 oculos
2829 5055 3053 5109 Christus
3072 5057 3218 5112 Jesus
3235 5061 3455 5126 proscri-

1908 5144 2023 5203 ptus
2043 5144 2112 5187 est
2142 5134 2241 5205 (3},
2267 5146 2311 5190 et
2329 5138 2382 5190 iu
2402 5138 2536 5192 vobis
2553 5143 2823 5210 cruciﬁxus
2838 5145 2863 5197 ?
2881 5144 2993 5200 Non
3018 5147 3282 5213 patiuntur
3297 5148 3456 5203 fasci-

1906 5240 2049 5289 num,
2077 5226 2176 5280 nisi
2220 5228 2306 5296 qui
2362 5227 2413 5281 in
2467 5229 2605 5283 bono
2643 5233 2817 5302 aliquo
2848 5235 3069 5303 pollent,
3097 5246 3153 5290 et
3188 5238 3454 5305 patiuntur

1980 5340 2057 5417 (ί)
2084 5343 2236 5417 _\{ulg.
2262 5363 2367 5417 non
2389 5347 2571 5417 abjicio
2592 5352 2805 5417 gratiam
2829 5352 2941 5407 Dei.

1910 5411 2059 5533 ἡ
2084 5411 2231 5483 Vulg.
2260 5415 2415 5470 habet
2441 5411 2458 5471 Ξ
2483 5411 2613 5481 ραὶἔ
2634 5435 2719 5473 vos
2744 5424 3003 5489 [asciuauit
3029 5440 3125 5478 non
3147 5427 3342 5480 obedire
3369 5441 3454 5479 ve-

2030 5498 2064 5532 t.

2008 5549 2334 5632 :5)Notem_ns
2382 5554 2660 5632 lectionem
2702 5561 3008 5632 proscriptus
3034 5564 3153 5630 (pro
3189 5564 3454 5632 ωιτηουτ-ἱρά

1918 5622 2020 5689 tus)
2049 5636 2201 5690 quam
2225 5622 2312 5677 alii
2339 5639 2546 5693 qunque
2570 5622 2723 5694 prisci
2747 5622 2921 5696 patres
2944 5622 3339 5699 repraesentant.
