3950 6206
558 246 693 304 1167

1728 239 1913 298 MARII
1955 232 2287 293 VlCTORINl
2326 236 2484 293 AFRI

3653 250 3770 308 1168

555 375 583 413 η
616 360 857 427 malignis
896 367 947 413 ει
986 358 1209 412 invidis;
1244 369 1295 413 ει
1325 374 1442 413 cum
1490 360 1684 413 bonum
1727 374 1787 412 οχ
1832 356 2105 424 cvangelio
2134 350 2179 409 Α
2208 347 2485 407 leraverint
2514 352 2675 407 multa
2708 352 2910 409 fortiter
2939 370 3055 409 cum
3071 358 3376 425 acciperent
3400 358 3588 423 ﬁdem,
3622 363 3766 417 etiam

556 466 683 505 vero
713 450 1069 518 accepissent,
1100 462 1149 504 et
1176 451 1225 503 iu
1266 448 1529 504 Christum
1569 452 1877 512 crederent,
1910 457 1963 502 et
1991 448 2107 514 ejus

559 540 813 609 promissa
875 550 1168 607 sperarent,
1209 555 1343 593 nunc
1370 554 1485 593 cum
1517 540 1799 608 atljungcrc
1851 537 2116 605 cmperint‘

556 629 711 683 ctiam
734 628 983 697 judaismi
1013 628 1361 695 disciplinam,
1391 632 1522 698 quis,
1551 631 1734 698 iantil,
1761 644 1853 683 vos
1882 628 2106 681 inscitia-

555 719 649 782 vit,
676 728 730 771 ιιι
756 734 781 770 a
808 718 945 771 bono
974 725 1150 771 vestro
1174 718 1525 772 rccederctis?
1569 719 1705 771 Estis
1747 720 1901 787 igitur
1931 717 2099 779 stulti,

554 808 603 862 id
621 816 700 861 est
723 824 823 861 non
846 806 1213 875 intelligentes.
1238 807 1369 872 Quid
1389 818 1559 860 autem
1584 808 1935 870 admiserunt,
1964 806 2100 859 unde

554 900 697 953 Stulti
732 900 887 951 sunt?
927 898 1063 966 quod
1106 898 1207 951 illis
1235 912 1537 965 persuasum
1572 908 1653 951 est
1680 898 1857 953 colere
1898 896 2100 965 judais-

552 1006 715 1043 nium.
745 990 883 1057 Ergo
904 988 1223 1056 proscriptus
1254 986 1492 1053 Christus
1519 997 1619 1051 est,
1652 988 1699 1041 id
1720 998 1797 1039 est
1828 988 1961 1040 bona
1983 989 2097 1054 ejus

546 1078 793 1132 distracta
825 1087 875 1130 et
898 1078 1101 1130 vendita
1131 1085 1271 1141 sunt,
1312 1092 1428 1146 qua:
1459 1078 1634 1145 utique
1664 1078 1714 1130 in
1745 1078 1893 1131 nobis
1921 1086 2093 1138 erant,

550 1180 602 1225 et
644 1169 890 1237 judaismi
949 1168 1289 1237 persuasione
1345 1170 1633 1239 proscripta
1688 1178 1827 1233 sunt,
1884 1167 2092 1222 vendita

544 1275 598 1319 et
644 1264 866 1331 perdita.
913 1262 1050 1332 Ergo
1071 1263 1237 1327 stulti,
1284 1278 1503 1332 quorum
1548 1274 1668 1318 ante
1713 1266 1892 1320 oculos
1939 1264 2092 1318 Jesus

546 1358 788 1413 Christus
814 1360 1137 1427 proscriptus
1158 1367 1260 1422 est,
1286 1369 1341 1413 ut
1361 1374 1422 1412 ea
1444 1358 1577 1420 bona
1606 1359 1654 1411 in
1678 1357 1827 1411 vobis
1852 1372 2087 1425 prtesen-

545 1449 684 1503 tibus
724 1450 976 1518 perirent,
1012 1460 1069 1505 ut
1105 1459 1327 1519 pereunt
1366 1450 1451 1502 illa
1486 1465 1601 1518 qua:
1641 1448 2084 1518 proscribuntur:

540 1543 678 1612 quod
704 1559 807 1596 non
828 1543 1115 1603 restitistis,
1138 1558 1241 1596 non
1266 1542 1611 1610 repugnastis,
1632 1552 1684 1596 et
1705 1541 1900 1595 idcirco
1919 1539 2084 1593 stulti.

544 1632 777 1701 Denique
810 1642 861 1687 et
893 1632 944 1686 iu
979 1633 1075 1687 hac
1096 1632 1353 1688 sententia
1390 1632 1546 1686 etiam
1590 1630 1715 1685 illud
1755 1640 1834 1685 est
1868 1628 2003 1699 quod
2032 1629 2083 1682 iu

2206 445 2512 511 spiritaliter
2541 446 2809 507 viverent;
2844 449 3139 501 necessario
3167 449 3307 501 enim
3341 452 3429 517 qui
3465 452 3767 519 spiritaliter

2210 539 2389 607 incipit
2418 539 2616 603 vivere,
2648 538 2769 592 dum
2799 539 2975 608 abjicit
3016 542 3274 594 mundana
3298 580 3311 605 ,
3362 542 3493 595 dum
3546 547 3766 598 sustinet

2204 640 2320 679 cum
2354 630 2561 682 novello
2589 643 2684 681 suo
2713 628 2925 683 homine
2954 630 3194 683 invidiam
3225 630 3537 685 Graecorum
3571 642 3629 686 et
3648 648 3763 702 gen-

2204 721 2329 773 tittm
2363 721 2749 789 imperittrum,
2782 722 2938 775 multa
2970 737 3183 776 necesse
3224 731 3306 776 est
3351 725 3612 791 patiatur,
3654 742 3761 794 qua:

2202 809 2381 876 utique
2413 823 2592 875 passos
2619 808 2746 862 dicit
2773 809 3000 865 Galatas.
3051 810 3242 864 Verum
3282 826 3401 863 cum
3435 821 3583 864 tanta
3628 815 3758 882 passi

2202 899 2333 958 sitis,
2368 897 2467 951 hoc
2498 900 2660 967 magis
2686 900 2968 954 dolendum
2997 901 3131 969 quod
3162 902 3278 955 sine
3307 917 3465 957 causa
3490 904 3634 971 passi
3664 919 3757 958 non

2202 989 2513 1053 pervenistis
2541 989 2605 1042 ad
2640 990 2907 1057 prmmium
2939 1008 3001 1045 ex
3034 991 3155 1055 title,
3191 1002 3403 1062 propter
3431 1010 3592 1063 quam
3622 1004 3756 1050 tanta

2201 1076 2333 1141 passi
2366 1078 2497 1131 sitis.
2529 1077 2601 1131 Ne
2632 1078 2915 1147 desperare
2938 1089 3108 1134 tamen
3140 1081 3425 1146 videretur,
3458 1085 3602 1152 quod
3634 1086 3759 1139 dixit

2198 1165 2309 1218 sine
2337 1180 2491 1219 causa
2513 1206 2527 1230 ,
2559 1169 2789 1222 correxit
2831 1170 3293 1237 reprehensionem
3324 1186 3475 1225 suam
3508 1174 3752 1239 dicendo,

2194 1254 2237 1307 si
2258 1264 2418 1309 tamen
2444 1258 2548 1310 sine
2573 1274 2723 1311 causa
2748 1275 2766 1311 :
2794 1268 3015 1328 possunt
3041 1261 3177 1315 enim
3208 1263 3434 1331 corrigi,
3468 1272 3529 1315 ut
3557 1279 3663 1318 non
3692 1266 3753 1318 sit

2192 1344 2307 1397 sine
2336 1359 2490 1399 causa
2515 1347 2651 1415 quod
2678 1348 2813 1416 passi
2843 1356 2984 1413 sunt,
3008 1349 3100 1403 sed
3124 1350 3353 1403 habeant
3379 1366 3597 1405 causam
3639 1368 3752 1422 per-

2192 1438 2535 1489 sevcrationis
2566 1438 2615 1490 in
2642 1438 2745 1491 ﬁde
2768 1442 3037 1507 praemium
3066 1448 3122 1494 et
3146 1439 3604 1498 conﬁrmationem
3634 1461 3751 1514 pro-

2191 1527 2467 1580 missorum
2495 1542 2559 1581 ει
2588 1526 2785 1582 Christi
2818 1529 2936 1583 ﬁde.

2261 1618 2420 1673 Vsus.
2453 1620 2505 1674 5.
2548 1648 2618 1658 —
2649 1621 2746 1685 Qui
2773 1637 2889 1690 ergo
2918 1623 3083 1674 tribuit
3110 1623 3245 1678 vobis
3264 1626 3518 1695 spiritum,
3552 1638 3596 1682 et
3628 1646 3746 1699 ape-

532 1723 683 1775 vobis
702 1722 1065 1776 cruciﬁxusest
1098 1721 1363 1785 Christus;
1399 1721 1497 1776 boc
1526 1719 1662 1775 enim
1691 1720 1920 1774 iecerunt
1944 1728 1997 1771 et
2026 1718 2068 1771 in

2182 1719 2323 1761 ratur
2342 1710 2544 1762 virtutes
2571 1712 2621 1763 iu
2643 1711 2775 1764 vobis
2796 1727 2856 1763 ea:
2877 1714 3104 1777 aperibus
3125 1714 3246 1785 legis
3286 1728 3527 1783 aperatus
3550 1731 3620 1773 est
3647 1720 3741 1790 ti),

535 1812 683 1866 vobis
707 1813 779 1866 illi
802 1812 988 1875 Judazi,
1013 1814 1099 1882 qui
1124 1813 1271 1865 vobis
1298 1820 1665 1875 persuaserunt
1691 1820 1745 1864 ut
1770 1810 2079 1878 iudaismum

536 1902 911 1971 scqueremini,
936 1902 1071 1971 quod
1096 1902 1330 1956 iecerunt
1353 1900 1560 1955 Christo
1584 1911 1639 1954 ut
1663 1902 1709 1953 in
1735 1915 1942 1955 crucem
1984 1900 2082 1952 tol-

525 1990 736 2045 lerent:
773 1993 848 2045 sic
880 2001 933 2046 et
966 1992 1328 2059 persuadendo
1368 1993 1515 2045 vobis
1552 1992 1799 2059 }udaismi
1846 1990 2081 2058 discipli-

528 2098 669 2145 nam,
695 2092 746 2137 et
769 2084 916 2137 vobis
940 2080 1201 2135 Christum
1224 2082 1615 2136 cruciﬁxerunt.
1640 2082 1792 2136 Stulti
1815 2096 1938 2149 ergo
1963 2095 2075 2145 vos,

527 2170 745 2235 Galatas,
775 2170 1070 2239 perdidistis
1090 2186 1154 2225 ex
1180 2172 1367 2226 vestris
1388 2172 1575 2224 animis
1596 2170 1855 2223 Chrismm
1881 2178 1934 2223 et
1962 2170 2077 2238 ejus

529 2260 686 2313 bona.
707 2260 894 2314 Nescio
911 2261 1025 2329 quis
1052 2261 1205 2330 igitur
1223 2276 1316 2315 vos
1342 2261 1389 2313 in
1407 2260 1557 2313 bonis
1578 2260 1764 2313 vestris
1781 2260 2070 2312 fascinavit.

597 2350 835 2403 νείκεε.
882 2349 1084 2402 —lloc
1128 2351 1287 2403 solum
1320 2352 1428 2402 volo
1471 2350 1656 2403 discere
1686 2367 1715 2400 a
1755 2348 2071 2402 vobiscNibil

524 2443 746 2497 movebo
771 2484 785 2507 ,
836 2440 963 2496 nihil
1014 2442 1422 2510 reprehendam;
1471 2444 1569 2497 hoc
1606 2444 1773 2495 solum
1802 2484 1814 2504 ,
1861 2442 2027 2510 inquit
2056 2483 2069 2504 ,

522 2538 641 2590 volo
680 2536 906 2598 discere,
951 2546 1003 2590 et
1048 2552 1076 2589 a
1118 2536 1264 2589 vobis
1298 2536 1535 2599 discere;
1573 2552 1632 2589 ex
1686 2536 1911 2604 operibus
1949 2535 2070 2604 legis

524 2626 755 2693 spiritum
799 2626 1075 2693 accepistis,
1101 2642 1164 2676 au
1188 2625 1442 2681 exaudita
1468 2625 1582 2690 ﬁdei
1606 2640 1708 2693 quo
1733 2625 1976 2677 meliores
2002 2622 2063 2675 atl

518 2714 611 2767 Dei
636 2715 986 2782 cognitionem
1011 2728 1127 2767 esse
1149 2713 1379 2781 ccepistis
1396 2714 1417 2765 ἲ
1437 2713 1605 2777 Unde,
1625 2715 1807 2779 inquit,
1832 2714 2068 2781 provenit

520 2805 668 2859 vobis
704 2805 941 2872 accipere
966 2804 1229 2871 spiritum,
1254 2820 1319 2857 ex
1348 2805 1593 2871 operibus
1618 2804 1765 2871 legis,
1791 2818 1853 2855 an
1878 2819 1939 2857 ex
1975 2818 2066 2854 att-

525 2896 637 2950 dittt
682 2897 838 2950 ﬁdei?
887 2894 1015 2949 Cum
1040 2911 1165 2964 ergo
1202 2895 1351 2948 vobis
1391 2896 1768 2965 cvangelizavi,
1793 2912 1856 2946 ex
1886 2895 2063 2948 auditu

513 2986 636 3040 ﬁdei
661 2986 902 3053 Spiritum
928 2984 1203 3052 accepistis
1229 3002 1238 3035 :
1265 3001 1366 3037 non
1391 3000 1513 3052 ergo
1537 3000 1600 3037 ex
1642 2985 1885 3050 operibus
1911 2985 2057 3052 legis.

2184 1814 2247 1851 au
2275 1815 2335 1852 ea:
2357 1800 2530 1851 auditu
2560 1800 2703 1865 ﬁdei?
2731 1800 2985 1866 Quoniam
3016 1818 3172 1870 supra
3217 1804 3367 1870 dixit,
3398 1814 3554 1875 tanta
3600 1811 3742 1877 passi

2181 1891 2343 1951 estis,
2375 1897 2428 1942 et
2461 1890 2703 1957 exposuit
2730 1906 2845 1960 quin
2874 1894 3010 1961 passi
3043 1893 3364 1959 viderentur,
3397 1898 3476 1949 vel
3508 1899 3629 1951 talia
3660 1909 3740 1953 at-

2178 1993 2279 2047 que
2308 1979 2585 2047 ejusmodi,
2618 1981 2668 2033 in
2698 1995 2761 2035 eo
2790 1990 2961 2036 tamen
2988 1983 3125 2052 quod
3157 1985 3537 2051 toleraverunt,
3559 1992 3736 2057 utique

2178 2068 2396 2121 virtutes
2426 2067 2719 2123 habuerunt
2746 2072 2883 2124 circa
2916 2073 3246 2127 tolerantiam
3275 2091 3287 2127 :
3322 2078 3597 2147 eoojuugit
3636 2080 3728 2149 igi-

2177 2168 2280 2225 tur,
2299 2161 2383 2229 qui
2405 2161 2571 2213 tribuit
2594 2162 2726 2214 vobt's
2738 2164 2989 2231 spiritum,
3012 2177 3247 2233 aperatur
3268 2168 3477 2221 virtutes
3494 2170 3547 2222 in
3574 2172 3726 2236 vobis,

2177 2252 2365 2319 quibus
2397 2253 2673 2306 virtutibus
2703 2262 2840 2311 tanta
2872 2256 3009 2324 passi
3040 2259 3166 2311 estis
3206 2267 3260 2313 et
3299 2262 3588 2317 tolerastis.
3617 2264 3728 2318 1am

2172 2355 2234 2393 ex
2268 2341 2364 2395 hoc
2386 2344 2562 2412 utique
2609 2346 2898 2416 intelligere
2942 2348 3059 2402 illos
3108 2349 3263 2413 iacit,
3292 2353 3433 2421 quod
3482 2366 3726 2423 operatus

2170 2430 2238 2483 sit
2268 2434 2316 2484 in
2349 2434 2427 2486 bis
2459 2434 2595 2489 Deus
2618 2437 2834 2491 virtutes
2867 2439 3117 2508 plurimas
3150 2457 3161 2490 :
3193 2450 3247 2494 et
3274 2443 3320 2496 si
3350 2456 3604 2511 operatus
3651 2456 3728 2501 est

2172 2522 2419 2588 virtutes,
2465 2526 2645 2579 tribuit
2683 2528 2784 2581 illis
2824 2531 3085 2597 Spiritum.
3136 2532 3273 2602 Ergo
3314 2535 3633 2591 conﬁrmato
3662 2554 3722 2593 eo

2168 2613 2304 2681 quod
2334 2616 2485 2669 datus
2512 2618 2580 2670 sit
2612 2617 2714 2671 illis
2743 2621 2953 2687 spiritus
2978 2661 2992 2685 ,
3032 2633 3171 2677 recte
3214 2626 3455 2692 procedit
3499 2629 3723 2683 interro-

2166 2704 2340 2771 gatio,
2373 2714 2544 2757 utrum
2575 2722 2638 2761 ev
2670 2710 2913 2776 operibus
2943 2712 3069 2780 legis
3112 2723 3360 2777 Operatus
3400 2718 3475 2769 sit
3507 2719 3645 2772 Deus
3675 2721 3722 2775 in

2167 2794 2268 2846 illis
2299 2796 2514 2850 virtutes
2544 2813 2607 2849 an
2630 2812 2692 2851 ex
2722 2800 2900 2852 auditu
2934 2800 3071 2854 ﬁdei.
3106 2802 3295 2873 Utique
3324 2816 3500 2859 autem
3533 2825 3635 2862 non
3656 2825 3718 2863 es

2164 2886 2440 2951 operibus;
2496 2902 2597 2940 non
2648 2888 2787 2941 enim
2839 2891 2939 2943 ulla
2980 2906 3137 2959 opera
3182 2910 3210 2945 a
3252 2896 3397 2950 vobis
3447 2913 3720 2967 progressa

2164 2983 2303 3033 sunt,
2338 2975 2427 3029 sed
2456 2977 2675 3030 audistis
2708 2978 2883 3043 ﬁdem,
2913 2990 2965 3034 et
2984 2982 3272 3038 obaudistis
3299 2986 3449 3052 ﬁdei;
3480 2998 3531 3041 et
3562 3006 3717 3059 prop-

516 3076 639 3140 Attt,
664 3076 705 3128 si
746 3090 847 3128 non
871 3089 933 3127 ex
957 3074 1203 3141 operibus
1228 3073 1377 3142 legis,
1404 3088 1563 3142 quare
1604 3088 1740 3126 nunc
1779 3073 2060 3142 adjungitis
2087 3058 2130 3119 C
2165 3071 2301 3116 ιοτετι
2335 3075 2578 3132 operatus
2606 3076 2685 3121 cst
2715 3069 2763 3121 in
2793 3072 2939 3124 vobis
2971 3072 3105 3126 Deus
3147 3077 3366 3131 virtutes
3398 3096 3409 3128 :
3436 3088 3491 3133 et
3518 3080 3560 3133 si
3589 3095 3719 3150 ope.

504 3167 765 3236 jutlaicam
792 3166 1142 3234 disciplinam,
1186 3174 1242 3219 ut
1270 3182 1333 3219 ex
1372 3166 1617 3235 operibus
1644 3166 1772 3234 legis
1814 3165 2058 3234 spiritum

512 3258 751 3326 accipere
793 3273 884 3311 vos
925 3256 1175 3317 credatis,
1220 3264 1271 3307 et
1319 3256 1383 3308 de
1412 3256 1515 3308 Deo
1540 3255 1758 3317 sentire,
1802 3264 1855 3309 et
1896 3255 2056 3309 Deum

516 3365 751 3417 Sperare,
778 3363 893 3402 eum
916 3348 1022 3416 jam
1047 3348 1323 3413 accepistis
1344 3347 1581 3415 spiritum
1609 3362 1672 3399 es
1701 3347 1880 3399 auditu
1906 3346 2059 3401 ﬁdei?

512 3440 564 3494 id
593 3441 829 3507 estquod
870 3440 1087 3492 audistis
1128 3437 1279 3491 ﬁdem
1319 3438 1366 3489 itt
1398 3437 1660 3489 Christum
1704 3436 2058 3505 sequendam?

514 3530 662 3595 Quod
697 3530 742 3582 si
767 3545 831 3583 ex
872 3530 1073 3593 auditu,
1100 3538 1277 3582 contra
1308 3527 1460 3581 ﬁdem
1489 3528 1544 3580 ﬁt
1566 3543 1683 3581 cum
1709 3544 1773 3581 ex
1812 3530 2057 3595 cperibtts

510 3621 639 3691 legis
662 3621 900 3689 spiritum
930 3635 1023 3673 vos
1046 3621 1282 3688 accipere
1306 3619 1534 3683 creditis,
1559 3633 1675 3671 cum
1704 3621 1797 3672 hac
1822 3619 1929 3672 sola
1957 3618 2059 3673 ﬁdo

508 3716 559 3770 itt
592 3713 855 3768 Christum
880 3712 1091 3780 spiritus
1114 3711 1263 3763 detur
1302 3721 1354 3762 et
1388 3709 1537 3763 datus
1573 3710 1717 3763 vobis
1739 3720 1835 3763 est.

577 3804 737 3859 Vens.
764 3805 814 3857 5.
857 3832 927 3843 —-
950 3804 1036 3857 Sic
1058 3803 1190 3855 stulti
1212 3805 1345 3863 estis,
1380 3810 1432 3853 ut
1456 3819 1565 3853 eum
1588 3802 1764 3871 spiritu
1788 3803 2051 3870 rceperitis,

507 3911 639 3947 nunc
678 3910 823 3946 carne
864 3894 1217 3947 consumamini
1260 3893 1377 3960 (l)?
1408 3893 1679 3961 Expressit
1718 3892 1838 3958 quid
1886 3893 1953 3945 sit
1988 3907 2051 3945 ex

507 3984 753 4051 Operibus
797 3984 944 4053 legis,
996 3992 1050 4036 et
1088 3982 1209 4049 quid
1249 3983 1317 4036 sit
1360 3998 1419 4035 ev
1470 3981 1644 4035 auditu
1680 3982 1795 4035 ﬁdei
1826 3982 2051 4035 :etenim

509 4089 666 4143 opera
692 4074 817 4142 legis
858 4073 985 4125 nihil
1024 4072 1164 4125 aliud
1202 4082 1386 4140 agunt,
1440 4072 1539 4125 nisi
1572 4080 1627 4124 ttt
1662 4072 1805 4125 carni
1849 4071 2055 4125 satisfa-

508 4166 668 4228 ciant,
692 4180 755 4217 ex
781 4179 939 4217 carne
964 4162 1201 4215 aﬁ‘cctum
1232 4165 1509 4231 patiantur,
1542 4165 1686 4217 carni
1715 4166 2048 4218 subveniant.

506 4254 803 4309 Secundum
835 4268 1041 4306 carnem
1073 4253 1226 4321 igitur
1250 4254 1402 4320 sapit,
1436 4255 1520 4321 qui
1548 4270 1609 4307 ex
1650 4254 1894 4320 Operibus
1924 4255 2052 4323 legis

500 4342 771 4412 jttstiﬁcari
802 4359 857 4397 se
885 4343 1069 4397 credit.
1097 4344 1199 4397 Vos
1229 4345 1401 4411 igitur,
1428 4344 1609 4413 inquit,
1635 4347 1709 4399 sic
1739 4346 1863 4399 estis
1885 4347 2046 4411 stulti,

2163 3163 2307 3232 ratus
2350 3166 2449 3220 est,
2499 3157 2680 3210 tribuit
2720 3160 2866 3214 vobis
2905 3163 3142 3229 spiritum
3172 3182 3183 3215 :
3212 3175 3461 3234 operatus
3508 3180 3590 3238 est
3625 3186 3718 3224 au-

2165 3251 2289 3307 tem,
2328 3254 2380 3296 et
2424 3247 2605 3299 tribttit
2649 3247 2908 3315 Spiritum,
2941 3252 2982 3304 si
3023 3253 3231 3320 quidem
3272 3257 3433 3309 multa
3479 3267 3531 3312 et
3575 3270 3719 3315 tanta

2158 3335 2295 3398 passi
2327 3334 2471 3387 estis.
2508 3335 2616 3389 lloc
2645 3348 2817 3392 autem
2862 3340 2974 3393 sine
3015 3358 3176 3410 quare
3222 3344 3335 3415 (2)?
3366 3349 3484 3400 sine
3515 3352 3716 3404 causa?

2158 3423 2305 3487 Quod
2354 3433 2527 3478 tamen
2566 3429 2829 3493 correxit,
2871 3432 3006 3499 quod
3058 3448 3159 3486 non
3203 3435 3318 3489 sine
3359 3452 3521 3491 causa
3553 3459 3564 3493 :
3594 3457 3711 3495 nam

2157 3525 2335 3582 Sperat
2369 3517 2484 3570 illos
2521 3520 2709 3588 corrigi
2739 3535 2913 3589 posse.
2947 3522 3103 3577 Redit
3132 3526 3290 3595 igitur
3321 3530 3390 3583 ad
3424 3533 3709 3587 conﬁrma-

2159 3607 2352 3659 tionem
2384 3609 2519 3675 quod
2552 3625 2614 3663 ex
2644 3611 2824 3664 auditu
2857 3612 2974 3667 ﬁdei
3008 3616 3103 3668 ista
3134 3620 3309 3672 omnia
3338 3621 3416 3674 eis
3455 3638 3713 3690 provene-

2156 3695 2371 3751 rintzet
2411 3696 2458 3750 id
2501 3700 2777 3766 approbat,
2820 3711 2877 3753 ut
2911 3719 3192 3773 numquam
3233 3708 3476 3765 mirabile
3517 3714 3711 3784 aliquid

2157 3787 2367 3840 eveniat
2394 3796 2446 3841 et
2476 3789 2804 3855 incredibile,
2834 3794 2931 3846 nisi
2952 3795 3260 3852 obaudiatur
3288 3803 3410 3855 tidei
3433 3806 3708 3873 evangelii.

2226 3882 2323 3934 Dat
2352 3884 2506 3952 igitur
2535 3886 2931 3943 similitudinem
2971 3905 3033 3944 ex
3084 3892 3309 3948 lectione
3333 3912 3452 3965 quae
3480 3902 3713 3955 continet

2156 3970 2484 4027 admirabilia
2531 3977 2864 4041 passionum,
2902 3996 3019 4047 qua:
3068 3983 3204 4048 passi
3236 3995 3360 4038 sunt
3389 3986 3624 4055 Galam,
3654 3997 3708 4043 ct

2155 4063 2511 4119 toleraverunt
2538 4082 2629 4135 per
2651 4067 2823 4134 ﬁdem,
2846 4085 2907 4124 ac
2937 4081 3207 4141 propterea
3229 4090 3323 4144 per
3343 4079 3586 4146 spiritum
3618 4080 3711 4135 da-

2154 4164 2259 4207 lllm
2282 4166 2333 4208 et
2366 4158 2608 4213 virtutem
2629 4160 2725 4214 sibi
2743 4176 2771 4214 a
2802 4161 2909 4217 Deo
2928 4172 3216 4232 operatam.

2221 4245 2380 4298 νεεδ.
2398 4248 2667 4302 G.—Sicut
2685 4252 2932 4305 Abraham
2948 4256 3155 4307 credidit
3169 4256 3273 4309 Deo
3287 4268 3331 4310 et
3345 4272 3625 4330 reputatum
3645 4274 3714 4318 est

2152 4336 2195 4386 ei
2208 4335 2546 4406 adjustitium.
2565 4339 2619 4391 In
2638 4339 2824 4395 Genesi
2849 4344 2977 4411 (cap.
3007 4361 3090 4409 xv,
3107 4346 3165 4400 (il
3181 4346 3304 4415 )boc
3326 4352 3553 4417 positum
3576 4356 3713 4423 quod

506 4410 582 4487 sic
613 4450 713 4487 non
758 4434 1128 4503 intelligentcs,
1154 4410 1275 4489 dum
1310 4410 1588 4504 adjungitis
1615 4452 1767 4504 opera
1797 4437 1857 4487 ad
1892 4438 2044 4505 justi-
2075 4410 2127 4467 Ῑ)
2151 4424 3117 4503 Αίθναηαηισνθάίάίιθεοιε¹²νεῙηι¹α¹³⁴ηε
3140 4441 3614 4510 εειείαάὶιιετίτίσιη
3634 4448 3711 4517 (δ)

508 4523 801 4575 ﬁcationem
832 4533 1086 4585 vestram,
1117 4524 1252 4592 quod
1276 4534 1355 4578 cst
1392 4525 1673 4578 secundum
1711 4540 1919 4579 carnem
1960 4542 2045 4579 sa-

507 4626 649 4680 pere,
672 4621 724 4663 ιιι
744 4628 857 4665 ευιιι
882 4615 1062 4679 spiritu
1084 4614 1343 4683 capt-ritis
1367 4632 1457 4682 per
1472 4617 1793 4685 evangelium
1818 4633 1843 4669 a
1864 4635 1942 4671 me
1961 4620 2050 4671 da-

512 4711 640 4767 tum,
658 4712 781 4755 utcx
808 4705 981 4756 auditu
996 4705 1110 4757 ﬁdei
1131 4706 1179 4757 in
1194 4705 1454 4758 Christum
1470 4709 1770 4773 acceperitis
1789 4708 2046 4776 Spiritum,

507 4808 642 4845 nunc
662 4793 856 4845 exitum
888 4804 1034 4847 actus
1057 4795 1214 4847 vestri
1239 4804 1290 4849 et
1314 4795 1432 4847 vita!
1454 4812 1608 4850 carne
1630 4801 1977 4861 consumetis;
1999 4798 2048 4851 id

506 4892 587 4936 est
601 4884 843 4950 operibus
865 4885 925 4936 ad
940 4900 1147 4937 carnem
1162 4896 1212 4938 et
1233 4887 1515 4941 secundum
1540 4903 1746 4941 carnem
1763 4891 2050 4957 susceptis?

577 4972 734 5026 Vzns.
785 4976 924 5027 4.-
974 4974 1130 5026 Tanta
1180 4976 1310 5043 passi
1354 4976 1465 5030 estis
1509 4979 1615 5031 siue
1656 4980 1838 5031 causa?
1880 4979 2049 5034 Facile

504 5059 712 5114 adducit
754 5062 817 5115 ad
848 5062 1145 5131 patientiam
1176 5064 1291 5116 talis
1341 5066 1524 5128 oratio,
1568 5084 1679 5135 quae
1716 5069 2051 5135 repreltendit

502 5158 553 5201 et
601 5161 802 5215 monet,
844 5162 895 5205 et
942 5160 1111 5206 tamen
1154 5154 1315 5222 ipsam
1360 5156 1817 5224 reprehensionem
1868 5176 2047 5213 rursus

502 5240 836 5306 reprehendit
870 5260 881 5295 :
923 5258 1145 5309 namque
1185 5244 1518 5312 reprehendit
1553 5249 1689 5315 quod
1725 5250 1872 5314 dixit,
1907 5262 2045 5305 tanta

499 5333 632 5399 passi
674 5341 786 5385 estts
821 5334 924 5385 siue
962 5349 1132 5397 causa,
1170 5335 1397 5389 subdens
1441 5342 1483 5389 si
1526 5349 1685 5392 tamen
1730 5342 1834 5394 siue
1874 5359 2041 5397 causa.

498 5418 672 5475 Monet
693 5429 863 5475 autem
893 5436 1012 5476 cum
1040 5423 1185 5489 dicit,
1218 5435 1356 5478 tanta
1376 5427 1511 5493 passi
1538 5430 1680 5493 estis,
1714 5438 1770 5484 ιιι
1796 5446 1913 5487 cum
1958 5442 2039 5487 to-

561 5575 638 5647 (ι)
667 5578 720 5631 ln
750 5578 887 5647 vulg.
912 5582 1330 5634 consummemini.

2152 4513 2219 4566 ita
2247 4515 2381 4569 Deus
2404 4529 2649 4585 operatur
2678 4522 2896 4577 virtutes
2921 4540 3039 4579 cum
3068 4526 3194 4581 ﬁdes
3217 4535 3525 4596 provenerit
3549 4535 3599 4589 in

2156 4605 2350 4658 minum
2374 4608 2645 4673 animis,et
2667 4612 2792 4665 ﬁdes
2816 4622 2870 4665 ut
2890 4614 2940 4667 in
2965 4616 3121 4669 Deum
3150 4620 3388 4674 credant.
3409 4623 3711 4694 Reputatum

2156 4707 2244 4756 est,
2263 4696 2448 4763 inquit,
2465 4699 2679 4753 Abralue
2698 4704 3023 4772 adjustiliam
3038 4711 3177 4777 ,quia
3192 4713 3404 4767 credidit
3422 4715 3551 4771 Deo.
3573 4719 3713 4789 Ergo

2158 4792 2210 4836 et
2236 4800 2327 4838 vos
2352 4796 2488 4841 tanta
2520 4793 2750 4857 perpessi
2774 4796 2901 4848 estis
2928 4809 2978 4850 et
3002 4802 3262 4855 tolerastis
3285 4814 3447 4873 atque
3469 4810 3669 4865 vicistis
3692 4830 3707 4866 :

2152 4886 2202 4928 et
2228 4878 2446 4932 virtutes
2477 4882 2529 4933 in
2556 4883 2701 4937 vobis
2723 4896 2966 4953 operatus
2989 4898 3069 4942 est
3094 4891 3229 4947 Deus
3250 4904 3410 4964 atque
3434 4911 3705 4968 operatur,

2150 4969 2269 5033 quia
2320 4985 2409 5036 per
2440 4972 2674 5061 auditum
2709 4975 2825 5030 ﬁdei
2869 4978 3164 5035 credidistis
3210 4984 3338 5039 Deo.
3384 4989 3709 5061 Intellegitur

2152 5070 2277 5121 ergo
2323 5060 2568 5125 quOniam
2618 5064 2703 5131 qui
2749 5080 2811 5119 ex
2859 5066 2979 5121 ﬁde.

2225 5145 2377 5199 Vens.
2398 5149 2520 5200 7.-
2534 5149 2583 5203 li
2597 5153 2691 5219 ﬁlii
2710 5166 2825 5209 sunt
2850 5158 3078 5212 Abraltw.
3096 5160 3293 5219 Semini
3318 5168 3461 5222 enim
3483 5170 3707 5229 Abralm

2223 5253 2297 5390 (Ιί
2323 5254 2431 5308 Non
2465 5260 2709 5326 leguntur
2736 5264 2785 5316 in
2817 5268 2956 5336 vulg.
2988 5269 3099 5326 haec
3138 5275 3297 5329 verba
3320 5292 3586 5346 :Operams
3613 5293 3703 5337 αι.

2223 5323 2272 5388 [2
2327 5325 2452 5379 Nola
2483 5345 2638 5390 quare
2664 5334 3043 5390 substantivum
3072 5343 3211 5390 quod
3238 5358 3421 5390 meum
3467 5351 3669 5390 ιιςιι-Ιιςηιῖ

2217 5323 2452 5415 Elafium
2483 5323 2647 5415 quare
2664 5323 3058 5391 substattti’vum
3238 5323 3702 5415 ᾖδέιέἵῖὲῖῖηῗέζ

2146 5393 2685 5489 tri-latinitate
2721 5416 3016 5473 acceptum,
3050 5393 3703 5489 pass'tin"iii'§énﬁiis'§itis'

2145 5459 2626 5527 frequentaverant.

2140 5531 2500 5663 mil’ig‘gonler
2528 5537 2673 5609 Vulg.
2703 5556 2818 5611 qua:
2843 5544 2997 5602 habet
3031 5558 3265 5607 tantum:
3291 5553 3440 5611 Sicut
3470 5562 3700 5632 scriptum
