3950 6206
195 339 348 395 “69

1058 328 1120 384 ΙΝ
1159 327 1535 385 ΕΡΙΒΤΟΙΑΜ
1577 321 1774 384 PAULI
1813 315 1903 371 AD
1941 313 2255 369 GtiATAS
2292 315 2488 370 LIBER
2531 317 2566 370 Ι.

3299 316 3434 372 H70

197 449 474 521 promissa
499 456 623 502 sunt
652 446 848 510 multa;
874 444 984 514 ipse
1006 453 1177 498 autem
1200 461 1262 498 ex
1292 444 1392 498 ﬁde
1428 451 1674 511 acceptus
1695 444 1776 494 cst
1801 436 1852 493 A
1877 430 2103 521 ηξτίξείιηθ
2156 423 2248 521 illi!
2290 445 2405 498 (Ιυω
2462 444 2602 498 ⁸³⁸98
2653 431 2932 499 Αροδῑοῖυε
2998 431 3208 485 mandat
3233 470 3248 496 9
3295 432 3431 486 Sicut

203 544 278 596 ad
302 541 582 610 justitiam.
611 541 748 606 Ergo
772 537 1080 605 quicvnnqne
1110 543 1233 587 sunt
1260 551 1322 588 ex
1349 533 1467 594 ﬁde,
1493 533 1530 584 ri
1551 540 1663 585 sunt
1686 530 1780 596 [iiii

208 631 456 694 Abraltaz,
472 638 530 682 ut
550 643 690 695 saepe
705 628 1087 679 admonuimus.
1107 622 1275 676 Omne
1298 623 1620 693 mysterium.
1639 618 1776 688 quod

211 736 244 774 ξι
278 721 503 775 Domino
528 728 706 771 nostro
728 717 851 771 Jesu
881 713 1088 768 Christo
1114 721 1286 766 aetum
1312 719 1410 777 est,
1431 711 1582 764 ﬁdem
1612 709 1775 762 solam

215 812 416 880 quzerit
439 827 451 863 :
473 809 724 863 l’uitenim
758 821 851 873 pro
880 805 1029 859 nobis
1057 812 1250 864 actum,
1281 811 1334 856 et
1360 803 1409 855 in
1433 810 1661 853 nostram
1690 813 1774 850 re-

217 901 609 956 surrectionem
639 907 809 950 aetum
841 906 892 948 et
923 893 1300 953 liberationem,
1333 894 1374 943 si
1405 890 1557 943 Iidem
1587 890 1635 940 in
1661 904 1772 956 my-

221 992 450 1046 sterium
479 987 673 1043 Christi
705 994 758 1040 et
779 987 828 1038 in
851 984 1115 1038 Christum
1159 983 1463 1035 habeamus.
1502 980 1610 1032 lloc
1638 981 1774 1032 enim

225 1080 466 1148 praelusit
486 1076 726 1130 divinitas
756 1073 1088 1141 etprtemisit,
1116 1081 1171 1124 ut
1192 1086 1257 1125 ex
1284 1070 1384 1124 ﬁde
1405 1071 1563 1122 homo
1586 1069 1778 1135 justiti-

225 1184 460 1222 caretur.
492 1167 554 1222 Ut
578 1174 872 1235 reputatum
893 1172 972 1218 est
995 1165 1148 1233 igitur
1175 1162 1395 1215 Abraha:
1415 1161 1476 1213 ad
1497 1161 1775 1230 justitiam,

229 1262 355 1326 quia
382 1261 533 1314 ﬁdem
559 1258 764 1320 habttit;
809 1257 887 1309 sic
928 1264 981 1308 et
1009 1269 1124 1318 nos,
1150 1256 1190 1306 si
1244 1252 1395 1305 ﬁdem
1430 1252 1680 1304 halcmus
1727 1250 1776 1303 in

227 1345 494 1401 Christum
526 1346 742 1414 ejusque
759 1343 1087 1414 mysterium,
1119 1343 1312 1395 erimus
1345 1341 1432 1394 ﬁlii
1461 1339 1700 1401 Abraha',
1728 1339 1776 1391 id

227 1448 313 1494 est
339 1437 664 1507 reputabitur
689 1435 839 1489 nobis
867 1434 1039 1488 omnis
1060 1434 1162 1486 vita
1188 1433 1265 1502 (l)
1288 1433 1350 1484 ad
1369 1431 1644 1500 justitiam.
1678 1431 1777 1484 De-

231 1530 392 1598 nique
417 1529 493 1581 sic
531 1525 800 1595 adjungit:
829 1533 882 1577 et
902 1523 1201 1594 mysterium
1231 1523 1366 1574 circa
1395 1520 1656 1575 Abraham
1702 1519 1777 1572 id-

229 1621 373 1673 eirco
395 1627 595 1687 gestum
622 1627 702 1672 est
723 1625 782 1670 ut
801 1631 861 1669 ex
889 1615 986 1668 lide
1005 1614 1411 1684 justiliearenlur
1437 1612 1696 1677 homines,
1715 1626 1778 1664 cx

231 1708 336 1762 ﬁde
359 1708 556 1761 scilicet
580 1707 630 1760 in
655 1707 941 1760 Christum.

304 1797 460 1850 Vsus.
485 1797 537 1850 8.
567 1826 634 1835 -—
659 1794 935 1849 Providens
962 1805 1126 1847 autem
1154 1793 1418 1862 Scriptura
1447 1793 1561 1859 quia
1583 1808 1642 1844 ex
1677 1791 1775 1858 [ide
1804 1783 1848 1841 B

223 1892 476 1961 justi/ient
502 1900 667 1960 gentes
699 1888 864 1953 Deus,
907 1889 1135 1958 prmtlimit
1179 1886 1256 1957 (“2)
1288 1886 1518 1950 Abrahae,
1568 1883 1667 1938 hoc
1703 1894 1783 1936 est

232 1985 533 2053 prophetze,
582 1994 634 2036 ut
665 1984 714 2037 id
761 1984 899 2051 quod
942 1983 1220 2050 gerebatur
1247 1981 1384 2033 circa
1426 1993 1607 2038 unum,
1643 1977 1780 2030 circa

232 2075 364 2128 alios
392 2077 814 2143 pronuntiaretur
844 2073 906 2125 ad
934 2075 1101 2125 futura
1141 2070 1353 2125 smcula.
1382 2067 1678 2130 Providens,
1705 2066 1785 2119 in-

232 2166 367 2234 quit,
401 2166 686 2232 Scriptura.
713 2165 763 2217 id
785 2173 864 2218 est
884 2178 998 2232 quze
1027 2162 1197 2215 iutura
1223 2169 1345 2214 sunt
1366 2160 1578 2220 videns;
1605 2156 1782 2224 Scrip-

241 2265 378 2318 tura,
407 2254 456 2307 id
501 2263 582 2308 est
624 2254 892 2322 prophetia
917 2268 1031 2321 qua:
1075 2251 1264 2318 scripta
1312 2259 1408 2302 est.
1437 2248 1570 2315 Quid
1603 2246 1780 2315 provi-

233 2344 401 2396 dens?
422 2345 538 2410 quia
555 2344 834 2415 justiﬁmre
856 2343 994 2395 habet
1018 2340 1151 2394 Deus
1174 2351 1338 2409 gentes
1367 2355 1429 2392 ea:
1450 2341 1568 2405 ﬁde,
1588 2337 1781 2390 idcirco

234 2433 418 2488 eadem
443 2433 708 2501 Scriptura
739 2433 974 2502 prmdixit
999 2433 1238 2487 Abrahze.
1273 2431 1404 2496 Quid
1435 2439 1607 2485 autem
1642 2444 1778 2496 pra:-

233 2525 399 2578 dixit?
441 2541 504 2579 ex
552 2525 652 2580 ﬁde
697 2525 972 2594 iustiﬁcari
1009 2534 1206 2593 gentes.
1249 2523 1481 2590 Denique
1518 2520 1782 2587 subjnngit

235 2616 532 2682 exemplum
573 2616 876 2684 Scriptum,
906 2615 1042 2683 quod
1094 2612 1490 2674 benedicentur;
1538 2611 1585 2662 id
1618 2618 1697 2662 est
1727 2609 1778 2661 in

236 2719 340 2774 quo
360 2704 615 2757 Abraham
638 2705 700 2756 ad
719 2705 970 2770 justitiam
990 2711 1259 2770 reputatus
1290 2702 1366 2772 (5)
1387 2709 1487 2763 est,
1507 2699 1776 2753 scilicctex

235 2793 352 2846 ﬁde.
365 2793 469 2846 Hoc
483 2794 775 2861 exemplum
793 2791 856 2845 de
868 2792 1056 2845 Genesi
1077 2799 1174 2843 est.
1189 2790 1326 2858 Ergo
1341 2789 1428 2857 qui
1446 2804 1507 2842 ex
1526 2788 1622 2839 ﬁde
1637 2794 1778 2849 sunt,

241 2882 615 2936 benedicentur
639 2925 652 2947 ,
677 2882 812 2951 quod
835 2893 914 2935 est
940 2881 1002 2933 ad
1021 2882 1271 2950 justitiam
1292 2881 1396 2932 illis
1423 2877 1744 2946 reputabitur
1763 2916 1778 2939 ,

233 2983 287 3028 et
308 2989 334 3026 a
351 2975 454 3026 Deo
472 2975 868 3036 benedicentur;
887 2973 1260 3027 benedicentur
1273 2981 1444 3025 autem
1466 2987 1492 3024 a
1513 2971 1779 3040 Deojusti-

234 3066 372 3119 ﬁeati
398 3084 409 3118 :
431 3067 703 3132 jnstiﬁcari
729 3075 902 3120 autem
932 3074 1010 3118 est
1042 3065 1250 3118 liberari
1274 3080 1301 3116 a
1328 3066 1438 3133 lege
1480 3069 1769 3120 servitutis.

1877 519 1976 573 sibi
2014 519 2311 572 mandatum
2343 521 2435 584 ait,
2463 539 2739 589 pauperum
2772 541 3010 577 memores
3057 527 3210 578 simus
3251 535 3298 577 et
3327 540 3430 578 ca:-

1879 618 1986 662 tera
2018 625 2132 675 qua:
2156 611 2204 662 in
2233 611 2328 661 hoc
2356 613 2604 678 Apostolo
2631 613 2706 681 (vi)
2742 615 2807 667 ad
2846 613 3126 667 vivendum
3169 625 3425 683 praecepta

1877 698 2189 758 retinentur,
2234 712 2455 768 qumque
2497 714 2655 766 Opera
2701 702 2766 752 ab
2802 703 3060 768 Apostolo
3100 703 3240 755 onmi
3287 703 3429 756 chri-

1875 788 2044 840 stiano
2067 786 2326 853 implemla
2349 789 2773 860 m:uulanlur(2).
2796 791 3074 861 Aliaigitur
3095 805 3250 860 opera
3274 791 3420 862 legis,

1876 877 2077 932 scilicet
2119 879 2534 941 observationes,
2579 879 2962 936 immolationes
3004 882 3122 950 agni
3158 897 3276 936 cum
3316 884 3424 950 jam

1876 966 2068 1034 past-ba
2093 968 2410 1036 completum
2442 969 2507 1021 sit
2533 984 2624 1037 per
2649 969 2918 1023 Christum
2951 981 3241 1040 cmteraquc
3263 985 3424 1039 opera

1875 1073 1990 1127 qua:
2033 1057 2229 1111 f.:eiunt
2254 1060 2408 1113 etiam
2434 1061 2569 1113 circa
2601 1061 3054 1115 circumcisionem
3093 1071 3145 1115 et
3174 1063 3320 1116 cibos
3341 1062 3426 1116 vel

1880 1148 2146 1200 habendos
2190 1149 2270 1202 vel
2305 1150 2626 1217 prestandos
2663 1151 3029 1219 intelligamus.
3075 1151 3231 1220 Igitur
3265 1166 3425 1220 opera

1879 1237 2005 1306 legis
2035 1254 2150 1291 eum
2183 1241 2463 1301 nescimus,
2505 1239 2745 1294 Christus
2787 1241 2874 1309 qui
2912 1242 2960 1295 in
2997 1243 3142 1296 etelis
3165 1253 3244 1296 est
3273 1250 3326 1295 et
3358 1242 3425 1296 ad

1878 1344 2087 1382 carnem
2115 1345 2276 1395 usque
2303 1331 2594 1395 descendit,
2625 1341 2897 1401 utramque
2920 1335 3191 1387 ecclesiam
3216 1335 3426 1402 Copulat

1877 1427 1932 1472 et
1953 1420 2138 1489 jungit.
2171 1420 2264 1473 Est
2287 1436 2410 1489 ergo
2435 1422 2690 1476 mediator
2707 1464 2720 1484 ,
2748 1433 2800 1476 et
2823 1423 3072 1493 mysterio
3097 1438 3193 1477 suo
3218 1439 3309 1493 per
3329 1440 3427 1477 au-

1878 1509 2023 1577 gelos
2054 1512 2326 1578 disposito,
2358 1513 2504 1580 quasi
2553 1512 2807 1566 mediator
2831 1514 3016 1567 liberat
3062 1515 3214 1566 istam
3251 1516 3428 1568 eccle-

1881 1599 2032 1663 siam,
2060 1600 2108 1653 id
2134 1610 2213 1654 est
2237 1602 2468 1655 membra
2492 1602 2744 1668 ecclesiae,
2782 1612 2834 1656 et
2871 1613 3083 1657 revocat
3107 1603 3169 1656 ad
3194 1606 3430 1672 superio-

1879 1704 1988 1744 rem
2039 1690 2343 1744 Ecclesiam.
2393 1693 2527 1760 Ergo
2588 1693 2845 1747 mediator
2898 1709 3015 1747 eum
3057 1695 3125 1748 sit
3164 1693 3421 1751 Christus.

1951 1781 2105 1835 Vens.
2124 1782 2282 1836 20.-
2304 1782 2422 1835 Non
2443 1793 2510 1836 est
2531 1796 2694 1837 autem
2714 1785 2859 1838 unius
2881 1786 3122 1838 mediator
3142 1788 3226 1855 qui
3249 1786 3428 1840 media-

1882 1883 1956 1926 tor
1980 1885 2046 1926 est
2068 1890 2084 1926 :
2117 1874 2246 1927 Deus
2270 1885 2433 1927 autem
2457 1892 2584 1927 unus
2609 1887 2696 1929 est.
2721 1876 2956 1930 Christus
2998 1888 3075 1931 est
3103 1880 3188 1946 qui
3217 1888 3429 1932 revocat

1882 1972 1935 2017 et
1969 1964 2410 2032 juugitEcclcsi.e
2452 1967 2686 2020 membra
2708 1981 2819 2019 sua.
2849 1966 2979 2020 Num
3021 1968 3173 2037 igitur
3211 1970 3290 2022 lex
3331 1969 3429 2022 hoc

1882 2052 2030 2107 facit?
2061 2053 2317 2122 Numquid
2346 2055 2424 2108 lex
2450 2056 2700 2109 mediator
2717 2057 2828 2109 est?
2853 2057 2906 2111 Si
2929 2072 3052 2126 ergo
3069 2057 3145 2111 lex
3172 2060 3426 2113 mediator

1882 2157 1984 2197 non
2010 2155 2118 2206 esr;
2150 2159 2315 2211 neque
2339 2147 2474 2199 enim
2500 2161 2616 2198 cum
2645 2147 2728 2200 lex
2757 2147 2824 2200 sit
2845 2148 3119 2212 factorum,
3141 2149 3311 2218 jungit
3331 2149 3427 2202 ali-

1881 2249 1980 2302 qua
2025 2250 2139 2303 qu;e
2168 2243 2291 2288 sunt
2323 2246 2591 2304 separata;
2631 2237 2694 2290 de
2725 2236 2874 2290 factis
2905 2238 3040 2291 enim
3072 2240 3430 2292 tantummodo

1877 2325 2076 2393 judicat
2117 2343 2128 2377 :
2170 2341 2285 2392 qum
2324 2325 2519 2380 idcirco
2556 2327 2880 2394 interposita,
2920 2328 3106 2397 inquit,
3155 2345 3428 2398 quousque

1884 2415 2086 2469 veniret
2113 2415 2369 2479 Christus,
2391 2414 2436 2468 id
2465 2425 2545 2468 est
2567 2431 2746 2471 semen
2778 2419 2858 2471 cui
2885 2419 3134 2486 promissa
3160 2429 3238 2472 est
3263 2421 3430 2473 hmre-

1880 2511 2034 2573 diias,
2065 2511 2114 2563 in
2139 2512 2286 2578 cujus
2314 2527 2468 2564 manu
2500 2510 2807 2578 dispositum
2831 2523 2930 2577 ρει,
2958 2513 3091 2580 quod
3118 2512 3426 2580 dispositum

1881 2611 1959 2656 est
1986 2618 2076 2670 per
2101 2602 2331 2668 angelos,
2365 2602 2450 2669 qui
2484 2602 2739 2654 mediator
2765 2610 2864 2660 est,
2898 2609 2949 2653 et
2975 2601 3226 2654 mediator
3252 2602 3426 2669 utique

1884 2692 2164 2745 interduo.
2192 2691 2405 2759 nixique
2433 2690 2564 2753 duo;
2606 2691 2741 2744 Deus
2775 2703 2947 2744 autem
2978 2705 3110 2744 unus
3146 2701 3264 2744 est:
3300 2705 3425 2759 ergo

1883 2781 2139 2836 mediator
2190 2781 2280 2833 Dei
2334 2790 2531 2834 tantum
2575 2797 2691 2835 esse
2735 2797 2835 2834 non
2881 2791 3069 2850 potest,
3125 2782 3245 2850 quia
3286 2797 3419 2835 unus

1885 2874 2038 2927 Deus.
2074 2873 2144 2926 Ita
2181 2873 2321 2926 nullo
2363 2873 2517 2925 modo
2557 2874 2637 2926 lex
2668 2873 2936 2941 justiﬁeat,
2976 2873 3119 2927 nullo
3153 2874 3307 2928 modo
3345 2874 3426 2928 lex

1881 2963 2131 3016 factorum
2187 2963 2537 3017 limreditatem
2593 2966 2929 3032 consequitur
2976 2981 2988 3019 :
3035 2965 3148 3032 quia
3191 2964 3426 3018 haeredes

1879 3053 1951 3105 illi
2013 3061 2133 3106 sunt
2188 3055 2273 3122 qui
2317 3053 2434 3106 inde
2475 3054 2724 3123 originem
2777 3053 3002 3120 ducunt,
3045 3064 3096 3107 ct
3154 3055 3274 3108 inde
3325 3056 3427 3123 Spi-

233 3155 370 3224 Ergo
385 3157 418 3210 ii
434 3156 520 3224 qui
537 3171 600 3209 ex
619 3156 717 3209 tlde
735 3155 1128 3217 benedicentur,
1149 3157 1264 3220 quia
1281 3170 1342 3207 ex
1359 3155 1457 3207 ﬁde
1474 3154 1775 3208 benedictus

1881 3143 2030 3197 ritum
2095 3145 2384 3211 accipiunt,
2451 3144 2588 3197 unde
2642 3145 2914 3198 hmrcditas
2964 3145 3168 3210 veniet;
3228 3146 3428 3200 scilicet

233 3257 314 3300 est
338 3245 594 3299 Abraham
622 3289 635 3309 ,
666 3247 1062 3300 benedicentur.
1094 3247 1280 3298 Totum
1315 3247 1468 3314 igitur
1513 3246 1640 3300 ﬁdes
1670 3257 1768 3300 est.

233 3335 344 3390 lloe
361 3335 422 3387 ad
441 3337 646 3390 Galatas
664 3335 1099 3405 quemadmodum
1115 3345 1388 3389 revocatur
1404 3335 1426 3386 ?
1440 3335 1778 3403 seilicetquo-

233 3426 374 3478 niam
406 3435 601 3478 tantum
629 3441 691 3479 ex
720 3426 818 3480 ﬁde
849 3441 950 3478 non
977 3442 1038 3479 ex
1067 3427 1310 3492 operibus
1343 3426 1634 3479 benedictio
1661 3441 1778 3494 pro-

233 3518 378 3567 venit
402 3524 451 3567 et
474 3513 796 3582 justilicatio.
825 3514 900 3567 illi
931 3514 1086 3582 igitur
1116 3523 1442 3575 erraverunt,
1467 3515 1552 3580 qui
1585 3523 1776 3582 prmtcr

232 3603 389 3658 ﬁdem
411 3620 561 3672 quam
584 3613 899 3672 acceperunt
920 3604 969 3656 in
999 3603 1176 3657 Jesum
1203 3602 1467 3657 Christum
1500 3605 1768 3658 dominum

233 3705 490 3762 nostrum,
535 3696 914 3766 adjungendam
959 3697 1114 3749 etiam
1159 3697 1323 3764 legem
1371 3706 1682 3763 putaverunt
1726 3708 1779 3751 et

233 3796 490 3856 pracepta
519 3787 677 3855 legis,
721 3787 933 3840 idestut
972 3801 1034 3839 ex
1073 3786 1321 3851 operibus
1353 3786 1777 3855 jnsﬁﬁcationem

232 3876 528 3932 crederent.
555 3876 787 3944 Denique
816 3877 885 3928 ita
911 3875 1163 3943 adjungit,
1189 3883 1244 3926 ut
1268 3884 1319 3928 et
1340 3877 1656 3928 contrarium
1681 3875 1777 3928 do-

233 3976 370 4024 ceat.
396 3981 458 4019 ex
491 3966 734 4035 operibus
753 3967 874 4035 quid
900 3967 1205 4034 proveniat;
1236 3981 1300 4019 ne
1331 3966 1486 4019 veluti
1520 3966 1619 4019 hoc
1637 3969 1778 4020 acsti-

232 4065 375 4110 meut
402 4055 615 4118 Galatae,
640 4065 692 4109 et
715 4055 867 4109 ﬁdem
906 4056 1136 4109 retinere
1171 4055 1387 4108 credant
1411 4057 1460 4107 in
1488 4054 1771 4120 Christum;

233 4154 287 4197 et.
311 4143 647 4197 nihilominus
674 4144 926 4212 prodesse
949 4145 1046 4196 sibi
1079 4143 1302 4212 amplius
1339 4157 1490 4211 posse
1515 4184 1528 4206 ,
1553 4144 1594 4196 si
1625 4152 1779 4212 agant

233 4235 425 4303 aliquid
449 4243 501 4287 et
528 4249 594 4288 ex
619 4235 882 4302 operibus.

303 4326 370 4378 At
411 4333 589 4378 contra
619 4325 894 4392 Apostolus
929 4333 1078 4392 negat
1104 4339 1164 4377 ex
1190 4324 1438 4392 operibus
1459 4323 1778 4377 benedictio-

233 4430 350 4470 nem
397 4416 670 4482 provenire
696 4432 707 4466 :
738 4415 828 4469 sed
859 4414 995 4482 quod
1022 4424 1102 4468 est
1132 4416 1285 4467 etiam
1316 4415 1546 4483 gravius,
1571 4423 1624 4467 ct
1651 4429 1780 4468 con-

1873 3233 2122 3300 jungente
2167 3231 2376 3286 Christo
2423 3248 2484 3286 ea
2535 3250 2649 3302 qua:
2707 3245 2827 3288 sunt
2869 3245 3143 3304 separata,
3192 3245 3244 3288 et
3293 3235 3425 3289 libe-

1878 3333 2022 3377 rante
2071 3335 2265 3392 partem
2315 3326 2549 3378 ecclesiae
2596 3342 2711 3394 qum
2760 3327 2840 3380 hic
2881 3343 2973 3396 per
3001 3343 3207 3380 errores
3247 3326 3426 3380 mundi

1879 3424 2122 3480 tenetur,
2178 3425 2230 3468 et
2295 3425 2573 3470 revocante
2637 3417 2700 3469 ad
2763 3418 3036 3471 ecclesiam
3090 3419 3359 3473 cmleStcm
3407 3437 3419 3471 :

1878 3507 1987 3573 ipse
2009 3516 2086 3559 est
2115 3507 2252 3559 enim
2279 3507 2425 3559 Solus
2449 3508 2720 3560 mediator.
2751 3507 3000 3562 Mediator
3027 3517 3221 3574 autem,
3249 3520 3304 3561 ut
3329 3509 3422 3562 do-

1877 3599 2099 3663 cuimus,
2146 3613 2246 3651 non
2284 3599 2435 3651 unius
2469 3617 2480 3651 :
2525 3599 2708 3666 reliqui
2735 3600 2871 3653 enim
2902 3607 3017 3666 post
3047 3600 3228 3663 Deum,
3261 3616 3420 3653 unum

1879 3703 1979 3742 non
2005 3698 2126 3742 sunt
2151 3707 2165 3742 :
2190 3689 2331 3742 solus
2355 3699 2526 3742 autem
2561 3690 2697 3744 Deus
2723 3706 2855 3744 unus
2878 3700 2956 3744 est
2979 3709 2991 3744 :
3018 3706 3141 3760 ergo
3172 3692 3420 3761 quidquid

1878 3788 2020 3832 extra
2061 3780 2218 3830 Deum
2260 3787 2339 3830 est
2383 3778 2542 3830 multa
2587 3789 2726 3842 sunt,
2773 3794 2889 3848 qua:
2929 3780 3137 3849 adjungi
3180 3789 3422 3848 possunt,

1877 3867 1996 3936 quia
2029 3867 2145 3919 inde
2172 3875 2310 3920 sunt.
2338 3877 2425 3920 aut
2451 3877 2687 3936 separata
2710 3878 2849 3929 sunt,
2870 3871 2989 3937 quia
3017 3872 3084 3923 ita
3112 3873 3419 3940 mysterium

1879 3960 1990 4021 fuit,
2036 3969 2087 4012 et
2116 3961 2182 4011 ita
2207 3967 2288 4012 est
2315 3959 2470 4012 etiam
2505 3975 2661 4025 nunc,
2695 3969 2750 4014 ut
2771 3961 3081 4029 junguntur;
3109 3963 3226 4028 quia
3271 3963 3424 4032 longe

1877 4049 1975 4102 alia
2007 4057 2127 4102 sunt
2168 4057 2219 4100 et
2239 4047 2402 4101 divisa
2430 4055 2483 4102 et
2524 4050 2732 4104 hostilia
2763 4060 2816 4104 et
2841 4051 3088 4119 peritura.
3117 4051 3272 4106 Solus
3299 4067 3425 4122 ergo

1880 4141 2016 4194 Deus
2038 4153 2154 4192 cum
2180 4138 2267 4202 sit,
2302 4147 2492 4204 praeter
2533 4139 2693 4192 Deum
2737 4141 2991 4193 mediator
3013 4149 3112 4205 est,
3138 4143 3224 4209 qui
3249 4154 3424 4196 tamen

1880 4271 1980 4324 ﬁde
1998 4273 2192 4334 vivere,
2217 4280 2387 4325 etnon
2409 4288 2469 4325 ex
2500 4271 2763 4338 Operibus,
2785 4271 2850 4325 de
2880 4272 3120 4326 Habacuc
3152 4273 3285 4338 tulit,
3322 4285 3425 4330 etc.

1877 4341 2325 4394 Considerandum
2345 4342 2517 4409 itaque
2539 4342 2655 4410 quia
2686 4358 2787 4395 non
2818 4343 3024 4403 dixerit,
3055 4343 3210 4396 homo
3234 4353 3323 4397 aut
3345 4346 3424 4398 vir

1876 4427 1942 4464 ex
1980 4410 2080 4463 [ide
2118 4410 2262 4476 vivit,
2302 4426 2366 4464 ne
2410 4413 2738 4464 occasionem
2785 4413 3038 4464 tribueret
3081 4413 3142 4465 ad
3175 4414 3425 4467 virtutum

234 4481 446 4560 tiariuin
475 4504 845 4568 benedictioni,
879 4481 980 4556 sub
1001 4481 1364 4557 malediction‘e
1391 4519 1509 4557 esse
1552 4518 1663 4570 eos,
1689 4505 1777 4572 qui
1801 4483 1852 4542 Ῐ)
1878 4481 3167 4572 9933392392196295sit!jtgfffff,ﬂigi“?
3181 4498 3201 4572 ί
3214 4485 3432 4572 __“",‘!f'_ij

234 4609 295 4649 ex
322 4595 565 4661 operibus
588 4603 764 4663 agunt.

307 4682 461 4735 Vsus.
518 4683 598 4736 lO.
654 4713 722 4722 -—-
777 4684 1080 4752 Quicumque
1119 4684 1249 4738 enim
1289 4701 1349 4737 ex
1391 4683 1618 4752 aperibus
1661 4684 1781 4752 legis

231 4784 367 4837 sunt,
410 4773 500 4825 sub
553 4774 894 4826 maledictionc
937 4785 1050 4825 sunt
1098 4774 1198 4841 (4).
1247 4771 1594 4826 Vehementer
1629 4774 1782 4840 igitur

233 4863 466 4930 adjunxit
510 4877 610 4915 non
671 4862 826 4915 modo
871 4877 971 4915 non
1015 4862 1250 4915 benedici
1297 4874 1388 4914 eos
1428 4862 1512 4928 qui
1563 4876 1621 4912 ex
1656 4877 1776 4928 ope-

230 4956 364 5008 ribus
419 4965 574 5017 sunt,
632 4953 722 5007 sed
773 4954 927 5006 etiam
985 4968 1076 5006 eos
1125 4967 1240 5006 esse
1288 4951 1376 5004 sub
1436 4951 1779 5004 maledictione

230 5043 316 5116 qui
340 5059 400 5095 ea:
421 5044 647 5112 aperibus
668 5043 787 5111 legis
806 5052 938 5097 siml.
956 5041 1104 5108 Quod
1121 5050 1290 5093 autem
1311 5039 1460 5098 dixit,
1475 5055 1534 5090 ex
1551 5040 1778 5108 operibus

231 5134 369 5202 tegis,
398 5132 743 5200 intelligamus
765 5146 882 5184 esse
902 5131 1059 5184 etiam
1083 5145 1238 5198 opera
1261 5127 1653 5199 Christianitatis
1675 5126 1776 5197 (5),

298 5241 375 5313 (1)
407 5243 482 5297 En
512 5242 806 5296 Victorinus
834 5243 1069 5310 agnoscit
1109 5239 1172 5313 ad
1200 5240 1454 5307 justitiam
1503 5236 1654 5289 nobis
1684 5253 1771 5293 re-

230 5309 398 5383 putari
422 5315 576 5383 vitam
608 5317 739 5366 bene
767 5318 933 5383 actam
966 5320 1082 5379 post
1103 5309 1256 5363 tidem
1279 5316 1595 5375 susceptam.

297 5384 372 5450 (2)
397 5382 545 5449 Vulg.
572 5381 941 5450 prmiumtiavit.

297 5455 376 5523 (ὃ)
397 5453 467 5523 te
487 5450 639 5523 codd-

415 5521 568 5593 Yulg.
591 5519 875 5593 maledicto.

301 5586 378 5660 (5i
420 5586 770 5660 Hieronymus
793 5591 840 5640 in
873 5589 1010 5660 hunc
1042 5587 1208 5652 ipsum
1231 5586 1470 5660 Apostoli
1497 5588 1675 5660 locum
1705 5586 1779 5639 sic

231 5655 656 5717 commentatur}
686 5673 704 5704 ι
734 5656 1044 5723 Exemplum
1074 5669 1176 5722 quo
1211 5656 1459 5721 probatur
1491 5655 1662 5718 justus
1712 5663 1774 5705 ex

1881 4563 2106 4617 cultique
2147 4549 2315 4618 ﬁdelis
2357 4564 2492 4602 esset
2532 4549 2623 4618 per
2654 4549 2807 4603 ﬁdem
2847 4550 3100 4613 victurus,
3140 4567 3242 4604 non
3275 4554 3428 4608 aliter

1882 4628 2059 4688 posset
2096 4618 2159 4688 ad
2192 4617 2345 4670 ﬁdem
2379 4617 2577 4683 venire,
2611 4621 2688 4673 vel
2722 4621 2770 4672 in
2810 4634 2870 4673 ca
2918 4621 3112 4684 vivere,
3145 4621 3242 4673 nisi
3288 4623 3431 4686 prius

1877 4687 2050 4754 justus
2095 4687 2298 4752 fuisset,
2337 4696 2388 4740 et
2420 4690 2640 4755 puritate
2671 4690 2788 4740 vitro
2835 4688 2983 4756 quasi
3012 4689 3320 4756 quihusdam
3366 4692 3430 4744 ad

1885 4753 2039 4809 ﬁdem
2069 4755 2318 4824 gradibus
2346 4753 2689 4810 ascendisset.
2720 4753 3042 4826 Potestergo
3065 4760 3174 4810 ﬁeri
3206 4753 3322 4810 nt'si
3344 4761 3434 4813 ali-

1883 4827 2000 4896 quis
2030 4827 2222 4896 justus,
2256 4836 2308 4878 et
2339 4835 2509 4878 tamen
2543 4842 2643 4877 non
2679 4830 2821 4879 vivat
2855 4828 3050 4892 abSque
3073 4826 3172 4880 ﬁde
3210 4827 3427 4892 Christi,

1882 4894 1982 4947 etc.
2033 4894 2306 4947 Faciamus
2335 4907 2385 4946 et
2419 4911 2511 4945 nos
2539 4896 2729 4961 aliquid
2761 4896 2931 4949 simile
2976 4897 3094 4950 huic
3123 4899 3258 4964 quod
3296 4900 3426 4952 dici-

1884 4975 1966 5034 tur
1987 4966 2157 5034 justus
2182 4979 2242 5014 ea:
2270 4965 2368 5034 ﬁde
2393 4964 2506 5016 vivit
2535 4967 2851 5034 etidieamus
2877 4983 2887 5015 :
2910 4964 3095 5017 Castus
3124 4983 3189 5019 ex
3223 4967 3322 5019 ﬁde
3355 4972 3427 5021 vi-

1883 5033 1972 5096 vit,
1989 5032 2201 5099 'sapiens
2223 5047 2284 5084 ex
2306 5032 2405 5084 ﬁde
2418 5034 2561 5095 vivit,
2587 5033 2733 5086 fortis
2752 5049 2812 5087 ex
2835 5034 2935 5086 ﬁde
2957 5037 3097 5096 vivit,
3113 5049 3214 5090 etc.
3231 5057 3247 5087 ι
3271 5036 3430 5091 Certe

1882 5102 2018 5169 quod
2039 5104 2144 5153 sola
2171 5101 2298 5154 ﬁdes
2321 5103 2590 5168 justiﬁcet,
2611 5103 2658 5154 id
2691 5104 2979 5171 theologica
3000 5103 3259 5168 doctrina,
3284 5107 3325 5158 si
3345 5122 3431 5160 se-

1880 5185 2005 5223 vere
2035 5171 2326 5243 loquamur,
2351 5188 2450 5243 non
2477 5171 2895 5243 patitur._l\'onne
2924 5175 3060 5243 enim
3083 5188 3201 5239 spes
3223 5191 3428 5243 quoque

1881 5239 2173 5378 ηθῗῗῑεῗγίλ
2187 5241 2653 5361 esshprzecipueque
2665 5240 2888 5294 Charitas
2899 5242 2961 5294 ad
2977 5239 3434 5309 justiiicationem?

2093 5319 2140 5360 ta
2171 5323 2232 5361 co
2313 5347 2324 5360 .

2093 5319 2140 5360 ta
2171 5319 2324 5361 codd.

2070 5308 2458 5450 ofﬁgantur
2477 5378 2542 5431 ab
2561 5379 2801 5450 apostolo
2822 5379 2957 5432 bona
2983 5395 3165 5446 opera,
3194 5383 3435 5450 sequitur

1885 5446 2511 5515 ut‘ad_consequendam
2554 5448 2773 5501 salutem
2807 5451 3103 5502 necessaria
3138 5446 3437 5515 sinitIQuid

1883 5516 2020 5584 quod
2048 5513 2292 5586 Christus
2316 5531 2379 5586 ex
2409 5515 2675 5586 operibus,
2707 5519 2999 5586 prazsertim
3032 5513 3433 5586 miseric0rdim,

1883 5585 2100 5655 patratis
2131 5585 2213 5703 vrel
2243 5584 2453 5640 omissis
2477 5583 2731 5651 judicium
2766 5586 2976 5641 humani
3014 5590 3224 5656 generis
3253 5583 3434 5656 perae;

1883 5662 2028 5703 turus
2057 5662 2138 5703 est

1882 5662 2028 5708 turus
2057 5662 2138 5704 est
