3950 6206
559 298 690 353 ΗΠ

1802 295 1986 352 MARII
2041 295 2372 354 \‘lC'I‘OIIINI
2413 299 2569 358 AFRI

3670 320 3797 374 ΙΙῗὲ

553 430 660 466 non
700 421 779 467 est
820 414 974 471 unius
1018 415 1295 471 mediator.
1319 415 1439 485 Ipse
1479 420 1652 466 autem
1689 410 1966 476 mediitor,
2006 413 2104 465 alia
2134 414 2177 473 Α
2209 415 2346 484 quod
2378 416 2459 470 lex
2490 433 2516 469 a
2548 417 2725 488 Moyse
2755 407 2896 486 data,
2926 421 3051 478 nihil
3081 423 3219 478 aliud
3251 441 3412 496 quam
3450 441 3674 497 peccata
3709 437 3796 482 ιειι-

553 518 671 570 quze
696 503 832 558 Inter
855 519 912 559 se
937 507 1187 575 mysterio
1209 504 1435 575 quodam
1459 502 1684 557 discreta
1707 508 1846 564 sunt,
1881 502 2106 590 qnpdant

552 606 735 645 rursus
776 595 1026 664 mysterio
1067 593 1366 649 reconciliat
1405 601 1561 662 atque
1598 590 1883 660 ceujuugit.
1914 592 2106 644 Sumus

553 692 726 735 autem
751 698 861 747 nos,
888 694 941 738 et
959 685 1046 754 qui
1068 686 1290 753 separati
1313 699 1494 738 sumus
1518 698 1608 752 per
1624 682 1850 750 majores
1873 691 2101 749 nostros,

555 781 608 825 ει
632 772 800 839 juncti
829 789 1009 828 rursus
1038 790 1132 844 per
1158 777 1382 843 majores
1406 774 1636 842 quidem,
1679 773 1769 828 sed
1815 772 2103 828 secundum

555 861 838 930 Christum,
871 865 919 918 id
942 876 1023 920 est
1045 867 1330 920 secundum
1361 866 1516 920 ﬁdem
1549 883 1562 918 :
1588 865 1724 919 unde
1748 876 1964 944 apparet
1987 866 2103 920 sine

550 955 838 1010 mediatnre
884 973 978 1010 nos
1023 973 1122 1012 non
1165 974 1320 1028 posse
1363 958 1596 1011 liberari.
1641 956 1790 1023 Quod
1827 957 1871 1010 si
1897 956 1965 1009 ita
1996 965 2100 1022 est,

549 1058 680 1097 vana
704 1061 825 1114 spes
845 1057 922 1099 est
947 1045 1012 1102 de
1030 1046 1282 1101 factorum
1306 1049 1420 1116 lege
1442 1045 1656 1100 credere
1675 1045 2099 1116 jnstiﬁcatiouem

548 1143 600 1187 et
626 1134 995 1202 Salvationem;
1023 1153 1158 1205 qum,
1201 1147 1260 1191 ut
1281 1138 1524 1201 diximus,
1561 1152 1662 1190 non
1695 1135 1956 1190 mediator
1977 1146 2056 1188 cst
2085 1153 2097 1189 :

548 1223 690 1276 solus
712 1225 848 1277 enini
871 1223 1109 1280 Christus
1126 1226 1401 1289 mediator,
1423 1227 1508 1296 qui
1531 1226 1704 1296 jungit
1726 1225 1810 1278 illa
1833 1225 1968 1279 inter
1980 1242 2099 1296 qua}

544 1313 805 1366 mediator
825 1326 922 1370 est.
950 1317 1085 1386 Ergo
1109 1331 1201 1385 per
1219 1317 1484 1370 Christum
1504 1313 1807 1384 justiﬁcatio
1829 1323 1882 1369 ct
1908 1314 2097 1370 libera-

543 1403 637 1468 tio,
665 1419 766 1457 non
793 1420 885 1473 per
908 1406 1074 1476 legem
1101 1405 1376 1460 factorum.

1013 1539 1211 1596 LIBER
1248 1537 1620 1595 SECUNDUS.

607 1645 812 1714 Omnis,
844 1659 900 1702 ut
939 1650 1186 1716 diximus,
1228 1650 1325 1704 ista
1354 1649 1578 1719 epistola
1617 1649 1682 1704 ad
1720 1649 1930 1705 Galatas
1966 1649 2092 1704 illud

536 1748 806 1805 operatur,
833 1739 956 1793 illud
982 1752 1265 1810 expugnat,
1295 1741 1434 1809 quod
1464 1740 1561 1794 sibi
1583 1741 1958 1795 assumendum
1989 1757 2085 1836 pu-
2117 1778 2163 1836 Β

538 1835 776 1880 laverunt
801 1827 998 1884 Galata:
1024 1833 1096 1884 uti
1125 1847 1243 1885 cum
1270 1831 1477 1900 judaica
1505 1830 1777 1900 disi-ipliua
1810 1842 1967 1900 atque
1993 1830 2089 1885 ub-

537 1922 856 1987 servatione,
874 1922 1067 1976 Christi
1090 1924 1242 1977 ﬁdem
1264 1934 1601 1979 servarentet
1622 1925 1952 1994 evangelium
1976 1934 2090 1980 tue-

535 2019 736 2064 rentur.
789 2013 896 2066 ΙΙοε
945 2028 1112 2082 neque
1144 2014 1213 2068 ita
1249 2029 1366 2068 esse
1413 2029 1583 2084 neque
1621 2029 1679 2075 se
1716 2015 1783 2068 ita
1812 2013 2089 2069 mandasse

540 2098 822 2166 Apostolus
843 2101 1012 2166 docet,
1032 2110 1189 2170 atque
1211 2105 1428 2156 omnino
1449 2103 1642 2156 frustra
1667 2102 1790 2156 illud
1811 2117 1927 2157 esse
1948 2102 2087 2173 quod

532 2203 594 2241 ex
629 2189 742 2259 lege
767 2192 1071 2259 justiﬁcatio
1098 2203 1151 2248 et
1178 2195 1318 2249 salus
1345 2205 1603 2264 speratur.
1635 2194 1820 2249 Omnia
1851 2196 1991 2250 enim
2019 2209 2086 2249 ex

531 2283 636 2338 ﬁde
660 2290 1000 2353 proveniunt:
1035 2289 1312 2356 promissio
1337 2291 1528 2359 quippe
1556 2290 1878 2344 liberatiouis
1901 2300 1951 2343 et
1972 2294 2086 2357 jus-

532 2372 834 2428 tilicatiouis
877 2386 929 2430 et
965 2377 1282 2432 hazreditatis
1323 2380 1372 2432 in
1421 2380 1558 2434 εωιο
1601 2389 1650 2433 ει
1697 2393 1852 2448 supra
1892 2377 2085 2432 caelum

531 2461 755 2516 Abrahae
779 2463 896 2517 data
937 2480 1000 2519 ex
1033 2467 1132 2518 ﬁde
1162 2475 1261 2527 est,
1293 2468 1361 2520 ita
1388 2478 1440 2521 et
1485 2469 1599 2536 ejus
1625 2467 1830 2522 semini.
1862 2468 2010 2533 Quod
2041 2468 2085 2522 si

529 2553 602 2607 ita
631 2565 729 2620 est,
761 2555 916 2611 docet
943 2559 1159 2612 omnino
1184 2575 1246 2612 ex
1277 2561 1392 2628 lege
1418 2570 1575 2630 atque
1600 2575 1665 2614 ex
1691 2559 1939 2627 Operibus
1969 2561 2084 2628 ejus

529 2646 817 2700 secundum
837 2659 1092 2717 przeccpm
1116 2651 1392 2718 completis
1414 2651 1610 2704 nullam
1629 2651 2080 2719 justiﬁcationcm,

529 2736 725 2789 nullam
755 2738 1138 2803 liberationem,
1165 2741 1741 2797 hmreditatem‘nullam
1766 2746 2041 2812 provenire
2065 2761 2078 2798 :

529 2825 598 2880 ob
617 2843 769 2895 quam
793 2843 999 2882 causam
1022 2846 1140 2884 cum
1165 2833 1472 2901 impugnare
1495 2835 1661 2903 legem
1686 2835 1946 2903 videatur,
1969 2851 2082 2892 me-

527 2917 630 2970 rito
651 2920 868 2984 qtttL‘slit)
895 2922 1220 2988 pr0punitnr.

601 3007 756 3060 Vsus.
784 3008 947 3063 2i.—-
975 3011 1108 3076 Quid
1133 3027 1272 3080 ergo,
1322 3013 1507 3082 inquit,
1562 3014 1644 3066 lea:
1671 3015 1932 3068 adversum
1961 3034 2079 3083 pro-

525 3098 676 3150 uu'ssa
703 3099 806 3166 (I)?
829 3099 1031 3153 Etenim
1055 3102 1099 3153 si
1123 3102 1202 3155 lex
1232 3101 1354 3159 nihil
1386 3104 1492 3172 agit
1513 3119 1574 3156 ex
1599 3106 1845 3172 operibus
1870 3107 1999 3168 suis,
2026 3115 2080 3159 ει

524 3195 604 3239 εει
644 3186 753 3239 haec
798 3193 1088 3255 posterior;
1120 3191 1373 3258 promissa
1404 3194 1542 3245 enim
1577 3193 1749 3260 priora
1783 3196 1911 3248 laeta
1956 3205 2079 3250 sunt

525 3277 749 3328 Abrahae
775 3278 914 3345 (quia
940 3278 1017 3331 lex
1047 3295 1137 3345 per
1152 3279 1366 3348 Moysen
1396 3280 1514 3333 data
1537 3281 1795 3336 factorum
1820 3284 2076 3352 justitiam

527 3369 725 3431 tenet);
750 3367 1135 3434 qunduunuudn
1158 3369 1359 3422 videtur
1386 3379 1475 3422 ant
1493 3377 1681 3423 trustra
1709 3374 1827 3424 data
1849 3380 2075 3430 autcsse

524 3455 783 3507 contraria
811 3457 1138 3523 promissioni
1155 3457 1389 3510 lex.Num
1415 3461 1454 3511 si
1479 3460 2072 3532 nihilopcrauturopcra

521 3558 586 3597 ex
617 3537 756 3614 lege,
787 3554 838 3599 et
870 3547 992 3600 nihil
1023 3559 1292 3616 praestant,
1323 3563 1503 3606 contra
1535 3554 1788 3619 promissa
1820 3557 1900 3610 lex
1945 3567 2027 3611 est
2057 3575 2070 3611 :

518 3634 773 3700 promissa
803 3636 940 3688 enim
970 3652 1088 3690 cum
1118 3639 1474 3694 haereditatem
1508 3644 1849 3710 polliceantur
1877 3655 1931 3702 et
1962 3648 2075 3717 jus-

517 3722 876 3789 tiﬁCatiouem;
896 3727 1008 3780 lucc
1038 3728 1116 3782 lex
1138 3745 1326 3797 quaee:
1356 3733 1604 3801 operibus
1622 3744 1720 3800 est,
1745 3737 1869 3792 dum
1891 3751 2074 3796 avocat

520 3827 549 3864 a
571 3812 693 3878 ﬁde,
708 3813 830 3868 dum
851 3817 901 3869 in
918 3815 1023 3872 alio
1038 3829 1318 3888 occupatas
1333 3824 1533 3876 animas
1568 3832 1731 3890 tenet,
1745 3835 1802 3879 ut
1815 3831 2070 3895 promissa

520 3917 625 3956 non
655 3918 719 3958 ex
745 3904 846 3959 llde
874 3916 1234 3976 expecteutur,
1279 3912 1371 3966 sed
1399 3930 1463 3968 ex
1488 3915 1610 3978 alio,
1630 3915 1680 3968 id
1704 3925 1866 3972 estex
1895 3923 2070 3988 Operi-

515 3991 634 4056 bus,
658 3993 931 4049 adversum
952 4001 1206 4065 promissa
1229 4001 1310 4055 lex
1333 4011 1431 4057 est.
1456 4003 1568 4059 Non
1591 4015 1762 4062 autem
1786 4011 2070 4068 verisimile

516 4090 618 4146 est,
642 4093 698 4136 ut
719 4099 835 4138 cum
868 4087 1034 4156 legem
1060 4090 1194 4145 Deus
1223 4092 1445 4160 dederit,
1466 4096 1648 4152 eadem
1671 4115 1852 4155 rursus
1869 4102 1948 4156 les
1971 4105 2067 4158 ad-

513 4187 722 4228 versum
751 4180 1002 4243 promissa
1033 4181 1152 4234 data
1181 4186 1566 4262 esse‘videatur
1588 4205 1601 4241 :
1627 4206 1741 4259 qua:
1771 4193 1950 4262 utique
1978 4195 2067 4250 ad-

513 4275 722 4324 versum
762 4270 1015 4334 promissa
1057 4280 1157 4336 est,
1197 4274 1314 4328 siin
1343 4277 1444 4330 alio
1473 4288 1694 4348 occupat
1715 4295 1840 4346 nos,
1865 4283 2068 4340 scilicet

511 4360 569 4406 ut
587 4369 744 4422 Opera
761 4360 1115 4427 compleamus
1137 4376 1203 4416 ex
1233 4363 1346 4434 lege
1371 4375 1651 4435 praecepta,
1676 4379 1729 4424 et
1749 4386 1852 4426 non
1877 4388 2066 4443 expec-

510 4451 684 4498 temus
717 4461 781 4499 ex
809 4447 930 4512 ﬁde,
973 4451 1110 4516 quod
1142 4456 1459 4520 promissum
1490 4467 1589 4523 est,
1620 4468 1677 4514 ut
1706 4461 2063 4521 haereditatem
2089 4498 2140 4557 Β

510 4533 756 4557 m,,____
792 4535 884 4557 ω,
926 4554 972 4557 __
1027 4556 1034 4557 ,
1329 4547 1340 4557 .
1406 4549 1435 4557 ,μ

505 4533 758 4587 caelorum
791 4535 889 4592 ﬁde
918 4554 1298 4612 consequamur
1326 4547 1377 4601 iu
1405 4549 1585 4605 Deum.

579 4623 767 4678 Verum
790 4627 1066 4687 adversum
1099 4634 1198 4690 hoc
1223 4638 1346 4706 quid
1370 4643 1705 4712 respondeat,
1735 4647 1812 4702 sic
1837 4651 2064 4720 accipie-

499 4910 616 4950 sum
645 4903 898 4968 promissa
925 4905 1012 4971 sit,
1041 4908 1178 4975 quod
1208 4909 1351 4964 dedit
1380 4913 1567 4980 legem,
1600 4931 1716 4984 qua:
1741 4930 2050 4989 occupatum

499 4986 766 5046 hominem
807 4997 857 5048 in
891 4996 1007 5050 aliis
1035 4999 1190 5053 rebus
1217 5015 1336 5055 cum
1367 5011 1529 5069 tenet,
1573 5017 1792 5063 evacuat
1819 5015 2048 5080 promis-

2209 516 2293 560 cct
2334 523 2450 576 que
2481 519 2689 576 peracta
2721 511 2848 577 sint,
2878 521 2932 566 et
2959 515 3401 582 quemadmodum
3438 521 3661 574 vitanda
3695 525 3794 578 sint

2209 603 2410 660 monet,
2438 595 2668 666 nihilque
2695 599 2836 654 aliud
2859 600 3122 671 Scriptura
3152 607 3437 673 conclusit,
3468 611 3574 663 nisi
3605 621 3670 664 ut
3699 615 3790 668 sub

2209 692 2423 750 peccatu
2449 687 2624 740 omnia
2671 698 2930 758 praecepta
2977 703 3194 760 poneret
3220 703 3275 748 et
3301 697 3370 750 de
3412 711 3648 767 peccato
3692 705 3786 771 (ll.

2207 773 2349 838 l-larc,
2381 775 2567 845 inquit,
2600 793 2704 832 non
2736 779 2852 833 ideo
2879 780 2996 834 dati
3031 782 3110 836 lex
3143 793 3242 848 est,
3283 801 3401 855 qua:
3433 800 3623 856 posset
3656 793 3765 845 vivi

2203 863 2361 918 ﬁcare
2390 883 2402 916 :
2438 882 2554 919 nam
2598 870 2640 921 si
2673 868 2743 922 ita
2767 871 2883 924 data
2915 881 3072 937 esset,
3105 889 3227 929 vere
3257 891 3320 930 ex
3351 877 3468 948 lege
3497 892 3653 935 esset
3678 885 3788 951 jus-

2202 954 2348 1017 titia;
2399 970 2536 1010 nunc
2575 966 2750 1013 autem
2783 962 2987 1016 non-ita
3017 963 3134 1017 data
3163 974 3264 1030 est,
3313 977 3371 1021 ut
3403 969 3486 1040 (2)
3520 977 3630 1025 vita
3668 976 3786 1032 inde

2201 1053 2486 1112 quaeratur,
2508 1047 2598 1100 sed
2629 1047 2744 1101 data
2768 1058 2869 1116 est,
2889 1054 3212 1122 utscriptura
3236 1070 3326 1110 sua
3351 1057 3429 1129 (ὅ)
3452 1064 3641 1114 omnia
3669 1079 3787 1132 pec-

2199 1141 2313 1186 cata
2335 1143 2386 1187 et
2406 1134 2595 1191 doceat
2616 1144 2670 1191 et
2692 1139 2897 1194 vitanda
2917 1141 3260 1199 demonstret.
3281 1145 3394 1200 Non
3417 1164 3550 1219 ergo
3573 1168 3644 1206 ex
3672 1153 3784 1222 lege

2195 1220 2393 1290 justitia
2417 1234 2517 1289 est,
2533 1224 2584 1278 id
2603 1235 2682 1281 est
2709 1243 2812 1282 non
2835 1240 2915 1283 est
2942 1231 3061 1287 inde
3078 1233 3406 1302 justiﬁcatio,
3430 1255 3612 1309 neque
3641 1220 3784 1299 salus

2197 1311 2289 1365 sed
2312 1327 2373 1367 ex
2398 1314 2520 1380 ﬁde,
2546 1317 2694 1370 sicuti
2723 1324 3034 1387 promissum
3064 1332 3165 1378 est.

2266 1401 2499 1473 Denique
2518 1406 2595 1460 sic
2622 1407 2906 1479 subjuugit,
2937 1411 3092 1466 Vens.
3145 1413 3217 1467 22
3261 1432 3274 1469 :
3304 1445 3375 1457 —
3403 1418 3511 1474 Sed
3562 1424 3780 1476 conclu-

2194 1494 2258 1550 sit
2311 1489 2577 1561 Scriptura
2623 1499 2788 1550 omnia
2837 1500 2927 1552 sub
2978 1515 3221 1569 peccato,
3278 1516 3334 1558 ut
3385 1512 3667 1578 prondssio
3723 1532 3780 1569 ιτ

2194 1580 2296 1650 ﬁde
2339 1583 2460 1637 Jesu
2507 1585 2693 1640 Christi
2733 1589 2936 1644 daretur
2982 1595 3317 1653 credentibus.
3367 1600 3519 1666 Hoc,
3572 1606 3771 1675 inquit,

2193 1679 2365 1726 actum
2396 1683 2478 1728 est
2518 1691 2611 1745 per
2638 1678 2872 1748 Moysen,
2911 1689 2969 1736 ut
3011 1683 3122 1753 ipse
3162 1687 3372 1756 quidem
3422 1689 3492 1746 de
3549 1706 3774 1763 peccato

2192 1762 2361 1833 legem
2391 1771 2754 1835 constitueret,
2802 1779 2856 1827 et
2881 1777 3053 1829 omnis
3090 1779 3345 1848 scriptura
3373 1784 3440 1837 de
3465 1762 3694 1854 pecmto
3719 1802 3772 1845 et

2192 1868 2309 1922 qua:
2355 1866 2478 1911 sunt
2523 1860 2622 1913 sub
2647 1872 2863 1929 peccato
2900 1868 3331 1936 concluderetur;
3364 1884 3423 1928 ut
3449 1879 3588 1946 quod
3643 1897 3742 1948 pro

2191 1947 2410 2000 missum
2431 1958 2562 2011 erat,
2589 1965 2653 2005 ex
2678 1955 2779 2008 ﬁde
2810 1956 2976 2024 ﬁeret,
3007 1967 3060 2013 et
3097 1961 3379 2019 lnereditas
3407 1982 3472 2022 ex
3507 1970 3612 2025 ﬁde
3638 1947 3768 2029 .lesu

2189 2033 2384 2092 Christi
2431 2039 2647 2097 daretur
2681 2045 3039 2103 credentibus.
3068 2052 3203 2122 Ergo
3229 2056 3312 2109 his
3337 2061 3587 2116 omnibus
3636 2067 3765 2133 quid

2188 2127 2295 2194 agit
2317 2128 2398 2182 vel
2439 2131 2580 2200 egit?
2622 2143 2678 2187 ut
2719 2134 2849 2189 ﬁdes
2887 2139 2996 2193 sola
3020 2139 3144 2196 Jesu
3178 2145 3373 2200 Christi
3420 2127 3670 2208 sufﬁciat
3697 2157 3760 2210 ad

2184 2215 2614 2286 juStiﬁeationem
2663 2224 3134 2301 liberationemque
3163 2243 3417 2292 nostram.

2265 2307 2418 2362 Vens.
2445 2308 2533 2366 25.
2573 2341 2642 2352 -
2671 2312 2823 2368 Prius
2867 2329 3033 2370 autem
3073 2338 3221 2391 quam
3261 2328 3446 2381 veniret
3476 2331 3621 2398 ﬁdes,
3671 2335 3757 2388 sub

2187 2397 2295 2467 lege
2340 2402 2738 2458 custodiebantur
2767 2409 2988 2463 conclusi
3015 2413 3066 2465 in
3097 2431 3205 2468 eam
3243 2418 3396 2482 ﬁdem
3423 2438 3537 2490 quia
3575 2429 3748 2493 {istm

2185 2501 2308 2554 erat,
2336 2501 2389 2546 ut
2418 2496 2716 2551 revelaretur
2741 2498 2816 2570 (4)
2842 2517 2904 2556 ne
2929 2519 3091 2558 vacua
3117 2507 3200 2560 lex
3221 2508 3393 2576 ﬁeret,
3418 2514 3500 2568 vel
3531 2517 3748 2572 adversa

2187 2584 2477 2649 promissis.
2509 2585 2781 2652 Quomodo
2810 2592 2936 2645 dicit
2963 2599 3350 2653 necessariam?
3376 2606 3627 2672 quoniam
3658 2625 3750 2663 ex-

2188 2677 2412 2741 pectatio
2434 2677 2499 2731 de
2529 2677 2631 2732 ﬁde
2659 2678 2830 2735 futura
2873 2692 3003 2747 erat,
3048 2695 3102 2739 et
3129 2692 3410 2756 promissio
3439 2711 3536 2764 per
3563 2697 3739 2753 ﬁdem.

2188 2765 2361 2832 Prius,
2395 2769 2578 2839 inquit,
2607 2781 2722 2826 ante
2751 2789 2899 2841 quam
2927 2779 3105 2830 veniret
3135 2781 3280 2848 ﬁdes,
3322 2790 3744 2857 custodiebantur,

2184 2856 2235 2910 id
2254 2865 2334 2911 est
2359 2860 2744 2927 quodammodo
2767 2864 2900 2919 duce
2921 2867 3033 2936 lege
3055 2877 3213 2938 atque
3228 2875 3447 2929 custode
3470 2879 3634 2933 vitam
3656 2856 3742 2934 co;

2183 2949 2420 3004 labamus
2445 2953 2699 3021 integram
2726 2971 2787 3008 ex
2819 2956 2978 3011 vitato
3008 2972 3222 3026 peccato
3251 2973 3302 3017 et
3327 2982 3389 3018 ex
3413 2974 3658 3038 cognito;
3691 2984 3745 3028 ut

2181 3051 2300 3089 cum
2331 3039 2572 3093 Christus
2600 3043 2820 3107 veniret,
2855 3061 2950 3099 nos
2978 3048 3136 3102 veluti
3168 3055 3394 3106 conclusi
3434 3059 3484 3109 in
3513 3062 3654 3114 illam
3687 3066 3745 3130 ﬁ-

2106 3139 2150 3201 C
2181 3126 2313 3190 dem,
2349 3144 2459 3196 quae
2484 3134 2656 3198 futura
2696 3142 2818 3196 erat,
2863 3147 3261 3204 espectareiuus
3300 3147 3590 3204 adventum
3625 3170 3638 3206 ε
3697 3156 3742 3207 in

2181 3221 2331 3285 cujus
2381 3218 2537 3272 ﬁdem
2588 3221 2881 3291 credentes,
2926 3234 3202 3297 ptmparati
3242 3247 3336 3302 per
3388 3239 3585 3308 legem,
3628 3259 3744 3298 cum

2180 3319 2390 3377 peccata
2419 3312 2702 3366 vitaremus
2731 3322 2887 3383 atque
2914 3332 3073 3387 Opera
3105 3321 3236 3391 legis
3274 3325 3634 3396 efﬁceretuus,
3669 3335 3743 3387 ﬁ:-

2176 3399 2276 3451 cile
2299 3400 2609 3466 promissum
2626 3418 2689 3454 ex
2710 3403 2957 3470 adventu,
2977 3407 3128 3462 ﬁdem
3153 3412 3356 3468 scilicet
3377 3418 3428 3469 in
3453 3419 3740 3489 Christum,

2177 3486 2370 3541 habere
2410 3505 2701 3558 possemus.
2732 3493 2842 3547 Non
2872 3510 2998 3565 ergo
3039 3500 3192 3554 ﬁdem
3224 3502 3275 3555 iu
3325 3507 3495 3574 legem
3549 3511 3742 3569 habere

2175 3578 2432 3633 debemus
2453 3581 2542 3634 sed
2565 3582 2616 3635 in
2639 3585 2918 3639 adventum
2950 3607 2962 3642 :
2995 3606 3112 3643 nam
3135 3598 3379 3659 conclusi,
3415 3599 3602 3666 inquit,
3628 3621 3743 3656 cra-

2173 3685 2291 3724 mus
2313 3687 2400 3740 per
2415 3673 2586 3740 ﬁdem;
2610 3676 2660 3728 in
2682 3691 2810 3741 eam,
2833 3680 3017 3748 inquit,
3037 3683 3185 3748 ﬁdem
3202 3701 3314 3754 qua:
3342 3688 3518 3755 futura
3553 3707 3660 3746 erat
3689 3695 3739 3748 id

2172 3761 2487 3827 estChristi;
2509 3773 2564 3818 ut
2579 3769 2896 3824 revelaretur
2910 3772 3091 3828 eadem
3111 3775 3257 3839 ﬁdes,
3273 3793 3391 3832 cum
3407 3779 3494 3834 ille
3513 3786 3740 3839 νεηίεερι

2243 3852 2400 3907 Vens.
2455 3883 2524 3896 -—
2575 3856 2662 3910 26.
2724 3857 2902 3927 Itaque
2956 3862 3037 3915 lex
3081 3866 3386 3937 paedagogus
3432 3881 3599 3925 noster
3644 3878 3740 3945 fuit

2170 3943 2221 3996 in
2259 3941 2470 3998 Christo.
2517 3949 2789 4014 Quomodo
2830 3954 2968 4006 enim
3011 3957 3098 4022 qui
3142 3971 3334 4024 pueros
3365 3960 3581 4027 docent,
3625 3941 3734 4018 mo-

2170 4044 2299 4086 nent
2341 4035 2498 4102 viam,
2532 4047 2781 4106 quantum
2813 4055 3051 4109 possunt,
3086 4046 3296 4101 vivendi
3327 4061 3379 4102 et
3425 4054 3730 4124 ostendunt,

2168 4139 2274 4177 non
2305 4132 2479 4182 tamen
2509 4129 2604 4197 ipsi
2635 4131 2868 4201 magistri
2896 4143 3019 4188 sunt
3049 4137 3217 4204 pleute
3247 4142 3366 4193 vita:
3400 4160 3413 4195 :
3455 4147 3532 4199 sic
3560 4160 3612 4200 et
3651 4151 3730 4203 lex

2167 4217 2317 4284 quasi
2351 4219 2660 4288 paedagogus
2689 4221 2817 4284 fuit,
2862 4225 2954 4277 sed
2976 4239 3080 4278 non
3103 4228 3202 4280 sibi
3228 4231 3537 4298 profuturus
3564 4254 3732 4307 neque

2167 4306 2354 4374 plenus
2416 4309 2729 4380 paedagogus
2788 4313 2855 4366 ad
2905 4316 3061 4369 vitam
3112 4319 3406 4376 docendam
3456 4347 3471 4380 :
3530 4306 3726 4382 sediiu

2167 4396 2388 4464 Christo,
2420 4401 2602 4470 inquit,
2637 4403 2685 4456 id
2710 4414 2789 4457 est
2816 4420 2981 4474 usque
2995 4409 3061 4462 ad
3085 4407 3351 4464 Christum
3381 4432 3394 4466 :
3429 4425 3483 4470 ct
3511 4419 3589 4473 sic
3610 4435 3728 4490 cns-

2425 4493 2506 4547 lex
2529 4508 2625 4548 nos
2645 4497 2784 4550 circa
2811 4509 3023 4566 peccata
3051 4503 3334 4568 monendo,
3363 4509 3491 4560 utin
3517 4508 3724 4565 Christo

2165 4595 2374 4635 omnem
2404 4597 2552 4652 spem
2594 4585 2780 4639 salutis
2836 4602 2897 4642 ac
2939 4589 3058 4643 vita:
3111 4591 3306 4648 habere
3354 4612 3628 4665 possemus
3672 4613 3723 4655 ut

2159 4685 2221 4723 ex
2272 4672 2373 4738 ﬁde
2412 4674 2768 4742 justiﬁeemur.
2801 4676 2912 4730 Non
2963 4694 3024 4733 ex
3078 4680 3214 4750 lege,
3248 4685 3341 4738 sed
3390 4704 3453 4740 ex
3491 4690 3612 4754 ﬁde,
3646 4692 3721 4745 iu—

504 4729 655 4768 mus:
687 4717 758 4767 ait
783 4719 919 4770 enim
947 4722 1170 4787 primum
1203 4730 1549 4795 generaliter:
1575 4735 1737 4800 absit;
1769 4736 1820 4791 id
1846 4748 1926 4792 est
1953 4717 2058 4794 non
2159 4717 2292 4829 ξιῖιίιξ
2327 4773 2380 4815 ιη
2411 4717 2714 4830 malleum,

501 4809 747 4862 convenit
776 4818 831 4863 ut
859 4811 910 4864 id
940 4828 968 4865 a
1000 4815 1108 4868 Deo
1135 4818 1324 4872 factum
1357 4836 1474 4876 esse
1504 4824 1760 4894 videatur,
1792 4839 1846 4884 et
1870 4831 2056 4887 adver—
2411 4809 2730 4923 $345-$570;

2741 4766 2839 4819 hoc
2867 4777 2951 4822 est
2977 4778 3037 4823 ut
3062 4771 3430 4841 justiﬁcemur,
3464 4790 3518 4833 et
3549 4783 3717 4840 barre-

2736 4871 2924 4926 emque
2966 4864 3255 4931 eapiamus.

2227 4942 2385 4998 Vatis.
2407 4945 2825 5002 25.-Veniente
2837 4960 3007 5006 autem
3030 4955 3154 5020 ﬁde,
3185 4956 3234 5008 id
3255 4965 3336 5011 est
3362 4959 3576 5018 Christo
3604 4966 3714 5034 ipso

2155 5030 2302 5101 (tunc
2313 5035 2451 5088 enim
2466 5043 2577 5088 orta
2601 5034 2730 5092 ﬁdes
2749 5053 2846 5104 εει,
2865 5041 3000 5096 idest
3022 5052 3226 5112 tempus
3251 5047 3446 5107 habere
3465 5030 3644 5124 carpit,
3659 5067 3713 5114 ut

2149 5121 2280 5178 ﬁdes
2306 5134 2464 5190 esset,
2493 5134 2651 5197 atque
2694 5130 2746 5183 in
2773 5146 2893 5186 eum
2923 5132 3259 5191 crederemus
3297 5141 3384 5194 ubi
3415 5153 3521 5198 tota
3555 5121 3708 5203 salus

2148 5222 2256 5282 est;
2286 5225 2339 5270 et
2381 5216 2577 5274 Judazis
2618 5229 2823 5290 contra,
2848 5224 2932 5292 qui
2957 5239 3059 5278 non
3081 5225 3443 5303 crediderunt)
3477 5237 3588 5304 jam
3611 5255 3706 5292 non

496 5078 720 5145 sionem,
752 5083 977 5155 facitque
1023 5091 1261 5143 meritum
1290 5107 1426 5160 esse,
1461 5110 1564 5149 non
1597 5097 1786 5165 Iidem;
1812 5078 1861 5155 id
1884 5111 1964 5158 est
1991 5114 2049 5161 ut

493 5171 739 5237 operibus
767 5179 1010 5231 omnibus
1039 5180 1190 5237 factis
1221 5182 1646 5252 justilicationem
1685 5193 1876 5247 merito
1914 5210 2044 5250 cou-

491 5273 792 5328 sequamur,
823 5279 926 5319 non
957 5267 1058 5322 ﬁde
1081 5271 1214 5325 sola.
1250 5273 1386 5344 Ergo
1413 5277 1569 5342 absit,
1605 5279 1771 5350 inquit
1800 5300 1814 5336 :
1853 5284 2044 5344 deinde

489 5354 738 5419 ευρροηει
767 5355 1045 5413 rationem.
1082 5359 1137 5415 ss
1161 5365 1298 5417 enim
1321 5333 1444 5421 ῖιτιιε
1476 5333 1619 5422 εεέει
1649 5333 1752 5438 ιέκ.
1783 5388 1898 5442 quae
1925 5391 2046 5445 ρυε-
2149 5333 3127 5445 ,,,9.1.2:.admissarium
3151 5352 3468 5445 29191992
3481 5359 3633 5445 verba
3657 5367 3703 5445 ει

2148 5405 2210 5458 de
2227 5405 2434 5483 pscarum
2445 5409 2510 5483 ad
2529 5424 2836 5478 sequentem
2855 5416 3126 5478 periodum
3149 5405 3476 5480 devolvenda
3491 5405 3697 5483 ἐέξέηἱζ

485 5447 567 5492 set
610 5441 892 5510 viviﬁcare,
925 5461 1049 5502 vere
1093 5464 1155 5503 ex
1202 5451 1318 5522 lege
1357 5464 1502 5511 esset
1541 5459 1763 5527 jnstitia.
1805 5441 2043 5524 Diximus

2241 5544 2403 5638 multa
2422 5547 2577 5603 codd.
2603 5567 2696 5604 sua
2715 5553 2766 5608 id
2792 5567 2871 5609 est
2898 5554 3039 5626 legis.
3061 5556 3157 5616 Vel
3179 5576 3280 5632 pro
3307 5580 3402 5618 sua
3424 5565 3696 5638 legendum

548 5589 625 5689 ςί)
665 5593 721 5649 ³η
747 5595 899 5667 ναις.
933 5599 1125 5671 leﬁitut'
1159 5621 1173 5658 :
1211 5603 1319 5660 Lex
1353 5624 1473 5681 ergo
1508 5613 1750 5672 adversus
1790 5620 2051 5689 promissa!
2150 5589 2422 5689 εεῖξξιέξδ,

459 5657 573 5720 Dei.
603 5657 616 5662 ⁷
850 5657 878 5667 ⁷
983 5657 1013 5671 ⁷
1164 5657 1168 5658 ν
1355 5657 1468 5681 ﬂ"
1508 5657 1749 5672 "mw.
1790 5657 2044 5689 rum"..-
2151 5657 2483 5760 "tilvulg.
2503 5685 2695 5748 habet:
2729 5691 2855 5763 Qua
2878 5697 3146 5756 revelanda
3164 5711 3291 5757 erat.
