3950 6206
186 297 340 353 H73

1077 288 1140 342 ΣΝ
1169 282 1552 342 EPISTOLAM
1589 279 1790 337 PAULI
1824 277 1916 333 AD
1943 275 2261 334 GALATAS
2300 273 2499 330 LIBER
2527 273 2587 327 ll.

3295 261 3429 320 ΗΜ

182 413 289 468 sub
312 410 593 482 ptrdagogo
618 423 810 470 sumus,
827 404 876 461 id
898 415 979 461 est
1002 405 1109 474 jam
1129 415 1231 456 non
1255 399 1351 454 sub
1375 399 1487 466 lege
1515 395 1765 458 vivimus,
1793 395 1846 454 Α
1939 390 2090 444 CAP.
2113 388 2200 445 IV.
2219 387 2462 442 ——Vens.
2492 388 2614 440 l.—
2633 384 2760 437 Dico
2785 392 2949 436 autem
2973 379 3214 448 quamdiu
3237 377 3311 450 (l)
3328 379 3432 430 lur—

187 503 324 574 quia
350 498 732 556 custodivimus
756 503 1011 567 prmeepta
1050 494 1178 562 legis
1196 505 1312 561 quae
1334 488 1398 542 ad
1423 488 1588 556 ipsam
1613 484 1767 538 fidem

190 602 466 664 spectant,
489 591 578 661 qui
602 590 913 660 parabantur
931 585 1210 655 paedagogo
1225 577 1634 650 legis.Veuiente
1655 576 1770 642 ipso

191 687 438 748 Christo,
468 683 516 737 id
539 691 620 735 cst
645 682 751 750 ipsa
783 679 902 743 fide,
926 676 1035 746 jam
1073 689 1174 728 non
1202 671 1300 726 sub
1331 667 1612 738 paedagogo
1639 664 1770 717 vivi-

195 791 346 838 mus.
376 774 468 829 sed
506 789 570 828 ex
599 771 700 825 ﬁde
725 770 946 824 vivimus
973 766 1052 819 vel
1077 764 1330 818 vivemus.

278 867 443 921 Vens.
463 860 814 918 9.6.—0nmes
836 858 966 911 enim
987 856 1106 908 estis
1126 854 1220 922 ﬁlii
1248 851 1357 915 Dei,
1379 846 1479 917 ﬁde
1499 846 1552 899 in
1573 841 1771 898 atristo

196 955 334 1010 Jcsu
359 955 458 1023 (l).
485 952 607 1006 Haec
627 958 709 1006 est
735 951 872 1004 enim
903 943 1185 1000 haereditas
1213 949 1271 994 ut
1293 949 1678 1006 consequamur
1704 932 1776 986 vi-

203 1055 319 1100 tam
363 1021 647 1098 internum:
678 1051 802 1094 tunc
838 1037 980 1092 enim
1009 1046 1193 1086 sumus
1221 1029 1313 1083 ﬁlii
1345 1026 1458 1081 Dei.
1491 1024 1596 1080 Sed
1637 1021 1774 1076 unde

200 1136 384 1193 istud?
407 1136 507 1189 ﬁde
530 1135 579 1187 in
604 1133 815 1186 Christo
839 1128 983 1183 Jesu.
1001 1124 1148 1178 Tunc
1176 1122 1330 1175 ﬁdem
1350 1119 1402 1172 in
1419 1118 1597 1172 Jcsum
1621 1114 1770 1168 Chrio

201 1236 352 1282 stum
370 1222 643 1286 habemus,
660 1221 708 1275 id
727 1231 804 1274 est
818 1219 942 1273 dum
957 1218 1006 1270 in
1024 1216 1167 1268 illum
1182 1204 1617 1275 credimus,quod
1636 1203 1774 1257 ﬁlius

201 1320 304 1376 Dei
328 1320 418 1384 sit,
437 1326 492 1372 et
507 1316 643 1386 quod
663 1317 675 1368 i
683 1329 772 1382 pse
787 1326 882 1365 nos
900 1308 1087 1372 salvet,
1107 1300 1309 1372 etquod
1325 1298 1447 1353 illud
1465 1295 1773 1368 mysterium

201 1427 307 1482 pro
333 1411 484 1466 nobis
513 1385 694 1478 egerit,
716 1412 770 1457 et
798 1403 882 1456 illa
912 1400 1088 1453 omnia
1115 1410 1230 1465 qua:
1260 1393 1308 1445 in
1338 1387 1612 1458 evangelio
1641 1385 1777 1439 dixi-

203 1472 350 1558 inus.
376 1472 570 1554 Veruni
596 1495 722 1550 illud
743 1494 825 1546 hic.
853 1478 1682 1549 animadvertendum,quodcum
1712 1472 1777 1528 de

203 1591 372 1647 rebus
416 1590 737 1658 loqueretur,
763 1581 827 1635 ad
860 1592 1135 1650 personam
1159 1588 1217 1628 se
1240 1572 1415 1633 vertit,
1447 1568 1535 1621 ubi
1569 1563 1776 1619 blandi-

209 1689 452 1735 mentum
487 1656 728 1732 ‘05tendit
769 1687 874 1741 quo
924 1669 1129 1722 facilius
1175 1660 1534 1734 persuaderet.
1571 1656 1776 1721 Omnes,

1871 500 1949 537 res
1977 482 2212 552 parvulus
2236 489 2325 541 est,
2351 479 2475 531 nihil
2503 477 2670 544 cli/fert
2700 492 2728 527 α
2755 489 2917 537 servo,
2941 489 3052 525 cum
3082 469 3329 524 Dominus
3366 469 3431 522 sit

1870 572 2112 626 amnium.
2145 570 2244 623 Per
2271 567 2568 636 adjunctam
2603 565 2997 620 similitudinem
3030 571 3351 633 perseverat,
3380 569 3436 613 ut

1871 660 1994 729 quid
2027 659 2278 713 fuerimus
2315 671 2438 710 ante
2476 659 2754 710 adventum
2795 652 2992 708 Christi
3043 653 3142 707 sub
3170 653 3303 719 lege,
3333 652 3432 703 do-

1871 762 1987 806 ceat
2009 767 2023 815 ;
2047 751 2193 820 quid,
2221 763 2396 820 antea
2422 764 2574 818 quam
2605 747 2825 801 venerit.
2854 745 3075 799 Solvens
3098 744 3235 797 enim
3264 758 3436 810 quais-

1874 840 2069 895 tionem
2104 840 2267 903 illam,
2299 855 2364 892 an
2394 837 2672 892 adversmn
2703 836 2959 905 promissa
2986 834 3069 888 lex
3101 831 3284 893 fuerit.
3310 833 3438 886 dicit

1872 932 1937 987 ad
1967 945 2171 1001 tempus
2202 934 2368 1001 legem
2409 931 2580 983 datam
2605 969 2619 994 ,
2648 942 2766 998 qua:
2796 942 2891 980 nos
2919 927 3017 978 sub
3045 924 3280 979 custodia
3310 941 3438 977 cnn-

1873 1025 2102 1079 tiueret:
2133 1039 2193 1077 ac
2221 1035 2481 1092 prascepta
2529 1020 2743 1074 tradens
2787 1017 3075 1072 custodiret
3103 1033 3130 1069 a
3175 1016 3437 1085 peccatis,

1873 1131 2146 1187 quousque
2165 1126 2371 1184 tempus
2398 1113 2598 1167 veniret
2628 1112 2679 1164 in
2705 1110 2984 1164 adventum
3010 1108 3225 1172 Christi,
3253 1117 3306 1160 ιιι
3333 1111 3439 1159 hu:-

1875 1208 2028 1262 redes
2076 1206 2478 1274 promissionum
2524 1218 2642 1256 esse
2691 1214 2986 1268 possemus.
3047 1198 3207 1265 Ergo,
3239 1195 3438 1266 inquit,

1877 1302 2116 1355 lucredes
2145 1315 2263 1353 cum
2292 1297 2492 1367 parvuli
2514 1305 2665 1358 sunt,
2687 1294 2823 1362 quod
2856 1303 2937 1348 est
2969 1301 3176 1358 tempus
3198 1286 3296 1344 sub
3326 1290 3440 1356 lege

1877 1400 1999 1446 ante
2024 1392 2310 1445 adventum
2341 1389 2569 1451 Christi,
2613 1402 2756 1449 cum,
2804 1385 3037 1452 inquam,
3073 1381 3273 1449 parvuli
3314 1389 3438 1432 sunt

1880 1482 2135 1546 lwcredes,
2165 1480 2293 1533 nihil
2343 1478 2588 1531 differunt
2623 1491 2651 1529 a
2683 1477 2886 1528 servis:
2921 1475 3044 1527 licet
3075 1472 3213 1525 enim
3243 1469 3440 1523 domini

1879 1575 2034 1629 futuri
2063 1574 2168 1627 sint
2189 1572 2442 1636 omnium,
2469 1569 2607 1639 quod
2637 1567 2872 1620 hzeredes
2903 1563 3082 1626 fttturi,
3113 1571 3286 1614 tamen
3312 1560 3436 1612 dum

1881 1682 1983 1719 non
2044 1664 2184 1717 venit
2231 1673 2472 1730 tempus,
2517 1674 2620 1728 quo
2667 1667 2904 1726 tempore
2948 1663 3168 1709 exorant
3232 1653 3441 1720 plennnt

207 1772 404 1842 inquit,
451 1769 542 1836 ﬁlii
590 1766 724 1821 estis.
755 1764 942 1830 Supra.
975 1758 1064 1813 sub
1092 1755 1365 1825 ρωάαθοαο
1415 1766 1605 1811 mm“.
1639 1760 1776 1800 ηυηο
1806 1751 1851 1810 Β
1880 1754 2078 1810 domini
2110 1768 2340 1816 nomen,
2371 1751 2517 1820 quasi
2564 1749 2787 1818 quodam
2841 1746 3017 1799 ofﬁcio
3070 1742 3336 1796 servitutis
3365 1753 3445 1794 te-

207 1836 357 1914 νει-ιιι
385 1854 675 1928 apostrofat
708 1853 784 1924 (2)
810 1853 875 1906 ad
919 1853 1060 1917 ipsos
1089 1865 1103 1904 :
1135 1845 1231 1914 ﬁlii
1257 1844 1393 1909 estis,
1428 1841 1615 1910 inquit,
1648 1836 1779 1901 Dei;

214 1948 313 2004 sed
342 1946 435 2001 lilii
465 1962 527 2001 ex
558 1945 659 1998 ﬁde
685 1943 736 1996 in
759 1941 885 1998 Jesu
912 1938 1143 1993 Christo.

281 2039 447 2095 Vens.
474 2038 562 2090 27.
587 2032 796 2088 —Nant
822 2032 1113 2101 quicumque
1137 2027 1188 2079 in
1226 2023 1423 2080 Christo
1444 2022 1517 2091 (5)
1545 2018 1782 2090 baptizati

208 2130 330 2183 estis
351 2170 364 2191 ,
394 2127 645 2182 Christum
685 2123 916 2177 induistis
948 2136 965 2173 :
993 2119 1090 2172 hoc
1115 2126 1204 2171 est
1231 2117 1282 2169 in
1308 2112 1519 2168 Christo
1550 2110 1639 2163 lilii
1689 2109 1780 2162 Dei

214 2221 368 2273 estis.
402 2217 536 2283 Quid
579 2223 659 2269 est
686 2213 813 2267 illud
840 2213 890 2265 in
917 2209 1163 2265 Christo?
1189 2205 1433 2276 quoniam
1465 2202 1782 2270 quicumque

212 2309 514 2377 baptizatur
540 2307 591 2359 in
622 2304 849 2364 Christo,
873 2302 980 2369 jam
1015 2299 1150 2352 ﬁlius
1191 2299 1279 2351 Dei
1309 2306 1389 2350 est
1420 2311 1432 2346 ε
1465 2291 1783 2362 quicumque

213 2401 360 2454 enim
382 2399 696 2467 baptizatur,
721 2395 772 2446 in
793 2392 1058 2447 Christum
1082 2389 1157 2459 (4)
1190 2386 1483 2456 baptizatur
1512 2402 1524 2437 :
1552 2384 1783 2452 baptiza-

219 2502 307 2546 tus
345 2499 518 2545 autem
565 2488 616 2542 in
657 2484 888 2547 Christo,
914 2480 1079 2536 induit
1118 2478 1403 2532 Christum.
1450 2475 1616 2527 llabet
1640 2473 1782 2526 enim

215 2582 489 2638 Christum
521 2580 835 2650 quicumque
863 2575 1191 2644 baptizatur;
1222 2578 1274 2624 et
1298 2569 1405 2639 jam
1436 2576 1516 2620 est
1549 2567 1598 2618 in
1627 2564 1779 2620 Chri-

216 2687 327 2741 sto,
353 2675 475 2729 dum
497 2673 653 2726 habet
674 2670 937 2724 Christum
970 2683 981 2718 :
1014 2665 1133 2718 dum
1157 2663 1313 2716 habet
1338 2659 1624 2724 Christum,
1647 2656 1785 2711 filius

221 2767 313 2821 Dei
355 2773 453 2830 est,
480 2765 595 2832 quia
622 2760 859 2815 Christus
899 2757 1032 2810 lilius
1061 2756 1149 2808 Dei
1180 2761 1279 2808 est.

295 2854 458 2908 Vens.
485 2853 573 2906 28.
596 2849 741 2902 -Ιη
764 2849 959 2902 Christo
981 2844 1058 2917 (5)
1082 2845 1208 2899 enim
1244 2859 1343 2896 non
1367 2850 1436 2895 est
1456 2839 1666 2894 Judazus
1700 2854 1786 2891 ne-

219 2961 318 3013 que
350 2941 571 3004 ercus,
602 2955 700 2993 non
722 2953 910 3000 servus,
942 2951 1094 3003 neque
1123 2932 1264 2995 liber,
1297 2940 1485 2984 nonest
1511 2929 1781 2983 musculus.

223 3052 384 3106 neque
399 3036 601 3107 {taurina
615 3051 632 3088 :
647 3048 813 3085 omnes
826 3030 954 3083 enim
971 3043 1056 3080 vos
1073 3041 1225 3078 unum
1239 3023 1353 3076 estis
1367 3023 1416 3074 in
1431 3020 1628 3074 Christo
1640 3017 1669 3070 J
1678 3035 1781 3072 esu.

1881 1854 2103 1908 nentur;
2135 1843 2229 1896 sed
2275 1856 2376 1895 non
2425 1841 2474 1892 in
2519 1848 2865 1908 perpetuum,
2909 1849 3180 1904 quousque
3205 1848 3313 1886 sua:
3341 1833 3447 1884 sint

1881 1937 2050 1991 aetatis
2088 1944 2143 1990 et
2183 1933 2474 1996 libertatis,
2521 1941 2573 1984 et
2617 1929 2842 1984 lncrcdis
2892 1928 3092 1996 possint
3143 1925 3363 1992 implere
3394 1935 3446 1976 et

1882 2042 2075 2082 nomen
2097 2036 2151 2079 et
2183 2032 2514 2092 potestatem.
2542 2022 2649 2075 lloc
2678 2029 2758 2074 est
2782 2019 2920 2088 quod
2948 2018 3232 2086 subjungit.

1958 2116 2116 2170 Vens.
2143 2117 2198 2169 2.
2218 2144 2286 2154 --
2308 2113 2410 2166 Sed
2439 2111 2526 2165 sub
2553 2110 2864 2164 curatoribus
2891 2108 2968 2176 (9.)
2998 2117 3067 2159 est
3086 2148 3098 2171 ,
3127 2116 3168 2159 et
3194 2107 3446 2159 actoribus

1884 2223 2040 2275 usque
2060 2208 2109 2259 in
2133 2206 2434 2276 pt‘wﬂttilttttt
2459 2212 2651 2268 tempus
2670 2217 2698 2252 a
2717 2210 2873 2270 patre.
2899 2198 3101 2263 Omnis,
3128 2197 3313 2264 inquit,
3342 2198 3445 2250 lue.-

1886 2315 1995 2362 res,
2039 2300 2160 2351 dum
2190 2308 2269 2350 est
2302 2295 2566 2364 parvulus,
2602 2304 2674 2346 est
2702 2293 2792 2345 sub
2843 2290 3173 2344 curatoribus.
3203 2287 3311 2342 Lex
3361 2289 3444 2341 illa

1887 2388 2051 2459 Moysi
2075 2389 2215 2441 velut
2237 2387 2334 2439 sub
2351 2396 2592 2438 curatore
2614 2393 2664 2437 et
2687 2391 2866 2436 actore
2882 2378 3212 2433 custodiebat
3244 2377 3443 2430 futuros

1888 2480 2144 2541 ltacredes,
2166 2479 2372 2548 veljam
2402 2477 2706 2544 quiessent,
2732 2473 2822 2526 sed
2851 2473 2987 2541 pleni
3015 2485 3118 2524 non
3142 2479 3292 2524 erant
3325 2486 3442 2537 pm-

1889 2580 2002 2642 pter
2031 2581 2268 2633 mtatetn',
2293 2568 2536 2637 quoniam
2561 2565 2658 2634 ipsi
2680 2580 2770 2633 per
2800 2578 2856 2617 se
2887 2577 3042 2631 agere
3069 2576 3170 2614 non
3195 2567 3432 2629 possunt,

1889 2678 1986 2718 nec
2005 2678 2193 2732 capere
2225 2660 2469 2716 effectum
2501 2660 2579 2713 vel
2611 2657 2819 2727 plenum
2841 2671 3031 2710 nomen
3066 2653 3312 2707 lucredis.
3341 2653 3449 2708 Nec

1890 2766 2062 2809 tamen
2094 2755 2187 2808 illo
2235 2763 2473 2819 tempore
2500 2751 2575 2804 sic
2606 2748 2744 2804 servi
2771 2758 2912 2811 sunt,
2940 2747 3012 2800 uti
3043 2762 3166 2799 vere
3194 2745 3448 2809 serviant,

1886 2848 1977 2902 sed
2003 2848 2100 2900 sub
2126 2844 2366 2900 custodia
2407 2849 2562 2911 agunt
2589 2859 2598 2896 :
2622 2852 2676 2893 ut
2706 2841 2842 2893 servi
2868 2839 2972 2892 sint
3000 2839 3049 2890 in
3081 2848 3286 2904 tempus
3311 2851 3444 2904 prae-

1891 2938 2089 2990 linitum
2115 2951 2144 2988 a
2176 2945 2340 3002 patre.
2385 2933 2472 2985 Sic
2513 2933 2654 2984 enim
2702 2930 2782 2983 vel
2821 2937 2966 2982 actor
3010 2927 3092 2982 vel
3123 2936 3335 2980 curator
3369 2919 3451 2979 vel

1893 3039 2032 3082 tutor
2062 3028 2198 3081 valet
2220 3025 2381 3094 patris
2411 3024 2667 3082 instituto,
2695 3030 2749 3074 ut
2775 3036 2892 3074 cum
2922 3019 3011 3073 ille
3040 3021 3092 3072 in
3125 3018 3449 3085 pubertatem

221 3127 385 3184 Τυηίί
411 3141 534 3195 erg"
559 3127 784 3194 reliquas
811 3134 1062 3191 βετεοηθδ
1103 3116 1392 3176 ¹¹⁰¹¹¹ί¹³¹¹¹¹¹ν
1428 3126 1544 3181 qm“
1568 3117 1786 3180 νυεειιιιι
1814 3117 1858 3180 C
1890 3135 2037 3175 suam
2067 3115 2291 3178 venerit,
2323 3123 2440 3182 agat
2467 3113 2588 3179 jure
2623 3124 2738 3169 suo,
2775 3109 2936 3161 libera
2965 3107 3250 3167 voluntate,
3295 3113 3453 3173 atquc

222 3217 574 3275 accederevel
596 3233 658 3270 ex
686 3213 1008 3276 conditione,
1035 3208 1194 3262 vclex
1222 3215 1406 3260 natura
1432 3202 1681 3267 humana,
1707 3200 1788 3255 vel

225 3326 296 3367 ex
317 3319 489 3380 gente.
510 3308 599 3361 llis
626 3292 763 3360 enim
798 3305 951 3358 rebus
972 3299 1194 3370 separati
1231 3300 1364 3351 inter
1397 3311 1491 3349 nos
1519 3311 1635 3350 esse
1665 3309 1783 3362 pos-

225 3413 433 3465 sumus,
451 3407 506 3450 ttt
526 3397 658 3449 alius
673 3395 885 3449 Judwus
905 3393 993 3456 sit,
1013 3391 1142 3443 alius
1169 3389 1405 3451 Graccus,
1429 3399 1612 3440 servus
1633 3385 1786 3450 alius,

225 3485 364 3543 liber
407 3487 559 3542 alius.
592 3485 735 3551 Hzcc,
766 3483 1064 3538 conditione
1103 3478 1349 3546 veljure;
1374 3487 1426 3530 at
1451 3476 1557 3540 illa,
1584 3485 1789 3528 natura.

231 3578 354 3632 Non
379 3581 476 3640 est,
509 3576 703 3645 inquit,
733 3572 981 3628 masculus
1008 3587 1162 3638 neque
1206 3568 1427 3638 fwmina.
1457 3566 1591 3635 Quid
1633 3566 1794 3636 ergo?

233 3673 316 3726 his
339 3668 556 3725 sublatis
592 3668 857 3732 omnibus,
886 3681 1045 3718 unum
1074 3662 1260 3731 inquit,
1285 3678 1367 3714 vos
1399 3662 1512 3714 estis
1540 3674 1708 3714 omnes
1744 3659 1795 3709 in

234 3761 432 3818 Christo
454 3762 574 3816 Iesu
595 3760 766 3831 :quod
794 3761 921 3813 estis
961 3771 1119 3809 unum
1147 3766 1364 3823 accepto
1385 3753 1568 3822 spiritu
1592 3766 1621 3804 a
1643 3748 1796 3804 Chri-

236 3866 343 3921 sto,
389 3855 627 3908 Christus
675 3853 822 3907 estis.
875 3850 1012 3917 Ergo
1045 3845 1132 3900 ﬁlii
1180 3847 1269 3899 Dei
1302 3845 1430 3899 estis
1460 3846 1508 3896 in
1545 3844 1794 3896 Christo:

309 3947 467 4001 Vens.
496 3945 658 3999 29.—
680 3941 814 4012 Ergo
834 3941 1048 3993 Abrahte
1067 3954 1229 3992 semen
1252 3937 1365 3990 estis
1387 3935 1655 3988 secundum
1683 3951 1798 4004 pro-

239 4039 524 4090 missionem
569 4034 806 4087 htercdcs.
853 4029 1002 4096 Quod
1035 4030 1077 4083 si
1119 4029 1186 4082 ila
1226 4035 1326 4091 est,
1367 4026 1689 4093 completum
1719 4034 1801 4078 est

241 4126 388 4191 illud,
415 4123 554 4194 quod
595 4122 821 4178 Abraha:
865 4119 1050 4174 semini
1083 4118 1396 4187 promissum
1437 4125 1548 4179 est;
1584 4114 1720 4169 unde
1747 4123 1801 4168 et

243 4231 336 4269 vos
361 4215 488 4270 estis
507 4228 685 4267 semen
725 4210 971 4273 Abrahzn,
1000 4207 1287 4262 secundum
1315 4206 1468 4259 ﬁdem
1496 4221 1509 4269 ;
1544 4215 1596 4259 et
1627 4219 1718 4257 vos
1750 4205 1800 4258 in

243 4304 452 4359 Christo
476 4304 622 4364 estis,
658 4317 718 4355 ac
748 4312 1024 4370 propterea
1071 4315 1235 4351 semen
1282 4297 1398 4350 estis
1432 4294 1647 4349 Abrahw
1675 4311 1692 4348 :
1721 4309 1801 4347 se-

245 4393 461 4448 cundum
489 4392 867 4464 promissionem
898 4387 1118 4442 liceretles
1145 4389 1289 4448 estis,
1320 4386 1439 4454 quia
1468 4384 1690 4438 Abrahzc
1720 4399 1803 4437 se-

1892 3216 2158 3278 aeceptnm
2194 3203 2552 3258 hmrcditatem
2579 3200 2854 3269 gubernet.
2883 3196 3026 3260 llaec,
3053 3205 3110 3248 ut
3135 3194 3240 3248 dixi
3259 3236 3272 3260 ,
3301 3192 3451 3245 simi-

1893 3303 2057 3356 litudo
2087 3296 2311 3352 refertur
2340 3293 2405 3347 ad
2438 3308 2546 3356 eos,
2573 3291 2762 3359 quibus
2793 3289 2870 3340 lex
2901 3285 3017 3339 dntzi
3045 3295 3143 3338 est.

1964 3393 2124 3447 Vens.
2156 3389 2206 3442 5.
2247 3385 2402 3437 -Ιτα
2429 3394 2472 3435 ct
2504 3399 2591 3435 nos
2621 3398 2730 3434 cum
2759 3395 2973 3433 essemus
3004 3374 3200 3446 parvuli
3229 3374 3317 3426 sub
3349 3373 3451 3425 cleo

1894 3484 2070 3535 mentis
2101 3480 2248 3544 huius
2279 3477 2356 3547 (ὅ)
2401 3473 2574 3526 mundi
2619 3487 2814 3525 eramus
2859 3469 3138 3522 servientes.
3186 3464 3311 3518 Cum
3356 3479 3450 3514 au-

1897 3583 1992 3626 tem
2023 3568 2101 3641 (4)
2144 3569 2271 3622 venit
2313 3564 2566 3636 plenitudo
2618 3560 2882 3628 teinporis,
2927 3557 3059 3610 misit
3109 3554 3243 3607 Deus
3293 3552 3455 3617 [ilium

1897 3681 2061 3718 suum.
2094 3663 2164 3715 De
2193 3661 2297 3712 alio
2331 3655 2550 3726 ιιιιωειὶυ
2580 3653 2708 3715 fuit;
2739 3661 2792 3705 et
2818 3651 2868 3703 in
2896 3648 3154 3702 reditione
3175 3644 3239 3698 ad
3269 3643 3453 3696 simili-

1899 3753 2166 3813 tudinem,
2197 3746 2334 3801 aliud
2365 3743 2652 3813 subjungi-l,
2686 3740 2733 3793 id
2770 3747 2849 3793 est
2876 3735 3100 3803 amplius
3127 3733 3265 3786 aliud
3299 3744 3453 3800 quam

1900 3845 2070 3899 fuerat
2089 3849 2207 3895 ante
2237 3838 2481 3908 positum.
2514 3835 2642 3888 Nam
2674 3848 2791 3885 cum
2820 3837 3063 3898 ageretur
3090 3826 3155 3880 de
3183 3826 3317 3892 lege,
3341 3837 3458 3890 qua:

1900 3935 2018 3989 data
2050 3932 2238 3992 fuerat,
2272 3928 2414 3982 velut
2455 3926 2762 3993 interposita
2794 3931 2909 3990 pust
2939 3919 3216 3988 promissa,
3257 3923 3310 3969 ct
3338 3922 3461 3967 ante

1899 4028 2182 4082 adventum
2222 4020 2415 4075 Christi
2456 4017 2724 4072 diceretur
2751 4013 3077 4079 interiectam
3106 4022 3225 4061 esse
3267 4005 3458 4073 legem,

1901 4119 2145 4187 quoniam
2172 4114 2344 4167 adhuc
2388 4108 2588 4180 parvuli
2623 4106 2908 4168 fueramus,
2937 4109 2989 4156 et
3016 4102 3112 4153 sub
3139 4099 3268 4167 legis
3291 4105 3465 4150 custo-

1901 4185 1983 4261 dia
2017 4205 2204 4276 positi;
2237 4215 2288 4256 et
2315 4202 2449 4256 sicut
2493 4197 2607 4266 ipse
2651 4197 2780 4250 dixit
2823 4195 2921 4248 sub
2973 4192 3088 4260 lege
3124 4185 3460 4242 custodieba-

1904 4316 2037 4364 tnur,
2068 4306 2120 4352 et
2158 4305 2270 4352 erat
2306 4293 2458 4348 nobis
2504 4292 2583 4344 lex
2628 4290 2974 4359 paulagogus;
3008 4297 3352 4353 quamquam,
3387 4282 3466 4332 in-

1903 4391 2034 4459 quit,
2059 4389 2140 4444 lex
2170 4386 2482 4456 pmdagogus
2503 4389 2636 4446 erat,
2653 4380 2743 4433 sed
2768 4380 2819 4432 in
2842 4377 3050 4429 Christo
3076 4385 3248 4428 tamen
3274 4373 3466 4436 (omnis

248 4485 370 4540 mini
401 4482 656 4551 promissa
680 4491 760 4534 est
787 4479 1085 4534 lia-reditas.
1114 4476 1218 4530 Vos
1241 4485 1413 4529 autem
1434 4515 1447 4538 ,
1473 4474 1714 4542 baptizati
1748 4473 1799 4526 in

1904 4480 2066 4534 dictio
2095 4477 2335 4546 superior
2357 4473 2424 4527 de
2454 4474 2566 4542 lege
2595 4473 2782 4530 fuerat,
2815 4482 3089 4537 quottsqne
3111 4464 3311 4518 veniret
3339 4473 3468 4517 tent—

247 4574 458 4629 Christo
494 4571 636 4633 Jesu,
664 4571 930 4625 Christum
961 4565 1263 4635 accepistis,
1295 4575 1346 4619 et
1373 4564 1614 4618 Christus
1641 4564 1802 4628 estis;

250 4679 427 4720 semen
456 4677 581 4730 ergo
605 4661 733 4716 estis
755 4658 1001 4715 Abrahaz.
1043 4657 1098 4712 Si
1136 4657 1323 4712 semini
1353 4657 1608 4726 promissa
1637 4654 1806 4709 lucre-

252 4756 413 4820 ditas,
455 4755 603 4809 vobis
646 4769 852 4824 quoque
903 4751 1180 4806 litereditas
1217 4749 1452 4816 dabitur,
1484 4759 1538 4804 et
1567 4748 1807 4804 hacrcdcs

253 4848 377 4902 estis
403 4846 693 4902 secundum
725 4844 1148 4914 promissionem.

322 5129 394 5196 (l)
414 5124 617 5196 Confer:
637 5124 791 5194 Vulg.
823 5139 940 5194 quae
969 5121 1127 5176 habet
1157 5138 1170 5176 :
1204 5120 1388 5176 Omnes
1413 5136 1501 5191 per
1523 5119 1675 5188 ﬁdem
1702 5135 1817 5190 quae

257 5193 336 5252 est.
353 5193 403 5249 in
432 5194 466 5248 J
473 5212 558 5249 esu
581 5193 797 5249 Christo.

325 5266 403 5336 (9.)
431 5266 500 5317 Ita
522 5264 674 5319 codd.
703 5264 795 5336 Est
818 5272 990 5336 autem
1015 5260 1140 5316 Afer
1161 5261 1459 5315 Victorinus
1484 5259 1566 5336 vel
1594 5268 1816 5336 novatur

259 5329 341 5391 vel'
357 5329 540 5404 parum
558 5336 724 5389 bonus
745 5332 1022 5389 latinitatis
1041 5343 1245 5396 auctor,
1271 5339 1328 5386 ut
1347 5348 1411 5386 ex
1432 5331 1589 5385 editis
1608 5329 1816 5384 abunde

261 5413 483 5460 consult.

330 5473 568 5554 (5).Vid_e
599 5471 749 5554 Vulg.
773 5472 1079 5554 editionem.
1127 5470 1248 5525 Hmc
1279 5471 1439 5525 habet
1465 5488 1478 5524 :
1511 5470 1820 5539 Quicumque

265 5546 390 5597 enim
417 5544 468 5596 in
498 5543 711 5608 Christo,
741 5550 844 5596 etc.

440 5614 510 5665 ita
537 5607 724 5676 codd.’;
755 5624 1257 5691 quamquamsupra
1284 5618 1339 5663 et
1363 5609 1494 5664 infra
1524 5611 1576 5663 iu
1599 5607 1820 5663 Christo.

360 5699 389 5736 ο
437 5681 594 5750 Vulg.
621 5681 707 5736 ed.
733 5696 838 5738 non
864 5682 1041 5748 habet,
1069 5696 1119 5734 tn
1142 5677 1365 5735 Christo.

360 5677 413 5750 ὅ)
437 5681 594 5750 Vulg.
621 5681 707 5736 ed.
733 5677 838 5738 neu
864 5677 1041 5748 habet,
1069 5681 1119 5734 in
1142 5677 1365 5735 Christo.

1911 4588 2025 4639 pus,
2066 4578 2122 4622 ιιι
2159 4566 2445 4621 secundum
2497 4562 2897 4632 promissionem
2931 4557 3170 4611 lueredcs
3201 4570 3320 4610 csse
3350 4568 3470 4621 pos-

1909 4659 2117 4730 semus)
2169 4659 2310 4722 hanc,
2352 4666 2409 4708 ut
2437 4655 2577 4719 dixi,
2624 4667 2740 4706 cum
2784 4651 2850 4704 de
2903 4648 3018 4718 lege
3066 4647 3388 4715 loqueretur,
3418 4652 3472 4697 ct

1910 4750 2304 4807 similitudinem
2337 4746 2673 4814 adiungeret,
2700 4743 2902 4809 integro
2929 4754 3088 4792 Sensu
3120 4733 3473 4806 persequeba-

1915 4851 2016 4896 tur.
2043 4842 2111 4895 At
2133 4855 2271 4893 nunc
2294 4839 2342 4891 in
2362 4835 2700 4891 conclusione
2729 4847 2829 4885 non
2852 4830 2917 4884 ad
2941 4831 3132 4898 legem,
3160 4825 3252 4881 sed
3276 4825 3339 4878 ad
3366 4826 3472 4879 ele-

1916 4943 2091 4987 menta
2137 4929 2357 4985 retraxit
2384 4945 2396 4982 :
2422 4937 2464 4980 et
2493 4941 2598 4991 nos,
2640 4924 2828 4992 inquit,
2870 4936 2983 4974 cum
3009 4935 3225 4972 essemus
3255 4914 3473 4986 parvuli.

1915 5021 2046 5089 Quid
2076 5019 2323 5088 subsequi
2344 5015 2636 5072 debuerat?
2665 5013 2764 5066 sob
2790 5014 2903 5080 lege
2928 5010 3250 5064 vivebamus.
3282 5008 3349 5060 At
3373 5018 3480 5058 non

1917 5115 2015 5168 hoc
2058 5112 2361 5180 adjuttetum
2411 5117 2521 5172 est;
2567 5107 2660 5161 sed
2703 5106 2791 5161 sub
2830 5105 3081 5158 elementis
3122 5102 3272 5171 hujus
3306 5096 3483 5151 mundi

1918 5221 2114 5259 eramus
2135 5204 2417 5259 servientes.
2450 5199 2560 5254 lloc
2579 5209 2665 5253 aut
2687 5199 2910 5253 alterum
2937 5203 3019 5251 est
3041 5211 3070 5249 a
3095 5192 3481 5262 superioribus,

1997 5466 2071 5534 (l)
2102 5463 2299 5528 Quanto
2325 5470 2563 5534 tempore,
2589 5460 2638 5512 itt
2664 5458 2826 5534 Vulg.

1999 5529 2076 5602 (ἓ)
2115 5534 2262 5602 Vulg.
2287 5530 2374 5584 ed.
2402 5529 2590 5602 habet,
2618 5529 2881 5602 tutoribus.

2003 5597 2080 5674 (ὃ)
2115 5597 2285 5674 Hujus
2316 5617 2420 5653 non
2452 5599 2638 5674 legitur
2668 5597 2720 5650 in
2754 5597 2897 5674 Vulg.

2006 5665 2086 5743 (ὁ)
2114 5665 2328 5742 Legitur
2357 5669 2492 5740 apud
2507 5665 2675 5735 (Vulg.
2703 5682 2716 5720 :
2741 5665 2801 5717 At
2833 5668 2944 5736 ubi,
2974 5675 3076 5721 ctc.
