3950 6206
449 215 584 274 H75

1671 209 1857 267 MAR"
1901 208 2230 265 VICTORINI
2272 208 2426 264 ΛΡΜ

3543 202 3719 262 11ῖὸ

449 342 542 384 aut
585 330 649 384 ad
688 331 959 400 superiora
986 330 1062 403 (l)
1102 329 1310 401 pendet.
1357 327 1708 396 Quaerendum
1741 333 1824 380 est
1870 340 2000 392 quo-
2031 325 2079 382 Α
2108 337 2276 392 neque
2305 323 2499 377 mundo
2529 322 2747 385 serviat,
2789 321 2880 376 scil
2906 321 3122 376 domino
3149 320 3375 375 Christo
3405 318 3677 373 serviens
3703 356 3721 376 .

449 419 610 474 modo
642 433 742 474 non
781 421 849 474 sit
894 419 1140 474 alienum.
1184 419 1309 475 Sitte
1355 418 1513 472 dubio
1558 416 1683 470 illud
1729 423 1810 469 est
1851 427 2007 482 supra

450 511 670 577 dictum,
699 510 837 580 quod
864 512 1180 581 quicumque
1211 511 1263 564 itt
1285 509 1497 564 Christo
1529 508 1770 577 baptizati
1801 521 2005 570 sumus,

451 599 718 655 Chrismm
749 601 1038 656 induimus.
1069 601 1166 667 Qui
1197 611 1368 656 autem
1411 600 1679 654 induimus
1707 598 1971 652 Christum
1991 638 2004 663 ,

451 707 623 762 neque
662 692 821 761 judati
868 708 1036 762 neque
1081 692 1240 763 graeci
1285 707 1487 746 sumus.
1537 690 1592 745 Si
1625 700 1800 743 autem
1840 702 2010 757 neque

454 781 610 850 graeci
661 796 828 850 neque
864 781 1022 850 judaei
1070 797 1250 836 sumus
1278 783 1362 851 qui
1410 780 1674 834 induimus
1707 777 2009 840 Christum,

452 875 560 944 jam
600 889 704 928 non
755 874 930 928 mundi
981 875 1419 930 sumus:etenim
1469 872 1697 927 mundus
1747 870 2010 924 hominem

456 974 580 1020 ante
617 964 897 1019 adventum
920 964 1113 1018 Christi
1145 964 1482 1033 autjudatum
1523 963 1860 1018 ltabcbataut
1881 977 2014 1031 grat-

457 1069 597 1109 cum.
625 1054 718 1108 Vel
744 1054 957 1108 Judaeus
996 1055 1079 1108 vel
1109 1054 1348 1119 Gra‘cus,
1374 1053 1496 1107 dum
1520 1053 1722 1122 legibus
1752 1053 1863 1106 suis
1889 1065 2014 1120 age-

458 1153 563 1209 ret,
591 1143 689 1196 sub
734 1143 1012 1198 elementis
1057 1145 1237 1198 mundi
1282 1145 1386 1198 vita
1433 1143 1732 1211 gerebatur.
1783 1140 2017 1210 Namque

459 1243 542 1288 est
573 1232 652 1303 (‘2)
687 1234 820 1301 apud
845 1233 1058 1287 Judmos
1111 1235 1279 1301 puniri
1309 1232 1618 1300 sacrilegum
1638 1273 1651 1296 ,
1685 1232 1886 1295 furem.
1917 1231 2015 1284 fal-

462 1336 577 1376 sum
609 1330 792 1375 testem
813 1361 828 1386 ,
871 1331 922 1376 et
949 1331 1157 1376 etetera.
1192 1322 1392 1376 Eodem
1444 1322 1600 1374 modo
1631 1329 1685 1376 et
1709 1321 1844 1391 apud
1873 1320 2021 1375 Grae—

460 1427 569 1476 cos,
594 1414 641 1466 id
665 1423 745 1467 est
773 1413 907 1482 apud
937 1429 1166 1484 paganos
1189 1413 1288 1484 (5).
1323 1414 1419 1467 ista
1447 1414 1648 1482 legibus
1675 1412 2020 1466 vindicaban-

465 1513 548 1558 tor
566 1514 618 1558 et
640 1505 986 1558 vindicantur.
1015 1507 1282 1560 Elementa
1306 1519 1428 1558 vero
1448 1505 1626 1557 mundi
1651 1503 1803 1556 simul
1829 1503 2024 1556 habent

462 1607 641 1647 secum
666 1634 679 1656 ,
706 1605 758 1646 et
790 1602 960 1646 motus
1000 1607 1143 1655 suos,
1168 1603 1220 1645 et
1247 1594 1395 1660 quasi
1425 1593 1677 1662 quasdam
1700 1607 1765 1646 ex
1793 1590 2022 1644 motibus

2110 415 2302 469 habeat
2342 413 2528 482 spiritu
2579 422 2790 482 regente
2836 414 2886 466 in
2937 413 3046 465 suis
3091 413 3305 466 actibus
3353 411 3718 464 libertatem.

2110 503 2350 572 Amplius
2373 504 2528 572 igitur
2553 518 2709 572 quam
2730 503 3038 570 sperabatur
3067 503 3272 555 illatum
3305 509 3408 562 est,
3443 509 3500 552 ut
3529 497 3725 551 intel—

2111 594 2336 664 ligerent
2363 593 2668 648 omnimodo
2715 593 3110 662 relinquendam
3161 592 3370 647 Galatae
3407 593 3581 659 legem
3619 589 3726 656 ju-

2111 687 2339 752 daicam,
2365 697 2519 755 atque
2541 687 2654 754 ejus
2685 697 2941 754 pra-cepta
2971 696 3024 740 et
3048 685 3459 739 observationes
3485 693 3539 736 et
3559 696 3723 749 ope-

2111 791 2171 837 ra
2201 795 2212 829 :
2243 790 2360 830 eum
2392 775 2604 830 videant
2649 776 2807 830 etiam
2858 776 3033 848 mundi
3068 777 3232 844 ipsius
3262 786 3425 841 atque
3450 773 3734 826 elemen-

2115 881 2290 927 torum
2314 872 2483 941 legem
2508 885 2623 925 esse
2647 871 2973 930 subversam,
3009 885 3105 923 nec
3127 871 3307 923 valere
3333 868 3434 922 sub
3453 866 3725 926 Christo,

2115 973 2170 1020 et
2199 963 2556 1019 conversionis
2587 961 2863 1016 mundana:
2902 962 3004 1014 vim
3034 962 3244 1028 penitus
3274 958 3466 1013 everti.

2185 1052 2346 1106 Vsus.
2379 1053 2430 1106 4.
2470 1050 2683 1104 -—Cum
2729 1062 2891 1104 autent
2935 1051 3062 1103 venit
3105 1049 3366 1116 plenitudo
3412 1046 3722 1115 temporis,

2116 1141 2246 1194 misit
2287 1139 2422 1194 Deus
2448 1141 2608 1208 ﬁlium
2635 1156 2780 1193 suum
2806 1141 2993 1193 editum
3019 1156 3078 1192 ex
3124 1140 3329 1209 [remitto
3366 1136 3466 1208 (l).
3526 1135 3593 1190 Ut
3664 1137 3730 1188 in

2116 1232 2276 1288 rebus
2302 1241 2384 1286 est
2418 1231 2709 1300 plenitudo,
2749 1233 2818 1284 ita
2857 1239 2910 1284 et
2951 1230 3001 1283 in
3045 1229 3370 1296 temporibus
3398 1246 3412 1280 :
3441 1236 3529 1281 est
3554 1227 3730 1281 enim

2118 1324 2388 1395 plenitudo
2420 1338 2511 1376 sua
2541 1323 2813 1391 cujusque.
2859 1320 3113 1375 Omnibus
3160 1320 3430 1373 abundant
3457 1328 3512 1372 et
3544 1319 3728 1387 plena

2120 1424 2174 1470 et
2217 1414 2427 1484 cupiosa
2479 1412 2730 1482 perfectio
2782 1426 2956 1466 rerum
3017 1411 3390 1479 plottitutloque
3447 1409 3728 1462 Christus

2121 1516 2202 1561 est
2249 1524 2261 1559 :
2309 1514 2599 1571 temporum
2656 1502 2922 1570 plenitudo
2991 1500 3376 1555 consummatio
3419 1508 3502 1553 est
3550 1499 3728 1552 libe-

2120 1595 2358 1649 rationis.
2397 1592 2844 1660 QthtlladttiOtltlm
2889 1601 3061 1644 autem
3100 1591 3376 1656 Christus,
3410 1600 3465 1641 ut
3521 1590 3686 1657 pleni
3713 1619 3727 1626 ς

463 1684 838 1746 necessitates;
871 1692 925 1736 ut
970 1684 1020 1735 in
1066 1683 1358 1747 sideribus,
1406 1697 1626 1752 quorum
1673 1682 2021 1736 conversione
2052 1692 2096 1749 Β
2126 1686 2250 1740 tudo
2296 1693 2399 1738 tota
2440 1686 2510 1738 sit
2537 1693 2592 1738 et
2621 1685 2876 1752 perfecta,
2920 1684 3116 1751 colligit
3161 1682 3396 1736 membra
3442 1697 3563 1748 qua:
3593 1680 3728 1733 dis-

465 1773 738 1826 hominum
783 1773 887 1826 \ita
934 1774 1017 1827 vel
1075 1773 1125 1825 itt
1178 1772 1540 1826 necessitatem
1597 1771 1922 1825 ducitur:et
1951 1772 2027 1824 sic

464 1865 700 1918 serviunt
737 1864 1013 1918 elementis
1058 1863 1328 1928 homines,
1371 1874 1428 1916 ut
1469 1871 1608 1916 astra
1654 1863 1940 1930 jusserint,
1972 1871 2028 1914 ut

465 1954 648 2008 mundi
695 1969 880 2008 cursus
912 1955 1244 2022 imperaverit
1273 1951 1348 2024 (4)
1374 1969 1388 2008 :
1411 1953 1597 2021 quibus
1626 1952 1873 2006 omnibus
1916 1953 2024 2004 sni-

467 2046 626 2110 vitur,
662 2047 896 2114 quisquis
927 2047 977 2099 ilt
1022 2046 1284 2099 Christum
1317 2044 1474 2098 fidem
1507 2044 1705 2099 habens
1751 2045 2023 2097 dominum

467 2137 590 2189 vine
639 2150 745 2190 sum
784 2151 813 2189 a
853 2133 1064 2189 Christo
1112 2137 1351 2204 spiritum
1398 2135 1684 2202 acceperit,
1730 2141 1786 2186 ut
1813 2148 2026 2186 onmem

473 2225 653 2280 mundi
686 2227 1085 2292 necessitatem,
1113 2225 1466 2293 elemetttique
1493 2229 1594 2276 vim
1625 2223 1785 2292 fugiat
1807 2231 1860 2277 et
1882 2224 2028 2288 vitet,

542 2341 627 2408 (l)
657 2340 730 2393 Ita
754 2339 908 2394 codd.

545 2410 620 2479 (‘2)
653 2410 722 2462 Ita
752 2409 905 2463 codd.
931 2407 1159 2463 Verbum
1186 2417 1360 2462 autem
1403 2417 1475 2479 est
1504 2408 1636 2475 regit
1658 2409 1712 2463 τὸ
1735 2407 2035 2479 pttttiri._Sic

475 2477 780 2532 Viétorinus
808 2481 964 2532 etiaut
998 2479 1048 2531 in
1093 2480 1345 2544 opusculo
1389 2477 1531 2530 edito
1574 2489 1759 2531 contra
1805 2477 2032 2530 Manieh.

478 2562 595 2614 cap.
622 2547 655 2599 2
679 2567 688 2596 :
708 2550 826 2600 inde
853 2549 982 2600 enim
1009 2557 1078 2600 est
1102 2547 1300 2600 Christo
1329 2546 1507 2599 habere
1538 2563 1754 2599 Carnem.

541 2615 620 2687 (5)
647 2616 734 2670 Sic
755 2617 1056 2671 Victorinus
1084 2616 1150 2670 de
1175 2618 1422 2686 ὁμοουσὶῳ
1453 2617 1616 2685 recip.
1646 2631 1762 2684 cap.
1788 2618 1811 2670 l
1840 2635 1851 2669 :
1875 2616 2038 2670 (ἐνιεεὶ

473 2699 598 2752 quos
629 2703 850 2754 paganos
879 2696 1073 2738 vocant.

545 2756 620 2824 (4)
655 2757 784 2808 Cum
816 2757 943 2808 dicit
971 2757 1211 2809 ethnicos
1251 2755 1315 2807 ab
1357 2755 1515 2808 astris
1553 2756 1693 2823 regi.
1722 2756 2038 2810 christianos

476 2840 831 2891 nequaquam,
866 2826 1099 2877 nundum
1132 2840 1338 2877 omnem
1371 2825 1798 2891 SUperstitionem
1831 2828 2041 2878 exuisse

474 2893 683 2946 videtur
712 2894 1009 2947 Victorinus
1034 2911 1046 2944 :
1075 2910 1169 2947 uec
1192 2897 1416 2956 mirum;
1447 2910 1565 2946 natu
1612 2896 2042 2956 contra-geneth-

473 2963 933 3035 liacosscribebat
973 2963 1144 3035 adhuc
1186 2963 1394 3035 Nicetas
1421 2964 1775 3035 Aquileiensis
1810 2963 2040 3035 (centum

2129 1790 2276 1846 persa
2317 1784 2458 1838 sunt,
2502 1783 2554 1828 et
2583 1773 2805 1828 efficitur
2846 1772 3143 1841 plenitudo;
3175 1773 3246 1824 ita
3298 1771 3485 1825 eodem
3540 1769 3726 1823 modo

2128 1877 2182 1922 et
2221 1879 2511 1937 temporum
2554 1867 2827 1935 plenitudo
2860 1879 2979 1921 tunc
3012 1867 3194 1921 effecta
3218 1907 3232 1932 ,
3261 1882 3382 1921 cum
3416 1866 3723 1927 maturatis

2128 1960 2192 2013 ad
2222 1959 2374 2012 fidem
2407 1961 2670 2020 omnibus,
2702 1971 2752 2012 et
2781 1961 3008 2027 peccatis
3035 1975 3202 2028 usque
3233 1959 3297 2011 ad
3341 1972 3548 2011 summa
3583 1972 3724 2009 sur-

2129 2050 2406 2121 gentibus,
2447 2050 2704 2104 medicina
2758 2053 3058 2105 uecessario
3106 2049 3170 2102 ad
3216 2065 3394 2102 rerum
3455 2049 3706 2101 omnium

2133 2152 2352 2195 mortem
2400 2141 2731 2210 qumrebatur
2755 2161 2767 2195 :
2794 2141 2932 2196 unde
2981 2143 3223 2194 sobvenit
3253 2139 3519 2205 Christus,
3551 2151 3667 2195 tem
3686 2170 3702 2179 ο

2134 2247 2319 2300 porum
2371 2231 2697 2300 plenitudine
2741 2230 2989 2300 perfecta.
3041 2233 3343 2299 Diciturque
3388 2232 3526 2300 quod
3558 2232 3719 2285 misit

2134 2326 2400 2381 Christum
2433 2343 2583 2380 suum
2608 2345 2620 2379 :
2646 2343 2820 2390 suum,
2849 2329 3081 2397 inquam,
3105 2337 3225 2382 ante
3252 2343 3408 2396 quam
3439 2328 3712 2388 mitteret,

2136 2417 2513 2486 intelligamus,
2536 2428 2654 2486 post
2681 2429 2853 2472 autem
2878 2421 3062 2472 editum
3089 2436 3149 2473 ea:
3175 2421 3400 2487 femina.
3430 2419 3536 2472 Sed
3565 2419 3720 2471 misit

2138 2507 2300 2561 filium
2333 2523 2505 2569 suum.
2535 2509 2584 2560 id
2605 2519 2686 2562 est
2713 2511 2797 2576 qui
2825 2510 2921 2562 sibi
2954 2508 3110 2563 fuerit
3138 2510 3306 2563 filius:
3333 2511 3478 2562 misit
3506 2518 3712 2562 autem.

2138 2597 2415 2663 Quomodo
2439 2598 2616 2651 misit?
2637 2600 2821 2650 editum
2853 2617 2913 2654 ea:
2933 2600 3152 2667 (mnino.
3171 2598 3259 2652 Sic
3287 2601 3427 2652 enim
3454 2599 3718 2669 mysterio

2141 2701 2236 2743 suo
2283 2684 2523 2740 Christus
2572 2688 2659 2740 Dei
2710 2687 2849 2742 filius
2897 2688 3136 2741 subvenit
3180 2688 3400 2753 mundo,
3453 2689 3718 2756 uobisque

2143 2778 2386 2832 omnibus
2416 2795 2428 2831 :
2461 2794 2556 2831 nos
2579 2777 2718 2831 enim
2753 2779 2976 2831 mundus
3006 2792 3206 2831 sumus.
3241 2769 3373 2831 Cum
3406 2786 3458 2832 et
3488 2779 3598 2848 ipse
3629 2779 3717 2831 itt-

2143 2867 2313 2921 duens
2333 2882 2568 2930 carnem,
2588 2867 2635 2918 id
2663 2877 2743 2920 est
2766 2867 2938 2921 editus
2967 2883 3029 2922 ex
3059 2867 3271 2931 femina,
3303 2869 3478 2922 omnia
3508 2883 3623 2936 qurc
3658 2869 3713 2922 in

2147 2959 2398 3028 mysterio
2426 2958 2624 3026 agenda
2656 2958 2859 3010 fuerant
2887 2958 3195 3026 compleret,
3218 2958 3264 3011 id
3297 2966 3381 3012 est
3412 2968 3467 3011 ut
3499 2958 3716 3012 videre.

478 3032 946 3116 29“_Vl0“"‘i"ll[“
972 3031 1297 3111 ἷιηηὶς’λιεςω
1326 3031 1618 3116 δἐιξηέιάῖον
1641 3049 1756 3116 (ξξιΡ-
1784 3031 1874 3095 Ἡ»
1901 3033 2039 3102 (ΙυυίΙ
2069 3043 2112 3104 C
2147 3058 2250 3113 tur,
2276 3057 2329 3103 et
2365 3048 2651 3112 audiretur,
2694 3056 2747 3101 et
2776 3058 3058 3116 pateretur,
3097 3060 3151 3102 et
3199 3057 3514 3112 moreretur,
3545 3058 3596 3102 et
3621 3063 3714 3102 re-

479 3101 675 3155 Nicette
701 3102 1011 3168 opusculum
1057 3103 1308 3154 amissum
1349 3102 1605 3155 dolemus.
1650 3105 1756 3170 ligo
1785 3101 2041 3156 verume-

481 3173 610 3223 mini
640 3187 722 3223 me
752 3173 799 3222 in
830 3172 1174 3225 Ambrosiana
1222 3171 1531 3225 bibliotheca
1564 3172 1686 3224 olim
1723 3173 1896 3240 legere
1921 3188 2039 3236 per-

482 3248 744 3309 vetustum
787 3240 1018 3293 codicem
1068 3240 1171 3309 (fil.
1215 3241 1300 3292 77.
1335 3241 1404 3308 pl.
1436 3241 1587 3309 sup.)
1629 3242 1710 3294 cui
1743 3250 1850 3295 tres
1879 3256 2042 3294 mem-

482 3308 684 3372 branae,
716 3310 1054 3377 intcgunteuti
1105 3311 1371 3367 interioris
1416 3325 1595 3375 causa,
1635 3310 1824 3363 addita:
1867 3321 2039 3365 erant.

484 3377 544 3430 In
574 3377 652 3430 bis
680 3386 852 3432 autem
883 3380 1201 3432 membranis
1248 3381 1501 3447 scriptura
1544 3381 1903 3445 antiquissima
1934 3395 2043 3432 ma—

482 3447 717 3515 joris-que
758 3449 953 3502 moduli
991 3450 1194 3511 inerat;
1228 3451 1316 3502 sed
1369 3450 1558 3515 passim
1613 3450 1933 3516 palitnpsosti
1970 3450 2043 3502 fac

489 3517 661 3570 ciendi
693 3519 854 3585 gratia
885 3519 1091 3586 scalpro
1137 3533 1305 3579 erasa,
1333 3519 1398 3569 ita
1433 3530 1484 3570 ut
1534 3520 1680 3585 pauci
1727 3535 1909 3573 versus
1948 3534 2043 3574 nec

490 3588 605 3639 sine
650 3587 848 3639 lacunis
878 3603 904 3637 a
935 3603 1018 3641 me
1066 3590 1325 3654 potuerint
1370 3588 1614 3640 exscribi.
1666 3587 1758 3641 Est
1786 3600 1960 3642 autem
1992 3590 2040 3641 itt

488 3654 573 3726 his
595 3657 826 3726 invectio
871 3665 1051 3708 contra
1096 3657 1448 3724 genethliaCos
1488 3669 1642 3726 atque
1679 3661 1791 3724 ejus
1836 3659 2045 3726 generis

489 3723 752 3795 hariolos;
778 3742 891 3792 qua:
922 3727 1144 3778 invectio
1174 3737 1344 3778 utrum
1377 3742 1437 3778 ex
1470 3723 1778 3795 cognitisan
1811 3723 1870 3778 ei
1901 3729 2046 3780 inco‘

490 3794 647 3860 gnitis
690 3795 899 3848 Patrum
943 3796 1150 3861 scriptis
1176 3795 1261 3851 sit.
1303 3794 1558 3862 vestigare
1591 3811 1690 3848 non
1723 3807 1803 3849 est
1841 3797 2003 3849 otium
2028 3839 2040 3858 ,

489 3863 780 3934 prtescrtim
837 3865 954 3932 quia
1006 3865 1352 3934 fragmentum
1405 3867 1740 3931 perexiguum
1794 3867 2046 3934 hiansque

492 3940 590 3982 est.
626 3932 710 3986 Sic
746 3943 917 3986 autem
946 3933 1068 3984 olim
1099 3934 1446 3998 legebatu.....
1491 3953 1507 3984 t
1545 3938 1632 4002 qui
1664 3936 1850 4002 cuique
1877 3951 1906 3988 e
1929 3932 2048 3988 nas-

494 4002 733 4053 centibus
753 4043 767 4063 ,
809 4003 887 4055 vel
918 4003 1180 4069 quomodo
1209 4004 1398 4056 divina:
1433 4005 1770 4069 providentia‘
1798 4003 2048 4057 adminis—

493 4072 671 4122 tratio.
697 4071 836 4123 Multi
863 4073 1021 4123 multa
1047 4071 1285 4123 humanis
1308 4073 1693 4139 suspicionibus
1717 4073 2044 4126 tribuendum

496 4149 806 4192 censuerunt.
837 4141 972 4199 Ergo
1004 4142 1294 4207 conjectata
1324 4142 1623 4194 litteris.....
1649 4143 1800 4194 simul
1831 4142 2046 4195 fulmine

494 4209 689 4274 aliquid
723 4212 1075 4275 percutiatur:
1108 4226 1224 4277 qua:
1267 4213 1562 4263 communia
1614 4220 1810 4264 tantum
1844 4216 2043 4271 valent.

495 4286 757 4349 quantum
805 4281 1210 4349 prmsumptione
1255 4281 1580 4344 animorum,
1607 4282 1773 4349 (quasi
1826 4281 2046 4349 quadam

497 4348 760 4418 communi
803 4348 975 4415 lingua
1006 4364 1122 4400 cum
1153 4347 1622 4418 (devinationibus)
1657 4347 1881 4402 federata
1905 4360 2046 4404 sunt.

497 4414 623 4478 Qua:
655 4424 825 4469 tamen
859 4414 1009 4482 plena
1050 4414 1172 4469 sunt
1212 4419 1386 4469 omnia
1421 4414 1679 4480 pestifera:
1714 4420 2049 4485 curiositatis,

497 4484 781 4535 cruciantis
825 4486 1232 4548 sollicitudinis,
1273 4487 1558 4539 mortifera:
1605 4489 1892 4542 servitutis.
1941 4484 2052 4543 Non

499 4551 638 4622 enim
702 4554 820 4620 quia
874 4557 1056 4622 (certa
1089 4597 1102 4620 ,
1148 4554 1308 4622 ideo)
1352 4555 1747 4618 animadversa;
1801 4561 1891 4610 sed
1941 4562 2054 4612 ani-

497 4621 892 4676 madvertendo
920 4632 1074 4691 atque
1129 4624 1168 4676 si
1212 4623 1383 4677 nando
1429 4626 1620 4677 factum
1678 4637 1758 4679 est
1800 4637 1853 4679 nt
1913 4631 2056 4682 vale-

497 4699 635 4742 rent.
671 4691 732 4742 Et
772 4691 890 4745 ideo
917 4693 1140 4745 diversis
1170 4639 1374 4745 diversa
1403 4695 1741 4745 proveniunt.
1767 4697 2055 4745 secundum

497 4699 635 4761 rent.
671 4691 732 4742 Et
772 4691 890 4745 ideo
917 4693 1140 4746 diversis
1170 4691 1374 4745 diversa
1403 4695 1741 4761 proveniunt,
1767 4697 2055 4750 secundum

497 4759 838 4831 cogitationes
878 4770 931 4814 et
990 4759 1422 4829 prtesuutptimtes
1466 4777 1608 4816 suas.
1650 4762 1722 4815 Illi
1773 4765 1910 4817 enim
1961 4767 2056 4831 ipsi

497 4833 585 4895 qui
608 4830 849 4907 decipere
889 4831 1089 4895 volunt,
1114 4832 1235 4907 talia
1260 4842 1554 4907 prascuraut
1580 4834 1785 4900 cuique,
1818 4835 2059 4901 qualibus

499 4911 620 4971 eum
665 4901 921 4971 irretitum
953 4915 1042 4968 per
1096 4901 1421 4971 suspiciones
1453 4912 1504 4952 et
1530 4905 1904 4971 consensioues
1946 4905 2058 4971 ejus

501 4967 698 5039 vident.
729 4968 893 5039 (Sicut
939 4967 1076 5022 enim
1125 4970 1272 5023 verbi
1315 4971 1479 5036 gratia
1511 4987 1608 5022 una
1640 4971 1802 5038 figura
1839 4970 1886 5024 Χ
1920 4967 2058 5039 ,(ιὶιω

505 5035 798 5109 decusatim
853 5046 1080 5101 notatur,
1135 5039 1263 5091 aliut
1313 5035 1439 5104 aput
1482 5035 1716 5103 Graecos,
1763 5042 1883 5093 aliut
1935 5035 2058 5109 aput

502 5103 720 5178 Latinos
747 5106 1013 5177 (deitatet)
1039 5123 1138 5160 non
1182 5118 1387 5170 natura,
1411 5109 1502 5161 sed
1534 5111 1723 5178 placito
1763 5103 2059 5178 significau-

503 5174 669 5247 di._....
704 5174 953 5247 Linguam
980 5174 1186 5244 quoque
1233 5179 1427 5229 noverit
1454 5174 1546 5246 qui
1569 5174 1834 5247 augurium
1865 5181 2051 5244 prodit,

502 5244 548 5296 si
582 5244 777 5297 homim
807 5261 976 5313 graeco
1025 5248 1149 5298 velit
1176 5247 1370 5314 aliquid
1421 5244 1825 5314 significare...”
1855 5248 1966 5301 Non
2001 5251 2050 5302 itt

507 5327 622 5365 eam
670 5315 807 5366 enint
858 5314 1288 5383 significationem
1347 5317 1528 5382 ponit,
1559 5331 1676 5369 cum
1713 5319 2048 5372 hominis.....

507 5397 614 5451 uno
636 5385 819 5436 eodem
843 5399 972 5436 sono
996 5393 1121 5448 aput.
1146 5383 1355 5437 Gru'eos
1384 5385 1573 5448 littera,
1603 5395 1727 5451 aput
1750 5387 2048 5442 Latinos....

505 5449 562 5503 lu
591 5451 669 5502 his
699 5454 898 5504 duabus
936 5452 1150 5520 syllabis
1177 5453 1301 5506 aliut
1329 5452 1543 5507 Graicus
1573 5449 1700 5507 aliut
1726 5455 1942 5508 Latinus
1971 5460 2051 5511 in-

507 5520 708 5597 telligit.
734 5521 877 5573 Sicut
900 5521 1130 5597 ergobte
1156 5523 1794 5597 omnessignificationes,
1818 5539 1913 5592 pro
1941 5539 2048 5582 sua:

507 5590 759 5656 cujusque
803 5590 1068 5644 societatis
1122 5591 1467 5647 consensione
1517 5592 1721 5647 animos
1771 5590 2043 5663 movente,

2143 3147 2385 3207 surgeret
2425 3157 2437 3191 :
2481 3139 2597 3192 ideo
2649 3139 2789 3191 misit
2821 3139 3006 3191 editum
3053 3155 3114 3190 ea:
3162 3140 3400 3207 (trutina;
3433 3153 3552 3192 eum
3579 3179 3593 3202 ,
3622 3139 3713 3207 qui

2145 3244 2269 3283 Suus
2313 3231 2447 3282 filius
2477 3232 2680 3292 fuisset,
2706 3231 2892 3282 editum
2922 3247 2980 3283 ex
3009 3229 3231 3297 Immitto.
3259 3231 3482 3297 Quidam
3517 3232 3587 3284 ita
3630 3231 3712 3284 di-

2145 3330 2292 3383 cunt,
2332 3321 2517 3373 editum
2545 3336 2605 3373 ea:
2634 3320 2836 3371 muliere
2860 3336 2876 3371 :
2899 3328 2950 3372 et
2978 3319 3172 3373 habent
3215 3320 3331 3388 ipsi,
3366 3331 3589 3388 propter
3624 3335 3712 3386 po-

2144 3411 2300 3464 situm
2327 3425 2352 3461 a
2385 3424 2442 3463 se
2469 3409 2709 3473 verbum,
2738 3410 3078 3476 quzrstionem
3102 3426 3115 3470 ;
3142 3425 3260 3462 cum
3290 3410 3437 3476 virgo
3463 3410 3624 3463 Maria
3648 3411 3716 3463 sit

2147 3505 2225 3557 vel
2261 3503 2412 3556 fuerit
2441 3501 2540 3571 (Ξ),
2566 3517 2726 3568 quare
2752 3501 2942 3556 dixerit
2968 3502 3154 3552 editum
3177 3518 3238 3554 ea:
3261 3501 3509 3554 muliere?
3538 3501 3591 3554 ltt
3616 3517 3715 3554 usu

2145 3591 2392 3659 loquendi
2439 3590 2702 3644 immittam
2734 3590 2974 3653 dicimus,
2999 3591 3136 3658 quod
3163 3589 3332 3643 ϐιηρεῖ
3360 3597 3483 3662 γννὴ
3510 3590 3710 3643 dicunt.

2147 3683 2346 3735 Deinde
2375 3697 2436 3735 ex
2467 3696 2530 3734 eo
2557 3681 2695 3749 quod
2739 3680 2956 3733 ediderit
3004 3679 3292 3744 Christum,
3334 3695 3430 3734 cur
3461 3696 3562 3733 no:t
3599 3696 3714 3734 tnu-

2147 3772 2327 3825 lieretn
2351 3769 2787 3825 diceret?0muis
2809 3771 2948 3824 enim
2974 3770 3183 3824 fmtttina
3211 3785 3329 3839 qua:
3351 3771 3461 3824 edit
3491 3771 3708 3838 aliquid,

2149 3864 2339 3916 mulier
2365 3863 2555 3916 dicitur
2585 3879 2595 3911 :
2621 3864 2789 3915 virtus
2839 3871 3011 3915 autem
3046 3862 3279 3932 mysterii
3313 3877 3633 3930 quamquam
3663 3870 3714 3914 ct

2149 3953 2351 4005 occulta
2393 3962 2445 4005 et
2486 3961 2665 4005 saneta
2709 3954 2802 4013 sit,
2850 3960 3022 4004 tamen
3063 3961 3121 4003 ut
3168 3952 3377 4004 interim
3409 3953 3460 4003 in
3491 3953 3712 4003 transitu

2147 4045 2357 4110 agnosci
2388 4043 2572 4110 possit,
2604 4042 2677 4094 sic
2707 4039 3020 4093 attendenda
3067 4049 3178 4102 est,
3222 4041 3363 4109 quod
3393 4043 3567 4093 omnia
3595 4055 3713 4110 quze

2150 4131 2377 4201 perfecta
2406 4140 2524 4182 sunt
2549 4172 2562 4195 ,
2601 4130 2680 4182 vir
2724 4130 2996 4192 dicuntur;
3024 4130 3197 4182 omnia
3231 4145 3348 4197 qua:
3385 4130 3710 4199 imperfecta,

2148 4222 2383 4277 l‘mtnina.
2405 4222 2636 4284 Denique
2658 4236 2774 4273 cum
2807 4221 3051 4288 perlectis
3076 4221 3322 4274 omnibus
3345 4221 3713 4275 sanetilicatis-

2150 4327 2251 4382 quc
2276 4321 2328 4365 et
2359 4311 2659 4379 jttstilicatis
2679 4325 2991 4364 concurrere
3019 4310 3069 4362 in
3097 4312 3262 4362 virum
3295 4313 3590 4378 reperimus
3613 4310 3709 4381 (5).

2078 4403 2130 4462 D
2155 4404 2239 4457 Sic
2260 4403 2397 4456 enim
2421 4403 2615 4456 dictum
2640 4416 2756 4456 esse
2777 4399 2853 4472 (ὦ)
2877 4399 3095 4469 intelligi
3127 4400 3250 4454 licet
3277 4418 3291 4454 :
3321 4416 3440 4455 cum
3465 4401 3712 4465 mundus,

2157 4557 2365 4611 diverse
2408 4563 2652 4618 movent;
2686 4569 2781 4608 nec
2831 4555 2945 4608 ideo
2986 4564 3372 4608 consenserunt
3400 4555 3452 4608 itt
3497 4569 3590 4609 eas
3618 4554 3708 4607 ho-

2161 4630 2348 4690 mines,
2376 4628 2489 4694 quia
2510 4626 2616 4693 jam
2640 4625 2878 4678 valebant
2897 4624 2960 4676 ad
2987 4624 3450 4692 significatiooem.
3483 4625 3575 4676 sed
3599 4624 3712 4677 ideo

2159 4699 2336 4749 valent
2378 4697 2612 4761 quia.....
2655 4696 3003 4761 quaedam"...
3048 4694 3377 4745 dir-monibus
3405 4695 3593 4762 partim
3635 4695 3712 4746 itt-

2163 4775 2318 4818 venta
2344 4765 2610 4818 referenda
2638 4764 2838 4831 cupidis
2880 4765 3255 4815 maloruttt.....
3280 4763 3570 4816 secundum
3603 4764 3711 4831 pul-

2161 4835 2479 4889 cherrimum
2528 4833 2761 4886 ordinent
2817 4833 3272 4900 providentim.....
3301 4835 3480 4899 generi
3525 4831 3708 4885 buma-

2160 4921 2339 4958 no.....
2374 4905 2558 4970 quibus
2587 4902 2882 4968 impietatis,
2914 4902 3298 4954 curiositatis...
3341 4920 3360 4953 ι

2231 4974 2309 5039 (l)
2339 4969 2437 5025 Pro
2488 4971 2692 5023 Editum
2720 4987 2780 5023 ea:
2806 4973 3036 5040 foemina,
3066 4971 3256 5040 legitur
3282 4971 3334 5024 in
3368 4971 3543 5040 νῶι,
3573 4969 3706 5024 Fac-

2162 5054 2265 5096 tum
2293 5059 2353 5094 ea:
2377 5041 2601 5093 muliere.
3486 5063 3498 5079 -

2229 5110 2304 5190 (2)
2340 5110 2431 5162 Vel
2459 5125 2551 5175 pro
2575 5120 2619 5162 et
2646 5123 2750 5190 non
2777 5118 2857 5163 est
2880 5110 3166 5190 insolitum.
3199 5109 3527 5190 Cteteroquin
3572 5109 3707 5178 quod

2163 5179 2378 5246 Deipara
2440 5194 2543 5231 non
2597 5180 2763 5231 solum
2839 5190 2958 5232 ante
3005 5179 3203 5232 editum
3261 5179 3481 5243 Jesum,
3528 5195 3705 5232 verum

2155 5250 2308 5302 etiam
2362 5258 2574 5316 postea,
2626 5255 2873 5315 perpetua
2921 5250 3066 5316 virgo
3091 5248 3244 5302 fuerit
3271 5250 3510 5302 absoluta
3543 5248 3706 5301 Eccle-

2156 5319 2247 5372 siae
2299 5319 2569 5369 catholica:
2608 5319 2887 5371 auctoritas
2926 5328 3024 5370 est.
3069 5317 3427 5386 Virginitatem
3478 5319 3706 5385 Deipara':

2155 5388 2463 5507 migtoravit
2507 5385 2801 5441 Victorinus
2849 5389 3002 5442 etiam
3035 5389 3085 5441 iit
3116 5385 3312 5442 comm.
3341 5387 3407 5440 ad
3435 5387 3569 5442 rhet.
3601 5387 3704 5440 Cic.

2155 5471 2192 5507 ι.
2288 5497 2300 5507 .

2152 5471 2192 5523 t,
2215 5457 2300 5509 40.

2227 5526 2302 5592 (5)
2336 5524 2412 5576 Ad
2440 5524 2574 5592 Epit.
2604 5540 2675 5590 tv,
2703 5526 2786 5580 i3.

2221 5594 2297 5663 (4)
2331 5592 2497 5648 Codd.
2530 5602 2620 5646 est.
