3950 6206
179 296 334 352 1177

1055 293 1116 347 l.\"
1159 291 1538 346 EPlSTOlA‘M
1594 289 1792 345 PAULI
1833 288 1920 344 AD
1961 290 2273 346 GALATAS
2315 291 2515 346 LIBER
2553 292 2618 346 ll.

3293 293 3426 349 H78

181 409 276 462 vel
325 421 423 461 nos
469 407 523 460 in
560 407 676 474 ipso
717 406 910 461 mundo
939 407 1129 475 positi,
1174 421 1276 458 non
1308 403 1723 475 perfectissimus
1744 444 1757 469 ,
1791 406 1839 462 Λ
1865 403 2029 457 factus
2058 406 2124 458 sit
2155 406 2250 459 sub
2272 406 2407 475 lege,
2453 419 2502 457 ut
2531 423 2612 460 eos
2642 410 2726 477 qui
2766 409 2854 462 sub
2896 411 3003 479 lege
3032 420 3193 478 erant,
3224 411 3434 464 redime-

182 499 537 554 {mtuittarum
567 498 721 552 modo
743 508 796 551 ct
823 499 1099 550 mulierum
1127 496 1384 564 exigimus
1405 495 1583 546 vitam.

267 591 338 646 Ut
363 592 519 659 igitur
539 588 780 643 Christus
803 589 1022 642 salutem
1048 589 1197 640 nobis
1221 595 1477 656 prmstans
1520 585 1603 637 vel
1629 599 1762 652 pra:-

187 691 436 737 staturus
458 683 607 752 (!)ad
635 699 728 736 nos
755 683 976 745 veniret,
1003 688 1154 733 natus
1175 689 1254 734 est
1275 695 1335 732 ex
1362 679 1591 742 hemina,
1614 675 1663 728 id
1687 683 1765 728 est

189 776 410 843 accepit
437 775 653 828 ctillam
681 785 903 842 partem,
945 790 1060 841 qua:
1100 771 1461 840 imperfectum
1499 785 1616 823 cum
1649 767 1766 822 red-

189 864 376 928 deret,
401 873 453 918 et
474 864 743 916 nobiscum
768 878 826 917 se
850 878 1026 931 parem
1051 861 1264 924 laceret,
1282 861 1329 913 id
1349 870 1426 914 est
1450 860 1526 911 vel
1553 872 1763 911 carnem

189 954 288 1008 vel
336 955 621 1015 mundum;
655 955 705 1006 in
736 967 839 1020 quo
886 950 1082 1005 mundo
1120 952 1200 1005 vel
1248 953 1298 1003 in
1330 965 1429 1020 qua
1457 965 1615 1002 carne
1645 963 1762 1002 cum

192 1054 348 1100 esset
369 1045 744 1112 editus,utique
774 1057 836 1096 ex
866 1041 1164 1100 lmnuina.id
1187 1048 1267 1095 est
1293 1057 1355 1092 ex
1388 1055 1489 1092 non
1523 1037 1766 1107 perfectis

195 1134 462 1205 mysterio
489 1134 773 1200 completo,
813 1131 1168 1184 sam-tilicatus
1210 1132 1365 1183 etiam
1409 1138 1522 1198 post
1567 1129 1766 1198 passio-

197 1243 330 1281 nem
362 1235 412 1279 ct
444 1234 558 1295 post
587 1228 1024 1279 resorrectionem
1057 1225 1134 1276 vir
1164 1222 1413 1286 ell‘cctus,
1447 1223 1495 1276 id
1536 1233 1614 1275 est
1648 1237 1764 1290 per-

199 1316 404 1371 fectum
447 1317 689 1384 spiritum
724 1314 921 1368 habens
952 1324 1109 1382 atque
1149 1314 1429 1382 recipiens,
1463 1311 1764 1365 similitudi-

198 1425 328 1464 nem
363 1408 515 1462 nobis
554 1407 723 1467 daret,
753 1415 805 1458 ut
833 1415 884 1459 et
923 1420 1016 1459 nos
1063 1406 1113 1458 in
1141 1405 1303 1456 virum
1333 1417 1768 1472 consurget-emus

197 1515 270 1555 ex
304 1500 542 1560 lamina,
575 1499 622 1550 id
652 1508 730 1551 est
760 1513 821 1552 ex
859 1498 952 1549 hac
976 1497 1098 1559 vita,
1125 1513 1240 1564 quae
1262 1512 1377 1549 cum
1402 1507 1641 1562 corrupta
1665 1504 1764 1557 est,

201 1593 400 1647 merito
441 1591 516 1645 vel
551 1590 759 1643 lmtnina
790 1589 866 1641 vel
901 1588 1087 1640 uzulicr
1119 1587 1435 1639 uominatm‘.
1472 1585 1600 1638 lliuc
1630 1585 1765 1638 cnim

201 1684 405 1738 malum
429 1699 491 1736 ex
525 1682 732 1738 immitia
752 1700 763 1733 :
782 1696 898 1734 nam
922 1690 973 1733 ct
999 1681 1048 1732 iu
1077 1680 1242 1748 primo
1271 1678 1481 1733 homine
1510 1693 1608 1731 non
1645 1693 1767 1747 pec-

201 1785 384 1830 catum
412 1775 509 1827 nisi
533 1791 594 1827 ex
619 1773 850 1828 imminit.

278 1864 514 1918 Factum.
557 1865 666 1917 Sub
709 1865 808 1918 hoc
853 1865 1013 1919 verbo
1053 1879 1203 1919 error
1243 1864 1497 1933 plurimus
1541 1863 1775 1916 nascitur

200 1964 263 2009 ut
290 1956 480 2009 exinde
512 1955 806 2023 intelligant
845 1972 946 2009 nou
989 1965 1170 2010 natum
1197 1957 1354 2009 tilium
1377 1997 1390 2020 ,
1423 1955 1510 2008 scd
1543 1955 1733 2008 factum
1756 1995 1769 2020 ,

201 2048 326 2114 quia
352 2046 482 2100 dixit
508 2047 636 2100 misit
663 2046 795 2101 Deus
807 2048 966 2116 ﬁlium
991 2066 1133 2101 suum
1155 2049 1338 2101 editum
1361 2065 1421 2100 ex
1441 2051 1775 2115 [mininaJac-

203 2145 315 2190 tum
347 2138 438 2190 sub
468 2139 588 2207 lege.
620 2138 722 2193 Sed
757 2140 974 2192 multmu
1010 2142 1246 2204 interest,
1280 2151 1449 2192 utrum
1477 2140 1640 2192 lilium
1671 2138 1774 2191 fac-

207 2238 319 2282 tum
368 2230 584 2295 diceret,
633 2247 697 2283 an
741 2235 926 2298 factum
954 2232 1043 2284 sub
1073 2231 1194 2301 lege.
1230 2231 1382 2284 Aliud
1427 2239 1507 2283 est
1543 2231 1684 2284 enim
1717 2229 1775 2281 li-

205 2319 336 2372 lium
368 2321 582 2374 tuissum
615 2335 753 2385 esse,
791 2322 876 2388 qui
905 2321 1010 2388 jatu
1047 2322 1133 2374 luit
1173 2322 1327 2379 illius.
1360 2332 1412 2373 et
1448 2321 1626 2388 utique
1655 2334 1772 2372 cum

206 2410 351 2464 ﬁlius
380 2422 529 2463 natus
551 2453 563 2474 ,
605 2427 741 2466 nunc
777 2420 948 2465 autent
990 2429 1107 2465 cum
1148 2428 1209 2465 ex
1241 2411 1448 2466 immitia
1476 2413 1645 2464 editus
1673 2419 1773 2476 est,

206 2510 385 2572 potest
423 2503 522 2556 dici
555 2505 717 2556 lactus
745 2504 810 2558 ab
850 2504 948 2557 hoc
980 2515 1034 2556 ut
1073 2506 1170 2557 sub
1198 2505 1309 2571 lege
1340 2511 1498 2556 esset.
1533 2502 1666 2569 Quid
1697 2511 1776 2556 est

205 2605 383 2647 autem
416 2594 545 2647 dixit
573 2594 757 2660 [actum
783 2595 871 2647 sub
903 2595 1048 2663 lege?
1077 2607 1254 2646 utnon
1282 2596 1419 2647 inter
1449 2603 1629 2662 gentes
1657 2608 1776 2646 uas-

202 2692 433 2747 ceretur,
481 2683 571 2735 sed
618 2687 752 2751 apud
793 2683 1024 2748 Judteos,
1058 2694 1108 2736 et
1150 2685 1200 2736 iu
1242 2683 1512 2750 disciplina
1563 2696 1620 2734 ac
1663 2682 1776 2750 lege

204 2771 394 2840 Moysi.
422 2771 601 2825 Omnis
623 2774 758 2825 enim
781 2774 882 2826 illic
905 2784 1240 2840 poteratesse
1264 2772 1520 2826 correctio
1547 2789 1558 2833 ;
1583 2771 1774 2825 etenim

206 2863 261 2916 iu
297 2861 453 2914 Israel
490 2864 712 2930 populus
757 2864 846 2916 Dei
872 2864 1042 2917 dictus
1071 2875 1170 2927 est,
1204 2864 1285 2916 cui
1322 2865 1486 2931 legem
1514 2863 1717 2932 Moyses
1747 2879 1774 2915 a

211 2952 324 3008 Deo
344 2954 563 3019 accepit,
606 2961 658 3004 ct
687 2952 830 3006 dedit
864 2956 913 3021 ip
947 2955 958 3005 i
991 2955 1170 3022 utique
1198 2955 1332 3007 male
1362 2953 1670 3021 intelligenti
1703 2954 1773 3007 le—

207 3059 361 3113 gent;
392 3055 443 3098 ct
471 3044 665 3098 idcirco
695 3047 930 3112 chCanti
965 3047 1218 3099 debuerat
1245 3046 1548 3106 subvenire,
1575 3055 1625 3099 et
1653 3060 1775 3113 pec-

1864 507 1937 548 ret
1963 539 1975 559 ,
2010 509 2062 549 ut
2095 497 2314 562 filiorum
2342 499 2662 567 adoptionem
2689 500 3037 566 reciperentus.
3072 501 3213 568 lla‘c,
3242 501 3430 572 inquit,

1865 602 2018 642 causa
2044 599 2125 642 est
2148 603 2241 642 cur
2270 589 2406 642 Deus
2438 591 2574 644 misit
2605 590 2766 644 lilium
2795 608 2947 644 suum
2967 632 2982 657 ,
3009 602 3057 645 ct
3087 595 3229 646 misit
3253 596 3431 663 utique

1861 679 1967 746 jattt
2003 678 2184 744 liliutu,
2225 679 2315 732 sed
2361 695 2498 734 nunc
2521 681 2704 734 editum
2731 698 2790 736 ex
2810 683 3124 750 {wmina;et
3155 685 3288 738 misit
3325 685 3431 741 fac-

1869 777 1974 822 tum
2001 770 2099 823 sub
2135 770 2267 835 lege.
2296 769 2421 836 Qua:
2443 785 2595 823 causa
2624 781 2706 825 est
2734 788 2826 826 cur
2848 775 2945 826 sub
2977 775 3123 844 lege?
3145 786 3197 828 ut
3218 793 3308 831 eos
3346 794 3430 834 re-

1867 861 2085 916 dimeret
2110 861 2193 929 qui
2217 861 2314 915 sub
2341 861 2458 931 lege
2484 873 2652 916 erant.
2681 864 2818 935 Ergo
2850 866 2890 919 si
2923 876 2978 920 ut
3001 867 3284 921 redimeret
3311 871 3431 924 mis-

1866 968 1954 1007 sus
1978 966 2075 1019 est,
2099 956 2260 1023 magis
2287 955 2499 1022 obligati
2524 972 2702 1010 smnus
2723 959 2765 1010 si
2790 973 2818 1011 a
2843 958 2953 1028 lege
2979 960 3300 1016 redimimur.
3328 961 3429 1017 Sed

1867 1055 1921 1101 et
1953 1047 2062 1114 ipse
2093 1049 2168 1100 sic
2191 1057 2240 1101 et
2270 1048 2368 1100 alio
2395 1049 2444 1100 in
2469 1049 2583 1102 loco
2606 1051 2680 1119 (l)
2703 1065 2818 1102 eum
2843 1051 2907 1105 de
2931 1051 3140 1106 hemina
3172 1053 3429 1123 loquitur:

1868 1141 2110 1210 quoniam
2133 1152 2251 1191 cum
2277 1138 2353 1191 vir
2373 1137 2488 1205 ejus
2509 1141 2654 1202 vivit,
2673 1141 2893 1209 obligata
2920 1151 2998 1196 est
3022 1145 3158 1207 viro;
3184 1145 3292 1197 ιιιεί
3319 1160 3434 1213 per-

1868 1231 2004 1295 ierit,
2033 1231 2248 1283 liberata
2290 1241 2368 1282 est
2411 1245 2437 1282 a
2463 1231 2592 1283 viro.
2622 1231 2756 1299 Ergo
2779 1231 3022 1298 quoniam
3056 1233 3134 1285 lex
3164 1234 3437 1302 praeceptis

1871 1321 2011 1374 velut
2069 1320 2277 1373 tenebat
2321 1321 2539 1382 vinctos,
2566 1321 2629 1373 ad
2679 1322 2795 1374 vita:
2829 1330 3026 1375 tantum
3070 1323 3437 1392 integritatem,

1869 1427 1971 1465 non
1995 1420 2047 1465 et
2071 1410 2134 1462 ad
2162 1426 2306 1479 spem
2333 1410 2656 1464 liberationis
2683 1422 2733 1464 et
2758 1413 3084 1476 u-ternitatis,
3112 1413 3250 1467 misit
3274 1415 3434 1469 lilium

1869 1516 2019 1554 suum
2050 1502 2183 1553 Deus
2204 1542 2217 1566 ,
2247 1511 2298 1553 et
2318 1501 2415 1554 sub
2441 1502 2551 1568 lcge
2579 1501 2750 1564 misit,
2786 1501 2834 1553 id
2866 1512 2946 1554 est
2974 1503 3023 1555 in
3057 1502 3208 1557 lsrael
3227 1544 3241 1569 ,
3268 1515 3322 1559 ut
3345 1520 3436 1561 eos

1869 1593 1953 1662 qui
1987 1591 2056 1645 ibi
2098 1593 2316 1657 fuerant,
2342 1608 2402 1645 ac
2425 1593 2520 1645 sub
2545 1593 2657 1662 lege
2687 1592 2948 1659 vivebant,
2982 1595 3281 1648 redimeret.
3310 1595 3438 1663 Mag-

1872 1699 1992 1736 uuut
2018 1693 2192 1736 autem
2233 1683 2350 1745 hoc,
2391 1693 2444 1737 ut
2468 1698 2568 1737 non
2597 1685 2698 1738 illis
2744 1685 2878 1738 viam
2920 1685 3126 1738 vivendi
3164 1696 3438 1755 prmstaret

1803 1772 1848 1830 Β
1878 1800 2047 1851 neque
2086 1784 2361 1850 prmceptis
2385 1782 2745 1836 tantummodo
2773 1781 2850 1851 (2)
2894 1781 3142 1836 excitaret
3191 1782 3254 1839 ad
3286 1791 3439 1835 mter-

1877 1877 2116 1939 nitatem,
2159 1876 2249 1929 sed
2280 1887 2334 1928 ut
2360 1875 2676 1936 redimeret,
2717 1875 2903 1943 inquit.
2948 1874 3056 1928 lloc
3099 1875 3238 1928 enim
3264 1883 3437 1928 actum

1875 1979 1955 2022 est
1996 1968 2243 2038 mysterio
2269 1977 2320 2019 ut
2358 1966 2642 2020 redimeret
2663 1978 2848 2018 omnes
2871 1967 2920 2016 in
2963 1964 3104 2018 illum
3128 1963 3438 2028 credentes,

1873 2072 1932 2116 ut
1961 2061 2083 2113 liant
2115 2074 2298 2112 omnes
2330 2059 2380 2111 iu
2407 2059 2553 2111 illum
2580 2057 2879 2121 credentes,
2903 2057 2993 2110 lilii
3022 2056 3338 2125 adoptionis.

1943 2150 2074 2205 Cum
2099 2165 2226 2219 ergo
2253 2158 2451 2202 tantum
2489 2148 2798 2202 beneﬁcium
2829 2157 3100 2216 totumque
3127 2147 3436 2200 beneﬁcium

1876 2259 1939 2298 ex
1973 2241 2185 2297 Christo
2225 2243 2316 2306 sit,
2361 2241 2488 2294 nihil
2531 2238 2918 2309 adjnugeudttm
2965 2247 3238 2306 przelerea,
3276 2251 3444 2305 neque

1874 2336 1976 2404 legi
1999 2333 2333 2387 serviendum
2364 2352 2375 2386 :
2403 2333 2657 2399 redempti
2687 2331 2825 2385 enim
2868 2344 3073 2393 sumus,
3106 2339 3159 2383 et
3186 2329 3443 2397 redempti

1877 2441 1905 2479 a
1939 2427 2082 2493 lcge,
2115 2433 2167 2478 ct
2207 2424 2461 2490 redempti
2505 2423 2568 2475 ab
2614 2422 2712 2475 hoc
2744 2422 2819 2489 (5)
2854 2421 3083 2485 mundo,
3117 2429 3172 2473 ut
3213 2419 3303 2474 lilii
3352 2421 3441 2474 Dei

1877 2519 2041 2572 simus
2066 2560 2078 2583 ,
2109 2517 2198 2571 sed
2230 2526 2282 2570 ct
2318 2516 2410 2569 lilii
2442 2515 2739 2583 adoptione.
2775 2512 2885 2566 Non
2919 2514 3057 2567 enim
3089 2511 3180 2565 lilii
3203 2553 3215 2573 ,
3247 2521 3302 2565 ut
3329 2512 3441 2581 ipsc

1879 2611 2040 2672 ﬁlius,
2092 2608 2182 2661 Sed
2226 2625 2319 2677 per
2368 2608 2528 2659 liliutu
2580 2606 2691 2658 lilii.
2741 2605 2858 2658 [huc
2899 2612 2978 2657 est
3007 2604 3166 2672 igitur
3193 2602 3441 2670 adoptio;

1878 2715 2030 2767 quam
2064 2708 2118 2750 ιιι
2151 2698 2534 2764 reciperenms,
2570 2696 2766 2763 inquit,
2803 2695 2939 2747 Deus
2972 2693 3134 2744 lilium
3165 2707 3315 2744 suum
3345 2692 3446 2744 mi-

1878 2792 1964 2845 sit.
1997 2792 2098 2846 Sed
2122 2792 2356 2860 quoniam
2383 2791 2475 2857 ﬁlii
2499 2793 2613 2841 estis
2637 2787 2745 2852 Dei,
2772 2788 2904 2839 misit
2934 2785 3068 2838 Deus
3094 2785 3323 2852 spiritum
3354 2785 3447 2850 ﬁlii

1878 2883 1955 2936 sui
2002 2885 2050 2934 in
2101 2884 2254 2933 corda
2294 2891 2472 2933 vestra.
2517 2879 2654 2932 Ecce
2705 2887 2842 2930 totus
2886 2876 3014 2930 ordo
3044 2876 3198 2928 trium
3227 2874 3441 2927 istarqu

1879 2973 2228 3040 potentiorum
2263 2971 2341 3042 (ιι)
2389 2985 2481 3039 per
2511 2984 2665 3022 uuam
2713 2969 2954 3020 virtutem
2987 2980 3249 3032 unamque
3278 2964 3445 3017 deita-

1879 3071 2002 3115 tem.
2033 3061 2197 3124 Nam,
2230 3061 2430 3129 inquit,
2463 3059 2550 3122 qui
2584 3066 2729 3126 pater
2758 3065 2837 3110 est
2859 3099 2872 3121 ,
2907 3055 3045 3108 misit
3073 3054 3233 3107 liliutn
3267 3069 3438 3118 suum,

209 3144 325 3187 cata
353 3134 398 3187 ci
431 3133 691 3196 auferret;
717 3135 760 3188 si
795 3136 949 3187 modo
982 3137 1120 3189 idem
1153 3137 1265 3203 ipse
1297 3137 1518 3202 populus
1549 3151 1771 3205 cognos-

1881 3153 1962 3220 qui
1991 3151 2229 3206 Christus
2251 3160 2349 3203 est.
2378 3151 2683 3215 Rursusijue
2712 3147 2952 3200 Christus
2982 3147 3109 3214 ipse,
3137 3144 3224 3213 qui
3246 3152 3326 3196 est
3349 3143 3440 3198 Dei

211 3236 357 3282 ceret
403 3225 491 3278 Dei
535 3226 714 3278 liliuut.
765 3225 974 3279 Poterat
1013 3229 1154 3280 enim
1194 3228 1235 3278 si
1277 3227 1398 3279 alibi
1453 3235 1773 3289 uaSCcrctur,

215 3317 268 3370 id
310 3326 387 3369 est
435 3318 570 3369 inter
613 3326 813 3384 gentes,
856 3316 1014 3369 Israel
1049 3317 1241 3370 idcirco
1284 3335 1383 3370 non
1432 3331 1774 3384 Cognoscere,

214 3405 354 3476 quod
387 3420 486 3457 non
532 3407 580 3458 iu
613 3422 702 3458 sua
740 3416 893 3474 gente
940 3416 1092 3459 natus
1122 3407 1406 3461 videretur.
1442 3407 1573 3460 lliuc
1602 3415 1776 3459 autem

218 3499 416 3565 majora
466 3507 675 3562 peccata
719 3499 816 3551 iste
874 3500 1096 3568 p0pulus
1139 3499 1371 3561 admisit,
1414 3499 1551 3566 quod
1592 3499 1640 3550 iu
1684 3512 1777 3550 sua

221 3600 393 3659 gente,
419 3589 465 3640 id
490 3597 568 3641 est
592 3590 638 3640 iu
669 3590 781 3658 lege
808 3589 995 3659 Moysi,
1017 3591 1156 3642 inter
1183 3589 1199 3642 l
1234 3589 1340 3641 rael
1369 3598 1544 3651 natus,
1573 3603 1676 3640 non
1700 3596 1782 3642 est

219 3680 480 3746 Cognitus,
516 3693 629 3730 cum
662 3679 757 3746 ipsi
787 3680 948 3747 genti,
979 3674 1131 3731 idest
1164 3687 1214 3730 et
1243 3679 1433 3742 David,
1464 3678 1659 3730 dlCllllll
1691 3679 1775 3742 sit,

218 3771 355 3840 quod
381 3769 565 3823 semini
588 3769 700 3836 ejus
721 3769 931 3823 daretur
955 3770 1233 3822 lueretlitas
1255 3780 1305 3821 ct
1331 3769 1614 3821 :t’teruitas.
1642 3767 1782 3834 Ergo

221 3877 338 3917 cum
370 3861 526 3913 David
572 3862 637 3914 sit
679 3871 822 3928 pater
874 3860 1058 3925 Israel,
1116 3861 1181 3912 ibi
1212 3870 1364 3911 natus
1395 3869 1494 3922 est,
1548 3869 1602 3910 ut
1635 3857 1780 3910 illtnn

221 3963 585 4022 agnoscerent.
635 3951 785 4006 Unde
827 3952 995 4016 majus
1037 3963 1307 4019 peccatum
1340 3959 1441 4015 est,
1497 3951 1634 4019 quod
1677 3965 1780 4003 non

224 4056 550 4112 agnoverunt
579 4043 769 4096 factum
801 4043 899 4096 sub
925 4042 1058 4110 lege.

293 4138 445 4190 .‘llultu
471 4136 569 4189 dici
596 4145 829 4204 possunt,
855 4151 1014 4204 quare
1039 4135 1228 4187 factum
1250 4135 1347 4187 sub
1371 4135 1512 4203 lege;
1539 4134 1619 4187 vel
1645 4132 1781 4200 quod

227 4230 294 4284 ibi
329 4230 436 4298 jam
485 4229 618 4281 Deus
663 4245 796 4280 unus
831 4228 1123 4288 colebatur,
1157 4227 1235 4279 vel
1267 4226 1403 4294 quod
1430 4225 1538 4295 jam
1567 4239 1785 4291 accepe-

227 4329 341 4372 rant
369 4339 393 4370 ιι
431 4319 536 4370 Deo
569 4319 774 4371 oracula
803 4327 959 4385 atque
991 4330 1273 4384 prmcepta,
1305 4317 1384 4369 vel
1413 4314 1552 4384 quod
1582 4313 1784 4383 Moyses

229 4412 392 4478 imago
439 4417 491 4463 et
518 4419 669 4477 typus
708 4407 804 4460 fuit
844 4407 1070 4470 Christi;
1107 4407 1184 4460 vel
1207 4421 1324 4459 cum
1357 4408 1489 4472 ipse,
1525 4419 1644 4459 cum
1688 4403 1787 4457 hoc

1880 3243 2069 3305 virtus,
2104 3253 2154 3295 et
2199 3244 2311 3310 ipse
2355 3242 2490 3293 Deus
2534 3249 2642 3305 est,
2688 3239 2830 3292 misit
2875 3238 3041 3298 Deus,
3094 3236 3292 3304 inquit;
3337 3235 3443 3302 jam

1879 3333 2018 3385 enim
2053 3333 2256 3386 trinitas
2286 3340 2383 3384 est.
2413 3331 2477 3383 Et
2506 3329 2742 3383 Christus
2772 3338 2820 3382 ct
2853 3329 3076 3380 maxime
3106 3335 3222 3393 pest
3253 3335 3444 3394 myste-

1879 3425 2012 3478 rium
2043 3423 2396 3476 saurtilicatus
2427 3423 2588 3482 misit,
2623 3421 2809 3487 inquit,
2834 3419 3072 3486 Spiritum
3103 3417 3191 3470 lilii
3223 3417 3324 3480 sui,
3355 3417 3441 3484 qui

1880 3527 1961 3572 est
1999 3516 2215 3585 Spiritus
2247 3523 2488 3577 sanctus,
2523 3512 2612 3580 qui
2642 3511 2692 3564 iit
2723 3509 2881 3563 corda
2915 3518 3090 3562 nostra
3120 3507 3444 3560 descendens

1881 3608 2033 3662 facile
2059 3607 2327 3673 C(tgnuscit
2359 3614 2580 3673 patrem.
2617 3603 2707 3655 list
2736 3617 2861 3668 ergo
2891 3616 2917 3652 a
2949 3600 3056 3654 Deo
3087 3600 3274 3652 missus
3308 3598 3444 3652 illius

1881 3699 2030 3754 Jesus
2061 3699 2300 3750 Christus
2322 3738 2336 3762 ,
2370 3698 2418 3748 in
2450 3710 2604 3763 quem
2636 3694 2872 3754 credunt,
2902 3693 2990 3761 qui
3023 3692 3260 3755 credunt,
3291 3700 3446 3760 atque

1882 3789 2182 3844 efﬁciuntur
2211 3788 2302 3840 lilii
2333 3787 2420 3839 Dei
2447 3803 2458 3837 :
2493 3785 2818 3850 tuittitttrqne
2846 3786 2895 3836 itt
2924 3797 3012 3836 cos
3045 3799 3071 3834 ιι
3104 3782 3208 3835 Deo
3231 3782 3446 3850 spiritus

1884 3879 1993 3942 lilii,
2020 3879 2067 3932 id
2098 3890 2178 3933 est
2206 3878 2420 3945 spiritus
2447 3888 2676 3942 sanctus,
2713 3885 2766 3927 ut
2792 3875 2896 3942 jam
2933 3883 3230 3942 prOpereut,
3260 3873 3324 3925 ad
3357 3887 3443 3940 pa—

1885 3982 2016 4026 trem
2050 3971 2315 4032 festinent,
2340 3971 2567 4023 clament
2595 3968 2982 4036 quodammodo
3010 3964 3265 4018 interiore
3293 3979 3444 4017 sanc-

1886 4063 2170 4116 tiﬁcatione
2196 4069 2248 4114 et
2277 4061 2525 4112 interiore
2555 4072 2701 4111 voce.
2734 4056 2866 4122 Quid
2897 4055 3146 4118 clament,
3181 4055 3289 4123 ipse
3317 4053 3443 4107 Sub-

1881 4153 2070 4221 jungit,
2092 4153 2309 4204 clamant
2331 4150 2455 4202 abba
2474 4159 2631 4216 pater.
2660 4149 2858 4201 llahent
2873 4147 3085 4214 Spiritus
3102 4145 3257 4199 verba
3277 4153 3445 4198 etma-

1883 4246 1963 4313 gis
1985 4243 2177 4296 habent
2197 4258 2312 4295 cum
2332 4241 2755 4309 cognoscentium
2779 4239 2853 4309 (ὅ)
2883 4239 3044 4305 patris
3069 4240 3299 4307 capiunt.
3326 4239 3444 4302 'lpsa

1884 4343 2057 4386 autcm
2089 4332 2456 4399 coguoscentia
2504 4331 2682 4398 patris,
2732 4330 2779 4382 id
2813 4337 2893 4383 est
2933 4344 3050 4381 cum
3081 4327 3447 4396 cognoscimus

1889 4433 2125 4492 patrem,
2173 4424 2278 4490 ipsa
2313 4437 2411 4474 vox
2451 4431 2530 4475 est
2569 4420 2782 4488 Spiritus
2811 4419 2976 4472 uestri
3003 4419 3066 4470 ad
3099 4419 3260 4472 Deum
3291 4430 3444 4485 quem

229 4493 364 4558 esset
385 4502 523 4571 quod
553 4501 585 4553 ii
613 4501 700 4569 qui
730 4499 826 4552 sub
851 4500 963 4568 lege
988 4507 1130 4560 sunt,
1153 4499 1328 4551 etalio
1351 4497 1506 4550 modo
1530 4495 1779 4566 principe.

1889 4517 2127 4585 spiritqu
2159 4514 2310 4568 nobis
2337 4512 2479 4566 dedit
2513 4513 2648 4564 Deus
2682 4529 2693 4563 :
2726 4509 2958 4578 cognitio
2988 4523 3282 4562 consonans
3328 4521 3446 4561 cum

232 4604 308 4649 ret
332 4603 487 4662 atque
519 4608 543 4642 a
586 4593 699 4660 lege
740 4605 832 4658 pro
874 4591 1046 4643 salute
1086 4590 1381 4642 discederet
1409 4588 1508 4657 ('2),
1554 4601 1655 4640 non
1687 4588 1784 4640 ob-

233 4682 484 4739 si-rvando
513 4682 730 4734 sabbato
757 4691 1087 4749 casteraque;
1123 4678 1314 4732 exinde
1353 4680 1567 4740 scirent,
1602 4692 1700 4730 non
1733 4676 1784 4728 iu

233 4775 474 4844 Operibus
504 4773 630 4841 legis
661 4787 827 4840 neque
866 4787 933 4824 ex
969 4775 1080 4838 lege
1118 4771 1341 4822 salutem
1371 4783 1607 4837 sperare.
1640 4766 1786 4820 Unde

234 4869 381 4921 etiam
414 4865 612 4926 Galatze
641 4865 991 4931 intelligerent
1024 4863 1185 4934 (ὅνδε
1215 4864 1263 4914 in
1293 4876 1526 4915 errorem
1550 4875 1670 4914 esse
1697 4861 1788 4913 dc-

237 4961 421 5027 lilpSUS,
461 4956 718 5024 siquidem
746 4957 900 5008 etiam
933 4955 1175 5008 Salvator
1204 4955 1337 5022 ipse,
1367 4955 1415 5005 iu
1444 4967 1596 5020 quem
1618 4951 1790 5004 credi-

236 5049 446 5111 derunt,
481 5046 577 5098 sub
617 5046 732 5113 lege
759 5045 941 5109 laetus,
977 5060 1080 5098 non
1114 5053 1285 5096 tamen
1315 5043 1528 5096 servivit
1553 5041 1786 5111 legi.\'e-

238 5155 345 5196 rum
378 5141 486 5193 haec
509 5147 560 5191 ct
586 5138 683 5190 alii
715 5137 897 5199 inulta,
926 5151 1086 5205 quare
1113 5135 1279 5189 t‘actus
1303 5136 1371 5187 sit
1397 5135 1494 5188 sub
1521 5135 1655 5202 lege,
1684 5149 1786 5185 non

241 5231 554 5300 colligenda,
591 5229 836 5300 quoniam
867 5227 942 5298 (.i)
976 5228 1085 5297 ipse
1114 5242 1323 5281 causam
1348 5226 1598 5295 subjecit,
1627 5241 1789 5296 quare

336 5455 379 5524 Ι)
409 5455 482 5509 Ita
515 5453 667 5506 codd.

329 5529 382 5601 ἓ)
414 5524 576 5601 Quid.
613 5525 950 5601 descenderet.

329 5590 380 5659 3)
409 5593 573 5659 Codd.
608 5590 900 5659 intelligere.

312 5599 360 5666 (5
409 5599 573 5646 Codd.
608 5599 900 5659 intelligere.

312 5599 383 5734 pii
415 5658 580 5719 Codd.
607 5660 838 5726 quonimn
866 5676 982 5717 non.

308 5459 325 5666 ἓ

1887 4623 1949 4663 eo
1979 4623 2132 4676 quem
2162 4606 2465 4674 cognoscit,
2497 4604 2643 4673 quasi
2677 4603 2914 4670 quaedam
2967 4615 3065 4654 vox
3111 4609 3191 4655 est
3236 4601 3286 4653 in
3326 4615 3446 4654 eum

1888 4714 2039 4768 quem
2093 4696 2379 4765 cognoscit.
2433 4694 2572 4762 Ergo
2621 4693 2866 4761 quoniam
2925 4701 2978 4745 et
3036 4708 3127 4758 per
3175 4691 3337 4745 Deum
3398 4700 3453 4744 et

1889 4806 1982 4859 per
2009 4788 2278 4842 Christum
2317 4785 2685 4856 cognoscimus
2733 4785 2922 4846 Deum,
2958 4781 3215 4836 cl‘ticimur
3263 4782 3352 4834 lilii
3400 4792 3454 4835 ct

1890 4881 1986 4950 ipsi
2022 4881 2149 4945 Dei,
2182 4889 2235 4933 ct
2265 4880 2374 4947 ipsa
2413 4878 2711 4946 cognitione
2751 4890 2935 4930 vocem
2986 4873 3242 4927 habemus
3269 4872 3331 4925 ad
3360 4887 3451 4942 pa-

1993 5035 2043 5095 l)
2073 5033 2091 5084 1
2120 5033 2240 5085 Cor.
2272 5047 2364 5090 vn,
2396 5031 2483 5084 59.

2073 5033 2483 5154 lr‘iiiiiniiiiioii'
2501 5101 2728 5168 pertinet
2763 5098 2924 5152 etiam
2964 5097 3027 5150 ad
3067 5095 3452 5166 praecedentem

1893 5185 2227 5226 sententiam.

1967 5242 2043 5314 (ὅ)
2073 5241 2239 5314 Codd.
2269 5241 2515 5314 [continent
2541 5253 2640 5314 pro
2669 5242 2779 5314 Ita_c.

1969 5305 2048 5379 (ι)
2081 5310 2362 5362 Potentiam
2388 5310 2513 5362 dicit
2541 5305 2841 5379 Victorinus
2871 5321 2965 5374 pro
2996 5321 3225 5371 persona.
3254 5305 3456 5379 Siergo

1903 5373 1985 5435 esi
2015 5373 2383 5445 intelligendus
2414 5379 2550 5447 apud
2594 5377 2832 5430 Nicetam
2863 5373 3030 5447 nuper
3072 5395 3097 5425 ιι
3146 5391 3230 5428 me
3261 5373 3458 5427 editum

1904 5451 2082 5504 titulus
2132 5444 2367 5517 opuscmi
2399 5444 2461 5500 de
2515 5446 2738 5514 Spiritus
2788 5447 2947 5499 sancti
2981 5444 3234 5510 Potentia,
3267 5458 3454 5511 nempe

1938 5539 1978 5573 ει
1993 5535 2113 5572 sona
2125 5558 2135 5570 .

2007 5540 2135 5571 'oua.

1902 5540 2047 5658 milii)
2092 5576 2472 5658 Cpqnosccntia,
2520 5573 2830 5658 voeabulum
2877 5584 2928 5637 iu
2951 5581 3205 5636 Victorini
3253 5579 3461 5648 scriptis

1901 5647 2056 5711 etiam
2081 5647 2233 5710 cdiiis
2265 5669 2369 5708 non
2402 5647 2693 5706 insolitum.
