3950 6206
504 247 637 304 “79

1742 241 1927 297 MAR"
1968 238 2307 298 VICTORINI
2350 242 2509 298 AFRI

3625 253 3741 308 “80

516 367 671 413 trem.
702 357 975 426 Quomodo
1001 359 1141 413 enim
1173 356 1318 411 solus
1349 364 1450 420 est,
1488 356 1575 425 qui
1605 362 1886 424 Cogtioscal
1916 353 2075 407 Deum
2104 356 2150 413 Α
2247 352 2408 409 Vens.
2443 352 2494 408 9.
2540 383 2609 394 —
2634 352 2784 409 Nunc
2809 365 2971 411 autem
2999 366 3052 412 ut
3080 363 3385 431 cognoviszis
3416 360 3618 429 Deum,
3652 366 3742 418 imo

511 447 785 513 Christus,
826 460 875 503 et
914 464 976 503 ex
1018 463 1083 503 eo
1110 448 1249 519 quod
1278 448 1564 515 cognoscit,
1596 446 1944 513 cognitionem
1993 445 2078 496 lia-

510 540 617 603 bet,
648 539 717 594 ita
738 556 856 595 eum
885 552 1033 595 vocat
1061 538 1143 611 (i)
1173 549 1329 609 atque
1357 538 1502 591 illum
1534 538 1781 605 appellat,
1806 536 1923 605 quia
1953 551 2073 589 enm

509 632 793 699 cognoscit.
844 630 1043 684 Idcirco
1084 628 1323 687 Christus
1374 628 1461 682 Dei
1511 627 1727 697 verbum
1778 635 1857 681 est
1900 642 1913 678 :
1967 625 2071 679 dixi

514 721 655 773 enim
700 718 837 789 quod
867 720 1195 789 cognitiones
1241 732 1461 788 quzequc
1492 731 1608 770 cum
1651 731 1746 769 nos
1787 715 2076 784 intelligere

514 808 704 864 iaciant
723 819 773 863 ct
795 809 1068 878 designare
1092 820 1145 864 et
1165 823 1351 878 capere
1378 817 1430 863 et
1456 808 1733 874 concipere
1762 805 1811 861 id
1836 806 1970 874 quod
1996 805 2075 859 in-

515 901 794 971 telligimus
819 942 831 965 ,
864 902 1008 969 quasi
1041 900 1167 955 illud
1188 943 1199 964 ,
1231 900 1383 970 quale
1410 900 1476 955 sit
1504 899 1803 969 Cognitione
1845 898 2077 967 appella-

513 1006 660 1055 mus;
692 991 979 1059 accipimus
1009 992 1150 1045 enitu
1198 992 1248 1044 in
1300 991 1444 1044 illum
1484 1005 1638 1057 quem
1686 988 2073 1057 cognoscimus,

512 1082 579 1136 de
620 1097 683 1137 eo
713 1098 865 1149 quem
895 1063 1302 1153 cognoscimus
1330 1082 1546 1137 verbum
1593 1079 1671 1150 (εὶ)
1711 1096 1827 1134 cum
1860 1080 1979 1149 quid
2008 1082 2078 1136 sit

511 1175 859 1243 appellamus,
901 1177 1021 1245 quia
1062 1176 1431 1246 cognoscimus
1474 1189 1580 1227 ea:
1624 1188 1739 1242 quae
1784 1182 1864 1228 est
1907 1174 2075 1230 omnis

512 1266 741 1335 cognitio
769 1266 882 1332 ejus
916 1268 1009 1331 rei,
1040 1282 1194 1337 quam
1221 1270 1585 1339 cognoscimus
1613 1265 1709 1345 (ὅ).

581 1354 719 1426 Ergo
745 1356 986 1410 Christus
1029 1360 1148 1428 quia
1179 1362 1449 1428 cognoscit
1480 1362 1672 1427 Deum,
1721 1365 1810 1419 Dei
1858 1362 2072 1417 verbum

510 1458 621 1511 est;
662 1458 718 1503 et
760 1450 971 1519 spiritus
1003 1452 1122 1521 quia
1153 1451 1393 1507 Christus
1425 1455 1575 1510 nobis
1606 1457 1775 1521 datur,
1808 1456 1897 1510 dat
1924 1453 2075 1509 nobis

510 1539 858 1607 cognitionem
895 1542 981 1595 Dei
1010 1554 1102 1611 per
1133 1544 1298 1611 ipsum
1330 1559 1387 1599 se
1422 1563 1433 1597 :
1463 1545 1584 1600 inde
1610 1548 1665 1599 lit
1696 1555 1815 1601 utet
1842 1562 1936 1599 nos
1959 1561 2076 1599 ver-

510 1627 632 1681 bum
664 1628 855 1696 simus,
889 1638 941 1685 et
982 1632 1033 1685 in
1079 1629 1348 1686 Christum
1386 1644 1439 1688 et
1476 1637 1525 1687 iu
1566 1635 1760 1698 Demu;
1795 1644 1847 1690 et
1878 1636 2074 1690 idcirco

2175 446 2357 515 cogniti
2376 446 2490 499 estis
2514 462 2545 498 a
2576 444 2698 510 Deo,
2724 448 2974 517 quomodo
2995 454 3343 506 convertimini
3371 455 3560 508 iterum
3580 454 3649 507 ad
3674 458 3746 508 in-

2174 534 2321 602 ﬁrma
2349 544 2394 588 et
2419 551 2575 605 egena
2595 536 2748 609 hujus
2777 539 2951 591 mundi
2978 540 3261 595 elementa?
3289 544 3372 614 (i)
3404 542 3581 598 Veluti
3612 546 3742 599 aliud

2174 625 2409 695 adjungit
2444 626 2671 693 Calatis,
2715 628 2853 696 quod
2882 630 3039 684 etiam
3070 630 3120 684 in
3150 634 3403 700 gentilem
3437 634 3746 690 transierint

2173 714 2547 787 disciplinam:
2587 719 2757 771 autin
2802 718 2986 773 eadem
3030 723 3367 777 accusatione
3411 734 3741 793 perseverat,

2174 824 2289 877 qua:
2341 810 2504 877 prima
2547 809 2667 873 fuit,
2711 810 2848 881 quod
2888 811 3237 883 adjungerent
3284 815 3446 870 etiam
3497 815 3744 871 christia-

2174 901 2346 955 nismo
2374 902 2538 971 legem
2560 903 2843 971 judaieam,
2868 904 2933 959 de
2961 904 3385 971 circumcisione,
3409 910 3478 961 de
3499 908 3742 972 sabbato,

2174 990 2240 1045 de
2266 991 2401 1044 victu
2432 1000 2527 1073 :’et
2554 991 2676 1047 hinc
2699 1002 2924 1058 accusat,
2958 1008 3011 1048 ut
3036 996 3207 1060 dicat,
3235 1006 3417 1065 postea
3442 1014 3605 1067 quam
3659 1014 3745 1053 co.

2175 1081 2423 1149 guovistis
2448 1082 2606 1136 Deum
2631 1098 2721 1150 per
2744 1084 3071 1153 evangelium
3095 1100 3123 1139 a
3150 1101 3232 1139 me
3249 1086 3453 1153 datum,
3478 1090 3745 1157 quomodo

2174 1171 2544 1225 comertimini
2590 1173 2776 1226 iterum
2826 1172 2888 1226 ad
2930 1174 3173 1243 inﬁrma,
3220 1192 3337 1247 qu;e
3384 1186 3511 1232 sunt
3541 1179 3743 1247 utique.

2179 1261 2269 1317 Vel
2300 1264 2551 1333 intellige,
2585 1266 2626 1317 si
2657 1265 2720 1318 ad
2749 1265 3033 1333 judaicam,
3067 1270 3146 1323 vel
3175 1268 3241 1323 ad
3274 1287 3506 1339 paganos
3526 1313 3541 1335 ,
3574 1274 3665 1340 qui
3694 1282 3747 1326 et

2171 1354 2269 1423 ipsi
2317 1354 2508 1409 inﬁrmi
2550 1364 2687 1410 sunt.
2721 1356 2822 1412 Sed
2861 1371 2978 1411 com
3019 1358 3256 1425 adjunxit
3298 1374 3453 1431 egena
3496 1364 3741 1417 cumcum

2173 1448 2328 1519 hujus
2372 1449 2545 1500 mundi
2576 1448 2738 1518 magis
2778 1452 2923 1518 quasi
2972 1466 3199 1521 paganos
3229 1454 3415 1522 tangit,
3457 1456 3546 1524 qui
3579 1456 3741 1510 etiam

2173 1537 2239 1592 de
2267 1540 2540 1594 elementis
2573 1539 2727 1607 hujus
2756 1541 2939 1597 mundi
2975 1553 3259 1611 operantur
3299 1545 3399 1599 sibi
3448 1538 3608 1613 Deos,
3663 1548 3745 1602 vel

2175 1630 2282 1697 ipsa
2329 1630 2413 1683 illa
2444 1630 2703 1685 elementa
2748 1638 2803 1685 ut
2833 1633 3003 1701 ignem
3043 1632 3251 1698 colant,
3300 1651 3489 1703 aquam
3542 1638 3739 1702 colant,

509 1718 798 1773 clatuemus
826 1722 1144 1791 cognitores.
1175 1721 1429 1793 Cognitor
1458 1734 1628 1780 autem
1655 1740 1772 1779 cum
1801 1735 1881 1780 est
1908 1727 2068 1795 ipsius
2098 1721 2143 1779 Β
2173 1728 2362 1773 terram
2409 1721 2582 1775 colant
2610 1763 2624 1785 .
2657 1737 2834 1775 aerem
2873 1722 3071 1776 colant.
3121 1722 3270 1777 Nulla
3302 1725 3439 1779 enim
3482 1727 3741 1783 dubitatio

510 1809 734 1879 cogniti,
779 1812 837 1864 lit
885 1821 939 1864 ut
980 1814 1246 1881 cognitum
1290 1822 1439 1884 pater
1478 1816 1575 1880 sit,
1624 1817 1864 1885 eoguitor
1909 1816 2065 1870 Illius.

511 1900 659 1967 Quod
690 1902 733 1955 si
762 1902 829 1955 ita
856 1912 959 1967 est,
992 1904 1181 1958 merito
1222 1920 1339 1959 cum
1380 1910 1746 1976 cognoscimus
1772 1923 1862 1978 per
1889 1908 2069 1963 Jcsum

514 2004 714 2062 patrem
734 2035 748 2059 ,
794 2010 854 2048 ex
885 1996 1187 2065 cognitione
1217 1998 1435 2051 verbum
1466 2000 1627 2066 ipsius
1654 1999 1911 2055 efﬁcimur
1945 2000 2023 2071 (4)
2054 2017 2068 2053 :

513 2098 573 2139 ac
599 2096 872 2155 pt'Opterea
904 2088 994 2141 ﬁlii
1015 2088 1135 2143 inde
1157 2093 1445 2145 clamamus
1475 2092 1599 2145 abba
1625 2104 1786 2161 pater.

588 2177 741 2232 Vens.
767 2178 1070 2247 7.-—ltaque
1089 2183 1202 2252 jam
1224 2198 1320 2233 non
1342 2198 1391 2236 es
1413 2183 1488 2253 (5)
1518 2200 1703 2247 servus,
1733 2184 1819 2237 sed
1841 2185 1994 2250 ﬁlius.
2027 2182 2074 2239 Is

512 2267 653 2321 enim
669 2269 753 2337 qui
770 2268 894 2323 dicit
908 2269 1031 2322 abba
1049 2281 1208 2339 pater,
1231 2272 1388 2325 Deum
1409 2274 1583 2342 utique
1603 2284 1799 2342 patrem
1818 2276 2071 2329 nominat.

516 2355 571 2412 Si
597 2367 792 2425 patrem
840 2360 1092 2423 nominat,
1134 2358 1270 2413 illius
1299 2372 1379 2416 est
1411 2380 1421 2413 :
1448 2363 1554 2431 jam
1583 2379 1685 2417 non
1711 2379 1837 2434 ergo
1863 2379 2069 2419 servus.

515 2447 662 2513 Quod
692 2449 735 2501 si
769 2453 834 2503 ita
860 2462 957 2515 est,
982 2450 1033 2505 in
1059 2450 1267 2506 Christo
1291 2468 1457 2522 neque
1485 2469 1693 2520 servus,
1718 2472 1891 2525 neque
1921 2457 2069 2526 liber,

517 2552 690 2606 neque
729 2541 1010 2605 masculns,
1044 2557 1211 2611 neque
1241 2542 1450 2597 immitia
1484 2561 1498 2599 :
1532 2560 1714 2601 omnes
1742 2553 1881 2601 enim
1916 2564 2073 2603 unum

516 2644 715 2682 sumus.
742 2628 841 2684 Sed
872 2646 973 2700 quo
1000 2633 1137 2702 eogit
1177 2633 1275 2687 hoc
1302 2642 1465 2687 totum
1488 2635 1511 2687 ?
1538 2634 1597 2691 Si
1622 2647 1787 2690 autmt
1816 2638 1952 2705 [ilius
1976 2638 2070 2709 (6),

513 2728 559 2773 et
586 2720 742 2773 [iteres
765 2738 850 2790 per
867 2720 1046 2777 Deum.
1071 2723 1209 2793 Ergo
1229 2724 1272 2777 si
1303 2724 1437 2779 ﬁlius
1465 2726 1757 2795 appellatur
1785 2728 1885 2798 (7),
1905 2729 2077 2783 eritet

518 2808 725 2865 ltmres:
760 2814 925 2867 haeres
956 2824 1128 2869 autem
1174 2831 1276 2869 non
1319 2816 1465 2870 faetis
1486 2858 1500 2880 ,
1536 2834 1637 2872 non
1667 2819 1915 2885 operibus
1944 2822 2072 2887 suis,

518 2904 610 2957 sed
640 2903 731 2959 Dei
762 2906 1099 2961 miseratione
1124 2918 1177 2962 et
1204 2908 1296 2962 Dei
1318 2912 1505 2977 gratia.
1540 2909 1651 2963 Hoc
1677 2922 1757 2963 est
1780 2911 1916 2979 quod
1946 2912 2075 2965 dixit

516 2996 604 3048 sed
634 3012 721 3063 per
749 2995 929 3050 Deum.
960 2998 1121 3052 Sicuti
1153 3000 1329 3053 multis
1362 3000 1633 3069 probatum
1662 3010 1740 3053 est
1762 3041 1775 3065 ,
1809 3001 1925 3071 quia
1968 3018 2072 3057 non

2171 1809 2291 1878 quin
2319 1812 2518 1880 singula
2542 1812 2651 1865 haec
2674 1810 2801 1866 deos
2828 1811 3023 1877 dicant,
3046 1813 3113 1868 de
3140 1814 3329 1883 quibus
3350 1816 3503 1886 longa
3529 1826 3611 1872 est
3638 1819 3743 1873 dis-

2172 1903 2389 1969 putatio,
2414 1902 2693 1956 dummodo
2728 1914 2926 1957 certum
2958 1905 3022 1959 sit
3053 1914 3106 1960 et
3132 1922 3196 1961 ex
3229 1906 3509 1962 elementis
3538 1911 3741 1980 singula

2171 2010 2389 2063 quaeque
2408 2011 2638 2065 paganos
2654 1995 2781 2051 deos
2800 1996 2993 2059 dicere,
3009 1998 3090 2051 vel
3108 1998 3341 2067 ipsorum
3358 2000 3739 2055 elementorum

2172 2098 2471 2156 repertores
2493 2086 2620 2140 deos
2647 2086 2851 2149 dicere,
2887 2088 2963 2141 vel
2994 2104 3056 2142 ex
3084 2088 3359 2143 elementis
3382 2091 3511 2145 deos
3538 2090 3636 2144 sibi
3668 2092 3741 2143 ia-

2172 2191 2293 2231 cere
2314 2219 2327 2242 ,
2360 2186 2415 2229 ut
2445 2187 2497 2231 et
2538 2177 2603 2231 de
2634 2188 2773 2232 terra
2811 2177 2940 2231 deos
2974 2176 3184 2245 faciant,
3211 2178 3304 2233 scd
3336 2179 3414 2250 (2)
3447 2196 3535 2250 per
3568 2182 3735 2250 ignem

2174 2266 2301 2321 deos
2324 2267 2515 2321 iaciant
2541 2287 2553 2320 :
2578 2268 2767 2322 deinde
2790 2270 2944 2322 etiam
2970 2269 3222 2337 quosdam
3255 2270 3524 2324 dmmones
3571 2273 3736 2325 aerios

2174 2368 2378 2423 vocent,
2416 2374 2595 2411 rursus
2624 2358 2712 2412 alii
2742 2359 3012 2428 empirios,
3038 2359 3123 2413 alii
3151 2361 3401 2431 cnydros,
3425 2362 3513 2415 alii
3534 2363 3733 2430 genios.

2175 2449 2224 2503 id
2255 2457 2337 2503 est
2366 2458 2624 2513 terrenos,
2672 2450 2958 2518 aquaticos,
3000 2450 3192 2513 aerios.
3240 2450 3453 2520 ignitus.
3514 2451 3570 2505 Si
3614 2466 3734 2522 c:g0

2178 2540 2289 2594 hinc
2320 2540 2503 2609 pagani
2524 2541 2739 2604 faciunt,
2763 2543 2909 2609 qu:tsi
2940 2547 2994 2594 et
3022 2541 3117 2595 hoc
3142 2557 3353 2612 quoque
3377 2536 3731 2610 reprehendit,

2175 2630 2293 2685 illos
2322 2632 2479 2685 etiam
2518 2631 2581 2685 ad
2616 2632 2972 2704 pagatiismum
3011 2648 3128 2686 esse
3170 2647 3479 2696 conversos,
3511 2633 3733 2688 maxime

2175 2736 2292 2774 cum
2323 2720 2512 2775 dixerit
2540 2731 2659 2774 ante
2685 2736 2837 2790 quam
2873 2721 3034 2775 Deum
3072 2722 3465 2790 cognosceretis
3500 2732 3551 2777 et
3595 2724 3731 2791 igno-

2176 2811 2362 2864 raretis
2397 2810 2579 2875 Deum,
2613 2810 2919 2866 serviebatis
2949 2811 3028 2865 his
3055 2812 3143 2884 qui
3177 2827 3280 2866 non
3310 2820 3437 2867 sunt
3462 2812 3552 2867 dii.
3580 2814 3725 2881 Quod

2177 2903 2353 2971 utique
2375 2903 2438 2956 de
2458 2903 2675 2973 paganis
2693 2910 2746 2957 et
2766 2904 2814 2956 in
2834 2904 3192 2972 superioribus
3214 2905 3734 2974 iiitelligeiidiiui.Ve-

2175 3002 2289 3048 rum
2320 3003 2491 3049 tamen
2522 3008 2638 3049 cum
2669 3004 2721 3048 et
2739 2995 2908 3047 omnis
2937 2994 3065 3049 ordo
3087 3006 3139 3049 et
3164 2997 3335 3048 omnis
3359 2996 3457 3049 iate
3487 3006 3731 3051 tractatus

513 3087 772 3141 currentis
797 3089 889 3143 sed
920 3090 1253 3155 miserantis;
1286 3099 1338 3145 et
1366 3092 1537 3145 omnia
1571 3107 1663 3162 per
1692 3092 1781 3146 Dei
1819 3094 2056 3163 gratiam.
2090 3090 2135 3153 C
2168 3098 2440 3157 propterea
2455 3086 3732 3158 sumptussit,utreprehendatillosCalatas,qnod

587 3177 743 3233 Vens.
773 3180 824 3234 8.
849 3211 919 3221 —
941 3182 1044 3235 Sed
1067 3192 1181 3235 ante
1210 3181 1287 3253 (8)
1314 3185 1512 3249 quidem
1554 3185 1838 3253 ignorantes“
1879 3183 2061 3251 Deum,

516 3270 592 3324 his
620 3273 702 3340 qui
731 3288 827 3325 non
854 3285 967 3326 sunt
996 3274 1067 3326 dii
1096 3276 1314 3327 servistis
1356 3275 1455 3344 (9).
1487 3275 1638 3343 Siepe
1674 3276 1778 3329 dixi
1804 3284 1858 3329 et
1886 3275 2069 3329 admo-

517 3361 627 3425 nui,
653 3360 892 3429 iguorare
924 3364 1083 3416 Deum
1114 3374 1192 3417 est
1217 3364 1477 3418 Christum
1505 3366 1747 3432 nescire;
1806 3382 1899 3436 per
1927 3368 2069 3421 Chri-

517 3460 652 3506 stum
682 3455 821 3507 cnim
850 3456 1197 3521 cognoscitur.
1228 3456 1373 3510 Nunc
1414 3468 1587 3511 autem
1613 3474 1730 3511 eum
1771 3460 2070 3527 apparuerit

515 3542 755 3598 Christus
782 3546 867 3614 qui
909 3561 990 3599 me
1014 3546 1225 3608 docuit.
1257 3558 1309 3601 et
1338 3563 1430 3618 per
1457 3563 1513 3602 se
1543 3549 1703 3601 Deum
1730 3550 1987 3613 ostendit,
2017 3558 2071 3602 et

516 3651 572 3690 se
606 3636 761 3689 Deum
790 3648 843 3690 et
873 3652 963 3704 per
988 3652 1045 3691 se
1077 3644 1299 3706 patrem.
1335 3640 1575 3708 ignorare
1604 3655 1706 3693 non
1738 3640 1858 3693 licet
1884 3640 2067 3694 Deum.

515 3732 652 3788 Ante
681 3746 851 3790 autem
888 3752 1005 3793 cum
1046 3739 1379 3808 ignoraretis,
1422 3738 1609 3807 inquit,
1659 3738 1838 3801 Deum,
1889 3754 1919 3790 ο
1964 3737 2070 3791 Ga-

517 3823 653 3889 latai,
688 3829 904 3882 servistis
942 3832 1018 3883 his
1054 3834 1138 3897 qui
1184 3846 1283 3883 non
1325 3841 1438 3884 sunt
1467 3831 1558 3884 dii.
1591 3830 1697 3885 Dici
1742 3830 1870 3884 deos
1895 3837 1948 3884 et
1977 3847 2073 3884 uu-

518 3931 664 3970 niero
696 3919 901 3986 plurali,
932 3929 985 3974 et
1014 3922 1064 3975 in
1096 3923 1208 3990 lege
1238 3923 1362 3988 dici,
1391 3938 1529 3992 s-.epe
1559 3923 1803 3977 admonui
1835 3942 1848 3979 :
1890 3939 2069 3979 rerum

517 4023 651 4064 unus
682 4010 815 4066 Deus
846 4027 860 4066 :
894 4014 1081 4083 reliqui
1128 4013 1225 4068 hoc
1267 4016 1477 4069 nomine
1514 4014 1837 4069 honorantur
1876 4016 2069 4084 angeli,

514 4107 820 4169 cictcra-que
860 4102 1107 4168 virtutes,
1151 4112 1208 4157 ut
1245 4103 1441 4159 dictum
1472 4105 1605 4159 Deus
1634 4108 1859 4159 deorum.
1902 4105 2071 4174 Attae

515 4191 711 4245 utinam
759 4194 859 4248 illis
904 4197 1275 4251 servivissent!
1325 4198 1486 4253 Porro
1515 4212 1689 4254 autem
1722 4199 1802 4254 his
1832 4200 2069 4255 servistis

517 4282 605 4350 qui
650 4299 751 4335 non
793 4295 911 4338 sunt
957 4287 1047 4351 dii,
1094 4290 1339 4343 omnibus
1374 4291 1576 4344 scilicet
1609 4291 1886 4347 mundanis
1913 4300 2071 4346 ciete-

514 4373 692 4442 risque
720 4375 860 4430 falsis
891 4378 1168 4435 virtutibus
1211 4381 1532 4451 imaginariis
1557 4390 1610 4437 et
1637 4397 1667 4437 a
1695 4382 1904 4439 diabolo
1930 4384 2067 4439 lictis

514 4476 671 4536 atque
695 4468 974 4524 simulatis.

586 4598 662 4667 (i)
689 4600 855 4656 Codd.
881 4604 932 4656 in
959 4619 1067 4657 eum
1094 4620 1278 4658 vocem.

611 4670 665 4738 ἓ)
696 4670 768 4725 Ita
798 4673 952 4727 codd.

612 4742 665 4862 ὃ)
691 4740 920 4796 Obscura
942 4758 1069 4799 sane
1092 4746 1443 4815 impeditaque
1474 4748 1773 4819 legentibus
1808 4746 2072 4803 videbitur

612 4826 619 4861 ι
666 4826 759 4862 oco
788 4823 839 4862 et
864 4814 985 4862 alibi
1022 4815 1266 4862 Victorini
1296 4819 1524 4862 plnciitin
1560 4836 1571 4862 ε
1603 4833 1779 4862 verum
1813 4818 1913 4862 hnc
1942 4819 2070 4862 vitio

518 4806 619 4863 hoc
645 4806 759 4863 loco
788 4823 839 4866 et
864 4814 986 4869 alibi
1022 4806 1267 4870 Victorini
1296 4806 1571 4872 elocutio":
1603 4833 1779 4871 verum
1813 4818 1913 4871 hoc
1942 4819 2070 4873 vitio

517 4892 634 4931 eum
659 4879 963 4957 laborarejn
980 4885 1093 4957 aliis
1119 4902 1325 4956 quoque
1348 4889 1556 4957 scriptis
1580 4887 2064 4957 eitploralissitnum

517 4960 632 5013 eSl;
665 4950 730 5037 ila
756 4961 861 5005 uta
886 4953 1099 5011 Petavio
1126 4950 1434 5025 appelletur,
1456 4950 1604 5014 'velut
1626 4950 1759 5011 alter
1779 4956 2072 5026 Heraclius,

518 5039 777 5081 σκοτιινος.

698 5089 862 5163 Codd.
888 5094 1175 5163 e/iiciamur.

596 5160 671 5228 (5)
704 5159 773 5213 Ita
802 5159 978 5228 codd.,
1013 5180 1113 5219 nou
1145 5177 1232 5220 est.

583 5228 656 5305 (ρ)
687 5228 835 5305 Vulg.
866 5232 1041 5287 habet.
1076 5235 1222 5300 Quod
1251 5239 1295 5292 si
1323 5238 1481 5305 ﬁlius.

584 5299 670 5376 (7)
700 5297 865 5376 Codri.
905 5297 1189 5374 appellatur
1231 5297 1350 5361 nutit
1385 5309 1645 5376 superiora
1680 5310 1793 5364 erit.
1835 5309 1939 5364 Sed
1978 5326 2067 5364 ex-

514 5369 761 5452 pungitur
804 5371 869 5452 in.
903 5369 1119 5445 aniiquo
1162 5378 1344 5433 codice
1374 5369 1494 5433 dunt
1522 5380 1780 5448 superiora
1807 5380 1920 5434 erit.
1955 5380 2067 5450 Ego

512 5452 638 5492 vero
664 5450 753 5491 erit
775 5450 993 5496 retineo.

686 5510 848 5586 Codd.
878 5516 1193 5586 nunc_,_vulg.
1220 5526 1415 5585 autem,
1438 5533 1574 5576 tunc.

588 5576 907 5662 (ξὶλςτοεὶιυη
927 5583 977 5662 in
1007 5576 1189 5662 Vulgi:
1220 5588 1325 5649 Sed
1352 5576 1535 5648 tunc...
1567 5592 1626 5648 iis
1650 5594 1735 5662 qui
1760 5600 1939 5648 natura
1964 5608 2065 5648 non

516 5656 630 5699 sunt
646 5648 748 5717 'dii,
777 5648 1081 5709 seruiebatis.

2169 3177 2229 3231 ad
2249 3178 2562 3245 jndaisnmm
2585 3178 2818 3231 conversi
2837 3179 2960 3241 sint,
2983 3184 3035 3231 et
3054 3177 3118 3230 de
3136 3176 3333 3231 ludatis
3360 3177 3458 3231 ista
3484 3196 3639 3233 omna
3660 3180 3734 3234 ia-

2170 3268 2448 3335 telligenda
2480 3266 2578 3320 sint
2599 3307 2611 3329 ,
2645 3267 2907 3336 quomodo
2937 3268 3306 3321 convertimini
3337 3269 3530 3322 iterum
3562 3269 3625 3322 ad
3656 3270 3732 3322 in-

2170 3359 2343 3422 iit-ma,
2377 3357 2735 3427 intelligimus.
2780 3357 2942 3426 Igitur
2977 3372 3095 3411 cum
3124 3356 3263 3411 dixit
3300 3375 3455 3429 egena
3494 3360 3729 3413 elementa

2170 3451 2321 3520 hujus
2354 3448 2554 3510 mundi,
2588 3450 2956 3517 intelligamus,
2988 3448 3123 3516 quod
3155 3449 3229 3502 illi
3259 3453 3542 3505 carnaliter
3572 3451 3727 3505 intel-

2170 3541 2389 3608 ligentes
2430 3543 2618 3610 legem,
2649 3542 2713 3593 ad
2746 3543 3004 3595 elementa
3033 3540 3311 3595 videantur
3341 3557 3460 3596 esse
3488 3545 3727 3599 conversi

2171 3646 2285 3701 qua:
2316 3646 2478 3702 egena
2513 3631 2588 3704 (5)
2620 3643 2774 3697 sunt;
2806 3641 2923 3701 eget
2952 3634 3089 3685 enim
3119 3646 3332 3698 semper
3361 3648 3488 3686 caro
3519 3642 3572 3687 et
3599 3634 3733 3689 desi-

2170 3722 2319 3776 derat
2343 3723 2624 3777 sustentari
2651 3723 2782 3777 εἰΙιίε
2810 3733 2855 3777 et
2890 3724 3088 3792 poculis
3113 3736 3160 3777 et
3192 3723 3590 3790 cupiditatibus,
3619 3739 3730 3793 qua:

2170 3820 2342 3867 tamen
2377 3815 2550 3867 omnia
2576 3814 2781 3868 inlirma
2809 3824 2948 3867 sunt.
2983 3813 3120 3882 Ergo
3156 3828 3275 3868 cum
3307 3815 3495 3883 inquit,
3536 3830 3729 3868 conver-

2170 3906 2333 3957 timini
2360 3905 2424 3959 ad
2452 3907 2651 3973 inﬁrma
2680 3916 2725 3958 et
2756 3921 2908 3974 egena
2944 3904 3202 3970 elementa,
3238 3904 3287 3957 ld
3328 3916 3409 3959 est
3436 3921 3554 3974 qua:
3598 3921 3724 3959 sem-

2176 4012 2269 4065 per
2292 4008 2497 4067 egeant,
2529 3996 2697 4050 anima
2731 4000 2868 4051 enim
2894 4007 2944 4051 et
2966 3996 3181 4066 Spiritus
3210 3998 3383 4051 nullus
3403 4008 3543 4067 eget,
3568 4013 3727 4067 neque

2170 4090 2363 4159 aliquid
2386 4088 2669 4153 desiderat,
2702 4089 2799 4143 nisi
2828 4090 2913 4142 illa
2939 4103 3056 4159 quae
3085 4103 3176 4142 sua
3206 4098 3347 4141 sunt.
3379 4090 3531 4156 Quod
3560 4101 3725 4145 autem

2170 4180 2299 4233 dixit
2323 4180 2622 4248 cognovistis
2662 4178 2841 4244 Deum,
2872 4180 3021 4232 immo
3050 4180 3235 4248 cogniti
3254 4181 3369 4232 estis
3399 4197 3429 4231 a
3460 4179 3588 4242 Deo,
3620 4197 3728 4235 scr-

2174 4271 2510 4326 vatvirtntem
2532 4271 2777 4340 prmcepti
2798 4272 2897 4334 sui,
2914 4280 2971 4325 ut
2988 4271 3021 4324 ii
3043 4272 3121 4343 (4)
3136 4272 3341 4328 veniant
3363 4272 3430 4326 ad
3448 4272 3728 4336 Christum,

2168 4377 2297 4431 quos
2326 4363 2460 4416 Deus
2490 4362 2667 4427 mittit,
2689 4373 2738 4416 et
2761 4376 2891 4431 quos
2917 4361 3053 4416 Deus
3079 4372 3227 4416 vocat
3245 4403 3259 4424 ,
3284 4370 3336 4416 et
3358 4363 3389 4416 ii
3414 4374 3731 4433 cognoscant

2098 4449 2151 4509 D
2177 4454 2485 4519 Dominum,
2518 4467 2648 4522 quos
2676 4453 2927 4521 cognovit
2956 4452 3092 4507 Deus
3118 4469 3130 4503 :
3164 4452 3229 4506 de
3258 4469 3362 4522 quo
3387 4462 3610 4509 tractatu
3641 4470 3727 4507 sn-

2174 4560 2263 4615 pra
2291 4545 2453 4598 multa
2480 4544 2708 4599 diximus
2737 4543 2832 4615 (5).
2858 4544 3076 4613 Cogniti
3102 4544 3240 4599 enim
3271 4558 3299 4597 a
3334 4545 3440 4600 Deo
3468 4548 3730 4614 accipiunt

2169 4633 2441 4703 Spiritum,
2476 4648 2581 4702 quo
2609 4633 2769 4687 Deum
2795 4640 3132 4702 cognoscant.
3180 4632 3285 4687 Sed
3311 4634 3492 4703 utique
3518 4644 3577 4687 ut
3605 4650 3728 4703 Cug-

2171 4732 2455 4778 uoscantur
2487 4738 2516 4776 a
2562 4723 2667 4778 Deo
2696 4723 2999 4791 cognitique
3043 4723 3150 4777 Deo
3179 4723 3313 4787 sint,
3366 4732 3595 4791 aguntur
3624 4724 3727 4791 jam

2169 4815 2443 4885 principali
2488 4815 2578 4869 illo
2622 4815 2838 4883 Spiritu,
2869 4815 2959 4883 qui
3001 4813 3153 4868 datus
3188 4824 3273 4869 est
3317 4824 3374 4869 ut
3409 4816 3615 4869 subdita
3651 4814 3724 4887 (6)

2171 4906 2241 4960 sit
2262 4906 2434 4959 anima
2457 4904 2648 4960 divinis
2675 4904 2777 4960 illis
2806 4904 2967 4974 patris
2994 4905 3074 4959 sui
3103 4906 3414 4975 praeceptis;
3460 4922 3577 4976 quae
3614 4920 3724 4960 cum

2241 5101 2317 5172 (i)
2340 5099 2534 5157 Confer
2548 5101 2698 5171 Vulg.
2730 5117 2844 5169 qua:
2872 5100 3010 5172 hunc
3036 5101 3207 5154 locum
3236 5101 3314 5156 sic
3341 5100 3501 5156 habet
3529 5119 3541 5155 :
3576 5101 3725 5172 Nunc

2173 5168 2336 5227 autem
2373 5188 2488 5225 cum
2514 5168 2834 5243 cogitaveritis
2863 5168 3041 5239 Deum,
3074 5172 3176 5224 into
3213 5172 3400 5241 cogniti
3420 5173 3529 5227 sitis
3549 5188 3579 5224 α
3604 5171 3722 5236 Deo,

2172 5243 2447 5313 quamde.
2476 5251 2580 5313 etc:

2244 5312 2323 5382 (2)
2352 5310 2423 5382 ita
2454 5311 2608 5365 codd.

2242 5380 2320 5451 (3)
2347 5380 2489 5435 Codd
2501 5422 2514 5435 .
2542 5381 2755 5451 agenda.

2245 5449 2325 5521 (ὦ)
2353 5452 2425 5505 Ita
2453 5449 2606 5505 codd.
2642 5451 2757 5505 heic
2782 5460 2833 5505 et
2859 5449 3003 5505 alibi.

2250 5518 2325 5589 (5)
2378 5521 2675 5575 Victorinus
2721 5535 2921 5575 morem
2964 5535 3115 5575 suum
3163 5519 3231 5574 ad
3287 5521 3480 5589 scripta
3525 5518 3720 5589 propria

2181 5606 2327 5660 smne
2354 5590 2671 5660 provocandi
2691 5599 2869 5645 servat
2891 5590 3048 5647 etiam
3068 5592 3121 5645 in
3142 5591 3395 5660 operibus
3419 5591 3591 5647 editis.

2240 5659 2318 5735 (6)
2345 5658 2508 5717 Codd.
2536 5660 2741 5731 scripta.
