  <div class='ocr_page' id='page_1' title='image "/cluster/home/n/w/nwhite01/storage/ocr_20150623/8/uva.x000826528/598.png"; bbox 0 0 3950 6206; ppageno 0'>
   <div class='ocr_carea' id='block_1_1' title="bbox 190 296 333 353">
    <p class='ocr_par' dir='ltr' id='par_1_1' title="bbox 190 296 333 353">
     <span class='ocr_line' id='line_1_1' title="bbox 190 296 333 353; baseline -0.007 0"><span class='ocrx_word' id='word_1_1' title='bbox 190 296 333 353; x_wconf 74' lang='grc'><strong>1181</strong></span> 
     </span>
    </p>
   </div>
   <div class='ocr_carea' id='block_1_2' title="bbox 1045 296 2578 357">
    <p class='ocr_par' dir='ltr' id='par_1_2' title="bbox 1045 296 2578 357">
     <span class='ocr_line' id='line_1_2' title="bbox 1045 296 2578 357; baseline -0.003 -3"><span class='ocrx_word' id='word_1_2' title='bbox 1045 300 1111 355; x_wconf 79' lang='grc' dir='ltr'><strong>ῐΝ</strong></span> <span class='ocrx_word' id='word_1_3' title='bbox 1153 300 1525 357; x_wconf 64' lang='lat' dir='ltr'><strong>EPISTULA“</strong></span> <span class='ocrx_word' id='word_1_4' title='bbox 1558 299 1755 354; x_wconf 78' lang='lat' dir='ltr'><strong>PAULI</strong></span> <span class='ocrx_word' id='word_1_5' title='bbox 1801 298 1887 353; x_wconf 82' lang='lat' dir='ltr'><strong>AD</strong></span> <span class='ocrx_word' id='word_1_6' title='bbox 1925 296 2241 354; x_wconf 75' lang='lat' dir='ltr'><strong>GALATAS</strong></span> <span class='ocrx_word' id='word_1_7' title='bbox 2283 297 2480 352; x_wconf 76' lang='lat' dir='ltr'><strong>LIBER</strong></span> <span class='ocrx_word' id='word_1_8' title='bbox 2518 300 2578 354; x_wconf 88' lang='lat' dir='ltr'><strong>ll.</strong></span> 
     </span>
    </p>
   </div>
   <div class='ocr_carea' id='block_1_3' title="bbox 3280 290 3419 346">
    <p class='ocr_par' dir='ltr' id='par_1_3' title="bbox 3280 290 3419 346">
     <span class='ocr_line' id='line_1_3' title="bbox 3280 290 3419 346; baseline 0 -2"><span class='ocrx_word' id='word_1_9' title='bbox 3280 290 3419 346; x_wconf 69' lang='grc'><strong>1182</strong></span> 
     </span>
    </p>
   </div>
   <div class='ocr_carea' id='block_1_4' title="bbox 192 403 3425 479">
    <p class='ocr_par' dir='ltr' id='par_1_4' title="bbox 192 403 3425 479">
     <span class='ocr_line' id='line_1_4' title="bbox 192 403 3425 479; baseline -0.001 -19"><span class='ocrx_word' id='word_1_10' title='bbox 192 421 257 460; x_wconf 88' lang='lat' dir='ltr'><strong>se</strong></span> <span class='ocrx_word' id='word_1_11' title='bbox 308 407 528 475; x_wconf 79' lang='lat' dir='ltr'><strong>excitat,</strong></span> <span class='ocrx_word' id='word_1_12' title='bbox 579 411 847 479; x_wconf 76' lang='lat' dir='ltr'><strong>cognoscit</strong></span> <span class='ocrx_word' id='word_1_13' title='bbox 898 409 1136 465; x_wconf 90' lang='lat' dir='ltr'><strong>eamdem</strong></span> <span class='ocrx_word' id='word_1_14' title='bbox 1183 409 1338 475; x_wconf 88' lang='lat' dir='ltr'><strong>Dens,</strong></span> <span class='ocrx_word' id='word_1_15' title='bbox 1379 418 1431 463; x_wconf 89' lang='lat' dir='ltr'><strong>et</strong></span> <span class='ocrx_word' id='word_1_16' title='bbox 1463 410 1538 463; x_wconf 91' lang='lat' dir='ltr'><strong>sic</strong></span> <span class='ocrx_word' id='word_1_17' title='bbox 1593 408 1763 461; x_wconf 88' lang='lat' dir='ltr'><strong>anima</strong></span> <span class='ocrx_word' id='word_1_18' title='bbox 1793 414 1838 471; x_wconf 72' lang='grc' dir='ltr'>Α</span> <span class='ocrx_word' id='word_1_19' title='bbox 1869 409 2049 463; x_wconf 87' lang='lat' dir='ltr'><strong>ﬁrmus</strong></span> <span class='ocrx_word' id='word_1_20' title='bbox 2073 424 2230 464; x_wconf 87' lang='lat' dir='ltr'><strong>carne</strong></span> <span class='ocrx_word' id='word_1_21' title='bbox 2253 424 2367 463; x_wconf 89' lang='lat' dir='ltr'><strong>eum</strong></span> <span class='ocrx_word' id='word_1_22' title='bbox 2401 408 2645 474; x_wconf 79' lang='lat' dir='ltr'><strong>fuissem,</strong></span> <span class='ocrx_word' id='word_1_23' title='bbox 2687 407 3022 479; x_wconf 60' lang='lat' dir='ltr'><strong>evangeliz&#39;t‘vi</strong></span> <span class='ocrx_word' id='word_1_24' title='bbox 3044 403 3176 459; x_wconf 79' lang='lat' dir='ltr'><strong>rubis</strong></span> <span class='ocrx_word' id='word_1_25' title='bbox 3207 404 3425 478; x_wconf 76' lang='lat' dir='ltr'><strong>jampri-</strong></span> 
     </span>
    </p>
   </div>
   <div class='ocr_carea' id='block_1_5' title="bbox 188 499 1765 568">
    <p class='ocr_par' dir='ltr' id='par_1_5' title="bbox 188 499 1765 568">
     <span class='ocr_line' id='line_1_5' title="bbox 188 499 1765 568; baseline -0.001 -17"><span class='ocrx_word' id='word_1_26' title='bbox 188 500 474 568; x_wconf 84' lang='lat' dir='ltr'><strong>cognoseit</strong></span> <span class='ocrx_word' id='word_1_27' title='bbox 511 501 693 553; x_wconf 85' lang='lat' dir='ltr'><strong>Deum.</strong></span> <span class='ocrx_word' id='word_1_28' title='bbox 738 501 883 567; x_wconf 89' lang='lat' dir='ltr'><strong>Quod</strong></span> <span class='ocrx_word' id='word_1_29' title='bbox 930 512 1102 555; x_wconf 87' lang='lat' dir='ltr'><strong>autem</strong></span> <span class='ocrx_word' id='word_1_30' title='bbox 1150 500 1281 553; x_wconf 78' lang='lat' dir='ltr'><strong>dixit</strong></span> <span class='ocrx_word' id='word_1_31' title='bbox 1325 502 1567 553; x_wconf 81' lang='lat' dir='ltr'><strong>elementa</strong></span> <span class='ocrx_word' id='word_1_32' title='bbox 1614 499 1765 567; x_wconf 81' lang='lat' dir='ltr'><strong>hujus</strong></span> 
     </span>
    </p>
   </div>
   <div class='ocr_carea' id='block_1_6' title="bbox 190 589 1769 659">
    <p class='ocr_par' dir='ltr' id='par_1_6' title="bbox 190 589 1769 659">
     <span class='ocr_line' id='line_1_6' title="bbox 190 589 1769 659; baseline 0.001 -20"><span class='ocrx_word' id='word_1_33' title='bbox 190 589 381 641; x_wconf 84' lang='lat' dir='ltr'><strong>mundi</strong></span> <span class='ocrx_word' id='word_1_34' title='bbox 428 606 619 659; x_wconf 81' lang='lat' dir='ltr'><strong>egena,</strong></span> <span class='ocrx_word' id='word_1_35' title='bbox 666 607 767 645; x_wconf 91' lang='lat' dir='ltr'><strong>non</strong></span> <span class='ocrx_word' id='word_1_36' title='bbox 796 606 900 659; x_wconf 88' lang='lat' dir='ltr'><strong>quo</strong></span> <span class='ocrx_word' id='word_1_37' title='bbox 952 592 1055 646; x_wconf 90' lang='lat' dir='ltr'><strong>sint</strong></span> <span class='ocrx_word' id='word_1_38' title='bbox 1100 593 1356 645; x_wconf 88' lang='lat' dir='ltr'><strong>elementa</strong></span> <span class='ocrx_word' id='word_1_39' title='bbox 1404 591 1524 653; x_wconf 84' lang='lat' dir='ltr'><strong>alia,</strong></span> <span class='ocrx_word' id='word_1_40' title='bbox 1575 590 1769 641; x_wconf 88' lang='lat' dir='ltr'><strong>idcirco</strong></span> 
     </span>
    </p>
   </div>
   <div class='ocr_carea' id='block_1_7' title="bbox 194 668 1766 751">
    <p class='ocr_par' dir='ltr' id='par_1_7' title="bbox 194 668 1766 751">
     <span class='ocr_line' id='line_1_7' title="bbox 194 668 1766 751; baseline 0.001 -19"><span class='ocrx_word' id='word_1_41' title='bbox 194 693 370 749; x_wconf 81' lang='lat' dir='ltr'><strong>egena</strong></span> <span class='ocrx_word' id='word_1_42' title='bbox 419 679 574 747; x_wconf 83' lang='lat' dir='ltr'><strong>hujus</strong></span> <span class='ocrx_word' id='word_1_43' title='bbox 618 681 830 745; x_wconf 87' lang='lat' dir='ltr'><strong>mundi,</strong></span> <span class='ocrx_word' id='word_1_44' title='bbox 876 690 927 735; x_wconf 88' lang='lat' dir='ltr'><strong>et</strong></span> <span class='ocrx_word' id='word_1_45' title='bbox 955 683 1213 736; x_wconf 87' lang='lat' dir='ltr'><strong>elementa</strong></span> <span class='ocrx_word' id='word_1_46' title='bbox 1253 668 1370 751; x_wconf 77' lang='lat' dir='ltr'><strong>qua:</strong></span> <span class='ocrx_word' id='word_1_47' title='bbox 1399 695 1558 750; x_wconf 86' lang='lat' dir='ltr'><strong>egena</strong></span> <span class='ocrx_word' id='word_1_48' title='bbox 1601 690 1766 733; x_wconf 88' lang='lat' dir='ltr'><strong>sunt:</strong></span> 
     </span>
    </p>
   </div>
   <div class='ocr_carea' id='block_1_8' title="bbox 191 772 1766 841">
    <p class='ocr_par' dir='ltr' id='par_1_8' title="bbox 191 772 1766 841">
     <span class='ocr_line' id='line_1_8' title="bbox 191 772 1766 841; baseline 0.001 -20"><span class='ocrx_word' id='word_1_49' title='bbox 191 785 519 839; x_wconf 83' lang='lat' dir='ltr'><strong>quamquam</strong></span> <span class='ocrx_word' id='word_1_50' title='bbox 551 786 827 840; x_wconf 85' lang='lat' dir='ltr'><strong>possumus</strong></span> <span class='ocrx_word' id='word_1_51' title='bbox 856 773 1010 827; x_wconf 82' lang='lat' dir='ltr'><strong>etiam</strong></span> <span class='ocrx_word' id='word_1_52' title='bbox 1044 774 1095 827; x_wconf 89' lang='lat' dir='ltr'><strong>in</strong></span> <span class='ocrx_word' id='word_1_53' title='bbox 1125 774 1480 841; x_wconf 76' lang='lat' dir='ltr'><strong>superioribus</strong></span> <span class='ocrx_word' id='word_1_54' title='bbox 1510 772 1766 825; x_wconf 85' lang='lat' dir='ltr'><strong>elementa</strong></span> 
     </span>
    </p>
   </div>
   <div class='ocr_carea' id='block_1_9' title="bbox 196 858 1765 931">
    <p class='ocr_par' dir='ltr' id='par_1_9' title="bbox 196 858 1765 931">
     <span class='ocr_line' id='line_1_9' title="bbox 196 858 1765 931; baseline -0.001 -17"><span class='ocrx_word' id='word_1_55' title='bbox 196 860 387 915; x_wconf 83' lang='lat' dir='ltr'><strong>dicere</strong></span> <span class='ocrx_word' id='word_1_56' title='bbox 429 877 441 912; x_wconf 93' lang='lat'>:</span> <span class='ocrx_word' id='word_1_57' title='bbox 493 860 583 915; x_wconf 87' lang='lat' dir='ltr'><strong>sed</strong></span> <span class='ocrx_word' id='word_1_58' title='bbox 634 863 787 930; x_wconf 82' lang='lat' dir='ltr'><strong>longe</strong></span> <span class='ocrx_word' id='word_1_59' title='bbox 825 874 1084 917; x_wconf 91' lang='lat' dir='ltr'><strong>semotum</strong></span> <span class='ocrx_word' id='word_1_60' title='bbox 1123 863 1221 916; x_wconf 91' lang='lat' dir='ltr'><strong>hoc</strong></span> <span class='ocrx_word' id='word_1_61' title='bbox 1257 864 1322 916; x_wconf 89' lang='lat' dir='ltr'><strong>ab</strong></span> <span class='ocrx_word' id='word_1_62' title='bbox 1352 862 1628 915; x_wconf 83' lang='lat' dir='ltr'><strong>usitatione.</strong></span> <span class='ocrx_word' id='word_1_63' title='bbox 1665 858 1765 931; x_wconf 91' lang='grc'><strong>(1).</strong></span> 
     </span>
    </p>
   </div>
   <div class='ocr_carea' id='block_1_10' title="bbox 200 949 1769 1024">
    <p class='ocr_par' dir='ltr' id='par_1_10' title="bbox 200 949 1769 1024">
     <span class='ocr_line' id='line_1_10' title="bbox 200 949 1769 1024; baseline -0.001 -20"><span class='ocrx_word' id='word_1_64' title='bbox 200 952 403 1019; x_wconf 82' lang='lat' dir='ltr'><strong>Quibus</strong></span> <span class='ocrx_word' id='word_1_65' title='bbox 446 970 647 1007; x_wconf 79' lang='lat' dir='ltr'><strong>rursum</strong></span> <span class='ocrx_word' id='word_1_66' title='bbox 686 949 761 1024; x_wconf 64' lang='grc' dir='ltr'><strong>(Ξ)</strong></span> <span class='ocrx_word' id='word_1_67' title='bbox 800 954 981 1007; x_wconf 75' lang='lat' dir='ltr'><strong>servire</strong></span> <span class='ocrx_word' id='word_1_68' title='bbox 1032 954 1197 1006; x_wconf 82' lang='lat' dir='ltr'><strong>vultis.</strong></span> <span class='ocrx_word' id='word_1_69' title='bbox 1251 952 1457 1017; x_wconf 88' lang='lat' dir='ltr'><strong>Silicet,</strong></span> <span class='ocrx_word' id='word_1_70' title='bbox 1507 961 1561 1005; x_wconf 90' lang='lat' dir='ltr'><strong>ut</strong></span> <span class='ocrx_word' id='word_1_71' title='bbox 1613 964 1769 1018; x_wconf 83' lang='lat' dir='ltr'><strong>supra</strong></span> 
     </span>
    </p>
   </div>
   <div class='ocr_carea' id='block_1_11' title="bbox 196 1043 1769 1114">
    <p class='ocr_par' dir='ltr' id='par_1_11' title="bbox 196 1043 1769 1114">
     <span class='ocr_line' id='line_1_11' title="bbox 196 1043 1769 1114; baseline -0.002 -15"><span class='ocrx_word' id='word_1_72' title='bbox 196 1046 374 1112; x_wconf 77' lang='lat' dir='ltr'><strong>dixit,</strong></span> <span class='ocrx_word' id='word_1_73' title='bbox 404 1055 682 1114; x_wconf 91' lang='lat' dir='ltr'><strong>antequam</strong></span> <span class='ocrx_word' id='word_1_74' title='bbox 732 1047 893 1100; x_wconf 88' lang='lat' dir='ltr'><strong>Deum</strong></span> <span class='ocrx_word' id='word_1_75' title='bbox 933 1046 1149 1109; x_wconf 87' lang='lat' dir='ltr'><strong>noratis,</strong></span> <span class='ocrx_word' id='word_1_76' title='bbox 1193 1043 1501 1099; x_wconf 79' lang='lat' dir='ltr'><strong>serviebalis</strong></span> <span class='ocrx_word' id='word_1_77' title='bbox 1540 1043 1634 1107; x_wconf 91' lang='lat' dir='ltr'><strong>iis,</strong></span> <span class='ocrx_word' id='word_1_78' title='bbox 1682 1043 1769 1111; x_wconf 91' lang='lat' dir='ltr'><strong>qui</strong></span> 
     </span>
    </p>
   </div>
   <div class='ocr_carea' id='block_1_12' title="bbox 197 1135 1771 1206">
    <p class='ocr_par' dir='ltr' id='par_1_12' title="bbox 197 1135 1771 1206">
     <span class='ocr_line' id='line_1_12' title="bbox 197 1135 1771 1206; baseline -0.002 -15"><span class='ocrx_word' id='word_1_79' title='bbox 197 1136 280 1192; x_wconf 90' lang='lat' dir='ltr'><strong>dii</strong></span> <span class='ocrx_word' id='word_1_80' title='bbox 320 1153 425 1191; x_wconf 93' lang='lat' dir='ltr'><strong>non</strong></span> <span class='ocrx_word' id='word_1_81' title='bbox 462 1145 612 1202; x_wconf 67' lang='lat' dir='ltr'><strong>sunt,</strong></span> <span class='ocrx_word' id='word_1_82' title='bbox 665 1152 803 1190; x_wconf 90' lang='lat' dir='ltr'><strong>nunc</strong></span> <span class='ocrx_word' id='word_1_83' title='bbox 841 1152 966 1206; x_wconf 85' lang='lat' dir='ltr'><strong>ergo</strong></span> <span class='ocrx_word' id='word_1_84' title='bbox 1003 1138 1079 1189; x_wconf 78' lang='lat' dir='ltr'><strong>Itis</strong></span> <span class='ocrx_word' id='word_1_85' title='bbox 1120 1153 1318 1189; x_wconf 87' lang='lat' dir='ltr'><strong>rursum</strong></span> <span class='ocrx_word' id='word_1_86' title='bbox 1360 1136 1541 1189; x_wconf 79' lang='lat' dir='ltr'><strong>servire</strong></span> <span class='ocrx_word' id='word_1_87' title='bbox 1580 1135 1723 1187; x_wconf 78' lang='lat' dir='ltr'><strong>vultis</strong></span> <span class='ocrx_word' id='word_1_88' title='bbox 1752 1150 1771 1188; x_wconf 90' lang='lat'><strong><em>:</em></strong></span> 
     </span>
    </p>
   </div>
   <div class='ocr_carea' id='block_1_13' title="bbox 198 1226 1763 1298">
    <p class='ocr_par' dir='ltr' id='par_1_13' title="bbox 198 1226 1763 1298">
     <span class='ocr_line' id='line_1_13' title="bbox 198 1226 1763 1298; baseline -0.004 -17"><span class='ocrx_word' id='word_1_89' title='bbox 198 1229 366 1283; x_wconf 86' lang='lat' dir='ltr'><strong>vultis</strong></span> <span class='ocrx_word' id='word_1_90' title='bbox 388 1230 583 1298; x_wconf 88' lang='lat' dir='ltr'><strong>inquit;</strong></span> <span class='ocrx_word' id='word_1_91' title='bbox 606 1239 658 1281; x_wconf 89' lang='lat' dir='ltr'><strong>ut</strong></span> <span class='ocrx_word' id='word_1_92' title='bbox 681 1243 861 1283; x_wconf 88' lang='lat' dir='ltr'><strong>eorum</strong></span> <span class='ocrx_word' id='word_1_93' title='bbox 885 1228 1164 1282; x_wconf 76' lang='lat' dir='ltr'><strong>voluntatis</strong></span> <span class='ocrx_word' id='word_1_94' title='bbox 1182 1228 1270 1292; x_wconf 87' lang='lat' dir='ltr'><strong>sit,</strong></span> <span class='ocrx_word' id='word_1_95' title='bbox 1295 1244 1395 1280; x_wconf 77' lang='lat' dir='ltr'><strong>non</strong></span> <span class='ocrx_word' id='word_1_96' title='bbox 1421 1226 1763 1279; x_wconf 79' lang='lat' dir='ltr'><strong>necessitatis.</strong></span> 
     </span>
    </p>
   </div>
   <div class='ocr_carea' id='block_1_14' title="bbox 277 1316 1770 1375">
    <p class='ocr_par' dir='ltr' id='par_1_14' title="bbox 277 1316 1770 1375">
     <span class='ocr_line' id='line_1_14' title="bbox 277 1316 1770 1375; baseline -0.005 0"><span class='ocrx_word' id='word_1_97' title='bbox 277 1319 349 1375; x_wconf 86' lang='lat' dir='ltr'><strong>Ut</strong></span> <span class='ocrx_word' id='word_1_98' title='bbox 395 1327 570 1373; x_wconf 87' lang='lat' dir='ltr'><strong>autem</strong></span> <span class='ocrx_word' id='word_1_99' title='bbox 616 1319 680 1372; x_wconf 87' lang='lat' dir='ltr'><strong>ad</strong></span> <span class='ocrx_word' id='word_1_100' title='bbox 728 1318 939 1373; x_wconf 61' lang='lat' dir='ltr'><strong>Judatos</strong></span> <span class='ocrx_word' id='word_1_101' title='bbox 978 1320 1073 1372; x_wconf 86' lang='lat' dir='ltr'><strong>ista</strong></span> <span class='ocrx_word' id='word_1_102' title='bbox 1118 1328 1172 1373; x_wconf 84' lang='lat' dir='ltr'><strong>et</strong></span> <span class='ocrx_word' id='word_1_103' title='bbox 1211 1318 1276 1372; x_wconf 89' lang='lat' dir='ltr'><strong>de</strong></span> <span class='ocrx_word' id='word_1_104' title='bbox 1306 1316 1503 1372; x_wconf 61' lang='lat' dir='ltr'><strong>Iudaeis</strong></span> <span class='ocrx_word' id='word_1_105' title='bbox 1534 1316 1770 1369; x_wconf 81' lang='lat' dir='ltr'><strong>videatur</strong></span> 
     </span>
    </p>
   </div>
   <div class='ocr_carea' id='block_1_15' title="bbox 200 1404 1772 1477">
    <p class='ocr_par' dir='ltr' id='par_1_15' title="bbox 200 1404 1772 1477">
     <span class='ocr_line' id='line_1_15' title="bbox 200 1404 1772 1477; baseline -0.004 -14"><span class='ocrx_word' id='word_1_106' title='bbox 200 1408 423 1471; x_wconf 85' lang='lat' dir='ltr'><strong>dicere,</strong></span> <span class='ocrx_word' id='word_1_107' title='bbox 458 1408 509 1462; x_wconf 88' lang='lat' dir='ltr'><strong>id</strong></span> <span class='ocrx_word' id='word_1_108' title='bbox 552 1417 636 1462; x_wconf 73' lang='lat' dir='ltr'><strong>est</strong></span> <span class='ocrx_word' id='word_1_109' title='bbox 661 1409 724 1462; x_wconf 89' lang='lat' dir='ltr'><strong>ad</strong></span> <span class='ocrx_word' id='word_1_110' title='bbox 763 1408 1005 1468; x_wconf 83' lang='lat' dir='ltr'><strong>Galatas,</strong></span> <span class='ocrx_word' id='word_1_111' title='bbox 1039 1408 1127 1477; x_wconf 89' lang='lat' dir='ltr'><strong>qui</strong></span> <span class='ocrx_word' id='word_1_112' title='bbox 1158 1407 1456 1461; x_wconf 74' lang='lat' dir='ltr'><strong>Judtenrum</strong></span> <span class='ocrx_word' id='word_1_113' title='bbox 1489 1407 1587 1460; x_wconf 84' lang='lat' dir='ltr'><strong>sibi</strong></span> <span class='ocrx_word' id='word_1_114' title='bbox 1616 1404 1772 1459; x_wconf 89' lang='lat' dir='ltr'><strong>disci-</strong></span> 
     </span>
    </p>
   </div>
   <div class='ocr_carea' id='block_1_16' title="bbox 198 1499 1078 1569">
    <p class='ocr_par' dir='ltr' id='par_1_16' title="bbox 198 1499 1078 1569">
     <span class='ocr_line' id='line_1_16' title="bbox 198 1499 1078 1569; baseline -0.002 -16"><span class='ocrx_word' id='word_1_115' title='bbox 198 1499 405 1569; x_wconf 89' lang='lat' dir='ltr'><strong>plinam</strong></span> <span class='ocrx_word' id='word_1_116' title='bbox 430 1500 689 1569; x_wconf 87' lang='lat' dir='ltr'><strong>jungunt,</strong></span> <span class='ocrx_word' id='word_1_117' title='bbox 723 1500 799 1553; x_wconf 92' lang='lat' dir='ltr'><strong>sic</strong></span> <span class='ocrx_word' id='word_1_118' title='bbox 825 1499 1078 1567; x_wconf 85' lang='lat' dir='ltr'><strong>adjungit.</strong></span> 
     </span>
    </p>
   </div>
   <div class='ocr_carea' id='block_1_17' title="bbox 281 1588 1773 1654">
    <p class='ocr_par' dir='ltr' id='par_1_17' title="bbox 281 1588 1773 1654">
     <span class='ocr_line' id='line_1_17' title="bbox 281 1588 1773 1654; baseline -0.004 -11"><span class='ocrx_word' id='word_1_119' title='bbox 281 1590 440 1643; x_wconf 73' lang='lat' dir='ltr'><strong>Vsus.</strong></span> <span class='ocrx_word' id='word_1_120' title='bbox 474 1590 557 1643; x_wconf 81' lang='grc'><strong>10.</strong></span> <span class='ocrx_word' id='word_1_121' title='bbox 576 1620 644 1629; x_wconf 91' lang='grc'><strong>-</strong></span> <span class='ocrx_word' id='word_1_122' title='bbox 668 1588 787 1643; x_wconf 86' lang='lat' dir='ltr'><strong>Dies</strong></span> <span class='ocrx_word' id='word_1_123' title='bbox 814 1590 1105 1654; x_wconf 86' lang='lat' dir='ltr'><strong>observatis,</strong></span> <span class='ocrx_word' id='word_1_124' title='bbox 1153 1598 1198 1641; x_wconf 91' lang='lat' dir='ltr'><strong>et</strong></span> <span class='ocrx_word' id='word_1_125' title='bbox 1225 1604 1434 1650; x_wconf 81' lang='lat' dir='ltr'><strong>menses,</strong></span> <span class='ocrx_word' id='word_1_126' title='bbox 1458 1596 1503 1639; x_wconf 86' lang='lat' dir='ltr'><strong>et</strong></span> <span class='ocrx_word' id='word_1_127' title='bbox 1550 1597 1773 1653; x_wconf 83' lang='lat' dir='ltr'><strong>tempora</strong></span> 
     </span>
    </p>
   </div>
   <div class='ocr_carea' id='block_1_18' title="bbox 201 1676 1771 1750">
    <p class='ocr_par' dir='ltr' id='par_1_18' title="bbox 201 1676 1771 1750">
     <span class='ocr_line' id='line_1_18' title="bbox 201 1676 1771 1750; baseline -0.005 -15"><span class='ocrx_word' id='word_1_128' title='bbox 201 1691 251 1735; x_wconf 84' lang='lat' dir='ltr'><strong>et</strong></span> <span class='ocrx_word' id='word_1_129' title='bbox 280 1680 610 1734; x_wconf 84' lang='lat' dir='ltr'><strong>annos.Cum</strong></span> <span class='ocrx_word' id='word_1_130' title='bbox 634 1691 875 1748; x_wconf 80' lang='lat' dir='ltr'><strong>tempora,</strong></span> <span class='ocrx_word' id='word_1_131' title='bbox 903 1694 1068 1750; x_wconf 88' lang='lat' dir='ltr'><strong>genus</strong></span> <span class='ocrx_word' id='word_1_132' title='bbox 1093 1681 1161 1733; x_wconf 82' lang='lat' dir='ltr'><strong>sit</strong></span> <span class='ocrx_word' id='word_1_133' title='bbox 1185 1679 1247 1732; x_wconf 90' lang='lat' dir='ltr'><strong>ad</strong></span> <span class='ocrx_word' id='word_1_134' title='bbox 1277 1678 1474 1740; x_wconf 91' lang='lat' dir='ltr'><strong>omnia,</strong></span> <span class='ocrx_word' id='word_1_135' title='bbox 1500 1692 1592 1731; x_wconf 92' lang='lat' dir='ltr'><strong>cur</strong></span> <span class='ocrx_word' id='word_1_136' title='bbox 1618 1676 1695 1748; x_wconf 80' lang='lat'><strong>(5)</strong></span> <span class='ocrx_word' id='word_1_137' title='bbox 1726 1683 1771 1728; x_wconf 88' lang='lat' dir='ltr'><strong>et</strong></span> 
     </span>
    </p>
   </div>
   <div class='ocr_carea' id='block_1_19' title="bbox 1869 499 2620 565">
    <p class='ocr_par' dir='ltr' id='par_1_19' title="bbox 1869 499 2620 565">
     <span class='ocr_line' id='line_1_19' title="bbox 1869 499 2620 565; baseline -0.003 -12"><span class='ocrx_word' id='word_1_138' title='bbox 1869 501 1977 553; x_wconf 86' lang='lat' dir='ltr'><strong>dem</strong></span> <span class='ocrx_word' id='word_1_139' title='bbox 2004 510 2096 564; x_wconf 82' lang='lat' dir='ltr'><strong>,&#39;et</strong></span> <span class='ocrx_word' id='word_1_140' title='bbox 2125 499 2227 552; x_wconf 84' lang='lat' dir='ltr'><strong>huc</strong></span> <span class='ocrx_word' id='word_1_141' title='bbox 2250 500 2427 565; x_wconf 81' lang='lat' dir='ltr'><strong>utique</strong></span> <span class='ocrx_word' id='word_1_142' title='bbox 2456 500 2620 553; x_wconf 85' lang='lat' dir='ltr'><strong>scitis.</strong></span> 
     </span>
    </p>
   </div>
   <div class='ocr_carea' id='block_1_20' title="bbox 1940 588 3428 643">
    <p class='ocr_par' dir='ltr' id='par_1_20' title="bbox 1940 588 3428 643">
     <span class='ocr_line' id='line_1_20' title="bbox 1940 588 3428 643; baseline 0 -4"><span class='ocrx_word' id='word_1_143' title='bbox 1940 589 2102 643; x_wconf 77' lang='lat' dir='ltr'><strong>Vsus.</strong></span> <span class='ocrx_word' id='word_1_144' title='bbox 2132 588 2289 641; x_wconf 56' lang='grc'><strong>14-</strong></span> <span class='ocrx_word' id='word_1_145' title='bbox 2312 588 2377 642; x_wconf 81' lang='lat' dir='ltr'><strong>Et</strong></span> <span class='ocrx_word' id='word_1_146' title='bbox 2403 590 2719 642; x_wconf 82' lang='lat' dir='ltr'><strong>tentutionem</strong></span> <span class='ocrx_word' id='word_1_147' title='bbox 2749 598 2959 641; x_wconf 79' lang='lat' dir='ltr'><strong>vestram</strong></span> <span class='ocrx_word' id='word_1_148' title='bbox 2982 589 3030 639; x_wconf 88' lang='lat' dir='ltr'><strong>in</strong></span> <span class='ocrx_word' id='word_1_149' title='bbox 3048 602 3312 639; x_wconf 69' lang='lat' dir='ltr'><strong>earnemett</strong></span> <span class='ocrx_word' id='word_1_150' title='bbox 3330 600 3428 639; x_wconf 86' lang='lat' dir='ltr'><strong>non</strong></span> 
     </span>
    </p>
   </div>
   <div class='ocr_carea' id='block_1_21' title="bbox 1868 676 3427 749">
    <p class='ocr_par' dir='ltr' id='par_1_21' title="bbox 1868 676 3427 749">
     <span class='ocr_line' id='line_1_21' title="bbox 1868 676 3427 749; baseline -0.003 -19"><span class='ocrx_word' id='word_1_151' title='bbox 1868 680 2119 747; x_wconf 82' lang='lat' dir='ltr'><strong>sprevistis</strong></span> <span class='ocrx_word' id='word_1_152' title='bbox 2142 695 2294 746; x_wconf 83' lang='lat' dir='ltr'><strong>neque</strong></span> <span class='ocrx_word' id='word_1_153' title='bbox 2322 680 2576 749; x_wconf 77' lang='lat' dir='ltr'><strong>respuistis</strong></span> <span class='ocrx_word' id='word_1_154' title='bbox 2606 680 2701 748; x_wconf 83' lang='grc'><strong>(1).</strong></span> <span class='ocrx_word' id='word_1_155' title='bbox 2737 676 2867 745; x_wconf 85' lang='lat' dir='ltr'><strong>Quid</strong></span> <span class='ocrx_word' id='word_1_156' title='bbox 2897 678 3213 745; x_wconf 87' lang='lat' dir='ltr'><strong>accipiamus</strong></span> <span class='ocrx_word' id='word_1_157' title='bbox 3258 686 3427 729; x_wconf 81' lang='lat' dir='ltr'><strong>tenta-</strong></span> 
     </span>
    </p>
   </div>
   <div class='ocr_carea' id='block_1_22' title="bbox 1872 767 3429 837">
    <p class='ocr_par' dir='ltr' id='par_1_22' title="bbox 1872 767 3429 837">
     <span class='ocr_line' id='line_1_22' title="bbox 1872 767 3429 837; baseline -0.002 -16"><span class='ocrx_word' id='word_1_158' title='bbox 1872 768 2065 822; x_wconf 81' lang='lat' dir='ltr'><strong>tionem</strong></span> <span class='ocrx_word' id='word_1_159' title='bbox 2088 777 2333 830; x_wconf 78' lang='lat' dir='ltr'><strong>vestram,</strong></span> <span class='ocrx_word' id='word_1_160' title='bbox 2356 768 2655 837; x_wconf 86' lang='lat' dir='ltr'><strong>ambiguum</strong></span> <span class='ocrx_word' id='word_1_161' title='bbox 2677 768 2800 820; x_wconf 88' lang='lat' dir='ltr'><strong>mihi</strong></span> <span class='ocrx_word' id='word_1_162' title='bbox 2820 777 2893 819; x_wconf 89' lang='lat' dir='ltr'><strong>est</strong></span> <span class='ocrx_word' id='word_1_163' title='bbox 2914 784 2925 818; x_wconf 91' lang='lat'><strong>:</strong></span> <span class='ocrx_word' id='word_1_164' title='bbox 2943 767 3079 833; x_wconf 89' lang='lat' dir='ltr'><strong>quod</strong></span> <span class='ocrx_word' id='word_1_165' title='bbox 3101 780 3192 817; x_wconf 91' lang='lat' dir='ltr'><strong>vos</strong></span> <span class='ocrx_word' id='word_1_166' title='bbox 3207 782 3287 817; x_wconf 87' lang='lat' dir='ltr'><strong>nte</strong></span> <span class='ocrx_word' id='word_1_167' title='bbox 3312 775 3429 819; x_wconf 89' lang='lat' dir='ltr'><strong>ten-</strong></span> 
     </span>
    </p>
   </div>
   <div class='ocr_carea' id='block_1_23' title="bbox 1871 854 3427 927">
    <p class='ocr_par' dir='ltr' id='par_1_23' title="bbox 1871 854 3427 927">
     <span class='ocr_line' id='line_1_23' title="bbox 1871 854 3427 927; baseline -0.001 -16"><span class='ocrx_word' id='word_1_168' title='bbox 1871 860 2008 922; x_wconf 88' lang='lat' dir='ltr'><strong>tatis,</strong></span> <span class='ocrx_word' id='word_1_169' title='bbox 2028 873 2093 910; x_wconf 91' lang='lat' dir='ltr'><strong>an</strong></span> <span class='ocrx_word' id='word_1_170' title='bbox 2124 859 2262 927; x_wconf 90' lang='lat' dir='ltr'><strong>quod</strong></span> <span class='ocrx_word' id='word_1_171' title='bbox 2291 872 2387 927; x_wconf 85' lang='lat' dir='ltr'><strong>ego</strong></span> <span class='ocrx_word' id='word_1_172' title='bbox 2417 859 2539 909; x_wconf 77' lang='lat' dir='ltr'><strong>vos?</strong></span> <span class='ocrx_word' id='word_1_173' title='bbox 2568 857 2715 924; x_wconf 87' lang='lat' dir='ltr'><strong>Quod</strong></span> <span class='ocrx_word' id='word_1_174' title='bbox 2748 871 2839 910; x_wconf 87' lang='lat' dir='ltr'><strong>vos</strong></span> <span class='ocrx_word' id='word_1_175' title='bbox 2868 872 2951 909; x_wconf 90' lang='lat' dir='ltr'><strong>me</strong></span> <span class='ocrx_word' id='word_1_176' title='bbox 2976 854 3220 918; x_wconf 87' lang='lat' dir='ltr'><strong>tentatis,</strong></span> <span class='ocrx_word' id='word_1_177' title='bbox 3252 854 3427 909; x_wconf 88' lang='lat' dir='ltr'><strong>nullus</strong></span> 
     </span>
    </p>
   </div>
   <div class='ocr_carea' id='block_1_24' title="bbox 1870 945 3426 1014">
    <p class='ocr_par' dir='ltr' id='par_1_24' title="bbox 1870 945 3426 1014">
     <span class='ocr_line' id='line_1_24' title="bbox 1870 945 3426 1014; baseline -0.003 -11"><span class='ocrx_word' id='word_1_178' title='bbox 1870 960 1951 1003; x_wconf 88' lang='lat' dir='ltr'><strong>est</strong></span> <span class='ocrx_word' id='word_1_179' title='bbox 1970 963 2186 1013; x_wconf 89' lang='lat' dir='ltr'><strong>sensus;</strong></span> <span class='ocrx_word' id='word_1_180' title='bbox 2212 963 2312 1003; x_wconf 90' lang='lat' dir='ltr'><strong>non</strong></span> <span class='ocrx_word' id='word_1_181' title='bbox 2340 949 2479 1002; x_wconf 90' lang='lat' dir='ltr'><strong>enim</strong></span> <span class='ocrx_word' id='word_1_182' title='bbox 2513 956 2846 1002; x_wconf 83' lang='lat' dir='ltr'><strong>tentaverunt</strong></span> <span class='ocrx_word' id='word_1_183' title='bbox 2876 948 3023 1001; x_wconf 86' lang='lat' dir='ltr'><strong>illum</strong></span> <span class='ocrx_word' id='word_1_184' title='bbox 3042 946 3161 1014; x_wconf 87' lang='lat' dir='ltr'><strong>ipsi.</strong></span> <span class='ocrx_word' id='word_1_185' title='bbox 3183 945 3285 1002; x_wconf 90' lang='lat' dir='ltr'><strong>Sed</strong></span> <span class='ocrx_word' id='word_1_186' title='bbox 3306 962 3426 1000; x_wconf 86' lang='lat' dir='ltr'><strong>rur-</strong></span> 
     </span>
    </p>
   </div>
   <div class='ocr_carea' id='block_1_25' title="bbox 1871 1037 3431 1108">
    <p class='ocr_par' dir='ltr' id='par_1_25' title="bbox 1871 1037 3431 1108">
     <span class='ocr_line' id='line_1_25' title="bbox 1871 1037 3431 1108; baseline 0.001 -17"><span class='ocrx_word' id='word_1_187' title='bbox 1871 1053 1959 1093; x_wconf 90' lang='lat' dir='ltr'><strong>sus</strong></span> <span class='ocrx_word' id='word_1_188' title='bbox 1991 1039 2238 1108; x_wconf 88' lang='lat' dir='ltr'><strong>numquid</strong></span> <span class='ocrx_word' id='word_1_189' title='bbox 2266 1039 2455 1095; x_wconf 77' lang='lat' dir='ltr'><strong>Paulus</strong></span> <span class='ocrx_word' id='word_1_190' title='bbox 2498 1040 2609 1107; x_wconf 88' lang='lat' dir='ltr'><strong>ipse</strong></span> <span class='ocrx_word' id='word_1_191' title='bbox 2636 1040 2855 1093; x_wconf 89' lang='lat' dir='ltr'><strong>tentavit</strong></span> <span class='ocrx_word' id='word_1_192' title='bbox 2877 1040 3012 1100; x_wconf 83' lang='lat' dir='ltr'><strong>illus,</strong></span> <span class='ocrx_word' id='word_1_193' title='bbox 3041 1038 3127 1107; x_wconf 91' lang='lat' dir='ltr'><strong>qui</strong></span> <span class='ocrx_word' id='word_1_194' title='bbox 3152 1052 3331 1091; x_wconf 89' lang='lat' dir='ltr'><strong>verum</strong></span> <span class='ocrx_word' id='word_1_195' title='bbox 3354 1037 3431 1092; x_wconf 87' lang='lat' dir='ltr'><strong>tli-</strong></span> 
     </span>
    </p>
   </div>
   <div class='ocr_carea' id='block_1_26' title="bbox 1870 1128 3427 1201">
    <p class='ocr_par' dir='ltr' id='par_1_26' title="bbox 1870 1128 3427 1201">
     <span class='ocr_line' id='line_1_26' title="bbox 1870 1128 3427 1201; baseline -0.003 -15"><span class='ocrx_word' id='word_1_196' title='bbox 1870 1132 2041 1193; x_wconf 82' lang='lat' dir='ltr'><strong>cebat.</strong></span> <span class='ocrx_word' id='word_1_197' title='bbox 2074 1140 2124 1185; x_wconf 91' lang='lat' dir='ltr'><strong>et</strong></span> <span class='ocrx_word' id='word_1_198' title='bbox 2151 1128 2819 1201; x_wconf 83' lang='lat' dir='ltr'><strong>evangelizabatChristum</strong></span> <span class='ocrx_word' id='word_1_199' title='bbox 2842 1130 2865 1181; x_wconf 71' lang='lat' dir='ltr'><strong>t</strong></span> <span class='ocrx_word' id='word_1_200' title='bbox 2891 1129 3252 1198; x_wconf 81' lang='lat' dir='ltr'><strong>evangelizare</strong></span> <span class='ocrx_word' id='word_1_201' title='bbox 3288 1128 3427 1181; x_wconf 88' lang='lat' dir='ltr'><strong>enim</strong></span> 
     </span>
    </p>
   </div>
   <div class='ocr_carea' id='block_1_27' title="bbox 1872 1220 3431 1291">
    <p class='ocr_par' dir='ltr' id='par_1_27' title="bbox 1872 1220 3431 1291">
     <span class='ocr_line' id='line_1_27' title="bbox 1872 1220 3431 1291; baseline -0.002 -16"><span class='ocrx_word' id='word_1_202' title='bbox 1872 1234 1975 1275; x_wconf 87' lang='lat' dir='ltr'><strong>non</strong></span> <span class='ocrx_word' id='word_1_203' title='bbox 2005 1231 2083 1277; x_wconf 79' lang='lat' dir='ltr'><strong>est</strong></span> <span class='ocrx_word' id='word_1_204' title='bbox 2112 1223 2478 1289; x_wconf 79' lang='lat' dir='ltr'><strong>tentare.Quid</strong></span> <span class='ocrx_word' id='word_1_205' title='bbox 2510 1223 2815 1291; x_wconf 82' lang='lat' dir='ltr'><strong>igitur,cum</strong></span> <span class='ocrx_word' id='word_1_206' title='bbox 2838 1223 3048 1277; x_wconf 90' lang='lat' dir='ltr'><strong>tertium</strong></span> <span class='ocrx_word' id='word_1_207' title='bbox 3069 1220 3195 1275; x_wconf 87' lang='lat' dir='ltr'><strong>nihil</strong></span> <span class='ocrx_word' id='word_1_208' title='bbox 3223 1220 3324 1273; x_wconf 87' lang='lat' dir='ltr'><strong>sit?</strong></span> <span class='ocrx_word' id='word_1_209' title='bbox 3355 1223 3431 1273; x_wconf 65' lang='lat' dir='ltr'><strong>an</strong></span> 
     </span>
    </p>
   </div>
   <div class='ocr_carea' id='block_1_28' title="bbox 1872 1310 3430 1384">
    <p class='ocr_par' dir='ltr' id='par_1_28' title="bbox 1872 1310 3430 1384">
     <span class='ocr_line' id='line_1_28' title="bbox 1872 1310 3430 1384; baseline -0.003 -17"><span class='ocrx_word' id='word_1_210' title='bbox 1872 1314 2243 1383; x_wconf 80' lang='lat' dir='ltr'><strong>intelligimus.</strong></span> <span class='ocrx_word' id='word_1_211' title='bbox 2276 1313 2415 1384; x_wconf 90' lang='lat' dir='ltr'><strong>quod</strong></span> <span class='ocrx_word' id='word_1_212' title='bbox 2462 1328 2577 1367; x_wconf 90' lang='lat' dir='ltr'><strong>cum</strong></span> <span class='ocrx_word' id='word_1_213' title='bbox 2610 1313 2673 1367; x_wconf 87' lang='lat' dir='ltr'><strong>ad</strong></span> <span class='ocrx_word' id='word_1_214' title='bbox 2702 1313 2913 1368; x_wconf 85' lang='lat' dir='ltr'><strong>Galatas</strong></span> <span class='ocrx_word' id='word_1_215' title='bbox 2943 1314 3173 1366; x_wconf 79' lang='lat' dir='ltr'><strong>venisset</strong></span> <span class='ocrx_word' id='word_1_216' title='bbox 3200 1310 3392 1365; x_wconf 82' lang='lat' dir='ltr'><strong>Paulus</strong></span> <span class='ocrx_word' id='word_1_217' title='bbox 3415 1351 3430 1375; x_wconf 90' lang='lat'><strong>,</strong></span> 
     </span>
    </p>
   </div>
   <div class='ocr_carea' id='block_1_29' title="bbox 1871 1402 3428 1474">
    <p class='ocr_par' dir='ltr' id='par_1_29' title="bbox 1871 1402 3428 1474">
     <span class='ocr_line' id='line_1_29' title="bbox 1871 1402 3428 1474; baseline -0.001 -19"><span class='ocrx_word' id='word_1_218' title='bbox 1871 1403 2010 1474; x_wconf 88' lang='lat' dir='ltr'><strong>quod</strong></span> <span class='ocrx_word' id='word_1_219' title='bbox 2038 1404 2109 1457; x_wconf 86' lang='lat' dir='ltr'><strong>illi</strong></span> <span class='ocrx_word' id='word_1_220' title='bbox 2139 1420 2258 1458; x_wconf 90' lang='lat' dir='ltr'><strong>eum</strong></span> <span class='ocrx_word' id='word_1_221' title='bbox 2285 1412 2487 1458; x_wconf 89' lang='lat' dir='ltr'><strong>tentare</strong></span> <span class='ocrx_word' id='word_1_222' title='bbox 2527 1402 2833 1465; x_wconf 85' lang='lat' dir='ltr'><strong>voluerunt,</strong></span> <span class='ocrx_word' id='word_1_223' title='bbox 2867 1402 2915 1456; x_wconf 92' lang='lat' dir='ltr'><strong>id</strong></span> <span class='ocrx_word' id='word_1_224' title='bbox 2939 1412 3017 1456; x_wconf 85' lang='lat' dir='ltr'><strong>est</strong></span> <span class='ocrx_word' id='word_1_225' title='bbox 3060 1402 3389 1470; x_wconf 73' lang='lat' dir='ltr'><strong>interrogare</strong></span> <span class='ocrx_word' id='word_1_226' title='bbox 3412 1442 3428 1465; x_wconf 96' lang='lat'><strong>,</strong></span> 
     </span>
    </p>
   </div>
   <div class='ocr_carea' id='block_1_30' title="bbox 1873 1491 3433 1563">
    <p class='ocr_par' dir='ltr' id='par_1_30' title="bbox 1873 1491 3433 1563">
     <span class='ocr_line' id='line_1_30' title="bbox 1873 1491 3433 1563; baseline -0.001 -16"><span class='ocrx_word' id='word_1_227' title='bbox 1873 1503 1926 1548; x_wconf 90' lang='lat' dir='ltr'><strong>et</strong></span> <span class='ocrx_word' id='word_1_228' title='bbox 1952 1493 2018 1549; x_wconf 85' lang='lat' dir='ltr'><strong>de</strong></span> <span class='ocrx_word' id='word_1_229' title='bbox 2047 1494 2256 1548; x_wconf 84' lang='lat' dir='ltr'><strong>Christo</strong></span> <span class='ocrx_word' id='word_1_230' title='bbox 2278 1494 2471 1563; x_wconf 90' lang='lat' dir='ltr'><strong>aliquid</strong></span> <span class='ocrx_word' id='word_1_231' title='bbox 2504 1493 2791 1562; x_wconf 87' lang='lat' dir='ltr'><strong>inquirere,</strong></span> <span class='ocrx_word' id='word_1_232' title='bbox 2825 1509 2890 1546; x_wconf 90' lang='lat' dir='ltr'><strong>an</strong></span> <span class='ocrx_word' id='word_1_233' title='bbox 2915 1493 3075 1547; x_wconf 87' lang='lat' dir='ltr'><strong>sciret</strong></span> <span class='ocrx_word' id='word_1_234' title='bbox 3105 1511 3117 1546; x_wconf 91' lang='lat'><strong>:</strong></span> <span class='ocrx_word' id='word_1_235' title='bbox 3148 1492 3286 1561; x_wconf 90' lang='lat' dir='ltr'><strong>quod</strong></span> <span class='ocrx_word' id='word_1_236' title='bbox 3316 1491 3433 1559; x_wconf 86' lang='lat' dir='ltr'><strong>qui-</strong></span> 
     </span>
    </p>
   </div>
   <div class='ocr_carea' id='block_1_31' title="bbox 1874 1582 3436 1653">
    <p class='ocr_par' dir='ltr' id='par_1_31' title="bbox 1874 1582 3436 1653">
     <span class='ocr_line' id='line_1_31' title="bbox 1874 1582 3436 1653; baseline -0.004 -15"><span class='ocrx_word' id='word_1_237' title='bbox 1874 1584 1994 1638; x_wconf 91' lang='lat' dir='ltr'><strong>dem</strong></span> <span class='ocrx_word' id='word_1_238' title='bbox 2027 1583 2190 1639; x_wconf 89' lang='lat' dir='ltr'><strong>videri</strong></span> <span class='ocrx_word' id='word_1_239' title='bbox 2218 1592 2421 1653; x_wconf 88' lang='lat' dir='ltr'><strong>poterat</strong></span> <span class='ocrx_word' id='word_1_240' title='bbox 2450 1584 2702 1647; x_wconf 89' lang='lat' dir='ltr'><strong>tentatio;</strong></span> <span class='ocrx_word' id='word_1_241' title='bbox 2728 1582 3122 1637; x_wconf 87' lang='lat' dir='ltr'><strong>cuminﬁrmum</strong></span> <span class='ocrx_word' id='word_1_242' title='bbox 3148 1583 3436 1649; x_wconf 80' lang='lat' dir='ltr'><strong>hominem,</strong></span> 
     </span>
    </p>
   </div>
   <div class='ocr_carea' id='block_1_32' title="bbox 1874 1671 3440 1729">
    <p class='ocr_par' dir='ltr' id='par_1_32' title="bbox 1874 1671 3440 1729">
     <span class='ocr_line' id='line_1_32' title="bbox 1874 1671 3440 1729; baseline -0.003 0"><span class='ocrx_word' id='word_1_243' title='bbox 1874 1685 1926 1729; x_wconf 91' lang='lat' dir='ltr'><strong>et</strong></span> <span class='ocrx_word' id='word_1_244' title='bbox 1954 1676 2002 1728; x_wconf 91' lang='lat' dir='ltr'><strong>in</strong></span> <span class='ocrx_word' id='word_1_245' title='bbox 2035 1691 2193 1729; x_wconf 90' lang='lat' dir='ltr'><strong>carne</strong></span> <span class='ocrx_word' id='word_1_246' title='bbox 2238 1674 2502 1728; x_wconf 88' lang='lat' dir='ltr'><strong>inﬁrmum</strong></span> <span class='ocrx_word' id='word_1_247' title='bbox 2537 1674 2776 1727; x_wconf 87' lang='lat' dir='ltr'><strong>viderent</strong></span> <span class='ocrx_word' id='word_1_248' title='bbox 2808 1674 3005 1727; x_wconf 80' lang='lat' dir='ltr'><strong>Galata:</strong></span> <span class='ocrx_word' id='word_1_249' title='bbox 3035 1672 3254 1726; x_wconf 84' lang='lat' dir='ltr'><strong>Paulum</strong></span> <span class='ocrx_word' id='word_1_250' title='bbox 3288 1689 3299 1725; x_wconf 89' lang='lat'><strong>:</strong></span> <span class='ocrx_word' id='word_1_251' title='bbox 3334 1671 3440 1725; x_wconf 84' lang='lat' dir='ltr'><strong>sei-</strong></span> 
     </span>
    </p>
   </div>
   <div class='ocr_carea' id='block_1_33' title="bbox 200 1763 3435 1839">
    <p class='ocr_par' dir='ltr' id='par_1_33' title="bbox 200 1763 3435 1839">
     <span class='ocr_line' id='line_1_33' title="bbox 200 1763 3435 1839; baseline -0.002 -17"><span class='ocrx_word' id='word_1_252' title='bbox 200 1770 335 1832; x_wconf 79' lang='lat' dir='ltr'><strong>dies,</strong></span> <span class='ocrx_word' id='word_1_253' title='bbox 361 1781 404 1823; x_wconf 87' lang='lat' dir='ltr'><strong>et</strong></span> <span class='ocrx_word' id='word_1_254' title='bbox 430 1786 637 1834; x_wconf 86' lang='lat' dir='ltr'><strong>menses,</strong></span> <span class='ocrx_word' id='word_1_255' title='bbox 669 1779 721 1822; x_wconf 92' lang='lat' dir='ltr'><strong>et</strong></span> <span class='ocrx_word' id='word_1_256' title='bbox 750 1772 872 1823; x_wconf 88' lang='lat' dir='ltr'><strong>anni</strong></span> <span class='ocrx_word' id='word_1_257' title='bbox 928 1769 1330 1839; x_wconf 88' lang='lat' dir='ltr'><strong>interpositum?</strong></span> <span class='ocrx_word' id='word_1_258' title='bbox 1359 1769 1515 1835; x_wconf 88' lang='lat' dir='ltr'><strong>Quasi</strong></span> <span class='ocrx_word' id='word_1_259' title='bbox 1548 1768 1770 1820; x_wconf 76' lang='lat' dir='ltr'><strong>alterum</strong></span> <span class='ocrx_word' id='word_1_260' title='bbox 1802 1775 1846 1833; x_wconf 76' lang='grc' dir='ltr'><strong>Β</strong></span> <span class='ocrx_word' id='word_1_261' title='bbox 1876 1767 1997 1819; x_wconf 90' lang='lat' dir='ltr'><strong>licet</strong></span> <span class='ocrx_word' id='word_1_262' title='bbox 2026 1776 2079 1817; x_wconf 92' lang='lat' dir='ltr'><strong>ut</strong></span> <span class='ocrx_word' id='word_1_263' title='bbox 2110 1780 2229 1817; x_wconf 90' lang='lat' dir='ltr'><strong>cum</strong></span> <span class='ocrx_word' id='word_1_264' title='bbox 2272 1766 2377 1818; x_wconf 90' lang='lat' dir='ltr'><strong>Deo</strong></span> <span class='ocrx_word' id='word_1_265' title='bbox 2402 1765 2595 1818; x_wconf 77' lang='lat' dir='ltr'><strong>serviat</strong></span> <span class='ocrx_word' id='word_1_266' title='bbox 2620 1804 2634 1829; x_wconf 96' lang='lat'><strong>,</strong></span> <span class='ocrx_word' id='word_1_267' title='bbox 2662 1764 2827 1817; x_wconf 88' lang='lat' dir='ltr'><strong>Deum</strong></span> <span class='ocrx_word' id='word_1_268' title='bbox 2882 1763 3131 1831; x_wconf 71' lang='lat' dir='ltr'><strong>praedicet</strong></span> <span class='ocrx_word' id='word_1_269' title='bbox 3152 1804 3166 1828; x_wconf 95' lang='lat'><strong>,</strong></span> <span class='ocrx_word' id='word_1_270' title='bbox 3197 1763 3435 1818; x_wconf 87' lang='lat' dir='ltr'><strong>inﬁrmus</strong></span> 
     </span>
    </p>
   </div>
   <div class='ocr_carea' id='block_1_34' title="bbox 200 1854 1773 1927">
    <p class='ocr_par' dir='ltr' id='par_1_34' title="bbox 200 1854 1773 1927">
     <span class='ocr_line' id='line_1_34' title="bbox 200 1854 1773 1927; baseline -0.003 -15"><span class='ocrx_word' id='word_1_271' title='bbox 200 1854 347 1925; x_wconf 85' lang='lat' dir='ltr'><strong>quod</strong></span> <span class='ocrx_word' id='word_1_272' title='bbox 370 1857 577 1927; x_wconf 90' lang='lat' dir='ltr'><strong>quidem</strong></span> <span class='ocrx_word' id='word_1_273' title='bbox 600 1859 709 1913; x_wconf 90' lang='lat' dir='ltr'><strong>ﬁeri</strong></span> <span class='ocrx_word' id='word_1_274' title='bbox 734 1870 903 1927; x_wconf 87' lang='lat' dir='ltr'><strong>potest</strong></span> <span class='ocrx_word' id='word_1_275' title='bbox 922 1875 936 1913; x_wconf 89' lang='lat'>:</span> <span class='ocrx_word' id='word_1_276' title='bbox 954 1874 1070 1912; x_wconf 90' lang='lat' dir='ltr'><strong>nam</strong></span> <span class='ocrx_word' id='word_1_277' title='bbox 1091 1859 1230 1911; x_wconf 85' lang='lat' dir='ltr'><strong>aliud</strong></span> <span class='ocrx_word' id='word_1_278' title='bbox 1250 1868 1330 1911; x_wconf 89' lang='lat' dir='ltr'><strong>est</strong></span> <span class='ocrx_word' id='word_1_279' title='bbox 1347 1860 1631 1911; x_wconf 86' lang='lat' dir='ltr'><strong>observare</strong></span> <span class='ocrx_word' id='word_1_280' title='bbox 1648 1858 1773 1923; x_wconf 79' lang='lat' dir='ltr'><strong>dies,</strong></span> 
     </span>
    </p>
   </div>
   <div class='ocr_carea' id='block_1_35' title="bbox 200 1947 1777 2017">
    <p class='ocr_par' dir='ltr' id='par_1_35' title="bbox 200 1947 1777 2017">
     <span class='ocr_line' id='line_1_35' title="bbox 200 1947 1777 2017; baseline -0.003 -15"><span class='ocrx_word' id='word_1_281' title='bbox 200 1957 265 2002; x_wconf 91' lang='lat' dir='ltr'><strong>ut</strong></span> <span class='ocrx_word' id='word_1_282' title='bbox 295 1955 377 2002; x_wconf 89' lang='lat' dir='ltr'><strong>est</strong></span> <span class='ocrx_word' id='word_1_283' title='bbox 401 1958 455 2001; x_wconf 89' lang='lat' dir='ltr'><strong>ut</strong></span> <span class='ocrx_word' id='word_1_284' title='bbox 481 1948 698 2001; x_wconf 87' lang='lat' dir='ltr'><strong>sabbato</strong></span> <span class='ocrx_word' id='word_1_285' title='bbox 724 1947 1014 2017; x_wconf 89' lang='lat' dir='ltr'><strong>requiescat</strong></span> <span class='ocrx_word' id='word_1_286' title='bbox 1039 1947 1208 2001; x_wconf 90' lang='lat' dir='ltr'><strong>:aliud</strong></span> <span class='ocrx_word' id='word_1_287' title='bbox 1230 1957 1311 2001; x_wconf 89' lang='lat' dir='ltr'><strong>est</strong></span> <span class='ocrx_word' id='word_1_288' title='bbox 1330 1949 1610 2000; x_wconf 88' lang='lat' dir='ltr'><strong>observare</strong></span> <span class='ocrx_word' id='word_1_289' title='bbox 1637 1963 1745 1999; x_wconf 80' lang='lat' dir='ltr'><strong>men</strong></span> <span class='ocrx_word' id='word_1_290' title='bbox 1762 1974 1777 1985; x_wconf 88' lang='lat'><strong>-</strong></span> 
     </span>
    </p>
   </div>
   <div class='ocr_carea' id='block_1_36' title="bbox 202 2035 1776 2103">
    <p class='ocr_par' dir='ltr' id='par_1_36' title="bbox 202 2035 1776 2103">
     <span class='ocr_line' id='line_1_36' title="bbox 202 2035 1776 2103; baseline -0.003 -11"><span class='ocrx_word' id='word_1_291' title='bbox 202 2054 284 2094; x_wconf 79' lang='lat' dir='ltr'><strong>ses</strong></span> <span class='ocrx_word' id='word_1_292' title='bbox 309 2082 322 2103; x_wconf 92' lang='lat'><strong>,</strong></span> <span class='ocrx_word' id='word_1_293' title='bbox 355 2046 412 2092; x_wconf 85' lang='lat' dir='ltr'><strong>ut</strong></span> <span class='ocrx_word' id='word_1_294' title='bbox 456 2048 536 2093; x_wconf 89' lang='lat' dir='ltr'><strong>est</strong></span> <span class='ocrx_word' id='word_1_295' title='bbox 560 2046 615 2091; x_wconf 89' lang='lat' dir='ltr'><strong>ut</strong></span> <span class='ocrx_word' id='word_1_296' title='bbox 643 2040 915 2092; x_wconf 88' lang='lat' dir='ltr'><strong>neomeuia</strong></span> <span class='ocrx_word' id='word_1_297' title='bbox 945 2038 1207 2103; x_wconf 73' lang='lat' dir='ltr'><strong>observet,</strong></span> <span class='ocrx_word' id='word_1_298' title='bbox 1238 2052 1355 2089; x_wconf 92' lang='lat' dir='ltr'><strong>cum</strong></span> <span class='ocrx_word' id='word_1_299' title='bbox 1390 2037 1499 2088; x_wconf 85' lang='lat' dir='ltr'><strong>linit</strong></span> <span class='ocrx_word' id='word_1_300' title='bbox 1546 2036 1666 2088; x_wconf 90' lang='lat' dir='ltr'><strong>luna</strong></span> <span class='ocrx_word' id='word_1_301' title='bbox 1699 2035 1776 2088; x_wconf 85' lang='lat' dir='ltr'><strong>vel</strong></span> 
     </span>
    </p>
   </div>
   <div class='ocr_carea' id='block_1_37' title="bbox 203 2127 1778 2198">
    <p class='ocr_par' dir='ltr' id='par_1_37' title="bbox 203 2127 1778 2198">
     <span class='ocr_line' id='line_1_37' title="bbox 203 2127 1778 2198; baseline -0.004 -14"><span class='ocrx_word' id='word_1_302' title='bbox 203 2127 396 2198; x_wconf 86' lang='lat' dir='ltr'><strong>incipit</strong></span> <span class='ocrx_word' id='word_1_303' title='bbox 421 2171 434 2193; x_wconf 97' lang='lat'><strong>,</strong></span> <span class='ocrx_word' id='word_1_304' title='bbox 467 2129 606 2182; x_wconf 81' lang='lat' dir='ltr'><strong>aliud</strong></span> <span class='ocrx_word' id='word_1_305' title='bbox 634 2140 715 2185; x_wconf 88' lang='lat' dir='ltr'><strong>est</strong></span> <span class='ocrx_word' id='word_1_306' title='bbox 738 2128 1020 2183; x_wconf 86' lang='lat' dir='ltr'><strong>observare</strong></span> <span class='ocrx_word' id='word_1_307' title='bbox 1067 2144 1223 2181; x_wconf 83' lang='lat' dir='ltr'><strong>annos</strong></span> <span class='ocrx_word' id='word_1_308' title='bbox 1252 2144 1269 2180; x_wconf 92' lang='lat'><strong><em>:</em></strong></span> <span class='ocrx_word' id='word_1_309' title='bbox 1298 2127 1437 2180; x_wconf 85' lang='lat' dir='ltr'><strong>aliud</strong></span> <span class='ocrx_word' id='word_1_310' title='bbox 1480 2141 1604 2179; x_wconf 88' lang='lat' dir='ltr'><strong>vero</strong></span> <span class='ocrx_word' id='word_1_311' title='bbox 1650 2137 1778 2179; x_wconf 85' lang='lat' dir='ltr'><strong>tem-</strong></span> 
     </span>
    </p>
   </div>
   <div class='ocr_carea' id='block_1_38' title="bbox 207 2214 1779 2289">
    <p class='ocr_par' dir='ltr' id='par_1_38' title="bbox 207 2214 1779 2289">
     <span class='ocr_line' id='line_1_38' title="bbox 207 2214 1779 2289; baseline -0.002 -17"><span class='ocrx_word' id='word_1_312' title='bbox 207 2234 337 2289; x_wconf 85' lang='lat' dir='ltr'><strong>pora</strong></span> <span class='ocrx_word' id='word_1_313' title='bbox 370 2219 472 2289; x_wconf 70' lang='grc'><strong>(4),</strong></span> <span class='ocrx_word' id='word_1_314' title='bbox 504 2230 561 2272; x_wconf 87' lang='grc' dir='ltr'><strong>ιιι</strong></span> <span class='ocrx_word' id='word_1_315' title='bbox 586 2218 865 2287; x_wconf 79' lang='lat' dir='ltr'><strong>jejunimn,</strong></span> <span class='ocrx_word' id='word_1_316' title='bbox 897 2219 1109 2285; x_wconf 87' lang='lat' dir='ltr'><strong>pascha,</strong></span> <span class='ocrx_word' id='word_1_317' title='bbox 1138 2231 1350 2286; x_wconf 82' lang='lat' dir='ltr'><strong>azyma,</strong></span> <span class='ocrx_word' id='word_1_318' title='bbox 1380 2226 1432 2269; x_wconf 89' lang='lat' dir='ltr'><strong>et</strong></span> <span class='ocrx_word' id='word_1_319' title='bbox 1452 2226 1644 2269; x_wconf 65' lang='lat' dir='ltr'><strong>caatera</strong></span> <span class='ocrx_word' id='word_1_320' title='bbox 1682 2214 1779 2269; x_wconf 90' lang='lat' dir='ltr'><strong>hu-</strong></span> 
     </span>
    </p>
   </div>
   <div class='ocr_carea' id='block_1_39' title="bbox 201 2306 1779 2380">
    <p class='ocr_par' dir='ltr' id='par_1_39' title="bbox 201 2306 1779 2380">
     <span class='ocr_line' id='line_1_39' title="bbox 201 2306 1779 2380; baseline -0.001 -17"><span class='ocrx_word' id='word_1_321' title='bbox 201 2311 438 2380; x_wconf 72' lang='lat' dir='ltr'><strong>iusmodi</strong></span> <span class='ocrx_word' id='word_1_322' title='bbox 490 2326 607 2379; x_wconf 70' lang='lat' dir='ltr'><strong>qua:</strong></span> <span class='ocrx_word' id='word_1_323' title='bbox 660 2309 796 2379; x_wconf 90' lang='lat' dir='ltr'><strong>apud</strong></span> <span class='ocrx_word' id='word_1_324' title='bbox 843 2309 1053 2363; x_wconf 79' lang='lat' dir='ltr'><strong>Judznos</strong></span> <span class='ocrx_word' id='word_1_325' title='bbox 1106 2309 1267 2361; x_wconf 90' lang='lat' dir='ltr'><strong>multa</strong></span> <span class='ocrx_word' id='word_1_326' title='bbox 1298 2316 1437 2360; x_wconf 89' lang='lat' dir='ltr'><strong>sunt.</strong></span> <span class='ocrx_word' id='word_1_327' title='bbox 1486 2306 1599 2361; x_wconf 88' lang='lat' dir='ltr'><strong>Non</strong></span> <span class='ocrx_word' id='word_1_328' title='bbox 1639 2309 1779 2361; x_wconf 88' lang='lat' dir='ltr'><strong>enim</strong></span> 
     </span>
    </p>
   </div>
   <div class='ocr_carea' id='block_1_40' title="bbox 205 2400 1750 2473">
    <p class='ocr_par' dir='ltr' id='par_1_40' title="bbox 205 2400 1750 2473">
     <span class='ocr_line' id='line_1_40' title="bbox 205 2400 1750 2473; baseline -0.005 -15"><span class='ocrx_word' id='word_1_329' title='bbox 205 2413 301 2458; x_wconf 78' lang='lat' dir='ltr'><strong>aut</strong></span> <span class='ocrx_word' id='word_1_330' title='bbox 329 2402 406 2473; x_wconf 80' lang='grc'><strong>(5)</strong></span> <span class='ocrx_word' id='word_1_331' title='bbox 437 2402 557 2454; x_wconf 89' lang='lat' dir='ltr'><strong>anni</strong></span> <span class='ocrx_word' id='word_1_332' title='bbox 584 2411 702 2455; x_wconf 92' lang='lat' dir='ltr'><strong>sunt</strong></span> <span class='ocrx_word' id='word_1_333' title='bbox 734 2411 823 2453; x_wconf 90' lang='lat' dir='ltr'><strong>aut</strong></span> <span class='ocrx_word' id='word_1_334' title='bbox 850 2414 1058 2454; x_wconf 85' lang='lat' dir='ltr'><strong>menses</strong></span> <span class='ocrx_word' id='word_1_335' title='bbox 1096 2410 1184 2453; x_wconf 86' lang='lat' dir='ltr'><strong>aut</strong></span> <span class='ocrx_word' id='word_1_336' title='bbox 1209 2400 1345 2463; x_wconf 91' lang='lat' dir='ltr'><strong>dies,</strong></span> <span class='ocrx_word' id='word_1_337' title='bbox 1376 2400 1465 2453; x_wconf 91' lang='lat' dir='ltr'><strong>sed</strong></span> <span class='ocrx_word' id='word_1_338' title='bbox 1496 2409 1750 2468; x_wconf 89' lang='lat' dir='ltr'><strong>tempora.</strong></span> 
     </span>
    </p>
   </div>
   <div class='ocr_carea' id='block_1_41' title="bbox 288 2490 1779 2559">
    <p class='ocr_par' dir='ltr' id='par_1_41' title="bbox 288 2490 1779 2559">
     <span class='ocr_line' id='line_1_41' title="bbox 288 2490 1779 2559; baseline -0.003 -14"><span class='ocrx_word' id='word_1_339' title='bbox 288 2494 446 2547; x_wconf 75' lang='lat' dir='ltr'><strong>Vens.</strong></span> <span class='ocrx_word' id='word_1_340' title='bbox 467 2493 552 2547; x_wconf 84' lang='grc'><strong>11.</strong></span> <span class='ocrx_word' id='word_1_341' title='bbox 581 2522 650 2533; x_wconf 90' lang='lat'><strong>-—-</strong></span> <span class='ocrx_word' id='word_1_342' title='bbox 676 2491 849 2546; x_wconf 86' lang='lat' dir='ltr'><strong>Timeo</strong></span> <span class='ocrx_word' id='word_1_343' title='bbox 878 2508 961 2544; x_wconf 84' lang='lat' dir='ltr'><strong>vos</strong></span> <span class='ocrx_word' id='word_1_344' title='bbox 991 2509 1049 2545; x_wconf 86' lang='lat' dir='ltr'><strong>ne</strong></span> <span class='ocrx_word' id='word_1_345' title='bbox 1073 2491 1200 2559; x_wconf 78' lang='lat' dir='ltr'><strong>forte</strong></span> <span class='ocrx_word' id='word_1_346' title='bbox 1226 2492 1330 2543; x_wconf 83' lang='lat' dir='ltr'><strong>sine</strong></span> <span class='ocrx_word' id='word_1_347' title='bbox 1350 2508 1497 2544; x_wconf 82' lang='lat' dir='ltr'><strong>causa</strong></span> <span class='ocrx_word' id='word_1_348' title='bbox 1527 2490 1779 2543; x_wconf 82' lang='lat' dir='ltr'><strong>laborare-</strong></span> 
     </span>
    </p>
   </div>
   <div class='ocr_carea' id='block_1_42' title="bbox 208 2581 1782 2637">
    <p class='ocr_par' dir='ltr' id='par_1_42' title="bbox 208 2581 1782 2637">
     <span class='ocr_line' id='line_1_42' title="bbox 208 2581 1782 2637; baseline -0.003 0"><span class='ocrx_word' id='word_1_349' title='bbox 208 2585 307 2637; x_wconf 85' lang='lat' dir='ltr'><strong>rim</strong></span> <span class='ocrx_word' id='word_1_350' title='bbox 347 2585 400 2637; x_wconf 84' lang='lat' dir='ltr'><strong>in</strong></span> <span class='ocrx_word' id='word_1_351' title='bbox 430 2584 587 2637; x_wconf 78' lang='lat' dir='ltr'><strong>vobis.</strong></span> <span class='ocrx_word' id='word_1_352' title='bbox 620 2582 671 2637; x_wconf 89' lang='lat' dir='ltr'><strong>Id</strong></span> <span class='ocrx_word' id='word_1_353' title='bbox 699 2594 778 2637; x_wconf 86' lang='lat' dir='ltr'><strong>est</strong></span> <span class='ocrx_word' id='word_1_354' title='bbox 830 2584 1048 2636; x_wconf 87' lang='lat' dir='ltr'><strong>multum</strong></span> <span class='ocrx_word' id='word_1_355' title='bbox 1100 2592 1276 2635; x_wconf 91' lang='lat' dir='ltr'><strong>metuo</strong></span> <span class='ocrx_word' id='word_1_356' title='bbox 1320 2596 1384 2635; x_wconf 89' lang='lat' dir='ltr'><strong>ne</strong></span> <span class='ocrx_word' id='word_1_357' title='bbox 1415 2581 1562 2634; x_wconf 87' lang='lat' dir='ltr'><strong>labor</strong></span> <span class='ocrx_word' id='word_1_358' title='bbox 1608 2581 1782 2634; x_wconf 88' lang='lat' dir='ltr'><strong>omnis</strong></span> 
     </span>
    </p>
   </div>
   <div class='ocr_carea' id='block_1_43' title="bbox 215 2670 1778 2742">
    <p class='ocr_par' dir='ltr' id='par_1_43' title="bbox 215 2670 1778 2742">
     <span class='ocr_line' id='line_1_43' title="bbox 215 2670 1778 2742; baseline -0.004 -13"><span class='ocrx_word' id='word_1_359' title='bbox 215 2690 371 2729; x_wconf 88' lang='lat' dir='ltr'><strong>meus</strong></span> <span class='ocrx_word' id='word_1_360' title='bbox 404 2678 455 2727; x_wconf 90' lang='lat' dir='ltr'><strong>in</strong></span> <span class='ocrx_word' id='word_1_361' title='bbox 485 2675 755 2741; x_wconf 83' lang='lat' dir='ltr'><strong>evangelio</strong></span> <span class='ocrx_word' id='word_1_362' title='bbox 784 2688 887 2742; x_wconf 92' lang='lat' dir='ltr'><strong>quo</strong></span> <span class='ocrx_word' id='word_1_363' title='bbox 918 2670 1139 2726; x_wconf 82' lang='lat' dir='ltr'><strong>instruxi</strong></span> <span class='ocrx_word' id='word_1_364' title='bbox 1194 2685 1316 2734; x_wconf 85' lang='lat' dir='ltr'><strong>vos,</strong></span> <span class='ocrx_word' id='word_1_365' title='bbox 1350 2682 1403 2723; x_wconf 92' lang='lat' dir='ltr'><strong>ut</strong></span> <span class='ocrx_word' id='word_1_366' title='bbox 1435 2672 1485 2724; x_wconf 94' lang='lat' dir='ltr'><strong>in</strong></span> <span class='ocrx_word' id='word_1_367' title='bbox 1514 2671 1778 2724; x_wconf 81' lang='lat' dir='ltr'><strong>Christum</strong></span> 
     </span>
    </p>
   </div>
   <div class='ocr_carea' id='block_1_44' title="bbox 210 2762 1784 2833">
    <p class='ocr_par' dir='ltr' id='par_1_44' title="bbox 210 2762 1784 2833">
     <span class='ocr_line' id='line_1_44' title="bbox 210 2762 1784 2833; baseline -0.003 -13"><span class='ocrx_word' id='word_1_368' title='bbox 210 2766 373 2820; x_wconf 87' lang='lat' dir='ltr'><strong>ﬁdem</strong></span> <span class='ocrx_word' id='word_1_369' title='bbox 408 2766 682 2829; x_wconf 83' lang='lat' dir='ltr'><strong>habeatis;</strong></span> <span class='ocrx_word' id='word_1_370' title='bbox 716 2781 779 2818; x_wconf 91' lang='lat' dir='ltr'><strong>ne</strong></span> <span class='ocrx_word' id='word_1_371' title='bbox 806 2764 911 2828; x_wconf 87' lang='lat' dir='ltr'><strong>hic,</strong></span> <span class='ocrx_word' id='word_1_372' title='bbox 944 2765 1129 2833; x_wconf 90' lang='lat' dir='ltr'><strong>inquit,</strong></span> <span class='ocrx_word' id='word_1_373' title='bbox 1158 2764 1305 2817; x_wconf 83' lang='lat' dir='ltr'><strong>labor</strong></span> <span class='ocrx_word' id='word_1_374' title='bbox 1346 2764 1395 2815; x_wconf 92' lang='lat' dir='ltr'><strong>in</strong></span> <span class='ocrx_word' id='word_1_375' title='bbox 1445 2762 1650 2815; x_wconf 90' lang='lat' dir='ltr'><strong>irritum</strong></span> <span class='ocrx_word' id='word_1_376' title='bbox 1696 2776 1784 2815; x_wconf 85' lang='lat' dir='ltr'><strong>ve-</strong></span> 
     </span>
    </p>
   </div>
   <div class='ocr_carea' id='block_1_45' title="bbox 211 2851 1780 2923">
    <p class='ocr_par' dir='ltr' id='par_1_45' title="bbox 211 2851 1780 2923">
     <span class='ocr_line' id='line_1_45' title="bbox 211 2851 1780 2923; baseline -0.003 -13"><span class='ocrx_word' id='word_1_377' title='bbox 211 2860 346 2911; x_wconf 88' lang='lat' dir='ltr'><strong>niat.</strong></span> <span class='ocrx_word' id='word_1_378' title='bbox 382 2856 597 2910; x_wconf 86' lang='lat' dir='ltr'><strong>Frustra</strong></span> <span class='ocrx_word' id='word_1_379' title='bbox 633 2858 770 2909; x_wconf 90' lang='lat' dir='ltr'><strong>enim</strong></span> <span class='ocrx_word' id='word_1_380' title='bbox 800 2856 899 2908; x_wconf 89' lang='lat' dir='ltr'><strong>erit</strong></span> <span class='ocrx_word' id='word_1_381' title='bbox 926 2855 1065 2923; x_wconf 88' lang='lat' dir='ltr'><strong>quod</strong></span> <span class='ocrx_word' id='word_1_382' title='bbox 1097 2870 1185 2906; x_wconf 88' lang='lat' dir='ltr'><strong>vos</strong></span> <span class='ocrx_word' id='word_1_383' title='bbox 1214 2853 1391 2917; x_wconf 88' lang='lat' dir='ltr'><strong>docui,</strong></span> <span class='ocrx_word' id='word_1_384' title='bbox 1422 2867 1539 2905; x_wconf 91' lang='lat' dir='ltr'><strong>cum</strong></span> <span class='ocrx_word' id='word_1_385' title='bbox 1570 2851 1780 2905; x_wconf 72' lang='grc' dir='ltr'><strong>,1υάωο-</strong></span> 
     </span>
    </p>
   </div>
   <div class='ocr_carea' id='block_1_46' title="bbox 214 2943 1779 3013">
    <p class='ocr_par' dir='ltr' id='par_1_46' title="bbox 214 2943 1779 3013">
     <span class='ocr_line' id='line_1_46' title="bbox 214 2943 1779 3013; baseline -0.005 -10"><span class='ocrx_word' id='word_1_386' title='bbox 214 2964 331 3003; x_wconf 88' lang='lat' dir='ltr'><strong>rum</strong></span> <span class='ocrx_word' id='word_1_387' title='bbox 362 2961 574 3001; x_wconf 85' lang='lat' dir='ltr'><strong>servare</strong></span> <span class='ocrx_word' id='word_1_388' title='bbox 601 2945 931 3013; x_wconf 90' lang='lat' dir='ltr'><strong>disciplinam</strong></span> <span class='ocrx_word' id='word_1_389' title='bbox 962 2952 1016 2999; x_wconf 90' lang='lat' dir='ltr'><strong>et</strong></span> <span class='ocrx_word' id='word_1_390' title='bbox 1052 2945 1448 2998; x_wconf 80' lang='lat' dir='ltr'><strong>observationes</strong></span> <span class='ocrx_word' id='word_1_391' title='bbox 1494 2943 1779 3010; x_wconf 61' lang='lat' dir='ltr'><strong>casperitis.</strong></span> 
     </span>
    </p>
   </div>
   <div class='ocr_carea' id='block_1_47' title="bbox 288 3034 1785 3105">
    <p class='ocr_par' dir='ltr' id='par_1_47' title="bbox 288 3034 1785 3105">
     <span class='ocr_line' id='line_1_47' title="bbox 288 3034 1785 3105; baseline -0.005 -12"><span class='ocrx_word' id='word_1_392' title='bbox 288 3037 542 3093; x_wconf 59' lang='lat'><strong>“135.12.</strong></span> <span class='ocrx_word' id='word_1_393' title='bbox 565 3067 634 3078; x_wconf 91' lang='lat'><strong>—</strong></span> <span class='ocrx_word' id='word_1_394' title='bbox 652 3036 819 3089; x_wconf 84' lang='lat' dir='ltr'><strong>Estote</strong></span> <span class='ocrx_word' id='word_1_395' title='bbox 836 3038 963 3089; x_wconf 82' lang='lat' dir='ltr'><strong>sicut</strong></span> <span class='ocrx_word' id='word_1_396' title='bbox 985 3051 1093 3105; x_wconf 84' lang='lat' dir='ltr'><strong>ego,</strong></span> <span class='ocrx_word' id='word_1_397' title='bbox 1122 3035 1356 3105; x_wconf 86' lang='lat' dir='ltr'><strong>quoniam</strong></span> <span class='ocrx_word' id='word_1_398' title='bbox 1376 3034 1449 3103; x_wconf 87' lang='lat'><strong>(6)</strong></span> <span class='ocrx_word' id='word_1_399' title='bbox 1473 3045 1517 3087; x_wconf 88' lang='lat' dir='ltr'><strong>et</strong></span> <span class='ocrx_word' id='word_1_400' title='bbox 1544 3050 1632 3103; x_wconf 87' lang='lat' dir='ltr'><strong>ego</strong></span> <span class='ocrx_word' id='word_1_401' title='bbox 1658 3034 1785 3086; x_wconf 80' lang='lat' dir='ltr'><strong>sicut</strong></span> 
     </span>
    </p>
   </div>
   <div class='ocr_carea' id='block_1_48' title="bbox 1875 1854 3437 1924">
    <p class='ocr_par' dir='ltr' id='par_1_48' title="bbox 1875 1854 3437 1924">
     <span class='ocr_line' id='line_1_48' title="bbox 1875 1854 3437 1924; baseline -0.001 -15"><span class='ocrx_word' id='word_1_402' title='bbox 1875 1870 2034 1910; x_wconf 84' lang='lat' dir='ltr'><strong>carne</strong></span> <span class='ocrx_word' id='word_1_403' title='bbox 2066 1855 2172 1919; x_wconf 86' lang='lat' dir='ltr'><strong>sit,</strong></span> <span class='ocrx_word' id='word_1_404' title='bbox 2204 1856 2467 1922; x_wconf 70' lang='lat' dir='ltr'><strong>fueritque</strong></span> <span class='ocrx_word' id='word_1_405' title='bbox 2499 1856 2594 1907; x_wconf 91' lang='lat' dir='ltr'><strong>ista</strong></span> <span class='ocrx_word' id='word_1_406' title='bbox 2644 1856 2895 1924; x_wconf 79' lang='lat' dir='ltr'><strong>Cogitatio</strong></span> <span class='ocrx_word' id='word_1_407' title='bbox 2926 1854 3163 1919; x_wconf 80' lang='lat' dir='ltr'><strong>Calatis,</strong></span> <span class='ocrx_word' id='word_1_408' title='bbox 3210 1855 3437 1908; x_wconf 78' lang='lat' dir='ltr'><strong>interro-</strong></span> 
     </span>
    </p>
   </div>
   <div class='ocr_carea' id='block_1_49' title="bbox 1876 1945 3441 2017">
    <p class='ocr_par' dir='ltr' id='par_1_49' title="bbox 1876 1945 3441 2017">
     <span class='ocr_line' id='line_1_49' title="bbox 1876 1945 3441 2017; baseline 0.001 -17"><span class='ocrx_word' id='word_1_409' title='bbox 1876 1963 2057 2017; x_wconf 81' lang='lat' dir='ltr'><strong>genius</strong></span> <span class='ocrx_word' id='word_1_410' title='bbox 2086 1962 2204 1999; x_wconf 87' lang='lat' dir='ltr'><strong>eum</strong></span> <span class='ocrx_word' id='word_1_411' title='bbox 2232 1989 2245 2013; x_wconf 95' lang='lat'><strong>,</strong></span> <span class='ocrx_word' id='word_1_412' title='bbox 2277 1948 2546 2001; x_wconf 85' lang='lat' dir='ltr'><strong>videamus</strong></span> <span class='ocrx_word' id='word_1_413' title='bbox 2594 1946 2717 2016; x_wconf 90' lang='lat' dir='ltr'><strong>quid</strong></span> <span class='ocrx_word' id='word_1_414' title='bbox 2758 1947 3075 2017; x_wconf 88' lang='lat' dir='ltr'><strong>respondeat</strong></span> <span class='ocrx_word' id='word_1_415' title='bbox 3113 1945 3179 2000; x_wconf 88' lang='lat' dir='ltr'><strong>de</strong></span> <span class='ocrx_word' id='word_1_416' title='bbox 3230 1946 3441 2001; x_wconf 81' lang='lat' dir='ltr'><strong>Christo</strong></span> 
     </span>
    </p>
   </div>
   <div class='ocr_carea' id='block_1_50' title="bbox 1878 2038 3440 2108">
    <p class='ocr_par' dir='ltr' id='par_1_50' title="bbox 1878 2038 3440 2108">
     <span class='ocr_line' id='line_1_50' title="bbox 1878 2038 3440 2108; baseline 0 -17"><span class='ocrx_word' id='word_1_417' title='bbox 1878 2040 1977 2093; x_wconf 87' lang='lat' dir='ltr'><strong>iste</strong></span> <span class='ocrx_word' id='word_1_418' title='bbox 2003 2039 2090 2108; x_wconf 89' lang='lat' dir='ltr'><strong>qui</strong></span> <span class='ocrx_word' id='word_1_419' title='bbox 2118 2038 2351 2093; x_wconf 87' lang='lat' dir='ltr'><strong>inﬁrmus</strong></span> <span class='ocrx_word' id='word_1_420' title='bbox 2385 2040 2434 2091; x_wconf 92' lang='lat' dir='ltr'><strong>in</strong></span> <span class='ocrx_word' id='word_1_421' title='bbox 2486 2054 2644 2092; x_wconf 82' lang='lat' dir='ltr'><strong>carne</strong></span> <span class='ocrx_word' id='word_1_422' title='bbox 2687 2047 2787 2092; x_wconf 90' lang='lat' dir='ltr'><strong>est.</strong></span> <span class='ocrx_word' id='word_1_423' title='bbox 2840 2038 2981 2104; x_wconf 92' lang='lat' dir='ltr'><strong>lloc,</strong></span> <span class='ocrx_word' id='word_1_424' title='bbox 3029 2038 3235 2105; x_wconf 87' lang='lat' dir='ltr'><strong>inquit,</strong></span> <span class='ocrx_word' id='word_1_425' title='bbox 3266 2052 3358 2090; x_wconf 90' lang='lat' dir='ltr'><strong>vos</strong></span> <span class='ocrx_word' id='word_1_426' title='bbox 3390 2038 3440 2091; x_wconf 92' lang='lat' dir='ltr'><strong>in</strong></span> 
     </span>
    </p>
   </div>
   <div class='ocr_carea' id='block_1_51' title="bbox 1876 2128 3437 2198">
    <p class='ocr_par' dir='ltr' id='par_1_51' title="bbox 1876 2128 3437 2198">
     <span class='ocr_line' id='line_1_51' title="bbox 1876 2128 3437 2198; baseline 0.001 -17"><span class='ocrx_word' id='word_1_427' title='bbox 1876 2146 2025 2183; x_wconf 81' lang='lat' dir='ltr'><strong>carne</strong></span> <span class='ocrx_word' id='word_1_428' title='bbox 2045 2146 2150 2182; x_wconf 86' lang='lat' dir='ltr'><strong>mea</strong></span> <span class='ocrx_word' id='word_1_429' title='bbox 2170 2146 2265 2183; x_wconf 87' lang='lat' dir='ltr'><strong>non</strong></span> <span class='ocrx_word' id='word_1_430' title='bbox 2287 2130 2538 2196; x_wconf 68' lang='lat' dir='ltr'><strong>sprevistis</strong></span> <span class='ocrx_word' id='word_1_431' title='bbox 2567 2170 2580 2194; x_wconf 95' lang='lat'><strong>,</strong></span> <span class='ocrx_word' id='word_1_432' title='bbox 2627 2138 2677 2182; x_wconf 91' lang='lat' dir='ltr'><strong>et</strong></span> <span class='ocrx_word' id='word_1_433' title='bbox 2706 2145 2790 2182; x_wconf 89' lang='lat' dir='ltr'><strong>me</strong></span> <span class='ocrx_word' id='word_1_434' title='bbox 2824 2128 3063 2183; x_wconf 87' lang='lat' dir='ltr'><strong>tentastis</strong></span> <span class='ocrx_word' id='word_1_435' title='bbox 3111 2144 3279 2198; x_wconf 90' lang='lat' dir='ltr'><strong>neque</strong></span> <span class='ocrx_word' id='word_1_436' title='bbox 3306 2144 3437 2183; x_wconf 83' lang='lat' dir='ltr'><strong>cen-</strong></span> 
     </span>
    </p>
   </div>
   <div class='ocr_carea' id='block_1_52' title="bbox 1878 2221 3442 2289">
    <p class='ocr_par' dir='ltr' id='par_1_52' title="bbox 1878 2221 3442 2289">
     <span class='ocr_line' id='line_1_52' title="bbox 1878 2221 3442 2289; baseline -0.001 -15"><span class='ocrx_word' id='word_1_437' title='bbox 1878 2221 2165 2289; x_wconf 89' lang='lat' dir='ltr'><strong>tempsistis</strong></span> <span class='ocrx_word' id='word_1_438' title='bbox 2196 2221 2538 2273; x_wconf 84' lang='lat' dir='ltr'><strong>teutationem</strong></span> <span class='ocrx_word' id='word_1_439' title='bbox 2565 2229 2790 2273; x_wconf 81' lang='lat' dir='ltr'><strong>vestram</strong></span> <span class='ocrx_word' id='word_1_440' title='bbox 2826 2222 2875 2273; x_wconf 88' lang='lat' dir='ltr'><strong>iu</strong></span> <span class='ocrx_word' id='word_1_441' title='bbox 2928 2235 3087 2273; x_wconf 87' lang='lat' dir='ltr'><strong>carne</strong></span> <span class='ocrx_word' id='word_1_442' title='bbox 3113 2235 3228 2273; x_wconf 91' lang='lat' dir='ltr'><strong>mea</strong></span> <span class='ocrx_word' id='word_1_443' title='bbox 3265 2238 3276 2273; x_wconf 72' lang='grc' dir='ltr'>ε</span> <span class='ocrx_word' id='word_1_444' title='bbox 3315 2228 3442 2273; x_wconf 82' lang='lat' dir='ltr'><strong>coh-</strong></span> 
     </span>
    </p>
   </div>
   <div class='ocr_carea' id='block_1_53' title="bbox 1881 2310 3427 2377">
    <p class='ocr_par' dir='ltr' id='par_1_53' title="bbox 1881 2310 3427 2377">
     <span class='ocr_line' id='line_1_53' title="bbox 1881 2310 3427 2377; baseline -0.001 -13"><span class='ocrx_word' id='word_1_445' title='bbox 1881 2320 2173 2365; x_wconf 87' lang='lat' dir='ltr'><strong>tenmereut</strong></span> <span class='ocrx_word' id='word_1_446' title='bbox 2203 2318 2375 2364; x_wconf 87' lang='lat' dir='ltr'><strong>autem</strong></span> <span class='ocrx_word' id='word_1_447' title='bbox 2395 2350 2409 2373; x_wconf 94' lang='lat'><strong>,</strong></span> <span class='ocrx_word' id='word_1_448' title='bbox 2443 2310 2491 2363; x_wconf 89' lang='lat' dir='ltr'><strong>id</strong></span> <span class='ocrx_word' id='word_1_449' title='bbox 2515 2320 2593 2364; x_wconf 82' lang='lat' dir='ltr'><strong>est</strong></span> <span class='ocrx_word' id='word_1_450' title='bbox 2622 2327 2722 2364; x_wconf 81' lang='lat' dir='ltr'><strong>non</strong></span> <span class='ocrx_word' id='word_1_451' title='bbox 2756 2311 3141 2377; x_wconf 75' lang='lat' dir='ltr'><strong>interrogarent</strong></span> <span class='ocrx_word' id='word_1_452' title='bbox 3166 2350 3181 2375; x_wconf 91' lang='lat'><strong>,</strong></span> <span class='ocrx_word' id='word_1_453' title='bbox 3213 2310 3427 2365; x_wconf 72' lang='lat' dir='ltr'><strong>falsum-</strong></span> 
     </span>
    </p>
   </div>
   <div class='ocr_carea' id='block_1_54' title="bbox 1884 2401 3437 2471">
    <p class='ocr_par' dir='ltr' id='par_1_54' title="bbox 1884 2401 3437 2471">
     <span class='ocr_line' id='line_1_54' title="bbox 1884 2401 3437 2471; baseline -0.001 -16"><span class='ocrx_word' id='word_1_454' title='bbox 1884 2418 1986 2471; x_wconf 89' lang='lat' dir='ltr'><strong>que</strong></span> <span class='ocrx_word' id='word_1_455' title='bbox 2018 2411 2260 2471; x_wconf 89' lang='lat' dir='ltr'><strong>putarent</strong></span> <span class='ocrx_word' id='word_1_456' title='bbox 2309 2415 2364 2453; x_wconf 90' lang='lat' dir='ltr'><strong>se</strong></span> <span class='ocrx_word' id='word_1_457' title='bbox 2414 2402 2599 2454; x_wconf 87' lang='lat' dir='ltr'><strong>audire</strong></span> <span class='ocrx_word' id='word_1_458' title='bbox 2646 2407 2836 2469; x_wconf 83' lang='lat' dir='ltr'><strong>posSe,</strong></span> <span class='ocrx_word' id='word_1_459' title='bbox 2890 2401 3030 2469; x_wconf 81' lang='lat' dir='ltr'><strong>quod</strong></span> <span class='ocrx_word' id='word_1_460' title='bbox 3098 2402 3437 2468; x_wconf 70' lang='lat' dir='ltr'><strong>quwrebaut,</strong></span> 
     </span>
    </p>
   </div>
   <div class='ocr_carea' id='block_1_55' title="bbox 1882 2492 3434 2561">
    <p class='ocr_par' dir='ltr' id='par_1_55' title="bbox 1882 2492 3434 2561">
     <span class='ocr_line' id='line_1_55' title="bbox 1882 2492 3434 2561; baseline 0.001 -15"><span class='ocrx_word' id='word_1_461' title='bbox 1882 2494 1930 2547; x_wconf 90' lang='lat' dir='ltr'><strong>id</strong></span> <span class='ocrx_word' id='word_1_462' title='bbox 1954 2492 2180 2561; x_wconf 81' lang='lat' dir='ltr'><strong>estquod</strong></span> <span class='ocrx_word' id='word_1_463' title='bbox 2203 2494 2609 2561; x_wconf 78' lang='lat' dir='ltr'><strong>interrogabant,</strong></span> <span class='ocrx_word' id='word_1_464' title='bbox 2630 2492 2768 2560; x_wconf 91' lang='lat' dir='ltr'><strong>quod</strong></span> <span class='ocrx_word' id='word_1_465' title='bbox 2792 2502 2871 2546; x_wconf 89' lang='lat' dir='ltr'><strong>est</strong></span> <span class='ocrx_word' id='word_1_466' title='bbox 2896 2492 3198 2547; x_wconf 87' lang='lat' dir='ltr'><strong>tentabant:</strong></span> <span class='ocrx_word' id='word_1_467' title='bbox 3225 2492 3434 2559; x_wconf 80' lang='lat' dir='ltr'><strong>falsum,</strong></span> 
     </span>
    </p>
   </div>
   <div class='ocr_carea' id='block_1_56' title="bbox 1881 2580 3443 2649">
    <p class='ocr_par' dir='ltr' id='par_1_56' title="bbox 1881 2580 3443 2649">
     <span class='ocr_line' id='line_1_56' title="bbox 1881 2580 3443 2649; baseline -0.001 -12"><span class='ocrx_word' id='word_1_468' title='bbox 1881 2584 2126 2649; x_wconf 84' lang='lat' dir='ltr'><strong>inquam,</strong></span> <span class='ocrx_word' id='word_1_469' title='bbox 2176 2580 2481 2649; x_wconf 80' lang='lat' dir='ltr'><strong>reSpondcri</strong></span> <span class='ocrx_word' id='word_1_470' title='bbox 2522 2582 2618 2635; x_wconf 87' lang='lat' dir='ltr'><strong>sibi</strong></span> <span class='ocrx_word' id='word_1_471' title='bbox 2671 2581 2951 2636; x_wconf 80' lang='lat' dir='ltr'><strong>credentes</strong></span> <span class='ocrx_word' id='word_1_472' title='bbox 2978 2582 3043 2635; x_wconf 92' lang='lat' dir='ltr'><strong>ab</strong></span> <span class='ocrx_word' id='word_1_473' title='bbox 3086 2597 3149 2636; x_wconf 92' lang='lat' dir='ltr'><strong>eo</strong></span> <span class='ocrx_word' id='word_1_474' title='bbox 3174 2581 3261 2648; x_wconf 86' lang='lat' dir='ltr'><strong>qui</strong></span> <span class='ocrx_word' id='word_1_475' title='bbox 3301 2585 3443 2636; x_wconf 65' lang='lat' dir='ltr'><strong>esset</strong></span> 
     </span>
    </p>
   </div>
   <div class='ocr_carea' id='block_1_57' title="bbox 1881 2672 3440 2739">
    <p class='ocr_par' dir='ltr' id='par_1_57' title="bbox 1881 2672 3440 2739">
     <span class='ocr_line' id='line_1_57' title="bbox 1881 2672 3440 2739; baseline -0.003 -12"><span class='ocrx_word' id='word_1_476' title='bbox 1881 2674 2118 2727; x_wconf 87' lang='lat' dir='ltr'><strong>inﬁrmus</strong></span> <span class='ocrx_word' id='word_1_477' title='bbox 2148 2673 2198 2725; x_wconf 92' lang='lat' dir='ltr'><strong>in</strong></span> <span class='ocrx_word' id='word_1_478' title='bbox 2230 2686 2405 2725; x_wconf 79' lang='lat' dir='ltr'><strong>earne.</strong></span> <span class='ocrx_word' id='word_1_479' title='bbox 2461 2672 2651 2725; x_wconf 86' lang='lat' dir='ltr'><strong>Verum</strong></span> <span class='ocrx_word' id='word_1_480' title='bbox 2701 2675 3113 2739; x_wconf 76' lang='lat' dir='ltr'><strong>perseverastis,</strong></span> <span class='ocrx_word' id='word_1_481' title='bbox 3171 2686 3267 2724; x_wconf 91' lang='lat' dir='ltr'><strong>nec</strong></span> <span class='ocrx_word' id='word_1_482' title='bbox 3310 2687 3440 2723; x_wconf 82' lang='lat' dir='ltr'><strong>eon-</strong></span> 
     </span>
    </p>
   </div>
   <div class='ocr_carea' id='block_1_58' title="bbox 1883 2760 3435 2831">
    <p class='ocr_par' dir='ltr' id='par_1_58' title="bbox 1883 2760 3435 2831">
     <span class='ocr_line' id='line_1_58' title="bbox 1883 2760 3435 2831; baseline -0.002 -14"><span class='ocrx_word' id='word_1_483' title='bbox 1883 2764 2170 2831; x_wconf 85' lang='lat' dir='ltr'><strong>tempsistis</strong></span> <span class='ocrx_word' id='word_1_484' title='bbox 2214 2763 2555 2815; x_wconf 84' lang='lat' dir='ltr'><strong>tentationeni</strong></span> <span class='ocrx_word' id='word_1_485' title='bbox 2607 2773 2832 2815; x_wconf 79' lang='lat' dir='ltr'><strong>vestram</strong></span> <span class='ocrx_word' id='word_1_486' title='bbox 2866 2763 2915 2814; x_wconf 92' lang='lat' dir='ltr'><strong>in</strong></span> <span class='ocrx_word' id='word_1_487' title='bbox 2956 2776 3114 2814; x_wconf 91' lang='lat' dir='ltr'><strong>carne</strong></span> <span class='ocrx_word' id='word_1_488' title='bbox 3156 2776 3312 2825; x_wconf 87' lang='lat' dir='ltr'><strong>mea;</strong></span> <span class='ocrx_word' id='word_1_489' title='bbox 3344 2760 3435 2814; x_wconf 90' lang='lat' dir='ltr'><strong>sed</strong></span> 
     </span>
    </p>
   </div>
   <div class='ocr_carea' id='block_1_59' title="bbox 1881 2852 3437 2918">
    <p class='ocr_par' dir='ltr' id='par_1_59' title="bbox 1881 2852 3437 2918">
     <span class='ocr_line' id='line_1_59' title="bbox 1881 2852 3437 2918; baseline -0.003 -10"><span class='ocrx_word' id='word_1_490' title='bbox 1881 2855 2178 2909; x_wconf 84' lang='lat' dir='ltr'><strong>accessistis</strong></span> <span class='ocrx_word' id='word_1_491' title='bbox 2211 2853 2273 2906; x_wconf 89' lang='lat' dir='ltr'><strong>ad</strong></span> <span class='ocrx_word' id='word_1_492' title='bbox 2307 2868 2423 2917; x_wconf 85' lang='lat' dir='ltr'><strong>uie,</strong></span> <span class='ocrx_word' id='word_1_493' title='bbox 2458 2868 2521 2905; x_wconf 91' lang='lat' dir='ltr'><strong>an</strong></span> <span class='ocrx_word' id='word_1_494' title='bbox 2577 2854 2626 2905; x_wconf 93' lang='lat' dir='ltr'><strong>in</strong></span> <span class='ocrx_word' id='word_1_495' title='bbox 2684 2852 2782 2905; x_wconf 85' lang='lat' dir='ltr'><strong>ﬁde</strong></span> <span class='ocrx_word' id='word_1_496' title='bbox 2832 2866 2948 2904; x_wconf 87' lang='lat' dir='ltr'><strong>mea</strong></span> <span class='ocrx_word' id='word_1_497' title='bbox 2980 2866 3149 2906; x_wconf 87' lang='lat' dir='ltr'><strong>essem</strong></span> <span class='ocrx_word' id='word_1_498' title='bbox 3182 2861 3337 2918; x_wconf 88' lang='lat' dir='ltr'><strong>atque</strong></span> <span class='ocrx_word' id='word_1_499' title='bbox 3386 2852 3437 2904; x_wconf 91' lang='lat' dir='ltr'><strong>in</strong></span> 
     </span>
    </p>
   </div>
   <div class='ocr_carea' id='block_1_60' title="bbox 1881 2940 3432 3014">
    <p class='ocr_par' dir='ltr' id='par_1_60' title="bbox 1881 2940 3432 3014">
     <span class='ocr_line' id='line_1_60' title="bbox 1881 2940 3432 3014; baseline -0.005 -14"><span class='ocrx_word' id='word_1_500' title='bbox 1881 2947 2151 3014; x_wconf 80' lang='lat' dir='ltr'><strong>evangelio</strong></span> <span class='ocrx_word' id='word_1_501' title='bbox 2198 2956 2613 3012; x_wconf 87' lang='lat' dir='ltr'><strong>perseverarem.</strong></span> <span class='ocrx_word' id='word_1_502' title='bbox 2660 2942 2819 3011; x_wconf 85' lang='lat' dir='ltr'><strong>Igitur</strong></span> <span class='ocrx_word' id='word_1_503' title='bbox 2867 2942 2918 2995; x_wconf 93' lang='lat' dir='ltr'><strong>in</strong></span> <span class='ocrx_word' id='word_1_504' title='bbox 2971 2956 3129 2995; x_wconf 86' lang='lat' dir='ltr'><strong>carne</strong></span> <span class='ocrx_word' id='word_1_505' title='bbox 3171 2940 3432 2993; x_wconf 89' lang='lat' dir='ltr'><strong>inﬁrmum</strong></span> 
     </span>
    </p>
   </div>
   <div class='ocr_carea' id='block_1_61' title="bbox 1884 3028 3438 3103">
    <p class='ocr_par' dir='ltr' id='par_1_61' title="bbox 1884 3028 3438 3103">
     <span class='ocr_line' id='line_1_61' title="bbox 1884 3028 3438 3103; baseline -0.006 -12"><span class='ocrx_word' id='word_1_506' title='bbox 1884 3037 2128 3091; x_wconf 82' lang='lat' dir='ltr'><strong>tentastis</strong></span> <span class='ocrx_word' id='word_1_507' title='bbox 2155 3078 2169 3100; x_wconf 94' lang='lat'><strong>,</strong></span> <span class='ocrx_word' id='word_1_508' title='bbox 2226 3037 2645 3103; x_wconf 79' lang='lat' dir='ltr'><strong>interrogantes,</strong></span> <span class='ocrx_word' id='word_1_509' title='bbox 2696 3035 2738 3087; x_wconf 92' lang='lat' dir='ltr'><strong>si</strong></span> <span class='ocrx_word' id='word_1_510' title='bbox 2779 3050 2837 3087; x_wconf 83' lang='lat' dir='ltr'><strong>ea</strong></span> <span class='ocrx_word' id='word_1_511' title='bbox 2881 3033 3006 3085; x_wconf 90' lang='lat' dir='ltr'><strong>mihi</strong></span> <span class='ocrx_word' id='word_1_512' title='bbox 3044 3028 3438 3098; x_wconf 83' lang='lat' dir='ltr'><strong>evangelizandi</strong></span> 
     </span>
    </p>
   </div>
   <div class='ocr_carea' id='block_1_62' title="bbox 213 3120 3438 3197">
    <p class='ocr_par' dir='ltr' id='par_1_62' title="bbox 213 3120 3438 3197">
     <span class='ocr_line' id='line_1_62' title="bbox 213 3120 3438 3197; baseline -0.004 -12"><span class='ocrx_word' id='word_1_513' title='bbox 213 3147 321 3185; x_wconf 75' lang='lat' dir='ltr'><strong>vos.</strong></span> <span class='ocrx_word' id='word_1_514' title='bbox 349 3130 623 3195; x_wconf 87' lang='lat' dir='ltr'><strong>Quomodo</strong></span> <span class='ocrx_word' id='word_1_515' title='bbox 642 3130 800 3190; x_wconf 90' lang='lat' dir='ltr'><strong>enim,</strong></span> <span class='ocrx_word' id='word_1_516' title='bbox 833 3128 1019 3197; x_wconf 91' lang='lat' dir='ltr'><strong>inquit,</strong></span> <span class='ocrx_word' id='word_1_517' title='bbox 1049 3127 1263 3179; x_wconf 89' lang='lat' dir='ltr'><strong>transivi</strong></span> <span class='ocrx_word' id='word_1_518' title='bbox 1295 3141 1322 3179; x_wconf 87' lang='lat' dir='ltr'><strong>a</strong></span> <span class='ocrx_word' id='word_1_519' title='bbox 1351 3125 1649 3179; x_wconf 71' lang='lat' dir='ltr'><strong>Judteorum</strong></span> <span class='ocrx_word' id='word_1_520' title='bbox 1678 3124 1785 3177; x_wconf 87' lang='lat' dir='ltr'><strong>dis-</strong></span> <span class='ocrx_word' id='word_1_521' title='bbox 1810 3133 1852 3193; x_wconf 69' lang='grc' dir='ltr'><strong>ρ</strong></span> <span class='ocrx_word' id='word_1_522' title='bbox 1886 3136 2029 3181; x_wconf 89' lang='lat' dir='ltr'><strong>esset</strong></span> <span class='ocrx_word' id='word_1_523' title='bbox 2060 3140 2407 3195; x_wconf 83' lang='lat' dir='ltr'><strong>perseverans</strong></span> <span class='ocrx_word' id='word_1_524' title='bbox 2433 3125 2693 3177; x_wconf 87' lang='lat' dir='ltr'><strong>sententia</strong></span> <span class='ocrx_word' id='word_1_525' title='bbox 2720 3166 2733 3188; x_wconf 92' lang='lat'><strong>,</strong></span> <span class='ocrx_word' id='word_1_526' title='bbox 2778 3137 2896 3175; x_wconf 89' lang='lat' dir='ltr'><strong>cum</strong></span> <span class='ocrx_word' id='word_1_527' title='bbox 2929 3123 2979 3174; x_wconf 92' lang='lat' dir='ltr'><strong>in</strong></span> <span class='ocrx_word' id='word_1_528' title='bbox 3006 3132 3165 3174; x_wconf 85' lang='lat' dir='ltr'><strong>carne</strong></span> <span class='ocrx_word' id='word_1_529' title='bbox 3196 3120 3438 3172; x_wconf 90' lang='lat' dir='ltr'><strong>inlirmus</strong></span> 
     </span>
    </p>
   </div>
   <div class='ocr_carea' id='block_1_63' title="bbox 216 3212 1784 3291">
    <p class='ocr_par' dir='ltr' id='par_1_63' title="bbox 216 3212 1784 3291">
     <span class='ocr_line' id='line_1_63' title="bbox 216 3212 1784 3291; baseline -0.006 -16"><span class='ocrx_word' id='word_1_530' title='bbox 216 3222 434 3291; x_wconf 82' lang='lat' dir='ltr'><strong>ciplina,</strong></span> <span class='ocrx_word' id='word_1_531' title='bbox 464 3229 516 3273; x_wconf 89' lang='lat' dir='ltr'><strong>et</strong></span> <span class='ocrx_word' id='word_1_532' title='bbox 541 3218 737 3273; x_wconf 89' lang='lat' dir='ltr'><strong>credidi</strong></span> <span class='ocrx_word' id='word_1_533' title='bbox 769 3218 819 3271; x_wconf 93' lang='lat' dir='ltr'><strong>in</strong></span> <span class='ocrx_word' id='word_1_534' title='bbox 845 3216 1129 3280; x_wconf 66' lang='lat' dir='ltr'><strong>Christum,</strong></span> <span class='ocrx_word' id='word_1_535' title='bbox 1164 3226 1215 3269; x_wconf 92' lang='lat' dir='ltr'><strong>et</strong></span> <span class='ocrx_word' id='word_1_536' title='bbox 1241 3216 1313 3268; x_wconf 91' lang='lat' dir='ltr'><strong>illi</strong></span> <span class='ocrx_word' id='word_1_537' title='bbox 1343 3216 1543 3280; x_wconf 74' lang='lat' dir='ltr'><strong>servio;</strong></span> <span class='ocrx_word' id='word_1_538' title='bbox 1569 3228 1620 3268; x_wconf 88' lang='lat' dir='ltr'><strong>et</strong></span> <span class='ocrx_word' id='word_1_539' title='bbox 1646 3212 1784 3266; x_wconf 87' lang='lat' dir='ltr'><strong>aliud</strong></span> 
     </span>
    </p>
   </div>
   <div class='ocr_carea' id='block_1_64' title="bbox 216 3308 1787 3381">
    <p class='ocr_par' dir='ltr' id='par_1_64' title="bbox 216 3308 1787 3381">
     <span class='ocr_line' id='line_1_64' title="bbox 216 3308 1787 3381; baseline -0.004 -15"><span class='ocrx_word' id='word_1_540' title='bbox 216 3328 339 3381; x_wconf 77' lang='lat' dir='ltr'><strong>ago,</strong></span> <span class='ocrx_word' id='word_1_541' title='bbox 370 3321 421 3365; x_wconf 91' lang='lat' dir='ltr'><strong>et</strong></span> <span class='ocrx_word' id='word_1_542' title='bbox 452 3311 551 3365; x_wconf 92' lang='lat' dir='ltr'><strong>hoc</strong></span> <span class='ocrx_word' id='word_1_543' title='bbox 582 3326 673 3365; x_wconf 87' lang='lat' dir='ltr'><strong>vos</strong></span> <span class='ocrx_word' id='word_1_544' title='bbox 701 3310 876 3372; x_wconf 87' lang='lat' dir='ltr'><strong>docui,</strong></span> <span class='ocrx_word' id='word_1_545' title='bbox 906 3308 1171 3376; x_wconf 82' lang='lat' dir='ltr'><strong>laetusque</strong></span> <span class='ocrx_word' id='word_1_546' title='bbox 1196 3322 1310 3361; x_wconf 89' lang='lat' dir='ltr'><strong>sum</strong></span> <span class='ocrx_word' id='word_1_547' title='bbox 1342 3309 1457 3361; x_wconf 89' lang='lat' dir='ltr'><strong>talis</strong></span> <span class='ocrx_word' id='word_1_548' title='bbox 1486 3309 1667 3376; x_wconf 83' lang='lat' dir='ltr'><strong>quales</strong></span> <span class='ocrx_word' id='word_1_549' title='bbox 1694 3320 1787 3359; x_wconf 77' lang='lat' dir='ltr'><strong>vos</strong></span> 
     </span>
    </p>
   </div>
   <div class='ocr_carea' id='block_1_65' title="bbox 220 3398 1783 3469">
    <p class='ocr_par' dir='ltr' id='par_1_65' title="bbox 220 3398 1783 3469">
     <span class='ocr_line' id='line_1_65' title="bbox 220 3398 1783 3469; baseline -0.006 -11"><span class='ocrx_word' id='word_1_550' title='bbox 220 3402 343 3458; x_wconf 79' lang='lat' dir='ltr'><strong>feci.</strong></span> <span class='ocrx_word' id='word_1_551' title='bbox 372 3402 541 3455; x_wconf 91' lang='lat' dir='ltr'><strong>Vivite</strong></span> <span class='ocrx_word' id='word_1_552' title='bbox 565 3416 711 3469; x_wconf 81' lang='lat' dir='ltr'><strong>ergo,</strong></span> <span class='ocrx_word' id='word_1_553' title='bbox 742 3411 796 3452; x_wconf 91' lang='lat' dir='ltr'><strong>ut</strong></span> <span class='ocrx_word' id='word_1_554' title='bbox 818 3414 915 3467; x_wconf 80' lang='lat' dir='ltr'><strong>ego</strong></span> <span class='ocrx_word' id='word_1_555' title='bbox 964 3400 1076 3451; x_wconf 86' lang='lat' dir='ltr'><strong>vivo</strong></span> <span class='ocrx_word' id='word_1_556' title='bbox 1107 3416 1119 3450; x_wconf 92' lang='lat'><strong>:</strong></span> <span class='ocrx_word' id='word_1_557' title='bbox 1150 3407 1202 3451; x_wconf 93' lang='lat' dir='ltr'><strong>et</strong></span> <span class='ocrx_word' id='word_1_558' title='bbox 1230 3399 1273 3450; x_wconf 91' lang='lat' dir='ltr'><strong>si</strong></span> <span class='ocrx_word' id='word_1_559' title='bbox 1304 3414 1397 3450; x_wconf 85' lang='lat' dir='ltr'><strong>vos</strong></span> <span class='ocrx_word' id='word_1_560' title='bbox 1421 3398 1615 3460; x_wconf 77' lang='lat' dir='ltr'><strong>vivitis,</strong></span> <span class='ocrx_word' id='word_1_561' title='bbox 1645 3398 1783 3449; x_wconf 84' lang='lat' dir='ltr'><strong>vivo.</strong></span> 
     </span>
    </p>
   </div>
   <div class='ocr_carea' id='block_1_66' title="bbox 296 3488 1783 3551">
    <p class='ocr_par' dir='ltr' id='par_1_66' title="bbox 296 3488 1783 3551">
     <span class='ocr_line' id='line_1_66' title="bbox 296 3488 1783 3551; baseline -0.005 -7"><span class='ocrx_word' id='word_1_562' title='bbox 296 3491 457 3545; x_wconf 77' lang='lat' dir='ltr'><strong>Vsus.</strong></span> <span class='ocrx_word' id='word_1_563' title='bbox 488 3492 571 3545; x_wconf 78' lang='lat' dir='ltr'><strong>l3.</strong></span> <span class='ocrx_word' id='word_1_564' title='bbox 622 3518 691 3530; x_wconf 91' lang='lat'><strong>—</strong></span> <span class='ocrx_word' id='word_1_565' title='bbox 717 3488 926 3543; x_wconf 84' lang='lat' dir='ltr'><strong>Fratres</strong></span> <span class='ocrx_word' id='word_1_566' title='bbox 952 3488 1153 3541; x_wconf 86' lang='lat' dir='ltr'><strong>obsecro</strong></span> <span class='ocrx_word' id='word_1_567' title='bbox 1181 3504 1297 3551; x_wconf 80' lang='lat' dir='ltr'><strong>vos,</strong></span> <span class='ocrx_word' id='word_1_568' title='bbox 1339 3488 1469 3541; x_wconf 88' lang='lat' dir='ltr'><strong>nihil</strong></span> <span class='ocrx_word' id='word_1_569' title='bbox 1507 3502 1589 3541; x_wconf 89' lang='lat' dir='ltr'><strong>me</strong></span> <span class='ocrx_word' id='word_1_570' title='bbox 1622 3488 1783 3539; x_wconf 58' lang='lat' dir='ltr'><strong>laesis-</strong></span> 
     </span>
    </p>
   </div>
   <div class='ocr_carea' id='block_1_67' title="bbox 224 3578 1789 3650">
    <p class='ocr_par' dir='ltr' id='par_1_67' title="bbox 224 3578 1789 3650">
     <span class='ocr_line' id='line_1_67' title="bbox 224 3578 1789 3650; baseline -0.006 -13"><span class='ocrx_word' id='word_1_571' title='bbox 224 3583 331 3645; x_wconf 84' lang='lat' dir='ltr'><strong>tis;</strong></span> <span class='ocrx_word' id='word_1_572' title='bbox 360 3583 495 3635; x_wconf 84' lang='lat' dir='ltr'><strong>scitis</strong></span> <span class='ocrx_word' id='word_1_573' title='bbox 518 3582 634 3650; x_wconf 83' lang='lat' dir='ltr'><strong>quia</strong></span> <span class='ocrx_word' id='word_1_574' title='bbox 661 3595 748 3649; x_wconf 85' lang='lat' dir='ltr'><strong>per</strong></span> <span class='ocrx_word' id='word_1_575' title='bbox 774 3580 1114 3648; x_wconf 76' lang='lat' dir='ltr'><strong>infirmitatem</strong></span> <span class='ocrx_word' id='word_1_576' title='bbox 1155 3579 1319 3631; x_wconf 85' lang='lat' dir='ltr'><strong>carnis</strong></span> <span class='ocrx_word' id='word_1_577' title='bbox 1350 3578 1681 3647; x_wconf 79' lang='lat' dir='ltr'><strong>euangelizavi</strong></span> <span class='ocrx_word' id='word_1_578' title='bbox 1705 3593 1789 3629; x_wconf 85' lang='lat' dir='ltr'><strong>vo-</strong></span> 
     </span>
    </p>
   </div>
   <div class='ocr_carea' id='block_1_68' title="bbox 227 3668 1789 3743">
    <p class='ocr_par' dir='ltr' id='par_1_68' title="bbox 227 3668 1789 3743">
     <span class='ocr_line' id='line_1_68' title="bbox 227 3668 1789 3743; baseline -0.004 -18"><span class='ocrx_word' id='word_1_579' title='bbox 227 3671 303 3725; x_wconf 83' lang='lat' dir='ltr'><strong>bis</strong></span> <span class='ocrx_word' id='word_1_580' title='bbox 316 3672 643 3743; x_wconf 81' lang='lat' dir='ltr'><strong>jampridem.</strong></span> <span class='ocrx_word' id='word_1_581' title='bbox 676 3669 818 3723; x_wconf 90' lang='lat' dir='ltr'><strong>lstud</strong></span> <span class='ocrx_word' id='word_1_582' title='bbox 842 3711 854 3733; x_wconf 95' lang='lat'><strong>,</strong></span> <span class='ocrx_word' id='word_1_583' title='bbox 885 3669 1021 3739; x_wconf 89' lang='lat' dir='ltr'><strong>quod</strong></span> <span class='ocrx_word' id='word_1_584' title='bbox 1050 3669 1453 3736; x_wconf 88' lang='lat' dir='ltr'><strong>interpositum,</strong></span> <span class='ocrx_word' id='word_1_585' title='bbox 1487 3668 1549 3719; x_wconf 88' lang='lat' dir='ltr'><strong>ad</strong></span> <span class='ocrx_word' id='word_1_586' title='bbox 1582 3681 1789 3734; x_wconf 85' lang='lat' dir='ltr'><strong>persua-</strong></span> 
     </span>
    </p>
   </div>
   <div class='ocr_carea' id='block_1_69' title="bbox 229 3755 1784 3827">
    <p class='ocr_par' dir='ltr' id='par_1_69' title="bbox 229 3755 1784 3827">
     <span class='ocr_line' id='line_1_69' title="bbox 229 3755 1784 3827; baseline -0.006 -12"><span class='ocrx_word' id='word_1_587' title='bbox 229 3761 432 3815; x_wconf 87' lang='lat' dir='ltr'><strong>sionem</strong></span> <span class='ocrx_word' id='word_1_588' title='bbox 462 3760 722 3827; x_wconf 87' lang='lat' dir='ltr'><strong>pertinet,</strong></span> <span class='ocrx_word' id='word_1_589' title='bbox 746 3767 805 3811; x_wconf 89' lang='lat' dir='ltr'><strong>ut</strong></span> <span class='ocrx_word' id='word_1_590' title='bbox 832 3758 883 3811; x_wconf 91' lang='lat' dir='ltr'><strong>in</strong></span> <span class='ocrx_word' id='word_1_591' title='bbox 915 3758 1159 3811; x_wconf 88' lang='lat' dir='ltr'><strong>omnibus</strong></span> <span class='ocrx_word' id='word_1_592' title='bbox 1184 3771 1466 3825; x_wconf 87' lang='lat' dir='ltr'><strong>sequamur</strong></span> <span class='ocrx_word' id='word_1_593' title='bbox 1494 3755 1784 3809; x_wconf 82' lang='lat' dir='ltr'><strong>Christum.</strong></span> 
     </span>
    </p>
   </div>
   <div class='ocr_carea' id='block_1_70' title="bbox 233 3847 1787 3917">
    <p class='ocr_par' dir='ltr' id='par_1_70' title="bbox 233 3847 1787 3917">
     <span class='ocr_line' id='line_1_70' title="bbox 233 3847 1787 3917; baseline -0.003 -15"><span class='ocrx_word' id='word_1_594' title='bbox 233 3851 347 3917; x_wconf 87' lang='lat' dir='ltr'><strong>Quo</strong></span> <span class='ocrx_word' id='word_1_595' title='bbox 378 3850 580 3903; x_wconf 77' lang='lat' dir='ltr'><strong>facilius</strong></span> <span class='ocrx_word' id='word_1_596' title='bbox 625 3856 797 3901; x_wconf 89' lang='lat' dir='ltr'><strong>autem</strong></span> <span class='ocrx_word' id='word_1_597' title='bbox 846 3849 944 3901; x_wconf 89' lang='lat' dir='ltr'><strong>hoc</strong></span> <span class='ocrx_word' id='word_1_598' title='bbox 994 3847 1249 3909; x_wconf 85' lang='lat' dir='ltr'><strong>suadeat,</strong></span> <span class='ocrx_word' id='word_1_599' title='bbox 1305 3847 1493 3913; x_wconf 85' lang='lat' dir='ltr'><strong>repetit</strong></span> <span class='ocrx_word' id='word_1_600' title='bbox 1537 3847 1787 3914; x_wconf 88' lang='lat' dir='ltr'><strong>principia</strong></span> 
     </span>
    </p>
   </div>
   <div class='ocr_carea' id='block_1_71' title="bbox 231 3938 1791 4011">
    <p class='ocr_par' dir='ltr' id='par_1_71' title="bbox 231 3938 1791 4011">
     <span class='ocr_line' id='line_1_71' title="bbox 231 3938 1791 4011; baseline -0.004 -16"><span class='ocrx_word' id='word_1_601' title='bbox 231 3940 488 4011; x_wconf 77' lang='lat' dir='ltr'><strong>evangelii</strong></span> <span class='ocrx_word' id='word_1_602' title='bbox 515 3941 612 3993; x_wconf 91' lang='lat' dir='ltr'><strong>sui.</strong></span> <span class='ocrx_word' id='word_1_603' title='bbox 643 3939 872 3993; x_wconf 83' lang='lat' dir='ltr'><strong>Primum</strong></span> <span class='ocrx_word' id='word_1_604' title='bbox 926 3938 1261 3993; x_wconf 87' lang='lat' dir='ltr'><strong>commendat</strong></span> <span class='ocrx_word' id='word_1_605' title='bbox 1300 3938 1509 3991; x_wconf 85' lang='lat' dir='ltr'><strong>labores</strong></span> <span class='ocrx_word' id='word_1_606' title='bbox 1546 3952 1700 4002; x_wconf 85' lang='lat' dir='ltr'><strong>suos,</strong></span> <span class='ocrx_word' id='word_1_607' title='bbox 1735 3944 1791 3990; x_wconf 90' lang='lat' dir='ltr'><strong>ut</strong></span> 
     </span>
    </p>
   </div>
   <div class='ocr_carea' id='block_1_72' title="bbox 230 4029 1787 4101">
    <p class='ocr_par' dir='ltr' id='par_1_72' title="bbox 230 4029 1787 4101">
     <span class='ocr_line' id='line_1_72' title="bbox 230 4029 1787 4101; baseline -0.003 -18"><span class='ocrx_word' id='word_1_608' title='bbox 230 4032 339 4101; x_wconf 86' lang='lat' dir='ltr'><strong>jam</strong></span> <span class='ocrx_word' id='word_1_609' title='bbox 367 4030 602 4085; x_wconf 88' lang='lat' dir='ltr'><strong>inﬁrmus</strong></span> <span class='ocrx_word' id='word_1_610' title='bbox 623 4046 781 4084; x_wconf 89' lang='lat' dir='ltr'><strong>carne</strong></span> <span class='ocrx_word' id='word_1_611' title='bbox 831 4044 950 4083; x_wconf 90' lang='lat' dir='ltr'><strong>cum</strong></span> <span class='ocrx_word' id='word_1_612' title='bbox 993 4031 1177 4083; x_wconf 85' lang='lat' dir='ltr'><strong>luisset</strong></span> <span class='ocrx_word' id='word_1_613' title='bbox 1199 4036 1253 4081; x_wconf 85' lang='lat' dir='ltr'><strong>et</strong></span> <span class='ocrx_word' id='word_1_614' title='bbox 1295 4029 1590 4089; x_wconf 83' lang='lat' dir='ltr'><strong>laboraret,</strong></span> <span class='ocrx_word' id='word_1_615' title='bbox 1616 4037 1787 4080; x_wconf 90' lang='lat' dir='ltr'><strong>tamen</strong></span> 
     </span>
    </p>
   </div>
   <div class='ocr_carea' id='block_1_73' title="bbox 236 4118 1786 4189">
    <p class='ocr_par' dir='ltr' id='par_1_73' title="bbox 236 4118 1786 4189">
     <span class='ocr_line' id='line_1_73' title="bbox 236 4118 1786 4189; baseline -0.003 -14"><span class='ocrx_word' id='word_1_616' title='bbox 236 4122 549 4189; x_wconf 86' lang='lat' dir='ltr'><strong>imposuerit</strong></span> <span class='ocrx_word' id='word_1_617' title='bbox 572 4122 675 4174; x_wconf 85' lang='lat' dir='ltr'><strong>sibi</strong></span> <span class='ocrx_word' id='word_1_618' title='bbox 701 4120 935 4174; x_wconf 91' lang='lat' dir='ltr'><strong>laborem</strong></span> <span class='ocrx_word' id='word_1_619' title='bbox 962 4159 974 4181; x_wconf 94' lang='lat'><strong>,</strong></span> <span class='ocrx_word' id='word_1_620' title='bbox 1002 4128 1055 4173; x_wconf 88' lang='lat' dir='ltr'><strong>et</strong></span> <span class='ocrx_word' id='word_1_621' title='bbox 1077 4119 1517 4186; x_wconf 83' lang='lat' dir='ltr'><strong>evangelizaverit</strong></span> <span class='ocrx_word' id='word_1_622' title='bbox 1541 4118 1741 4173; x_wconf 83' lang='lat' dir='ltr'><strong>Calatis</strong></span> <span class='ocrx_word' id='word_1_623' title='bbox 1774 4134 1786 4171; x_wconf 92' lang='lat'><strong>:</strong></span> 
     </span>
    </p>
   </div>
   <div class='ocr_carea' id='block_1_74' title="bbox 234 4208 1791 4281">
    <p class='ocr_par' dir='ltr' id='par_1_74' title="bbox 234 4208 1791 4281">
     <span class='ocr_line' id='line_1_74' title="bbox 234 4208 1791 4281; baseline -0.002 -15"><span class='ocrx_word' id='word_1_624' title='bbox 234 4212 435 4266; x_wconf 80' lang='lat' dir='ltr'><strong>addidit</strong></span> <span class='ocrx_word' id='word_1_625' title='bbox 464 4212 933 4281; x_wconf 83' lang='lat' dir='ltr'><strong>etiamjampritlem</strong></span> <span class='ocrx_word' id='word_1_626' title='bbox 960 4210 1009 4263; x_wconf 92' lang='lat' dir='ltr'><strong>id</strong></span> <span class='ocrx_word' id='word_1_627' title='bbox 1064 4218 1174 4271; x_wconf 90' lang='lat' dir='ltr'><strong>est,</strong></span> <span class='ocrx_word' id='word_1_628' title='bbox 1226 4209 1384 4274; x_wconf 89' lang='lat' dir='ltr'><strong>olim;</strong></span> <span class='ocrx_word' id='word_1_629' title='bbox 1426 4209 1562 4262; x_wconf 90' lang='lat' dir='ltr'><strong>unde</strong></span> <span class='ocrx_word' id='word_1_630' title='bbox 1594 4208 1791 4263; x_wconf 88' lang='lat' dir='ltr'><strong>ﬁrmari</strong></span> 
     </span>
    </p>
   </div>
   <div class='ocr_carea' id='block_1_75' title="bbox 235 4301 1790 4372">
    <p class='ocr_par' dir='ltr' id='par_1_75' title="bbox 235 4301 1790 4372">
     <span class='ocr_line' id='line_1_75' title="bbox 235 4301 1790 4372; baseline -0.002 -14"><span class='ocrx_word' id='word_1_631' title='bbox 235 4302 371 4371; x_wconf 85' lang='lat' dir='ltr'><strong>apud</strong></span> <span class='ocrx_word' id='word_1_632' title='bbox 418 4319 509 4356; x_wconf 86' lang='lat' dir='ltr'><strong>vos</strong></span> <span class='ocrx_word' id='word_1_633' title='bbox 560 4302 817 4357; x_wconf 87' lang='lat' dir='ltr'><strong>debuerat</strong></span> <span class='ocrx_word' id='word_1_634' title='bbox 861 4301 1092 4355; x_wconf 87' lang='lat' dir='ltr'><strong>charitas</strong></span> <span class='ocrx_word' id='word_1_635' title='bbox 1135 4315 1260 4368; x_wconf 88' lang='lat' dir='ltr'><strong>erga</strong></span> <span class='ocrx_word' id='word_1_636' title='bbox 1307 4318 1422 4366; x_wconf 91' lang='lat' dir='ltr'><strong>me,</strong></span> <span class='ocrx_word' id='word_1_637' title='bbox 1486 4302 1613 4356; x_wconf 89' lang='lat' dir='ltr'><strong>lides</strong></span> <span class='ocrx_word' id='word_1_638' title='bbox 1666 4318 1790 4372; x_wconf 88' lang='lat' dir='ltr'><strong>erga</strong></span> 
     </span>
    </p>
   </div>
   <div class='ocr_carea' id='block_1_76' title="bbox 236 4391 1791 4462">
    <p class='ocr_par' dir='ltr' id='par_1_76' title="bbox 236 4391 1791 4462">
     <span class='ocr_line' id='line_1_76' title="bbox 236 4391 1791 4462; baseline -0.001 -13"><span class='ocrx_word' id='word_1_639' title='bbox 236 4394 499 4449; x_wconf 84' lang='lat' dir='ltr'><strong>Christum</strong></span> <span class='ocrx_word' id='word_1_640' title='bbox 536 4410 547 4445; x_wconf 89' lang='lat'><strong>:</strong></span> <span class='ocrx_word' id='word_1_641' title='bbox 580 4394 620 4446; x_wconf 92' lang='lat' dir='ltr'><strong>si</strong></span> <span class='ocrx_word' id='word_1_642' title='bbox 653 4393 861 4462; x_wconf 90' lang='lat' dir='ltr'><strong>quidem</strong></span> <span class='ocrx_word' id='word_1_643' title='bbox 894 4391 1103 4460; x_wconf 85' lang='lat' dir='ltr'><strong>longum</strong></span> <span class='ocrx_word' id='word_1_644' title='bbox 1150 4400 1357 4461; x_wconf 89' lang='lat' dir='ltr'><strong>tempus</strong></span> <span class='ocrx_word' id='word_1_645' title='bbox 1404 4403 1503 4445; x_wconf 85' lang='lat' dir='ltr'><strong>eSI.</strong></span> <span class='ocrx_word' id='word_1_646' title='bbox 1558 4392 1668 4445; x_wconf 82' lang='lat' dir='ltr'><strong>Non</strong></span> <span class='ocrx_word' id='word_1_647' title='bbox 1701 4409 1791 4461; x_wconf 85' lang='lat' dir='ltr'><strong>pe-</strong></span> 
     </span>
    </p>
   </div>
   <div class='ocr_carea' id='block_1_77' title="bbox 1888 3212 3437 3286">
    <p class='ocr_par' dir='ltr' id='par_1_77' title="bbox 1888 3212 3437 3286">
     <span class='ocr_line' id='line_1_77' title="bbox 1888 3212 3437 3286; baseline -0.005 -13"><span class='ocrx_word' id='word_1_648' title='bbox 1888 3235 2098 3286; x_wconf 87' lang='lat' dir='ltr'><strong>essem,</strong></span> <span class='ocrx_word' id='word_1_649' title='bbox 2143 3219 2242 3272; x_wconf 82' lang='lat' dir='ltr'><strong>hoc</strong></span> <span class='ocrx_word' id='word_1_650' title='bbox 2290 3228 2370 3271; x_wconf 90' lang='lat' dir='ltr'><strong>est</strong></span> <span class='ocrx_word' id='word_1_651' title='bbox 2418 3233 2515 3269; x_wconf 86' lang='lat' dir='ltr'><strong>non</strong></span> <span class='ocrx_word' id='word_1_652' title='bbox 2554 3216 2829 3285; x_wconf 78' lang='lat' dir='ltr'><strong>reSpuistis</strong></span> <span class='ocrx_word' id='word_1_653' title='bbox 2875 3214 3023 3283; x_wconf 74' lang='lat' dir='ltr'><strong>quasi</strong></span> <span class='ocrx_word' id='word_1_654' title='bbox 3064 3214 3326 3266; x_wconf 88' lang='lat' dir='ltr'><strong>inﬁrmum</strong></span> <span class='ocrx_word' id='word_1_655' title='bbox 3387 3212 3437 3265; x_wconf 91' lang='lat' dir='ltr'><strong>in</strong></span> 
     </span>
    </p>
   </div>
   <div class='ocr_carea' id='block_1_78' title="bbox 1887 3300 3438 3375">
    <p class='ocr_par' dir='ltr' id='par_1_78' title="bbox 1887 3300 3438 3375">
     <span class='ocr_line' id='line_1_78' title="bbox 1887 3300 3438 3375; baseline -0.006 -12"><span class='ocrx_word' id='word_1_656' title='bbox 1887 3325 2082 3375; x_wconf 86' lang='lat' dir='ltr'><strong>carne,</strong></span> <span class='ocrx_word' id='word_1_657' title='bbox 2133 3311 2304 3363; x_wconf 89' lang='lat' dir='ltr'><strong>minus</strong></span> <span class='ocrx_word' id='word_1_658' title='bbox 2333 3310 2575 3362; x_wconf 84' lang='lat' dir='ltr'><strong>idoneum</strong></span> <span class='ocrx_word' id='word_1_659' title='bbox 2632 3307 2695 3358; x_wconf 86' lang='lat' dir='ltr'><strong>ad</strong></span> <span class='ocrx_word' id='word_1_660' title='bbox 2737 3304 3191 3375; x_wconf 68' lang='lat' dir='ltr'><strong>respondetuluni,</strong></span> <span class='ocrx_word' id='word_1_661' title='bbox 3236 3302 3315 3354; x_wconf 86' lang='lat' dir='ltr'><strong>vel</strong></span> <span class='ocrx_word' id='word_1_662' title='bbox 3349 3300 3438 3369; x_wconf 85' lang='lat' dir='ltr'><strong>qui</strong></span> 
     </span>
    </p>
   </div>
   <div class='ocr_carea' id='block_1_79' title="bbox 1888 3390 3440 3468">
    <p class='ocr_par' dir='ltr' id='par_1_79' title="bbox 1888 3390 3440 3468">
     <span class='ocr_line' id='line_1_79' title="bbox 1888 3390 3440 3468; baseline -0.006 -15"><span class='ocrx_word' id='word_1_663' title='bbox 1888 3409 2065 3468; x_wconf 88' lang='lat' dir='ltr'><strong>posset</strong></span> <span class='ocrx_word' id='word_1_664' title='bbox 2096 3412 2299 3453; x_wconf 88' lang='lat' dir='ltr'><strong>mutare</strong></span> <span class='ocrx_word' id='word_1_665' title='bbox 2324 3399 2667 3459; x_wconf 86' lang='lat' dir='ltr'><strong>sententiam,</strong></span> <span class='ocrx_word' id='word_1_666' title='bbox 2700 3398 2783 3465; x_wconf 89' lang='lat' dir='ltr'><strong>qui</strong></span> <span class='ocrx_word' id='word_1_667' title='bbox 2834 3397 2884 3448; x_wconf 88' lang='lat' dir='ltr'><strong>in</strong></span> <span class='ocrx_word' id='word_1_668' title='bbox 2925 3410 3083 3448; x_wconf 88' lang='lat' dir='ltr'><strong>carne</strong></span> <span class='ocrx_word' id='word_1_669' title='bbox 3128 3404 3267 3446; x_wconf 87' lang='lat' dir='ltr'><strong>esset</strong></span> <span class='ocrx_word' id='word_1_670' title='bbox 3294 3390 3440 3443; x_wconf 91' lang='lat' dir='ltr'><strong>inﬁr-</strong></span> 
     </span>
    </p>
   </div>
   <div class='ocr_carea' id='block_1_80' title="bbox 1889 3484 3441 3560">
    <p class='ocr_par' dir='ltr' id='par_1_80' title="bbox 1889 3484 3441 3560">
     <span class='ocr_line' id='line_1_80' title="bbox 1889 3484 3441 3560; baseline -0.008 -16"><span class='ocrx_word' id='word_1_671' title='bbox 1889 3507 2002 3544; x_wconf 91' lang='lat' dir='ltr'><strong>mus</strong></span> <span class='ocrx_word' id='word_1_672' title='bbox 2035 3509 2047 3545; x_wconf 90' lang='lat'><strong>:</strong></span> <span class='ocrx_word' id='word_1_673' title='bbox 2081 3492 2130 3543; x_wconf 92' lang='lat' dir='ltr'><strong>in</strong></span> <span class='ocrx_word' id='word_1_674' title='bbox 2153 3507 2255 3560; x_wconf 87' lang='lat' dir='ltr'><strong>quo</strong></span> <span class='ocrx_word' id='word_1_675' title='bbox 2277 3500 2330 3544; x_wconf 89' lang='lat' dir='ltr'><strong>et</strong></span> <span class='ocrx_word' id='word_1_676' title='bbox 2361 3491 2613 3543; x_wconf 88' lang='lat' dir='ltr'><strong>rationem</strong></span> <span class='ocrx_word' id='word_1_677' title='bbox 2644 3486 2904 3550; x_wconf 87' lang='lat' dir='ltr'><strong>reddidit,</strong></span> <span class='ocrx_word' id='word_1_678' title='bbox 2936 3500 3027 3538; x_wconf 91' lang='lat' dir='ltr'><strong>cur</strong></span> <span class='ocrx_word' id='word_1_679' title='bbox 3054 3484 3164 3536; x_wconf 87' lang='lat' dir='ltr'><strong>ﬁeri</strong></span> <span class='ocrx_word' id='word_1_680' title='bbox 3197 3496 3297 3534; x_wconf 85' lang='lat' dir='ltr'><strong>neu</strong></span> <span class='ocrx_word' id='word_1_681' title='bbox 3320 3494 3441 3549; x_wconf 70' lang='lat' dir='ltr'><strong>ptiso&#39;</strong></span> 
     </span>
    </p>
   </div>
   <div class='ocr_carea' id='block_1_81' title="bbox 1888 3570 3438 3644">
    <p class='ocr_par' dir='ltr' id='par_1_81' title="bbox 1888 3570 3438 3644">
     <span class='ocr_line' id='line_1_81' title="bbox 1888 3570 3438 3644; baseline -0.008 -9"><span class='ocrx_word' id='word_1_682' title='bbox 1888 3592 1968 3636; x_wconf 90' lang='lat' dir='ltr'><strong>set</strong></span> <span class='ocrx_word' id='word_1_683' title='bbox 1991 3583 2069 3636; x_wconf 81' lang='lat' dir='ltr'><strong>rel</strong></span> <span class='ocrx_word' id='word_1_684' title='bbox 2102 3598 2203 3635; x_wconf 89' lang='lat' dir='ltr'><strong>non</strong></span> <span class='ocrx_word' id='word_1_685' title='bbox 2237 3582 2427 3635; x_wconf 85' lang='lat' dir='ltr'><strong>factum</strong></span> <span class='ocrx_word' id='word_1_686' title='bbox 2485 3581 2550 3633; x_wconf 90' lang='lat' dir='ltr'><strong>sit</strong></span> <span class='ocrx_word' id='word_1_687' title='bbox 2583 3621 2596 3644; x_wconf 96' lang='lat'><strong>,</strong></span> <span class='ocrx_word' id='word_1_688' title='bbox 2630 3590 2684 3631; x_wconf 90' lang='lat' dir='ltr'><strong>ut</strong></span> <span class='ocrx_word' id='word_1_689' title='bbox 2733 3576 2993 3631; x_wconf 82' lang='lat' dir='ltr'><strong>sententia</strong></span> <span class='ocrx_word' id='word_1_690' title='bbox 3047 3570 3438 3643; x_wconf 79' lang='lat' dir='ltr'><strong>evangelizandi</strong></span> 
     </span>
    </p>
   </div>
   <div class='ocr_carea' id='block_1_82' title="bbox 1887 3664 3433 3729">
    <p class='ocr_par' dir='ltr' id='par_1_82' title="bbox 1887 3664 3433 3729">
     <span class='ocr_line' id='line_1_82' title="bbox 1887 3664 3433 3729; baseline -0.006 -5"><span class='ocrx_word' id='word_1_691' title='bbox 1887 3673 1986 3724; x_wconf 88' lang='lat' dir='ltr'><strong>alia</strong></span> <span class='ocrx_word' id='word_1_692' title='bbox 2019 3683 2158 3725; x_wconf 84' lang='lat' dir='ltr'><strong>esset</strong></span> <span class='ocrx_word' id='word_1_693' title='bbox 2192 3685 2380 3724; x_wconf 89' lang='lat' dir='ltr'><strong>:carue</strong></span> <span class='ocrx_word' id='word_1_694' title='bbox 2407 3670 2546 3724; x_wconf 90' lang='lat' dir='ltr'><strong>enim</strong></span> <span class='ocrx_word' id='word_1_695' title='bbox 2576 3670 2812 3721; x_wconf 89' lang='lat' dir='ltr'><strong>inlirmns</strong></span> <span class='ocrx_word' id='word_1_696' title='bbox 2836 3667 2903 3719; x_wconf 79' lang='lat' dir='ltr'><strong>fui</strong></span> <span class='ocrx_word' id='word_1_697' title='bbox 2924 3706 2938 3729; x_wconf 92' lang='lat'><strong>,</strong></span> <span class='ocrx_word' id='word_1_698' title='bbox 2971 3679 3071 3718; x_wconf 88' lang='lat' dir='ltr'><strong>non</strong></span> <span class='ocrx_word' id='word_1_699' title='bbox 3104 3664 3298 3724; x_wconf 87' lang='lat' dir='ltr'><strong>animo,</strong></span> <span class='ocrx_word' id='word_1_700' title='bbox 3332 3678 3433 3714; x_wconf 86' lang='lat' dir='ltr'><strong>non</strong></span> 
     </span>
    </p>
   </div>
   <div class='ocr_carea' id='block_1_83' title="bbox 1888 3755 3437 3833">
    <p class='ocr_par' dir='ltr' id='par_1_83' title="bbox 1888 3755 3437 3833">
     <span class='ocr_line' id='line_1_83' title="bbox 1888 3755 3437 3833; baseline -0.007 -14"><span class='ocrx_word' id='word_1_701' title='bbox 1888 3766 2076 3833; x_wconf 83' lang='lat' dir='ltr'><strong>Spiritu</strong></span> <span class='ocrx_word' id='word_1_702' title='bbox 2111 3785 2123 3817; x_wconf 88' lang='lat'><strong>:</strong></span> <span class='ocrx_word' id='word_1_703' title='bbox 2160 3766 2226 3819; x_wconf 87' lang='lat' dir='ltr'><strong>ita</strong></span> <span class='ocrx_word' id='word_1_704' title='bbox 2254 3774 2307 3818; x_wconf 90' lang='lat' dir='ltr'><strong>et</strong></span> <span class='ocrx_word' id='word_1_705' title='bbox 2336 3764 2455 3816; x_wconf 85' lang='lat' dir='ltr'><strong>illus</strong></span> <span class='ocrx_word' id='word_1_706' title='bbox 2483 3763 2629 3831; x_wconf 87' lang='lat' dir='ltr'><strong>quasi</strong></span> <span class='ocrx_word' id='word_1_707' title='bbox 2668 3761 3033 3816; x_wconf 86' lang='lat' dir='ltr'><strong>considerasse</strong></span> <span class='ocrx_word' id='word_1_708' title='bbox 3062 3756 3194 3810; x_wconf 79' lang='lat' dir='ltr'><strong>dixit</strong></span> <span class='ocrx_word' id='word_1_709' title='bbox 3222 3755 3359 3823; x_wconf 84' lang='lat' dir='ltr'><strong>quod</strong></span> <span class='ocrx_word' id='word_1_710' title='bbox 3386 3756 3437 3808; x_wconf 92' lang='lat' dir='ltr'><strong>in</strong></span> 
     </span>
    </p>
   </div>
   <div class='ocr_carea' id='block_1_84' title="bbox 1889 3846 3443 3923">
    <p class='ocr_par' dir='ltr' id='par_1_84' title="bbox 1889 3846 3443 3923">
     <span class='ocr_line' id='line_1_84' title="bbox 1889 3846 3443 3923; baseline -0.006 -14"><span class='ocrx_word' id='word_1_711' title='bbox 1889 3870 2046 3909; x_wconf 86' lang='lat' dir='ltr'><strong>carne</strong></span> <span class='ocrx_word' id='word_1_712' title='bbox 2074 3869 2244 3909; x_wconf 85' lang='lat' dir='ltr'><strong>essem</strong></span> <span class='ocrx_word' id='word_1_713' title='bbox 2276 3870 2372 3923; x_wconf 87' lang='lat' dir='ltr'><strong>ego</strong></span> <span class='ocrx_word' id='word_1_714' title='bbox 2395 3852 2628 3907; x_wconf 83' lang='lat' dir='ltr'><strong>inﬁrmus</strong></span> <span class='ocrx_word' id='word_1_715' title='bbox 2654 3895 2667 3918; x_wconf 91' lang='lat'><strong>,</strong></span> <span class='ocrx_word' id='word_1_716' title='bbox 2713 3866 2815 3905; x_wconf 92' lang='lat' dir='ltr'><strong>non</strong></span> <span class='ocrx_word' id='word_1_717' title='bbox 2858 3852 3016 3903; x_wconf 89' lang='lat' dir='ltr'><strong>etiam</strong></span> <span class='ocrx_word' id='word_1_718' title='bbox 3054 3848 3104 3899; x_wconf 91' lang='lat' dir='ltr'><strong>in</strong></span> <span class='ocrx_word' id='word_1_719' title='bbox 3134 3846 3320 3915; x_wconf 90' lang='lat' dir='ltr'><strong>spiritu</strong></span> <span class='ocrx_word' id='word_1_720' title='bbox 3346 3864 3359 3898; x_wconf 86' lang='lat'><strong>:</strong></span> <span class='ocrx_word' id='word_1_721' title='bbox 3388 3852 3443 3899; x_wconf 87' lang='lat' dir='ltr'><strong>et</strong></span> 
     </span>
    </p>
   </div>
   <div class='ocr_carea' id='block_1_85' title="bbox 1891 3938 3435 4013">
    <p class='ocr_par' dir='ltr' id='par_1_85' title="bbox 1891 3938 3435 4013">
     <span class='ocr_line' id='line_1_85' title="bbox 1891 3938 3435 4013; baseline -0.008 -13"><span class='ocrx_word' id='word_1_722' title='bbox 1891 3947 2087 4000; x_wconf 87' lang='lat' dir='ltr'><strong>idcirco</strong></span> <span class='ocrx_word' id='word_1_723' title='bbox 2160 3955 2537 4013; x_wconf 85' lang='lat' dir='ltr'><strong>perseverent,</strong></span> <span class='ocrx_word' id='word_1_724' title='bbox 2589 3953 2644 3996; x_wconf 92' lang='lat' dir='ltr'><strong>ut</strong></span> <span class='ocrx_word' id='word_1_725' title='bbox 2710 3949 2973 3995; x_wconf 86' lang='lat' dir='ltr'><strong>tentarent</strong></span> <span class='ocrx_word' id='word_1_726' title='bbox 3040 3938 3221 4000; x_wconf 84' lang='lat' dir='ltr'><strong>illum,</strong></span> <span class='ocrx_word' id='word_1_727' title='bbox 3266 3949 3435 4003; x_wconf 87' lang='lat' dir='ltr'><strong>neque</strong></span> 
     </span>
    </p>
   </div>
   <div class='ocr_carea' id='block_1_86' title="bbox 1890 4032 3437 4107">
    <p class='ocr_par' dir='ltr' id='par_1_86' title="bbox 1890 4032 3437 4107">
     <span class='ocr_line' id='line_1_86' title="bbox 1890 4032 3437 4107; baseline -0.01 -13"><span class='ocrx_word' id='word_1_728' title='bbox 1890 4048 2229 4107; x_wconf 86' lang='lat' dir='ltr'><strong>reSpuerent,</strong></span> <span class='ocrx_word' id='word_1_729' title='bbox 2261 4053 2430 4105; x_wconf 89' lang='lat' dir='ltr'><strong>neque</strong></span> <span class='ocrx_word' id='word_1_730' title='bbox 2454 4052 2557 4089; x_wconf 92' lang='lat' dir='ltr'><strong>non</strong></span> <span class='ocrx_word' id='word_1_731' title='bbox 2587 4043 2881 4088; x_wconf 89' lang='lat' dir='ltr'><strong>tentarent:</strong></span> <span class='ocrx_word' id='word_1_732' title='bbox 2928 4032 3026 4083; x_wconf 79' lang='lat' dir='ltr'><strong>ilOC</strong></span> <span class='ocrx_word' id='word_1_733' title='bbox 3064 4037 3144 4083; x_wconf 76' lang='lat' dir='ltr'><strong>CSI.</strong></span> <span class='ocrx_word' id='word_1_734' title='bbox 3174 4042 3275 4081; x_wconf 87' lang='grc'><strong>11011</strong></span> <span class='ocrx_word' id='word_1_735' title='bbox 3306 4042 3437 4082; x_wconf 68' lang='grc'><strong>(3011-</strong></span> 
     </span>
    </p>
   </div>
   <div class='ocr_carea' id='block_1_87' title="bbox 1891 4119 3442 4200">
    <p class='ocr_par' dir='ltr' id='par_1_87' title="bbox 1891 4119 3442 4200">
     <span class='ocr_line' id='line_1_87' title="bbox 1891 4119 3442 4200; baseline -0.01 -15"><span class='ocrx_word' id='word_1_736' title='bbox 1891 4131 2181 4200; x_wconf 87' lang='lat' dir='ltr'><strong>tempsistls</strong></span> <span class='ocrx_word' id='word_1_737' title='bbox 2205 4172 2217 4192; x_wconf 94' lang='lat'><strong>,</strong></span> <span class='ocrx_word' id='word_1_738' title='bbox 2251 4145 2355 4183; x_wconf 92' lang='lat' dir='ltr'><strong>non</strong></span> <span class='ocrx_word' id='word_1_739' title='bbox 2379 4128 2650 4198; x_wconf 83' lang='lat' dir='ltr'><strong>sprevistis</strong></span> <span class='ocrx_word' id='word_1_740' title='bbox 2677 4125 3019 4179; x_wconf 84' lang='lat' dir='ltr'><strong>tentatinnem</strong></span> <span class='ocrx_word' id='word_1_741' title='bbox 3044 4132 3291 4176; x_wconf 84' lang='lat' dir='ltr'><strong>vestram.</strong></span> <span class='ocrx_word' id='word_1_742' title='bbox 3342 4119 3442 4171; x_wconf 90' lang='lat' dir='ltr'><strong>De-</strong></span> 
     </span>
    </p>
   </div>
   <div class='ocr_carea' id='block_1_88' title="bbox 1892 4212 3439 4291">
    <p class='ocr_par' dir='ltr' id='par_1_88' title="bbox 1892 4212 3439 4291">
     <span class='ocr_line' id='line_1_88' title="bbox 1892 4212 3439 4291; baseline -0.01 -15"><span class='ocrx_word' id='word_1_743' title='bbox 1892 4222 2048 4291; x_wconf 86' lang='lat' dir='ltr'><strong>nique</strong></span> <span class='ocrx_word' id='word_1_744' title='bbox 2078 4230 2127 4275; x_wconf 90' lang='lat' dir='ltr'><strong>et</strong></span> <span class='ocrx_word' id='word_1_745' title='bbox 2158 4220 2299 4289; x_wconf 93' lang='lat' dir='ltr'><strong>ipsos</strong></span> <span class='ocrx_word' id='word_1_746' title='bbox 2326 4219 2644 4273; x_wconf 80' lang='lat' dir='ltr'><strong>intellexisse</strong></span> <span class='ocrx_word' id='word_1_747' title='bbox 2675 4215 2891 4269; x_wconf 87' lang='lat' dir='ltr'><strong>Paulum</strong></span> <span class='ocrx_word' id='word_1_748' title='bbox 2915 4215 2964 4266; x_wconf 88' lang='lat' dir='ltr'><strong>in</strong></span> <span class='ocrx_word' id='word_1_749' title='bbox 2987 4227 3143 4265; x_wconf 89' lang='lat' dir='ltr'><strong>carne</strong></span> <span class='ocrx_word' id='word_1_750' title='bbox 3172 4212 3439 4263; x_wconf 89' lang='lat' dir='ltr'><strong>inﬁrmum</strong></span> 
     </span>
    </p>
   </div>
   <div class='ocr_carea' id='block_1_89' title="bbox 1891 4299 3443 4377">
    <p class='ocr_par' dir='ltr' id='par_1_89' title="bbox 1891 4299 3443 4377">
     <span class='ocr_line' id='line_1_89' title="bbox 1891 4299 3443 4377; baseline -0.01 -12"><span class='ocrx_word' id='word_1_751' title='bbox 1891 4328 2008 4365; x_wconf 89' lang='lat' dir='ltr'><strong>esse</strong></span> <span class='ocrx_word' id='word_1_752' title='bbox 2029 4354 2042 4376; x_wconf 88' lang='lat'><strong>,</strong></span> <span class='ocrx_word' id='word_1_753' title='bbox 2073 4328 2172 4363; x_wconf 87' lang='lat' dir='ltr'><strong>non</strong></span> <span class='ocrx_word' id='word_1_754' title='bbox 2205 4312 2256 4363; x_wconf 92' lang='lat' dir='ltr'><strong>in</strong></span> <span class='ocrx_word' id='word_1_755' title='bbox 2282 4310 2496 4377; x_wconf 84' lang='lat' dir='ltr'><strong>spiritu,</strong></span> <span class='ocrx_word' id='word_1_756' title='bbox 2528 4322 2592 4360; x_wconf 80' lang='lat' dir='ltr'><strong>ex</strong></span> <span class='ocrx_word' id='word_1_757' title='bbox 2623 4305 2909 4372; x_wconf 74' lang='lat' dir='ltr'><strong>sulijtmctis</strong></span> <span class='ocrx_word' id='word_1_758' title='bbox 2936 4302 3087 4354; x_wconf 88' lang='lat' dir='ltr'><strong>docet</strong></span> <span class='ocrx_word' id='word_1_759' title='bbox 3118 4318 3128 4352; x_wconf 94' lang='lat'><strong>:</strong></span> <span class='ocrx_word' id='word_1_760' title='bbox 3159 4299 3245 4351; x_wconf 86' lang='lat' dir='ltr'><strong>sed</strong></span> <span class='ocrx_word' id='word_1_761' title='bbox 3273 4308 3324 4349; x_wconf 89' lang='lat' dir='ltr'><strong>ut</strong></span> <span class='ocrx_word' id='word_1_762' title='bbox 3347 4314 3443 4350; x_wconf 86' lang='lat' dir='ltr'><strong>au-</strong></span> 
     </span>
    </p>
   </div>
   <div class='ocr_carea' id='block_1_90' title="bbox 1891 4388 3441 4471">
    <p class='ocr_par' dir='ltr' id='par_1_90' title="bbox 1891 4388 3441 4471">
     <span class='ocr_line' id='line_1_90' title="bbox 1891 4388 3441 4471; baseline -0.008 -17"><span class='ocrx_word' id='word_1_763' title='bbox 1891 4402 2055 4471; x_wconf 86' lang='lat' dir='ltr'><strong>gelum</strong></span> <span class='ocrx_word' id='word_1_764' title='bbox 2077 4400 2334 4466; x_wconf 74' lang='lat' dir='ltr'><strong>excepistis</strong></span> <span class='ocrx_word' id='word_1_765' title='bbox 2379 4414 2474 4462; x_wconf 91' lang='lat' dir='ltr'><strong>me,</strong></span> <span class='ocrx_word' id='word_1_766' title='bbox 2494 4406 2544 4449; x_wconf 88' lang='lat' dir='ltr'><strong>ut</strong></span> <span class='ocrx_word' id='word_1_767' title='bbox 2558 4396 2809 4449; x_wconf 82' lang='lat' dir='ltr'><strong>Christum</strong></span> <span class='ocrx_word' id='word_1_768' title='bbox 2830 4392 3003 4445; x_wconf 84' lang='lat' dir='ltr'><strong>Jesum</strong></span> <span class='ocrx_word' id='word_1_769' title='bbox 3028 4389 3122 4459; x_wconf 75' lang='grc' dir='ltr'><strong>(Ξ).</strong></span> <span class='ocrx_word' id='word_1_770' title='bbox 3157 4388 3303 4443; x_wconf 82' lang='lat' dir='ltr'><strong>Adeo</strong></span> <span class='ocrx_word' id='word_1_771' title='bbox 3338 4403 3441 4441; x_wconf 91' lang='lat' dir='ltr'><strong>non</strong></span> 
     </span>
    </p>
   </div>
   <div class='ocr_carea' id='block_1_91' title="bbox 239 4480 3443 4560">
    <p class='ocr_par' dir='ltr' id='par_1_91' title="bbox 239 4480 3443 4560">
     <span class='ocr_line' id='line_1_91' title="bbox 239 4480 3443 4560; baseline -0.003 -23"><span class='ocrx_word' id='word_1_772' title='bbox 239 4484 376 4555; x_wconf 89' lang='lat' dir='ltr'><strong>perei</strong></span> <span class='ocrx_word' id='word_1_773' title='bbox 403 4524 417 4547; x_wconf 95' lang='lat'><strong>,</strong></span> <span class='ocrx_word' id='word_1_774' title='bbox 449 4483 644 4552; x_wconf 85' lang='lat' dir='ltr'><strong>inquit,</strong></span> <span class='ocrx_word' id='word_1_775' title='bbox 675 4482 817 4535; x_wconf 87' lang='lat' dir='ltr'><strong>carni</strong></span> <span class='ocrx_word' id='word_1_776' title='bbox 842 4496 1003 4544; x_wconf 65' lang='lat' dir='ltr'><strong>mem;</strong></span> <span class='ocrx_word' id='word_1_777' title='bbox 1036 4482 1127 4534; x_wconf 87' lang='lat' dir='ltr'><strong>sed</strong></span> <span class='ocrx_word' id='word_1_778' title='bbox 1156 4498 1241 4548; x_wconf 83' lang='lat' dir='ltr'><strong>per</strong></span> <span class='ocrx_word' id='word_1_779' title='bbox 1262 4480 1597 4549; x_wconf 80' lang='lat' dir='ltr'><strong>inﬁrmitatem</strong></span> <span class='ocrx_word' id='word_1_780' title='bbox 1619 4482 1787 4534; x_wconf 81' lang='lat' dir='ltr'><strong>carnis</strong></span> <span class='ocrx_word' id='word_1_781' title='bbox 1814 4494 1865 4551; x_wconf 82' lang='lat'><strong>1)</strong></span> <span class='ocrx_word' id='word_1_782' title='bbox 1890 4494 2037 4549; x_wconf 66' lang='lat' dir='ltr'><strong>vobis</strong></span> <span class='ocrx_word' id='word_1_783' title='bbox 2068 4492 2438 4560; x_wconf 62' lang='lat' dir='ltr'><strong>impedimento</strong></span> <span class='ocrx_word' id='word_1_784' title='bbox 2465 4488 2578 4554; x_wconf 57' lang='lat' dir='ltr'><strong>fuit,</strong></span> <span class='ocrx_word' id='word_1_785' title='bbox 2601 4486 2739 4558; x_wconf 81' lang='lat' dir='ltr'><strong>quod</strong></span> <span class='ocrx_word' id='word_1_786' title='bbox 2762 4488 2814 4541; x_wconf 71' lang='lat' dir='ltr'><strong>in</strong></span> <span class='ocrx_word' id='word_1_787' title='bbox 2839 4496 2997 4538; x_wconf 81' lang='lat' dir='ltr'><strong>carne</strong></span> <span class='ocrx_word' id='word_1_788' title='bbox 3019 4482 3254 4535; x_wconf 85' lang='lat' dir='ltr'><strong>inﬁrmus</strong></span> <span class='ocrx_word' id='word_1_789' title='bbox 3274 4494 3443 4543; x_wconf 72' lang='lat' dir='ltr'><strong>erant,</strong></span> 
     </span>
    </p>
   </div>
   <div class='ocr_carea' id='block_1_92' title="bbox 238 4571 1787 4644">
    <p class='ocr_par' dir='ltr' id='par_1_92' title="bbox 238 4571 1787 4644">
     <span class='ocr_line' id='line_1_92' title="bbox 238 4571 1787 4644; baseline 0.001 -16"><span class='ocrx_word' id='word_1_790' title='bbox 238 4575 567 4644; x_wconf 70' lang='lat' dir='ltr'><strong>euangelizavi</strong></span> <span class='ocrx_word' id='word_1_791' title='bbox 587 4574 719 4627; x_wconf 82' lang='lat' dir='ltr'><strong>vobis</strong></span> <span class='ocrx_word' id='word_1_792' title='bbox 744 4615 758 4636; x_wconf 92' lang='lat'><strong>,</strong></span> <span class='ocrx_word' id='word_1_793' title='bbox 789 4583 841 4626; x_wconf 89' lang='lat' dir='ltr'><strong>et</strong></span> <span class='ocrx_word' id='word_1_794' title='bbox 856 4571 1165 4643; x_wconf 83' lang='lat' dir='ltr'><strong>jampridem</strong></span> <span class='ocrx_word' id='word_1_795' title='bbox 1192 4572 1548 4641; x_wconf 83' lang='lat' dir='ltr'><strong>evangelizavi</strong></span> <span class='ocrx_word' id='word_1_796' title='bbox 1584 4592 1597 4627; x_wconf 88' lang='lat'><strong>:</strong></span> <span class='ocrx_word' id='word_1_797' title='bbox 1626 4588 1787 4643; x_wconf 85' lang='lat' dir='ltr'><strong>quare</strong></span> 
     </span>
    </p>
   </div>
   <div class='ocr_carea' id='block_1_93' title="bbox 238 4662 1787 4736">
    <p class='ocr_par' dir='ltr' id='par_1_93' title="bbox 238 4662 1787 4736">
     <span class='ocr_line' id='line_1_93' title="bbox 238 4662 1787 4736; baseline -0.003 -15"><span class='ocrx_word' id='word_1_798' title='bbox 238 4682 363 4736; x_wconf 82' lang='lat' dir='ltr'><strong>ergo</strong></span> <span class='ocrx_word' id='word_1_799' title='bbox 390 4666 667 4734; x_wconf 77' lang='lat' dir='ltr'><strong>adjmigitis</strong></span> <span class='ocrx_word' id='word_1_800' title='bbox 707 4665 836 4730; x_wconf 85' lang='lat' dir='ltr'><strong>alia,</strong></span> <span class='ocrx_word' id='word_1_801' title='bbox 868 4678 985 4733; x_wconf 71' lang='lat' dir='ltr'><strong>qua:</strong></span> <span class='ocrx_word' id='word_1_802' title='bbox 1029 4677 1126 4731; x_wconf 85' lang='lat' dir='ltr'><strong>ego</strong></span> <span class='ocrx_word' id='word_1_803' title='bbox 1156 4662 1304 4716; x_wconf 79' lang='lat' dir='ltr'><strong>vobis</strong></span> <span class='ocrx_word' id='word_1_804' title='bbox 1328 4678 1433 4716; x_wconf 91' lang='lat' dir='ltr'><strong>non</strong></span> <span class='ocrx_word' id='word_1_805' title='bbox 1460 4664 1787 4733; x_wconf 69' lang='lat' dir='ltr'><strong>evangeliea-</strong></span> 
     </span>
    </p>
   </div>
   <div class='ocr_carea' id='block_1_94' title="bbox 241 4755 1788 4824">
    <p class='ocr_par' dir='ltr' id='par_1_94' title="bbox 241 4755 1788 4824">
     <span class='ocr_line' id='line_1_94' title="bbox 241 4755 1788 4824; baseline -0.001 -14"><span class='ocrx_word' id='word_1_806' title='bbox 241 4759 333 4812; x_wconf 81' lang='lat' dir='ltr'><strong>vi?</strong></span> <span class='ocrx_word' id='word_1_807' title='bbox 371 4758 499 4811; x_wconf 92' lang='lat' dir='ltr'><strong>Cum</strong></span> <span class='ocrx_word' id='word_1_808' title='bbox 524 4765 697 4810; x_wconf 89' lang='lat' dir='ltr'><strong>autem</strong></span> <span class='ocrx_word' id='word_1_809' title='bbox 726 4756 855 4809; x_wconf 77' lang='lat' dir='ltr'><strong>dixit</strong></span> <span class='ocrx_word' id='word_1_810' title='bbox 905 4755 1031 4808; x_wconf 83' lang='lat' dir='ltr'><strong>nihil</strong></span> <span class='ocrx_word' id='word_1_811' title='bbox 1058 4771 1135 4807; x_wconf 87' lang='lat' dir='ltr'><strong>me</strong></span> <span class='ocrx_word' id='word_1_812' title='bbox 1174 4755 1369 4809; x_wconf 77' lang='lat' dir='ltr'><strong>lwsistis</strong></span> <span class='ocrx_word' id='word_1_813' title='bbox 1392 4755 1518 4808; x_wconf 90' lang='lat' dir='ltr'><strong>illud</strong></span> <span class='ocrx_word' id='word_1_814' title='bbox 1559 4755 1750 4824; x_wconf 81' lang='lat' dir='ltr'><strong>adjecit</strong></span> <span class='ocrx_word' id='word_1_815' title='bbox 1774 4798 1788 4821; x_wconf 94' lang='lat'><strong>,</strong></span> 
     </span>
    </p>
   </div>
   <div class='ocr_carea' id='block_1_95' title="bbox 242 4843 1788 4915">
    <p class='ocr_par' dir='ltr' id='par_1_95' title="bbox 242 4843 1788 4915">
     <span class='ocr_line' id='line_1_95' title="bbox 242 4843 1788 4915; baseline -0.003 -14"><span class='ocrx_word' id='word_1_816' title='bbox 242 4862 341 4901; x_wconf 89' lang='lat' dir='ltr'><strong>non</strong></span> <span class='ocrx_word' id='word_1_817' title='bbox 365 4846 559 4915; x_wconf 88' lang='lat' dir='ltr'><strong>aliquid</strong></span> <span class='ocrx_word' id='word_1_818' title='bbox 588 4844 735 4899; x_wconf 85' lang='lat' dir='ltr'><strong>vobis</strong></span> <span class='ocrx_word' id='word_1_819' title='bbox 763 4843 998 4898; x_wconf 84' lang='lat' dir='ltr'><strong>subtraxi</strong></span> <span class='ocrx_word' id='word_1_820' title='bbox 1020 4886 1034 4909; x_wconf 90' lang='lat'><strong>,</strong></span> <span class='ocrx_word' id='word_1_821' title='bbox 1061 4858 1163 4897; x_wconf 88' lang='lat' dir='ltr'><strong>non</strong></span> <span class='ocrx_word' id='word_1_822' title='bbox 1214 4844 1411 4913; x_wconf 89' lang='lat' dir='ltr'><strong>aliquid</strong></span> <span class='ocrx_word' id='word_1_823' title='bbox 1444 4845 1616 4899; x_wconf 91' lang='lat' dir='ltr'><strong>minus</strong></span> <span class='ocrx_word' id='word_1_824' title='bbox 1645 4845 1788 4910; x_wconf 78' lang='lat' dir='ltr'><strong>dixi,</strong></span> 
     </span>
    </p>
   </div>
   <div class='ocr_carea' id='block_1_96' title="bbox 242 4934 1790 5010">
    <p class='ocr_par' dir='ltr' id='par_1_96' title="bbox 242 4934 1790 5010">
     <span class='ocr_line' id='line_1_96' title="bbox 242 4934 1790 5010; baseline -0.001 -18"><span class='ocrx_word' id='word_1_825' title='bbox 242 4938 377 5010; x_wconf 89' lang='lat' dir='ltr'><strong>quod</strong></span> <span class='ocrx_word' id='word_1_826' title='bbox 407 4937 523 4990; x_wconf 83' lang='lat' dir='ltr'><strong>iacit</strong></span> <span class='ocrx_word' id='word_1_827' title='bbox 550 4936 635 4990; x_wconf 87' lang='lat' dir='ltr'><strong>ille</strong></span> <span class='ocrx_word' id='word_1_828' title='bbox 662 4936 749 5005; x_wconf 88' lang='lat' dir='ltr'><strong>qui</strong></span> <span class='ocrx_word' id='word_1_829' title='bbox 774 4936 981 4989; x_wconf 64' lang='lat' dir='ltr'><strong>laetlitur</strong></span> <span class='ocrx_word' id='word_1_830' title='bbox 1008 4952 1020 4987; x_wconf 92' lang='lat'><strong>:</strong></span> <span class='ocrx_word' id='word_1_831' title='bbox 1055 4950 1115 4989; x_wconf 91' lang='lat' dir='ltr'><strong>ac</strong></span> <span class='ocrx_word' id='word_1_832' title='bbox 1140 4950 1205 4989; x_wconf 92' lang='lat' dir='ltr'><strong>ne</strong></span> <span class='ocrx_word' id='word_1_833' title='bbox 1227 4934 1507 4989; x_wconf 87' lang='lat' dir='ltr'><strong>crederent</strong></span> <span class='ocrx_word' id='word_1_834' title='bbox 1547 4952 1605 4990; x_wconf 80' lang='lat' dir='ltr'><strong>se</strong></span> <span class='ocrx_word' id='word_1_835' title='bbox 1630 4937 1790 4990; x_wconf 91' lang='lat' dir='ltr'><strong>veluti</strong></span> 
     </span>
    </p>
   </div>
   <div class='ocr_carea' id='block_1_97' title="bbox 243 5024 1789 5096">
    <p class='ocr_par' dir='ltr' id='par_1_97' title="bbox 243 5024 1789 5096">
     <span class='ocr_line' id='line_1_97' title="bbox 243 5024 1789 5096; baseline -0.003 -12"><span class='ocrx_word' id='word_1_836' title='bbox 243 5030 389 5084; x_wconf 91' lang='lat' dir='ltr'><strong>oneri</strong></span> <span class='ocrx_word' id='word_1_837' title='bbox 415 5028 605 5093; x_wconf 80' lang='lat' dir='ltr'><strong>fuisse,</strong></span> <span class='ocrx_word' id='word_1_838' title='bbox 632 5042 749 5079; x_wconf 90' lang='lat' dir='ltr'><strong>eum</strong></span> <span class='ocrx_word' id='word_1_839' title='bbox 785 5024 1025 5079; x_wconf 87' lang='lat' dir='ltr'><strong>inﬁrmus</strong></span> <span class='ocrx_word' id='word_1_840' title='bbox 1077 5024 1156 5096; x_wconf 82' lang='grc' dir='ltr'><strong>(Ἰ)</strong></span> <span class='ocrx_word' id='word_1_841' title='bbox 1199 5040 1357 5079; x_wconf 89' lang='lat' dir='ltr'><strong>carne</strong></span> <span class='ocrx_word' id='word_1_842' title='bbox 1385 5026 1789 5093; x_wconf 86' lang='lat' dir='ltr'><strong>evangelizavit,</strong></span> 
     </span>
    </p>
   </div>
   <div class='ocr_carea' id='block_1_98' title="bbox 244 5115 1790 5184">
    <p class='ocr_par' dir='ltr' id='par_1_98' title="bbox 244 5115 1790 5184">
     <span class='ocr_line' id='line_1_98' title="bbox 244 5115 1790 5184; baseline -0.003 -12"><span class='ocrx_word' id='word_1_843' title='bbox 244 5117 440 5173; x_wconf 89' lang='lat' dir='ltr'><strong>idcirco</strong></span> <span class='ocrx_word' id='word_1_844' title='bbox 468 5115 561 5180; x_wconf 88' lang='lat' dir='ltr'><strong>ait,</strong></span> <span class='ocrx_word' id='word_1_845' title='bbox 594 5115 721 5168; x_wconf 85' lang='lat' dir='ltr'><strong>nihil</strong></span> <span class='ocrx_word' id='word_1_846' title='bbox 744 5130 820 5167; x_wconf 87' lang='lat' dir='ltr'><strong>me</strong></span> <span class='ocrx_word' id='word_1_847' title='bbox 854 5115 1070 5180; x_wconf 73' lang='lat' dir='ltr'><strong>lwsistis,</strong></span> <span class='ocrx_word' id='word_1_848' title='bbox 1100 5123 1152 5169; x_wconf 91' lang='lat' dir='ltr'><strong>et</strong></span> <span class='ocrx_word' id='word_1_849' title='bbox 1180 5128 1277 5184; x_wconf 85' lang='lat' dir='ltr'><strong>ego</strong></span> <span class='ocrx_word' id='word_1_850' title='bbox 1317 5124 1530 5184; x_wconf 91' lang='lat' dir='ltr'><strong>pr0pter</strong></span> <span class='ocrx_word' id='word_1_851' title='bbox 1567 5129 1662 5169; x_wconf 91' lang='lat' dir='ltr'><strong>vos</strong></span> <span class='ocrx_word' id='word_1_852' title='bbox 1708 5115 1790 5168; x_wconf 91' lang='lat' dir='ltr'><strong>in-</strong></span> 
     </span>
    </p>
   </div>
   <div class='ocr_carea' id='block_1_99' title="bbox 311 5271 1020 5343">
    <p class='ocr_par' dir='ltr' id='par_1_99' title="bbox 311 5271 1020 5343">
     <span class='ocr_line' id='line_1_99' title="bbox 311 5271 1020 5343; baseline -0.008 -13"><span class='ocrx_word' id='word_1_853' title='bbox 311 5275 388 5343; x_wconf 81' lang='grc'><strong>(1)</strong></span> <span class='ocrx_word' id='word_1_854' title='bbox 415 5274 665 5343; x_wconf 80' lang='lat' dir='ltr'><strong>Nutemus</strong></span> <span class='ocrx_word' id='word_1_855' title='bbox 689 5271 1020 5327; x_wconf 86' lang='lat' dir='ltr'><strong>vocabulum.</strong></span> 
     </span>
    </p>
   </div>
   <div class='ocr_carea' id='block_1_100' title="bbox 335 5342 825 5411">
    <p class='ocr_par' dir='ltr' id='par_1_100' title="bbox 335 5342 825 5411">
     <span class='ocr_line' id='line_1_100' title="bbox 335 5342 825 5411; baseline -0.014 -10"><span class='ocrx_word' id='word_1_856' title='bbox 335 5342 389 5411; x_wconf 68' lang='grc'><strong>2)</strong></span> <span class='ocrx_word' id='word_1_857' title='bbox 422 5344 595 5411; x_wconf 86' lang='lat' dir='ltr'><strong>Vulg.,</strong></span> <span class='ocrx_word' id='word_1_858' title='bbox 630 5342 825 5396; x_wconf 84' lang='lat' dir='ltr'><strong>Denuo.</strong></span> 
     </span>
    </p>
   </div>
   <div class='ocr_carea' id='block_1_101' title="bbox 334 5413 683 5471">
    <p class='ocr_par' dir='ltr' id='par_1_101' title="bbox 334 5413 683 5471">
     <span class='ocr_line' id='line_1_101' title="bbox 334 5413 683 5471; baseline -0.023 0"><span class='ocrx_word' id='word_1_859' title='bbox 334 5413 390 5471; x_wconf 74' lang='lat'><strong>5&#39;)</strong></span> <span class='ocrx_word' id='word_1_860' title='bbox 416 5413 581 5469; x_wconf 86' lang='lat' dir='ltr'><strong>Codd.</strong></span> <span class='ocrx_word' id='word_1_861' title='bbox 612 5420 683 5465; x_wconf 84' lang='lat' dir='ltr'><strong>ut.</strong></span> 
     </span>
    </p>
   </div>
   <div class='ocr_carea' id='block_1_102' title="bbox 313 5347 1701 5607">
    <p class='ocr_par' dir='ltr' id='par_1_102' title="bbox 313 5347 1701 5607">
     <span class='ocr_line' id='line_1_102' title="bbox 335 5347 825 5416; baseline -0.014 -15"><span class='ocrx_word' id='word_1_862' title='bbox 335 5347 389 5416; x_wconf 68' lang='lat'><strong>2)</strong></span> <span class='ocrx_word' id='word_1_863' title='bbox 422 5347 595 5411; x_wconf 86' lang='lat' dir='ltr'><strong>Vulg.,</strong></span> <span class='ocrx_word' id='word_1_864' title='bbox 630 5347 825 5396; x_wconf 84' lang='lat' dir='ltr'><strong>Denuo.</strong></span> 
     </span>
     <span class='ocr_line' id='line_1_103' title="bbox 334 5413 683 5471; baseline -0.023 0"><span class='ocrx_word' id='word_1_865' title='bbox 334 5418 367 5471; x_wconf 79' lang='lat'><strong>5</strong></span> <span class='ocrx_word' id='word_1_866' title='bbox 416 5413 581 5469; x_wconf 86' lang='lat' dir='ltr'><strong>Codd.</strong></span> <span class='ocrx_word' id='word_1_867' title='bbox 612 5420 683 5465; x_wconf 87' lang='lat' dir='ltr'><strong>ut.</strong></span> 
     </span>
     <span class='ocr_line' id='line_1_104' title="bbox 313 5347 1701 5607; baseline -0.002 -71"><span class='ocrx_word' id='word_1_868' title='bbox 416 5482 695 5607; x_wconf 46' lang='lat' dir='ltr'><strong>tildhtt‘i‘e</strong></span> <span class='ocrx_word' id='word_1_869' title='bbox 720 5479 942 5534; x_wconf 87' lang='lat' dir='ltr'><strong>dicimus</strong></span> <span class='ocrx_word' id='word_1_870' title='bbox 972 5479 1023 5533; x_wconf 91' lang='lat' dir='ltr'><strong>in</strong></span> <span class='ocrx_word' id='word_1_871' title='bbox 1047 5493 1290 5535; x_wconf 85' lang='lat' dir='ltr'><strong>sermone</strong></span> <span class='ocrx_word' id='word_1_872' title='bbox 1320 5479 1701 5536; x_wconf 83' lang='lat' dir='ltr'><strong>ecclesiastico.</strong></span> 
     </span>
    </p>
   </div>
   <div class='ocr_carea' id='block_1_103' title="bbox 339 5554 695 5609">
    <p class='ocr_par' dir='ltr' id='par_1_103' title="bbox 339 5554 695 5609">
     <span class='ocr_line' id='line_1_105' title="bbox 339 5554 695 5609; baseline -0.011 0"><span class='ocrx_word' id='word_1_873' title='bbox 339 5554 394 5609; x_wconf 80' lang='grc'><strong>51</strong></span> <span class='ocrx_word' id='word_1_874' title='bbox 423 5554 589 5607; x_wconf 67' lang='lat' dir='ltr'><strong>Codd.</strong></span> <span class='ocrx_word' id='word_1_875' title='bbox 621 5560 695 5605; x_wconf 87' lang='lat' dir='ltr'><strong>ut.</strong></span> 
     </span>
    </p>
   </div>
   <div class='ocr_carea' id='block_1_104' title="bbox 314 5560 1035 5696">
    <p class='ocr_par' dir='ltr' id='par_1_104' title="bbox 314 5560 1035 5696">
     <span class='ocr_line' id='line_1_106' title="bbox 314 5560 695 5623; baseline -0.01 -14"><span class='ocrx_word' id='word_1_876' title='bbox 314 5560 394 5623; x_wconf 84' lang='lat'><strong>(5)</strong></span> <span class='ocrx_word' id='word_1_877' title='bbox 423 5560 589 5607; x_wconf 63' lang='lat' dir='ltr'><strong>Cedd.</strong></span> <span class='ocrx_word' id='word_1_878' title='bbox 621 5560 695 5605; x_wconf 86' lang='lat' dir='ltr'><strong>ut.</strong></span> 
     </span>
     <span class='ocr_line' id='line_1_107' title="bbox 319 5617 1035 5696; baseline -0.013 0"><span class='ocrx_word' id='word_1_879' title='bbox 319 5624 403 5696; x_wconf 77' lang='grc' dir='ltr'><strong>(ϐ)</strong></span> <span class='ocrx_word' id='word_1_880' title='bbox 431 5623 565 5696; x_wconf 67' lang='lat' dir='ltr'><strong>Quis</strong></span> <span class='ocrx_word' id='word_1_881' title='bbox 592 5619 728 5696; x_wconf 52' lang='grc' dir='ltr'>δριιά</span> <span class='ocrx_word' id='word_1_882' title='bbox 759 5617 914 5696; x_wconf 66' lang='grc' dir='ltr'>Ῡιιιεο</span> <span class='ocrx_word' id='word_1_883' title='bbox 947 5617 1035 5674; x_wconf 62' lang='lat' dir='ltr'><strong>ed.</strong></span> 
     </span>
    </p>
   </div>
   <div class='ocr_carea' id='block_1_105' title="bbox 342 5690 842 5763">
    <p class='ocr_par' dir='ltr' id='par_1_105' title="bbox 342 5690 842 5763">
     <span class='ocr_line' id='line_1_108' title="bbox 342 5690 842 5763; baseline -0.014 -15"><span class='ocrx_word' id='word_1_884' title='bbox 342 5690 394 5763; x_wconf 76' lang='grc' dir='ltr'><strong>τ)</strong></span> <span class='ocrx_word' id='word_1_885' title='bbox 422 5690 588 5747; x_wconf 87' lang='lat' dir='ltr'><strong>Codd.</strong></span> <span class='ocrx_word' id='word_1_886' title='bbox 607 5690 842 5759; x_wconf 78' lang='lat' dir='ltr'><strong>inﬁrmis.</strong></span> 
     </span>
    </p>
   </div>
   <div class='ocr_carea' id='block_1_106' title="bbox 1889 4568 3447 4647">
    <p class='ocr_par' dir='ltr' id='par_1_106' title="bbox 1889 4568 3447 4647">
     <span class='ocr_line' id='line_1_109' title="bbox 1889 4568 3447 4647; baseline -0.013 -10"><span class='ocrx_word' id='word_1_887' title='bbox 1889 4582 1981 4638; x_wconf 91' lang='lat' dir='ltr'><strong>sed</strong></span> <span class='ocrx_word' id='word_1_888' title='bbox 2011 4581 2284 4647; x_wconf 82' lang='lat' dir='ltr'><strong>accepistis</strong></span> <span class='ocrx_word' id='word_1_889' title='bbox 2312 4594 2394 4632; x_wconf 91' lang='lat' dir='ltr'><strong>me</strong></span> <span class='ocrx_word' id='word_1_890' title='bbox 2420 4589 2476 4631; x_wconf 93' lang='lat' dir='ltr'><strong>ut</strong></span> <span class='ocrx_word' id='word_1_891' title='bbox 2520 4578 2761 4643; x_wconf 81' lang='lat' dir='ltr'><strong>angelum</strong></span> <span class='ocrx_word' id='word_1_892' title='bbox 2814 4574 2934 4638; x_wconf 90' lang='lat' dir='ltr'><strong>Dei,</strong></span> <span class='ocrx_word' id='word_1_893' title='bbox 2964 4571 3015 4624; x_wconf 92' lang='lat' dir='ltr'><strong>id</strong></span> <span class='ocrx_word' id='word_1_894' title='bbox 3041 4578 3123 4623; x_wconf 90' lang='lat' dir='ltr'><strong>est</strong></span> <span class='ocrx_word' id='word_1_895' title='bbox 3174 4568 3408 4622; x_wconf 86' lang='lat' dir='ltr'><strong>nuntium</strong></span> <span class='ocrx_word' id='word_1_896' title='bbox 3427 4605 3447 4634; x_wconf 87' lang='lat'><strong>,</strong></span> 
     </span>
    </p>
   </div>
   <div class='ocr_carea' id='block_1_107' title="bbox 1890 4658 3447 4743">
    <p class='ocr_par' dir='ltr' id='par_1_107' title="bbox 1890 4658 3447 4743">
     <span class='ocr_line' id='line_1_110' title="bbox 1890 4658 3447 4743; baseline -0.01 -16"><span class='ocrx_word' id='word_1_897' title='bbox 1890 4673 2288 4743; x_wconf 73' lang='lat' dir='ltr'><strong>prmdicatorem</strong></span> <span class='ocrx_word' id='word_1_898' title='bbox 2338 4684 2366 4722; x_wconf 90' lang='lat' dir='ltr'><strong>a</strong></span> <span class='ocrx_word' id='word_1_899' title='bbox 2400 4668 2504 4721; x_wconf 89' lang='lat' dir='ltr'><strong>Deo</strong></span> <span class='ocrx_word' id='word_1_900' title='bbox 2537 4669 2782 4731; x_wconf 88' lang='lat' dir='ltr'><strong>missum;</strong></span> <span class='ocrx_word' id='word_1_901' title='bbox 2816 4666 2897 4717; x_wconf 80' lang='lat' dir='ltr'><strong>hic</strong></span> <span class='ocrx_word' id='word_1_902' title='bbox 2945 4673 3023 4717; x_wconf 91' lang='lat' dir='ltr'><strong>est</strong></span> <span class='ocrx_word' id='word_1_903' title='bbox 3055 4661 3197 4714; x_wconf 90' lang='lat' dir='ltr'><strong>enim</strong></span> <span class='ocrx_word' id='word_1_904' title='bbox 3228 4658 3447 4726; x_wconf 83' lang='lat' dir='ltr'><strong>angelus</strong></span> 
     </span>
    </p>
   </div>
   <div class='ocr_carea' id='block_1_108' title="bbox 1894 4751 3450 4826">
    <p class='ocr_par' dir='ltr' id='par_1_108' title="bbox 1894 4751 3450 4826">
     <span class='ocr_line' id='line_1_111' title="bbox 1894 4751 3450 4826; baseline -0.01 -10"><span class='ocrx_word' id='word_1_905' title='bbox 1894 4764 2017 4826; x_wconf 86' lang='lat' dir='ltr'><strong>Dei;</strong></span> <span class='ocrx_word' id='word_1_906' title='bbox 2053 4771 2216 4815; x_wconf 90' lang='lat' dir='ltr'><strong>etme</strong></span> <span class='ocrx_word' id='word_1_907' title='bbox 2247 4758 2550 4826; x_wconf 84' lang='lat' dir='ltr'><strong>suscepistis</strong></span> <span class='ocrx_word' id='word_1_908' title='bbox 2591 4768 2647 4809; x_wconf 90' lang='lat' dir='ltr'><strong>ut</strong></span> <span class='ocrx_word' id='word_1_909' title='bbox 2695 4755 2963 4809; x_wconf 84' lang='lat' dir='ltr'><strong>Chi-istum</strong></span> <span class='ocrx_word' id='word_1_910' title='bbox 3026 4751 3244 4813; x_wconf 84' lang='lat' dir='ltr'><strong>.lesum,</strong></span> <span class='ocrx_word' id='word_1_911' title='bbox 3292 4763 3450 4814; x_wconf 88' lang='lat' dir='ltr'><strong>quem</strong></span> 
     </span>
    </p>
   </div>
   <div class='ocr_carea' id='block_1_109' title="bbox 1896 4841 3453 4921">
    <p class='ocr_par' dir='ltr' id='par_1_109' title="bbox 1896 4841 3453 4921">
     <span class='ocr_line' id='line_1_112' title="bbox 1896 4841 3453 4921; baseline -0.008 -16"><span class='ocrx_word' id='word_1_912' title='bbox 1896 4853 2048 4907; x_wconf 85' lang='lat' dir='ltr'><strong>vobis</strong></span> <span class='ocrx_word' id='word_1_913' title='bbox 2077 4851 2421 4921; x_wconf 63' lang='lat' dir='ltr'><strong>praedicabant</strong></span> <span class='ocrx_word' id='word_1_914' title='bbox 2456 4867 2470 4902; x_wconf 89' lang='lat'><strong>:</strong></span> <span class='ocrx_word' id='word_1_915' title='bbox 2502 4850 2571 4902; x_wconf 87' lang='lat' dir='ltr'><strong>ita</strong></span> <span class='ocrx_word' id='word_1_916' title='bbox 2604 4862 2728 4902; x_wconf 88' lang='lat' dir='ltr'><strong>vere</strong></span> <span class='ocrx_word' id='word_1_917' title='bbox 2767 4846 3035 4899; x_wconf 88' lang='lat' dir='ltr'><strong>Christum</strong></span> <span class='ocrx_word' id='word_1_918' title='bbox 3062 4841 3239 4895; x_wconf 85' lang='lat' dir='ltr'><strong>Jcsum</strong></span> <span class='ocrx_word' id='word_1_919' title='bbox 3270 4852 3453 4893; x_wconf 62' lang='lat' dir='ltr'><strong>susce«</strong></span> 
     </span>
    </p>
   </div>
   <div class='ocr_carea' id='block_1_110' title="bbox 1897 4927 3455 5012">
    <p class='ocr_par' dir='ltr' id='par_1_110' title="bbox 1897 4927 3455 5012">
     <span class='ocr_line' id='line_1_113' title="bbox 1897 4927 3455 5012; baseline -0.011 -15"><span class='ocrx_word' id='word_1_920' title='bbox 1897 4944 2074 5012; x_wconf 89' lang='lat' dir='ltr'><strong>pistis,</strong></span> <span class='ocrx_word' id='word_1_921' title='bbox 2109 4944 2151 4995; x_wconf 91' lang='lat' dir='ltr'><strong>si</strong></span> <span class='ocrx_word' id='word_1_922' title='bbox 2181 4958 2262 4995; x_wconf 90' lang='lat' dir='ltr'><strong>me</strong></span> <span class='ocrx_word' id='word_1_923' title='bbox 2305 4940 2579 5008; x_wconf 88' lang='lat' dir='ltr'><strong>recepistis</strong></span> <span class='ocrx_word' id='word_1_924' title='bbox 2629 4937 2869 5007; x_wconf 86' lang='lat' dir='ltr'><strong>angelum</strong></span> <span class='ocrx_word' id='word_1_925' title='bbox 2926 4934 3049 4997; x_wconf 89' lang='lat' dir='ltr'><strong>Dei,</strong></span> <span class='ocrx_word' id='word_1_926' title='bbox 3079 4927 3342 5001; x_wconf 90' lang='lat' dir='ltr'><strong>quomodo</strong></span> <span class='ocrx_word' id='word_1_927' title='bbox 3371 4942 3455 4981; x_wconf 79' lang='lat' dir='ltr'><strong>re-</strong></span> 
     </span>
    </p>
   </div>
   <div class='ocr_carea' id='block_1_111' title="bbox 1898 5029 2640 5104">
    <p class='ocr_par' dir='ltr' id='par_1_111' title="bbox 1898 5029 2640 5104">
     <span class='ocr_line' id='line_1_114' title="bbox 1898 5029 2640 5104; baseline -0.012 -16"><span class='ocrx_word' id='word_1_928' title='bbox 1898 5034 2111 5104; x_wconf 88' lang='lat' dir='ltr'><strong>cepistis</strong></span> <span class='ocrx_word' id='word_1_929' title='bbox 2139 5031 2407 5085; x_wconf 88' lang='lat' dir='ltr'><strong>Christum</strong></span> <span class='ocrx_word' id='word_1_930' title='bbox 2438 5029 2640 5083; x_wconf 83' lang='lat' dir='ltr'><strong>Jesum.</strong></span> 
     </span>
    </p>
   </div>
   <div class='ocr_carea' id='block_1_112' title="bbox 1968 5105 3459 5190">
    <p class='ocr_par' dir='ltr' id='par_1_112' title="bbox 1968 5105 3459 5190">
     <span class='ocr_line' id='line_1_115' title="bbox 1968 5105 3459 5190; baseline -0.013 -12"><span class='ocrx_word' id='word_1_931' title='bbox 1968 5124 2129 5178; x_wconf 77' lang='lat' dir='ltr'><strong>Vens.</strong></span> <span class='ocrx_word' id='word_1_932' title='bbox 2185 5118 2268 5176; x_wconf 82' lang='lat' dir='ltr'><strong>l5.</strong></span> <span class='ocrx_word' id='word_1_933' title='bbox 2326 5152 2395 5162; x_wconf 92' lang='lat'><strong>—</strong></span> <span class='ocrx_word' id='word_1_934' title='bbox 2424 5121 2547 5185; x_wconf 63' lang='lat' dir='ltr'><strong>Quae</strong></span> <span class='ocrx_word' id='word_1_935' title='bbox 2576 5136 2696 5190; x_wconf 86' lang='lat' dir='ltr'><strong>ergo</strong></span> <span class='ocrx_word' id='word_1_936' title='bbox 2724 5118 2800 5188; x_wconf 74' lang='lat'><strong>(2)</strong></span> <span class='ocrx_word' id='word_1_937' title='bbox 2831 5124 2935 5169; x_wconf 88' lang='lat' dir='ltr'><strong>erat</strong></span> <span class='ocrx_word' id='word_1_938' title='bbox 2966 5111 3216 5168; x_wconf 83' lang='lat' dir='ltr'><strong>beatitudo</strong></span> <span class='ocrx_word' id='word_1_939' title='bbox 3248 5105 3459 5163; x_wconf 70' lang='lat' dir='ltr'><strong>uestra?</strong></span> 
     </span>
    </p>
   </div>
   <div class='ocr_carea' id='block_1_113' title="bbox 1898 5201 3463 5272">
    <p class='ocr_par' dir='ltr' id='par_1_113' title="bbox 1898 5201 3463 5272">
     <span class='ocr_line' id='line_1_116' title="bbox 1898 5201 3463 5272; baseline -0.013 -4"><span class='ocrx_word' id='word_1_940' title='bbox 1898 5213 2013 5269; x_wconf 86' lang='lat' dir='ltr'><strong>Jam</strong></span> <span class='ocrx_word' id='word_1_941' title='bbox 2055 5212 2285 5268; x_wconf 89' lang='lat' dir='ltr'><strong>ostendit</strong></span> <span class='ocrx_word' id='word_1_942' title='bbox 2324 5211 2442 5265; x_wconf 86' lang='lat' dir='ltr'><strong>illos</strong></span> <span class='ocrx_word' id='word_1_943' title='bbox 2490 5224 2628 5264; x_wconf 91' lang='lat' dir='ltr'><strong>nunc</strong></span> <span class='ocrx_word' id='word_1_944' title='bbox 2683 5209 2943 5272; x_wconf 88' lang='lat' dir='ltr'><strong>miseros,</strong></span> <span class='ocrx_word' id='word_1_945' title='bbox 2998 5201 3255 5271; x_wconf 89' lang='lat' dir='ltr'><strong>siquidem</strong></span> <span class='ocrx_word' id='word_1_946' title='bbox 3310 5204 3463 5251; x_wconf 86' lang='lat' dir='ltr'><strong>antea</strong></span> 
     </span>
    </p>
   </div>
   <div class='ocr_carea' id='block_1_114' title="bbox 1978 5388 3462 5480">
    <p class='ocr_par' dir='ltr' id='par_1_114' title="bbox 1978 5388 3462 5480">
     <span class='ocr_line' id='line_1_117' title="bbox 1978 5388 3462 5480; baseline -0.016 -15"><span class='ocrx_word' id='word_1_947' title='bbox 1978 5410 2059 5480; x_wconf 85' lang='grc'><strong>(1)</strong></span> <span class='ocrx_word' id='word_1_948' title='bbox 2086 5408 2335 5464; x_wconf 85' lang='lat' dir='ltr'><strong>Notentus</strong></span> <span class='ocrx_word' id='word_1_949' title='bbox 2371 5406 2636 5462; x_wconf 85' lang='lat' dir='ltr'><strong>diversam</strong></span> <span class='ocrx_word' id='word_1_950' title='bbox 2682 5418 2708 5455; x_wconf 92' lang='lat' dir='ltr'><strong>a</strong></span> <span class='ocrx_word' id='word_1_951' title='bbox 2738 5400 2953 5470; x_wconf 79' lang='lat' dir='ltr'><strong>Vulgata</strong></span> <span class='ocrx_word' id='word_1_952' title='bbox 3002 5392 3203 5467; x_wconf 87' lang='lat' dir='ltr'><strong>periodi</strong></span> <span class='ocrx_word' id='word_1_953' title='bbox 3246 5388 3462 5445; x_wconf 83' lang='lat' dir='ltr'><strong>divisio-</strong></span> 
     </span>
    </p>
   </div>
   <div class='ocr_carea' id='block_1_115' title="bbox 1908 5495 3473 5618">
    <p class='ocr_par' dir='ltr' id='par_1_115' title="bbox 1908 5495 3473 5618">
     <span class='ocr_line' id='line_1_118' title="bbox 1908 5495 3473 5618; baseline -0.019 -10"><span class='ocrx_word' id='word_1_954' title='bbox 1908 5495 2055 5618; x_wconf 54' lang='lat'><strong>“(&#39;33</strong></span> <span class='ocrx_word' id='word_1_955' title='bbox 2090 5548 2241 5618; x_wconf 90' lang='lat' dir='ltr'><strong>Vulg.</strong></span> <span class='ocrx_word' id='word_1_956' title='bbox 2274 5547 2463 5613; x_wconf 82' lang='lat' dir='ltr'><strong>habet,</strong></span> <span class='ocrx_word' id='word_1_957' title='bbox 2494 5546 2581 5601; x_wconf 86' lang='lat' dir='ltr'><strong>sed</strong></span> <span class='ocrx_word' id='word_1_958' title='bbox 2606 5546 2731 5599; x_wconf 83' lang='lat' dir='ltr'><strong>sicut</strong></span> <span class='ocrx_word' id='word_1_959' title='bbox 2775 5539 3120 5610; x_wconf 87' lang='lat' dir='ltr'><strong>angelum.....</strong></span> <span class='ocrx_word' id='word_1_960' title='bbox 3149 5533 3274 5588; x_wconf 74' lang='lat' dir='ltr'><strong>sicut</strong></span> <span class='ocrx_word' id='word_1_961' title='bbox 3323 5526 3473 5582; x_wconf 79' lang='lat' dir='ltr'><strong>Citri-</strong></span> 
     </span>
    </p>
   </div>
   <div class='ocr_carea' id='block_1_116' title="bbox 1912 5629 3074 5760">
    <p class='ocr_par' dir='ltr' id='par_1_116' title="bbox 1912 5629 3074 5760">
     <span class='ocr_line' id='line_1_119' title="bbox 1912 5629 3074 5760; baseline -0.011 -16"><span class='ocrx_word' id='word_1_962' title='bbox 1912 5629 2064 5759; x_wconf 49' lang='lat' dir='ltr'><strong>“alii</strong></span> <span class='ocrx_word' id='word_1_963' title='bbox 2089 5687 2305 5760; x_wconf 85' lang='lat' dir='ltr'><strong>Legitur</strong></span> <span class='ocrx_word' id='word_1_964' title='bbox 2336 5689 2388 5745; x_wconf 91' lang='lat' dir='ltr'><strong>in</strong></span> <span class='ocrx_word' id='word_1_965' title='bbox 2419 5685 2576 5759; x_wconf 85' lang='lat' dir='ltr'><strong>Vulg.</strong></span> <span class='ocrx_word' id='word_1_966' title='bbox 2600 5684 2683 5740; x_wconf 85' lang='lat' dir='ltr'><strong>ubi</strong></span> <span class='ocrx_word' id='word_1_967' title='bbox 2709 5691 2779 5738; x_wconf 86' lang='lat' dir='ltr'><strong>est</strong></span> <span class='ocrx_word' id='word_1_968' title='bbox 2804 5696 2943 5752; x_wconf 83' lang='lat' dir='ltr'><strong>ergo,</strong></span> <span class='ocrx_word' id='word_1_969' title='bbox 2968 5686 3074 5734; x_wconf 89' lang='lat' dir='ltr'><strong>etc.</strong></span> 
     </span>
    </p>
   </div>
  </div>
