3950 6206
480 257 624 318 “83

1705 266 1890 322 lll.\llll
1930 267 2259 322 VlCTORh‘lI
2301 271 2456 326 AFRI

3630 268 3752 326 “Si

482 374 755 432 beatitudo
783 376 886 431 illis
917 376 1270 448 fuerat,quia
1321 388 1633 449 receperant
1688 378 1866 432 Jesum
1900 379 2049 432 Chri-
2076 383 2125 442 Α
2154 381 2344 434 vidiam
2395 384 2782 440 mmulationem
2831 388 3091 455 positam,
3148 388 3402 458 adjungit
3458 402 3576 438 non
3625 384 3753 435 bene.

484 479 623 526 stum
650 512 664 537 ,
694 473 814 542 quia
846 473 1063 526 Paulum
1097 483 1154 528 ιιι
1182 475 1426 543 angelum
1463 475 1574 530 Dei.
1605 474 1809 544 Magna,
1840 476 2006 544 inquit
2032 516 2047 541 ,

483 560 584 616 fuit
609 571 782 616 vestra
817 562 1087 617 beatitudo
1119 584 1133 617 :
1162 573 1306 630 erat,
1332 565 1503 632 inquit
1532 581 1544 616 :
1598 579 1737 618 nunc
1764 565 1920 634 igitur
1950 566 2050 618 uti-

482 668 586 723 que
614 664 796 708 contra
817 694 832 719 ,
857 654 978 708 dum
1010 653 1292 723 adjungitis
1339 669 1400 708 ea
1440 669 1556 724 qua:
1585 670 1686 709 non
1719 655 1904 718 docui,
1945 670 2046 708 non

483 744 791 812 insinuavi,
821 761 938 815 quae
975 755 1119 800 extra
1151 745 1483 813 evangelium
1511 755 1660 808 sunt,
1720 746 1805 800 illa
1851 747 2050 801 scilicet

479 853 597 907 qua:
632 853 785 906 supra
803 838 932 893 dixi.
953 838 1320 892 Testimonium
1338 839 1472 892 vobis
1509 839 1760 908 perltibeo,
1787 839 2044 908 quoniam,

477 930 522 983 si
552 929 663 996 fieri
706 938 893 997 posset,
943 930 1116 982 oculos
1163 941 1349 984 vestros
1396 931 1648 983 eruissetis
1704 941 1747 982 et
1791 929 2048 982 dedissetis

478 1019 608 1072 mihi
644 1019 744 1089 (l).
776 1019 862 1073 Sic
891 1034 975 1072 me
1004 1019 1344 1088 suscepistis,
1377 1028 1428 1073 et
1457 1019 1611 1074 talem
1644 1033 1766 1088 erga
1799 1034 1881 1071 me
1936 1019 2049 1071 ani-

480 1125 625 1164 mum
656 1110 912 1165 habuistis
934 1152 946 1175 ,
975 1111 1134 1164 talem
1183 1114 1503 1166 voluntatem
1526 1152 1539 1175 ,
1573 1122 1625 1164 ut
1662 1110 1770 1180 jam
1799 1111 2046 1180 quoniam

481 1201 615 1256 nihil
644 1210 726 1256 est
751 1201 963 1256 charius
1006 1203 1206 1256 homini
1239 1203 1435 1266 oculis,
1466 1203 1606 1270 ipsos
1637 1215 1842 1269 quoque
1869 1201 2048 1254 oculos

477 1310 667 1350 eruere
686 1296 842 1350 vobis
871 1295 1076 1350 velletis
1108 1295 1204 1367 (2),
1240 1305 1291 1350 et
1321 1295 1446 1350 mihi
1477 1295 1622 1349 dare.
1659 1295 1797 1364 Ergo
1823 1308 1940 1347 cum
1971 1293 2048 1348 sic

479 1399 564 1439 me
594 1386 896 1440 amaveritis
917 1429 929 1451 ,
963 1395 1017 1440 et
1065 1386 1370 1440 amaveritis
1425 1395 1640 1455 propter
1680 1383 2005 1454 evangelium
2028 1422 2043 1448 ,

479 1475 617 1530 unde
646 1475 794 1529 Vobis
824 1467 925 1530 ista
953 1476 1213 1530 sententia
1240 1486 1352 1536 est.
1384 1486 1440 1529 ut
1469 1476 1726 1546 adjiciatis
1755 1491 1816 1529 ea
1845 1477 1908 1529 ad
1940 1475 2047 1529 dis-

477 1566 722 1634 ciplinam
741 1606 754 1631 ,
791 1581 908 1634 qua:
934 1580 963 1619 a
983 1582 1065 1620 me
1091 1567 1450 1636 evangelizata
1481 1582 1584 1620 non
1614 1566 1778 1619 sunt?
1804 1566 1855 1619 id
1885 1573 1964 1619 est
1993 1573 2050 1619 ut

477 1667 671 1728 praeter
700 1657 968 1713 Christum
997 1658 1192 1728 aliquid
1239 1659 1305 1714 de
1350 1659 1464 1728 lege
1512 1658 1744 1724 faciatis,
1775 1670 1828 1714 et
1856 1676 1958 1714 non
1991 1671 2048 1716 ut

2151 468 2674 527 Emttlaminiautem
2696 477 2904 529 meliora
2932 479 3097 544 dona,
3151 492 3254 530 non
3287 479 3380 531 illa
3426 490 3568 545 qua:
3598 473 3757 529 Judaei

2153 559 2374 626 habent,
2405 577 2523 631 quae
2556 564 2687 618 bona
2717 581 2818 619 non
2848 576 3003 633 sunt,
3052 583 3113 621 ac
3142 569 3367 622 meliora
3407 583 3534 620 non
3595 576 3755 629 sum;

2150 663 2244 703 vos
2270 661 2444 705 autem
2471 653 2792 707 atmulcmiui
2823 671 2882 708 ea
2926 673 3042 724 quae
3072 659 3206 710 bona
3236 669 3362 711 sunt
3386 699 3405 721 ,
3437 666 3503 711 et
3534 656 3758 710 meliora

2149 739 2315 805 dona,
2350 742 2400 795 id
2449 753 2530 797 est
2569 746 2640 798 uti
2673 747 2928 814 quidquid
2980 749 3030 800 itt
3082 748 3183 801 ﬁde
3225 758 3280 802 et
3305 749 3608 801 cltnrilalc
3651 758 3758 810 est,

2149 836 2291 890 circa
2314 835 2578 892 Christum
2612 843 2947 908 a‘mulcmini,
2968 853 3020 896 et
3044 843 3140 897 hoc
3166 845 3510 911 sequamini.
3552 842 3760 896 Bonum

2149 937 2231 981 est
2255 929 2489 982 a'mnlari
2518 929 2733 984 meliora
2772 946 2999 999 semper.
3030 931 3174 995 Non,
3218 934 3486 986 aemulari
3550 934 3755 985 bonum

2148 1026 2262 1080 est;
2294 1018 2386 1071 sed
2439 1019 2655 1073 meliora
2712 1023 2944 1074 a-mulari
2993 1030 3048 1075 et
3100 1038 3331 1091 semper,
3371 1025 3609 1077 bunum
3664 1032 3759 1076 est.

2149 1105 2214 1158 Et
2243 1123 2341 1159 non
2368 1108 2526 1161 solum
2547 1125 2658 1161 cum
2690 1126 2905 1178 prwsens
2933 1129 3044 1165 sunt
3088 1115 3226 1182 apud
3270 1130 3376 1168 vos.

2218 1196 2378 1251 Vens.
2410 1197 2492 1252 19.
2517 1193 3573 1275 ——Filiimei(l),quosilerumpnrturio,
3604 1207 3763 1258 donec

2147 1285 2373 1340 Christus
2387 1293 2633 1358 formetur
2655 1291 2705 1342 in
2731 1291 2884 1344 vobis.
2912 1291 3022 1345 Non
3051 1294 3244 1358 solum,
3273 1297 3484 1365 inquit,
3511 1312 3610 1348 me
3637 1312 3762 1364 pra:-

2146 1386 2295 1430 seute
2321 1379 2555 1432 aemulari
2584 1379 2810 1442 debetis,
2840 1382 2928 1435 sed
2961 1397 3187 1452 semper.
3205 1370 3293 1438 'Ad
3323 1387 3372 1439 id
3399 1388 3592 1456 igitur
3616 1387 3758 1454 quod

2149 1467 2318 1534 posuit
2345 1484 2537 1531 semper
2567 1470 2803 1539 adjuuxit
2829 1482 2873 1526 ct
2900 1491 2997 1527 non
3019 1475 3182 1528 solum
3208 1493 3324 1529 cum
3348 1494 3604 1546 praesens
3635 1495 3747 1532 sunt

2145 1554 2284 1624 apud
2308 1571 2410 1610 vos.
2441 1557 2606 1613 Porro
2651 1571 2829 1614 autem
2881 1563 3018 1631 quod
3069 1565 3312 1633 adiunxit
3342 1568 3447 1635 ﬁlii
3473 1571 3588 1622 mei
3619 1584 3756 1638 quo-

2147 1645 2288 1697 niam
2322 1646 2502 1700 nmltis
2549 1649 2720 1703 modis
2764 1651 3024 1719 dicuntur,
3059 1669 3198 1707 nunc
3243 1656 3522 1712 charitate
3553 1701 3567 1720 .
3607 1675 3750 1714 nunc

477 1747 792 1818 simpliciter
819 1749 1042 1815 tradidi,
1064 1751 1114 1803 in
1136 1750 1347 1804 Christo
1376 1751 1628 1805 habentes
1650 1766 1825 1819 spem,
1860 1751 2038 1817 ﬁdem,

2146 1746 2360 1803 natura,
2408 1755 2547 1793 nunc
2577 1743 2860 1810 sanguine,
2899 1760 3036 1798 nunc
3091 1748 3251 1800 etiam
3295 1750 3575 1818 religione
3599 1794 3612 1812 ,
3646 1768 3748 1819 qua

477 1839 875 1906 credulitatem,
909 1841 1084 1894 omnia
1129 1840 1387 1908 speretis,
1441 1840 1617 1895 omnia
1673 1842 1924 1908 consequi
1950 1856 2041 1896 vos

477 1943 632 1997 posse
658 1929 889 1983 credatis
910 1971 924 1996 ,
949 1939 1003 1984 et
1027 1931 1389 1984 remissionem
1421 1942 1752 2000 peccatorum
1774 1972 1787 1995 ,
1818 1938 1872 1984 et
1891 1944 2043 1983 sanc-

491 2018 859 2084 tiﬁcationem,
891 2029 944 2074 et
975 2021 1062 2074 Dei
1091 2020 1348 2090 gloriam?

547 2109 708 2164 Vsus.
745 2111 827 2168 i6.
859 2140 924 2149 -—
945 2111 1083 2181 Ergo
1132 2113 1362 2166 inimicus
1391 2121 1547 2166 vester
1590 2114 1752 2181 factus
1783 2131 1924 2177 sum,
1956 2131 2038 2168 ve-

477 2219 588 2255 rum
613 2204 892 2270 prwdicans
918 2204 1051 2258 vobis
1072 2203 1186 2276 (3)?
1207 2205 1259 2258 Si
1287 2207 1426 2258 enim
1450 2205 1548 2258 alia
1577 2204 1747 2259 facere
1771 2206 2004 2275 coepistis
2026 2249 2038 2271 ,

479 2293 710 2348 inimicus
741 2296 876 2349 vobis
903 2297 1067 2365 [actus
1093 2314 1220 2350 sum.
1249 2297 1352 2352 Sed
1383 2313 1500 2352 cum
1534 2298 1864 2366 prmdixcrim
1895 2298 2042 2352 vobis

483 2395 538 2439 et
566 2385 961 2455 prwdicavcrim
992 2387 1259 2441 Christum
1286 2397 1340 2442 et
1381 2389 1731 2458 evangelium,
1773 2389 1910 2457 quod
1961 2397 2042 2442 est

480 2491 605 2531 vere
629 2494 784 2530 unum
819 2478 912 2530 Dei
943 2477 1102 2531 lilium
1127 2494 1243 2532 esse
1273 2479 1570 2544 Christum,
1603 2493 1697 2548 per
1725 2479 1896 2546 ipsum
1925 2496 2040 2531 om-

476 2567 584 2634 nia,
615 2578 667 2622 et
698 2569 748 2622 in
777 2568 987 2623 Christo
1011 2571 1206 2629 omnia,
1231 2570 1401 2635 ip'snm
1431 2579 1551 2624 ante
1577 2571 1779 2634 omnia;
1804 2569 1902 2624 hoc
1922 2585 2040 2623 cum

479 2655 550 2709 sit
603 2672 815 2723 verum,
844 2668 895 2713 et
926 2658 1034 2728 ipsa
1085 2661 1152 2712 sit
1185 2660 1406 2725 veritas;
1437 2675 1600 2728 quare
1627 2659 1774 2714 vobis
1801 2661 2042 2714 inimicus

481 2748 648 2802 lactus
686 2749 912 2803 sman
968 2751 1105 2805 enim
1141 2751 1381 2804 inimicus
1411 2766 1528 2806 esse
1573 2751 1725 2806 debet
1753 2793 1768 2817 ,
1797 2754 1880 2821 qui
1922 2768 2038 2806 cmn

475 2837 830 2908 interrogetur
867 2841 990 2910 quid
1028 2857 1209 2894 verum
1256 2843 1358 2903 sit.
1391 2843 1545 2895 docet
1581 2841 1769 2895 falsum
1805 2861 1815 2895 :
1849 2856 1900 2895 at
1946 2859 2041 2912 rgo

475 2945 595 2985 eum
649 2949 827 2986 verum
868 2933 1090 2986 dixerim
1149 2934 1350 3004 (verum
1406 2935 1544 2987 enim
1599 2935 1727 2987 dicit
1775 2935 1860 3003 qui
1911 2952 2042 3004 prir-

475 3024 616 3077 dicat
645 3025 933 3095 Christum)
957 3039 1061 3079 non
1089 3034 1171 3082 est
1197 3027 1515 3081 conveniens
1546 3038 1601 3080 ut
1631 3028 1870 3080 inimicus
1896 3028 2041 3082 vobis

473 3115 640 3169 factus
661 3117 778 3170 sim.

546 3207 706 3261 Vens.
761 3209 822 3261 l7
853 3217 907 3262 et
940 3208 1024 3263 l8.
1081 3239 1150 3248 —
1182 3207 1515 3262 Ainmlautur
1545 3224 1628 3261 vos
1660 3224 1758 3261 non
1789 3209 1946 3273 bene;
1994 3220 2038 3262 et

475 3301 740 3354 excludere
769 3317 853 3354 vos
881 3301 1052 3354 volunt
1072 3345 1084 3366 ,
1118 3313 1171 3353 ut
1200 3305 1313 3356 illos
1339 3303 1640 3356 a'mulemini
1673 3319 1690 3356 :
1732 3305 2039 3356 wnmlamini

475 3403 641 3445 autem
673 3393 883 3446 meliora
916 3395 1047 3446 dona
1078 3394 1172 3464 (4).
1211 3395 1274 3448 Ut
1323 3410 1464 3462 sa-pe
1495 3396 1559 3447 ab
1588 3395 1790 3448 insidiis
1821 3405 2039 3447 caveant

477 3494 686 3545 monet,
717 3483 853 3552 quod
886 3484 957 3538 illi
986 3486 1070 3553 qui
1107 3485 1423 3552 persuadent
1443 3485 1641 3540 Calatis
1677 3488 1747 3539 uti
1775 3487 1930 3540 etiam
1952 3487 2036 3554 ju-

479 3577 676 3630 daicam
711 3578 875 3647 legem
932 3589 1239 3647 sequantur,
1299 3581 1631 3644 :eruulantur,
1689 3581 1880 3648 inquit,
1914 3596 2034 3644 vos;

482 3669 531 3723 id
562 3680 639 3724 est
674 3669 907 3724 invident
953 3670 1139 3733 vobis;
1174 3686 1292 3724 nam
1324 3670 1561 3724 aemulari
1610 3670 1731 3723 dum
1781 3671 1906 3722 duas
1953 3685 2036 3723 res

480 3760 772 3828 signiﬁcet;
807 3777 960 3814 unam
984 3803 998 3827 ,
1026 3778 1146 3815 cum
1180 3762 1370 3830 aliquis
1429 3763 1728 3825 tumulatur,
1777 3763 1895 3830 quia
1929 3761 2037 3828 pla-

477 3859 559 3904 cet
578 3889 591 3913 ,
625 3851 741 3917 quia
773 3849 965 3902 bonum
992 3859 1075 3902 est
1103 3868 1116 3903 :
1145 3852 1333 3916 aliam,
1362 3867 1460 3919 qua
1489 3851 1698 3920 quidem
1727 3850 1844 3903 ideo
1865 3865 2036 3903 minu-

478 3940 672 4003 lantttr,
694 3940 814 4009 quia
841 3941 1094 3993 invident.
1146 3941 1182 3994 li
1205 3983 1217 4003 ,
1251 3943 1452 4011 inquit,
1504 3942 1805 3995 muniantur
1827 3959 1908 3994 vos
1937 3959 2034 3994 non

481 4031 640 4095 bene;
672 4047 774 4101 quo
811 4032 1112 4084 ostenderet
1149 4032 1212 4085 dc
1243 4032 1433 4085 invidia
1490 4033 1606 4086 illos
1649 4031 1866 4085 aemulos
1897 4046 2032 4086 esse.

478 4123 675 4176 Deinde
695 4123 931 4191 adjunxit
957 4124 1217 4177 excludere
1248 4141 1328 4177 vos
1347 4125 1534 4186 volunt,
1560 4123 1610 4176 id
1633 4131 1713 4176 est
1742 4123 1805 4175 ab
1833 4123 1929 4176 ista
1961 4122 2035 4176 lc-

476 4211 670 4266 licitate
691 4221 744 4267 et
772 4214 1122 4277 beatitudine;
1152 4215 1269 4283 quia
1315 4214 1581 4268 Christum
1633 4213 2031 4282 cognoscendo,

476 4304 660 4356 salutis
690 4304 893 4358 habetis
918 4319 1064 4374 spem
1118 4317 1171 4359 et
1200 4306 1420 4373 gloriam
1473 4305 1779 4360 caelestem:
1834 4305 1923 4358 sed
1969 4305 2034 4358 ab

478 4393 574 4448 hac
607 4410 696 4448 vos
722 4396 997 4450 excludere
1023 4397 1257 4465 cupiunt.
1285 4398 1433 4464 Quod
1478 4408 1651 4451 autem
1700 4396 1935 4465 adiunxit
1980 4406 2032 4448 ut

2142 1824 2301 1881 hodie
2330 1828 2456 1882 dicit
2485 1830 2678 1884 Paulus
2698 1873 2712 1894 ,
2765 1833 2860 1900 ﬁlii
2905 1835 3041 1887 mei:
3071 1836 3185 1891 sive
3233 1839 3354 1906 quia
3389 1856 3491 1906 per
3528 1840 3742 1910 baptis-

2143 1933 2319 1984 mum,
2348 1934 2468 1973 cum
2503 1925 2829 1990 regeneratio
2857 1925 2948 1988 lit,
2982 1925 3070 1979 ille
3099 1928 3185 1996 qui
3232 1929 3575 1997 baptizatum
3611 1947 3738 2000 per-

2143 2010 2250 2064 licit
2271 2052 2286 2076 ,
2320 2013 2400 2065 vel
2430 2015 2718 2083 perfectum
2752 2019 3008 2086 suscepit,
3046 2029 3194 2087 pater
3225 2022 3424 2076 dicitur
3450 2023 3546 2094 (Ξ)
3584 2041 3596 2076 :
3624 2024 3739 2077 sive

2141 2103 2260 2170 quia
2285 2117 2402 2156 cum
2437 2117 2657 2159 renovat
2677 2107 2793 2159 illos
2820 2108 2869 2160 in
2893 2109 3158 2163 Christum
3179 2152 3193 2176 ,
3225 2111 3343 2166 facit
3380 2113 3529 2168 ﬁlios
3559 2130 3692 2169 suos
3717 2133 3732 2178 ;

2143 2193 2342 2247 idcirco
2372 2194 2559 2263 adjecit
2587 2213 2711 2265 quos
2737 2214 2822 2267 ego
2852 2202 3099 2266 periurio,
3131 2202 3178 2254 id
3204 2213 3286 2257 est
3308 2205 3358 2258 in
3387 2206 3574 2260 lucem
3602 2224 3729 2275 pro-

2141 2283 2280 2337 ferre
2311 2287 2465 2353 cupio
2491 2329 2503 2351 ,
2541 2289 2844 2357 magnisque
2871 2289 3140 2344 doloribus
3161 2294 3352 2346 animae
3383 2313 3524 2349 mem
3578 2301 3725 2351 nasci

2141 2373 2205 2425 ad
2230 2374 2386 2426 vitam
2409 2378 2566 2443 cupio
2597 2387 2649 2430 et
2679 2379 2741 2430 ad
2772 2379 2992 2433 salutem
3025 2382 3158 2434 :hoe
3189 2393 3272 2437 est
3304 2387 3444 2439 enim
3477 2387 3631 2458 quod
3655 2391 3726 2443 ait

2141 2461 2297 2515 donec
2319 2464 2806 2532 [ormeturCItristus
2855 2469 2903 2521 in
2945 2470 3097 2523 vobis.
3131 2471 3316 2528 Omnis
3348 2476 3490 2529 enim
3539 2481 3717 2531 anima

2141 2551 2406 2608 Christum
2431 2556 2665 2622 recipere
2695 2569 2902 2625 potest:
2934 2563 3106 2616 anima
3127 2604 3141 2628 ,
3192 2566 3441 2632 inquam,
3478 2568 3719 2623 hominis

2140 2643 2184 2696 si
2217 2645 2416 2699 ratione
2444 2656 2640 2712 utatur,
2669 2650 2710 2700 si
2739 2663 3016 2718 cognoscat
3049 2654 3299 2707 mundum
3327 2668 3380 2708 ut
3408 2671 3514 2710 non
3536 2675 3712 2722 suum,

2142 2733 2183 2785 si
2210 2735 2380 2787 omnia
2411 2737 2459 2788 in
2491 2739 2683 2791 mundo
2706 2738 2995 2805 discernat,
3031 2741 3074 2793 si
3104 2754 3403 2798 creatorem
3438 2763 3599 2800 suum
3635 2763 3716 2802 reo

2140 2835 2458 2892 cognoscat,
2494 2829 2728 2896 recipere
2764 2828 3029 2882 Christum
3085 2841 3294 2899 potest;
3349 2835 3454 2890 imo
3507 2837 3562 2889 in
3602 2839 3711 2904 ipsa

2142 2915 2229 2966 illa
2262 2917 2430 2969 anima
2469 2918 2702 2972 Christus
2729 2919 3001 2988 formatur,
3034 2923 3082 2975 id
3107 2936 3185 2978 est
3209 2927 3458 2994 spiritus;
3493 2946 3607 3000 quo
3636 2931 3713 2983 in-

2142 3007 2244 3058 sito
2273 3016 2324 3058 et
2366 3019 2637 3062 crescente
2688 3025 2778 3078 per
2825 3012 3188 3068 credulitatem
3234 3016 3509 3081 liberatur,
3545 3030 3600 3073 et
3646 3020 3710 3072 ad

2067 3093 2109 3154 C
2143 3098 2376 3152 caelestia
2409 3115 2564 3168 regna
2596 3104 2859 3167 pervenit,
2890 3115 2939 3157 et
2970 3106 3188 3159 salutem
3215 3111 3710 3180 consequitur-lucis

2140 3198 2375 3244 (clerum.
2411 3192 2591 3260 Magna
2623 3204 2796 3246 :mtem
2825 3196 2902 3248 vis
2929 3207 2979 3248 et
3012 3202 3241 3264 potentia
3268 3211 3348 3253 est
3377 3244 3388 3262 ,
3428 3203 3570 3271 quod
3603 3205 3704 3266 ait,

2140 3280 2298 3332 donec
2328 3279 2554 3334 Christus
2582 3286 2822 3352 formetur
2845 3285 2894 3337 in
2934 3287 3088 3340 vobis.
3127 3288 3301 3357 Atque
3340 3290 3439 3344 istc
3486 3307 3704 3357 sermo,

2139 3370 2224 3438 qui
2250 3387 2386 3424 nunc
2410 3384 2587 3425 noster
2617 3383 2724 3440 est,
2774 3376 3155 3444 expositionem
3183 3381 3466 3434 verborum
3501 3384 3707 3451 simpli-

2139 3476 2254 3513 ccm
2284 3472 2458 3526 tenet;
2495 3465 2629 3517 unde
2655 3477 2905 3533 (ptanttnn
2934 3470 3060 3522 satis
3087 3484 3204 3524 esse
3227 3474 3493 3526 credimus
3512 3516 3524 3538 ,
3549 3489 3702 3542 supra

2137 3552 2385 3605 diximus.
2416 3553 2547 3620 Quid
2587 3555 2655 3608 sit
2703 3565 2874 3611 autem
2921 3557 3192 3623 Christus,
3237 3563 3431 3627 quidve
3489 3564 3702 3618 formari

2138 3639 2445 3707 Christum,
2479 3655 2529 3696 et
2559 3646 2608 3698 in
2655 3647 2866 3699 homine
2912 3648 3164 3712 formari,
3222 3653 3380 3706 altior
3428 3656 3703 3724 veriorquc

2137 3734 2399 3799 CXpOslliO
2415 3735 2534 3788 alibi
2568 3751 2594 3789 a
2628 3738 2776 3791 nobis
2805 3740 3050 3808 panditur
3078 3757 3137 3796 ac
3161 3746 3480 3812 explicatur.

2213 3825 2368 3879 Vens.
2404 3827 2486 3881 ΞΟ.
2541 3858 2605 3868 -—
2646 3828 2830 3882 Vellem
2861 3843 3025 3884 aettem
3071 3851 3202 3886 mmc
3247 3837 3422 3889 adesse
3452 3840 3526 3906 (3)
3570 3840 3702 3910 apud

2136 3931 2253 3980 vos,
2286 3928 2328 3969 ct
2376 3929 2563 3971 mutare
2601 3936 2766 3973 vocem
2816 3939 3001 3986 meam,
3055 3927 3288 3989 quoniam
3335 3929 3625 3995 confundor
3653 3933 3698 3983 iu

2137 4009 2290 4061 vobis.
2323 4009 2419 4062 Pcr
2463 4011 2736 4076 epistolam
2793 4012 2903 4066 lure
2953 4026 3245 4081 pra-cepta,
3302 4027 3358 4070 ut
3407 4023 3698 4085 cernimus,

2137 4099 2346 4152 dantur.
2380 4100 2560 4169 Magna
2594 4111 2767 4156 autem
2823 4105 3180 4172 indignatione
3211 4107 3311 4162 hoc
3351 4121 3620 4179 sumptum
3651 4123 3701 4166 ut

2135 4191 2370 4255 diceret,
2399 4193 2597 4246 utinam
2621 4193 2756 4261 apud
2802 4210 2893 4248 vos
2938 4211 3075 4249 nunc
3121 4212 3294 4252 essem
3343 4209 3697 4257 etmutarem

2135 4296 2317 4336 Vocem
2353 4299 2522 4337 meam
2555 4286 2566 4336 !
2603 4300 2704 4337 non
2736 4300 2840 4354 quo
2890 4289 3220 4356 evangelium
3266 4291 3422 4344 aliter
3467 4309 3698 4362 pronun-

2137 4374 2318 4427 tiarem
2344 4416 2357 4438 ,
2379 4375 2468 4429 sed
2517 4376 2566 4429 in
2598 4376 2860 4430 iracundia
2889 4379 3259 4446 exprimerem.
3309 4382 3456 4436 Nunc
3485 4395 3696 4449 monet,

473 4488 588 4541 illos
628 4489 931 4542 wnmlemini
963 4499 1018 4542 ttt
1044 4499 1095 4542 et
1118 4505 1208 4543 vos
1255 4489 1552 4558 sequamini
1582 4489 1734 4553 illos,
1766 4493 1831 4542 ita
1858 4489 2032 4556 dttpli-
2061 4459 2112 4516 D
2139 4482 2231 4536 per
2259 4469 2566 4537 epismlamv
2599 4485 2752 4538 ‘1"3'“
2805 4471 2960 4522 “mm
2989 4487 3002 4522 ³
3041 4470 3231 4539 θάλπη
3261 4485 3439 4528 "mem
3487 4492 3698 4530 0“"53'“

479 4594 592 4634 cem
623 4581 774 4634 ismm
803 4581 1085 4635 aunulandi
1107 4583 1508 4651 signiticantiam
1540 4582 1759 4636 diversis
1784 4584 1911 4636 locis
1942 4596 2034 4651 po-

478 4672 582 4723 suit
605 4713 618 4732 ,
645 4688 762 4724 cum
812 4673 1074 4726 azmnlatio
1109 4673 1177 4726 sit
1221 4672 1472 4738 imitatio,
1504 4673 1731 4726 maxime
1755 4687 1871 4726 cum
1901 4680 1954 4726 et
1983 4673 2031 4725 in

479 4764 671 4817 bonum
702 4773 801 4818 est.
837 4765 943 4818 lloc
970 4775 1050 4818 est
1076 4764 1215 4834 quod
1248 4764 1330 4817 hic
1359 4765 1459 4828 ait,
1489 4777 1541 4817 ut
1571 4765 1682 4818 illos
1709 4764 2030 4829 mmulemini,

477 4855 529 4910 id
562 4867 641 4909 cst
672 4867 724 4909 ut
750 4857 894 4925 quasi
927 4857 1118 4920 bonum
1165 4856 1374 4909 illorum
1408 4858 1718 4924 sequamini.
1753 4857 1916 4911 Porro
1937 4874 2032 4912 att-

480 4956 582 5001 tcm
611 4948 745 5017 quod
776 4949 913 5001 dixit
938 4948 1250 5002 mmolautur
1276 4963 1367 5002 vos
1397 4988 1412 5012 ,
1445 4959 1499 5002 ut
1527 4949 1828 5002 ostenderet
1863 4949 1926 5003 ad
1956 4951 2032 5004 in-

551 5102 624 5164 (l)
652 5102 842 5156 Confer
859 5102 1010 5171 Vulg.
1039 5118 1154 5171 qua:
1184 5102 1320 5157 hunc
1343 5105 1516 5158 locum
1541 5105 1616 5157 sic.
1632 5103 1840 5158 exhibet
1871 5122 1882 5156 :
1912 5104 2034 5159 Tes-

478 5173 737 5242 timonium
771 5173 898 5224 enim
932 5173 1159 5234 perhibeo
1189 5175 1352 5232 vobis.
1387 5178 1534 5242 quia,
1560 5185 1660 5228 ctc.

569 5243 622 5310 9.)
647 5241 814 5296 Codd.
841 5243 1036 5303 vellitis,
1061 5259 1178 5295 mox
1205 5241 1595 5296 factumvelitis.
1629 5244 1780 5295 Malui
1821 5245 2027 5297 velletis.

569 5245 622 5310 9.)
647 5245 814 5296 Codd.
841 5245 1036 5303 vellitis,
1061 5259 1178 5295 mox
1205 5245 1391 5295 lactant
1417 5245 1595 5296 velitis.
1629 5245 1780 5295 Malui
1821 5245 2027 5297 velletis.

545 5245 622 5383 i3)
652 5313 800 5383 llunc
829 5313 999 5364 Ineunt
1027 5312 1101 5363 sic
1133 5315 1287 5383 habet
1317 5313 1465 5381 Vulg.
1493 5315 1575 5366 ed.
1600 5331 1613 5366 :
1640 5313 1776 5382 Ergo
1803 5315 2030 5367 inimicus

475 5381 611 5435 vobis
635 5381 797 5449 factus
824 5397 931 5433 sum
960 5421 973 5440 ,
1009 5397 1177 5433 verum
1200 5382 1366 5434 dicens
1395 5383 1569 5436 vobis?

547 5452 621 5520 (4)
654 5453 712 5504 lli
747 5465 928 5504 versus
973 5451 1048 5521 sic
1098 5451 1339 5521 leguntur
1383 5453 1432 5504 in
1469 5451 1617 5521 Vulg.
1656 5468 1669 5502 :
1701 5449 2032 5506 Emulantur

475 5519 562 5574 vos
587 5537 684 5572 non
715 5521 835 5573 bene
862 5535 877 5571 :
905 5519 991 5570 sed
1015 5520 1277 5572 excludere
1322 5536 1406 5571 vos
1460 5519 1805 5583 non'volunt,
1835 5532 1884 5572 ut
1915 5522 2031 5577 illos

471 5590 791 5644 temulentini.
820 5587 1013 5640 Bonum
1042 5597 1204 5640 autem
1237 5590 1544 5660 tentulaotini
1584 5590 1634 5641 in
1660 5596 1785 5642 bono
1814 5606 2030 5660 semper,

471 5667 518 5712 st
545 5674 642 5712 non
673 5666 862 5712 tantum
893 5671 1004 5708 cum
1036 5670 1255 5720 prwscns
1283 5673 1391 5711 sum
1409 5657 1545 5726 apud
1575 5673 1682 5711 vos.

2129 4558 2285 4627 jusla:
2314 4560 2618 4622 iracundiae,
2647 4562 2765 4628 quia
2813 4563 2942 4615 dixit
2970 4565 3252 4632 confundor
3273 4567 3324 4618 in
3348 4567 3508 4630 vobis,
3543 4569 3591 4621 id
3622 4580 3696 4622 cst

2135 4651 2336 4718 pudore
2358 4650 2582 4713 crucior,
2614 4651 2749 4719 quod
2781 4651 2884 4704 cito
2924 4656 3162 4705 conversi
3193 4655 3322 4707 estis
3343 4696 3355 4718 ,
3400 4658 3488 4725 qui
3544 4657 3697 4711 ﬁdem

2137 4750 2332 4793 tantam
2363 4741 2610 4808 perditis,
2642 4741 2726 4809 qui
2753 4741 2986 4794 laborem
3011 4750 3064 4795 ct
3102 4744 3436 4811 evangelium
3489 4758 3541 4800 et
3572 4749 3696 4800 insi-

2135 4842 2348 4883 nttatam
2380 4830 2650 4884 verilatcm
2681 4847 2780 4884 non
2813 4833 3017 4885 tenetis.
3053 4833 3184 4888 llinc
3200 4836 3340 4889 enim
3374 4838 3499 4890 mihi
3524 4840 3587 4893 de
3610 4855 3698 4890 Vu-

2136 4923 2216 4976 bis
2259 4921 2485 4976 cl‘licitur
2515 4938 2699 4991 magna
2755 4925 3011 4978 conlusio.
3073 4927 3306 4995 Denique
3354 4929 3396 4981 si
3451 4929 3697 4986 iracunde

2134 5016 2345 5084 quidem
2375 5030 2491 5068 cum
2515 5014 2818 5076 tcntatione,
2845 5027 3017 5069 tamen
3047 5017 3340 5083 subjuuxit.

2205 5105 2366 5158 Vens.
2384 5105 2443 5158 21
2460 5103 2713 5158 .—Dicite
2734 5107 2853 5159 mihi
2873 5109 2956 5175 qui
2983 5107 3071 5159 sub
3092 5109 3198 5176 lege
3225 5108 3377 5161 vultis
3399 5126 3522 5172 esse,
3543 5113 3696 5180 legem

2133 5199 2430 5268 noulcgistis
2443 5199 2466 5250 Ρ
2481 5199 2552 5251 Ex
2575 5198 2681 5266 ipsa
2699 5199 2810 5265 lege
2823 5199 2967 5266 cupit
2985 5198 3083 5251 illis
3101 5199 3440 5268 persuadere,
3459 5203 3521 5254 ad
3545 5219 3695 5270 quam

2206 5309 2287 5378 (l)
2314 5310 2492 5379 Vttlg.,
2524 5311 2665 5377 ﬁlioli
2693 5313 2806 5363 mei.

2211 5382 2290 5452 (2)
2334 5380 2585 5434 Notemus
2635 5396 2832 5434 morem
2859 5388 3015 5452 vetera
3038 5396 3087 5452 ιιι
3120 5381 3440 5448 suscipiendi
3470 5383 3696 5452 baptiza-

2139 5459 2222 5504 tos
2247 5450 2491 5517 ,'e0sque
2515 5462 2689 5516 patres
2719 5450 3015 5517 appellandi
3049 5450 3381 5518 habendique
3410 5456 3498 5522 qui
3523 5450 3688 5521 bapti-

2139 5529 2386 5599 zaverant
2411 5522 2567 5599 eloqui
2599 5529 2971 5599 susceperant;
2997 5536 3114 5588 qua:
3132 5531 3210 5573 est
3242 5522 3497 5589 spiritalis
3528 5524 3575 5575 in
3604 5538 3685 5576 cc-

2138 5590 2434 5657 clesiaSIico
2459 5589 2575 5657 jure
2599 5589 2860 5656 cognatio.

2210 5656 2291 5729 (ὅ)
2321 5657 2374 5710 lu
2406 5656 2544 5725 vulg.
2564 5657 2710 5713 deest
2737 5672 2867 5710 nunc
2895 5662 2949 5711 et
3001 5667 3096 5724 pro
3125 5657 3303 5712 adesse
3331 5658 3538 5724 legitur,
3567 5671 3682 5716 esse.
