3950 6206
171 241 340 296 MSS

1059 245 1125 302 IN
1154 247 1538 303 EPISTULAM
1576 243 1777 303 PAULI
1818 247 1908 301 AD
1947 246 2262 302 GALATAS
2290 246 2491 301 LIBER
2529 245 2570 300 11

3318 246 3458 303 1186

170 355 487 408 transitum
520 354 792 412 fecerunt:
824 359 866 412 si
899 358 1057 414 modo
1097 362 1237 415 enim
1293 362 1458 429 ipsam
1491 361 1659 430 legem
1707 361 1783 415 le-
1809 366 1860 423 Α
1886 359 2088 426 vitatis,
2121 370 2173 414 et
2205 369 2577 414 testamentum
2605 357 2744 429 quod
2772 358 3025 427 scriptum
3066 366 3142 412 cst
3174 357 3240 413 dc
3271 359 3457 414 eadem

169 457 443 515 gant,ex
476 448 617 516 ipsa,
652 450 898 519 inquam,
950 451 1064 521 lege
1112 453 1432 522 persuadere
1475 454 1681 517 nititur,
1729 463 1784 507 ut

171 535 509 606 intelligant
545 540 665 608 quia
712 541 967 611 scriptum
1015 543 1086 596 ita
1131 554 1249 608 est,
1309 553 1367 597 ttt
1410 545 1458 596 in
1511 542 1781 598 Christum

173 619 458 681 credatur
474 627 584 699 (1),
615 639 670 684 et
706 631 996 686 credulitas
1039 644 1248 702 sumpta
1292 634 1345 687 in
1373 633 1680 698 Christum,
1713 635 1784 688 sit

177 728 308 774 tota
347 721 594 776 liberatio
615 765 630 787 ,
651 733 706 778 et
736 734 842 778 tota
873 725 1016 780 salus
1036 765 1048 788 .
1077 736 1131 781 et
1155 728 1329 781 onmis
1354 728 1642 782 beatitudo.
1668 732 1782 796 Qua

178 827 332 882 ergo
377 812 766 884 indignatione,
809 817 915 879 ait,
955 817 1116 871 dicite
1169 818 1338 871 mihi?
1382 818 1495 874 Non
1542 835 1636 874 vos
1683 836 1782 890 ego

183 921 406 961 moneo
431 947 445 970 ,
480 907 572 961 sed
605 922 698 963 vos
724 908 821 977 ipsi
851 909 1173 978 respondete
1205 909 1330 964 mihi
1353 951 1366 976 ,
1411 928 1601 980 nempe
1632 911 1682 966 in
1712 914 1784 967 le-

182 1010 325 1066 gem
363 998 628 1052 transistis
651 1039 665 1063 ,
697 1009 748 1053 et
778 1001 868 1052 sub
894 1001 1002 1069 lege
1021 1016 1128 1054 esse
1151 1001 1318 1064 vultis,
1350 1013 1403 1055 et
1428 1013 1602 1057 tamen
1625 1003 1782 1073 legent

185 1104 305 1165 non
331 1083 548 1157 legistis,
574 1089 625 1142 in
676 1106 775 1158 qua
832 1090 1085 1158 scriptum
1134 1093 1200 1144 ita
1233 1102 1332 1146 est.
1367 1091 1433 1145 Et
1469 1092 1742 1162 subjungit
1767 1134 1782 1158 ,

189 1180 353 1235 unde
383 1180 571 1250 probet
597 1181 722 1250 quid
744 1183 814 1236 sit
839 1182 920 1236 lex
951 1182 1254 1237 Judzeorum
1311 1195 1364 1238 et
1407 1184 1685 1254 diciplina,
1730 1195 1782 1239 et

187 1285 324 1338 qua:
359 1285 486 1340 spes
506 1312 518 1333 ,
540 1281 592 1325 et
617 1287 734 1341 qua:
759 1273 887 1328 lides
904 1313 917 1338 ,
951 1283 1005 1328 et
1031 1273 1154 1344 quid
1182 1276 1251 1327 sit
1271 1274 1321 1328 in
1341 1273 1604 1330 Christum
1631 1276 1780 1344 lides,

189 1369 254 1415 et
284 1377 415 1437 quia:
435 1376 558 1431 spes
585 1372 638 1416 et
669 1362 957 1417 beatitudo.

276 1451 450 1507 Vens.
484 1452 578 1506 29..
629 1482 699 1494 -—
729 1453 983 1523 Scriptum
1025 1467 1097 1510 est
1154 1458 1317 1523 enim,
1354 1459 1490 1530 quod
1529 1460 1785 1514 Abraham

193 1543 337 1595 duos
366 1543 902 1610 ﬁliosﬁabuit,uuum
953 1546 1015 1600 de
1054 1548 1274 1614 ancilla,
1322 1564 1477 1603 unum
1524 1552 1776 1606 delibera.

200 1633 325 1687 lloc
367 1635 665 1702 exemplum
695 1635 762 1689 de
797 1635 992 1691 Genesi
1022 1647 1137 1692 est:
1180 1639 1278 1694 hoc
1328 1643 1604 1708 probatum
1637 1644 1780 1711 cupit

1887 451 2100 504 civitate
2121 492 2135 516 ,
2167 449 2218 503 in
2248 450 2503 504 servitute
2528 459 2610 503 est
2635 464 2754 504 cum
2788 449 2908 502 ﬁliis
2930 448 3061 502 suis.

1960 540 2119 595 Vsus.
2151 540 2239 594 26.
2259 569 2330 580 —-
2357 539 2484 606 Qua:
2509 550 2674 593 autem
2731 556 2931 593 sursum
2973 549 3044 593 est
3095 538 3450 605 Hierusalem,

1885 631 2040 685 libera
2065 643 2136 686 est
2155 674 2168 694 .
2197 643 2357 686 muter
2377 633 2600 686 omnium
2626 642 2914 686 nostrorum
2941 632 2958 699 (
2972 631 3047 700 1).
3084 630 3160 686 Ad
3185 633 3329 685 illum
3367 649 3459 712 po-

1884 727 2063 794 pulum
2123 725 2296 790 redit,
2345 725 2394 779 id
2424 734 2506 781 est
2533 725 2596 778 ad
2628 725 2760 779 ﬁlios
2788 725 3052 780 Abraham
3077 766 3090 789 ,
3119 724 3208 795 qui
3237 735 3360 778 sunt
3381 725 3449 781 de

1885 817 2049 872 libera
2075 859 2089 882 ,
2119 817 2350 887 dicitque
2377 828 2429 872 et
2451 819 2602 872 istam
2635 817 2962 872 Hierusalem
2983 857 2996 883 ,
3042 832 3198 887 quam
3229 817 3447 872 liberam

1885 909 2154 972 nominat,
2196 923 2314 963 esse
2345 910 2394 962 in
2427 908 2600 962 cwlis.
2635 908 2747 963 Hoc
2771 919 2850 962 est
2882 908 3019 978 quod
3051 909 3125 961 ait
3155 924 3266 978 quae
3289 919 3456 962 autent

1884 1017 2083 1055 sursum
2116 1001 2433 1056 Hierusalem
2468 1011 2521 1056 et
2546 1018 2664 1072 qua:
2719 1017 2879 1071 supra
2918 1001 3083 1056 caalos
3103 1010 3184 1054 est
3212 1042 3226 1064 ,
3275 1002 3454 1071 utique

1883 1093 2003 1163 quia
2036 1110 2138 1148 non
2171 1093 2223 1148 in
2271 1093 2468 1148 mundo
2491 1102 2572 1148 est
2598 1134 2611 1157 ,
2655 1108 2758 1146 non
2785 1093 2968 1147 servit.
2998 1091 3119 1145 ll;ec
3141 1093 3299 1160 igitur
3326 1108 3446 1146 cum

1885 1185 2089 1254 pupulis
2138 1185 2246 1240 suis
2286 1186 2450 1240 libera
2489 1193 2570 1238 est
2611 1184 2943 1238 Hierusalem
2970 1223 2982 1244 ,
3039 1198 3092 1238 et
3134 1183 3267 1237 hanc
3323 1183 3449 1238 dicit

1884 1291 2002 1330 esse
2023 1286 2241 1330 matrem
2264 1276 2498 1330 omnium
2524 1285 2786 1339 nostrum,
2816 1277 2863 1329 id
2895 1287 2974 1329 est
3003 1274 3445 1342 Christianorum;

1886 1365 2027 1420 illam
2065 1381 2191 1421 vero
2226 1365 2549 1421 Judteorum.
2599 1367 2734 1434 Quid
2761 1368 2834 1420 sit
2878 1366 3014 1420 istud
3042 1409 3056 1432 ,
3119 1367 3448 1422 llierusalem

1885 1471 2006 1512 esse
2037 1472 2196 1526 supra
2241 1457 2405 1513 cmlos
2429 1497 2444 1522 ,
2501 1467 2554 1511 ct
2595 1471 2715 1512 esse
2741 1468 2794 1512 et
2839 1458 2889 1511 in
2923 1469 3056 1513 terra
3084 1457 3456 1512 Hierusalem?

1887 1548 2035 1604 Unde
2058 1549 2277 1616 intelligi
2319 1549 2475 1612 licet,
2517 1557 2571 1602 et
2600 1548 2686 1602 hic
2735 1558 2928 1603 terram
2954 1558 3007 1602 et
3033 1548 3102 1604 ibi
3133 1557 3325 1604 terram
3356 1564 3447 1602 su-

1885 1652 1976 1707 pra
2005 1639 2169 1692 caelos
2196 1637 2271 1707 (2)
2299 1655 2311 1690 :
2357 1653 2528 1708 neque
2557 1638 2696 1692 enim
2731 1638 3060 1693 Hierusalem
3080 1678 3093 1702 ,
3126 1655 3241 1708 qua:
3261 1638 3448 1693 civitas

193 1723 349 1792 quod
381 1724 461 1778 lex
486 1765 498 1788 ,
523 1740 640 1792 qua:
672 1724 976 1780 Judaeorum
1002 1739 1110 1789 est,
1141 1729 1383 1783 etomnis
1425 1731 1648 1799 pepulus
1673 1732 1782 1786 vcl-
1813 1737 1858 1796 B
1886 1741 1965 1783 eSt
1989 1771 2004 1796 ,
2045 1730 2158 1783 sine
2190 1742 2327 1783 terra
2354 1738 2452 1783 est.
2484 1729 2622 1800 Ergo
2652 1728 2776 1798 quid
2807 1730 2875 1783 sit
2905 1728 3046 1783 istud
3077 1731 3286 1798 inquam
3310 1745 3448 1795 esse,

198 1817 280 1871 uti
331 1817 400 1871 de
453 1817 642 1871 ancilla
698 1819 836 1872 ﬁlius
860 1819 928 1872 sit
959 1836 970 1870 :
1006 1835 1166 1888 porro
1215 1829 1390 1875 autem
1441 1821 1677 1877 Ecclesia
1731 1832 1785 1878 et

199 1910 530 1974 Christiani,
567 1910 704 1965 ﬁlius
732 1910 798 1966 de
845 1911 1007 1966 libera
1037 1922 1136 1966 est.
1183 1912 1293 1966 lloc
1335 1915 1475 1968 enim
1527 1915 1780 1982 scriptum

201 2011 289 2056 est
314 2043 330 2068 ,
361 2001 501 2068 quod
528 2003 794 2056 Abraham
821 2044 835 2067 ,
867 2003 953 2072 qui
975 2014 1122 2071 pater
1143 2013 1223 2057 est
1246 2003 1371 2058 ﬁdei
1394 2045 1407 2067 ,
1440 2004 1598 2060 habet
1620 2021 1782 2060 unum

203 2092 383 2145 lilium
411 2091 478 2146 de
500 2093 724 2158 ancilla;
757 2094 808 2147 id
826 2105 904 2148 est
932 2095 999 2150 de
1025 2095 1199 2164 Agar;
1224 2105 1277 2150 et
1297 2097 1456 2150 alium
1490 2098 1555 2151 de
1582 2097 1746 2152 libera
1764 2140 1779 2165 ,

204 2181 258 2237 id
285 2192 370 2238 est
401 2183 467 2237 de
495 2183 622 2239 Sara
647 2184 817 2238 Isaac:
847 2185 1146 2254 signiﬁcans
1169 2187 1350 2257 utique
1375 2188 1506 2243 duos
1538 2189 1780 2258 populos,

203 2273 302 2328 sed
335 2277 494 2330 istum
524 2275 830 2342 meliorem,
873 2277 960 2344 qui
1017 2276 1083 2331 de
1133 2278 1297 2332 libera
1341 2287 1422 2332 est
1468 2297 1479 2331 :
1538 2280 1782 2350 inﬁgura

205 2365 354 2420 enim
411 2364 610 2419 Christi
650 2363 812 2419 Isaac.
864 2367 1098 2436 Denique
1148 2369 1224 2422 sic
1255 2369 1543 2439 subjungit.

281 2452 446 2507 Vsus.
460 2454 728 2510 ‘35.—-Sed
749 2457 790 2510 is
801 2457 1001 2525 quidem
1024 2459 1098 2530 (2)
1120 2460 1200 2527 qui
1216 2459 1276 2528 de
1291 2460 1494 2526 ancilla,
1512 2463 1783 2516 secundum

208 2560 417 2600 Carnem
448 2559 595 2602 natus
614 2559 719 2615 est;
747 2552 834 2620 qui
867 2563 1031 2604 autem
1051 2554 1112 2604 de
1157 2551 1310 2604 libera
1334 2593 1348 2615 ,
1392 2570 1482 2622 per
1509 2555 1782 2622 repromis-

208 2637 424 2691 sionem.
462 2638 669 2693 Etenim
699 2641 785 2708 qui
812 2641 879 2694 de
909 2641 1096 2694 ancilla
1126 2651 1278 2694 natus
1297 2652 1410 2707 est,
1447 2643 1677 2697 carnalis
1701 2652 1783 2697 est

212 2730 391 2794 ﬁlius;
425 2731 511 2799 qui
543 2741 720 2785 autem
738 2731 805 2786 de
827 2733 989 2788 libera
1013 2773 1028 2799 ,
1049 2733 1301 2800 spiritalis
1322 2744 1400 2788 est
1423 2774 1436 2798 ,
1465 2744 1745 2803 prepterea
1764 2775 1778 2799 ,

209 2824 334 2890 quia
369 2837 396 2873 a
431 2821 541 2876 Deo
585 2823 877 2890 promissus
923 2833 1020 2878 est.
1066 2825 1204 2879 Deus
1255 2827 1395 2880 enim
1452 2827 1501 2880 ei
1545 2827 1785 2895 promisit

212 2914 490 2978 credenti,
514 2916 600 2982 qui
630 2931 748 2969 cum
768 2917 875 2982 jam
912 2933 1045 2986 pene
1083 2934 1255 2972 annos
1280 2929 1489 2974 centum
1517 2933 1566 2975 et
1601 2925 1711 2990 ipse
1729 2934 1782 2976 ct

216 3022 354 3060 uxor
401 3008 510 3060 nati
555 3018 769 3075 essent,
804 3008 967 3063 ﬁlium
1007 3010 1236 3065 habituri
1266 3022 1464 3066 essent.
1498 3012 1634 3082 Ergo
1663 3028 1781 3067 cum

1882 1829 1936 1874 et
1965 1820 2050 1874 hic
2083 1829 2136 1874 et
2174 1819 2241 1873 ibi
2291 1828 2484 1875 terram
2517 1835 2638 1875 esse
2662 1860 2676 1885 ,
2726 1829 2779 1874 et
2832 1820 2917 1875 hic
2945 1830 3000 1874 et
3048 1820 3116 1874 ibi
3147 1821 3412 1876 civitatem
3439 1860 3455 1888 ,

1881 1910 1975 1964 sed
2008 1911 2145 1963 illam
2179 1909 2433 1976 liberam,
2474 1910 2607 1964 hanc
2646 1926 2853 1964 servam
2881 1952 2893 1976 ,
2925 1912 3061 1966 alius
3091 1922 3336 1966 tractatus
3375 1921 3457 1968 est

1881 2001 2105 2070 longus:
2141 2000 2297 2054 modo
2321 2041 2336 2065 ,
2383 1999 2509 2053 illud
2535 2008 2828 2065 teneamus,
2883 2002 3026 2055 illam
3050 2017 3168 2058 esse
3197 2013 3453 2068 nostram,

1881 2091 1946 2144 ad
1980 2091 2122 2145 illam
2150 2106 2268 2146 esse
2294 2089 2668 2145 festinandum.
2691 2091 2879 2145 Moneo
2909 2093 3048 2148 enim
3079 2108 3215 2148 nunc
3243 2094 3452 2148 interim

1881 2181 2026 2235 illam
2056 2197 2175 2237 esse
2201 2181 2489 2251 Spiritalem
2513 2223 2527 2245 ,
2578 2198 2696 2251 qua:
2722 2183 2966 2253 superior
2985 2192 3065 2238 est
3091 2198 3106 2249 ;
3155 2185 3290 2239 hanc
3319 2199 3440 2241 esse

1882 2275 2179 2336 carnalem,
2227 2290 2344 2343 qua:
2381 2275 2449 2328 sit
2493 2274 2730 2329 inferior.

1954 2363 2113 2420 Vsus.
2143 2365 2569 2434 27.-—Scriptum
2598 2376 2670 2418 est
2689 2366 2820 2419 enim
2849 2382 2866 2419 :
2894 2365 3089 2421 La'tare
3109 2368 3311 2434 sterilis,
3343 2385 3458 2438 qtae

1884 2470 1985 2508 non
2006 2456 2177 2525 paris;
2199 2472 2400 2527 erumpe
2423 2465 2467 2508 et
2489 2456 2671 2518 clama,
2695 2473 2810 2525 qua:
2832 2473 2930 2510 non
2952 2459 3198 2526 parturis;
3221 2461 3458 2528 quoniam

1883 2547 2028 2598 multi
2053 2546 2148 2612 ﬁlii
2171 2547 2377 2600 deserta:
2397 2547 2557 2616 magis
2577 2562 2688 2614 qua:
2710 2549 2819 2616 ejus
2841 2563 2951 2616 qua:
2971 2549 3116 2602 [taliet
3138 2551 3316 2602 uirum.
3347 2551 3458 2606 lloc

1882 2635 2180 2702 exemplum
2203 2636 2268 2690 dc
2289 2636 2419 2689 Isaia
2442 2644 2542 2698 est,
2560 2634 2626 2689 ad
2647 2635 3030 2691 excludendum
3053 2638 3102 2692 id
3124 2639 3262 2707 quod
3287 2641 3456 2695 maxi-

1884 2738 1968 2777 me
1991 2726 2308 2793 persuadere
2337 2725 2654 2792 cupiebant,
2685 2725 2736 2779 id
2767 2737 2847 2780 est
2874 2738 2928 2780 ut
2948 2727 3278 2798 disciplinam
3297 2747 3454 2798 quam

1883 2815 1982 2869 sibi
2026 2816 2224 2870 Galatae
2253 2826 2648 2887 assumpserant
2673 2832 2791 2872 cum
2816 2817 3009 2873 Christi
3039 2821 3376 2876 veneratione
3404 2832 3460 2879 ct

1886 2907 1989 2962 ﬁde
2021 2910 2070 2961 in
2103 2910 2386 2970 Christum.
2416 2909 2763 2964 observarent
2796 2921 2968 2964 tamen
2991 2913 3149 2966 etiam
3188 2914 3455 2982 judaicam

1884 2999 2231 3069 disciplinam.
2261 3002 2338 3056 Ad
2371 3002 2501 3070 hoc,
2528 3005 2765 3075 inquam,
2794 3007 3203 3071 excludendum.
3227 3020 3284 3066 ut
3315 3012 3457 3068 illam

216 3096 299 3150 vel
327 3107 570 3152 emortuo
591 3099 823 3163 semine,
846 3101 926 3154 vel
957 3112 1195 3155 emortua
1228 3103 1384 3156 etiam
1415 3102 1597 3168 vulva,
1628 3104 1785 3157 ambo

1895 3091 2190 3158 rejicerent,
2214 3103 2266 3146 et
2287 3094 2458 3148 solum
2493 3097 2822 3166 evangelium
2850 3098 2916 3152 de
2939 3098 3154 3155 Christo
3179 3100 3457 3170 haberent,

214 3192 585 3262 jungerentur,
617 3211 717 3249 non
737 3196 844 3264 jam
873 3198 936 3252 de
964 3213 1156 3264 carne,
1184 3201 1274 3254 sed
1305 3200 1370 3254 de
1415 3202 1637 3269 Spiritu,
1664 3218 1782 3271 pro-

221 3295 535 3340 creaverunt
561 3285 757 3351 ﬁlium,
807 3304 962 3356 quem
1022 3302 1365 3358 procrearunt
1396 3310 1408 3345 :
1464 3301 1517 3346 et
1546 3292 1656 3348 haec
1687 3293 1786 3348 luit

223 3379 564 3447 repromissio
586 3420 599 3442 ,
633 3380 750 3434 illos
769 3396 888 3434 cum
914 3382 1208 3438 habituros.
1238 3383 1342 3438 Sed
1372 3398 1467 3439 nos
1495 3384 1626 3438 duos
1658 3385 1788 3439 istos

226 3467 362 3524 ﬁlios
387 3470 808 3538 comparabimus
829 3513 843 3536 ,
867 3473 1130 3542 simulque
1157 3483 1209 3528 et
1237 3484 1435 3528 matres
1466 3475 1676 3544 populi,
1701 3491 1788 3530 ec-

226 3563 400 3617 clesiis
427 3563 727 3619 Judaeorum
753 3576 806 3620 et
845 3566 1289 3620 Christianorum.
1317 3566 1511 3622 Paulus
1543 3583 1666 3622 vero
1691 3567 1789 3622 ali-

229 3663 308 3707 ter
327 3653 701 3722 interpretatus
730 3655 996 3724 subiungit
1047 3657 1138 3711 ita.

299 3742 456 3798 Vsus.
488 3745 558 3799 24
578 3757 630 3800 et
657 3745 745 3800 25.
778 3777 844 3785 —
867 3749 991 3812 Qua:
1019 3758 1132 3802 sunt
1161 3767 1249 3818 per
1269 3751 1564 3820 allegoriam
1585 3752 1787 3806 dicta...

230 3832 316 3890 Sic
335 3835 513 3904 utique
535 3850 629 3890 nos
657 3836 984 3906 interpretati
1013 3854 1194 3894 sumus
1219 3880 1234 3905 ,
1286 3840 1438 3910 quasi
1471 3858 1562 3908 per
1600 3843 1794 3912 allego-

233 3927 380 3982 riam.
401 3926 529 3982 Cum
553 3927 690 3982 aliud
714 3929 922 3996 dicitur,
945 3932 1085 3985 aliud
1109 3933 1432 4002 signiﬁcatur
1451 3934 1551 4005 (ὅ),
1576 3934 1688 3989 haze
1713 3936 1793 3990 al-

233 4017 422 4087 legoria
437 4029 536 4083 est,
558 4020 722 4088 ipsam
749 4030 923 4076 tamen
939 4023 1239 4092 allegoriam
1265 4025 1637 4096 interpretatur
1661 4027 1794 4082 Pau-

235 4109 332 4176 lus,
364 4120 419 4164 ut
455 4112 565 4180 ipse
586 4113 854 4182 subjungit
878 4132 888 4165 :
915 4113 1051 4166 Nam
1080 4116 1186 4169 [nec
1211 4125 1327 4168 sunt
1352 4117 1450 4170 duo
1483 4127 1791 4182 testamenta,

237 4217 385 4254 unum
397 4203 596 4270 quidem
609 4219 668 4255 ex
683 4212 844 4256 monte
857 4203 1004 4266 Sina,
1023 4205 1072 4256 in
1087 4205 1370 4259 servitutem
1382 4223 1624 4275 generatis
1635 4250 1647 4273 ,
1661 4211 1795 4278 quod

239 4304 306 4348 est
333 4296 487 4364 Agar.
514 4293 643 4350 Sina
671 4297 799 4349 enim
821 4312 961 4348 mons
991 4306 1060 4349 est
1087 4297 1138 4348 in
1161 4297 1365 4362 Arabia,
1388 4299 1474 4365 qui
1503 4301 1795 4368 conjunctae

240 4396 308 4440 est
349 4389 390 4439 ei
415 4387 500 4455 qui
533 4385 608 4458 (4)
636 4403 768 4440 nunc
795 4397 864 4440 est
885 4389 1039 4456 juxta
1066 4385 1407 4440 Hierusalem.
1440 4387 1671 4456 Populus
1698 4389 1792 4443 Ju-

1888 3193 2248 3250 assumpserat
2276 3185 2520 3252 superius
2541 3187 2870 3254 exeniplum,
2919 3204 3023 3257 quo
3049 3189 3266 3246 doceret
3294 3191 3461 3246 Abra-

1889 3269 2007 3323 ham
2040 3271 2173 3324 duos
2209 3273 2344 3326 lilios
2371 3271 2619 3328 habuisse
2641 3316 2654 3337 ,
2680 3291 2838 3329 unum
2879 3279 2945 3332 de
2975 3280 3162 3333 ancilla
3183 3321 3196 3344 ,
3227 3281 3451 3337 alterum

1888 3358 1954 3413 de
1987 3360 2168 3414 libera.
2212 3361 2302 3415 llla
2355 3371 2532 3418 autem
2575 3363 2741 3418 libera
2767 3407 2782 3432 ,
2827 3383 2946 3435 quae
2988 3383 3113 3424 vere
3152 3385 3287 3426 uxor
3331 3372 3456 3438 luit,

1889 3451 2086 3505 sterilis
2113 3463 2224 3506 erat
2251 3493 2264 3516 ,
2306 3469 2477 3523 neque
2507 3455 2650 3509 enim
2704 3456 2956 3512 edidisset
2988 3469 3228 3527 partum,
3279 3461 3322 3516 si
3355 3479 3458 3517 non

1892 3540 2032 3596 Dens
2077 3544 2489 3611 repromissione
2538 3559 2632 3598 sua
2671 3546 2718 3600 ei
2765 3545 2925 3601 ﬁlium
2978 3559 3271 3617 prtestaret.
3307 3552 3460 3610 Unde

1890 3633 2237 3704 intelligitur,
2297 3653 2400 3691 non
2423 3653 2486 3693 es
2509 3638 2836 3693 admixtione
2867 3640 2944 3710 (3)
2973 3642 3110 3696 inter
3154 3659 3211 3700 se
3254 3660 3447 3716 corpo-

1891 3743 2030 3795 rum,
2060 3727 2151 3782 sed
2175 3745 2237 3782 ex
2270 3730 2618 3796 promissione
2643 3733 2732 3788 Dci
2767 3733 3032 3788 Abraham
3059 3735 3219 3790 ﬁlium
3250 3736 3461 3792 habuis-

1891 3833 1979 3881 se;
2031 3819 2287 3888 siquidem
2329 3821 2412 3876 hic
2452 3821 2591 3876 ﬁlius
2647 3823 2865 3894 libene,
2909 3827 2994 3896 qui
3036 3827 3180 3882 Isaac
3229 3828 3318 3882 fuit
3345 3868 3359 3893 ,
3390 3828 3458 3884 de

1893 3909 2062 3964 sterili
2092 3921 2246 3964 natus
2287 3921 2396 3976 est,
2443 3913 2629 3981 Spiritu
2680 3916 2903 3985 quodam
2961 3919 3133 3986 potius
3173 3927 3460 3988 conceptus

1894 4015 2048 4066 quam
2072 4002 2422 4070 copulatione.
2457 4003 2579 4058 Haec
2615 4005 2773 4074 igitur
2797 4008 3014 4074 sterilis,
3048 4025 3166 4078 quae
3197 4010 3359 4063 ﬁlium
3382 4010 3460 4065 le-

1893 4090 1967 4143 cit
1997 4091 2140 4145 Isaac
2165 4132 2178 4156 ,
2210 4093 2299 4160 qui
2338 4092 2402 4146 ad
2431 4094 2708 4163 imaginem
2751 4106 2802 4149 et
2836 4106 3015 4166 typum
3056 4099 3248 4154 Christi
3298 4109 3453 4156 natus

1895 4191 1976 4234 est
1999 4221 2014 4246 ,
2059 4183 2169 4252 ipse
2198 4192 2280 4237 est
2304 4185 2392 4253 qui
2420 4184 2663 4239 liberavit
2690 4188 2961 4256 pepulum.
2991 4189 3122 4242 Cum
3179 4191 3334 4259 igitur
3381 4191 3462 4245 tli-

1895 4272 1967 4325 cit
2009 4273 2178 4326 lwlare
2197 4274 2381 4331 sterilis
2404 4291 2514 4343 qua:
2537 4292 2636 4328 non
2662 4277 2832 4344 paris,
2857 4279 2976 4347 quia
3003 4279 3092 4333 tibi
3143 4280 3279 4335 Deus
3324 4281 3462 4337 ﬁlios

1895 4362 2049 4428 facit;
2083 4363 2207 4419 item
2241 4381 2358 4420 cum
2385 4365 2516 4422 dicit
2544 4409 2556 4432 ,
2594 4384 2800 4436 erumpe
2841 4385 2954 4436 quea
2982 4387 3083 4424 non
3113 4375 3374 4441 parturis;
3396 4373 3468 4426 si-

244 4453 492 4543 dazoruin,
514 4453 699 4549 inquit,
719 4478 796 4532 vel
816 4453 1184 4533 testamentum
1200 4480 1796 4548 vetussigniﬁcallilium
1821 4470 1874 4529 D
1903 4469 1968 4549 (‘6
1991 4453 2177 4549 ξ¹ίξ¹ονθ
2211 4457 2406 4512 “enim
2439 4458 2529 4512 ubi
2573 4459 2664 4512 nm
2702 4469 2984 4526 creamur;
3017 4464 3276 4530 parturire
3297 4464 3460 4530 enim,

243 4584 304 4624 ex
329 4565 559 4622 ancilliﬁ‘:
615 4570 802 4625 ancilla
840 4581 1013 4626 autem
1065 4588 1180 4642 qua:
1210 4588 1274 4626 ex
1319 4582 1497 4628 monte
1526 4574 1620 4627 luit
1649 4573 1796 4629 Sina.

246 4662 387 4728 Quod
412 4673 585 4717 autem
618 4664 668 4716 in
692 4665 944 4718 servitute
967 4675 1083 4720 erat
1109 4665 1297 4718 ancilla
1324 4708 1336 4732 ,
1373 4665 1491 4719 ideo
1516 4675 1569 4720 et
1599 4665 1685 4720 hic
1710 4681 1800 4735 po-

247 4752 389 4822 pulus
419 4752 469 4805 in
499 4754 758 4808 servitute
783 4765 884 4809 est.
917 4755 1067 4823 Quod
1117 4768 1294 4812 autem
1326 4757 1422 4811 luit
1468 4759 1594 4812 Sina
1644 4774 1796 4813 mons

247 4842 547 4911 conjunctus
579 4844 624 4898 ei
650 4845 876 4908 civitati,
927 4863 1045 4916 quae
1088 4848 1412 4903 Hierusalem
1457 4859 1567 4914 est,
1597 4866 1662 4904 ex
1689 4851 1802 4919 ipso

249 4943 417 4987 monte
444 4933 660 5004 intelligi
687 4935 952 4990 civitatem
979 4937 1182 5002 voluit,
1229 4949 1281 4992 ct
1307 4954 1402 5009 per
1427 4941 1690 4995 civitatem
1712 4941 1804 4995 Ju—

251 5024 381 5078 daaos
413 5043 426 5077 :
460 5040 552 5094 per
583 5034 814 5079 montem
837 5036 1012 5082 autem
1037 5028 1122 5082 illa
1149 5071 1162 5093 ,
1194 5045 1312 5098 quae
1337 5041 1451 5084 erat
1504 5048 1569 5086 ex
1614 5031 1800 5085 eodem

254 5125 418 5169 monte
442 5115 596 5182 Sina,
623 5117 807 5171 ancilla
836 5117 932 5172 luit
952 5159 967 5184 ,
1020 5127 1073 5174 et
1101 5121 1150 5173 in
1192 5124 1448 5176 servitute
1493 5123 1799 5190 generavit;

253 5205 434 5261 idcirco
450 5208 609 5262 etiam
638 5207 998 5277 Hierusalem,
1029 5211 1082 5266 id
1103 5221 1185 5267 est
1210 5214 1436 5282 populus
1463 5213 1700 5284 ejusdem
1728 5215 1804 5270 ci-

343 5441 387 5528 (
414 5441 544 5528 Cod.
575 5449 883 5528 conferatur.

343 5441 386 5509 1)
414 5441 544 5496 Cod.
575 5449 883 5516 conferatur.

315 5441 391 5648 (2)
414 5511 568 5583 Vulg.
597 5519 794 5571 omittit
823 5520 864 5573 is
891 5519 1108 5589 quidem.

335 5582 387 5648 3)
427 5581 576 5648 Vulg.
610 5585 770 5640 habet
801 5590 864 5640 In
895 5601 1060 5643 monte
1083 5631 1097 5648 .

320 5581 392 5723 (3;
427 5581 576 5653 Vulg.
610 5585 770 5640 habet
801 5590 864 5640 In
895 5581 1060 5643 monte
1083 5631 1097 5650 .
1121 5599 1225 5645 etc.

320 5650 370 5722 (4
435 5651 584 5726 Vulg.
608 5695 624 5725 ,
655 5672 770 5726 qua:
800 5673 933 5714 nunc
962 5670 1036 5715 est
1072 5659 1375 5716 Jerusalem.

1902 4546 1952 4598 in
1977 4545 2160 4601 dolore
2185 4562 2304 4603 esse
2334 4557 2416 4604 est
2442 4590 2456 4614 ,
2502 4565 2620 4604 cum
2655 4561 2833 4620 partus
2861 4553 3149 4607 eﬁ‘unditur
3183 4552 3259 4624 (4)
3288 4573 3301 4608 :
3325 4555 3467 4624 quod

1900 4640 2081 4707 utique
2129 4655 2232 4694 non
2276 4640 2464 4695 eodem
2519 4641 2676 4696 modo
2707 4651 2823 4707 est,
2863 4658 2984 4697 cum
3041 4645 3314 4712 Ecclesia,
3349 4662 3469 4716 qua:

1899 4730 2179 4801 imaginem
2217 4742 2381 4798 tenet,
2412 4733 2490 4788 vel
2519 4735 2672 4802 cujus
2696 4734 2868 4804 imago
2896 4735 2993 4790 fuit
3021 4752 3162 4792 uxor
3181 4740 3267 4793 illa
3292 4739 3466 4794 Abra-

1907 4819 1986 4873 lite
2015 4822 2179 4876 libera
2206 4838 2219 4886 ;
2268 4823 2503 4878 Ecclesia
2533 4865 2547 4889 ,
2593 4824 2805 4894 inquam
2830 4867 2844 4891 ,
2876 4835 2993 4893 est,
3028 4843 3148 4896 quae
3175 4829 3313 4883 lilios
3336 4829 3471 4883 mul-

1903 4919 1984 4964 tos
2014 4911 2209 4978 habet,
2241 4929 2372 4982 quos
2405 4915 2493 4968 Dei
2524 4915 2659 4969 ﬁlios
2681 4957 2693 4979 ,
2722 4926 2776 4970 et
2799 4918 3017 4984 spiritus
3050 4920 3186 4972 ﬁlios
3224 4935 3342 4974 cum
3369 4921 3465 4975 he.

1905 5001 2016 5054 titia
2044 5001 2210 5070 magis
2238 5001 2432 5069 habet,
2472 5019 2576 5058 non
2608 5019 2727 5058 cum
2761 5005 2964 5063 dolore.
3025 5008 3132 5062 Hos
3161 5009 3318 5078 igitur
3343 5010 3472 5068 dicit

1896 5076 2023 5144 esse
2064 5094 2248 5146 multos
2278 5093 2413 5160 ﬁlios
2464 5095 2690 5149 ἄρδει-ιω.
2726 5095 2934 5154 Etenim
2963 5099 3049 5153 illa
3080 5076 3270 5156 ancilla
3297 5144 3311 5168 ,
3345 5112 3398 5159 et
3430 5103 3478 5160 si

1963 5244 2055 5364 ,(1)
2098 5243 2252 5316 Vulg.
2276 5285 2291 5311 ,
2340 5247 2445 5303 Illa
2471 5261 2669 5319 autent,
2700 5269 2952 5322 quan”...
2985 5270 3099 5325 qua:
3125 5269 3284 5312 mater
3305 5273 3479 5318 nostra

1909 5329 2000 5366 εει.

1981 5383 2058 5454 (2)
2098 5385 2320 5443 Curiosa
2352 5389 2467 5443 sine
2488 5390 2649 5466 dubio
2673 5394 2919 5466 quaastio,
2952 5409 3108 5466 supra
3136 5401 3300 5454 cmlos
3320 5401 3477 5458 aliam

1913 5461 2106 5534 terram
2152 5470 2479 5534 compertum
2500 5460 2616 5534 __iri.
2668 5460 2802 5534 Num
2855 5460 3032 5521 innuit
3057 5469 3478 5529 millenariorum

1911 5524 2140 5593 aliquam
2167 5524 2468 5593 Opinionem
2500 5528 2834 5588 Victorinus?

1983 5592 2064 5736 (δὲ
2101 5592 2271 5653 Codd.
2294 5601 2664 5666 adsumptione.

1985 5665 2038 5736 (4
2105 5665 2271 5724 Codd.
2300 5671 2345 5724 ei
2372 5670 2622 5736 funditur.

1985 5665 2064 5736 (4)
2105 5665 2271 5724 Codd.
2300 5671 2345 5724 ei
2372 5665 2622 5741 funditur.
