3950 6206
532 251 669 312 1187

1621 296 1635 309 .
1723 248 1913 311 MAI!"
1953 246 2288 305 VICTORINI
2326 252 2481 308 AFRI

3628 248 3751 305 “88

530 363 711 421 habuit
742 364 905 419 lilium
927 405 941 431 ,
983 365 1167 420 habuit
1188 380 1252 419 ex
1280 364 1485 427 dolore,
1519 363 1701 417 habuit
1726 378 1788 418 ex
1818 364 1953 417 riro.
1992 363 2081 416 Er-
2114 361 2166 419 A
2190 381 2277 420 nos
2298 366 2547 420 liberavit:
2572 366 2657 420 illa
2676 365 2879 422 scilicet
2896 363 3286 434 libertate,qua
3303 370 3751 419 materestnostra

528 468 595 524 go
621 470 738 509 cum
771 455 940 519 dixit,
986 456 1132 507 ntulti
1156 455 1252 523 ﬁlii
1275 454 1509 518 deserta,
1538 453 1603 508 ad
1627 452 1916 507 Ecclesiam
1948 461 2090 505 retu-

530 545 610 611 lit,
636 546 785 616 cujus
814 548 1090 620 imaginem
1112 557 1163 603 et
1198 557 1375 618 typum
1406 546 1650 616 praestitit
1682 560 1859 614 supra.
1890 543 2088 599 Deinde

528 652 646 704 eum
680 638 845 703 dixit,
883 639 1029 693 multi
1050 638 1145 707 ﬁlii
1168 638 1409 703 decertat,
1444 638 1601 707 magis
1626 652 1776 705 quam
1818 636 1931 704 ejus
1976 648 2089 703 quat

528 730 675 782 habet
697 728 855 782 virum
877 770 892 795 ,
918 729 1151 784 ostendit
1169 728 1309 797 quod
1331 742 1511 795 supra,
1561 728 1675 781 sine
1706 726 1817 780 viro
1839 724 1933 779 sed
1978 724 2088 793 spi-

530 819 753 874 ritaliter
782 820 944 874 lilium
994 819 1195 873 habuit.
1238 817 1529 885 Numquam
1567 817 1706 871 enim
1753 816 1879 869 huic
1915 816 2082 871 virum

529 909 712 974 daret,
758 910 853 963 uisi
896 908 979 963 illa
1010 909 1180 962 virum
1212 922 1316 961 non
1357 906 1449 958 viri
1484 904 1856 974 conjunctione
1888 904 2087 957 sensis-

529 1008 641 1062 set,
674 997 763 1053 sed
793 997 1014 1068 spiritali
1046 998 1394 1066 promissione
1441 995 1776 1063 suscepisset.
1828 993 1897 1050 Et
1942 1002 2085 1049 certe

528 1088 671 1142 mulli
692 1128 705 1151 ,
744 1086 949 1157 inquit,
973 1086 1070 1153 ﬁlii
1098 1085 1322 1139 deserta.
1359 1084 1549 1154 Utique
1576 1099 1694 1137 cum
1744 1081 1871 1137 Sara
1918 1082 2083 1139 illium

532 1180 800 1243 habuerit,
846 1194 950 1233 non
974 1177 1305 1233 referendum
1334 1176 1399 1229 ad
1424 1177 1607 1231 Saram
1630 1216 1646 1241 ,
1676 1174 1766 1228 sed
1809 1173 1872 1227 ad
1904 1172 2089 1227 Eccle-

529 1272 660 1327 siam
696 1287 812 1342 qua:
849 1271 1043 1325 multos
1081 1268 1217 1323 ﬁlios
1246 1268 1442 1323 habet:
1478 1278 1533 1321 ut
1571 1267 1639 1322 sit
1676 1266 1764 1319 illa
1790 1304 1804 1329 ,
1847 1278 1964 1334 quae.
2013 1263 2091 1317 vi-

526 1380 644 1419 rum
674 1362 859 1427 habet,
895 1362 977 1417 lex
1004 1370 1057 1415 et
1086 1360 1320 1415 Ecclesia
1361 1357 1665 1413 Judaeorum
1690 1396 1704 1421 ,
1752 1370 1869 1425 qua:
1900 1368 2093 1422 corpo-

532 1455 712 1509 raliter
741 1452 1038 1514 consentit,
1070 1450 1417 1517 corporaliter
1436 1462 1557 1500 cum
1582 1446 1681 1501 sibi
1720 1444 1989 1514 jungitur,
2030 1443 2093 1495 ll-

531 1545 656 1598 linm
689 1544 995 1613 spiritaliter
1022 1542 1217 1595 habere
1249 1555 1353 1593 non
1381 1547 1571 1608 pOtest.

602 1636 762 1690 Vsus.
795 1633 889 1688 28.
914 1662 982 1673 ——
1012 1630 1116 1686 Vos
1165 1640 1331 1685 autem
1360 1632 1543 1699 fratres
1587 1626 1860 1681 secundum
1910 1622 2088 1685 Isaac,

2193 457 2379 521 libera,
2423 473 2541 527 qua:
2584 458 2745 512 libera
2790 465 2894 521 est,
2923 457 3024 509 lide
3044 456 3287 511 scilicet:
3321 456 3438 509 haec
3463 456 3607 509 enim
3638 469 3753 509 vera

2189 545 2404 601 libertas
2454 556 2570 613 est,
2618 547 2775 601 tidem
2829 560 3040 600 servare
3091 547 3141 599 in
3189 545 3400 610 Deum,
3429 556 3486 599 et
3517 546 3756 599 Deumet

2192 636 2283 690 Dei
2309 638 2561 705 promissa
2590 637 2764 690 omnia
2794 635 3030 691 credere.
3082 636 3217 705 Ergo
3261 635 3560 689 secundum
3604 635 3753 688 (idem

2191 740 2285 779 nos
2308 725 2550 783 Christus
2593 726 2656 781 ad
2688 727 2980 782 libertatem
3008 726 3238 794 reduxit,
3277 736 3330 782 et
3361 726 3613 783 libertate
3637 725 3751 782 fidei

2190 815 2446 870 liberavit.
3404 866 3407 867 ν

2260 906 2407 960 CAP.
2444 906 2502 959 ν.
2527 936 2594 945 -
2621 906 2784 961 Vsus.
2818 908 2866 960 1.
2892 906 3122 961 —State
3148 922 3268 976 ergo
3290 906 3391 976 (l),
3420 917 3467 961 et
3495 908 3651 960 nolite
3673 908 3753 959 ite-

2188 1015 2301 1051 rum
2338 1000 2464 1068 jugo
2510 1000 2757 1052 servitutis
2803 1000 3068 1053 contineri.
3116 999 3494 1068 Subiungenda
3524 998 3748 1054 hortatio

2190 1089 2313 1152 fuit,
2347 1100 2403 1143 ut
2432 1091 2483 1144 in
2511 1090 2695 1144 iisdem
2714 1130 2729 1154 ,
2762 1105 2878 1158 qua:
2903 1105 2999 1158 per
3024 1089 3354 1159 evangelium
3379 1104 3408 1143 a
3431 1105 3491 1143 se
3517 1104 3740 1157 accepe-

2190 1191 2350 1247 rant,
2394 1190 2774 1252 perseverent,
2828 1196 2894 1235 ne
2922 1189 3254 1237 revertantur
3275 1196 3488 1234 rursum
3531 1180 3599 1234 ad
3628 1181 3751 1250 legis

2197 1271 2278 1342 (2)
2310 1273 2606 1328 servitium.
2630 1273 2803 1338 State,
2832 1273 3035 1342 inquit;
3065 1273 3202 1341 quod
3231 1289 3334 1327 non
3364 1274 3749 1341 permittiturei

2191 1362 2278 1430 qui
2307 1363 2403 1417 sub
2427 1362 2553 1432 jugo
2575 1372 2692 1428 est;
2724 1365 2917 1419 etenim
2945 1364 3031 1418 ille
3054 1364 3274 1433 deponit
3316 1365 3591 1418 cervicem
3621 1364 3745 1417 sub-

2193 1453 2403 1507 tuissam
2437 1453 2545 1521 (5):
2578 1469 2679 1506 non
2706 1468 2831 1522 ergo
2857 1463 2979 1508 stat.
3022 1452 3115 1507 Vos
3138 1494 3152 1517 ,
3188 1454 3392 1523 inquit,
3435 1469 3557 1524 ergo
3584 1463 3749 1516 state;

2193 1541 2331 1609 quod
2378 1552 2459 1597 est
2509 1543 2685 1597 liberis
2734 1544 2983 1598 membris
3025 1553 3259 1599 erectum
3288 1543 3487 1600 habere
3509 1560 3741 1613 corpus,

2192 1631 2369 1686 Nolite
2390 1674 2403 1697 ,
2434 1634 2605 1702 inquit
2632 1674 2646 1700 ,
2679 1636 2858 1688 iterum
2888 1638 3006 1705 iugo
3031 1636 3281 1689 servitutis
3310 1636 3558 1689 contineri
3582 1676 3597 1700 ,
3629 1636 3745 1703 quia

526 1725 871 1797 promissionis
897 1724 991 1798 ﬁlii
1018 1724 1140 1777 estis
1174 1722 1271 1793 (1).
1301 1719 1441 1776 Satis
1480 1728 1661 1784 aperte
1700 1716 2091 1784 comparatione
2120 1714 2166 1774 B
2194 1733 2347 1779 antea
2373 1724 2450 1779 vel
2479 1724 2580 1793 legi
2600 1725 2911 1779 serviebatis
2938 1724 3015 1796 (4)
3061 1725 3143 1779 vel
3171 1725 3476 1793 gentilitati.
3511 1726 3635 1780 Ideo
3658 1727 3748 1781 ite-

529 1819 628 1871 iSIa
656 1823 901 1882 separat,
933 1824 988 1866 ut
1014 1812 1177 1867 Judzei
1208 1812 1295 1864 lilii
1330 1809 1605 1864 videantur
1630 1806 1851 1869 ancillte,
1884 1813 1937 1857 at
1964 1818 2089 1857 vero

528 1904 808 1961 Christiani
843 1902 931 1956 lilii
960 1902 1157 1956 liberae.
1190 1898 1253 1952 Ut
1280 1900 1421 1953 enim
1449 1897 1736 1966 promissus
1783 1893 1927 1947 Sara:
1952 1892 2089 1945 [llius

530 1999 780 2066 spiritalis
812 2009 925 2059 est;
954 2000 1029 2050 sic
1050 1996 1209 2049 etiam
1251 2008 1343 2047 vos
1374 1992 1459 2060 qui
1490 1990 1611 2045 lidei
1651 1989 1739 2041 lilii
1786 1985 1944 2049 estis,
1996 1984 2087 2037 lilii

527 2091 706 2145 liberse
728 2090 1015 2145 secundum
1038 2086 1219 2141 lsaac:
1252 2085 1350 2139 hoc
1377 2092 1461 2139 est
1498 2080 1786 2137 secundum
1830 2080 1982 2131 tidem
2034 2076 2092 2127 li-

530 2183 654 2238 lium
690 2182 929 2235 habuerit
954 2182 1114 2233 Isaac.
1153 2176 1378 2243 Fitergo
1419 2174 1592 2227 innuis
1640 2172 1775 2225 lilius
1800 2212 1815 2235 ,
1867 2169 1954 2238 qui
2006 2182 2091 2222 sc-

530 2273 757 2327 entulum
786 2270 939 2323 [idem
969 2280 1048 2323 est
1078 2285 1090 2320 :
1116 2266 1406 2321 secundum
1432 2263 1583 2317 lidem
1615 2262 1755 2316 enim
1784 2257 2091 2328 spiritaliter

530 2364 715 2431 accipit
743 2362 902 2415 lilium
924 2402 937 2425 ,
966 2368 1019 2413 et
1042 2357 1334 2428 spiritalem
1358 2355 1520 2408 lilium
1551 2352 1715 2407 Isaac.

604 2454 763 2508 Vsus.
786 2449 1055 2506 29.—Sed
1082 2448 1230 2502 sicuti
1262 2458 1400 2510 tunc,
1427 2445 1511 2514 qui
1541 2443 1814 2497 secundum
1856 2442 2087 2513 spiritum

534 2554 659 2611 erat,
697 2545 769 2597 sic
799 2553 845 2596 et
876 2557 1006 2595 nunc
1023 2540 1119 2613 (2).
1148 2540 1303 2593 Plena
1327 2534 1654 2604 expositione
1677 2530 1928 2596 ostendit,
1950 2529 2089 2600 quod

531 2639 619 2708 qui
638 2635 923 2692 secundum
946 2648 1157 2688 carnem
1183 2640 1333 2685 natus
1348 2638 1449 2695 est,
1476 2626 1525 2683 id
1544 2635 1629 2682 est
1654 2642 1719 2680 ex
1741 2624 1949 2686 ancilla,
1971 2638 2089 2691 per-

530 2728 851 2797 sequebatur
875 2740 1018 2787 eum,
1049 2722 1250 2776 scilicet
1269 2721 1435 2783 Isaac,
1475 2718 1565 2787 qui
1595 2712 1883 2771 secundum
1931 2712 2085 2782 spiri-

530 2828 640 2873 tum
689 2826 801 2871 erat
825 2858 839 2882 ,
892 2814 1046 2870 sicuti
1100 2812 1151 2866 iu
1173 2810 1365 2865 Genesi
1396 2809 1590 2864 lectum
1612 2817 1730 2864 est:
1760 2814 1813 2859 et
1834 2818 1970 2857 nunc
2000 2802 2085 2855 isti

528 2918 914 2981 persequuntur
934 2948 948 2971 ,
980 2907 1067 2976 qui
1096 2904 1383 2960 seetuidum
1404 2914 1617 2955 carnem
1641 2898 1963 2952 intellectum
1994 2895 2085 2947 ha-

529 3002 654 3057 bent
678 3041 692 3065 ,
734 3014 826 3055 eos
851 3000 937 3069 qui
962 2996 1247 3051 secundum
1270 2994 1511 3061 spiritum
1540 2991 1739 3053 vivunt,
1766 2987 1817 3040 id
1836 2995 1916 3040 est
1934 2983 2088 3038 Chri-

2191 1831 2304 1891 rnm
2328 1815 2437 1880 ait,
2465 1831 2529 1869 ne
2561 1814 2639 1885 (5)
2668 1815 2730 1869 ad
2758 1817 2993 1869 eamdem
3024 1826 3373 1870 revertamur.

2267 1907 2423 1962 Vsus.
2456 1907 2582 1959 2.-
2605 1907 2731 1962 Ecce
2756 1925 2843 1979 ego
2873 1907 3072 1962 Paulus
3098 1909 3210 1962 dico
3236 1909 3373 1962 vobis
3391 1947 3409 1976 ,
3432 1909 3668 1978 quoniam
3706 1908 3745 1960 si

2190 2001 2645 2065 circumcidamini,
2696 2001 2923 2054 Christus
2949 2003 3082 2055 vobis
3112 2002 3237 2055 nihil
3265 2002 3516 2070 proderit.
3541 2001 3732 2068 Aperte

2190 2092 2439 2157 ostendit,
2466 2107 2568 2145 non
2597 2091 2850 2160 prodesse
2880 2092 3141 2147 Christum
3166 2131 3182 2157 ,
3210 2092 3254 2145 si
3275 2092 3436 2161 aliqui
3468 2092 3545 2160 (6)
3572 2092 3621 2143 in
3645 2092 3745 2145 cir-

2189 2183 2514 2238 cumcisione
2538 2196 2686 2250 spem
2716 2192 2893 2250 ponat,
2925 2191 2976 2237 et
3008 2183 3057 2237 iu
3088 2183 3499 2237 circumcisione
3525 2182 3737 2236 carnali.

2190 2273 2328 2341 Ergo
2349 2288 2464 2326 cum
2488 2287 2581 2325 vos
2605 2272 2825 2341 jungitis
2848 2272 3145 2327 Judteorum
3175 2287 3380 2327 morem
3409 2283 3460 2325 et
3485 2278 3738 2340 praeCepta

2189 2374 2243 2417 et
2268 2363 2617 2431 disciplinam,
2646 2364 2688 2416 si
2713 2364 2762 2415 in
2785 2362 2867 2416 bis
2895 2362 3083 2429 ponitis
3102 2362 3451 2415 salvatiunem
3476 2373 3529 2416 et
3553 2360 3735 2415 libera-

2190 2453 2406 2515 tionem,
2434 2452 2569 2515 dico,
2600 2453 2787 2521 inquit,
2826 2452 2995 2516 vobis,
3046 2460 3100 2506 et
3128 2451 3246 2505 dico
3278 2451 3475 2504 Paulus
3505 2452 3735 2515 scilicet,

2188 2545 2277 2615 qui
2308 2544 2454 2598 vobis
2477 2551 2599 2597 ante
2629 2543 2869 2611 promisit
2891 2558 3008 2597 cum
3035 2546 3084 2595 in
3115 2542 3449 2611 evangelium
3478 2543 3571 2594 Dei
3596 2556 3737 2595 voca-

2188 2638 2263 2689 vit
2289 2676 2303 2701 ,
2359 2634 2586 2699 Paulus,
2618 2633 2786 2702 inquit
2808 2674 2824 2697 ,
2866 2648 2965 2702 ego
2994 2647 3126 2701 nego
3154 2633 3303 2686 vobis
3332 2633 3589 2700 prodesse
3614 2640 3665 2686 et
3688 2631 3733 2684 in

2189 2726 2333 2779 nullo
2362 2725 2615 2778 auxilium
2656 2724 2794 2779 ferre
2835 2723 3141 2788 Christum,
3183 2726 3225 2777 si
3272 2724 3736 2786 circumcidamini,

2190 2816 2233 2870 si
2254 2832 2460 2870 omnem
2489 2830 2636 2885 spem
2668 2816 2717 2868 in
2739 2815 3138 2869 circumcisione
3166 2814 3393 2883 ponatis.
3417 2812 3736 2880 Quamquam

2190 2906 2388 2960 Galatm
2432 2906 2674 2958 videntur
2702 2916 2754 2958 et
2799 2904 3066 2971 accepisse
3101 2904 3392 2968 Christum,
3450 2912 3505 2957 et
3529 2903 3738 2971 iungere

2185 2994 2445 3062 judaicam
2472 2995 2801 3063 disciplinam
2827 3034 2841 3057 ,
2872 3004 3042 3048 tamen
3071 2992 3353 3047 afﬁrmavit
3377 3000 3431 3045 et
3454 3005 3730 3059 personam

528 3092 750 3146 stianos.
776 3090 1008 3157 Deuique
1031 3095 1087 3140 ut
1106 3085 1261 3139 totius
1285 3078 1756 3153 argumentationis
1782 3079 1908 3142 vim,
1930 3090 2084 3147 quam
2116 3064 2161 3128 C
2190 3102 2338 3139 suam
2367 3084 2527 3138 veluti
2553 3085 2831 3154 obligavit,
2860 3081 2909 3153 id
2937 3083 3077 3151 quod
3104 3082 3334 3151 loquitur
3363 3079 3629 3143 dicendo,
3669 3079 3741 3132 ni-

530 3182 770 3251 COItcepit
795 3223 809 3246 ,
850 3179 1111 3242 ostendat,
1140 3175 1410 3244 subjungit
1432 3175 1552 3228 ista.

603 3270 1037 3328 Vens..’st).—Sed
1056 3270 1174 3340 quid
1196 3269 1314 3321 dicit
1330 3264 1637 3335 Scriptura?
1665 3262 1806 3335 Ejice
1824 3260 2082 3323 ancillam,

532 3376 576 3419 et
620 3366 781 3433 ﬁlium
818 3365 967 3433 eius;
996 3378 1094 3415 non
1134 3362 1265 3413 enim
1290 3360 1447 3411 htcres
1474 3357 1565 3410 erit
1596 3355 1731 3422 ﬁlius
1757 3354 1953 3407 ancilla:
1976 3367 2088 3404 cum

532 3456 639 3522 ﬁlio
665 3471 768 3507 meo
791 3451 939 3506 Isaac
967 3450 1064 3521 (5).
1080 3449 1219 3505 Satis
1240 3457 1420 3517 aperte
1445 3445 1677 3499 declarat
1696 3459 1760 3497 ex
1784 3442 1883 3496 hoc
1909 3456 2087 3495 exem-

535 3547 640 3615 plo,
668 3542 806 3613 quod
835 3553 917 3597 est
959 3543 1009 3595 in
1038 3540 1254 3603 Genesi,
1287 3537 1534 3605 quoniam
1558 3533 1875 3602 quicumque
1902 3530 2083 3589 sentit,

537 3648 589 3691 et
606 3638 774 3704 legem
800 3634 1097 3688 Judzeorntu
1126 3632 1203 3684 sic
1229 3628 1439 3696 accipit,
1464 3635 1520 3679 ut
1541 3624 1824 3682 carnaliter
1844 3622 2086 3689 accipiat,

536 3726 825 3783 secundum
883 3737 1095 3778 carnem
1122 3728 1205 3776 est
1229 3720 1397 3781 lilius,
1432 3716 1500 3771 de
1527 3730 1630 3785 quo
1651 3714 1805 3767 etiam
1838 3713 1919 3765 lcx
1966 3725 2087 3779 pro~

539 3818 797 3869 nuntiavit
815 3814 1060 3881 deditque
1076 3809 1417 3872 sententiam,
1436 3806 1673 3875 ejiciatur
1686 3803 1869 3856 ancilla
1893 3811 1942 3854 et
1957 3800 2093 3853 lilius

534 3906 679 3972 ejus,
712 3912 990 3973 prouterea
1013 3901 1136 3971 quia
1164 3900 1335 3953 haeres
1356 3912 1475 3952 esse
1515 3912 1619 3949 non
1659 3898 1846 3963 poterit
1886 3892 2091 3945 ancilla:

537 3998 674 4052 lilius
698 4010 813 4049 cum
843 3994 950 4047 lilio
970 3992 1059 4062 qui
1084 4000 1249 4046 estex
1278 3989 1441 4043 libera
1466 4028 1481 4050 ,
1528 3987 1619 4055 qui
1655 3996 1735 4040 est
1757 3984 1917 4039 Isaac.
1950 3984 2093 4051 Ergo

537 4102 629 4141 vos
656 4099 864 4155 quoque
884 4083 1003 4152 quia
1034 4079 1345 4149 adjunxistis
1392 4076 1781 4131 observantiam
1839 4075 1967 4142 legis
2008 4089 2093 4125 se-

537 4177 764 4232 cundum
788 4188 1034 4238 carnem,
1064 4180 1121 4224 ut
1146 4169 1352 4224 facilius
1396 4166 1634 4220 hreredes
1671 4180 1791 4218 esse
1846 4164 2089 4231 possitis,

538 4275 707 4321 estote
738 4264 830 4317 lilii
851 4264 1050 4323 libens,
1089 4259 1141 4314 id
1162 4267 1248 4314 est
1272 4245 1721 4313 christiauismnm
1744 4293 1759 4318 ,
1807 4253 1975 4306 solum
2017 4253 2090 4305 le-

2189 3178 2261 3229 hil
2285 3178 2501 3245 proderit
2528 3177 2659 3229 vobis
2682 3174 2908 3230 Christus
2935 3214 2949 3237 ,
2974 3175 3017 3227 si
3054 3171 3512 3227 circumcidatnini.
3566 3168 3733 3224 Videri

2188 3284 2313 3335 ergo
2343 3277 2533 3336 potest,
2564 3268 2743 3321 nescio
2766 3266 2888 3335 quid
2912 3264 3171 3321 occultum
3201 3282 3213 3318 :
3239 3265 3434 3332 quippe
3456 3278 3578 3316 cum
3600 3260 3740 3316 Chri-

2189 3370 2325 3411 smm
2359 3366 2646 3426 sequantur
2675 3354 2897 3419 Galatm,
2922 3364 2975 3409 et
3000 3354 3264 3407 Christum
3289 3362 3576 3421 sequentes
3602 3366 3740 3419 spem

2190 3450 2495 3502 salvationis
2523 3448 2573 3502 in
2597 3463 2660 3501 eo
2692 3457 2918 3515 ponant,
2946 3445 3208 3513 quomodo
3247 3444 3347 3498 hoc
3395 3442 3739 3498 confirmave-

2190 3541 2257 3594 rit
2290 3540 2482 3592 Paulus
2508 3578 2521 3601 ,
2552 3537 2689 3607 quod
2734 3535 2975 3591 Christus
3014 3536 3138 3589 nihil
3172 3534 3407 3603 proderit
3449 3533 3498 3587 si
3526 3534 3741 3586 circum-

2190 3630 2430 3683 cidautur
2458 3627 2698 3682 Galatae?
2730 3628 2951 3681 Servate
2978 3635 3150 3679 autem
3180 3624 3359 3677 animo
3404 3633 3455 3677 et
3504 3622 3604 3676 lide
3643 3622 3740 3675 cir-

2192 3733 2251 3772 ca
2302 3720 2568 3771 Christum
2597 3758 2611 3782 ,
2658 3717 2855 3785 aliquid
2894 3715 3117 3785 amplius
3169 3713 3400 3778 faciunt,
3444 3724 3741 3767 nontamen

2192 3809 2452 3864 Christum
2475 3809 2864 3877 derelinquunt,
2912 3818 3001 3862 aut
3025 3822 3129 3861 non
3167 3806 3218 3860 in
3240 3804 3453 3859 Christo
3479 3805 3634 3859 [idem
3659 3818 3745 3871 [io-

2194 3910 2344 3956 nunt.
2371 3902 2471 3955 Sed
2504 3899 2779 3953 redeamus
2800 3898 2866 3953 ad
2894 3898 3124 3972 animum
3148 3905 3200 3951 et
3228 3896 3557 3964 propositum
3583 3904 3634 3947 et
3659 3908 3745 3945 vo-

2192 3993 2467 4047 luntatem.
2499 3991 2627 4046 Cum
2656 3990 2923 4045 Christum
2950 4005 2980 4044 a
3019 3989 3181 4043 Paulo
3215 3987 3554 4055 acceperint,
3586 3994 3639 4039 et
3684 3985 3737 4035 ft-

2194 4085 2311 4138 dem
2340 4086 2389 4136 in
2417 4082 2679 4138 Christum
2706 4082 3044 4149 sumpserint,
3074 4090 3125 4132 et
3153 4080 3249 4131 hoc
3272 4080 3341 4131 sit
3381 4092 3568 4131 verum
3592 4090 3740 4130 evan-

2192 4176 2385 4244 gelium
2409 4215 2423 4238 ,
2451 4178 2627 4241 utique
2654 4189 2683 4226 a
2712 4171 2921 4226 Christo
2950 4172 3120 4224 minus
3155 4178 3467 4236 accepturos
3507 4182 3567 4222 se
3597 4177 3741 4235 puta-

2192 4273 2409 4327 verunt,
2443 4263 2582 4331 quod
2614 4273 2694 4316 est
2720 4262 2825 4327 jam
2856 4260 3231 4329 blasphemiaa,
3260 4270 3313 4313 et
3344 4258 3501 4311 lidem
3530 4273 3637 4310 non
3658 4256 3743 4309 ha-

537 4370 762 4424 gemque
785 4351 982 4409 Christi
1006 4359 1164 4419 atque
1190 4346 1517 4416 evangelium
1560 4344 1612 4398 in
1663 4341 1931 4397 Christum
1976 4355 2089 4395 sus-

2196 4352 2428 4407 bentium
2451 4394 2464 4417 ,
2505 4368 2567 4405 ex
2611 4365 2676 4406 eo
2722 4351 2859 4420 quod
2903 4361 3017 4417 post
3046 4360 3318 4418 acceptum
3348 4346 3620 4401 Christum
3646 4348 3742 4399 cit.

539 4412 732 4515 cipite,
763 4442 997 4511 nihilque
1037 4412 1186 4510 quasi
1225 4453 1286 4492 ex
1326 4412 1539 4490 'ancillze
1564 4434 1671 4488 lilio
1698 4432 1966 4497 habitote,
2012 4430 2085 4485 id-

2196 4442 2418 4497 cumcidi
2446 4444 2759 4503 voluerunt,
2790 4450 2843 4495 et
2868 4442 3065 4495 servire
3096 4439 3197 4506 legi
3226 4449 3279 4493 et
3325 4437 3736 4507 operatiOuibus.

541 4546 623 4591 est
644 4532 921 4603 sequimini
944 4531 1167 4601 judaiea:
1193 4526 1503 4596 disciplima.

600 4626 771 4680 “Vsus.
798 4624 882 4678 3t.
905 4620 1155 4690 —-Ergo,
1186 4624 1367 4690 fratres
1389 4658 1403 4679 ,
1433 4633 1531 4670 non
1581 4617 1735 4671 simus
1775 4613 1855 4685 (1)
1894 4613 2096 4667 ancilla:

542 4716 658 4785 ﬁlii,
682 4715 767 4768 sed
790 4712 975 4769 liberte.
1002 4711 1016 4763 Ι
1026 4726 1114 4780 pse
1134 4709 1304 4779 aptius
1334 4707 1432 4761 hoc
1452 4703 1813 4774 subiungendo
1842 4702 2088 4767 declarat,

543 4807 680 4877 quod
703 4809 812 4876 jam
830 4806 918 4875 qui
938 4804 1205 4857 Christum
1232 4797 1509 4868 accepistis
1534 4806 1586 4851 et
1610 4811 1778 4849 meam
1801 4795 1974 4855 tidem,
1999 4809 2095 4847 an-

544 4899 685 4952 cillae
722 4897 811 4950 lilii
856 4912 960 4950 non
1005 4895 1154 4958 estis,
1204 4892 1253 4946 id
1284 4898 1365 4946 est
1390 4904 1493 4945 n0n
1523 4888 1803 4943 carnaliter
1855 4887 2093 4951 sentitis,

542 4989 789 5058 quoniam
803 4985 1006 5040 ancilla:
1019 4984 1155 5051 ﬁlius
1170 4980 1397 5037 carnalis
1408 4986 1518 5043 est;
1537 4976 1631 5032 sed
1645 4976 1770 5031 estis
1787 4976 1877 5029 lilii
1896 4976 2095 5041 liberas,

545 5078 598 5133 id
626 5088 705 5131 est
732 5076 850 5130 ﬁdei
882 5074 996 5129 lilii.
1031 5073 1139 5127 Hoc
1160 5072 1298 5126 enim
1326 5069 1476 5124 Isaac
1503 5066 1600 5121 luit
1628 5064 1915 5121 secundum
1938 5063 2094 5117 ﬁdem

544 5178 597 5222 et
614 5166 1035 5237 promissionem,
1055 5162 1193 5216 lilius
1217 5158 1483 5230 spiritalis.
1511 5157 1619 5222 Qua
1632 5154 1857 5209 libertate
1873 5152 2097 5207 Christus

622 5352 701 5424 (ι)
735 5349 889 5424 vutg.
914 5389 929 5413 ,
954 5362 1137 5424 ρων..
1162 5358 1334 5424 sumus

616 5402 699 5492 δέ)
734 5402 886 5492 vulg.
909 5402 929 5470 ε’
952 5415 1054 5471 Sed
1073 5418 1321 5492 quomodo
1350 5420 1467 5467 tunc
1486 5407 1528 5461 is
1555 5405 1647 5477 qui
1668 5402 1944 5459 secundum
1984 5417 2098 5454 car-

544 5484 659 5546 nem
676 5484 1019 5559 'natus'fuerat
1036 5525 1051 5549 ,
1081 5484 1221 5559 itaet
1241 5495 1399 5559 nunc.

618 5562 695 5631 (ὅ)
916 5596 932 5621 ,
963 5570 1077 5631 cum
1105 5549 1421 5631 ﬁlio_libera.

619 5619 698 5701 (4)
738 5619 926 5696 γυιξ.;
952 5623 1131 5691 Itaque
1150 5659 1168 5688 ,
1196 5619 1396 5689 fratres,
1430 5631 1531 5670 non
1558 5628 1751 5669 sumus.

2197 4533 2346 4599 Quod
2374 4534 2416 4587 si
2445 4534 2512 4586 ita
2541 4543 2651 4597 est,
2683 4532 2812 4587 fides
2834 4532 2974 4586 nulla
3006 4531 3057 4586 in
3082 4530 3350 4584 Christum
3389 4546 3401 4580 :
3434 4545 3498 4583 cx
3524 4544 3587 4583 eo
3609 4526 3740 4597 quod

2198 4632 2251 4676 et
2304 4622 2440 4676 aliud
2486 4622 2624 4691 quod
2673 4621 2922 4689 prodesse
2964 4621 3129 4690 possit
3184 4619 3516 4689 adiungitur,
3563 4616 3743 4671 merito

2197 4713 2322 4766 nihil
2343 4714 2475 4771 vobis
2518 4713 2737 4781 proderit
2762 4712 3007 4765 Christus.

2270 4803 2425 4857 Vsus.
2454 4802 2507 4856 5.
2554 4800 2904 4869 -—Testiﬁcor
2942 4811 3105 4855 autem
3129 4800 3206 4871 (7)
3245 4800 3379 4854 omni
3415 4799 3607 4852 homini
3644 4798 3739 4851 cir-

2197 4894 2597 4959 cumcidcntise,
2628 4894 2863 4964 quoniam
2904 4893 3095 4947 debitor
3140 4901 3210 4945 est
3236 4893 3482 4943 universae
3510 4890 3631 4957 legis
3668 4891 3741 4957 fac

2196 4986 2403 5040 ciendaz.
2425 4984 2500 5039 Ne
2522 4993 2769 5054 putarent
2792 4982 2993 5037 Galatas
3023 4991 3220 5036 tantum
3243 4978 3341 5035 sibi
3371 4994 3437 5034 ex
3468 4979 3606 5048 lege,
3630 4990 3739 5047 qua

2297 5123 2344 5201 1)
2383 5122 2571 5191 ang.,
2596 5121 2787 5175 omittit
2812 5136 2948 5190 ergo.

2291 5194 2345 5247 21
2387 5192 2549 5247 Codd.
2584 5192 2829 5247 intelleais
2867 5204 2958 5247 pro
2989 5188 3056 5241 ad
3081 5186 3180 5247 legi

2295 5202 2345 5262 2)
2387 5202 2549 5247 Codd.
2584 5202 2829 5261 intellegis
2867 5204 2958 5257 pro
2989 5202 3055 5241 aa
3081 5202 3225 5257 tegts.

2579 5257 3129 5341 ulla'tleponitrervice
3157 5254 3447 5310 summissa.

2296 5332 2351 5384 ι)
2390 5331 2553 5384 Codd.
2578 5331 2842 5383 servitutis.

2296 5334 2328 5384 ι
2390 5334 2553 5384 Codd.
2578 5334 2842 5383 servitutis.

2296 5334 2351 5469 ὅ)
2387 5397 2553 5469 Codd.
2580 5400 2623 5451 si
2650 5412 2743 5466 pro
2768 5414 2847 5469 ne.

2272 5458 2352 5539 (6)
2390 5468 2557 5537 Aliqui
2588 5458 2679 5536 pro
2707 5466 2924 5535 aliquis;
2956 5473 3012 5519 ut
3060 5475 3143 5528 est
3189 5466 3243 5524 in
3284 5462 3543 5519 Cicerone
3569 5458 3741 5519 obser-

2201 5548 2395 5592 vatum.

2270 5603 2349 5677 (7)
2388 5606 2541 5677 Vulg.
2569 5604 2714 5660 addit
2736 5620 2931 5659 rursus.
