3950 6206
167 268 320 325 “89

1054 264 1116 320 IN
1157 259 1533 319 EPISTOLAM
1572 255 1775 315 PAULI
1816 251 1906 310 AD
1943 255 2258 313 GALATAS
2296 254 2498 312 LIBER
2540 255 2601 312 II.

3313 258 3449 317 {I90

159 378 489 434 Iudaeorum
511 419 525 439 ,
555 383 704 433 certa
747 375 1067 431 assumenda
1116 390 1235 431 esse
1256 417 1269 440 ,
1316 384 1373 429 ut
1415 371 1780 428 circumcisio-
1810 369 1859 430 Α
1889 382 1981 437 per
2002 386 2121 423 eum
2157 380 2332 425 tamen
2358 410 2372 436 ,
2406 368 2770 439 resurgimus;
2802 375 2946 424 cetta
2979 366 3131 424 nobis
3173 370 3304 427 ﬁdes
3331 382 3409 427 est
3438 412 3453 437 ,

171 485 350 534 nent;
382 480 576 523 caetera
607 484 733 523 vero
764 476 1206 532 contemnerent,
1250 467 1334 520 vcl
1393 467 1443 519 in
1476 463 1608 519 cibis
1633 504 1648 528 ,
1695 462 1774 516 vel

176 560 238 615 in
298 560 643 615 observantia
683 557 922 622 dierum,
975 558 1057 612 vel
1104 558 1157 611 in
1197 556 1611 621 coniunctione,
1659 568 1777 623 qua:

185 653 413 721 qualis,
445 660 499 705 et
523 665 743 718 quarum
768 664 945 704 rerum
968 647 1037 703 sit
1060 689 1074 713 ,
1121 650 1174 701 in
1208 648 1322 716 lege
1378 646 1671 711 retinetur,
1726 646 1777 699 in

183 743 392 810 quibus
423 740 669 795 omnibus
694 739 934 809 qttmdam
984 753 1333 808 supervacua,
1365 736 1605 806 qumdam
1628 736 1780 805 quasi

188 833 429 888 nefanda
454 874 468 897 ,
509 832 585 887 sic
623 832 995 900 relinquuntur
1036 846 1064 884 a
1118 846 1244 886 vero
1289 830 1577 883 christiano
1623 838 1781 896 atque

186 924 527 978 casﬁssimo.
558 921 732 977 Unum
777 931 980 975 tantum
1002 922 1336 985 memorabo,
1366 935 1482 973 cum
1515 918 1778 973 excitandi

189 1014 425 1070 seminis
472 1028 629 1069 causa
669 1012 819 1066 fratri
855 1012 1095 1081 jungitur
1128 1028 1260 1065 uxor
1308 1010 1486 1064 fratris
1526 1027 1539 1062 :
1577 1020 1629 1065 et
1677 1025 1783 1064 etc-

189 1114 314 1160 tera
367 1102 666 1173 hujusmodi
713 1112 804 1156 aut
848 1102 981 1156 ﬁunt
1012 1110 1103 1156 aut
1145 1102 1390 1172 leguntur
1440 1108 1598 1154 acta:
1653 1100 1778 1153 item

188 1205 400 1251 cmtera
432 1210 550 1264 quae
583 1193 691 1247 dixi
715 1192 782 1248 de
807 1192 936 1247 cibis
961 1234 976 1258 ,
1032 1191 1226 1247 deinde
1275 1192 1340 1246 de
1389 1190 1780 1246 observationi-

190 1287 301 1343 bus
328 1329 343 1353 ,
398 1288 682 1356 multisque
727 1286 884 1341 etiam
914 1286 1035 1339 aliis
1071 1285 1229 1340 rebus
1257 1302 1269 1337 :
1307 1299 1422 1355 qua:
1445 1284 1603 1337 etiam
1630 1297 1782 1337 assu-

192 1379 399 1436 menda
427 1389 588 1443 sunt,
620 1379 818 1447 inquit,
873 1378 921 1432 ei
984 1378 1070 1447 qui
1122 1391 1179 1432 se
1227 1375 1576 1432 circumcidit.
1625 1375 1780 1442 Quod

195 1474 243 1525 si
278 1488 388 1525 non
414 1472 583 1527 facitis
607 1470 742 1535 alia,
792 1468 980 1523 frustra
1022 1470 1485 1524 circumcisionem
1529 1469 1778 1523 adhibui.

195 1562 323 1616 stis.
350 1559 619 1629 Testiﬁcor
648 1561 791 1615 enim
818 1560 942 1629 quia
990 1562 1126 1612 omni
1171 1560 1363 1613 homini
1402 1560 1780 1614 circumcidenti

196 1666 253 1704 se
279 1692 294 1716 ,
348 1648 407 1703 ﬁt
453 1651 768 1711 necessitas,
820 1657 875 1701 ut
898 1648 968 1702 sit
1007 1647 1213 1702 debitor
1249 1648 1314 1701 ad
1345 1650 1624 1712 universa,
1664 1662 1781 1717 qure

1883 473 1978 527 per
2004 475 2160 529 quam
2186 460 2340 514 tidem
2369 461 2609 526 operatio
2643 460 2698 513 ﬁt
2724 460 2787 513 ad
2818 461 3041 514 salutem
3069 501 3083 525 ,
3112 468 3166 515 et
3210 477 3304 529 per
3327 462 3454 517 cha-

1883 546 2096 601 ritatem
2146 551 2389 618 accipere
2446 565 2541 603 nos
2589 563 2870 619 oportere,
2921 565 3075 619 quam
3121 552 3374 608 habemus
3401 554 3452 608 in

1883 637 2151 695 Christum
2183 655 2233 695 et
2261 643 2310 695 in
2344 642 2541 706 Deum,
2574 651 2627 696 et
2651 640 2843 697 exinde
2865 641 3007 696 circa
3035 656 3248 697 omnem
3279 643 3457 699 homi-

1884 745 2024 784 nem.
2055 732 2164 784 ltuo
2189 732 2327 784 enim
2360 731 2474 785 hrec
2500 732 2729 785 maxime
2758 747 2971 786 omnem
3000 735 3158 786 vitam
3180 736 3452 803 corrigunt

1883 831 1935 875 et
1959 836 2169 876 omnem
2191 823 2293 875 vim
2326 822 2455 891 legis
2485 823 2722 891 implent,
2754 832 2807 877 et
2834 824 3007 877 omnia
3041 824 3148 890 illa,
3175 841 3292 894 qua!
3315 841 3452 895 prte-

1882 921 2034 981 ccpta
2058 920 2182 967 sunt
2202 915 2249 965 in
2271 913 2543 984 dccalogo,
2568 916 2842 968 continent
2865 914 2962 986 (l).
2991 914 3043 971 Si
3075 916 3227 971 ﬁdem
3251 919 3338 988 qui
3371 920 3453 991 (2)

1888 1011 2086 1069 servet,
2114 1004 2351 1072 sequitur
2365 1014 2606 1058 utservet
2628 1004 2961 1066 charitatem,
2986 1021 3100 1074 qua:
3125 1006 3459 1077 duoimplcnt

1883 1093 2085 1156 omnia,
2118 1105 2234 1161 quae
2258 1092 2340 1146 lex
2363 1092 2553 1146 Christi
2579 1092 2849 1163 praecepit.
2880 1093 2952 1147 De
2978 1093 3058 1147 his
3088 1095 3243 1149 rebus
3273 1098 3456 1165 samis-

1883 1182 2017 1238 sime
2047 1183 2291 1249 tractavi,
2326 1182 2461 1251 quod
2492 1183 2620 1237 ﬁdes
2650 1184 2857 1244 liberet,
2882 1194 2935 1238 et
2956 1183 3183 1239 cbaritas
3210 1186 3479 1245 aediﬁcet-

1984 1272 2145 1328 Vsus.
2203 1274 2256 1329 7.
2307 1303 2375 1313 —
2440 1272 2726 1327 Currebatis
2797 1276 2957 1340 bene;
3004 1276 3114 1343 quis
3177 1277 3314 1331 vobis
3375 1278 3493 1350 (5)Δ

1882 1363 2182 1434 impedivit?
2232 1363 2284 1417 Id
2342 1371 2423 1417 est
2468 1364 2657 1419 bonam
2717 1364 2873 1420 ﬁdem
2926 1367 3064 1420 circa
3126 1369 3453 1438 evangelium

1885 1452 2197 1518 habebatis;
2259 1470 2421 1523 quare
2476 1456 2659 1510 mutati
2716 1456 2882 1510 estis?
2925 1472 3125 1527 quare,
3175 1460 3322 1529 quasi
3378 1458 3456 1513 fa-

1890 1545 2039 1599 scino
2083 1546 2352 1617 quodam,
2399 1547 2466 1600 ab
2516 1547 2724 1617 integro
2777 1563 2932 1602 cursu
3000 1551 3272 1603 revocati?
3323 1550 3455 1607 Illttd

1885 1636 2027 1688 enim
2055 1636 2192 1704 quod
2221 1650 2313 1689 vos
2346 1650 2439 1704 per
2465 1637 2797 1706 evangelium
2826 1638 2977 1692 docui
3005 1678 3019 1704 ,
3052 1639 3312 1709 integrum
3363 1656 3455 1695 ve-

198 1739 339 1809 Iegis
367 1750 489 1793 sunt
509 1780 523 1803 ,
555 1737 811 1793 facienda.
850 1736 997 1791 Facit
1026 1737 1182 1806 igitur
1208 1738 1326 1793 illos
1348 1747 1401 1793 et
1429 1737 1483 1792 in
1522 1739 1638 1808 lege
1669 1739 1778 1802 illa,
1813 1738 1859 1796 B
1884 1742 2000 1780 Tum
2033 1726 2164 1791 Γυῖιῖ
2193 1727 2294 1781 hoc
2322 1735 2375 1781 οι
2398 1727 2585 1782 falsum
2616 1739 2668 1783 εί
2697 1730 3022 1784 contrarium
3042 1773 3057 1797 ν
3088 1741 3140 1784 εί
3170 1732 3300 1786 ""1"
3330 1748 3450 1801 Ρτο·

200 1844 368 1900 quam
413 1839 848 1897 assumpserunt,
892 1839 1200 1899 peccatores
1243 1845 1396 1895 esse,
1428 1846 1490 1883 ex
1537 1845 1602 1883 eo
1637 1829 1776 1899 quod

202 1935 314 1974 non
350 1921 528 1973 omnia
561 1920 754 1974 iaciunt
779 1960 793 1985 ,
822 1930 874 1974 et
902 1920 1098 1989 eligunt
1127 1935 1241 1988 qua:
1287 1918 1525 1974 facienda
1550 1937 1562 1971 :
1588 1930 1639 1974 et
1666 1935 1780 1973 rur-

203 2026 299 2065 sus
329 2013 471 2067 circa
517 2012 681 2083 legem
706 2053 719 2077 ,
770 2027 887 2082 quae
924 2012 1116 2066 Christi
1160 2022 1271 2077 est,
1302 2020 1355 2066 et
1391 2011 1531 2065 circa
1554 2026 1778 2080 evange-

205 2106 337 2159 lium
370 2106 586 2159 omnino
616 2106 901 2169 aberrant,
933 2113 987 2159 et
1013 2106 1179 2173 magis
1210 2104 1532 2159 aberrabunt
1557 2145 1571 2168 ,
1603 2104 1643 2155 si
1665 2119 1779 2157 om-

207 2199 294 2251 nia
321 2239 335 2263 ,
362 2212 481 2266 quae
512 2198 641 2263 legis
667 2208 823 2263 sunt,
880 2199 1090 2253 faciant.
1134 2200 1367 2266 Denique
1414 2198 1685 2269 subjungit
1711 2214 1775 2254 ex

207 2288 309 2342 hac
339 2288 617 2359 partejam
642 2330 653 2353 ,
692 2304 791 2356 qua
819 2300 981 2357 agunt
1010 2290 1247 2357 qumdam
1300 2304 1417 2359 qua:
1444 2288 1609 2343 Judaei
1639 2331 1652 2354 ,
1706 2306 1773 2343 ex

214 2381 339 2445 hac,
362 2382 595 2450 inquam,
624 2390 793 2449 parte,
826 2381 963 2449 quod
995 2396 1025 2433 a
1053 2378 1264 2435 Christo
1291 2381 1569 2435 videantur
1595 2382 1775 2434 alieni.

288 2474 453 2527 Vens.
488 2472 1000 2526 4.——Evacuatiestis
1021 2490 1049 2525 α
1072 2470 1289 2536 Christo,
1316 2474 1402 2543 qui
1424 2473 1474 2525 in
1506 2473 1611 2543 lege
1630 2473 1778 2538 insti-

208 2562 469 2630 ﬁcamini,
513 2579 546 2615 a
594 2562 755 2631 gratia
794 2561 1072 2616 excidistis.
1120 2560 1303 2616 Omnis
1346 2561 1484 2616 enim
1532 2562 1700 2615 virtus
1726 2561 1775 2613 in

208 2656 482 2710 Christum
511 2653 774 2708 credentis
801 2694 814 2719 ,
848 2654 900 2707 in
923 2654 1091 2723 gratia
1114 2663 1194 2709 est
1233 2655 1339 2709 Dei.
1376 2653 1553 2709 Gratia
1599 2662 1775 2707 autem

210 2762 319 2801 non
353 2762 417 2800 ex
453 2745 652 2799 meritis
679 2788 693 2812 ,
721 2745 812 2800 sed
836 2762 899 2800 ex
931 2745 1022 2798 Dei
1054 2747 1250 2813 pietate
1290 2753 1409 2799 est:
1453 2759 1579 2814 ergo
1617 2744 1721 2813 jam
1746 2761 1779 2797 a

209 2841 381 2910 gratia
426 2839 710 2903 excidistis,
756 2839 797 2891 si
852 2838 903 2891 in
934 2836 1048 2907 lege
1085 2838 1515 2908 justiﬁcationem
1547 2846 1776 2891 vestram

214 2934 447 3002 ponitis;
502 2942 557 2987 ut
598 2932 720 3003 quia
762 2931 1011 3001 operibus
1051 2932 1296 2995 servitis,
1345 2931 1462 3000 quia
1501 2930 1776 2986 sabbatum

212 3025 541 3088 observatis,
598 3024 843 3092 quoniam
894 3023 1187 3078 circumcisi
1256 3023 1429 3086 estis,
1459 3023 1708 3076 excidistis
1748 3040 1779 3075 a

1882 1817 2133 1871 futurum.
2157 1819 2265 1874 Hoc
2294 1831 2373 1875 est
2394 1822 2535 1891 quod
2565 1821 2835 1892 adjungit:
2876 1822 3079 1876 Veritati
3104 1840 3202 1877 non
3229 1828 3448 1882 obedire.

1886 1910 2009 1975 Quis
2036 1926 2120 1965 vos
2142 1952 2156 1977 ,
2188 1912 2354 1982 inquit
2381 1954 2394 1977 ,
2421 1915 2648 1983 impediit
2668 1956 2681 1977 ,
2714 1915 2913 1968 veritati
2940 1932 3040 1969 non
3086 1917 3330 1972 obedire?
3360 1920 3449 1972 Et-

1882 1998 2022 2052 enim
2051 2000 2103 2052 in
2127 2001 2280 2054 nobis
2302 2000 2504 2054 veritas
2525 2008 2643 2055 est:
2678 2001 2797 2055 huic
2842 2001 3210 2071 obtemperare
3256 2006 3453 2059 debui-

1882 2091 2009 2153 stis,
2039 2107 2104 2143 ne
2130 2092 2253 2160 quid
2282 2091 2424 2146 aliud
2445 2093 2840 2148 observaveris.
2872 2096 3007 2164 Ergo
3028 2096 3252 2165 primum
3286 2097 3450 2151 veluti

1883 2181 2104 2235 miratur
2127 2197 2247 2236 cum
2272 2182 2436 2247 dixit,
2494 2184 2603 2253 quis
2651 2200 2735 2238 vos
2788 2185 3065 2253 impedivit.
3106 2186 3295 2259 Postea
3338 2186 3446 2255 jam

1884 2282 2061 2326 nmnet
2083 2312 2098 2338 ,
2129 2272 2253 2342 quid
2288 2273 2587 2328 faciendum
2618 2316 2631 2339 ,
2660 2275 2847 2327 nemini
2868 2276 3238 2331 consenseritis.
3287 2275 3445 2332 Omni

1880 2378 2075 2430 genere
2110 2374 2337 2435 pugnat,
2372 2379 2436 2419 ne
2463 2374 2667 2419 mutent
2698 2367 3046 2432 sententiam,
3104 2376 3153 2421 et
3202 2367 3447 2437 adjiciunt

1881 2453 2080 2522 aliquid
2128 2466 2275 2508 extra
2330 2469 2489 2525 quam
2545 2454 2685 2523 quod
2740 2456 2846 2510 illis
2896 2467 3216 2527 praeceptum
3247 2467 3329 2513 est
3360 2473 3453 2526 per

1881 2547 2212 2614 evangelium
2243 2563 2268 2597 a
2295 2546 2480 2601 Paulo.
2508 2547 2682 2603 Nolite
2706 2588 2722 2615 ,
2750 2548 2959 2617 inquit,
2988 2564 3305 2605 consensum
3335 2551 3454 2606 aliis

1882 2636 2301 2691 accommodare.

1950 2725 2113 2781 Vsus.
2148 2729 2200 2779 8.
2226 2756 2292 2766 -
2314 2726 2499 2782 Suasio
2526 2737 2687 2781 vestra
2716 2745 2778 2782 ea:
2823 2728 2927 2783 Deo
2958 2740 3028 2785 est
3053 2772 3067 2796 ,
3095 2733 3181 2801 qui
3225 2749 3317 2787 nos
3363 2749 3452 2788 vo-

1881 2817 2008 2869 cavit
2031 2816 2193 2885 (4).Ιά
2221 2828 2301 2872 est
2328 2819 2466 2888 quod
2504 2819 2652 2874 vobis
2676 2821 2758 2875 vel
2791 2835 3004 2876 suasum
3037 2838 3066 2876 a
3094 2839 3178 2878 me
3215 2834 3316 2890 est,
3370 2826 3453 2882 vel

1881 2909 2022 2978 quod
2052 2910 2170 2978 ‘ipsi
2196 2910 2305 2980 jam
2349 2926 2562 2965 suasum
2594 2911 2799 2966 habetis
2820 2928 2850 2966 a
2883 2913 3022 2975 Deo.
3054 2916 3140 2985 qui
3172 2932 3268 2972 vos
3296 2932 3453 2973 voca-

1884 3001 1996 3065 vit,
2032 3001 2185 3054 sicuti
2227 3016 2383 3070 supra
2422 3001 2618 3057 dictum
2646 3013 2726 3058 est
2750 3042 2766 3067 ,
2795 3020 2921 3074 quos
2951 3009 3138 3060 vocavit
3168 3018 3213 3061 et
3261 3010 3456 3078 prcede-

214 3116 381 3184 gratia
407 3157 420 3179 ,
458 3124 511 3169 et
559 3116 783 3168 evacttati
817 3116 934 3168 estis
975 3132 1007 3167 a
1046 3112 1262 3169 Christo.
1292 3114 1406 3169 iam
1436 3117 1575 3170 enim
1608 3131 1714 3168 non
1747 3132 1774 3167 a
1803 3101 1848 3162 C
1880 3090 2080 3184 ⁵¹ί¹ξξ¹υίί
2111 3101 2351 3184 ίθωίθτὲ
2394 3108 2617 3184 “Tque
2670 3108 2787 3184 per,
2829 3096 3067 3149 onmem
3131 3096 3267 3152 diem
3308 3108 3450 3153 sum‘

216 3205 429 3259 Christo
458 3220 603 3274 spem
628 3204 831 3258 habetis
854 3246 867 3269 ,
902 3220 1071 3274 neque
1100 3205 1385 3259 secundum
1415 3205 1529 3273 ejus
1578 3206 1777 3273 passio-

218 3310 339 3348 nem
372 3305 423 3349 et
451 3294 891 3349 resurrectionem
923 3298 1148 3362 speratis
1176 3293 1400 3363 gratiam
1447 3295 1595 3349 vobis
1617 3336 1631 3360 ,
1682 3296 1775 3349 sia

219 3387 334 3457 lege
372 3386 798 3456 justiﬁcationetn
838 3387 1053 3442 creditis
1105 3386 1375 3441 advenire.

292 3477 704 3534 VERS.5.—N03
717 3480 846 3532 enim
862 3481 913 3531 in
933 3478 1111 3549 spiritu
1122 3488 1167 3532 et
1190 3478 1265 3550 (I)
1282 3479 1382 3547 ﬁde
1420 3496 1555 3548 spem
1564 3480 1782 3549 justitita

221 3583 561 3641 expectamus.
593 3570 873 3625 Christiani
898 3611 912 3635 ,
943 3572 1109 3641 inquit
1138 3612 1153 3636 ,
1182 3582 1233 3625 et
1262 3571 1349 3638 qui
1400 3570 1667 3625 Christum
1695 3587 1781 3626 se-

220 3671 473 3731 quuntur,
498 3674 551 3715 et
577 3663 625 3715 in
656 3663 839 3730 spiritu
864 3673 915 3715 et
943 3663 993 3715 in
1028 3661 1129 3716 ﬁde
1156 3676 1305 3730 spem
1330 3661 1605 3727 habemus,
1637 3669 1692 3715 et
1730 3663 1781 3715 in

223 3752 317 3807 Dei
335 3751 708 3822 justiﬁeatione
733 3768 835 3806 non
861 3768 924 3806 ex
955 3753 1221 3821 operibus.
1250 3750 1432 3806 Omnis
1450 3754 1589 3806 enim
1618 3752 1782 3805 virtus

223 3845 460 3916 ntySIerii
491 3844 589 3899 hoc
614 3852 826 3913 operata
854 3854 955 3909 est,
978 3854 1033 3897 ut
1056 3845 1204 3898 nobis
1237 3860 1326 3913 per
1354 3844 1572 3914 gratiam
1606 3853 1659 3898 et
1690 3845 1782 3899 Dei

224 3937 473 4006 pietatem
503 3938 757 3991 relaxatio
784 3938 933 3993 ﬁeret
976 3946 1310 4007 peccatorum
1339 3978 1352 4003 ,
1404 3947 1458 3990 et
1487 3937 1593 3990 vita
1624 3945 1782 3991 teter-

225 4045 286 4082 na
317 4036 656 4096 prmstaretur
676 4069 689 4093 ,
720 4038 774 4083 ut
802 4043 946 4098 smpe
986 4028 1295 4093 docuimus,
1346 4043 1409 4083 ex
1457 4028 1545 4082 Dei
1576 4028 1742 4097 gratia
1766 4068 1782 4091 ,

227 4136 329 4175 non
359 4135 422 4174 ex
453 4120 700 4189 Operibus
721 4131 810 4173 aut
850 4120 1071 4174 meritis.
1118 4120 1229 4173 lloc
1262 4127 1438 4172 autem
1491 4133 1584 4185 per
1626 4117 1782 4185 spiri-

227 4220 335 4265 tum
362 4211 639 4279 contingit.
663 4209 795 4264 Cum
823 4224 948 4262 vero
977 4224 1042 4263 ex
1063 4209 1313 4277 operibus
1336 4208 1643 4277 justiﬁeatio
1664 4222 1784 4276 spe-

229 4311 403 4365 ratur,
432 4315 535 4354 non
563 4314 632 4355 ex
662 4300 845 4367 Spiritu
874 4314 997 4367 spes
1023 4309 1121 4353 est.
1154 4298 1263 4353 Hoc
1290 4314 1387 4353 nos
1416 4310 1782 4369 expectamus,

228 4400 282 4447 et
308 4391 407 4444 hoc
436 4399 518 4445 est
544 4389 869 4460 evangelium
898 4389 1093 4443 Christi
1117 4391 1286 4460 sequi.

1957 3178 2114 3233 Vens.
2134 3178 2186 3234 9.
2219 3209 2282 3221 -—-
2297 3180 2517 3234 Nescitis
2531 3183 2649 3251 quia
2672 3183 2925 3237 modicum
2951 3189 3245 3255 fermentum
3262 3190 3457 3244 univer-

1880 3286 1990 3323 sam
2004 3286 2219 3323 massam
2250 3274 2523 3342 corrumpit
2540 3272 2833 3346 ?(5)Omnc
2856 3276 3166 3332 fermentum
3192 3282 3459 3351 corruptio

1882 3372 1960 3414 est
1977 3361 2123 3430 panis
2138 3370 2190 3415 et
2210 3371 2492 3432 corruptus
2508 3364 2658 3433 panis
2679 3368 2864 3431 farina,
2882 3378 3115 3422 etmassa
3139 3368 3317 3424 farina:
3329 3371 3453 3427 dum

1882 3451 2162 3506 dimittitur
2176 3456 2454 3518 coacescit,
2475 3464 2528 3510 et
2545 3456 2668 3511 hinc
2686 3456 2997 3511 fermentum
3025 3460 3265 3514 efﬁcitur.
3290 3461 3458 3517 Modi-

1885 3558 2005 3596 cum
2021 3553 2194 3597 autem
2219 3544 2619 3611 fermenti,cutn
2640 3547 2689 3600 in
2707 3562 2932 3602 massam
2953 3549 3192 3614 mittitur,
3213 3567 3458 3607 corrum-

1885 3635 2028 3703 pitur
2055 3650 2247 3689 massa.
2279 3634 2521 3703 Oportet,
2555 3636 2741 3707 inquit,
2777 3653 2871 3691 vos
2908 3654 3124 3708 azymos
3150 3656 3288 3696 esse.
3321 3644 3459 3713 Ergo

1888 3726 2013 3779 illud
2062 3726 2200 3795 qttod
2236 3728 2427 3794 putatis
2458 3730 2720 3784 modicum
2763 3746 2855 3785 vos
2883 3732 3161 3801 adiecisse,
3186 3736 3238 3789 id
3266 3746 3365 3803 est,
3401 3746 3456 3792 ut

1886 3817 2181 3871 observetis
2209 3818 2689 3886 circumcisionem,
2722 3822 2861 3876 istud
2892 3823 3155 3878 modicum
3184 3828 3307 3895 quia
3336 3843 3456 3881 cor-

1887 3916 2096 3973 ruptum
2121 3917 2221 3972 est,
2240 3910 2529 3978 corrumpit
2547 3925 2770 3964 massam
2794 3914 3050 3981 evangelii
3068 3916 3255 3980 nostri,
3274 3924 3455 3972 utnon

1886 3995 2096 4064 plenam
2115 4010 2260 4064 Spem
2282 3996 2335 4050 in
2352 3996 2565 4053 Christo
2585 4001 2646 4053 ha
2656 4001 2838 4065 beatis,
2857 4018 2988 4056 neve
3010 4018 3102 4058 vos
3119 4002 3380 4071 Christus,
3402 4018 3460 4063 ut

1887 4101 2012 4142 suos
2033 4103 2096 4143 ac
2120 4088 2187 4143 de
2212 4104 2268 4143 se
2289 4104 2434 4158 spem
2454 4090 2712 4146 habentes
2730 4094 2973 4162 respiciat
2992 4112 3005 4149 :
3023 4094 3149 4151 ﬁdes
3162 4096 3301 4151 enim
3325 4097 3458 4154 libe-

1888 4179 2002 4245 ratf:
2032 4187 2101 4243 et,
2121 4188 2177 4231 ut
2202 4178 2450 4244 diximus,
2476 4179 2629 4234 ﬁdem
2653 4196 2756 4237 non
2784 4182 2963 4249 habet,
2991 4187 3078 4255 qui
3096 4198 3285 4254 praeter
3310 4188 3463 4244 Chri-

1891 4272 2027 4321 stum
2050 4268 2224 4339 aliquo
2246 4268 2401 4324 modo
2422 4271 2696 4338 auxilium,
2721 4273 2842 4329 licet
2860 4290 2978 4330 cum
3001 4276 3236 4346 Christo,
3259 4291 3457 4350 Sperat.

1968 4360 2262 4414 \’ens.‘iO.
2294 4368 2363 4401 '—
2415 4360 2522 4433 Ego
2570 4365 2769 4432 con/ida
2813 4366 2875 4419 de
2922 4365 2998 4439 (6)
3074 4370 3208 4424 vobis
3246 4371 3299 4425 in
3352 4370 3466 4427 Do-

298 4482 459 4537 Vens.
493 4481 546 4537 6.
596 4451 827 4535 —:Vam
854 4483 908 4533 in
929 4478 1131 4534 Christo
1154 4451 1275 4535 Iesu
1323 4498 1478 4552 neque
1517 4482 1783 4536 circumci-
1812 4460 1863 4520 Β
1890 4452 2046 4552 Ϊ¹¹ί⁷²⁰ν
2311 4452 2644 4552 Ἶίήϋίαίίυά,
2670 4456 2891 4552 “ﬂigi?
2942 4456 3079 4552 [Ῠέηέ
3111 4459 3223 4552 ia!“
3271 4460 3338 4516 de
3380 4461 3464 4518 ίυ·

231 4575 303 4628 sio
330 4573 519 4643 aliquid
540 4572 700 4637 valet,
730 4588 889 4641 neque
911 4572 1213 4641 prteputiunt
1237 4589 1253 4635 ;
1281 4573 1367 4626 sed
1395 4575 1519 4640 ﬁdes
1562 4590 1673 4642 qua
1699 4591 1788 4641 per

232 4665 519 4718 charitatem
549 4663 1031 4733 aperatur.-Ubique
1054 4664 1195 4734 ponit
1215 4666 1355 4719 circa
1376 4666 1529 4720 fidem
1549 4666 1600 4720 in
1628 4681 1789 4721 evan-

234 4755 420 4825 gelium
445 4752 640 4807 Christi
669 4796 683 4819 ,
730 4770 899 4822 neque
935 4754 1392 4812 circumcisionem
1444 4754 1518 4825 (Ξ)
1572 4757 1748 4810 valere
1772 4796 1785 4820 ,

234 4860 398 4913 neque
425 4844 555 4897 facta
584 4844 722 4899 circa
753 4859 946 4914 corpus
973 4886 986 4909 ,
1017 4856 1103 4898 aut
1137 4844 1270 4899 facta
1294 4844 1358 4899 de
1384 4858 1609 4913 corpore
1630 4885 1643 4908 ,
1697 4854 1786 4898 aut

236 4945 447 5006 propter
475 4949 665 5003 corpus
686 4976 700 5000 ,
728 4946 785 4989 ut
812 4936 1144 4990 circumcisio
1165 4976 1179 5001 ,
1217 4945 1275 4989 ut
1298 4949 1456 5003 opera
1484 4975 1497 4999 ,
1545 4944 1603 4988 ut
1629 4944 1789 4989 caete-

235 5040 289 5079 ra
314 5024 609 5091 ltujusmodi
636 5039 649 5077 :
681 5023 809 5078 nihil
839 5024 1025 5078 horum
1045 5066 1059 5089 ,
1083 5025 1270 5093 inquit,
1304 5025 1353 5078 in
1382 5023 1594 5077 Christo
1617 5026 1785 5078 valet:

235 5120 424 5173 frustra
439 5116 770 5173 circumcisio
788 5127 890 5172 est.
920 5118 1099 5188 Neque
1129 5135 1193 5172 ex
1222 5133 1287 5171 eo
1309 5117 1449 5187 quod
1471 5116 1789 5187 praeputium

236 5218 312 5263 est
337 5251 351 5273 ,
378 5210 613 5263 valemus
642 5209 692 5261 in
719 5206 965 5274 Christo;
994 5210 1085 5264 sed
1107 5210 1227 5279 quia
1258 5210 1411 5264 ﬁdem
1444 5209 1497 5263 in
1522 5224 1642 5263 eum
1673 5225 1795 5264 sus-

236 5300 466 5367 cepimus
487 5341 501 5363 ,
547 5307 600 5353 et
645 5299 764 5367 quia
808 5300 1064 5367 promissa
1096 5300 1210 5367 ejus
1239 5299 1506 5354 credimus
1532 5340 1544 5363 ,
1582 5306 1638 5353 et
1667 5301 1791 5368 quia

237 5404 299 5444 ex
348 5388 735 5444 resurrectione
787 5388 904 5457 ejus
953 5403 1049 5444 nos
1077 5404 1288 5460 quoque
1314 5389 1641 5458 resurgimus
1671 5427 1687 5453 ,
1739 5396 1796 5443 et

237 5480 403 5533 omnia
433 5494 551 5532 cum
577 5494 642 5533 eo
674 5478 911 5548 perpessi
934 5492 1115 5533 sumus
1136 5519 1150 5545 ,
1180 5489 1230 5534 et
1256 5493 1376 5534 cum
1402 5493 1466 5534 eo
1492 5476 1558 5532 ad
1585 5478 1745 5531 vitam
1774 5516 1791 5543 ,

327 5600 377 5670 i)
417 5598 564 5670 Vulg.
602 5599 764 5670 habet
789 5615 851 5653 ex
878 5599 997 5665 ﬁde.

323 5668 377 5742 ἰ)
418 5668 583 5727 Codd.
614 5669 968 5725 conditionem.

1893 4550 2015 4597 turo
2054 4543 2285 4609 conﬁdo,
2325 4544 2515 4614 inquit,
2560 4547 2679 4615 quia
2745 4546 2874 4601 nihil
2923 4548 3063 4602 aliud
3108 4550 3366 4607 habebitis
3409 4553 3462 4608 in

1891 4634 2051 4689 corde
2092 4644 2145 4688 ct
2184 4636 2462 4703 sapientia,
2511 4638 2610 4691 nisi
2661 4648 2718 4691 ut
2769 4639 2926 4694 ﬁdem
2974 4650 3171 4695 tantum
3228 4642 3465 4698 habeatis

1892 4727 1945 4779 in
1971 4725 2235 4780 Christum
2261 4727 2548 4782 secundum
2574 4729 2902 4799 evangelium
2940 4746 3134 4786 meum.
3161 4732 3261 4797 Qui
3302 4744 3467 4789 autem

1892 4818 2154 4871 conturbat
2214 4834 2338 4884 vos,
2406 4820 2622 4891 portabit
2662 4822 2957 4893 judicium,
3006 4825 3306 4894 quicumque
3356 4832 3470 4898 {ue-

1891 4910 1958 4961 rit
1980 4908 2079 4979 (7).
2110 4909 2176 4962 Et
2214 4908 2334 4962 illos
2373 4911 2578 4967 terruit.
2605 4909 2693 4979 qui
2734 4910 3075 4981 seducebant,
3102 4924 3157 4970 et
3197 4920 3328 4972 istos
3371 4932 3469 4987 per

1894 5001 2063 5054 minas
2082 5000 2266 5069 judicii
2304 5000 2462 5055 futuri
2484 5018 2496 5054 :
2520 5001 2609 5071 qui
2632 5017 2744 5066 vos,
2766 5004 2956 5075 inquit,
2984 5009 3273 5075 perturbat,
3293 5019 3471 5078 porta-

1996 5110 2046 5168 ί)
2085 5110 2227 5166 Codd
2239 5153 2251 5165 .
2280 5113 2617 5168 continentur.

2095 5182 2190 5257 Qui
2217 5196 2312 5257 pro
2344 5184 2477 5257 quis,
2508 5192 2563 5237 ut
2584 5186 2740 5255 aliqui
2761 5201 2856 5257 pro
2884 5186 3085 5257 aliquis.

1976 5251 2054 5391 (3;
2095 5251 2246 5321 Vulg.
2282 5251 2435 5309 habet
2459 5269 2543 5307 vos
2572 5251 2848 5323 pro'vobis.

1976 5320 2030 5391 (4
2096 5321 2245 5390 Vulg.
2294 5322 2474 5389 habet,
2523 5323 2794 5381 Persuasio
2834 5329 2848 5380 l

1899 5320 2245 5446 voxzvz’ulg.
2294 5322 2474 5389 habet,
2523 5320 2794 5381 Pcrsuasio
2834 5328 2940 5382 Iuec
2966 5343 3066 5381 non
3096 5337 3167 5383 est
3209 5346 3272 5385 ea:
3299 5346 3356 5386 eo
3381 5334 3470 5403 qui

1975 5460 2052 5531 (5)
2092 5460 2270 5583 νινε..
2302 5461 2561 5517 Modicum
2595 5466 2894 5534 fermentum
2935 5467 3219 5524 universam
3250 5487 3470 5527 massam

1898 5546 2151 5585 corrumm
2178 5567 2192 5583 .

1929 5547 2095 5585 orrum

1969 5543 2193 5742 ἔξηἨὲ
2218 5605 2280 5657 de
2312 5600 2466 5685 Vulg.
2497 5602 2655 5659 habet
2674 5604 2747 5659 in.

1995 5671 2025 5722 7
2090 5670 2265 5742 Vulg.,
2294 5688 2593 5742 quicumque
2609 5683 2682 5729 est
2704 5676 2747 5731 ili

1995 5670 2049 5740 7)
2090 5670 2265 5742 Vulg.,
2294 5670 2593 5743 quicumque
2609 5683 2682 5729 est
2704 5676 2806 5731 ille.
