3950 6206
473 182 601 237 1191

1678 182 1768 234 ΜΔ
1781 181 1867 233 [ill
1912 180 1947 232 Υ
1960 175 2248 234 lCTORlNl
2285 176 2444 231 ΛΡΜ

3575 177 3705 230 1192

470 295 538 348 bit
558 296 826 368 judicium.
873 294 1077 352 Sul'tirit
1115 304 1289 350 autem
1330 293 1585 362 judicium
1610 294 1931 355 nominasse,
1984 292 2034 344 in
2065 294 2116 350 Λ
2143 288 2446 355 implentur,
2474 287 2627 341 sicuti
2659 286 2709 339 in
2741 286 3100 356 superioribus
3136 286 3387 340 diximus.
3432 286 3707 354 Suhjuugit

471 400 576 454 quo
592 386 767 454 utique
792 402 891 439 non
918 386 1017 438 dici
1044 386 1225 438 debuit
1247 385 1381 454 quod
1402 400 1611 453 poenam
1632 384 1914 451 patientur,
1944 380 2037 434 sed

470 491 597 531 vero
626 476 882 544 judicium
920 475 1023 545 (1).
1071 475 1267 529 Deinde
1306 473 1577 542 praemisit,
1604 474 1746 542 quod
1778 471 2037 540 judicium

470 564 698 619 futurum
742 567 808 620 ah
854 567 966 633 ipso
1007 576 1105 620 est.
1156 565 1432 633 Expressit
1472 572 1645 617 autem
1691 562 1794 630 jam
1840 569 2036 614 metum

473 671 627 726 pene.
654 672 770 710 cum
804 656 934 711 dixit
970 657 1217 725 portabit.

544 746 705 801 Vens.
740 748 821 801 H.
843 746 1213 815 -—Egouutem,
1236 749 1433 816 fratres,
1451 745 1494 796 si
1513 744 1937 796 circumcisionem
1963 741 2037 812 (‘2)

473 838 711 905 pra’dico,
728 836 847 906 quid
868 837 1028 888 adhuc
1052 838 1442 905 persecutionem
1466 836 1663 901 patior?
1678 834 1917 887 Alienum
1938 847 1992 885 se
2011 848 2039 885 a

476 935 757 995 praecepto,
773 926 907 995 quod
925 925 997 978 illi
1014 926 1334 993 jungendum
1352 922 1830 992 putaverunt,omni
1848 935 2041 990 genere

479 1016 890 1085 probat.Patitnr
904 1019 1321 1085 persecutionem
1344 1031 1370 1067 a
1393 1014 1724 1081 Judreis.Qua
1739 1028 1893 1067 causa
1907 1014 1928 1063 ?
1942 1012 2039 1066 nisi

475 1106 596 1174 quia
621 1107 1074 1160 circumcisionetn
1124 1122 1227 1160 non
1268 1105 1513 1173 prmdico.
1536 1106 1670 1172 Ergo
1694 1119 1795 1158 non
1819 1104 1963 1157 vobis
1987 1102 2041 1155 in

479 1197 759 1267 Evangelio
774 1196 1519 1263 circumcisionempraedieavi
1540 1211 1629 1249 :ex
1644 1210 1708 1249 eo
1723 1196 1860 1264 quod
1876 1193 2039 1248 Judaei

478 1304 564 1345 me
587 1300 991 1360 persequuntur.
1019 1288 1342 1358 Adjungitet
1377 1288 1517 1340 aliud
1554 1298 1945 1358 argumentum,
1987 1294 2045 1341 ut

482 1382 726 1437 ostendat
744 1383 881 1452 quod
897 1383 1352 1437 circumcisionem
1376 1397 1477 1434 non
1496 1381 1762 1449 prmdicat.
1786 1379 1919 1449 Ergo
1934 1396 2044 1432 eva-

479 1482 678 1525 cuatum
697 1482 766 1525 est
783 1474 1073 1525 scandalum
1095 1472 1292 1525 crucis?
1317 1469 1527 1523 Frustra
1548 1480 1648 1535 est,
1673 1469 1810 1537 quod
1838 1483 2041 1537 poenam

484 1575 771 1630 merentur,
817 1565 906 1634 qui
951 1568 1001 1617 in
1045 1578 1255 1618 crucem
1297 1561 1568 1616 Christum
1614 1561 1960 1623 sustulerunt,
1987 1567 2041 1613 et

2139 391 2313 431 autem
2365 380 2477 446 ipse
2521 378 2819 446 exemplum
2851 378 2918 431 de
2965 378 3169 432 Exodo.
3202 377 3397 448 Diliges
3426 379 3707 445 proximum

2141 481 2281 520 tuum
2305 469 2431 521 sicut
2459 476 2504 521 te
2532 468 2714 536 ipsum.
2748 468 2967 522 Omnem
2998 477 3171 521 autem
3205 468 3498 529 hominem,
3530 469 3706 533 proxi-

2140 574 2282 611 mum
2332 559 2570 626 accipere
2617 557 2906 620 debemus;
2955 567 3007 612 et
3049 565 3173 611 tunc
3205 559 3361 611 etiam
3412 559 3709 624 proximum

2140 646 2406 701 Christum
2433 646 2760 701 habebimus.
2790 647 2923 715 Ergo
2942 654 2994 699 et
3016 662 3112 700 vos
3136 662 3348 716 quoque
3372 646 3577 715 diligite
3596 662 3706 709 vos,

2141 737 2231 791 sed
2259 739 2308 790 iu
2353 738 2560 806 spiritu.
2588 737 2719 790 llinc
2747 738 2851 805 jam
2880 738 3109 799 videtur,
3138 739 3286 805 quasi
3324 739 3522 791 omissa
3556 753 3709 805 supe-

2144 829 2284 881 riore
2312 829 2604 896 qnzestione
2632 838 2786 895 atque
2813 836 3056 891 tractatu,
3075 837 3390 896 ιπωοςριιιιη
3421 826 3488 880 ad
3512 826 3708 880 exhor-

2144 920 2393 971 tationem
2424 916 2548 970 dare
2578 926 2633 969 ut
2654 917 2969 969 discordiam
2995 932 3097 969 non
3125 927 3324 982 ament,
3358 918 3453 971 sed
3491 932 3550 971 se
3581 918 3711 971 invi-

2142 1026 2255 1065 cem
2283 1011 2520 1081 diligant.
2553 1012 2661 1065 Hoc
2702 1022 2876 1066 autem
2903 1012 3014 1067 lieri
3048 1023 3239 1082 potest,
3268 1016 3308 1066 si
3348 1029 3443 1068 vos
3483 1013 3707 1066 invicun

2142 1102 2389 1169 diligatis,
2417 1112 2469 1155 et
2490 1103 2539 1155 iu
2561 1103 2745 1171 spiritu
2772 1104 2994 1173 diligatis
3020 1120 3121 1157 non
3147 1105 3198 1157 in
3224 1120 3405 1167 carne,
3440 1121 3616 1172 nequ:
3661 1104 3709 1157 in

2144 1194 2320 1248 carnis
2342 1210 2523 1263 opera,
2552 1211 2716 1264 neque
2735 1197 2783 1249 in
2808 1198 3174 1252 observatione
3195 1201 3387 1253 carnis.
3406 1198 3546 1252 Nihil
3572 1200 3710 1253 enim

2145 1285 2371 1350 fraudat,
2403 1286 2529 1339 nihil
2561 1287 2709 1340 alteri
2744 1288 2924 1355 eripit,
2958 1304 3127 1357 neque
3170 1302 3341 1357 uocet,
3372 1307 3543 1359 neque
3581 1305 3710 1344 con-

2146 1378 2351 1443 temnit,
2383 1392 2547 1447 neque
2569 1378 2811 1448 obiurgat
2833 1381 2877 1432 is
2899 1381 2983 1449 qui
3014 1380 3236 1435 alterum
3264 1382 3454 1450 diligit.

2216 1467 2383 1522 Vens.
2417 1469 2502 1522 15.
2552 1497 2621 1509 -
2654 1470 2798 1533 Quod
2824 1471 2866 1523 si
2896 1473 3128 1524 mordetis
3149 1483 3192 1524 et
3212 1474 3458 1525 accusatis
3484 1473 3710 1538 invicem,

2146 1559 2301 1612 videte
2349 1576 2408 1612 ne
2447 1563 2806 1614 consumamini
2846 1563 2906 1615 ab
2934 1564 3136 1616 invicem
3164 1562 3262 1633 (1).
3298 1564 3609 1619 Exhortatio
3651 1567 3714 1619 ad

486 1666 791 1711 cvaeuatum
837 1665 917 1709 est
942 1654 1091 1720 illud,
1137 1653 1276 1724 quod
1310 1652 1659 1707 malefactum
1704 1660 1804 1705 est.
1830 1650 1941 1705 Hoc
1961 1660 2039 1704 est
2074 1658 2119 1718 Β
2146 1650 2481 1703 concordiam
2527 1650 2605 1721 (2)
2649 1666 2713 1704 ex
2747 1651 2845 1705 hoc
2894 1652 2971 1715 tit,
3003 1653 3126 1706 dum
3159 1654 3379 1708 docetur
3423 1656 3546 1723 quid
3593 1656 3713 1709 mali

482 1749 623 1803 enim
656 1748 960 1803 seandalum
994 1747 1190 1810 crucis,
1230 1745 1367 1799 unde
1401 1754 1453 1799 et
1492 1742 1942 1798 contnrbahantur
1967 1741 2043 1812 (5)

482 1839 672 1894 Judaei.
703 1838 817 1893 Jam
845 1838 943 1891 hoc
984 1852 1086 1891 non
1114 1836 1177 1889 ad
1206 1835 1634 1903 praedicationem
1668 1847 1815 1885 suam
1843 1840 2043 1885 tantum

483 1933 768 1993 revocavit,
796 1930 888 1984 sed
911 1939 965 1984 et
985 1929 1050 1983 ad
1075 1931 1147 1983 rei
1174 1928 1443 1981 virtutem.
1468 1925 1593 1979 Ideo
1616 1926 1756 1978 enim
1781 1938 1883 1977 non
1910 1939 2043 1994 pra:-

485 2022 623 2088 dico,
661 2021 781 2090 quia
816 2020 1110 2075 scandalum
1144 2018 1314 2073 crucis
1348 2027 1545 2082 manet,
1604 2030 1701 2069 nec
1736 2026 2044 2069 cvacuatum

483 2122 582 2169 est.
613 2113 815 2167 Debent
835 2128 961 2183 ergo
1006 2128 1205 2181 poenas.
1241 2110 1392 2178 Quod
1435 2110 1478 2163 si
1519 2108 1927 2172 debelilJlldiCi,
1954 2110 2043 2177 qni

488 2203 793 2259 scandalum
821 2201 992 2257 crucis
1022 2201 1329 2265 eilecerunt,
1366 2205 1608 2268 superest
1646 2204 1701 2249 ut
1731 2206 1783 2250 et
1819 2212 1917 2266 ego
1942 2214 2045 2254 non

488 2294 786 2365 praedicem,
814 2302 865 2348 et
889 2307 986 2347 vos
1006 2290 1459 2346 eireumcisionem
1485 2308 1590 2345 non
1614 2294 1760 2362 sequi
1785 2293 2044 2347 debeatis.

558 2386 719 2440 Vens.
756 2385 846 2441 12.
889 2413 957 2424 -
994 2383 1196 2438 Utinam
1229 2384 1569 2449 absciduntur,
1611 2387 1697 2452 qui
1739 2402 1822 2439 vos
1844 2394 2047 2438 cantur.

487 2478 643 2531 bant!
674 2476 951 2531 Maledicto
994 2486 1301 2546 persecutus
1343 2485 1419 2529 est
1445 2492 1538 2529 eos
1576 2478 1663 2545 qui
1710 2478 1788 2529 his
1813 2476 2051 2543 injiciunt

487 2583 652 2624 novas
677 2568 1065 2636 persuasiones,
1094 2575 1147 2621 et
1181 2568 1516 2621 conturbant.
1554 2567 1597 2620 A
1628 2567 1852 2621 veritate
1889 2582 2051 2621 evan-

487 2661 610 2731 gelii
630 2661 987 2724 abscidantur,
1016 2660 1202 2730 inquit,
1231 2662 1312 2714 vel
1336 2675 1363 2713 a
1393 2674 1451 2713 se
1473 2669 1803 2728 separentur,
1835 2660 1915 2712 vel
1941 2673 2052 2727 poe—

485 2752 567 2805 nis
591 2752 902 2805 lacerentur.
924 2750 1103 2819 Magna
1126 2758 1299 2803 autem
1324 2749 1506 2803 llducia
1529 2751 1861 2803 maledictum
1886 2750 1937 2802 in
1961 2764 2052 2803 eos

490 2841 729 2910 ingessit,
748 2850 803 2894 ut
817 2840 1057 2893 ostendat
1071 2840 1190 2894 illos
1210 2856 1310 2893 non
1327 2840 1494 2893 timeri
1517 2855 1543 2890 a
1558 2855 1634 2906 se,
1651 2856 1677 2891 a
1692 2841 1879 2909 quibus
1896 2855 2050 2908 supra

488 2932 639 2998 dixit,
659 2932 1073 3001 persecutionem
1090 2932 1333 3000 patiatur.
1353 2932 1425 2984 lta
1443 2946 1538 2984 nec
1555 2931 1972 2999 persecutionem
1991 2932 2053 2983 ti-

2145 1739 2403 1793 diseordia
2435 1741 2588 1794 faciat
2613 1760 2623 1794 :
2657 1742 2700 1795 si
2727 1744 2863 1795 enim
2896 1757 2988 1796 vos
3015 1745 3237 1799 invicem
3262 1748 3525 1799 accusatis
3548 1756 3705 1813 atque

2151 1833 2428 1897 mordetis,
2456 1834 2627 1898 idest,
2661 1850 2850 1890 nocere
2890 1837 3043 1890 vultis
3090 1838 3169 1890 vel
3213 1840 3438 1904 uocetis,
3487 1840 3709 1893 invicem

2148 1936 2241 1975 vos
2266 1924 2604 1976 consumetis.
2654 1924 2787 1992 Ergo
2811 1935 2982 1978 amate
3029 1941 3121 1980 vos
3149 1938 3201 1981 ct
3228 1927 3431 1996 diligite
3457 1929 3708 1993 invicem,

2152 2022 2204 2065 et
2232 2013 2515 2081 iinplebitis
2558 2013 2724 2082 legem
2773 2015 2881 2068 sola
2933 2017 3187 2070 cliaritate
3220 2036 3231 2069 :
3268 2033 3392 2077 non,
3442 2020 3573 2072 sicut
3618 2035 3709 2075 vos

2150 2107 2364 2174 putatis,
2410 2105 2493 2159 vel
2536 2106 2936 2161 circumcisione
2984 2109 3067 2162 vel
3098 2110 3347 2176 operibus
3392 2110 3705 2178 caatcri~qnc

2148 2197 2306 2250 rebus
2341 2196 2678 2264 pertinenler.
2714 2198 2847 2266 lirgo
2882 2199 3177 2267 appositum
3218 2200 3318 2253 hoc
3343 2200 3410 2253 de
3440 2201 3709 2264 charitatc,

2145 2288 2293 2357 juxta
2326 2296 2598 2340 tractatum
2640 2290 2986 2357 superiorem.
3019 2305 3121 2358 quo
3160 2290 3385 2344 docebat
3420 2292 3540 2343 illos
3567 2302 3707 2344 extra

2157 2381 2520 2450 Evangelium,
2545 2381 2683 2449 quod
2716 2383 2779 2434 ah
2808 2381 2919 2450 ipso
2954 2382 3116 2436 Paulo
3146 2383 3248 2437 illis
3289 2383 3462 2436 fuerat
3490 2399 3714 2451 pronun-

2152 2471 2355 2536 tiatum,
2381 2473 2517 2541 quod
2548 2473 2832 2527 observare
2862 2475 2933 2527 illi
2973 2489 3029 2527 se
3060 2475 3228 2543 legem
3270 2485 3517 2543 putarent
3543 2477 3594 2528 in
3616 2478 3713 2529 cir-

2150 2564 2471 2618 cumcisione
2499 2564 2849 2634 etopcribus;
2883 2581 2998 2625 cum
3028 2567 3144 2620 solo
3187 2566 3288 2620 hoc
3327 2568 3483 2635 plena
3523 2568 3609 2622 lex
3632 2568 3712 2635 sit,

2150 2657 2274 2709 sise
2300 2655 2521 2708 invicem
2549 2642 2791 2724 diligant.

2226 2746 2547 2800 Vens.16.—
2571 2746 2695 2800 Dico
2718 2758 2881 2801 autem
2901 2750 3054 2815 vobis,
3076 2751 3255 2816 spiritu
3280 2751 3549 2813 ambulate,
3568 2762 3615 2804 ct
3633 2751 3710 2804 de-

2151 2836 2387 2890 siderium
2420 2839 2495 2907 (5)
2543 2840 2707 2891 carnis
2738 2856 2834 2891 non
2861 2842 3144 2909 perﬁcictis.
3174 2841 3302 2894 Tota
3353 2843 3520 2895 virtus
3568 2857 3714 2895 evan-

2151 2929 2270 2996 gelii
2319 2930 2430 2984 ιιωο
2457 2939 2553 2994 est,
2602 2930 2889 2984 secundum
2919 2932 3156 2997 spiritum
3192 2947 3391 2997 vivere,
3434 2932 3714 2986 secandum

490 3024 753 3092 meo,quia
768 3037 887 3077 vera
903 3021 1669 3091 praedico,etcircumcisionem
1687 3037 1787 3075 non
1807 3021 2053 3089 pratdico,
2085 3014 2129 3075 C
2160 3021 2398 3089 spiritum
2437 3021 2674 3085 credere,
2704 3022 2833 3075 nihil
2870 3024 3043 3077 carnis
3068 3022 3119 3076 in
3143 3024 3317 3079 animo
3348 3023 3546 3077 habere
3575 3035 3626 3077 et
3669 3025 3716 3077 iu

490 3128 587 3169 nec
607 3115 706 3183 pati
726 3114 1141 3184 persecutionem
1164 3115 1341 3166 timeo.
1373 3112 1581 3167 Utinam
1609 3113 1951 3165 absciduntur
1968 3114 2055 3180 qui

495 3218 589 3256 vos
610 3204 940 3257 conturbant!
968 3218 1068 3257 non
1094 3203 1263 3257 Solum
1287 3204 1749 3265 circumsecentur,
1775 3203 1865 3257 sed
1889 3202 2058 3256 absci-

497 3293 688 3347 dantur
712 3294 867 3346 etiam
898 3310 909 3344 :
944 3303 999 3346 ut
1026 3293 1123 3346 hoe
1145 3308 1353 3362 quoque
1374 3294 1593 3347 verbum
1624 3296 1692 3347 ita
1731 3296 1800 3346 sit
1830 3295 2055 3362 positum

494 3384 628 3455 quod
649 3384 713 3437 ad
731 3384 1185 3438 circumcisiouem
1209 3386 1458 3453 pertinet,
1483 3397 1535 3438 ut
1554 3387 1619 3439 sit
1643 3396 1691 3439 et
1710 3387 1932 3439 abseisio
1955 3385 2050 3457 (4).

569 3473 889 3528 Vens.13.——
903 3472 997 3527 Vos
1010 3476 1137 3527 enim
1158 3476 1210 3527 in
1228 3476 1501 3530 libertatem
1522 3479 1675 3529 vocati
1694 3478 1824 3542 estis,
1844 3482 2022 3546 fratres
2037 3493 2055 3529 :

494 3573 685 3618 tantum
713 3580 774 3617 ne
800 3564 1022 3618 libertate
1046 3566 1095 3617 in
1126 3566 1433 3618 occasionem
1461 3567 1626 3617 carnis
1652 3567 1923 3619 abutamini
1954 3566 2052 3635 (5).

494 3653 698 3708 Etenim
728 3654 812 3707 lex
837 3652 1055 3719 Christi,
1082 3670 1197 3723 qum
1225 3654 1475 3723 Spiritalis
1499 3667 1599 3719 est,
1630 3656 1920 3710 libertatem
1944 3657 2051 3721 dat,

492 3759 592 3813 qua
623 3758 869 3798 exeamus
899 3760 925 3795 a
959 3744 1177 3808 mundo,
1207 3754 1261 3798 et
1279 3744 1343 3798 ad
1375 3755 1573 3813 patrem
1613 3755 1666 3799 et
1700 3745 1763 3799 ad
1800 3746 2051 3814 originem

492 3845 837 3891 revertamur.
883 3838 986 3893 Sed
1033 3838 1279 3905 quoniam
1310 3837 1482 3891 adhuc
1526 3838 1577 3890 in
1625 3840 1819 3891 mundo
1848 3854 2050 3903 sumus,

494 3927 545 3981 id
564 3938 643 3981 est
670 3928 719 3981 in
748 3942 922 3989 carne,
948 3943 1049 3981 non
1081 3927 1332 3981 debemus
1357 3927 1527 3992 istam,
1549 3944 1703 3997 quam
1730 3930 2049 3995 accepimus,

492 4019 784 4072 libertatem
818 4017 885 4071 ita
912 4033 1183 4083 exercere,
1216 4021 1285 4072 uti
1318 4020 1605 4073 secundum
1628 4037 1841 4075 carnem
1870 4021 2054 4073 ambu-

495 4110 684 4176 lemus;
705 4110 915 4179 etquasi
931 4111 1137 4163 occasio
1153 4110 1379 4164 nobissit
1398 4112 1553 4165 etiam
1571 4112 1789 4167 faciendi
1806 4113 1854 4165 in
1871 4128 2047 4177 carne,

496 4202 739 4271 quoniam
760 4201 952 4254 liberos
967 4215 1060 4253 nos
1076 4216 1191 4255 esse
1204 4201 1476 4255 conﬁrmat
1494 4202 1592 4256 lide
1605 4205 1741 4256 circa
1760 4204 2045 4257 Christum.

498 4290 600 4345 Per
618 4292 905 4343 clmritatem
928 4290 1148 4359 Spiritus
1174 4293 1347 4345 servile
1370 4294 1595 4346 invicem.
1623 4294 1936 4349 Libertatem
1960 4296 2050 4348 da-

2158 3120 2273 3163 aetu
2297 3121 2349 3164 et
2376 3112 2425 3163 iu
2456 3113 2582 3178 vita;
2614 3113 2663 3165 id
2687 3122 2769 3165 est
2797 3128 2965 3181 neque
2994 3128 3138 3181 spem
3163 3115 3225 3167 de
3252 3129 3411 3168 carne
3431 3116 3715 3183 suscipere.

2157 3200 2420 3254 Ambulute
2447 3216 2591 3270 ergo,
2626 3203 2811 3270 inquit,
2838 3203 2887 3254 in
2916 3204 3113 3267 spiritu,
3140 3204 3188 3255 id
3214 3212 3315 3266 est,
3348 3206 3506 3256 vitam
3546 3204 3680 3271 agite
3704 3222 3716 3257 :

2156 3293 2293 3360 quod
2320 3294 2361 3345 si
2386 3291 2576 3358 facitis,
2594 3294 2764 3347 carnis
2782 3293 3097 3347 desiderium
3122 3309 3223 3347 non
3246 3295 3528 3361 perlicietis
3549 3312 3563 3361 ;
3584 3296 3632 3349 id
3646 3305 3721 3350 est

2158 3384 2355 3436 nullum
2388 3395 2655 3452 peccatum
2688 3383 2993 3448 admittetis,
3019 3385 3153 3452 quod
3183 3386 3415 3439 nascitur
3440 3403 3503 3439 ex
3526 3402 3716 3440 carne:

2154 3472 2255 3525 alia
2280 3473 2420 3526 enim
2443 3473 2696 3538 cupiditas
2720 3474 2858 3526 nulla
2885 3474 2981 3526 nisi
3009 3474 3071 3527 de
3092 3488 3271 3529 carne.
3299 3475 3421 3529 Ideo
3438 3475 3716 3546 subjungit.

2228 3563 2677 3618 VunsJI—Nam
2702 3580 2824 3618 caro
2846 3566 3165 3633 concupiscit
3186 3566 3444 3619 adversus
3462 3567 3713 3635 spiritum,

2154 3656 2361 3724 spiritus
2383 3666 2544 3708 autem
2568 3657 2800 3709 adversus
2830 3673 3027 3709 carnem
3058 3657 3158 3726 (-i).
3198 3656 3260 3710 lit
3295 3658 3511 3711 omnino
3540 3660 3618 3711 isti
3642 3659 3719 3710 iu-

2156 3746 2413 3814 telligant,
2446 3745 2647 3800 nihilse
2667 3747 2731 3799 de
2758 3762 2913 3799 carne
2929 3747 3161 3814 eligitare
3182 3746 3398 3810 dehcre,
3420 3748 3557 3815 quod
3580 3750 3716 3801 estin

2155 3836 2553 3890 circumcisidne
2572 3848 2620 3889 et
2640 3836 2841 3890 cmteris
2858 3837 3150 3904 exjttdttit'tl:
3168 3836 3460 3906 dl:ClplilliP
3481 3839 3719 3891 observa-

2156 3932 2538 3995 tionibus,cum
2562 3930 2700 3985 inter
2725 3945 2781 3984 se
2804 3931 2987 3984 doceat
3015 3931 3107 3984 ista
3140 3931 3392 3983 adversa:
3420 3947 3522 3985 non
3554 3932 3716 3985 solum

2154 4012 2477 4089 concupiscit
2512 4036 2656 4083 caro,
2685 4022 2776 4074 sed
2803 4022 2959 4074 etiam
2983 4019 3232 4073 adversus
3256 4020 3502 4088 spiritum
3527 4036 3717 4074 concu-

2157 4116 2327 4181 piscit.
2362 4113 2527 4166 Habet
2554 4113 2693 4166 enim
2718 4124 2888 4166 tuoms
2911 4127 3031 4166 suos
3055 4127 3198 4177 caro,
3230 4112 3494 4179 habt-tque
3518 4128 3717 4174 Sensus,

2155 4222 2325 4276 neque
2349 4216 2544 4260 tantum
2562 4205 2627 4259 ah
2640 4206 2810 4259 anima
2836 4207 3184 4266 suscitantur:
3206 4206 3344 4275 quod
3365 4207 3582 4274 intelligi
3606 4206 3720 4260 licet

2153 4301 2307 4351 etiam
2338 4298 2386 4350 iu
2417 4296 2496 4350 his
2520 4312 2635 4365 quae
2651 4297 2876 4350 animam
2906 4314 3009 4349 non
3041 4296 3263 4359 habent;
3284 4307 3342 4349 ut
3372 4300 3422 4349 in
3442 4291 3720 4365 ‘aqua,qute

498 4392 603 4437 tam
626 4383 946 4451 accepimus,
968 4392 1139 4436 tamen
1168 4384 1366 4436 servire
1384 4384 1531 4436 nobis
1552 4385 1770 4438 invicem
1800 4385 2051 4439 debemus
2077 4368 2126 4426 D
2154 4376 2378 4453 impetus
2404 4400 2527 4439 suos
2558 4386 2711 4438 habet
2742 4386 3021 4438 ctvirtutes
3050 4403 3193 4448 suas,
3223 4388 3307 4439 vel
3336 4388 3385 4439 iu
3405 4403 3616 4456 sapore,
3644 4389 3719 4441 vel

497 4489 592 4543 per
634 4474 961 4537 charitatem,
995 4480 1045 4526 ct
1090 4473 1306 4540 spiritus
1334 4472 1665 4535 charitatem,
1711 4491 1812 4527 non
1861 4477 2055 4529 carnis.

568 4563 727 4618 Vens.
762 4562 846 4617 M.
896 4592 966 4602 —-
1000 4562 1241 4617 Universa
1263 4563 1393 4616 enim
1428 4564 1509 4617 lex
1546 4566 1596 4617 in
1647 4564 1779 4619 vobis
1808 4582 1905 4618 uno
1951 4582 2058 4620 ser-

498 4672 642 4708 mone
667 4656 917 4723 impletur.
967 4653 1291 4723 Frequenter
1325 4656 1463 4710 hunc
1514 4671 1724 4710 sensum
1772 4668 1823 4711 et
1866 4661 2059 4726 posuit,

499 4754 553 4801 et
579 4760 672 4800 nos
724 4745 1097 4810 tractavimus;
1132 4746 1251 4813 quia
1299 4755 1403 4798 t0ta
1436 4745 1616 4809 lex,et
1664 4747 1835 4800 omnis
1883 4763 2069 4816 opera—

502 4840 577 4893 tio
622 4839 769 4907 legis,
816 4838 915 4892 hoc
963 4852 1207 4891 sermone
1248 4837 1513 4905 impletur,
1562 4838 1610 4890 id
1645 4850 1726 4892 est
1781 4838 2067 4893 charitatis:

500 4930 589 4998 qui
637 4928 776 4981 enim
811 4927 978 4997 diligit
1024 4928 1278 4989 alterum,
1323 4941 1492 4996 neque
1524 4928 1851 4991 mmchatnr,
1899 4945 2068 4997 neque

502 5018 705 5072 iuratur
734 5035 747 5070 :
777 5028 830 5071 et
857 5017 959 5071 hoc
985 5025 1086 5082 est,
1115 5027 1168 5070 et
1205 5016 1471 5069 Christum
1500 5016 1717 5085 diligere
1748 5035 1759 5069 :
1793 5028 1845 5070 et
1866 5033 1929 5071 ea
1951 5035 2067 5088 qua:

503 5108 1040 5177 ostenditdecalogus,
1064 5105 1516 5175 quodammodoin
1538 5107 1637 5162 hoc
1659 5107 1772 5163 solo
1800 5119 2065 5177 praecepto

571 5219 651 5289 (1)
696 5218 886 5277 Codtl..
910 5220 1129 5289 judicio.

576 5288 653 5356 (Ξ)
692 5289 841 5356 Vulg.
876 5288 1019 5342 addit
1042 5288 1226 5341 adhuc.

572 5357 654 5494 (ὅ)
690 5357 853 5411 Codd.
888 5358 1332 5411 conturbabuntur.

596 5428 629 5481 4
690 5427 859 5482 Codd.
886 5427 1069 5481 abscio.

596 5427 651 5482 4)
690 5427 859 5482 Codd.
886 5427 1069 5481 abscio.

578 5496 655 5578 (5)
696 5496 871 5567 Vulg,
899 5506 1093 5551 tantum
1136 5512 1199 5552 ne
1223 5497 1497 5553 libertatem
1536 5499 1586 5552 in
1610 5500 1914 5555 occasionem
1940 5502 2065 5558 detis

501 5584 684 5630 carnis.

2160 4476 2210 4529 in
2231 4488 2396 4540 motu,
2416 4476 2496 4528 vel
2522 4477 2568 4527 in
2592 4476 2839 4544 qualitate
2856 4477 2935 4530 vel
2954 4479 3244 4539 quantitate
3267 4496 3278 4531 :
3299 4478 3426 4530 item
3448 4481 3581 4545 ignis
3599 4478 3720 4547 pari-

2164 4577 2346 4635 terque
2370 4576 2505 4619 terra
2535 4574 2588 4620 et
2612 4578 2798 4620 czctera
2821 4569 3101 4629 elementa,
3119 4570 3393 4637 exquibus
3419 4572 3568 4638 quasi
3588 4588 3721 4639 qua--

2161 4657 2279 4710 dam
2299 4656 2605 4725 c0nsparsio
2627 4655 2794 4726 (5)cst
2820 4668 2869 4710 et
2892 4672 3012 4710 caro
3041 4658 3173 4711 facta
3191 4670 3270 4712 est
3299 4674 3361 4712 ex
3383 4660 3612 4713 humidis
3629 4661 3718 4729 (6).

2240 4805 2315 4874 (Ι)
2354 4804 2534 4871 ναις..
2584 4804 2729 4868 Quod
2763 4806 2807 4857 si
2844 4805 3050 4857 invicem
3088 4806 3323 4858 mordetis
3363 4816 3408 4858 et
3449 4809 3717 4872 comeditis,

2170 4876 2329 4929 videte
2358 4892 2419 4927 ne
2447 4874 2506 4926 ab
2535 4875 2741 4925 invicem
2768 4877 3150 4928 consumamini.

2244 4946 2317 5011 (2)
2357 4943 2830 5017 Codd._exltortat_io
2852 4946 3135 5017 concordia.
3150 4944 3446 5017 Eleganter
3464 4947 3715 5017 Hierony-

2172 5028 2309 5077 mus,
2332 5014 2393 5066 ad
2412 5029 2460 5064 v.
2490 5014 2593 5067 15.:
2620 5012 2716 5065 Per
2736 5014 3023 5067 cliaritntem
3046 5014 3182 5065 nobis
3205 5016 3412 5067 inuicem
3435 5012 3716 5079 serviamus,

2168 5095 2221 5136 ut
2250 5084 2501 5139 laciniosa!
2525 5083 2644 5152 legis
2665 5094 2911 5153 prtrcepta
2940 5101 3036 5135 uno
3060 5084 3338 5137 dilectionis
3362 5085 3585 5153 capitula
3607 5102 3714 5139 cou-

2168 5152 2457 5206 cludantur.

2242 5223 2321 5353 (ὃ)
2360 5222 2540 5289 Vulg.,
2570 5221 2835 5275 desideria.

2245 5291 2295 5353 (ι
2389 5288 2552 5344 Codd.
2603 5306 2697 5353 pro
2740 5292 2834 5344 adv

2245 5288 2319 5361 (ir)
2389 5288 2552 5344 Codd.
2603 5306 2697 5358 pro
2740 5292 2973 5345 adversus
3020 5308 3219 5345 carnem
3267 5293 3464 5348 habent
3509 5296 3575 5346 ad
3614 5295 3719 5349 sub-

2170 5362 2417 5428 iunctum.

2266 5429 2320 5499 5)
2362 5430 2435 5483 Ita
2465 5428 2619 5484 codd.

2241 5431 2319 5571 (6)
2350 5499 2440 5572 AAb
2464 5499 2562 5552 hoc
2588 5498 2847 5572 versiculo
2889 5501 2949 5553 17
2976 5516 3137 5572 usque
3174 5502 3239 5555 ad
3288 5502 3513 5570 primum
3543 5504 3715 5571 capitis

2169 5568 2259 5637 vi,
2302 5568 2437 5624 nihil
2459 5570 2821 5625 commentarii
2849 5579 2929 5626 est
2957 5573 3008 5627 in
3052 5568 3343 5630 codicibus.
3379 5568 3714 5630 Prorsus—au.
