3950 6206
213 279 360 334 1193

1071 278 1137 333 IN
1170 278 1550 338 EPISTULA.“
1586 279 1788 338 PAULI
1821 278 1913 333 AD
1965 279 2284 340 GALATAS
2331 284 2530 339 LIBER
2561 287 2622 340 ll.

3342 290 3478 347 1194

285 398 416 452 CAP.
450 413 525 450 γι.
558 427 628 438 -
657 397 821 452 Vens.
849 400 900 451 1.
945 426 1013 438 --
1041 396 1088 450 1i
1128 400 1212 467 qui
1250 401 1500 467 spiritales
1549 408 1666 453 sunt
1831 399 1874 456 Α
1908 397 2044 464 apud
2067 413 2124 452 se
2157 401 2349 465 ipsum,
2381 411 2428 454 et
2462 416 2564 454 non
2587 403 2650 452 ab
2680 402 2848 456 altero
2878 411 3139 471 expectat.
3178 403 3296 457 Non
3315 408 3472 470 enim,

210 488 380 554 Quasi
399 488 462 541 ad
479 505 639 542 unum
659 505 721 542 ex
748 489 894 556 ipsis,
914 489 1000 556 qui
1023 489 1286 554 spiritales
1303 498 1444 554 sunt,
1462 489 1561 544 hoc
1584 491 1652 542 ita
1684 505 1802 556 pro-

215 581 333 634 tulit
358 578 1407 648 utcousideretunuSquisqueenrum,ne
1443 591 1493 634 et
1541 583 1653 649 ipse
1689 589 1800 633 ten-

215 681 361 724 tetur
377 689 389 722 :
406 677 460 724 et
474 669 668 724 idcirco
680 669 868 726 debeat
883 686 1187 726 succurrere
1199 681 1252 725 et
1266 671 1524 727 instruere
1539 671 1801 739 ejusmodi

216 763 530 827 hominem;
561 764 817 832 etspiritu
839 763 962 818 dato
993 780 1085 833 per
1113 774 1392 818 tractatum
1412 763 1473 818 ad
1491 765 1800 819 modestiam

217 855 689 925 mqualitatemque
717 869 988 909 revocare.

292 946 458 1001 Vsus.
487 944 542 998 2.
584 973 653 984 -—
675 945 815 998 Alter
845 946 1050 998 alterius
1077 961 1229 1000 onera
1260 955 1471 1014 portate.
1515 945 1691 1001 Iiediit
1733 945 1799 1000 ad

217 1038 482 1108 pluralem
501 1051 796 1101 numerum,
813 1047 868 1090 ut
882 1037 1055 1091 omnis
1072 1035 1230 1092 homo
1249 1037 1379 1089 mala
1403 1049 1572 1103 portet
1589 1039 1757 1092 aliena
1781 1054 1795 1104 ;

218 1127 436 1198 etquod
455 1127 589 1182 alter
609 1129 821 1197 patitur,
837 1130 1282 1192 ferat,sustiueat,
1303 1129 1615 1194 corrigat,in
1636 1145 1800 1196 quau-

222 1232 336 1276 tum
389 1231 562 1290 potest
591 1243 602 1275 :
630 1222 727 1274 hoc
780 1232 860 1275 est
909 1221 1049 1274 enim
1084 1230 1297 1290 portare
1326 1236 1507 1283 onera,
1542 1223 1799 1289 patir-nter

219 1313 363 1367 ferre
394 1315 613 1367 alterius
642 1313 825 1366 vitium
851 1323 904 1366 et
928 1313 1216 1380 corrigere.
1255 1312 1316 1365 Et
1343 1314 1409 1364 ita
1433 1313 1696 1380 impiebitis
1727 1315 1799 1367 lea

219 1421 330 1475 gem
354 1403 562 1456 Christi.
596 1404 682 1459 Sic
729 1405 868 1456 enim
899 1411 950 1456 et
993 1403 1103 1471 ipse
1153 1403 1356 1470 patiens
1379 1413 1432 1456 et
1455 1404 1584 1456 mala
1617 1414 1794 1457 nostra

224 1498 479 1564 portavit,
507 1505 559 1550 et
582 1511 676 1565 pro
725 1496 877 1549 malis
924 1496 1117 1548 nostris
1149 1495 1259 1564 ipse
1286 1496 1552 1548 sustinuit.
1581 1495 1796 1565 Legem,

219 1588 414 1655 inquit,
442 1587 640 1642 Christi
673 1586 979 1652 implebitis,
1009 1601 1110 1639 non
1154 1586 1462 1654 simpliciter
1507 1587 1694 1656 legem.

297 1679 460 1734 Vens.
493 1679 556 1732 ὅτ
588 1675 816 1730 -Ναιη
859 1679 900 1730 si
947 1677 1132 1746 aliquis
1172 1678 1419 1730 existimat
1466 1694 1518 1730 se
1557 1693 1660 1730 esse
1694 1678 1793 1730 ali-

1903 489 2092 556 iuquit,
2124 491 2184 542 ab
2219 492 2420 545 homine
2449 493 2650 547 laudari
2687 496 2818 558 volo,
2849 511 3007 564 neque
3037 497 3320 551 hominibus
3354 515 3476 566 pro-

1901 578 2031 641 bari,
2058 581 2145 634 sed
2169 579 2292 635 Deo.

1955 669 2117 724 Vens.
2138 672 2190 727 5.
2217 671 2429 726 —-Nnm
2448 677 2789 747 unusquisque
2810 680 3074 749 praprium
3090 697 3218 735 onus
3235 681 3468 751 portabit.

1900 762 2044 817 Onus
2073 763 2124 817 in
2148 764 2324 819 medio
2353 768 2565 834 ponitur
2583 768 2694 822 sive
2715 770 2909 825 bonum
2937 773 3046 827 sive
3069 775 3283 827 malum.
3332 775 3473 846 Ergo

1901 855 2197 923 proprium,
2225 855 2415 926 inquit,
2439 861 2719 928 portabunt
2734 876 2866 918 onus
2887 878 3092 932 omnes,
3110 867 3475 936 unusquisque

1902 959 2194 1014 promtum.

1947 1033 2108 1088 Vens.
2122 1037 2173 1090 6.
2203 1038 2614 1095 -(.'omnmnicet
2627 1055 2790 1097 autent
2804 1047 2887 1114 qui
2902 1050 3238 1102 catechizatur
3251 1053 3469 1117 verbum,

1898 1127 1944 1178 ei
1967 1130 2052 1194 qui
2079 1129 2353 1183 catechizat
2395 1132 2446 1184 in
2503 1135 2732 1188 omnibus
2776 1137 2916 1190 bonis
2964 1139 3062 1206 (1).
3107 1141 3305 1195 Sensus
3335 1143 3470 1197 i5te:

1899 1223 2190 1289 κατηχίζειν
2213 1233 2292 1275 est
2331 1224 2724 1280 circumsonare
2756 1228 3000 1296 Veljttxta
3027 1246 3299 1297 assonare,
3333 1234 3472 1302 qIIOd

1899 1313 2158 1378 euutingit
2185 1327 2303 1365 cum
2336 1314 2498 1384 aliqui
2523 1317 2670 1370 initio
2699 1319 3020 1374 cluistiauns
3044 1322 3388 1390 iueipitcsse,
3420 1334 3475 1378 et

1899 1399 1973 1452 illi
2021 1401 2158 1455 Deus
2187 1412 2240 1456 et
2267 1404 2509 1459 (ἰιιιὶπιυε
2539 1419 2876 1472 assonantur,
2927 1421 2979 1465 et
3025 1411 3216 1466 dicitur
3246 1415 3474 1469 inaures

1898 1492 2032 1562 ejus,
2051 1503 2207 1564 atque
2232 1497 2280 1550 iu
2296 1499 2530 1552 auiuumt
2553 1500 2855 1554 immittitur
2879 1519 2890 1553 :
2911 1503 3010 1556 hoc
3030 1514 3108 1557 est
3129 1505 3216 1571 qui
3234 1506 3471 1561 catechi-

1901 1597 2047 1639 zatur
2085 1588 2302 1641 verbum
2329 1606 2342 1641 :
2376 1590 2426 1642 id
2447 1600 2529 1644 est
2559 1605 2653 1658 per
2680 1593 2894 1644 verbum
2925 1595 2968 1648 si
2989 1596 3074 1663 qui
3097 1597 3472 1662 catechizatur,

1901 1684 1958 1728 ut.
1977 1677 2021 1728 ei
2044 1689 2325 1733 assonetur
2344 1694 2439 1750 per
2461 1681 2871 1736 invocationem.
2905 1684 2951 1736 Is
2969 1687 3139 1753 agitur
3154 1689 3239 1755 qui
3256 1690 3472 1742 catechi-

221 1772 363 1842 quid,
409 1788 522 1825 cum
563 1770 690 1823 nihil
744 1773 827 1832 sit,
878 1772 984 1840 ipse
1019 1786 1071 1824 se
1122 1771 1333 1824 seducit.
1381 1771 1602 1825 Ratione
1657 1785 1794 1824 nunc
1824 1764 1871 1823 B
1895 1766 2278 1834 zaturverbum,
2313 1770 2362 1821 in
2384 1771 2612 1824 omnibus
2639 1771 2779 1825 bonis
2803 1776 3128 1827 communicet
3156 1779 3198 1829 ei
3224 1779 3467 1847 quicute-

221 1865 434 1934 probat,
495 1863 611 1916 ideo
657 1863 825 1924 illum.
879 1864 963 1930 qui
1015 1876 1073 1915 se
1129 1861 1296 1930 jactat
1344 1862 1523 1930 gloria:
1585 1862 1787 1930 cupidi-

222 1963 352 2018 tate,
402 1962 454 2008 et
505 1955 872 2024 corrigendum
915 1967 1033 2006 esse
1073 1961 1125 2005 et
1163 1953 1527 2006 instruendum
1580 1953 1630 2005 in
1684 1951 1790 2021 spi-

223 2044 348 2109 ritu,
381 2045 626 2112 quwniam
659 2043 815 2098 miser
849 2045 935 2097 ille
967 2055 1064 2104 est,
1100 2044 1187 2111 qui
1216 2060 1273 2097 se
1315 2045 1426 2110 ipse
1449 2045 1668 2107 indm-it,
1700 2045 1788 2098 fal-

222 2136 304 2200 lit,
331 2136 551 2206 decipit,
582 2136 668 2207 qui
697 2149 756 2190 se
779 2135 979 2204 aliquid
1027 2149 1144 2188 esse
1179 2136 1465 2199 existimat,
1514 2152 1632 2189 cum
1663 2135 1789 2190 nihil

220 2232 308 2287 sit.
343 2232 550 2286 Etenim
591 2234 632 2284 si
667 2229 779 2284 hare
821 2244 1024 2283 summa
1054 2229 1182 2297 legis
1223 2238 1326 2293 est,
1377 2238 1434 2282 ut
1474 2229 1790 2299 quicumque

221 2322 442 2378 humilis
472 2323 558 2386 sit,
591 2320 844 2388 deiectus,
893 2320 1106 2372 iniimus
1133 2318 1248 2386 (2);
1298 2319 1366 2372 ita
1398 2334 1538 2372 erum
1580 2334 1641 2373 ex
1673 2319 1792 2373 iuli-

219 2418 321 2469 mis
348 2413 492 2484 eligit
526 2413 661 2466 Deus
691 2427 820 2480 quos
847 2410 1084 2465 sublevet
1110 2419 1266 2478 atque
1295 2411 1430 2464 altos
1454 2409 1642 2474 faciat;
1675 2426 1790 2464 om-

217 2509 300 2562 nis
332 2506 624 2575 homo,qui
667 2505 764 2559 sibi
809 2502 1006 2570 aliquid
1048 2503 1300 2563 vindicat,
1329 2513 1381 2557 et
1461 2519 1520 2557 se
1569 2503 1792 2556 extimat

219 2600 420 2668 aliquid
451 2613 587 2660 esse,
632 2598 747 2650 sine
786 2595 946 2649 dubio
975 2594 1104 2647 nihil
1143 2603 1242 2650 est.
1271 2594 1406 2661 Quid
1449 2594 1589 2646 enim
1626 2603 1709 2648 est
1736 2594 1788 2648 in

220 2691 421 2744 mundo
448 2687 669 2758 aliquid,
695 2703 811 2741 cum
843 2686 970 2739 nihil
999 2688 1069 2738 sit
1092 2685 1144 2738 in
1175 2683 1402 2738 mundo?
1432 2683 1497 2737 Et
1528 2686 1597 2736 ita
1633 2699 1791 2755 agere

220 2797 317 2837 ceu
337 2781 560 2849 (5)nihil
589 2781 657 2832 sit
684 2779 735 2832 in
759 2777 975 2843 mundo,
1004 2777 1102 2830 hoc
1129 2785 1207 2830 est
1234 2775 1369 2844 apud
1401 2775 1563 2828 Deum
1594 2775 1789 2845 aliquid

219 2886 361 2927 esse.
397 2871 565 2925 Porro
589 2870 629 2922 si
655 2870 743 2940 qui
770 2870 850 2938 (4)
881 2869 930 2921 in
959 2867 1366 2935 mundoaliquid
1397 2880 1455 2919 se
1477 2881 1593 2920 esse
1621 2874 1786 2934 putat,

220 2965 304 3019 vel
331 2965 620 3033 sapientem
651 2965 734 3018 vel
783 2963 1190 3028 iuteliigentem,
1241 2959 1323 3013 vel
1366 2959 1657 3023 dominum,
1706 2959 1788 3014 vel

221 3056 521 3125 regem,vel
546 3054 779 3120 divitem,
800 3053 881 3106 vel
903 3051 1097 3121 aliquid
1123 3053 1340 3116 horum;
1369 3058 1458 3104 aut
1484 3050 1533 3103 in
1564 3049 1782 3114 divitiis,

1893 1857 2088 1920 chisat;
2117 1859 2166 1911 id
2188 1869 2268 1914 est
2300 1861 2350 1914 in
2384 1861 2522 1914 nulla
2556 1879 2614 1916 re
2644 1879 2746 1917 non
2772 1866 2816 1916 ei
2838 1868 3132 1922 communis
3151 1867 3247 1932 sit;
3285 1871 3332 1921 iu
3354 1886 3468 1923 OIII-

1893 1950 2047 2003 nibus
2068 1962 2240 2004 tamen
2262 1955 2558 2006 remtnnnis
2587 1957 2654 2008 sit
2680 1955 2774 2018 illi,
2799 1957 2887 2028 qui
2919 1961 3205 2012 catechizat
3229 1963 3466 2028 verbum,

1895 2053 1950 2096 ut
1978 2044 2152 2097 ninuia
2183 2045 2234 2098 in
2265 2049 2639 2103 communione
2669 2064 2786 2104 cum
2815 2026 2878 2102 eo
2923 2050 3128 2112 habeat,
3163 2051 3256 2104 sed
3291 2056 3466 2109 Omnia

1892 2152 2009 2199 qua:
2046 2137 2180 2190 bona
2212 2148 2352 2191 sunt.
2386 2139 2517 2192 Cum
2541 2143 2681 2194 enim
2703 2156 2862 2208 supra
2889 2142 3085 2196 dictum
3108 2143 3195 2206 ~~it,
3222 2143 3467 2199 Instruite

1893 2228 2185 2288 huiusmodi
2212 2229 2461 2282 hominem
2483 2231 2535 2282 in
2561 2231 2736 2299 spiritu
2758 2233 3037 2298 modestia',
3065 2235 3244 2303 utique
3272 2236 3470 2289 bonum

1891 2327 1974 2372 est
2001 2319 2140 2388 quod
2162 2320 2484 2382 catechizat;
2515 2330 2568 2375 et
2599 2322 2644 2374 is
2672 2323 2758 2390 qui
2791 2323 3081 2377 catechizat
3117 2327 3334 2378 verbum
3370 2327 3472 2380 hoc

1893 2417 1999 2462 tam
2022 2409 2235 2475 bonum,
2278 2411 2328 2464 in
2354 2411 2505 2464 bonis
2534 2413 2848 2465 catechizat.
2881 2413 3040 2481 Igitur
3079 2414 3163 2482 qui
3189 2416 3468 2470 catechiza—

1893 2509 1974 2553 tur
2005 2501 2219 2565 verbum,
2251 2504 2578 2555 communiret
2603 2504 2644 2554 ei
2670 2505 2753 2572 qui
2780 2505 3074 2558 catechizat.

1962 2589 2122 2644 Vens.
2166 2592 2218 2643 7.
2276 2619 2346 2631 --
2371 2591 2542 2644 Nolite
2563 2609 2763 2657 errare;
2795 2593 2934 2647 Deus
2959 2612 3058 2648 non
3081 2597 3333 2650 deridetur
3355 2598 3437 2669 (‘2)
3454 2640 3466 2654 .

1892 2678 2175 2749 Subjungit
2202 2692 2520 2751 praereptmn
2547 2685 2685 2737 aliud
2715 2686 2854 2753 quod
2887 2687 3101 2754 quidem
3131 2691 3378 2757 generale
3398 2691 3466 2746 ad

1893 2773 2090 2827 omnia.
2123 2773 2352 2840 pertinrt
2383 2786 2554 2826 tamen
2583 2775 2647 2827 ad
2688 2775 2736 2828 id
2777 2777 2917 2844 quod
2959 2793 3114 2846 supra
3143 2790 3316 2833 actum
3361 2791 3462 2848 est,

1893 2873 1960 2912 ne
1989 2860 2062 2912 illi
2091 2862 2231 2916 aliud
2267 2871 2458 2929 prater
2488 2864 2822 2932 evnngelium
2849 2878 3173 2935 sequantur;
3203 2870 3254 2924 id
3293 2881 3375 2925 e-t
3401 2888 3466 2927 ne

1893 2951 2180 3021 adjuugant
2231 2964 2390 3008 etiam
2431 2956 2736 3011 Iudaeorum
2786 2959 3119 3027 disciplinam
3171 2974 3224 3016 et
3279 2981 3462 3032 opera.

1893 3040 2098 3108 Nolite,
2129 3045 2328 3114 inquit,
2362 3063 2566 3112 errare;
2615 3065 2734 3102 nam
2769 3053 2862 3104 ista
2907 3054 3082 3105 omnia
3123 3063 3268 3108 extra
3300 3072 3464 3109 evan-

219 3159 308 3202 aut
335 3149 386 3199 in
417 3148 612 3209 animo,
642 3145 803 3200 autin
831 3155 963 3207 arte,
987 3154 1075 3196 aut
1105 3143 1154 3195 in
1183 3144 1404 3205 virtute;
1437 3143 1504 3207 is,
1532 3143 1781 3209 quoniam
1814 3131 1858 3193 C
1889 3135 2084 3202 geliutn
2131 3149 2247 3204 qua-
2289 3148 2665 3204 assumunlur,
2718 3152 2891 3194 errata
2936 3152 3079 3198 sunt.
3128 3145 3190 3197 [ﬁt
3225 3147 3468 3213 adjnnxit

220 3232 481 3297 sapientia
508 3230 686 3283 mundi
719 3229 936 3283 stultitia
963 3236 1043 3280 est
1069 3226 1208 3294 apud
1234 3227 1418 3287 Deum,
1444 3225 1518 3287 is,
1555 3227 1787 3295 inquam,

219 3321 350 3375 nihil
383 3332 496 3384 est;
528 3332 580 3375 et
605 3335 724 3373 cum
749 3318 877 3370 nihil
900 3317 988 3379 sit,
1021 3319 1132 3385 ipse
1159 3330 1217 3370 se
1245 3313 1378 3366 fallit
1409 3329 1469 3368 ac
1494 3314 1712 3384 decipit.

294 3411 454 3465 Vens.
485 3409 538 3463 4.
592 3437 661 3447 ——
692 3407 832 3477 Opus
862 3418 1026 3458 autem
1052 3421 1197 3457 suum
1226 3405 1397 3472 probet
1427 3406 1786 3472 unusquisque,

221 3513 268 3558 et
296 3512 417 3557 tunc
448 3502 498 3553 in
526 3499 786 3566 semetipso
814 3508 1006 3550 tantum
1036 3495 1230 3549 habebit
1262 3495 1495 3564 gloriam,
1549 3505 1591 3547 et
1615 3511 1714 3546 non
1735 3496 1787 3548 in

222 3597 399 3650 altero.
421 3596 614 3663 lilagnte
635 3592 1050 3647 exhortationes.
1070 3605 1258 3657 magna
1283 3589 1438 3642 etiam
1467 3589 1741 3658 disciplina
1769 3590 1781 3642 ε

225 3701 400 3749 nemo,
431 3685 618 3751 inquit,
651 3683 748 3737 sibi
776 3682 974 3747 aliquid
1005 3682 1253 3743 vindicet,
1289 3696 1456 3749 neque
1481 3681 1782 3744 Opinionem

223 3777 414 3832 habeat
444 3774 581 3846 quod
604 3774 798 3843 aliquid
820 3774 887 3826 sit
914 3793 925 3826 :
952 3771 1310 3826 tantummodo
1335 3787 1462 3840 Opus
1491 3787 1636 3824 suum
1669 3787 1786 3838 pro-

226 3871 332 3933 bet;
363 3883 546 3924 vermn
577 3867 686 3934 ipse
706 3864 904 3934 judicio
938 3878 1034 3918 Suo
1065 3863 1251 3932 probet
1278 3861 1632 3931 unusquisque
1652 3875 1786 3930 opus

225 3975 398 4024 suum,
431 3974 496 4013 ne
537 3957 673 4011 malo
710 3951 886 4024 judice
924 3969 1072 4014 usus.
1107 3953 1289 4021 probet
1326 3966 1383 4005 se
1413 3951 1549 4006 bene
1571 3950 1781 4014 fecisse,

223 4067 338 4108 cum
369 4052 593 4104 fortasse
636 4063 736 4103 non
780 4048 916 4102 bene
943 4045 1146 4102 fecerit.
1178 4045 1316 4114 Ergo
1346 4045 1553 4113 probet,
1583 4054 1637 4098 et
1666 4058 1786 4112 pro-

226 4143 399 4196 batunt
428 4140 582 4193 faciat
610 4154 740 4205 npus
766 4153 915 4191 suum
942 4154 954 4190 :
981 4152 1087 4205 quo
1118 4134 1338 4203 probato
1364 4148 1542 4200 opere,
1573 4143 1691 4186 tunc
1729 4135 1781 4185 in

223 4231 482 4299 semetipso
537 4240 728 4282 tantum
755 4227 948 4279 habebit
977 4225 1208 4294 gloriam.
1238 4239 1337 4276 non
1369 4228 1421 4276 in
1448 4225 1627 4277 altero.
1661 4223 1786 4278 Ete-

223 4324 329 4378 nim
359 4323 448 4390 qui
487 4321 745 4375 existimat.
767 4316 961 4386 aliquid
989 4331 1045 4369 se
1071 4328 1217 4378 esse,
1245 4317 1406 4382 jactat
1436 4329 1495 4368 se
1521 4323 1575 4367 et
1604 4315 1669 4366 ab
1709 4315 1786 4367 al-

223 4416 340 4461 tero
383 4407 601 4474 gloriam
646 4403 812 4470 petit:
842 4401 927 4468 qui
956 4409 1128 4453 autem
1177 4413 1309 4467 opus
1349 4413 1499 4451 suum
1546 4399 1629 4452 vel
1673 4398 1786 4467 ipse

1889 3224 1992 3276 vim
2025 3227 2357 3278 necessitatis
2384 3227 2449 3280 ad
2497 3237 2852 3295 przrceptum;
2900 3230 3059 3295 Deus,
3118 3234 3305 3301 inquit,
3363 3253 3466 3290 non

1894 3315 2167 3368 deridetur.
2203 3315 2319 3370 Non
2366 3319 2518 3381 dixit,
2551 3318 2688 3373 Deus
2718 3323 2848 3373 enim
2881 3325 3049 3376 omnia
3079 3326 3209 3389 scit;
3241 3343 3305 3379 ue
3343 3342 3466 3394 spe-

1889 3414 2008 3460 rent
2031 3409 2178 3471 quasi
2211 3407 2292 3460 vel
2323 3409 2530 3462 veniam
2575 3410 2776 3464 erroris
2807 3414 2912 3476 sui,
2949 3415 3031 3466 vel
3073 3415 3210 3480 quod
3240 3417 3464 3471 abscon-

1888 3495 2054 3549 ditum
2087 3511 2204 3551 esse
2233 3499 2435 3567 poSsit:
2467 3515 2584 3559 non,
2620 3501 2810 3570 inquit.
2845 3502 3119 3556 deridetur.
3155 3505 3218 3558 Et
3244 3507 3460 3575 subjun-

1885 3587 1960 3656 git
2002 3589 2125 3656 quid
2169 3589 2398 3644 futurum
2447 3593 2515 3646 sit
2548 3592 2628 3646 his
2658 3595 2746 3662 qui
2796 3596 2846 3646 in
2878 3602 3016 3648 terra
3059 3599 3217 3650 vitam
3255 3606 3458 3653 tenent.

1959 3679 2119 3734 Vens.
2173 3680 2225 3736 8.
2282 3711 2350 3720 -—
2383 3682 2509 3749 Qute
2553 3690 2683 3736 enim
2712 3686 3028 3739 seminaverit
3080 3689 3244 3745 homo.
3281 3691 3386 3742 haec
3415 3700 3464 3744 et

1887 3781 2052 3825 metet.
2085 3771 2138 3825 Id
2156 3782 2238 3826 est
2258 3773 2343 3840 qui
2375 3775 2607 3828 triticum
2634 3777 2862 3830 seminat
2909 3792 3133 3832 messem
3157 3779 3368 3833 habebit
3394 3781 3462 3836 de

1888 3862 2096 3927 tritico;
2149 3863 2194 3916 si
2235 3872 2412 3918 autem
2456 3866 2684 3919 seminat
2726 3868 3004 3928 zizaniam.
3050 3867 3150 3922 hoc
3175 3879 3229 3923 et
3257 3879 3456 3924 metet:

1886 3951 2081 4005 malum
2112 3954 2340 4007 seminat
2387 3954 2705 4024 quicumque
2744 3971 2948 4010 messor
2974 3965 3056 4010 cst
3081 3958 3223 4010 mali.
3253 3958 3459 4014 Bonum

1887 4045 2146 4098 seminat?
2176 4044 2406 4100 fructum
2444 4046 2510 4100 de
2540 4046 2679 4100 boao
2705 4049 2928 4116 accipiet
2956 4065 2970 4103 :
3004 4049 3072 4101 ita
3097 4057 3151 4101 et
3184 4052 3373 4105 messis
3400 4060 3459 4105 ut

1887 4146 2068 4186 semen
2099 4141 2198 4186 est.
2230 4133 2361 4198 Quia
2390 4133 2474 4200 qui
2515 4135 2724 4186 seminat
2758 4136 2808 4186 in
2837 4151 2986 4187 carne
3012 4153 3125 4199 sua,
3159 4139 3220 4191 de
3239 4155 3386 4192 carne
3409 4149 3459 4194 et

1890 4230 2030 4273 metet
2075 4223 2484 4286 corruptionem;
2524 4223 2612 4292 qui
2639 4233 2803 4276 autem
2839 4226 3047 4278 srmiuat
3078 4228 3130 4278 in
3151 4229 3358 4293 spiritu,
3393 4230 3456 4285 de

1887 4311 2068 4380 spiritu
2099 4323 2144 4364 et
2165 4322 2312 4364 metet
2334 4315 2485 4365 vitam
2512 4328 2770 4366 retentam.
2803 4313 3003 4369 θεοιιιίιξ
3031 4319 3116 4385 qui
3146 4318 3450 4375 .lu-tteornm

1887 4403 2218 4472 disciplinam
2249 4409 2618 4462 a~snmeudam
2662 4410 2760 4464 sibi
2789 4419 3123 4476 putaverunt,
3173 4422 3227 4467 ut
3269 4414 3452 4469 obser-

222 4500 429 4569 probat,
463 4497 541 4549 vel
568 4494 684 4548 aliis
706 4492 910 4564 probat,
945 4492 1011 4545 de
1048 4505 1105 4544 se
1127 4492 1240 4559 ipso
1270 4490 1426 4545 habet
1452 4491 1699 4561 gloriam,
1731 4497 1786 4544 et
1811 4493 1860 4552 D
1888 4507 2070 4548 Varent
2099 4496 2311 4549 SuhhaL'l
2335 4506 2388 4551 et
2417 4498 2869 4554 rirenmcisionem
2892 4505 3240 4573 suscipi-rent,
3270 4514 3323 4561 et
3350 4505 3450 4560 alia

224 4669 327 4714 tem
357 4657 664 4712 iucredih'le
693 4665 773 4710 est
809 4654 1132 4709 Victorinum
1173 4653 1358 4707 decem
1397 4654 1778 4722 propemodum

220 4739 481 4784 commata
507 4728 809 4793 inevplicata
843 4726 1145 4792 reliquisse;
1179 4740 1339 4792 quare
1363 4724 1538 4776 iulium
1567 4725 1778 4793 aliquod

221 4814 281 4853 ex
309 4809 525 4863 antiquo
551 4797 835 4862 exiuuplari
874 4795 1133 4849 esculisse
1174 4795 1422 4855 arbitror,
1467 4796 1602 4848 unde
1645 4796 1776 4848 vati-

221 4873 333 4924 cani
378 4866 637 4921 chartacei
682 4865 896 4917 (ii-rivali
948 4864 1181 4927 filerunt;
1216 4879 1370 4931 quam
1415 4863 1649 4916 lacunam
1694 4865 1774 4917 vel

220 4954 325 4992 non
348 4944 675 5005 agam/erunt
699 4935 776 4987 νει
802 4945 1063 5005 certorum
1088 4945 1564 5005 CQIIIIIteIIIOI'iII'IIIlI
1593 4948 1774 4988 recen-

219 5003 779 5062 tioresvatnauuenses.
810 5005 871 5056 Et
892 5004 1098 5070 quidem
1129 5003 1178 5054 itt
1210 5003 1363 5055 aliam
1390 5015 1508 5054 mox
1538 5004 1775 5058 lacunam

220 5078 372 5133 initio
396 5075 632 5144 epistola!
657 5073 721 5126 ad
745 5073 1107 5144 Philippenses
1132 5075 1476 5125 inrurremus.

319 5149 372 5217 1)
409 5142 589 5217 ynlg,
622 5159 706 5197 vos
737 5144 820 5217 qui
846 5142 1133 5217 spirituales
1157 5145 1290 5194 estis.

310 5211 366 5278 ‘2)
408 5211 664 5268 Prmrlara
685 5211 952 5266 enimvero
971 5212 1232 5272 doctrina,
1254 5211 1390 5276 quod
1415 5214 1464 5265 in
1487 5213 1774 5268 christiana

221 5282 510 5339 htmtilitate
529 5282 688 5338 cardo
710 5283 976 5350 religionis
993 5292 1042 5333 et
1063 5295 1267 5351 summa
1290 5292 1528 5334 versetur
1550 5284 1562 5334 l
1597 5283 1770 5351 Atque

222 5354 332 5408 hzec
359 5355 591 5408 doctrina
613 5352 900 5405 mirabit-or
920 5351 969 5402 in
1001 5350 1211 5403 homine
1231 5362 1331 5410 est,
1361 5352 1450 5420 qui
1482 5351 1640 5405 tantis
1669 5350 1770 5405 lio-

220 5426 438 5479 n0ribns
455 5424 791 5485 inetur-uerat,
812 5420 1154 5488 ethnicnsque
1171 5421 1235 5473 ad
1257 5431 1583 5475 senectutem
1604 5436 1769 5489 usque

219 5495 440 5548 vixerat.
459 5494 915 5546 Consonatautem
964 5489 1309 5560 Hieronymus
1329 5496 1482 5560 epist.
1510 5489 1628 5546 108.
1651 5491 1718 5546 15
1752 5506 1767 5544 :

223 5565 381 5632 prima
403 5562 801 5632 Christianorum
829 5561 982 5614 virtus
1005 5547 1278 5613 humilitas.
1364 5547 1378 5560 ’
1579 5596 1582 5599 -

284 5635 361 5704 (ὅ)
398 5631 567 5704 (Eadd.
595 5647 725 5682 eum.

284 5699 362 5775 (ὃ)
402 5701 568 5770 Siqui
592 5713 690 5769 pro
708 5699 750 5753 si
768 5700 892 5765 quis.

488 5791 760 5854 Panos.
806 5789 968 5853 VIII.

1888 4585 2188 4653 hujusmodi
2217 4590 2503 4643 carnaliter
2522 4590 2750 4644 scientes
2773 4601 3010 4661 agerent,
3033 4610 3180 4660 spem
3215 4596 3262 4647 iu
3290 4610 3452 4651 carne

1885 4676 2140 4733 haberent
2165 4687 2218 4733 et
2243 4679 2307 4732 de
2334 4694 2513 4734 carne.
2538 4683 2868 4750 Quicumque
2897 4699 3021 4752 ergo
3044 4685 3094 4737 in
3117 4701 3276 4739 carne
3302 4702 3450 4755 spem

1886 4768 2060 4831 habet,
2092 4777 2143 4820 et
2171 4768 2400 4822 seminat
2425 4783 2574 4838 spem
2620 4785 2769 4823 suam
2803 4772 2941 4825 eirea
2977 4787 3211 4840 carnem,
3243 4775 3454 4830 habebit

1881 4874 2108 4913 messem
2133 4859 2198 4912 de
2225 4875 2420 4924 carne;
2448 4875 2604 4928 quem
2643 4869 2818 4915 tamen
2863 4862 3089 4918 fructum
3147 4867 3448 4935 corruptio-

1882 4964 2022 5011 nem,
2056 4947 2243 5017 inquit.
2271 4948 2478 5002 Etenim
2501 4964 2626 5001 caro
2650 4955 3026 5020 eorrutupitur,
3044 4962 3099 5007 et
3125 4954 3210 5008 hic
3227 4967 3307 5009 est
3336 4956 3450 5025 ejus

1879 5039 2053 5091 exitus
2098 5045 2154 5089 ut
2181 5045 2569 5107 corrumpatur,
2622 5049 2908 5107 putrescat,
2960 5054 3160 5110 pereat,
3205 5047 3444 5099 intereat.

1879 5125 2067 5181 Omnia
2091 5141 2217 5194 ergo
2242 5125 2381 5180 enim
2412 5143 2528 5194 qua:
2551 5128 2616 5183 de
2641 5146 2799 5184 carne
2826 5140 2950 5185 sunt
2981 5141 3304 5201 putrescitnt,
3333 5153 3452 5188 cor-

1880 5220 2181 5286 ruptionem
2241 5219 2478 5273 habent:
2529 5236 2687 5275 nemo
2742 5224 2881 5276 enim
2935 5224 2999 5276 de
3047 5240 3205 5280 carne
3234 5241 3452 5294 Sperate

1877 5308 2066 5368 debet,
2103 5323 2201 5362 nec
2254 5310 2517 5364 seminare
2550 5311 2600 5364 in
2647 5327 2835 5375 carne,
2871 5312 2921 5365 id
2950 5322 3032 5367 est
3062 5330 3205 5384 spem
3253 5332 3453 5385 ponere

1874 5401 1927 5456 in
1962 5399 2042 5472 (ὅ)
2069 5415 2247 5454 carne.
2282 5399 2409 5454 Nam
2433 5401 2475 5454 si
2507 5400 2577 5454 ibi
2601 5404 2839 5470 posuerit
2867 5419 3038 5472 Spem,
3067 5407 3279 5460 habebit
3306 5406 3451 5459 t‘ruc-

1946 5491 2024 5566 (1)
2068 5491 2218 5566 Vulg.
2261 5508 2274 5544 :
2323 5489 2661 5547 Communicet
2693 5503 2861 5548 autem
2901 5497 2945 5550 is
2983 5499 3069 5566 qui
3110 5499 3446 5552 catechizatur

1875 5562 2022 5615 verba
2044 5562 2088 5614 ei
2114 5563 2198 5629 qui
2224 5578 2295 5629 se,
2318 5572 2417 5615 etc.

1969 5631 2026 5699 Ξ)
2066 5629 2221 5699 Vulg.
2233 5670 2247 5694 ,
2274 5633 2530 5686 irridetur.

1949 5631 2344 5770 arar

2888 5795 2972 5864 38
