3950 6206
498 279 638 337 H95

1714 271 1906 327 MAR]!
1943 265 2284 325 VlCTORlNl
2319 269 2479 325 AFRI

3610 270 3733 327 “50

499 404 607 449 tum
647 390 713 446 de
757 403 934 443 carne.
966 385 1134 452 Quem
1183 385 1453 440 fructum?
1496 384 1771 439 interitum
1798 424 1814 451 ,
1846 398 2066 453 corrup-
2096 383 2142 439 Α
2169 383 2472 449 corrigitur,
2504 395 2624 436 cum
2669 383 2797 437 mihi
2830 391 3030 438 tantum
3063 384 3444 438 conscientiam
3477 382 3731 438 debeatis.

499 486 717 540 tionem.
749 481 845 535 llic
870 481 1009 535 enim
1033 479 1233 533 fructus
1265 488 1347 533 est
1368 477 1565 532 carnis.
1595 475 1739 545 Ergo
1766 477 1956 530 melius
1985 483 2068 528 est

502 594 650 649 spem
678 590 875 645 ponere
904 573 976 641 (t)
1011 574 1061 626 in
1090 571 1299 640 spiritu,
1332 579 1387 622 ut
1407 570 1671 639 possimus
1696 582 1843 637 spem
1872 567 2069 623 habere

506 670 572 724 de
600 668 787 737 spiritu
818 684 832 720 :
862 678 979 734 qum.
1022 677 1145 731 spes
1182 669 1264 715 est
1306 660 1373 715 de
1398 659 1618 728 spiritu,
1658 668 1713 712 et
1752 657 1838 726 qui
1868 658 2070 711 fructus

504 761 573 816 de
601 760 820 829 spiritu;
866 756 967 810 hoc
993 766 1073 809 est
1102 754 1366 808 seminare
1395 753 1445 805 in
1476 752 1696 820 spiritu,
1726 750 1777 805 id
1806 759 1888 804 est
1912 750 2066 803 vitam

504 863 784 910 aeternam.
815 849 1024 904 Etenim
1050 848 1162 901 lucc
1192 845 1295 899 vita
1324 852 1426 909 est,
1456 860 1559 897 non
1588 853 1786 897 :cterna
1812 842 1937 895 vita.
1970 840 2071 907 Qui

508 956 682 999 autem
728 943 779 994 in
833 939 1040 1009 spiritu,
1071 937 1157 992 hic
1196 935 1355 998 vivit.
1398 943 1451 988 et
1489 932 1779 989 secundum
1828 932 2069 1000 spiritum

509 1035 635 1104 agit,
680 1030 808 1085 nihil
857 1036 1107 1097 operatur
1144 1026 1455 1088 carnaliter,
1487 1024 1713 1079 seminat
1759 1022 1856 1077 sibi
1909 1024 2070 1076 vitam

510 1136 761 1181 aeternam
783 1163 797 1189 ,
826 1130 879 1176 et
903 1121 1017 1175 hare
1036 1120 1138 1175 erit
1167 1118 1357 1173 messis
1380 1118 1449 1181 ei,
1483 1126 1539 1169 ut
1560 1116 1682 1169 hinc
1709 1114 1963 1170 recedens
1984 1127 2073 1167 ac-

510 1218 671 1288 cipiat
698 1218 857 1269 vitam
886 1223 1157 1267 aeternam.

582 1307 739 1360 Vens.
780 1304 833 1359 9.
878 1332 945 1345 -
969 1302 1164 1356 Bonum
1185 1312 1351 1354 autent
1380 1300 1612 1369 facientes
1640 1313 1742 1350 non
1762 1294 2071 1363 deﬁciamus.

508 1396 701 1452 Parum
747 1405 827 1450 est
874 1394 1070 1449 bonum
1124 1392 1399 1456 iaciamus,
1442 1404 1613 1460 neque
1652 1388 1791 1442 enim
1821 1386 2075 1440 continuo

509 1489 753 1543 meritum
786 1495 1021 1540 nostrum
1048 1485 1158 1539 Deo
1189 1482 1461 1551 probabile
1487 1490 1589 1546 est,
1621 1480 1666 1534 si
1695 1480 1887 1535 bonum
1918 1477 2077 1531 facia-

514 1592 655 1641 mus,
709 1575 803 1629 sed
859 1575 904 1628 si
952 1575 1187 1642 facientes
1235 1588 1332 1624 non
1386 1571 1701 1638 deﬁciamus.
1734 1568 1880 1623 Multi
1930 1566 2074 1621 enim

510 1667 789 1736 incipiunt,
844 1665 995 1719 inulti
1042 1664 1191 1732 quasi
1238 1670 1619 1732 perseverant,
1664 1666 1847 1730 postea
1896 1666 2076 1713 tamen

507 1759 759 1814 desinunt
796 1756 879 1810 vel
914 1756 1111 1825 fatigati
1176 1754 1251 1809 vel
1305 1754 1507 1808 seducti
1554 1771 1567 1807 :

506 1868 610 1905 non
641 1850 950 1904 deﬁciamus
980 1848 1215 1918 quolibet
1254 1846 1433 1912 modo,
1475 1861 1542 1900 ne
1577 1844 1887 1899 deﬁcientes
1930 1841 2067 1911 quod

504 1939 763 2007 cmpimus
780 1938 1161 2005 relinquamus,
1182 1952 1300 1989 cum
1320 1937 1514 1990 bonum
1537 1934 1710 1989 facere
1729 1933 2067 2002 coeperimus.

508 2029 643 2083 Nam
673 2039 894 2097 tempore
935 2044 1025 2081 suo
1055 2038 1315 2092 metemus,
1358 2043 1457 2080 non
1488 2025 1794 2092 deﬁcientes.
1847 2020 2072 2077 Pulchre

507 2120 790 2188 adjectum.
849 2118 994 2172 Multi
1042 2119 1182 2172 enim
1216 2119 1267 2171 in
1298 2118 1397 2172 hoc
1443 2117 1566 2171 vitae
1596 2130 1792 2185 genere
1818 2113 1959 2184 quod
1991 2112 2069 2183 (2)
2100 2192 2103 2195 Α

508 2214 702 2266 bonum
732 2211 951 2272 dicitur,
985 2212 1027 2264 si
1067 2210 1260 2280 aliquid
1290 2210 1415 2265 mali
1453 2196 1749 2279 patiantur,
1790 2215 1978 2277 putant
2012 2219 2071 2261 se

506 2304 623 2358 sine
668 2318 824 2357 causa
854 2303 1023 2357 facere
1055 2318 1173 2355 cum
1202 2302 1399 2355 bonum
1444 2301 1656 2358 faciant.
1700 2310 1752 2353 et
1798 2296 2069 2366 defatigati

508 2395 768 2449 desistunt
809 2393 1003 2447 bonum
1048 2392 1241 2446 facere.
1294 2389 1431 2458 Quid
1480 2404 1606 2457 ergo
1632 2388 1908 2457 adiunxit?
1954 2386 2070 2440 Non

507 2483 847 2549 deficiamus,
901 2483 1021 2552 quia
1071 2483 1193 2536 licet
1239 2481 1397 2534 hodie
1427 2493 1529 2533 non
1557 2492 1951 2546 consequamur
1993 2476 2066 2544 (ὅ)

505 2575 733 2630 fructum
786 2576 920 2629 bene
968 2572 1225 2635 faciendi;
1267 2582 1489 2641 postea,
1538 2570 1742 2639 inquit,
1794 2577 2071 2630 metemus;

508 2667 560 2723 id
595 2678 674 2721 est
704 2680 933 2720 messem
984 2663 1297 2717 habebimus
1345 2661 1467 2715 boni
1518 2659 1641 2713 facti
1672 2659 1862 2724 nostri,
1894 2658 1937 2711 si
1965 2671 2071 2711 non

503 2756 853 2813 defecerimus
895 2756 944 2809 in
986 2755 1119 2808 bene
1164 2751 1426 2806 faciendo.

578 2848 741 2902 Vsus.
762 2848 844 2901 10.
870 2844 1090 2914 —-l'.'rgo
1115 2844 1235 2896 dum
1264 2853 1456 2907 tempus
1484 2842 1752 2906 habemus,
1788 2854 2068 2910 aperemur.

507 2943 785 2997 Maximam
813 2937 1178 2993 necessitatem
1198 2933 1421 2988 deditad
1440 2934 1571 2987 bene
1602 2931 1901 2987 faciendum
1929 2948 1943 2985 :
1974 2932 2073 2983 im-

506 3035 669 3088 minet
696 3040 923 3100 tempus,
954 3030 1057 3083 cito
1086 3028 1263 3080 finitur
1306 3026 1432 3089 vita,
1457 3024 1563 3092 jam
1599 3025 1714 3076 linis
1744 3032 1825 3077 est
1852 3021 2066 3076 mundo.

514 3126 672 3191 Dum,
690 3124 876 3193 inquit,
898 3132 1087 3188 tentpus
1105 3118 1339 3171 habemus
1358 3115 1442 3170 vel
1468 3116 1587 3167 vitae
1604 3122 1799 3167 nostra:
1816 3113 1899 3167 vel
1919 3113 2072 3167 istius

508 3218 628 3275 vita:
646 3214 928 3276 inmundo,
940 3226 1203 3279 aperemur
1215 3209 1416 3268 bonum.
1434 3215 1485 3259 et
1505 3205 1570 3258 ad
1584 3220 1751 3257 omnes
1768 3218 2071 3273 operentur,

510 3316 568 3361 ut
597 3305 740 3359 nulla
763 3304 829 3356 sit
846 3300 1084 3369 exceptio
1101 3309 1470 3365 personarum,
1502 3294 1645 3347 nulla
1658 3293 1758 3345 alia
1784 3293 1957 3355 actio;
1980 3290 2073 3345 sed

505 3396 688 3449 bonum
712 3404 993 3461 operemur,
1007 3397 1059 3442 et
1071 3387 1135 3440 ad
1154 3402 1318 3439 omnes
1335 3385 1530 3438 bonum
1547 3397 1849 3452 operemur.
1868 3382 2073 3435 Etenim

504 3486 550 3540 si
576 3484 804 3539 charitas
832 3478 1074 3539 mdiﬁcat.
1109 3491 1317 3530 omnem
1341 3484 1514 3528 autem
1554 3473 1821 3527 hominem
1852 3473 2072 3527 charum

514 3575 711 3629 habere
740 3572 1012 3633 debemus,
1045 3583 1202 3622 omne
1230 3566 1420 3619 bonum
1475 3564 1616 3634 quod
1656 3579 1959 3634 cperamur.
2005 3562 2071 3617 ad

511 3680 696 3720 omnes
726 3676 1025 3731 Operamur.
1072 3658 1290 3711 hlaxime
1308 3666 1476 3708 autem
1502 3656 1568 3707 ad
1598 3658 1899 3709 domesticos
1930 3654 2071 3721 ﬁdei.

510 3754 750 3819 Dixit,ad
768 3770 936 3806 omnes
966 3752 1148 3803 bonum
1179 3764 1440 3817 operemur
1466 3762 1483 3799 :
1505 3746 1625 3800 facit
1651 3755 1823 3799 tamen
1852 3746 2070 3813 gradum

516 3858 572 3901 ut
601 3847 791 3900 bonmn
819 3843 955 3913 quod
985 3856 1267 3911 open-amur
1290 3841 1352 3892 ad
1388 3852 1590 3903 omnes,
1618 3839 1846 3891 maxime
1875 3838 2071 3891 bonum

510 3952 791 4009 operemur
819 3934 883 3987 ad
910 3948 1002 3987 eos
1054 3933 1138 4001 qui
1171 3930 1443 3985 domestici
1476 3929 1594 3983 ﬁdei
1624 3938 1766 3993 sunt,
1798 3930 1846 3983 id
1874 3939 1952 3983 est
1982 3930 2070 3999 qui

516 4029 675 4083 ﬁdem
704 4028 755 4080 in
802 4024 1069 4079 Christum
1097 4032 1152 4078 et
1195 4025 1243 4077 in
1276 4023 1438 4075 Deum
1482 4029 1850 4091 sum-cperunt.
1887 4022 2070 4091 Magna

512 4119 854 4176 conclusione
877 4115 925 4169 id
954 4118 1003 4168 in
1031 4113 1358 4168 exhortando
1388 4113 1579 4179 posuit,
1608 4112 1749 4180 quod
1774 4112 1837 4163 ad
1861 4112 2071 4166 Galatas

516 4210 741 4265 maxime
770 4206 1104 4276 pertinebat:
1157 4204 1353 4257 etenim
1400 4202 1475 4255 illi
1519 4200 1863 4270 adjungentes
1910 4202 2069 4255 etiam

513 4300 751 4367 qtnndam
779 4298 841 4351 dc
865 4295 1149 4364 judaismo,
1179 4307 1284 4346 non
1307 4308 1368 4346 ex
1385 4291 1486 4345 ﬁde
1506 4291 1752 4360 agebant,
1776 4290 1869 4345 sed
1898 4292 2069 4360 quasi,

514 4404 576 4443 ex
606 4387 854 4455 operibus
876 4383 1159 4438 credebant
1185 4391 1236 4435 et
1259 4397 1323 4435 ex
1355 4382 1725 4434 nhserwitione
1757 4382 1955 4435 carnali
1983 4382 2071 4434 Ita-

2245 472 2402 529 Vens.
2460 473 2545 528 η.
2578 502 2649 513 -
2696 474 3004 539 Quicumque
3041 475 3215 527 volunt
3258 474 3458 542 placere
3496 475 3552 527 in
3593 490 3737 527 carne

2166 565 2203 618 ii
2260 564 2567 634 compellunt
2608 580 2692 617 vos
2744 565 3054 617 circumcidi.
3126 564 3325 633 Aperte
3381 565 3556 631 ipsum
3612 563 3736 617 illud

2169 656 2307 725 quod
2362 656 2615 726 arguebat
2682 655 2734 709 in
2789 655 2992 711 Calatis
3054 656 3196 725 quod
3251 656 3543 709 transirent
3591 669 3739 709 man-

2169 744 2350 799 datum
2382 746 2665 815 evangelii,
2716 760 2810 815 per
2839 745 3071 813 speciem
3108 745 3335 799 collocat
3361 744 3501 815 quod
3541 758 3603 799 se
3639 747 3736 798 cir-

2169 838 2473 892 cumcidere
2515 838 2815 892 voluerunt.
2872 837 3106 902 Omnes,
3161 839 3358 907 inquit,
3410 838 3501 908 qui
3556 839 3739 893 volunt

2172 928 2381 997 placere
2405 928 2455 982 in
2494 944 2675 993 carne,
2704 929 2737 982 ii
2779 929 2931 983 vobis
2962 928 3278 998 persuadent
3310 940 3364 982 ut
3393 930 3739 984 circumcida-

2171 1018 2319 1079 mini.
2354 1020 2492 1087 quod
2522 1028 2723 1072 tantum
2754 1028 2836 1073 est
2865 1019 2918 1072 in
2950 1020 3064 1087 ipso
3092 1020 3206 1073 solo
3229 1034 3389 1086 opere
3421 1028 3477 1073 ut
3510 1019 3739 1073 circum-

2172 1108 2445 1175 cidamini,
2484 1124 2589 1163 non
2628 1110 2680 1163 in
2710 1109 2907 1163 auxilio
2940 1111 3115 1179 aliquo
3152 1109 3215 1162 ad
3248 1110 3492 1163 salutem.
3522 1108 3739 1164 Tantum

2172 1208 2229 1253 ut
2258 1200 2423 1253 crucis
2454 1200 2641 1255 Christi
2692 1201 3082 1269 persecutionem
3112 1217 3211 1253 non
3256 1200 3529 1268 patiantur.
3573 1201 3739 1254 Esti-

2174 1298 2398 1355 mantes,
2437 1290 2625 1360 inquit,
2658 1305 2841 1359 poenas
2869 1305 2928 1345 se
2969 1306 3072 1345 non
3101 1292 3336 1357 daturos,
3366 1291 3506 1358 quod
3543 1293 3594 1345 in
3623 1306 3741 1345 cru-

2174 1394 2289 1434 cem
2316 1380 2586 1435 Cbristum
2627 1382 2958 1435 sustulerunt
3006 1390 3060 1434 ct
3109 1383 3371 1450 persecuti
3401 1392 3545 1445 sunt,
3591 1383 3635 1435 si
3675 1383 3739 1435 ad

2176 1473 2526 1539 evangelium.
2570 1472 2620 1527 id
2649 1483 2731 1528 est
2760 1474 2825 1526 ad
2849 1472 3248 1528 confessionem
3296 1474 3363 1528 de
3388 1472 3622 1540 Christo,
3651 1474 3740 1529 ad-

2174 1560 2401 1631 jungatis
2450 1563 2533 1617 vel
2578 1564 2675 1631 ipsi
2725 1564 3015 1633 adjungant
3059 1564 3216 1618 etiam
3262 1565 3738 1619 circumcisionem.

2178 1650 2283 1706 Sed
2309 1660 2364 1707 et
2409 1653 2463 1706 in
2511 1668 2578 1707 eo
2625 1665 2862 1722 peccant,
2896 1666 2950 1708 ut
2995 1669 3115 1708 cum
3143 1670 3266 1725 spes
3295 1665 3403 1708 tota
3431 1655 3499 1709 de
3532 1655 3741 1711 Christo

1628 1753 1817 1807 merito
1872 1748 2076 1804 monuit
2106 1736 2151 1795 Β
2178 1740 2245 1793 Sil
2268 1750 2321 1795 et
2347 1740 2415 1795 de
2442 1742 2557 1811 ejus
2579 1743 2744 1811 magis
2766 1759 2945 1809 cruce,
2972 1754 3213 1813 putemus
3243 1748 3400 1799 etiam
3425 1746 3492 1800 de
3520 1745 3741 1800 circum-

2176 1829 2399 1897 cisione,
2427 1830 2509 1886 vel
2542 1841 2727 1900 putent
2753 1832 2863 1899 illi;
2894 1844 2948 1887 et
2982 1833 3183 1889 idcirco
3221 1835 3574 1902 persuadeant
3597 1836 3741 1905 quasi

2178 1937 2280 1976 non
2312 1924 2417 1991 pati
2441 1925 2667 1979 habeant
2689 1928 3109 1995 persecutionem
3142 1931 3315 1983 crucis
3344 1928 3560 1993 Christi,
3591 1930 3641 1984 id
3662 1937 3742 1985 est

2171 2011 2310 2082 quod
2339 2012 2610 2069 Christum
2641 2017 2693 2071 in
2718 2033 2928 2073 crucem
2959 2020 3309 2073 sustulerunt.

2241 2102 2402 2159 Vsus.
2439 2107 2522 2159 15.
2555 2135 2620 2149 ν-
2653 2106 2830 2171 Neque
2854 2111 2987 2162 enim
3016 2112 3103 2178 qui
3116 2111 3536 2163 circumcisisunt
3566 2111 3641 2182 (ι)
3674 2112 3740 2167 le-

2170 2210 2281 2265 gem
2306 2196 2613 2249 custodiunt.
2631 2197 2689 2251 In
2713 2196 2922 2251 Christo
2952 2201 3092 2253 enim
3117 2214 3289 2269 neque
3307 2202 3625 2269 praeputium
3655 2218 3739 2257 ne.

2170 2300 2273 2353 que
2302 2287 2638 2340 circumcisio
2665 2288 2823 2342 valet.
2851 2289 3016 2355 Quam
3052 2290 3210 2358 igitur
3242 2291 3412 2360 legem
3443 2291 3618 2345 dixit?
3648 2293 3737 2349 Vel

2172 2378 2314 2432 illam
2337 2395 2454 2447 qua:
2477 2381 2781 2448 spiritaliter
2800 2382 3139 2452 intelligenda
3163 2394 3267 2449 est,
3303 2387 3383 2440 vel
3410 2386 3567 2439 istam
3590 2402 3733 2455 quam

2170 2467 2414 2525 Christus
2426 2471 2590 2538 dedit,
2621 2487 2735 2541 qua:
2752 2474 2866 2528 sine
2888 2474 3051 2527 dubio
3070 2478 3390 2545 etspiritalis
3411 2488 3495 2532 est
3517 2490 3569 2533 et
3590 2480 3735 2547 spiri-

2172 2560 2293 2613 talia
2321 2560 2477 2614 docet
2493 2573 2545 2615 et
2561 2564 2865 2628 spiritaliter
2884 2568 3084 2633 agenda
3104 2569 3319 2622 est.Sed
3347 2572 3521 2622 volunt
3541 2587 3626 2625 vos
3646 2573 3735 2623 cir-

2170 2650 2407 2715 cumcidi,
2425 2661 2477 2703 ut
2493 2652 2542 2704 iu
2564 2662 2726 2707 vestra
2744 2670 2894 2706 carne
2904 2657 3199 2724 glorientur.
3234 2658 3482 2713 Ostendit
3499 2662 3733 2716 astutiam

2173 2755 2374 2801 eorum,
2400 2742 2487 2809 qni
2508 2743 2834 2810 persuadent
2855 2745 3200 2800 utvideantnr
3220 2748 3372 2802 vobis
3389 2751 3731 2816 persuasisse,

2175 2844 2228 2886 ut
2257 2836 2310 2887 in
2337 2845 2500 2889 vestra
2524 2852 2677 2890 carne
2704 2838 3006 2906 glorientur,
3035 2854 3155 2894 cum
3184 2850 3360 2895 tamen
3405 2842 3540 2895 nihil
3581 2844 3737 2912 prosit

2174 2924 2543 2990 circumcisio;
2573 2928 2665 2981 sed
2695 2927 2808 2981 sola
2830 2928 2933 2981 illis
2952 2928 3115 2997 gloria
3134 2932 3410 3000 quzeritur,
3429 2934 3550 2985 utin
3570 2944 3735 2987 vestra

2172 3032 2331 3071 carne
2358 3017 2493 3071 facta
2517 3018 2597 3088 (2)
2651 3033 2708 3073 se
2736 3022 3001 3074 aestiment
3034 3022 3279 3076 obtinere
3316 3024 3458 3092 quod
3498 3026 3613 3077 sine
3642 3024 3734 3078 hac

2097 3092 2142 3155 C
2174 3121 2295 3175 spes
2327 3107 2464 3161 nulla
2494 3110 2592 3173 sit;
2627 3118 2679 3162 ut
2715 3111 2823 3177 jam
2872 3112 3063 3165 vicisse
3107 3111 3404 3175 videantur.
3439 3128 3507 3166 ne
3536 3114 3602 3167 de
3628 3114 3735 3168 solo

2174 3197 2387 3251 Christo
2415 3213 2537 3268 spes
2563 3200 2652 3264 sit,
2680 3200 2779 3253 nisi
2803 3200 3047 3268 adjuncta
3088 3202 3246 3255 etiam
3274 3203 3505 3269 judaica:
3533 3204 3660 3272 legis
3682 3204 3735 3258 in

2175 3286 2577 3342 circumcisione
2606 3288 2763 3342 fuerit
2789 3289 3089 3356 disciplina.

2247 3375 2409 3431 Vsus.
2444 3378 2529 3431 M.
2551 3407 2622 3417 —
2660 3377 2791 3431 Mihi
2810 3390 2976 3431 autem
3001 3379 3128 3432 absit
3145 3380 3358 3449 gloriari
3398 3383 3451 3435 in
3476 3383 3733 3455 nullo(5).

2175 3471 2312 3525 Ante
2338 3470 2559 3539 gloriam
2592 3472 2799 3525 illorum
2835 3472 3217 3540 reprehendit:
3256 3488 3485 3543 namque
3528 3476 3736 3529 illorum

2174 3562 2339 3629 gloria
2369 3570 2450 3615 est
2487 3560 2537 3615 in
2570 3576 2728 3616 carne
2755 3561 2969 3631 gloriari
3002 3580 3015 3615 :
3058 3572 3115 3614 at
3144 3577 3268 3631 ego,
3301 3563 3491 3631 inquit,
3516 3565 3570 3619 in
3596 3566 3738 3620 nullo

2174 3650 2374 3718 glorior
2400 3665 2569 3717 neque
2599 3650 2650 3703 in
2677 3665 2858 3713 carne,
2894 3665 3063 3718 neque
3106 3651 3156 3703 in
3199 3650 3439 3718 homine,
3472 3668 3639 3721 neque
3676 3654 3737 3708 in

2175 3742 2351 3810 aliquo
2378 3741 2585 3804 horum,
2621 3757 2790 3810 neque
2820 3744 2869 3794 in
2917 3757 3001 3795 me
3040 3743 3173 3810 ipso.
3208 3743 3275 3798 Et
3309 3744 3419 3812 jam
3447 3746 3640 3799 dictum
3681 3755 3739 3800 et

2174 3848 2315 3903 s:rpe
2358 3833 2706 3898 admonitum,
2749 3843 2807 3887 ut
2856 3836 3029 3888 omnis
3083 3837 3171 3901 qui
3214 3836 3492 3905 gloriatur,
3544 3839 3595 3892 in
3629 3840 3737 3895 Deo

2172 3928 2459 3995 glorietur,
2513 3926 2580 3980 de
2602 3940 2707 3995 quo
2752 3942 2908 3995 supra
2951 3928 3316 3983 tractavimus.
3358 3929 3481 3983 Nisi
3515 3931 3567 3983 in
3593 3947 3739 3986 cruce

2173 4016 2376 4069 Domini
2396 4020 2550 4070 nostri
2576 4018 2695 4071 Jesu
2719 4018 2926 4071 Christi.
2948 4018 2999 4071 Id
3019 4028 3101 4072 est
3121 4028 3175 4072 ut
3199 4020 3268 4073 ibi
3296 4035 3420 4090 spes
3442 4030 3550 4076 tota
3574 4037 3737 4092 patia-

2176 4117 2278 4170 tur,
2314 4116 2365 4158 et
2397 4105 2514 4159 inde
2541 4108 2609 4158 sit
2632 4108 2795 4173 gloria
2821 4116 2873 4160 et
2900 4107 3150 4176 gaudium
3182 4125 3197 4161 :
3237 4111 3376 4179 quod
3407 4112 3478 4164 ibi
3500 4114 3554 4165 in
3581 4126 3738 4169 cruce

2177 4198 2379 4252 Domiti
2411 4199 2575 4251 nostri
2602 4198 2728 4252 Jesu
2755 4198 2951 4253 Christi
2976 4199 3120 4253 salus
3146 4211 3324 4255 nostra
3342 4213 3423 4255 est
3445 4212 3501 4256 et
3528 4206 3738 4259 aeterni-

2176 4296 2254 4341 tas
2283 4289 2521 4357 qumsita.
2556 4287 2653 4341 Per
2684 4304 2832 4357 quem
2869 4289 2991 4340 mihi
3020 4290 3237 4343 mundus
3262 4291 3536 4358 cruciﬁxus
3570 4302 3663 4355 est,
3693 4302 3737 4347 et

2174 4394 2263 4448 ego
2286 4379 2491 4432 mundo.
2509 4378 2621 4448 ipsa
2645 4388 2725 4433 est
2746 4379 2933 4449 gloria,
2958 4393 3087 4432 crux
3106 4380 3310 4434 scilicet
3335 4381 3546 4435 Domini
3572 4384 3736 4437 nostri

517 4478 719 4529 hituros
741 4491 797 4527 se
824 4473 1073 4537 fructum,
1100 4471 1297 4525 idcirco
1323 4470 1582 4539 adjunxit,
1616 4471 1846 4523 maxime
1872 4471 2070 4525 bonum
2098 4455 2152 4515 Ῑ)
2175 4468 2298 4522 Jesu
2343 4468 2558 4531 Christi,
2607 4468 2729 4537 quia
2776 4469 2857 4537 (4)
2889 4469 3140 4537 mysterio
3188 4470 3302 4534 illo,
3349 4471 3475 4524 dum
3520 4476 3734 4527 carnem

513 4581 792 4635 cperemur
819 4565 881 4617 ad
926 4563 1245 4615 domesticos
1276 4561 1419 4625 ﬁdei,
1450 4561 1588 4630 quod
1612 4561 1777 4615 solam
1831 4562 1984 4616 ﬁdem
2020 4563 2071 4617 in

512 4655 839 4723 evangelium
866 4661 1227 4718 susceperunt,
1264 4652 1312 4703 id
1336 4660 1417 4705 est
1438 4651 1486 4702 in
1512 4651 1781 4704 Christum
1808 4658 1859 4704 et
1889 4651 2073 4705 Deum.

589 4743 745 4797 Vsus.
796 4743 879 4794 ll.
929 4769 998 4781 —-
1029 4740 1155 4793 Ecce
1179 4740 1376 4807 quantis
1407 4738 1483 4809 (4)
1512 4738 1690 4792 litteris
1727 4740 1906 4807 scripsi
1944 4741 2079 4794 vobis

518 4852 627 4889 mea
652 4836 839 4888 manu!
870 4834 936 4889 Ut
967 4835 1275 4887 estenderet
1302 4832 1736 4891 familiaritatem.
1770 4844 1825 4886 et
1865 4847 1931 4886 ne
1974 4848 2070 4900 pu-

519 4926 632 4981 dori
662 4926 765 4979 illis
802 4925 871 4978 sit
914 4923 1051 4993 quod
1092 4923 1178 4975 alii
1223 4923 1396 4976 sciunt
1444 4922 1563 4974 illos
1601 4922 1682 4974 vel
1716 4936 1957 4989 peccare,
1990 4922 2073 4977 vel

517 5017 728 5085 corrigi.
749 5031 903 5069 manu
923 5030 1059 5078 mea,
1077 5013 1264 5083 inquit,
1283 5011 1471 5079 scripsi
1484 5011 1652 5074 vobis,
1675 5020 1801 5064 etex
1817 5013 2075 5068 charitate

515 5108 719 5175 signum
733 5104 893 5159 dedit.
912 5104 977 5158 Et
992 5103 1139 5158 vobis
1158 5101 1323 5156 facilis
1340 5111 1419 5155 est
1433 5102 1651 5155 mutatio
1666 5100 1786 5155 vita:
1806 5114 1923 5154 cum
1941 5116 1966 5154 a
1992 5116 2077 5157 me

607 5238 658 5300 Ι)
696 5236 860 5290 Codd.
893 5237 1089 5292 habere.

607 5238 658 5300 Ι)
696 5238 860 5290 Codd.
893 5238 1026 5291 habet

582 5238 657 5377 :2)
698 5308 861 5361 Codd.
895 5324 1026 5359 cum.

584 5381 661 5448 (ὅ)
698 5377 880 5448 Codd.
896 5378 1227 5448 consequitur.

587 5443 661 5516 (ὁ)
699 5447 954 5501 Notabilis
981 5443 1134 5502 lectio
1159 5446 1355 5516 quantis
1381 5461 1475 5513 pro
1491 5446 1739 5516 qualibus:
1764 5444 1829 5498 Et
1850 5443 2061 5516 quidem

512 5511 761 5585 legendus
791 5527 870 5569 est
892 5516 990 5570 hoc
1005 5516 1127 5585 loco
1152 5511 1521 5585 Hieronymus,
1540 5516 1631 5585 qui
1652 5529 1679 5567 a
1691 5511 2060 5585 Cbrysostomi

514 5582 941 5654 interpretatione
982 5584 1247 5640 dissentit.
1285 5582 1433 5656 Vulg.
1470 5584 1649 5649 habet,
1688 5582 1857 5638 Videte
1895 5585 2058 5653 quali-

504 5655 590 5707 bus
619 5655 813 5707 litteris.

536 5669 590 5710 us
619 5655 813 5710 litteris.

2174 4560 2641 4627 suspenditcruci.
2696 4569 2749 4613 et
2791 4560 2840 4611 iu
2896 4574 2955 4613 ea
3012 4562 3301 4626 potentiam
3352 4561 3509 4629 hujus
3556 4562 3736 4618 mundi

2175 4651 2538 4720 triumphavit,
2567 4653 2740 4705 omnis
2770 4650 2992 4704 ninndus
3026 4665 3119 4718 per
3142 4651 3288 4704 illum
3316 4652 3611 4707 cruciﬁxus
3632 4663 3732 4709 est.

2176 4740 2278 4795 Sed
2312 4744 2557 4811 quoniam
2601 4740 2914 4795 catholicum
2961 4740 3051 4794 ille
3077 4754 3268 4808 corpus
3294 4741 3362 4793 ad
3386 4757 3601 4798 omnem
3643 4745 3735 4799 bo-

2176 4832 2370 4885 niinem
2431 4832 2628 4894 halmit,
2678 4844 2834 4883 omne
2885 4828 3023 4897 quod
3066 4844 3249 4895 passus
3287 4840 3370 4884 est
3411 4834 3733 4889 catholicum

2175 4925 2332 4992 fecit;
2363 4926 2414 4981 id
2440 4934 2519 4979 est
2541 4935 2597 4979 ut
2624 4926 2797 4978 omnis
2825 4939 2950 4977 caro
2977 4924 3026 4976 in
3058 4923 3150 4977 illo
3174 4925 3428 4978 cruciﬁxa
3464 4926 3557 4981 sit.
3596 4928 3734 5000 Ergo

2174 5026 2226 5069 et
2251 5031 2348 5084 ego
2374 5014 2655 5068 crucilixus
2684 5027 2822 5076 sum,
2853 5022 2905 5067 et
2928 5012 3123 5066 mundo
3146 5012 3282 5066 ﬁxus
3308 5027 3447 5068 sum.
3492 5015 3629 5086 Ego,
3654 5016 3733 5073 in-

2175 5105 2305 5174 quit,
2336 5104 2563 5158 carnalis
2590 5103 2677 5156 ille
2709 5112 2762 5156 et
2792 5102 2857 5157 de
2884 5117 3044 5156 carne
3071 5103 3161 5170 qui
3190 5104 3505 5171 sentiebam,
3536 5108 3732 5164 mundo

2175 5194 2310 5247 llxus
2351 5207 2499 5257 sum,
2547 5192 2597 5245 id
2626 5202 2708 5246 est
2746 5206 2864 5246 cum
2905 5192 3105 5246 mundo
3144 5190 3361 5246 affectus
3400 5193 3467 5247 ad
3498 5208 3727 5263 pennam.

2222 5282 2383 5337 Vens.
2404 5282 2484 5336 15.
2530 5312 2599 5321 -
2622 5280 2685 5334 1η
2712 5279 2910 5335 Christo
2940 5282 3069 5334 enim
3093 5278 3217 5334 Iesu
3245 5297 3403 5350 neque
3416 5284 3729 5339 circumcisio

2239 5372 2319 5439 (Ι)
2363 5370 2512 5439 Vulg.
2546 5387 2559 5424 :
2591 5371 2677 5439 qui
2696 5369 3141 5423 circumciduntur.

2238 5438 2326 5523 (2).
2372 5438 2675 5523 lta’codd.;
2716 5438 3025 5509 intelligitur
3067 5448 3242 5495 autem
3289 5440 3371 5497 vel
3412 5444 3725 5499 circumcisio

2168 5510 2244 5565 vel
2298 5510 2453 5564 toria.

2236 5528 2312 5649 (ὦ
2354 5580 2406 5649 In
2436 5578 2578 5649 vulg.
2602 5577 2755 5633 deest
2776 5579 2829 5632 in
2858 5578 3019 5633 nullo.

2231 5647 2314 5719 (ι)
2350 5647 2515 5705 Codd.
2544 5649 2649 5715 qui.
