3950 6206
220 289 351 345 H91

979 290 1046 347 IN
1083 289 1461 348 EPISTOLMI
1504 286 1703 345 PAULI
1742 284 1834 341 AD
1872 282 2349 355 I’HlLiPPENSES
2386 298 2604 355 LIBER.

3318 306 3456 366 1198

216 402 410 470 aliquid
451 413 524 458 est
566 406 648 478 (Ι)
685 421 841 477 neque
871 408 1208 475 prreputium,
1252 406 1339 459 sed
1366 422 1495 461 nova
1531 416 1783 463 creatura.
1813 396 1863 457 Α
1890 408 1967 465 De
1991 423 2165 467 cratera
2190 430 2333 468 nemo
2358 415 2480 467 mihi
2500 416 2753 469 molestias
2782 425 2981 486 priestet
3004 416 3103 484 (1).
3134 416 3189 472 Id
3209 425 3288 471 est
3318 418 3453 472 ultra

219 491 371 558 Quod
402 510 560 564 supra
591 498 860 565 tetigimus
888 516 901 554 :
928 512 1241 567 quamquam
1270 499 1463 567 ultique
1486 500 1582 554 iste
1602 514 1789 555 sensus

219 584 313 649 sit,
344 595 523 640 monet
567 587 693 654 quid
725 588 896 655 egerit
925 588 1256 660 mysterium,
1306 588 1443 659 quod
1487 589 1537 642 in
1577 588 1791 644 Christo

222 673 349 729 Jesu
375 676 515 730 nulla
546 692 773 745 persona
803 678 888 742 sit,
917 678 1059 733 nulla
1088 679 1337 733 discretio
1364 698 1376 733 :
1409 661 1595 734 omnes
1618 696 1793 750 arqua-

223 765 367 827 liter,
400 766 484 833 qui
514 766 784 822 Christum
818 779 1132 839 sequuntur,
1176 779 1427 823 :eteruam
1467 772 1628 825 vitam
1676 787 1791 826 me-

225 867 447 911 rentur:
498 874 601 911 non
644 861 784 914 enim
812 861 931 929 quia
968 860 1323 920 circumcisio.
1356 862 1555 916 idcirco
1596 861 1792 931 aliquid

226 958 311 1002 est
340 950 389 1001 in
414 948 623 1004 Christo
648 968 662 1004 :
691 967 860 1021 neque
890 953 1011 1021 quia
1044 952 1357 1021 prarpntium
1389 960 1470 1006 est
1490 992 1505 1018 ,
1541 952 1662 1006 ideo
1700 954 1795 1005 ali-

226 1045 355 1114 quid
385 1047 542 1100 estin
567 1045 817 1101 Christo:
850 1045 939 1101 sed
972 1046 1021 1099 in
1059 1046 1294 1113 quolibet
1317 1045 1525 1110 horum,
1549 1046 1793 1117 quicum-

226 1151 334 1203 que
362 1136 452 1201 sit,
499 1136 541 1191 si
590 1137 749 1191 modo
792 1146 1098 1191 renascatur
1124 1147 1179 1193 et
1224 1138 1475 1209 mysterio
1505 1153 1672 1192 novus
1709 1138 1799 1191 liat

228 1226 414 1293 homo,
445 1230 691 1284 valebunt
711 1244 896 1285 omnes
916 1230 968 1285 in
992 1228 1223 1284 Christo.

303 1342 464 1397 Vens.
495 1343 578 1397 16,
628 1372 699 1383 --
724 1342 791 1396 Et
819 1344 1117 1414 quicumque
1148 1344 1277 1398 hanc
1300 1343 1525 1414 regulam
1559 1352 1796 1408 sectatur,

228 1447 335 1502 pas:
361 1448 511 1502 super
537 1434 672 1499 illos,
704 1444 747 1489 et
782 1452 933 1505 super
969 1434 1135 1489 Israel
1175 1434 1378 1489 Domini
1402 1434 1499 1505 (2).
1529 1433 1802 1489 Conclusit

231 1531 291 1577 ut
322 1523 433 1577 hate
475 1510 587 1577 sola
631 1524 701 1579 sit
752 1526 954 1595 regula,
1004 1527 1054 1579 in
1101 1524 1318 1580 Christo
1347 1541 1584 1595 sperare,
1626 1540 1801 1596 neque

233 1613 544 1669 discernere
564 1614 758 1670 Christi
786 1618 1034 1671 virtutem
1060 1618 1319 1686 praeputio
1332 1633 1358 1669 a
1376 1616 1799 1681 circumcisione,

237 1705 333 1760 sed
361 1721 493 1760 nova
521 1716 785 1772 creatura,
818 1723 1165 1777 quaecumque
1194 1708 1385 1772 fuerit;
1414 1724 1510 1778 per
1532 1708 1797 1764 Chrismm

1894 518 2048 558 nemo
2060 506 2288 574 peceatis
2300 504 2576 559 suisl‘aeiat
2594 508 2925 572 meanxinm,
2946 507 3167 569 tristem,
3184 507 3457 563 molestias

1893 594 2173 649 sustinere.
2209 593 2281 647 ita
2314 596 2456 649 enim
2496 596 2546 647 in
2580 595 2836 665 principio
2876 596 3104 650 diximus
3148 596 3287 663 quod
3326 612 3455 667 pec-

1892 697 2044 737 casse
2074 699 2214 753 aegre
2246 684 2423 739 tulerit
2452 694 2504 738 et
2530 684 2763 740 doluerit
2803 686 2979 740 Mouet
3003 687 3159 755 igitur
3179 688 3227 739 in
3252 698 3455 755 postre-

1896 790 1978 827 tna
2004 774 2240 845 epistola,
2274 786 2329 829 ut
2357 777 2389 830 ii
2413 792 2515 828 non
2541 777 2604 829 ad
2626 785 2836 845 peccata
2854 778 3029 847 aliqua
3054 788 3451 845 convertantur,

1896 883 1962 921 ne
2014 867 2281 922 molestias
2333 876 2600 937 prmstcnt.
2654 868 2762 939 Ego
2800 871 2931 923 enim
2968 871 3199 940 stigmata
3254 872 3458 925 Domini

1896 961 2054 1013 nostri
2079 958 2201 1013 Iesu
2220 960 2407 1014 Christi
2429 962 2479 1013 in
2506 976 2714 1029 corpore
2739 978 2843 1014 meo
2872 972 3033 1032 porto.
3055 961 3108 1015 id
3132 972 3215 1017 est
3243 977 3455 1018 omnem

1900 1049 2220 1115 passittttem,
2277 1060 2328 1105 et
2365 1050 2452 1102 illa
2500 1066 2617 1118 quse
2668 1050 2721 1105 in
2767 1067 2923 1105 cruce
2971 1053 3230 1116 toleravit,
3291 1054 3458 1107 clavis

1901 1140 2197 1209 ligentihus,
2242 1155 2434 1210 corpus
2464 1141 2543 1196 vel
2586 1141 2803 1195 vulnere
2842 1142 3036 1196 lancea:
3066 1158 3162 1212 per
3202 1143 3360 1206 latus,
3406 1154 3461 1198 et

1899 1242 2108 1297 c.~rtera,
2139 1232 2325 1301 inquit,
2357 1234 2596 1302 stigmata
2621 1232 2740 1287 Jcsu
2768 1231 2967 1286 Christi
2992 1232 3198 1286 Domini
3222 1233 3386 1286 nostri
3408 1233 3464 1287 in

1899 1338 2123 1394 eorpore
2152 1339 2271 1379 meo
2302 1335 2488 1394 porto:
2520 1324 2569 1378 id
2593 1337 2672 1379 est
2702 1335 2754 1378 et
2782 1340 2878 1395 ego
2920 1340 3102 1394 passus
3141 1340 3280 1391 sum,
3320 1335 3374 1381 et
3408 1327 3463 1382 in

1902 1414 2153 1483 mysterio
2168 1416 2445 1468 conservio
2468 1412 2700 1477 Christo,
2719 1416 3025 1483 mysterium
3047 1416 3241 1469 Christi
3263 1417 3431 1481 patior
3446 1435 3464 1471 :

1905 1501 2042 1555 unde
2068 1513 2119 1555 et
2149 1517 2241 1555 vos
2272 1502 2490 1558 adversa
2520 1502 2704 1569 multa,
2730 1504 2929 1570 omnia,
2965 1504 3195 1558 tolerare
3219 1504 3461 1559 debetis:

1904 1594 2151 1664 quoniam
2191 1609 2310 1650 cum
2341 1593 2551 1649 Christo
2580 1596 2701 1659 erit,
2734 1594 2823 1665 qui
2854 1609 2972 1648 cum
3004 1593 3211 1649 Christo
3247 1595 3466 1663 patitur,

1905 1694 1956 1738 et
1985 1700 2046 1739 ea
2078 1702 2193 1754 qua:
2222 1684 2465 1741 Christus
2489 1701 2675 1756 passus
2702 1697 2803 1751 εει,
2836 1696 2888 1739 ct
2917 1685 3028 1754 ipse
3071 1696 3188 1739 actu
3234 1702 3331 1740 suo
3359 1686 3460 1740 ad—

236 1806 294 1852 ct
321 1798 372 1851 in
421 1799 632 1855 Christo
675 1770 979 1871 plena-spes
1008 1810 1063 1856 et
1080 1770 1280 1856 salutis
1307 1812 1360 1858 et
1384 1770 1704 1858 aeternitatis
1750 1811 1805 1857 et
1832 1770 1879 1829 Β
1906 1777 2584 1871 Ῠῗτδίδηιί¹ξιξῖ³ί¹νθτδξ¹τίί³
2605 1777 2827 1848 meper“
2864 1777 3004 1844 pali:
3038 1792 3103 1830 ex
3132 1786 3464 1871 “"91"?”

232 1889 437 1957 gloria.
473 1888 637 1957 Hane,
684 1890 874 1957 inquit,
927 1892 1159 1962 regulam
1208 1891 1335 1965 (non
1364 1902 1423 1947 ut
1468 1909 1562 1947 vos
1601 1892 1801 1948 Galatm

234 1987 420 2033 tenere
455 1981 714 2051 voluistis)
748 1981 883 2037 hanc
907 1983 1126 2052 gloriam
1156 1986 1241 2053 qui
1268 1992 1566 2049 seetantur,
1598 2001 1701 2056 pas:
1722 2000 1804 2038 su-

234 2087 325 2140 per
348 2071 465 2125 illos
513 2074 600 2127 sit.
636 2074 699 2127 Et
742 2075 983 2144 adjnuxit
1013 2091 1171 2145 super
1201 2075 1365 2130 Israel
1409 2075 1647 2143 Domini;
1699 2092 1800 2132 non

234 2176 392 2229 supra
415 2164 571 2218 lsracl
594 2180 977 2236 quemcumque
993 2164 1256 2233 Judmum,
1281 2167 1371 2221 sed
1397 2165 1561 2221 Israel
1583 2167 1803 2222 Domini.

236 2251 444 2306 Etenim
475 2253 635 2308 israel
669 2270 791 2311 vere
818 2258 1022 2310 Domini
1053 2258 1097 2311 si
1136 2258 1414 2312 Dominum
1440 2269 1715 2323 sequatur,
1751 2267 1808 2313 ut

232 2342 585 2399 salvationem
614 2361 763 2400 suam
796 2347 1011 2403 aliunde
1041 2364 1146 2403 non
1177 2360 1375 2419 speret.
1404 2348 1567 2406 Vsus.
1604 2351 1667 2405 17
1705 2369 1809 2405 :—

308 2536 388 2680 él)
426 2535 484 2590 ln
518 2535 669 2608 Vulg.
692 2554 788 2621 pro
810 2550 882 2594 est
907 2540 1117 2665 legitur,
1150 2543 1296 2627 ualet.

328 2607 385 2677 ἰ)
416 2606 519 2661 Pro
550 2610 756 2663 Donum
786 2610 941 2680 Vulg.
1012 2613 1153 2677 abet,
1185 2611 1296 2667 Det.

328 2606 385 2677 ἰ)
416 2606 519 2661 Pro
550 2606 756 2663 Domini
786 2610 941 2681 Vulg.
961 2606 1153 2677 habet,
1185 2611 1298 2667 Dei.

1908 1866 2002 1933 dit,
2024 1878 2077 1921 et
2094 1868 2216 1937 quid
2240 1868 2352 1936 ipse
2366 1867 2612 1937 patiatur,
2630 1875 2880 1936 quantum
2901 1877 3165 1921 mereatur
3184 1884 3212 1920 a
3230 1865 3471 1931 Christo,

1909 1959 2112 2029 etquid
2160 1958 2317 2014 etiam
2349 1974 2445 2014 nos
2492 1958 2595 2028 pati
2639 1957 2946 2023 debeamus,
2980 1958 3021 2011 si
3068 1957 3306 2011 volumus
3351 1970 3474 2012 esse

1909 2064 2027 2103 eum
2057 2049 2286 2103 Christo.
2320 2048 2480 2105 Vsus.
2516 2049 2580 2103 18
2610 2067 2621 2100 ;
2655 2078 2722 2088 —
2743 2046 2917 2101 Gratia
2941 2046 3148 2101 Domini
3174 2048 3329 2101 nostri
3347 2046 3477 2103 Jestt

1912 2139 2099 2195 Christi
2119 2157 2229 2193 cum
2254 2141 2433 2208 spiritu
2460 2150 2636 2205 vestra,
2662 2140 2862 2207 fratres.
2892 2137 3172 2193 Conclusio
3200 2138 3256 2191 iit
3278 2139 3475 2207 episto-

1913 2232 2013 2287 la::
2044 2232 2278 2301 precatio
2298 2241 2379 2286 est
2412 2242 2465 2285 et
2501 2229 2799 2285 benedictio
2836 2237 2893 2281 ut
2915 2228 3083 2299 gratia
3111 2228 3208 2293 sit;
3234 2228 3327 2282 sed
3350 2243 3476 2284 cum

1907 2325 2116 2394 spiritu,
2166 2325 2361 2391 inquit.
2421 2332 2595 2377 vestro
2644 2321 2810 2392 gratia
2860 2319 3065 2374 Domini
3125 2320 3289 2373 nostri
3336 2318 3470 2374 Jesu

1908 2413 2102 2470 Christi
2128 2434 2143 2480 ;
2186 2425 2241 2469 ut
2264 2415 2385 2484 quia
2417 2414 2468 2468 in
2491 2413 2703 2469 Christo
2727 2412 2919 2479 vivitis,
2945 2411 3137 2466 Christi
3166 2410 3330 2481 gratia
3353 2424 3479 2465 cum

1912 2505 2097 2575 spiritu
2125 2514 2305 2559 vestro
2340 2505 2429 2557 sit.

1986 2618 2064 2688 (1)
2094 2616 2246 2687 Vulg.
2276 2634 2289 2671 :
2322 2614 2399 2670 De
2424 2624 2604 2670 cratera
2633 2630 2776 2669 nemo
2807 2614 2928 2668 mihi
2953 2615 3188 2668 molestus
3217 2615 3301 2669 sit.

258 2739 2773 2764 —~————-——_———————_———.—n

1531 2837 2137 2923 VICTORINI

904 2974 971 3029 IN
1016 2973 1396 3030 EPISTOLAM
1437 2972 1641 3031 PAULI
1677 2976 1767 3029 AD
1805 2974 2290 3031 PHILIPPENSES
2327 2972 2527 3029 LIBER
2568 2971 2832 3027 UNICUS.

258 3128 259 3131 η
302 3086 440 3143 Car.
474 3104 587 3142 l.--
602 3088 765 3143 Vsus.
798 3089 863 3143 15
894 3088 1066 3160 (1).-
1091 3087 1266 3143 Posuit
1291 3090 1369 3143 vel
1394 3100 1609 3159 quatuor
1637 3107 1812 3145 causas
1838 3094 1882 3157 C
1916 3091 2015 3148 hoc
2044 3091 2255 3156 faciant,
2306 3105 2410 3146 non
2454 3105 2546 3160 per
2584 3088 2979 3159 intelligentiam
3010 3098 3061 3143 et
3085 3090 3349 3159 propriam
3380 3105 3479 3146 vo-

238 3178 321 3233 vcl
353 3188 579 3247 quatuor
607 3193 883 3248 personas,
912 3194 1029 3249 qua:
1070 3182 1383 3236 annuntient
1404 3180 1695 3235 Christum.
1728 3181 1806 3236 Ex

239 3266 319 3319 his
348 3268 489 3333 dum,
520 3267 684 3336 prima
728 3277 783 3322 et
819 3269 1137 3332 novissima,
1183 3284 1248 3324 ex
1299 3268 1623 3340 malignitate
1651 3270 1805 3325 :dua:

240 3358 451 3424 medim,
473 3374 537 3413 ex
560 3359 698 3412 bono
727 3361 906 3411 animo
924 3368 976 3412 et
1007 3358 1294 3414 voluntate.
1322 3358 1474 3426 Quod
1490 3359 1568 3430 (2)
1592 3359 1731 3414 inter
1747 3375 1805 3416 se

237 3450 456 3513 distent,
488 3451 652 3520 prima
677 3460 728 3505 et
761 3459 1026 3520 postrema
1059 3468 1071 3503 :
1106 3450 1243 3520 quod
1288 3451 1427 3506 inter
1454 3465 1533 3515 se,
1572 3450 1803 3506 secunda

237 3553 287 3596 et
314 3541 492 3606 tertia,
514 3541 815 3596 dicendum.
838 3541 1012 3597 Prima
1037 3552 1119 3597 est
1138 3542 1203 3597 de
1223 3542 1565 3613 malignitate,
1593 3553 1807 3612 propter

240 3634 489 3688 invidiam
537 3643 590 3690 et
632 3636 1075 3704 contemptionem
1130 3651 1142 3687 :
1194 3634 1443 3689 invidiam
1492 3635 1633 3689 enim
1671 3634 1807 3689 dixit

237 3728 377 3798 quod
409 3729 640 3783 sentiant
667 3728 747 3800 (ὅ)
790 3743 909 3782 cum
952 3727 1127 3782 :emuli
1160 3728 1310 3782 nobis
1356 3728 1479 3781 sint.
1532 3727 1804 3782 Postrema

237 3822 397 3877 etiam
424 3832 504 3875 est
532 3830 587 3875 et
617 3822 730 3891 ipsa
753 3820 819 3875 de
848 3820 1007 3884 tnalo,
1039 3829 1114 3887 ut,
1137 3819 1302 3876 Vens.
1331 3820 1693 3890 l7,—quidam
1719 3837 1807 3890 per

237 3914 605 3967 contumaciam
633 3913 886 3967 Christum
909 3915 1236 3985 pronuntiant
1257 3911 1352 3984 (ὦ).
1385 3913 1438 3967 Id
1460 3922 1541 3968 est
1569 3925 1623 3967 ut
1652 3911 1805 3968 nobis

236 4014 483 4061 nox-cant.
502 4006 631 4059 Cum
652 4004 791 4058 enim
812 4012 993 4073 aperte
1013 4002 1280 4058 ChriSIum
1304 4010 1516 4073 negent,
1542 4003 1806 4058 tinxerunt

236 4110 297 4149 se
320 4097 663 4159 annnntiare;
686 4104 742 4148 ut
772 4109 888 4157 nos,
930 4096 1018 4163 qui
1061 4108 1155 4148 eos
1196 4093 1526 4148 adversarios
1560 4102 1802 4161 potamus

236 4194 293 4240 ct
329 4184 614 4250 credimus,
664 4184 937 4239 doleamus
989 4184 1057 4237 ab
1109 4183 1189 4238 his
1238 4184 1422 4239 eadem
1478 4182 1803 4252 pronuntiari

237 4290 357 4344 qua:
395 4289 491 4329 nos
522 4276 920 4344 pronuntiamus
951 4290 965 4328 :
998 4290 1085 4343 per
1123 4274 1487 4329 contumaciam
1516 4273 1689 4336 enim,
1723 4274 1802 4327 in-

236 4368 371 4436 quit,
405 4380 508 4419 non
536 4375 718 4421 sancte
749 4381 919 4435 neque
947 4373 1114 4431 caste,
1146 4366 1470 4434 pronuntiant
1508 4364 1803 4430 Christum;

1906 3184 2181 3239 luntatem.
2214 3182 2282 3236 At
2302 3195 2427 3235 vero
2456 3180 2537 3233 vel
2580 3178 2771 3249 duplex
2815 3192 2993 3242 causa,
3025 3179 3104 3232 vel
3135 3178 3325 3248 duplex
3353 3194 3475 3249 per-

1905 3290 2056 3340 sons,
2088 3275 2153 3329 de
2175 3275 2313 3328 bono
2340 3273 2417 3327 sic
2446 3286 2504 3326 se
2530 3271 2707 3336 habet,
2743 3272 2882 3339 quod
2915 3269 3123 3339 quidam
3157 3284 3249 3339 per
3279 3271 3474 3325 bonam

1906 3369 2228 3423 voluntatem
2254 3365 2522 3420 Christum
2556 3361 2922 3429 pronuntiant,
2954 3360 3165 3429 quidam
3195 3375 3258 3415 ex
3294 3361 3478 3415 chari-

1906 3468 2031 3515 tate.
2057 3459 2148 3514 lla:
2163 3459 2279 3512 diue
2296 3471 2467 3512 causa:
2495 3456 2561 3509 de
2583 3455 2721 3509 bono
2747 3452 2984 3507 adversa:
3009 3462 3132 3507 sunt
3150 3453 3371 3522 singulis
3394 3454 3463 3509 de

1906 3553 2044 3605 malo
2077 3567 2088 3603 :
2122 3562 2348 3618 namque
2392 3546 2456 3600 ad
2502 3546 2723 3615 primam
2754 3544 3025 3614 respondit
3072 3544 3185 3597 haec
3231 3560 3348 3611 qua:
3388 3559 3475 3600 se-

1905 3641 2071 3695 cunda
2099 3648 2199 3695 cst.
2229 3639 2281 3695 Si
2313 3639 2453 3693 enim
2484 3637 2656 3707 primi,
2691 3637 2809 3704 quia
2841 3635 3073 3690 invident
3102 3644 3155 3690 et
3182 3636 3303 3705 quia
3342 3651 3475 3691 con-

1906 3733 2147 3799 tendunt,
2165 3733 2284 3788 ideo
2310 3731 2595 3801 pmdicant
2620 3728 2920 3791 Christum;
2944 3736 3126 3781 contra
3159 3728 3370 3797 quidam
3401 3727 3473 3785 de

1906 3825 2057 3879 bonis
2097 3840 2190 3891 per
2231 3824 2419 3877 bonam
2469 3820 2789 3874 voluntatem
2834 3816 3103 3871 Christum
3160 3803 3493 3875 annuntians

1906 3929 2029 3969 vere
2058 3913 2158 3968 hoc
2186 3914 2507 3975 sentientes,
2539 3924 2644 3963 non
2676 3909 2971 3963 invidentes
3016 3908 3169 3963 nobis
3214 3909 3312 3979 (1),
3370 3909 3468 3964 sed

1904 4005 2025 4074 quia
2049 4004 2242 4059 bonum
2267 4011 2350 4058 est
2375 4002 2514 4072 quod
2544 4001 2774 4055 scutiunt
2819 4011 2873 4053 et
2925 3999 3114 4053 habent
3158 4000 3347 4054 bonam
3375 4014 3470 4053 vo-

1905 4098 2157 4151 luntatem
2200 4096 2339 4152 circa
2388 4094 2747 4163 Evangelium.
2796 4094 2969 4148 'l'ertia
3016 4103 3189 4147 autem
3239 4110 3353 4163 quae
3397 4093 3468 4150 de

1904 4188 2055 4244 bonis
2083 4205 2240 4245 causa
2266 4197 2367 4253 est,
2399 4188 2661 4242 contraria
2692 4196 2774 4242 est
2800 4186 2909 4252 illi,
2942 4202 3058 4256 qua:
3088 4194 3351 4254 postrema
3381 4193 3466 4242 est:

1902 4278 1969 4333 de
2017 4280 2185 4335 malis.
2236 4279 2365 4334 Nam
2410 4279 2457 4333 si
2504 4279 2594 4333 illa
2626 4293 2743 4349 quae
2770 4278 2836 4333 de
2880 4278 3033 4332 malis
3062 4288 3141 4331 est
3174 4286 3463 4345 postrema,

1905 4372 2024 4425 talis
2075 4381 2187 4437 est,
2241 4382 2296 4426 ιιι
2334 4371 2547 4442 quidam
2592 4372 2642 4422 in
2692 4378 2923 4423 nostram
2968 4382 3175 4437 poenam
3206 4376 3257 4422 et
3287 4367 3461 4422 tribu-

235 4458 332 4512 sed
377 4465 433 4511 ut
477 4457 631 4511 nobis
669 4457 923 4511 incutiant
969 4456 1359 4512 tribulationem
1389 4464 1444 4509 et
1468 4456 1721 4525 gemitum
1752 4463 1806 4510 et
1828 4463 2153 4531 Dlationem
2204 4478 2297 4532 per
2342 4460 2725 4516 contumacium
2764 4459 3034 4513 Christum
3080 4459 3459 4527 proonntient;

236 4549 507 4613 dolorem;
538 4556 596 4601 ut
628 4548 796 4615 poenis
817 4556 871 4601 et
899 4546 1122 4602 vinculis
1151 4547 1348 4601 nostris
1375 4561 1432 4601 se
1459 4545 1685 4615 gaudere
1713 4560 1801 4601 os-

236 4641 459 4698 tendant
488 4660 501 4695 :
534 4639 799 4707 quomodo
828 4639 1021 4694 dictum
1052 4647 1134 4694 est
1162 4639 1260 4708 ipsi
1288 4638 1501 4693 Christo
1542 4639 1595 4693 in
1643 4652 1801 4693 cruce

240 4734 429 4803 posito,
452 4735 495 4788 si
526 4734 663 4802 ﬁlius
692 4732 785 4786 Dei
814 4749 885 4797 es,
915 4733 1071 4786 libera
1102 4742 1166 4797 te,
1200 4734 1269 4785 ita
1300 4740 1355 4785 ct
1380 4732 1543 4787 Paulo
1563 4731 1798 4785 dicatur:

240 4822 375 4879 Deus
415 4834 532 4879 tuus
568 4841 597 4877 α
624 4824 837 4878 vinculis
876 4834 923 4878 te
966 4823 1176 4888 liberet;
1221 4822 1306 4877 ille
1353 4823 1595 4878 Christus
1638 4824 1796 4890 Deus,

243 4913 379 4968 Deus
406 4922 515 4979 est;
545 4913 636 4967 sed
668 4922 721 4967 tu
753 4922 928 4968 tamen
952 4914 1001 4967 in
1027 4914 1196 4981 omnis
1223 4928 1283 4969 es
1322 4913 1431 4967 Hoc
1462 4915 1615 4983 igitur
1642 4913 1800 4968 modo

237 5003 399 5059 distat
429 5008 538 5058 hac
568 5004 870 5072 praedicatio
899 5003 1247 5074 malignorum
1273 5004 1340 5057 ab
1370 5004 1455 5057 illa
1486 5005 1791 5072 superiore:

239 5094 324 5147 illa
355 5109 459 5149 non
489 5103 548 5148 ut
575 5109 756 5163 pinnas
778 5094 974 5148 inserat
999 5093 1225 5147 viocolis
1243 5093 1487 5161 apostoli,
1506 5093 1597 5147 sed
1622 5100 1677 5146 ut
1698 5093 1797 5161 ipsi

237 5183 483 5239 all'cetent
522 5184 741 5255 gloriam
774 5182 1162 5254 prmdicationis
1186 5222 1200 5247 ,
1249 5197 1369 5237 cum
1416 5198 1508 5251 per
1548 5182 1798 5237 invidiam

304 5348 323 5412 (
334 5346 383 5417 1)
414 5344 709 5417 Desiderari
742 5353 942 5414 partem
968 5340 1332 5400 commentarii
1364 5359 1528 5417 usque
1550 5344 1684 5417 adv.
1702 5344 1794 5417 15,

234 5414 445 5484 capituli
479 5416 526 5479 1,
560 5432 642 5470 res
680 5418 788 5485 ipsa
835 5418 1028 5470 clamat
1064 5432 1077 5469 :
1119 5424 1173 5470 et
1216 5420 1391 5470 tamen
1431 5416 1481 5469 in
1527 5414 1799 5469 codicibus

234 5488 435 5542 nullum
460 5487 661 5539 lacunae
691 5484 940 5540 indicium
966 5496 1065 5540 est.

303 5556 382 5627 (‘2)
420 5555 592 5627 Malim
621 5554 743 5627 quid
771 5554 855 5608 hic
882 5566 930 5609 et
964 5557 1119 5610 intra.

324 5628 378 5683 3)
402 5624 572 5679 Codd.
606 5624 693 5678 sed
720 5640 852 5677 cum.

324 5630 355 5683 3
402 5628 572 5679 Codd.
606 5628 693 5678 sed
720 5640 852 5677 cum.

300 5628 378 5768 is)
394 5695 550 5765 Vulg.
567 5693 788 5761 Quidam
804 5708 864 5749 ea:
880 5694 1192 5749 contentione
1207 5693 1461 5751 Christum
1475 5695 1797 5751 annuntiant.

1902 4556 2012 4608 luce
2040 4554 2109 4609 de
2134 4554 2286 4608 bonis
2310 4554 2571 4608 contraria
2602 4560 2702 4615 est,
2721 4552 2838 4621 quia
2869 4551 3078 4621 quidam
3108 4566 3173 4604 ex
3202 4550 3461 4607 charitate

1900 4645 2265 4714 pronuntiant:
2287 4646 2385 4698 hoc
2408 4652 2491 4697 est
2518 4658 2602 4697 me
2627 4651 2906 4712 sequentes
2926 4651 2978 4695 et
3002 4641 3145 4695 chari
3180 4642 3328 4707 mihi,
3349 4658 3459 4697 non

1901 4732 2026 4787 mihi
2059 4734 2371 4787 insultantes
2400 4751 2413 4786 :
2446 4734 2665 4796 scilicet,
2698 4733 2866 4801 inquit
2888 4773 2901 4793 ,
2932 4731 3062 4799 quod
3089 4732 3142 4783 in
3172 4730 3460 4799 defensione

1900 4823 2162 4895 Evangelii
2192 4825 2381 4895 positus
2408 4841 2515 4876 sum
2546 4822 2647 4893 (2).
2676 4822 2858 4877 Sciunt
2882 4822 3021 4875 enim
3047 4822 3165 4890 quia
3199 4823 3250 4875 in
3276 4821 3461 4876 defen-

1896 4915 2045 4969 sione
2079 4912 2343 4983 Evangelii
2372 4928 2487 4967 sum
2510 4955 2523 4973 ,
2558 4920 2609 4966 et
2636 4911 2833 4967 idcirco
2860 4925 3041 4979 pmnas
3072 4910 3167 4963 has
3196 4925 3340 4965 meas
3364 4924 3461 4979 pro

1902 5007 2170 5076 evangelio
2215 5020 2297 5060 me
2344 5006 2604 5059 sustinere
2636 5022 2648 5054 :
2684 5002 2821 5057 unde
2855 5010 2909 5056 et
2946 5002 3045 5070 ipsi
3092 5018 3154 5055 ex
3205 5003 3465 5059 charitate

1900 5099 2165 5154 Christum
2197 5098 2554 5169 pronuntiant,
2584 5097 2667 5150 vel
2697 5095 2951 5149 charitatc
2991 5094 3042 5147 iu
3078 5093 3345 5149 Christum
3374 5094 3463 5150 vel

1903 5192 2156 5247 charitate
2186 5190 2237 5244 in
2270 5206 2375 5251 me,
2410 5204 2513 5243 non
2543 5188 2667 5241 mihi
2699 5186 3033 5249 insultantes,
3066 5194 3121 5238 ut
3149 5187 3222 5239 illi
3251 5187 3338 5255 qui
3369 5200 3465 5253 per

1896 5280 2281 5336 contumaciam
2331 5276 2598 5332 Christum
2641 5275 2958 5345 praedicant;
3005 5290 3107 5328 non
3138 5284 3319 5339 caste,
3368 5272 3467 5329 sed

1900 5372 2239 5427 existimantes
2266 5368 2636 5423 tribulationem
2659 5366 2734 5436 (3)
2761 5382 2812 5419 se
2825 5365 3071 5418 suscitare
3095 5365 3302 5417 vinculis
3320 5364 3462 5417 meis.

2002 5480 2047 5551 i)
2087 5479 2253 5535 Codd.
2279 5478 2431 5551 uobis.

2002 5482 2047 5551 i)
2087 5482 2253 5535 Codd.
2279 5482 2431 5532 vobis.

1973 5482 2057 5623 ii)
2100 5551 2249 5619 Vulg.
2284 5548 2509 5602 Scientes
2548 5547 2683 5618 quod
2726 5547 2778 5600 in
2814 5545 3159 5615 defensionem
3205 5542 3472 5615 Evangelii

1848 5676 1853 5679 .
1907 5624 2251 5693 #0“!ij-

1981 5690 2058 5761 (5)
2099 5690 2277 5758 Vulg.,
2309 5704 2613 5758 pressuram.
