3950 6206
518 249 652 304 H99

1719 243 1902 299 MAR“
1948 240 2279 297 VICTORIM
2321 240 2478 294 AFIil

3601 234 3725 289 i200

588 362 745 414 \‘Etts.
781 361 862 413 18.
914 388 980 400 --
1008 358 1140 422 Quid
1172 355 1344 410 enim?
1372 356 1490 408 dum
1515 356 1647 408 omni
1672 356 1818 408 modo
1852 356 1949 408 sive.
1974 355 2063 407 sub
2095 358 2137 415 Α
2167 353 2357 405 cubitur
2404 350 2630 404 Christus
2676 351 2725 401 in
2765 363 2974 415 corpore
3009 346 3238 415 meo“).
3280 343 3616 411 Sequebatur
3654 346 3722 397 uti

515 454 715 505 obtentu
738 452 836 503 sire
862 447 1153 515 veritate“)
1182 447 1408 501 Christus
1430 446 1910 499 nunnutictur.Cum
1938 461 2067 513 qua-

519 552 639 593 tuor
686 556 841 609 supra
894 542 969 594 vel
1026 554 1276 607 personas
1326 538 1401 590 vel
1452 552 1637 589 causas
1698 538 1958 604 posuerit,
2014 543 2066 587 ut

517 630 758 687 Christus
798 630 1150 692 annuntietur,
1202 644 1304 681 non
1343 644 1400 681 se
1440 629 1653 681 omnino
1684 625 1758 697 (Ξ)
1805 634 1997 678 motum
2036 639 2063 675 a

516 722 760 791 malignis
782 720 901 788 quia
930 716 1193 771 Christum
1224 716 1526 783 pradicant.
1558 715 1789 767 declarat
1818 722 1869 766 et
1889 722 2064 765 osten-

520 811 616 866 dit.
648 812 858 865 Frustra
877 810 1015 863 enim
1033 809 1104 861 illi
1120 808 1421 861 existimant
1446 806 1815 860 tribulationem
1838 820 1889 854 se
1904 803 2065 855 susci-

516 912 623 955 tare
650 902 857 955 vinculis
885 902 1019 953 meis.
1056 900 1185 965 Quid
1211 899 1371 961 enim,
1402 907 1490 951 aut
1513 912 1674 965 quare
1705 895 1952 948 moveor?
1977 902 2064 946 aut

512 1008 673 1062 quare
699 993 750 1045 in
780 992 1168 1045 tribulationem
1217 991 1429 1043 mittor?
1479 1004 1595 1043 cum
1638 988 1776 1041 enim
1807 984 2061 1054 gaudeam

510 1083 763 1152 laetusque
797 1084 893 1137 sint
926 1082 1063 1151 quod
1105 1098 1194 1150 per
1222 1097 1430 1136 omnem
1472 1080 1682 1134 modum
1726 1080 2063 1131 atumntiatur

511 1172 749 1228 Christus
782 1192 793 1225 :
825 1172 933 1227 sive
962 1175 1083 1225 dum
1117 1172 1190 1225 illi
1220 1173 1393 1240 aliquo
1446 1173 1555 1236 (3),
1588 1183 1683 1223 suo
1713 1168 1929 1221 obtentu
1976 1164 2059 1218 vel

509 1263 682 1332 aliqua
712 1277 801 1317 soa
832 1262 1107 1316 occasione
1136 1261 1215 1313 vel
1250 1260 1470 1313 nocendi
1506 1258 1587 1310 vel
1631 1255 1896 1310 invidendi
1930 1268 2061 1318 prta--

510 1354 688 1408 dicant
714 1351 993 1417 Christum,
1028 1350 1313 1404 dummodo
1359 1349 1671 1417 praedicent,
1703 1347 1813 1400 sive
1842 1344 2059 1398 veritate

512 1443 873 1513 pronuntient.
911 1443 1137 1494 Eventus
1182 1440 1320 1493 enim
1370 1437 1494 1490 mihi
1546 1436 1823 1504 pluritnum
1869 1434 2055 1501 placet,

508 1532 647 1603 quod
682 1532 748 1585 de
775 1530 985 1583 Christo
1017 1529 1382 1598 pronuntiant;
1427 1536 1480 1580 et
1515 1524 1781 1578 Cbrisnnu
1811 1534 1861 1576 et
1892 1523 2058 1575 nomi-

508 1631 654 1688 nant,
682 1632 734 1676 et
764 1624 945 1685 Deum,
976 1622 1073 1674 sub
1100 1620 1203 1673 alio
1235 1620 1353 1672 licet
1379 1618 1553 1670 animo
1582 1658 1593 1677 ,
1626 1615 1853 1669 fatentur
1882 1623 1933 1667 et
1966 1613 2053 1665 Dei

2168 458 2270 496 non
2294 442 2542 495 continuo
2565 441 2613 492 in
2633 440 2855 491 salutem
2878 438 3151 505 provenire
3177 446 3348 504 pos~et
3381 434 3519 486 istud
3540 437 3720 498 ipsum,

2165 530 2301 599 quod
2342 532 2550 597 maligni
2591 528 2907 595 |trﬂtdiC:IIIl,
2947 526 3084 596 quod
3120 541 3209 593 pcr
3240 525 3495 577 invidiam
3541 523 3724 591 pracdi-

2164 629 2303 685 caut,
2335 621 2471 689 quod
2493 636 2583 689 per
2603 620 2984 673 contumaciam
3013 617 3319 684 pendit-ant,
3349 616 3421 667 uti
3452 626 3636 681 pOSset
3656 612 3721 664 iiii

2164 724 2215 768 et
2246 715 2531 783 perniciem
2576 713 2766 765 aderre
2796 720 2847 764 et
2882 725 3083 777 punias,
3116 718 3172 762 ut
3204 710 3251 760 in
3286 709 3489 761 catenis
3518 720 3723 772 semper

2162 817 2321 871 esset,
2354 821 2532 859 verum
2573 807 2731 858 etiam
2761 804 2889 856 etin
2923 810 3110 861 morte,
3140 800 3230 854 sed
3259 808 3561 865 utrumque.
3599 797 3722 851 Nam

2160 895 2427 963 apostolus
2448 894 2775 963 prospiciens
2798 892 2877 963 (2)
2926 892 3051 944 dicit
3071 890 3303 943 futurum
3326 904 3445 943 esse
3470 899 3529 942 ιιι
3548 888 3722 942 Chris-

2161 993 2246 1038 tus
2276 986 2584 1053 pra‘dteetnr
2611 984 2842 1050 quolibet
2884 981 2935 1035 in
2965 990 3152 1035 eventu
3191 999 3202 1032 :
3235 996 3505 1048 nunquam
3561 982 3719 1043 enim,

2161 1076 2349 1141 inquit.
2377 1074 2680 1135 erubescam,
2714 1071 2803 1125 Sed
2846 1086 2909 1125 ex
2950 1080 3168 1139 utroque
3198 1080 3249 1124 ct
3277 1070 3470 1138 gaudio
3507 1070 3722 1122 lzetahor

2161 1173 2211 1219 et
2234 1166 2559 1234 gratulabor.
2588 1173 2642 1217 et
2669 1165 2804 1217 sicut
2830 1177 3018 1233 semper
3048 1172 3092 1214 et
3137 1179 3268 1214 nunc
3295 1161 3720 1229 magni/imbitur,

2162 1256 2348 1321 inquit,
2385 1256 2613 1309 Christus
2642 1272 2653 1306 :
2683 1256 2735 1307 in
2773 1270 2999 1319 corpore,
3034 1252 3219 1322 inquit.
3252 1268 3389 1315 meo;
3420 1253 3468 1304 id
3507 1261 3586 1305 est
3606 1267 3719 1305 cum

2160 1363 2334 1401 meum
2366 1363 2556 1413 Corpus
2590 1347 2758 1414 pomis
2788 1346 3077 1412 subjectum
3107 1342 3349 1397 omnibus
3387 1344 3580 1396 tolerat
3611 1343 3721 1394 uni-

2160 1453 2330 1501 versa,
2362 1436 2696 1491 etChristum
2716 1436 2965 1505 praedii-at
2984 1474 2997 1498 ,
3031 1449 3126 1487 nec
3156 1433 3397 1495 desistit,
3432 1448 3530 1486 nec
3558 1434 3722 1500 paruis

2161 1536 2405 1588 terretur.
2432 1535 2486 1580 et
2507 1527 2750 1579 onmibus
2773 1528 2938 1591 pannis
2970 1539 3070 1577 non
3093 1524 3247 1576 cedit.
3274 1522 3407 1586 Quid
3440 1533 3520 1574 est
3546 1530 3718 1575 autem

2156 1620 2395 1673 omnibus
2424 1619 2616 1686 ptenis,
2652 1619 2761 1684 ipse
2788 1616 3003 1681 exponit
3029 1614 3393 1683 SuhjUngendo
3418 1615 3521 1666 sive
3547 1630 3631 1681 per
3652 1616 3719 1665 vi-

512 1712 719 1766 Filium.
755 1712 863 1765 “()C
881 1710 1018 1765 enim
1050 1727 1165 1763 CUIII
1196 1708 1513 1770 celebratur,
1546 1716 1839 1767 υκειςριυτ,
1872 1707 2059 1772 :tgttllt‘,
2097 1708 2136 1765 Β
2165 1722 2286 1773 (ang,
2316 1712 2415 1762 sive
2452 1727 2539 1778 per
2564 1719 2789 1761 mortem,
2818 1707 2940 1761 Sive
3072 1710 3210 1759 enim
3246 1705 3522 1759 [olm-audi)
3545 1720 3720 1772 [urnas

511 1804 588 1859 sic
613 1804 951 1857 annuntiatnr
997 1800 1232 1855 Christus
1275 1800 1339 1852 ab
1375 1799 1638 1861 omnibus,
1671 1805 1723 1848 et
1766 1810 1862 1849 nos
1902 1800 1964 1846 ad
2009 1793 2060 1846 id

518 1896 853 1963 pervenimus
879 1892 1014 1962 quod
1048 1892 1287 1946 volumus
1328 1899 1385 1944 ut
1427 1889 1666 1943 Christus
1700 1890 2058 1939 annnntietnr.

508 1984 658 2052 Quod
687 1986 727 2037 si
758 1987 825 2037 ita
865 1990 962 2037 est.
998 1982 1187 2035 frustra
1233 1981 1597 2034 etiSIimarunt
1628 1994 1709 2031 me
1750 1979 1798 2029 in
1848 1974 2061 2029 tribula-

506 2074 704 2127 tionem
738 2072 891 2125 mitti.
932 2072 1163 2136 Denique
1198 2070 1273 2122 sic
1311 2067 1616 2135 subjungit:
1651 2065 1712 2118 Et
1739 2066 1792 2117 in
1823 2066 1917 2117 hoc
1943 2080 2059 2134 gra-

508 2164 663 2227 tulor,
693 2162 777 2214 sed
808 2172 849 2213 et
873 2160 1159 2230 gratulabor
1190 2158 1289 2227 (4).
1322 2156 1383 2209 Et
1407 2158 1652 2225 gratulor,
1684 2157 1872 2225 inquit,
1902 2156 2059 2208 etiam

514 2255 568 2309 in
602 2256 698 2307 hoc
728 2254 858 2321 ipso,
907 2253 1041 2319 quod
1080 2251 1418 2304 annuntiatur
1457 2250 1712 2303 Christus.
1764 2249 1874 2302 Non
1920 2249 2058 2302 enim

513 2356 702 2412 negant
717 2346 871 2397 etiam
890 2343 961 2395 illi
978 2343 1062 2412 qui
1081 2340 1297 2395 nocendi
1318 2340 1472 2393 modo
1488 2340 1586 2406 (5).
1605 2348 1659 2391 ut
1674 2338 1800 2391 mihi
1820 2347 2057 2401 noceant,

510 2435 773 2490 Christum
793 2437 1102 2485 annuntiaut
1126 2448 1137 2481 :
1156 2445 1322 2499 neque
1338 2431 1411 2483 illi
1434 2430 1520 2497 qui
1545 2446 1632 2497 per
1652 2429 1893 2482 invidiam
1913 2429 2058 2480 Chri-

512 2536 649 2582 stum
676 2524 1007 2587 annuntiant,
1040 2524 1196 2575 animi
1220 2535 1397 2580 causa.
1422 2522 1729 2577 ctlateutcr.
1755 2526 1806 2571 et
1834 2534 1919 2587 per
1951 2534 2061 2570 nn-

515 2616 652 2687 ligna
679 2616 859 2676 verba,
884 2623 1056 2667 tuncn
1078 2612 1344 2667 Christmn
1368 2612 1702 2664 cantitentnr.
1728 2619 1782 2663 ct
1800 2609 2062 2663 Christum

514 2708 855 2760 annuntiant:
889 2706 939 2755 iu
974 2704 1081 2765 hoc,
1116 2703 1274 2769 inquit
1303 2742 1316 2767 ,
1367 2700 1589 2770 gratulor
1613 2711 1657 2752 et
1684 2698 1993 2767 gratulabor.

588 2796 747 2851 V'Etts.
788 2796 865 2849 19.
914 2824 981 2834 -——
1022 2795 1139 2847 Scio
1184 2795 1310 2845 enim
1358 2792 1592 2859 quoniam
1635 2791 1725 2842 hoc
1772 2791 1892 2842 mihi
1946 2806 2057 2861 pro-

519 2889 675 2943 veniet
724 2888 775 2939 in
828 2886 1037 2937 salutem
1079 2898 1163 2953 per
1199 2882 1471 2934 orationem
1500 2896 1748 2942 vestram,
1805 2890 1849 2929 et
1878 2879 2065 2931 submi-

520 2978 866 3033 nistrationem
903 2974 1108 3042 spiritus
1148 2971 1331 3023 Christi
1361 2969 1500 3021 Jesu.
1551 2969 1687 3021 Pene
1717 2968 1981 3021 audaciter
2008 2983 2067 3021 ac

2163 1802 2361 1862 vixi-ro,
2382 1800 2744 1867 pra-dicantur
2762 1796 3001 1851 Christus
3024 1815 3035 1848 :
3055 1798 3166 1850 sive
3185 1800 3279 1849 sub
3303 1798 3475 1865 pugnis
3491 1806 3721 1849 mortuus

2162 1890 2328 1953 fuero,
2378 1892 2541 1958 magis
2578 1904 2639 1942 ac
2686 1888 2848 1955 magis
2899 1888 3294 1954 pra-dicabitur;
3347 1901 3467 1939 cum
3518 1885 3720 1938 videant

2160 1995 2345 2034 omnes
2376 1997 2458 2033 tne
2486 1995 2582 2033 nec
2615 1978 2782 2047 poenis
2812 1978 3142 2041 deterritum,
3179 1992 3275 2031 nec
3308 1987 3479 2030 morte
3511 1991 3716 2030 revoca-

2164 2081 2292 2135 tum,
2323 2072 2412 2125 sed
2441 2072 2491 2123 in
2515 2071 2784 2139 evangelio
2803 2078 2892 2123 aut
2920 2072 3073 2122 vitam
3096 2084 3212 2122 cum
3244 2076 3414 2138 poenis
3445 2069 3677 2137 exegisse
3702 2109 3714 2132 ,

2162 2174 2249 2216 aut
2282 2180 2446 2229 usque
2482 2163 2545 2216 ad
2592 2171 2811 2221 mortem
2848 2177 3027 2231 poenas
3057 2164 3309 2215 tolerasse
3334 2202 3349 2227 ,
3381 2172 3435 2215 et
3473 2162 3717 2217 tamenin

2164 2256 2435 2323 evangelio
2483 2254 2813 2321 praulicando
2861 2267 3246 2318 perseverasse.

2234 2344 2391 2397 Vsus.
2412 2344 2468 2396 Ἢ
2485 2383 2497 2395 .
2516 2342 2719 2395 —-.llihi
2743 2343 2868 2393 enim
2896 2342 2991 2393 vita
3015 2341 3091 2410 (4)
3108 2339 3337 2395 Christus
3360 2351 3433 2394 est
3448 2350 3495 2394 et
3509 2341 3632 2393 mori
3646 2340 3718 2391 lu-

2164 2450 2319 2486 crum.
2340 2433 2449 2486 Νοιι
2476 2434 2629 2501 igitur
2649 2439 2867 2485 mortem
2886 2433 3062 2486 timeo.
3082 2430 3352 2500 quiumori
3375 2430 3505 2483 mihi
3532 2433 3717 2483 lucrum

2164 2532 2243 2576 est
2266 2539 2393 2575 :non
2426 2524 2531 2589 ipsa
2552 2537 2690 2575 mors
2714 2529 2933 2582 lucrum,
2962 2521 3055 2574 scd
3074 2522 3202 2574 mori
3226 2539 3237 2573 :
3266 2521 3367 2574 vita
3386 2531 3563 2574 autem
3584 2518 3720 2575 Chri-

2164 2623 2391 2678 stnScst,
2415 2616 2530 2682 quia
2557 2615 2642 2683 qui
2675 2615 2724 2666 in
2758 2613 2845 2666 illo
2866 2623 3064 2681 sperat,
3088 2628 3298 2680 semper
3320 2613 3472 2671 vivit.
3507 2622 3558 2665 et
3591 2626 3716 2664 nunc

2166 2712 2428 2771 ctpo.~tea.
2453 2704 2655 2756 Etenim
2678 2717 2794 2757 cum
2813 2702 3023 2765 dixerit,
3045 2704 3093 2754 in
3111 2717 3332 2769 c0rpore
3356 2716 3479 2755 meo
3497 2702 3721 2767 tnagnilio

2165 2799 2364 2850 cahitur
2391 2796 2649 2855 Christus.
2681 2795 2790 2849 sive
2816 2811 2908 2862 per
2936 2797 3093 2846 vitam
3125 2794 3233 2847 sive
3262 2810 3354 2862 per
3380 2804 3631 2856 inertem,
3659 2790 3716 2845 ad

2167 2889 2323 2940 vitam
2375 2888 2525 2937 istam
2570 2885 2832 2946 referens;
2862 2886 2905 2938 si
2947 2885 3106 2937 vincit
3137 2900 3250 2949 eos,
3292 2883 3382 2949 qui
3414 2884 3514 2936 sibi
3547 2891 3722 2951 parant

2170 2978 2403 3038 insidias,
2428 2986 2479 3029 et
2520 2983 2817 3042 perseverat
2848 2976 2896 3025 in
2929 2973 3245 3042 Evangelii),
3275 2974 3593 3041 gloriabitur
3626 2972 3719 3024 vita

523 3079 720 3122 temere
765 3067 989 3119 libenter
1035 3062 1300 3129 accepisse
1328 3069 1379 3113 et
1411 3060 1457 3111 in
1488 3061 1730 3126 gaudium
1780 3058 2063 3123 accepisse.
2098 3068 2140 3129 ρ
2171 3073 2302 3135 ejus,
2333 3068 2447 3135 quia
2476 3067 2523 3119 in
2554 3064 2763 3118 Christo
2792 3066 3064 3133 gloriatur,
3112 3078 3212 3117 ιιοη
3258 3064 3308 3115 in
3357 3064 3585 3127 catenis,
3628 3077 3719 3114 non

524 3157 660 3223 quod
690 3171 894 3223 quoque
925 3153 1079 3207 modo
1117 3152 1356 3205 Christus
1384 3152 1783 3203 annuutiarctur
1810 3152 1964 3203 etiam
1997 3150 2064 3202 ab

524 3247 729 3315 improb
751 3262 794 3309 s,
812 3250 965 3299 etiam
986 3260 1074 3305 per
1088 3244 1486 3301 ροιιιιιιιιςιρίιιιιι,
1505 3240 1659 3293 etiam
1685 3255 1775 3307 per
1793 3239 2067 3292 invidiam:

528 3336 619 3391 sed
651 3341 745 3389 hoc
766 3351 831 3389 ex
868 3335 1053 3386 l‘ulucia
1108 3334 1216 3395 ltei,
1250 3340 1303 3385 et
1346 3331 1706 3385 benevolentia
1727 3370 1740 3391 ,
1772 3338 1850 3389 et,
1882 3338 1937 3381 ut
1964 3331 2073 3395 ipse

525 3426 621 3487 ait.
653 3440 715 3478 ex
746 3423 1225 3476 subministratione
1256 3421 1448 3474 Chrisai
1470 3431 1517 3472 ct
1559 3422 1772 3487 spiritus
1806 3423 1921 3486 eius
1950 3434 2075 3473 con-

527 3519 681 3573 lirmo
712 3518 966 3579 futurum;
996 3524 1047 3568 et
1075 3517 1183 3567 scio
1215 3513 1441 3565 hiturnm
1462 3553 1474 3571 ,
1506 3512 1752 3580 quoniam
1784 3512 1916 3563 istud
1949 3526 2076 3579 quo-

530 3622 635 3677 quo
664 3605 817 3659 modo
844 3604 943 3672 (6),
976 3605 1110 3670 quod
1149 3605 1546 3671 pronuhtialnr,
1578 3601 1677 3653 erit
1710 3616 1887 3653 verum
1914 3641 1927 3663 ,
1952 3602 2075 3653 erit-

534 3711 635 3765 que
656 3702 811 3750 etiam
842 3696 908 3747 ita
941 3702 997 3747 ut
1019 3694 1128 3761 ipse
1151 3694 1236 3746 illo
1259 3694 1448 3746 Paulus
1472 3696 1597 3757 vult,
1623 3694 1849 3761 quivere
1877 3706 2079 3744 annun-

533 3786 629 3839 tiat
658 3800 673 3840 :
712 3794 763 3838 et
803 3784 997 3838 idcirco
1020 3786 1110 3847 ait,
1142 3784 1252 3836 scio
1285 3782 1423 3836 enim
1455 3782 1593 3851 quod
1619 3784 1715 3835 hoc
1746 3780 1871 3834 mihi
1898 3795 2081 3849 prove-

538 3878 647 3931 niat
674 3878 725 3930 in
753 3877 970 3929 salutem
1010 3892 1021 3926 :
1066 3883 1120 3927 ut
1156 3875 1253 3927 hoc
1281 3874 1419 3943 quod
1451 3874 1553 3935 illi,
1582 3874 1662 3925 vel
1708 3872 1759 3924 in
1800 3872 2079 3940 perniciem

539 3982 706 4021 meam
741 3966 1105 4034 pronuntiant,
1137 3966 1223 4033 qui
1261 3980 1352 4030 per
1390 3962 1770 4017 contumaciam
1820 3962 2081 4016 Christum

540 4060 918 4127 pronuntiant,
948 4057 1026 4109 vel
1059 4056 1131 4107 illi
1165 4056 1250 4123 qui
1286 4070 1376 4122 per
1414 4054 1656 4107 invidiam
1699 4062 1751 4106 et
1796 4054 2087 4106 contentio-

541 4163 661 4202 nent
692 4145 951 4199 Christum
982 4144 1354 4213 pronuntiant,
1402 4144 1573 4196 omnia
1615 4151 1787 4195 tamen
1837 4143 1905 4196 ita
1954 4143 2083 4205 scio,

544 4236 790 4305 quoniam
819 4234 941 4288 mihi
974 4234 1277 4301 proveniant
1307 4235 1355 4286 in
1378 4235 1594 4286 Salutem
1618 4275 1630 4295 ,
1661 4233 2088 4286 subministrante

541 4324 966 4384 scilicetChristo
986 4325 1232 4393 ctspiritu
1256 4326 1364 4393 ejus
1391 4344 1404 4377 :
1434 4321 2086 4393 secundmn,inqmt,quod

2172 3161 2222 3214 in
2255 3161 2447 3222 salute,
2499 3175 2598 3213 ιιοῐι
2635 3159 2679 3212 si
2725 3158 2849 3210 nihil
2901 3159 3144 3225 patiatur.
3197 3155 3251 3210 Si
3302 3166 3479 3207 autem
3526 3155 3720 3207 occisus

2173 3250 2348 3310 fuerit,
2398 3250 2598 3303 lucrum
2652 3258 2730 3302 est
2780 3248 2930 3309 mori,
2966 3262 3083 3299 cum
3118 3246 3190 3299 illi
3228 3247 3330 3297 vita
3372 3246 3441 3297 sit
3470 3244 3719 3297 Christus.

2174 3339 2259 3394 Sic
2279 3339 2350 3409 (5)
2385 3340 2537 3406 igitur
2568 3337 2785 3406 singulis
2807 3336 3005 3402 singula
3032 3334 3292 3389 reddidit:
3325 3343 3381 3385 ut
3412 3336 3475 3385 ad
3510 3343 3720 3385 mortem

2176 3429 2531 3496 restionderit,
2573 3443 2673 3480 non
2720 3427 2877 3479 timeo
2921 3432 3141 3478 mortem
3166 3464 3179 3486 ,
3214 3439 3331 3476 cum
3380 3422 3507 3474 mihi
3543 3422 3637 3474 \‘ittt
3664 3423 3725 3474 sit

2178 3520 2437 3573 Christus:
2466 3520 2575 3571 sive
2607 3518 2655 3569 in
2696 3518 2798 3569 vita
2822 3558 2834 3579 ,
2868 3517 2978 3568 sive
3024 3516 3074 3567 in
3114 3516 3314 3567 catenis
3347 3514 3473 3566 licet
3503 3528 3585 3565 me
3616 3512 3724 3563 alli-

2179 3619 2323 3677 gent,
2359 3619 2528 3662 tamen
2562 3608 2682 3659 mihi
2710 3608 2809 3658 vita
2841 3604 3065 3658 Christus
3092 3615 3188 3667 est,
3214 3616 3264 3657 et
3298 3605 3468 3673 ipsum
3497 3603 3626 3656 mori
3658 3604 3727 3655 lu-

2180 3714 2324 3753 crum
2356 3706 2454 3759 est,
2484 3712 2600 3750 cum
2630 3697 2876 3765 pervenio
2906 3694 2967 3746 ad
2996 3693 3281 3747 Christum.
3310 3692 3432 3747 Sive
3456 3703 3727 3759 utrumque

2183 3790 2283 3843 hoc
2312 3788 2528 3855 singulis
2558 3786 2915 3854 superioribus
2954 3786 3125 3849 datur,
3158 3801 3259 3837 non
3301 3784 3462 3837 timeo
3495 3793 3726 3845 mortem,

2183 3880 2299 3949 quia
2344 3886 2440 3930 vita
2492 3877 2609 3928 mihi
2667 3874 2891 3929 Christus
2936 3888 3043 3940 est,
3098 3884 3143 3927 et
3185 3875 3312 3927 mori
3355 3874 3547 3926 lucrum
3600 3884 3664 3926 est
3714 3888 3729 3924 .'

2184 3971 2300 4024 sive
2351 3983 2466 4021 cum
2510 3970 2631 4021 vitae
2676 3967 2801 4020 mihi
2847 3969 2895 4018 in
2944 3981 3095 4033 poena
3127 3966 3247 4029 erit,
3304 3982 3405 4018 non
3458 3966 3614 4019 timeo
3665 3964 3732 4017 ri-

2186 4067 2312 4120 tam,
2364 4060 2481 4126 quia
2539 4058 2637 4109 vita
2684 4058 2803 4108 mihi
2860 4055 3085 4108 Christus
3138 4065 3229 4109 est.
3290 4056 3427 4122 Ergo
3483 4056 3557 4108 illi
3616 4054 3732 4107 nihil

2187 4159 2384 4219 agunt,
2427 4150 2535 4202 sive
2582 4164 2664 4202 me
2725 4149 2878 4201 morti
2930 4146 3172 4211 tradant,
3214 4147 3324 4199 sive
3370 4148 3421 4199 in
3482 4150 3583 4199 vita
3627 4161 3734 4198 cru-

2188 4239 2407 4294 ciatibus
2441 4238 2632 4292 dedant
2670 4256 2681 4290 :
2734 4238 2861 4291 mihi
2907 4239 3044 4291 enim
3092 4248 3369 4301 utrumque
3416 4253 3518 4291 non
3562 4248 3731 4295 nocet,

2189 4332 2308 4397 quia
2370 4346 2469 4382 non
2537 4338 2616 4381 est
2678 4329 2811 4396 apud
2891 4343 2970 4381 me
3033 4328 3082 4379 in
3137 4328 3412 4380 tormentis
3472 4330 3575 4381 vita
3626 4342 3734 4380 cum

548 4424 787 4483 aspecto.
823 4424 875 4468 et
916 4429 1061 4481 spem
1113 4414 1293 4475 habeo,
1348 4415 1413 4465 ita
1462 4414 1585 4465 mihi
1646 4413 1829 4465 ﬁducia
1885 4423 1983 4474 est,
2038 4428 2066 4462 ιι

2198 4437 2367 4487 parua.
2406 4427 2682 4487 promereri
2718 4418 2833 4482 quia
2864 4420 2959 4470 trito
2975 4419 3052 4489 (6)
3081 4420 3201 4469 mihi
3233 4418 3461 4471 Christus
3492 4430 3563 4471 est
3591 4436 3608 4472 :
3636 4419 3738 4472 sive

548 4521 812 4570 utinquam
853 4504 975 4557 mihi
1000 4502 1095 4568 ipsi
1124 4510 1364 4567 noceant,
1388 4504 1589 4555 etiamsi
1623 4503 1720 4555 alia
1766 4518 1921 4555 causa
1972 4517 2091 4570 pro-

548 4598 791 4651 nuntiant
811 4592 1092 4657 Cbristmn,
1129 4602 1184 4646 ut
1212 4608 1307 4659 ego
1348 4608 1526 4661 poenas
1570 4594 1735 4658 patiar
1761 4603 1814 4644 et
1839 4594 2039 4645 crucior
2080 4609 2093 4644 :

550 4696 725 4741 tamen
757 4686 995 4753 quoniam
1022 4699 1140 4747 Spes
1172 4700 1281 4737 mea
1302 4693 1353 4736 et
1373 4683 1665 4752 expectatio
1687 4692 1765 4736 est
1785 4682 1849 4736 de
1866 4681 2091 4746 Christo,

555 4776 826 4846 proveniet
846 4777 892 4827 id
921 4775 1041 4827 mihi
1076 4778 1124 4827 in
1153 4776 1393 4829 salutem.

626 4864 786 4918 Vens.
817 4864 905 4917 20.
956 4893 1023 4902 -—
1054 4864 1299 4929 Quoniam
1336 4865 1388 4917 in
1424 4865 1561 4917 nullo
1590 4865 1905 4927 erubescam;
1936 4865 2021 4914 sed
2049 4864 2100 4913 in

558 4955 693 5008 omni
722 4954 928 5021 ﬁducia,
956 4954 1368 5021 quemadmodum
1399 4970 1611 5021 semper,
1639 4966 1681 5007 et
1712 4970 1841 5006 nunc
1869 4952 2102 5021 magniﬁ-

631 5102 709 5175 (1)
750 5101 901 5175 Vulg.
934 5119 944 5153 :
980 5104 1111 5166 Quid
1135 5103 1260 5155 enim
1284 5104 1400 5155 dum
1427 5105 1558 5157 omni
1580 5105 1744 5169 modo,
1776 5106 1875 5158 sive
1906 5121 1991 5172 per
2018 5121 2101 5157 oc-

561 5177 827 5235 casionem,
861 5174 959 5223 sive
980 5189 1063 5241 per
1092 5176 1358 5225 veritatem.

634 5241 710 5312 1‘2)
747 5240 905 5312 Codd.
928 5240 1011 5312 sed
1038 5244 1169 5293 omni
1194 5248 1425 5306 modo;ct
1446 5241 1653 5312 quidem
1676 5258 1702 5295 a
1727 5242 1891 5311 prima
1920 5258 2097 5309 manu,

558 5310 645 5363 sed
669 5310 868 5361 omnino
898 5310 1060 5361 modo.

627 5379 707 5517 £5)
742 5378 905 5431 Codd.
938 5380 1103 5446 aliqua
1129 5389 1172 5432 et
1199 5381 1379 5447 aliqua.

649 5450 704 5516 4)
744 5447 993 5517 Yulgqiet
1021 5452 1071 5501 in
1101 5450 1193 5502 hoc
1220 5450 1379 5517 gaude

649 5447 704 5516 4)
744 5447 917 5515 Vulg.,
950 5457 993 5498 et
1021 5452 1071 5501 in
1101 5450 1193 5502 hoc
1220 5450 1430 5520 gaudeo,
1462 5451 1545 5506 sed
1574 5459 1617 5505 et
1642 5451 1880 5521 gaudebo.

651 5517 705 5571 5)
749 5515 817 5569 Ita
846 5516 997 5569 codd.

775 5529 817 5567 l8
846 5529 997 5569 στοαα.

624 5519 705 5655 ἷόὲ
749 5519 817 5569 lla
846 5519 997 5569 codd.

653 5587 682 5639 6
742 5583 906 5641 Codd.
939 5592 1200 5653 quomodo.

2193 4510 2526 4570 interﬁciant.
2560 4524 2661 4561 non
2694 4520 2772 4562 est
2810 4509 2933 4561 mihi
2964 4521 3015 4561 et
3041 4511 3136 4563 ista
3165 4524 3338 4578 ptena,
3363 4510 3483 4578 quia
3506 4511 3606 4561 vita
3627 4509 3737 4561 mihi

2198 4598 2422 4653 Christus
2452 4610 2539 4662 est,
2573 4610 2618 4652 et
2647 4602 2771 4652 mori
2798 4603 3008 4653 lucrum.

2266 4688 2424 4743 Vsus.
2454 4689 2540 4743 Ἡ.
2585 4719 2653 4730 --
2679 4689 2822 4754 Quod
2846 4692 2887 4741 si
2914 4691 3072 4743 vivere
3098 4690 3145 4741 in
3169 4707 3335 4748 carne.
3364 4691 3445 4742 hic
3467 4691 3589 4742 mihi
3617 4695 3739 4758 frue-

2200 4787 2278 4831 tus
2308 4780 2468 4845 opcris
2494 4789 2581 4831 est.
2616 4778 2871 4845 QttOni.tm
2901 4792 3052 4845 supra
3076 4778 3227 4842 dixit,
3255 4780 3356 4831 vita
3378 4781 3501 4831 mihi
3526 4778 3741 4833 Christus

2201 4880 2303 4929 est;
2344 4878 2393 4921 et
2434 4871 2685 4923 incertum
2730 4885 2883 4937 quant
2912 4872 3068 4922 vitam
3112 4871 3328 4931 dixmit,
3377 4882 3552 4923 utrum
3599 4874 3738 4925 istam

2201 4974 2316 5028 qua:
2343 4960 2392 5013 in
2420 4973 2597 5024 carne,
2633 4974 2698 5012 an
2731 4961 2872 5013 illam
2903 4976 3017 5028 quae
3048 4972 3262 5027 postea;
3312 4960 3445 5028 adjet
3464 4963 3505 5015 it
3546 4962 3612 5015 de
3652 4962 3739 5015 ista

2271 5105 2345 5175 (l)
2379 5105 2527 5171 Vulg.
2560 5122 2571 5156 :
2599 5104 2727 5169 Quia
2751 5106 2799 5157 in
2829 5106 2966 5157 nullo
2992 5107 3272 5172 confundor
3300 5122 3316 5157 :
3344 5106 3429 5157 sed
3456 5107 3505 5175 in
3533 5107 3662 5158 omni
3688 5106 3741 5169 ﬁ-

2206 5173 2347 5227 duciu
2384 5176 2506 5227 sicut
2545 5191 2753 5243 semper,
2780 5184 2824 5227 et
2864 5191 2993 5228 nunc
3023 5176 3427 5244 iuaguiﬁcahitur
3451 5173 3671 5229 Christus
3695 5176 3741 5227 in

2206 5261 2409 5308 corpore
2438 5260 2561 5295 meo.

2272 5314 2345 5379 (‘2)
2385 5312 2548 5382 Codd.
2584 5331 2668 5379 per
2691 5314 2896 5382 species.

2390 5380 2554 5452 Codd.
2587 5384 2650 5435 si.

2273 5449 2347 5519 (4)
2393 5451 2560 5519 Vulg,
2592 5454 2764 5505 vivere.

2272 5518 2322 5584 (5
2386 5518 2547 5572 Codd.
2576 5521 2695 5574 sive.

2274 5519 2351 5656 (δὲ
2388 5588 2548 5644 Codd.
2578 5589 2630 5642 in
2655 5590 2695 5643 vi

2274 5586 2351 5659 ts)
2388 5588 2548 5644 Codd.
2578 5589 2630 5642 in
2655 5590 2740 5643 vit.
