3950 6206
220 287 350 344 4201

1011 287 1075 342 IN
1118 285 1495 341 EPISTOLAM
1535 283 1735 339 PAULI
1773 282 1874 336 Αὓι
1902 282 2392 342 PHILIPPENSES
2431 285 2648 340 LIBER.

3345 283 3480 339 1902

223 402 350 465 vita,
380 416 497 471 qua:
526 400 614 456 hic
639 402 689 454 in
716 416 875 455 carne
901 412 1002 464 est,
1027 410 1077 455 et
1106 402 1236 455 dixit
1265 399 1610 454 nihilominus
1639 397 1798 452 etiam
1826 397 1880 457 Α
1905 408 1960 452 ιιι
1987 415 2084 468 ego
2119 414 2354 468 presens
2382 401 2604 454 sentiam
2637 399 3082 468 quemadmodum
3112 399 3276 470 gloria
3301 411 3475 455 vestra

223 493 274 546 in
324 493 418 545 ista
469 493 598 557 vita,
645 508 762 544 cum
805 492 888 544 hic
937 492 985 543 iu
1037 506 1195 544 carne
1221 489 1468 554 vivimus,
1503 489 1699 557 [ructus
1730 496 1800 539 cst

225 586 370 647 mihi,
404 585 593 655 inquit,
621 586 803 655 operis.
836 585 933 652 Qui
980 586 1078 637 iste
1130 585 1306 653 operis
1349 583 1586 637 fructus?
1629 592 1682 635 ut
1721 581 1801 634 la-

226 679 355 732 bore
379 693 494 732 meo
519 686 570 732 et
599 677 881 745 Evangelio
904 678 1208 731 annuntiem
1232 675 1522 740 Christum,
1547 685 1598 730 et
1622 675 1800 728 multis

221 785 371 839 spem
393 771 511 823 vita:
532 778 585 822 et
607 770 914 823 salvationis
935 768 1179 833 efﬁciam,
1204 783 1321 822 cum
1346 783 1563 837 sperare
1587 768 1636 820 in
1652 767 1800 820 Chri-

221 873 363 915 stqu
383 861 663 927 emperint,
681 868 734 913 et
748 859 901 914 fidem
920 860 1204 928 Evangelia
1222 859 1364 913 dare.
1389 859 1481 912 llic
1498 868 1599 918 est,
1615 858 1801 925 inquit,

220 953 353 1006 mihi
379 952 576 1005 lructus
596 953 773 1019 operis
793 951 953 1004 etiam
977 953 1025 1004 in
1053 966 1211 1004 carne
1235 952 1432 1004 vivi-re.
1469 949 1532 1002 Et
1564 949 1682 1018 quid
1709 949 1802 1001 eli-

218 1059 337 1112 gam
368 1044 562 1113 ignoro.
593 1043 715 1097 Sive
743 1045 884 1094 enim
918 1043 1132 1106 moriar,
1162 1042 1280 1110 quia
1314 1056 1445 1093 mors
1478 1040 1671 1092 lucrum
1701 1053 1801 1104 est,

219 1149 284 1188 ac
312 1134 432 1186 mihi
472 1135 570 1186 vita
598 1132 829 1186 Christus
850 1142 942 1196 est,
966 1139 1019 1184 et
1040 1133 1101 1184 ad
1136 1133 1279 1186 illum
1319 1131 1496 1199 utique
1535 1131 1802 1197 pervenio,

220 1243 343 1280 cum
368 1229 564 1280 morior
583 1225 660 1298 (l)
694 1225 776 1279 hic
807 1226 855 1278 in
880 1241 1074 1279 carne:
1108 1226 1219 1280 sive
1252 1241 1432 1278 rursus
1453 1224 1535 1277 hic
1567 1225 1615 1276 in
1647 1239 1806 1278 carne

219 1318 429 1379 vivam,
464 1316 581 1385 quia
616 1316 742 1369 mihi
774 1315 973 1371 liuctus
1003 1328 1083 1370 est
1121 1318 1293 1378 operis
1323 1313 1807 1369 annnutiareChri-

216 1420 361 1461 Stum
411 1419 463 1462 et
511 1407 915 1477 evangelizare;
953 1407 1072 1477 quid
1123 1409 1323 1477 eligam.
1370 1407 1558 1476 inquit,
1589 1405 1802 1469 nescio;

223 1510 398 1553 utrum
431 1512 653 1554 mortem
693 1510 960 1569 appetant,
996 1516 1061 1553 an
1086 1501 1254 1553 adhuc
1298 1500 1347 1554 in
1396 1500 1500 1552 vita
1545 1513 1800 1552 maneam.

299 1590 465 1645 Vsus.
516 1591 717 1656 23,2i.
770 1622 838 1632 —
887 1590 1124 1645 Coarctor
1145 1605 1308 1645 autem
1331 1607 1391 1644 ea:
1421 1591 1632 1652 duobus,
1681 1606 1798 1642 con-

222 1684 586 1748 cupiscentiam
655 1683 836 1736 habens
885 1683 1092 1737 dissolvi
1140 1693 1184 1738 et
1249 1701 1352 1738 esse
1400 1700 1514 1736 cum
1569 1681 1799 1745 Christo,

1904 489 2101 543 exultet
2118 500 2171 542 et
2197 489 2430 543 abundet
2459 491 2507 542 in
2527 488 2760 555 Christo,
2787 491 2926 558 quod
2947 488 3214 544 Christum
3235 491 3472 561 diligitis.

1904 584 2041 653 quod
2055 581 2266 636 Christo
2281 583 2654 652 servitis,quod
2671 588 2682 632 t
2697 582 2880 635 ibrislo
2895 597 2986 636 vos
3002 583 3200 638 servire
3212 581 3471 651 gaudetis.

1975 673 2138 727 Vens.
2204 673 2294 728 ‘27.
2344 701 2413 714 —-
2464 673 2833 726 Tantummodo
2883 673 3032 741 digne
3083 677 3134 726 in
3200 672 3477 744 Evangelia

1904 763 2092 817 Christi
2114 765 2476 818 conversamini
2496 765 2592 834 (l).
2621 765 2753 818 TOIa
2785 765 2903 816 vitze
2937 779 3144 816 summa
3173 763 3478 818 christiana)

1905 854 2000 908 ista
2025 865 2126 917 est,
2155 856 2205 908 iu
2234 855 2514 924 livangulio
2548 853 2763 908 Christo
2803 854 3130 919 convchari,
3176 855 3344 924 ipsum
3374 857 3475 911 sibi

1904 946 2218 1000 annuntiare
2239 955 2292 1000 et
2310 947 2535 1006 caneris.
2554 949 2600 997 in
2625 948 2736 1015 ipso
2759 961 2906 1013 Spem
2931 946 3319 1010 habere,omne
3337 947 3479 1016 quod

1905 1049 2016 1105 agat
2050 1051 2116 1089 ex
2149 1035 2409 1090 mandatis
2434 1036 2546 1105 ejus
2576 1051 2732 1105 agere
2760 1054 2771 1088 :
2805 1038 2902 1089 hoc
2919 1047 2997 1090 est
3019 1036 3176 1105 digne
3206 1035 3258 1088 in
3294 1036 3470 1090 Evan-

1905 1128 2042 1195 gelin
2064 1124 2259 1179 Christi
2287 1128 2610 1180 converSari.
2644 1125 2746 1182 Sed
2779 1137 2830 1180 et
2859 1127 2958 1181 huc
2986 1142 3167 1194 parum
3195 1135 3278 1180 est.
3307 1144 3318 1178 :
3350 1143 3476 1196 ergo

1903 1217 2225 1285 jungendum
2254 1218 2375 1271 utin
2408 1217 2691 1286 Evangelia
2718 1219 2911 1271 Cltt'lsll
2941 1234 3319 1273 conversemur
3350 1230 3477 1275 ante

1907 1311 2101 1368 omnia,
2135 1319 2187 1362 et
2207 1309 2362 1377 digne
2389 1324 2785 1362 cnnVersetnnr.
2824 1309 2915 1362 Est
2949 1309 3103 1379 digne
3144 1310 3473 1375 Conversari,

1907 1398 2195 1451 secundum
2242 1399 2357 1466 ejus
2395 1409 2654 1468 praecepta
2695 1400 2911 1461 vivere,
2944 1408 2997 1452 ct
3046 1415 3106 1454 ea
3147 1401 3318 1454 facere
3359 1416 3479 1470 qua:

1908 1490 2148 1544 Cbrisms
2178 1491 2432 1559 prtecipit.
2469 1491 2533 1546 Ut
2562 1491 2664 1545 sive
2687 1509 2799 1544 cum
2828 1508 3002 1546 venero
3025 1533 3039 1558 ,
3073 1503 3118 1546 et
3147 1493 3315 1546 videro
3354 1510 3478 1558 vos;

1907 1583 2008 1635 sive
2033 1599 2119 1652 per
2151 1583 2444 1647 absentiam,
2482 1584 2683 1637 audiam
2711 1584 2771 1637 de
2796 1585 2930 1637 vobis
2972 1586 3210 1654 quoniam
3240 1587 3382 1638 statis
3424 1585 3480 1637 in

1909 1690 2007 1726 uno
2035 1675 2236 1743 spiritu,
2270 1691 2371 1727 una
2395 1675 2563 1727 animo
2597 1685 2934 1727 concertantes
2964 1691 3075 1727 cum
3109 1676 3207 1740 ﬁde
3252 1674 3479 1744 (franges

224 1784 413 1844 quarto
556 1775 715 1845 magis
745 1776 986 1842 optimum
1015 1786 1100 1827 ρει,
1141 1774 1206 1828 υι
1234 1791 1346 1828 vero
1386 1785 1550 1827 autem
1576 1776 1626 1825 in
1654 1789 1804 1825 came
1834 1767 1880 1826 B
2106 1765 2220 1832 Ipse
2241 1766 2458 1832 exponit
2479 1765 2602 1832 quid
2627 1765 2695 1818 Sil
2719 1765 2873 1833 digne
2897 1765 2944 1816 ἰιι
2969 1764 3253 1833 Evangelio
3276 1762 3473 1818 Citl‘iSli

232 1880 576 1930 permaneant,
637 1865 968 1916 necessarium
1025 1875 1229 1935 propter
1282 1881 1364 1917 vos
1416 1865 1513 1932 (5).
1567 1863 1800 1932 Duplex,

229 1954 436 2024 inquit,
493 1969 576 2008 me
624 1955 917 2010 neces~itas
973 1964 1027 2009 et
1078 1957 1341 2025 cupidtas
1398 1957 1447 2008 in
1505 1955 1668 2008 divisa
1726 1954 1803 2022 (4)

231 2046 477 2104 deducit:
505 2063 622 2101 nam
654 2059 706 2102 et
727 2048 894 2102 habeo
914 2050 1362 2118 concupiscentiam
1395 2049 1620 2113 dissolvi,
1655 2048 1706 2101 id
1726 2058 1807 2102 est

234 2137 512 2192 discedere
543 2156 568 2190 a
601 2154 844 2208 corpore,
878 2149 922 2192 et
959 2155 1066 2192 esse
1107 2156 1217 2192 cum
1266 2136 1499 2202 Christo;
1549 2137 1703 2192 etiam
1748 2139 1808 2191 il-

235 2230 343 2284 lam
365 2231 466 2302 (5),
498 2232 700 2285 lucrum
732 2232 985 2301 consequi
1007 2250 1020 2295 ;
1046 2232 1183 2300 quod
1206 2242 1288 2286 est
1309 2231 1519 2302 quidem
1549 2232 1807 2300 optimum

236 2331 294 2373 et
321 2320 638 2389 eligendum.
661 2320 765 2375 Sed
791 2336 972 2374 rursus
996 2332 1072 2374 est
1097 2321 1222 2374 mihi
1253 2322 1301 2374 in
1335 2335 1496 2374 carne
1520 2323 1808 2376 necessitas

238 2419 298 2463 ιιι
326 2426 564 2464 maneam
594 2420 648 2464 et
678 2426 1011 2479 perseverem
1038 2423 1254 2481 pmpter
1292 2426 1405 2465 vos.
1441 2411 1514 2465 Ita
1545 2413 1806 2480 snperiori

237 2503 377 2572 parti
408 2503 890 2572 Concupiscentiam
914 2502 1058 2557 dedit
1083 2503 1297 2557 ιιι»εοίνὶ
1317 2503 1452 2558 velle
1470 2513 1659 2558 etesse
1687 2519 1807 2558 cum

236 2593 472 2659 Christo,
490 2596 611 2665 quia
640 2610 904 2650 summum
924 2605 1077 2651 estet
1098 2601 1418 2666 prtecipttum
1442 2597 1768 2665 etoptimum
1792 2614 1806 2662 ;

237 2687 326 2740 hic
361 2699 536 2740 autem
586 2699 640 2741 ut
683 2688 734 2741 in
774 2704 932 2742 carne
975 2689 1145 2742 adhuc
1185 2700 1396 2744 maneat
1440 2690 1807 2744 necessitatem

239 2778 400 2846 magis
439 2777 602 2840 dixit,
634 2793 789 2847 quam
819 2778 993 2842 illam;
1027 2789 1082 2831 ιιι
1113 2791 1328 2847 pt‘0pter
1370 2780 1470 2833 hoc
1504 2781 1669 2832 vivam
1693 2821 1709 2845 ,
1755 2789 1810 2833 ut

241 2885 337 2923 vos
368 2871 657 2927 instruant.
693 2880 749 2923 ut
779 2885 873 2923 vos
914 2870 964 2923 in
1004 2871 1286 2940 Evangelia
1317 2874 1647 2927 conlirmem.
1677 2872 1807 2926 Cum

239 2963 400 3031 igitur
443 2961 575 3015 duas
604 2963 769 3016 veluti
799 2963 1258 3031 concupiscentias
1294 2963 1503 3022 habeat.
1534 2966 1812 3017 coulirtnat

239 3068 396 3107 unam
416 3055 554 3124 quod
585 3055 669 3108 hic
700 3054 751 3107 in
776 3069 936 3109 carne
959 3055 1133 3108 adhuc
1155 3057 1422 3119 manebit;
1443 3066 1497 3111 et
1527 3059 1624 3111 hoc
1643 3058 1810 3111 Catili-

1906 1855 2228 1918 conversari,
2246 1871 2345 1908 uno
2369 1855 2551 1922 spiritu
2572 1865 2798 1919 stantes,
2825 1872 2927 1908 una
2954 1855 3121 1908 anima
3139 1866 3480 1908 concertantes

1907 1962 2019 1998 cum
2058 1947 2157 2012 ﬁde
2198 1944 2509 2016 Evangelii:
2551 1945 2747 2014 Spiritu
2802 1959 3000 2010 autem,
3045 1947 3225 2015 inquit,
3276 1956 3480 2001 stantes

1908 2053 2005 2089 uno
2038 2054 2050 2090 :
2085 2039 2204 2105 quia
2238 2053 2374 2090 unus
2417 2045 2498 2090 est
2538 2039 2754 2106 spiritus
2799 2052 2918 2090 cum
2968 2037 3074 2105 jam
3127 2039 3379 2106 εςιριιιιιις,
3424 2046 3479 2092 ει

1910 2127 2250 2195 Evangelium
2279 2128 2537 2181 sentimus
2566 2167 2579 2191 ,
2603 2137 2658 2180 et
2683 2126 2752 2180 ita
2777 2127 3020 2181 vivimus.
3070 2128 3272 2182 Animte
3299 2139 3478 2183 autem

1909 2232 2043 2286 Opus
2072 2217 2173 2271 hoc
2211 2229 2293 2272 est
2313 2259 2327 2278 .
2360 2228 2414 2271 ιιι
2442 2218 2660 2272 adversa
2689 2218 2930 2287 corporis
2961 2218 3323 2285 erpellaums:
3356 2219 3476 2273 ideo

1911 2327 2035 2374 una,
2067 2312 2253 2379 inquit,
2285 2321 2650 2365 concertautes
2677 2326 2796 2364 cum
2845 2311 2982 2376 ﬁde;
3015 2327 3172 2381 quam
3207 2311 3360 2366 [idem
3389 2327 3486 2366 vo-

1911 2404 1991 2456 bis
2018 2402 2364 2473 Evangelium
2395 2404 2557 2458 dedit.
2589 2405 2725 2473 Ergo
2749 2414 2886 2458 state
2905 2445 2919 2467 ,
2955 2405 3142 2472 inquit,
3169 2405 3218 2458 iu
3247 2420 3350 2458 uno
3377 2405 3485 2474 Spi-

1911 2494 2035 2560 ritu,
2059 2503 2112 2548 et
2151 2494 2503 2548 colluctamini
2549 2509 2647 2548 una
2694 2495 2866 2548 anima
2897 2510 3017 2549 cum
3055 2495 3156 2550 lide
3185 2495 3475 2565 Evangelii.
3530 2555 3535 2560 ,

1986 2584 2176 2652 Υειιιιιι
2222 2585 2336 2639 lnec
2381 2586 2640 2654 expositio
2679 2585 2804 2638 illud
2851 2585 3088 2640 continet
3127 2585 3267 2655 quod
3318 2600 3479 2655 supra

1911 2677 2060 2742 dixit,
2091 2677 2247 2747 digne
2275 2680 2325 2731 in
2353 2678 2639 2747 Evangelia
2667 2676 2860 2732 Christi
2892 2679 3303 2734 c0uversamini.
3335 2679 3480 2747 Quo-

1912 2768 2069 2822 modo
2091 2781 2263 2822 autem
2289 2783 2346 2823 se
2369 2769 2596 2822 habeant
2614 2769 2770 2823 verba
2792 2779 2846 2822 ut
2871 2771 3072 2838 integra
3102 2771 3202 2824 sibi
3223 2781 3275 2824 et
3299 2770 3481 2839 juncta

1912 2865 2044 2926 sint,
2078 2863 2153 2916 sic
2181 2863 2552 2916 attendemus:
2579 2861 2991 2924 conversamini,
3027 2861 3214 2930 inquit,
3248 2862 3404 2931 digne
3425 2861 3482 2916 in

1912 2953 2230 3020 Evangelio,
2263 2965 2319 3007 ut
2353 2954 2508 3022 digne
2552 2954 2698 3006 voltis
2737 2955 2940 3006 audiam
2970 2956 3205 3024 quoniam
3241 2956 3384 3008 statis
3427 2955 3484 3008 in

1911 3061 2013 3098 uno
2047 3046 2226 3112 spiritu
2259 3057 2303 3098 et
2331 3063 2428 3099 una
2466 3046 2636 3098 anima
2671 3056 3012 3099 concertantes
3044 3064 3156 3100 cum
3189 3047 3288 3114 ﬁde
3315 3046 3483 3101 Evan-

238 3145 424 3200 denter
456 3147 586 3208 scio,
624 3149 871 3214 quaniam
913 3151 1157 3214 rnaueho,
1200 3161 1252 3203 et
1288 3151 1611 3218 permanebo
1642 3151 1806 3215 vobis,

1915 3135 2052 3205 gelii.
2093 3135 2315 3190 Audiam
2347 3151 2524 3191 autem
2559 3140 2638 3189 vel
2680 3153 2768 3205 per
2794 3137 3098 3199 absentiam;
3131 3138 3261 3193 lides
3300 3148 3481 3193 autem

238 3236 303 3289 ad
335 3248 563 3291 vestrum
599 3238 891 3307 profectum
916 3249 969 3294 et
989 3243 1210 3308 gratiam
1243 3240 1384 3294 ﬁdei.
1413 3240 1545 3295 Vere
1568 3250 1622 3294 ut
1642 3250 1805 3311 pater,

240 3344 364 3384 vere
392 3339 450 3383 ιιι
481 3330 705 3384 famulus
739 3332 850 3396 Dei,
877 3331 943 3386 de
970 3333 1174 3388 duabus
1207 3334 1587 3403 cupiditatibus
1616 3336 1724 3387 suis
1746 3334 1810 3388 il-

241 3420 343 3473 lam
376 3423 523 3490 quasi
559 3423 790 3492 reliqu‘t,
815 3440 930 3489 quae
963 3425 1060 3494 ipsi
1094 3434 1290 3478 tantum
1324 3425 1492 3479 fuerat
1512 3427 1804 3495 profutura,

246 3521 298 3563 ut
315 3510 423 3578 j.un
444 3512 636 3576 abiret,
656 3513 761 3582 jam
778 3513 1157 3567 dissolveretur
1178 3523 1427 3584 essetque
1444 3531 1560 3569 cum
1575 3513 1806 3569 Christo.

314 3601 474 3656 Vsus.
517 3601 608 3659 25.
656 3633 724 3644 -
770 3601 1001 3672 Conﬁdo,
1036 3606 1241 3674 inquit,
1271 3615 1316 3658 et
1347 3607 1652 3671 conﬁdenter
1679 3608 1805 3670 scio,

238 3697 477 3766 quoniam
504 3695 635 3750 Deus
663 3712 739 3750 me
767 3699 845 3749 hic
865 3698 1030 3750 adhuc
1055 3714 1162 3751 esse
1182 3699 1353 3769 faciet,
1374 3710 1426 3751 ut
1449 3714 1768 3768 permaneant
1788 3717 1807 3765 ,-

237 3797 283 3839 et
319 3787 640 3854 permanebo,
673 3798 725 3840 ut
755 3789 888 3842 vobis
923 3789 1151 3841 omnibus
1189 3790 1398 3858 prosim,
1442 3798 1484 3841 et
1527 3791 1808 3860 profectum

237 3878 464 3930 habeatis
490 3879 556 3929 ad
583 3879 798 3948 gloriam
818 3879 938 3944 ﬁdei
961 3879 1056 3949 (6).
1082 3879 1323 3944 Manebo,
1354 3879 1522 3947 inquit
1542 3919 1555 3942 ,
1583 3888 1636 3932 et
1663 3879 1809 3947 adje-

235 3969 304 4023 cit
333 3969 581 4038 amplius,
613 3980 660 4023 et
689 3971 1002 4037 permanebo,
1038 3971 1086 4023 id
1108 3981 1208 4033 est,
1232 3985 1399 4039 usque
1427 3971 1493 4023 ad
1523 3970 1805 4037 perfectio-

236 4077 358 4116 nem
392 4061 648 4126 maneho;
688 4062 1061 4130 perfectionem
1110 4070 1284 4114 autem
1333 4063 1596 4130 ριόῐει-ιιιε
1620 4062 1803 4128 vestri,

237 4165 293 4207 ut
323 4153 614 4223 pi‘oliciatis
653 4161 707 4206 et
732 4154 951 4221 gratiam
984 4154 1401 4223 consequamini,
1425 4153 1542 4207 lidei
1567 4155 1804 4218 scilicet;

238 4246 288 4300 id
304 4256 387 4300 est
413 4259 533 4300 eum
566 4246 720 4300 iidem
751 4248 1011 4314 praestatis
1041 4265 1067 4299 a
1102 4250 1207 4301 Deo
1229 4248 1448 4317 gratiam
1475 4250 1805 4303 mer-camini.

309 4338 469 4392 Vens.
495 4339 585 4394 26.
617 4370 686 4379 —-
712 4338 776 4393 Ut
795 4340 956 4407 gloria
988 4351 1032 4394 et
1053 4341 1293 4393 exultatio
1322 4349 1482 4394 vestra
1511 4341 1726 4394 abundet
1756 4342 1808 4395 in

237 4431 437 4487 Christo
467 4431 588 4486 Jesu
619 4450 769 4504 penes
802 4449 909 4494 nte,
958 4450 1046 4502 per
1076 4434 1396 4499 praesentiam
1442 4449 1602 4486 meam
1644 4433 1807 4486 denuo

1912 3237 2007 3282 erit
2027 3270 2042 3292 ,
2067 3238 2122 3280 ut
2147 3243 2266 3280 cum
2294 3228 2535 3290 audiam,
2560 3227 2770 3280 credam
2793 3268 2806 3292 ,
2832 3243 2951 3282 eum
2977 3243 3172 3282 venero
3196 3229 3259 3282 ad
3287 3243 3399 3290 vos,
3426 3239 3482 3285 et

1911 3319 2094 3373 videro
2127 3333 2240 3373 vos.
2274 3319 2390 3374 Sive
2417 3336 2504 3391 per
2533 3319 2807 3373 absentiam
2841 3320 3049 3371 audiam
3087 3319 3148 3371 de
3178 3320 3311 3378 vobis
3334 3363 3348 3385 ,
3372 3320 3485 3388 jam

1909 3408 1974 3463 ad
2007 3421 2284 3478 utrumque
2308 3409 2494 3463 videro
2521 3412 2890 3480 vos,quonlant
2907 3408 3058 3464 statis
3075 3411 3122 3461 in
3144 3424 3248 3462 uno
3270 3410 3480 3478 spiritu.

1979 3499 2139 3553 Vens.
2171 3500 2241 3553 ‘18
2304 3528 2375 3540 -—
2397 3497 2459 3552 Et
2516 3516 2603 3553 nec
2650 3501 2700 3553 in
2752 3515 3065 3568 quocumque
3095 3500 3254 3552 territi
3279 3499 3390 3552 sitis
3414 3500 3477 3552 ab

1908 3589 2212 3644 adversariis
2242 3589 2319 3658 t5)
2345 3607 2358 3643 :
2385 3599 2437 3644 et
2466 3589 2565 3644 hoc
2591 3606 2721 3658 otius
2750 3594 2976 3658 pertinet
3005 3590 3069 3644 ad
3098 3591 3482 3659 expositionem

1909 3681 2047 3751 quod
2072 3693 2150 3735 est
2181 3682 2335 3750 digne
2363 3681 2413 3735 in
2449 3682 2732 3752 Evaiigelio
2754 3681 2951 3736 Christi
2973 3682 3296 3745 conversari,
3325 3695 3479 3734 num-

1908 3790 2065 3844 quam
2100 3776 2285 3828 terreri
2316 3775 2381 3826 ab
2410 3774 2755 3838 adversariis,
2794 3787 2890 3828 nec
2931 3774 2982 3827 in
3023 3773 3200 3843 aliquo
3240 3771 3428 3826 terreri
3463 3789 3479 3824 :

1909 3866 2330 3936 quandoquidem
2360 3877 2440 3920 est
2468 3866 2570 3920 illis
2596 3866 2882 3921 declaratio
2913 3865 3177 3928 interitus,
3208 3865 3361 3920 nobis
3386 3881 3483 3918 au-

1911 3968 2013 4013 tem
2059 3959 2261 4012 salutis.
2300 3957 2406 4012 lloc
2429 3997 2443 4023 ,
2474 3958 2676 4027 inquit,
2711 3975 2812 4010 non
2861 3955 3152 4028 terreri-(4)
3188 3956 3479 4024 Evangelio

1909 4050 2217 4104 servientes.
2251 4049 2305 4104 Id
2349 4059 2430 4103 est
2462 4051 2634 4103 omnis
2679 4062 2825 4102 actus
2855 4047 3125 4102 christiani
3155 4047 3220 4101 ad
3251 4047 3476 4101 salutem

1909 4151 2009 4202 est.
2041 4159 2144 4195 non
2176 4141 2478 4196 conturbari
2506 4141 2570 4193 ab
2596 4141 2852 4203 adversis,
2883 4140 3037 4193 lldem
3059 4138 3328 4208 Evangelii
3359 4152 3478 4192 cre-

1908 4233 2034 4289 dere
2059 4235 2110 4288 in
2134 4234 2372 4298 Christo,
2405 4235 2507 4303 pati
2539 4248 2632 4303 pro
2663 4233 2871 4287 Chrile
2894 4275 2907 4298 ,
2944 4232 3206 4300 simulque
3232 4231 3390 4284 etiam
3421 4239 3485 4285 ut

1908 4327 2138 4382 sciamus
2167 4342 2232 4380 ex
2269 4326 2355 4378 Dei
2386 4328 2552 4396 gratia
2587 4325 2882 4393 provenire.
2917 4323 3054 4388 Ergo
3086 4322 3199 4376 haec
3219 4362 3235 4385 ,
3265 4321 3436 4389 inquit
3463 4362 3479 4388 ,

1911 4434 1994 4474 res
2019 4434 2124 4473 non
2150 4419 2334 4474 terreri
2354 4419 2404 4472 in
2419 4418 2595 4487 aliqua
2622 4416 2688 4470 ab
2719 4415 3056 4477 adversariis,
3073 4421 3127 4468 et
3139 4413 3290 4466 nobis
3312 4412 3376 4465 ad
3399 4427 3485 4466 sa-

235 4526 376 4596 apud
402 4542 486 4578 vos
510 4524 608 4596 (7).
643 4525 709 4580 Ut
732 4541 850 4578 cum
881 4523 1018 4592 apud
1060 4539 1152 4578 vos
1194 4539 1312 4578 esse
1343 4527 1529 4578 iterum
1571 4538 1803 4592 empero,
1833 4508 1888 4567 D
1912 4509 2798 4574 luteme~t,etnoSIrisadversariis
2815 4521 2972 4561 causa
2989 4504 3149 4561 estad
3176 4505 3484 4559 interitum:

237 4618 339 4672 hoc
373 4627 455 4674 est
497 4633 584 4688 per
609 4618 924 4686 prtcsentiam
955 4634 1114 4670 meam
1146 4618 1311 4671 denuo
1339 4618 1404 4670 ad
1452 4632 1568 4678 vos,
1609 4617 1805 4672 eXuItel

237 4715 406 4784 gloria
443 4723 638 4774 vestra.
664 4720 716 4767 et
739 4711 956 4765 abundet
979 4713 1087 4779 ipsa
1113 4711 1350 4764 exultatio
1371 4710 1423 4762 in
1454 4709 1654 4763 Christo
1681 4708 1808 4763 Jesu

238 4821 389 4875 penes
412 4820 510 4867 me,
525 4821 613 4874 per
629 4802 949 4873 pra'settlt'am
973 4817 1135 4855 meum
1156 4802 1319 4855 denuo
1339 4801 1478 4870 apud
1502 4817 1586 4856 vos
1609 4817 1627 4854 :
1653 4801 1704 4856 id
1727 4810 1809 4858 est

305 4951 386 5020 (1)
424 4949 591 5003 Codd.
620 4949 811 5001 metior.

309 5021 390 5088 (‘2)
429 5021 500 5074 Ita
529 5020 684 5073 codd.

307 5086 387 5160 (5)
437 5091 567 5158 \‘ulg
615 5107 628 5143 :
661 5087 900 5143 Coarctor
926 5097 1093 5160 autem
1110 5087 1362 5160 eduobus,
1389 5086 1693 5160 desiderium
1714 5088 1807 5140 ha-

238 5156 357 5215 bens
387 5156 597 5213 dissolvi
624 5170 669 5211 et
695 5176 803 5213 esse
822 5175 937 5212 cum
961 5156 1178 5212 Christo.
1216 5156 1372 5209 multo
1396 5157 1555 5225 magis
1584 5159 1760 5211 melius
1788 5174 1806 5211 :

237 5246 531 5301 permanere
556 5239 724 5283 autem
751 5231 800 5282 in
826 5244 974 5282 carne
1004 5227 1338 5281 necessarium
1366 5237 1569 5298 propter
1589 5242 1694 5284 vos.

330 5301 386 5364 4)
431 5301 502 5355 Ita
532 5300 684 5354 codd.
717 5314 812 5364 pro
841 5301 1055 5352 diversa.

330 5373 386 5438 5)
437 5370 509 5426 Ita
535 5369 688 5423 codd.
723 5369 961 5438 Intelligo
990 5377 1163 5421 autem
1189 5367 1663 5434 concupiscentiam.

309 5438 392 5511 (6)
433 5440 584 5508 Vulg.
616 5457 629 5493 :
667 5439 728 5511 Et
773 5440 866 5492 hoc
909 5438 1166 5511 conﬁdens
1206 5438 1342 5500 scio,
1374 5438 1493 5506 quia
1523 5438 1730 5491 manebo
1758 5447 1805 5492 et

239 5507 788 5585 permaneboomnibus
815 5509 950 5561 vobis
975 5507 1042 5560 ad
1071 5511 1348 5578 profectum
1377 5518 1595 5560 vestrum
1614 5520 1658 5562 et
1678 5525 1804 5579 gau-

238 5581 377 5637 dium
407 5581 542 5637 ﬁdei.

316 5583 588 5722 Ἠβὲῗίε.
632 5648 698 5705 Ut
737 5647 1013 5722 gratulatio
1059 5654 1220 5722 vestra
1248 5645 1467 5722 abundet
1494 5646 1549 5700 in
1603 5645 1802 5705 Christo

239 5713 434 5779 les‘u'in
458 5713 644 5789 meper
661 5713 828 5772 ιιιινῖιιιι
847 5717 1113 5771 adventum
1134 5716 1310 5770 iterum
1330 5713 1397 5768 ad
1415 5728 1519 5769 vos.

1913 4611 1967 4656 et
1993 4603 2092 4656 hoc
2111 4615 2284 4656 tamen
2311 4602 2505 4655 donum
2527 4613 2601 4656 εει
2637 4599 2745 4654 Dei.
2771 4597 2837 4652 Et
2867 4599 2960 4652 hoc
2989 4614 3020 4650 α
3043 4595 3147 4652 Deo
3175 4611 3277 4650 :ue
3303 4610 3483 4662 operte

1914 4705 2111 4750 nostra:
2127 4702 2370 4764 putemus
2396 4707 2533 4751 esse.
2554 4691 2692 4762 quod
2720 4706 2821 4745 non
2845 4691 3029 4744 terreri
3048 4703 3206 4743 causa
3235 4685 3387 4741 nobis
3404 4695 3488 4743 est

1913 4784 1976 4838 ad
1995 4784 2215 4838 salutem
2239 4800 2251 4836 :
2279 4799 2398 4837 nam
2415 4783 2583 4838 ethoc
2596 4798 2623 4835 a
2642 4783 2746 4836 Deo
2761 4790 2864 4844 est,
2882 4782 3034 4835 sicuti
3051 4778 3355 4845 frequenter
3369 4790 3485 4831 mo-

1913 4875 2096 4942 nui,ut
2122 4875 2210 4930 Dei
2244 4885 2372 4930 nutu
2395 4887 2447 4930 et
2477 4870 2840 4928 misericordia
2867 4881 2920 4925 et
2946 4870 3112 4941 gratia
3138 4868 3478 4922 liantomnia.

1985 4965 2150 5023 Vens.
2195 4966 2287 5026 29.
2317 4967 2405 5022 50.
2439 4997 2508 5007 —
2545 4965 2795 5034 Quoniam
2849 4962 2983 5018 vobis
3037 4963 3276 5018 donatum
3330 4970 3402 5015 est
3449 4975 3486 5012 α

1911 5058 2116 5114 Christo
2146 5059 2246 5131 (5).
2270 5057 2428 5114 Omni
2465 5058 2836 5114 exhortatione
2881 5064 3139 5125 praecepta
3199 5053 3312 5108 haec
3363 5052 3484 5120 jun-

1908 5158 2020 5227 git:
2051 5158 2276 5227 pertinet
2313 5159 2453 5213 enim
2501 5158 2656 5224 digne
2707 5157 2760 5211 in
2790 5153 3075 5226 Evangelia
3128 5152 3322 5210 Citriin
3352 5165 3485 5207 con-

1910 5251 2111 5306 versari
2166 5251 2290 5322 quid
2355 5251 2458 5318 sit,
2511 5250 2588 5307 sic
2642 5249 2926 5306 ostendere
2977 5248 3270 5305 secundum
3322 5259 3485 5315 supe-

2098 5366 2249 5438 Vulg.
2283 5365 2496 5438 Tantum
2525 5365 2675 5436 digne
2701 5363 3022 5438 Evang._etc.

1981 5430 2062 5509 (2)
2092 5430 2264 5506 Vulg,
2288 5430 2610 5509 sivegabsens'.
2631 5430 2856 5509 audiant
2875 5434 2937 5486 de
2960 5431 3236 5509 {vobisﬂuia
3263 5430 3406 5509 statis
3423 5430 3479 5483 in

1909 5524 2011 5562 uno
2042 5499 2222 5579 spiritu
2251 5499 2530 5579 unanimes,
2558 5505 2928 5579 collaborantes
2947 5503 3065 5579 ﬁdei
3092 5499 3378 5579 Evangelii.

1982 5571 2079 5647 (5)
2106 5580 2278 5647 \tnlg.,
2302 5576 2368 5630 Et
2395 5577 2446 5629 in
2477 5576 2618 5629 nullo
2647 5574 2929 5647 tem-amitti
2957 5573 3019 5625 ab
3045 5571 3365 5624 adversariis.

1980 5643 2061 5718 (4)
2099 5643 2293 5718 Codd,
2316 5659 2519 5718 terrere,
2546 5659 2603 5718 et
2631 5645 2844 5718 quidem
2871 5643 2986 5697 sine
3007 5659 3126 5696 non.

1983 5709 2062 5788 (Pl)
2106 5709 2289 5788 Vulg,
2317 5716 2448 5783 Quia
2474 5709 2611 5771 vobis
2639 5709 2880 5770 donatum
2907 5721 2979 5769 est
3006 5726 3096 5778 pro
3117 5709 3334 5769 (.‘hristm
