3950 6206
550 272 687 327 ηοδ

1762 264 1943 319 MAR"
1991 262 2317 319 VlCTURINI
2371 266 2526 321 AFRI

3642 272 3764 328 i204

550 386 692 439 riora
717 388 1003 449 prascepta:
1028 389 1078 433 et
1108 394 1244 432 nunc
1268 394 1386 433 cum
1411 378 1708 432 exhortatio
1728 376 2023 447 adiungitur
2042 389 2098 431 ut
2128 380 2175 437 Λ
2203 378 2359 447 igitur
2381 380 2423 433 si
2445 390 2525 433 est
2549 380 2838 436 consolatio
2864 381 3161 437 dilectionis
3178 425 3192 447 ,
3219 396 3277 438 ut
3300 385 3426 455 quia
3456 401 3554 438 vos
3580 387 3763 455 diligo,

555 472 766 528 credant
807 472 857 523 in
896 468 1140 531 Christo;
1177 484 1345 537 neque
1390 475 1587 521 tantum
1633 465 1877 532 credant,
1918 468 2010 520 sed
2052 476 2111 520 ut

558 564 715 617 etiam
749 560 1011 630 patiantur
1038 575 1131 626 pro
1160 558 1269 611 illo.
1306 560 1431 623 Qus:
1468 567 1641 612 autem
1670 559 1949 626 patiantur.
1977 556 2106 613 sub-

550 653 756 722 iungit:
791 650 873 702 vel
893 665 1007 717 qur
1037 649 1087 701 in
1118 663 1200 702 me
1228 650 1437 713 vidistis,
1457 648 1539 702 vel
1564 664 1679 716 qure
1708 649 1773 701 de
1799 662 1881 702 me
1910 646 1987 719 (l)
2014 665 2108 700 uu-

556 744 702 796 distis
732 756 749 794 :
776 742 873 793 hoc
899 747 980 792 est
1014 740 1151 792 enim
1178 738 1334 807 digne
1364 739 1414 791 in
1448 734 1729 807 Evangelia
1759 738 1950 791 Christi
1976 753 2105 792 con-

555 829 788 887 versari.
821 838 874 881 et
911 830 1007 881 hoc
1046 826 1183 880 dono
1212 826 1389 879 datum
1428 838 1507 880 est
1547 828 1697 882 nobis
1740 843 1832 896 pro
1856 827 2067 881 Christo
2089 868 2105 891 ,

555 922 799 993 quoniam
820 921 905 973 ille
930 921 1233 989 mysterium
1250 919 1553 986 complevit,
1578 928 1630 972 et
1655 918 1719 972 ad
1743 917 2105 972 liberationem

555 1023 789 1066 nosmm
840 1024 1021 1077 passus
1048 1016 1129 1061 est
1172 1008 1366 1061 omnia.
1409 1008 1509 1061 Pro
1552 1008 1665 1077 ipso
1712 1008 1866 1076 igitur
1912 1007 2106 1063 donum

559 1100 711 1153 nobis
739 1098 904 1159 dedit,
934 1108 989 1149 ut
1016 1096 1294 1149 credamus
1312 1097 1360 1149 in
1387 1112 1525 1149 eum.
1554 1096 1792 1166 Magnum
1817 1104 1989 1149 autem
2013 1097 2109 1149 do-

556 1205 679 1243 num
706 1230 719 1249 .
752 1190 792 1241 si
829 1187 941 1240 sola
982 1187 1032 1239 in
1059 1202 1176 1238 eunt
1210 1185 1310 1239 llde
1339 1196 1533 1239 tantam
1570 1188 1787 1255 gratiam
1820 1201 2103 1240 meremur.

556 1279 660 1334 Sed
707 1280 775 1331 ita
802 1276 1078 1330 credamus
1102 1316 1116 1339 ,
1145 1286 1197 1328 ut
1228 1276 1382 1329 etiam
1430 1277 1687 1343 patiamur
1716 1292 1808 1344 pro
1850 1276 1974 1340 illo;
2008 1275 2109 1330 hoc

556 1371 696 1424 enim
764 1368 1086 1436 subiungit:
1148 1364 1213 1418 Id
1276 1366 1438 1433 ipsum
1484 1378 1727 1420 certamen
1791 1376 1835 1419 et
1899 1382 2107 1435 agonem

556 1458 788 1512 habentes
804 1500 818 1521 ,
844 1474 985 1523 quem
1010 1467 1054 1510 et
1076 1457 1270 1511 vidistis
1292 1458 1343 1509 in
1390 1474 1483 1523 me,
1514 1467 1560 1510 et
1582 1458 1791 1511 audistis
1815 1458 1877 1510 de
1903 1474 1979 1511 me
2003 1458 2104 1529 (2).

556 1551 623 1605 Ut
645 1564 737 1603 vos
757 1564 964 1618 quoque
994 1548 1266 1602 credentes
1291 1551 1340 1603 in
1364 1548 1591 1614 Christo,
1622 1550 1885 1617 patiamini
1930 1552 2107 1605 omnia

554 1655 655 1709 pro
685 1640 801 1703 illo,
855 1639 905 1692 id
951 1648 1032 1693 est
1076 1646 1289 1706 propter
1334 1638 1521 1705 ipsum.
1575 1637 1772 1693 Facere
1823 1641 1962 1694 enim
1994 1654 2109 1693 om-

2210 484 2304 523 vos
2331 486 2415 524 me
2443 472 2786 526 consolemini
2817 474 2867 526 in
2896 474 3044 527 malis
3074 475 3124 526 in
3153 476 3347 543 quibus
3370 492 3490 531 sum
3514 495 3527 529 :
3562 478 3769 547 implete

2211 573 2336 627 ergo
2354 558 2596 628 gaudium
2620 575 2813 615 meum.
2828 560 3060 631 Singulis
3081 578 3207 632 ergo
3224 564 3324 618 hoc
3344 564 3763 635 adiungendum.

2212 646 2412 701 Deinde
2455 648 2644 715 adjecit
2668 689 2683 714 ,
2712 653 2753 704 si
2780 669 2877 721 qua
2895 654 3103 706 societas
3136 654 3360 720 spiritus.
3396 654 3552 707 Bono
3589 655 3770 712 ordine

2210 748 2263 791 et
2285 737 2385 791 hoc
2415 740 2621 792 tertium
2648 757 2660 791 :
2687 756 2805 793 nam
2833 745 3056 811 primum
3080 750 3163 796 est
3185 742 3433 797 advocari
3463 747 3515 797 in
3538 746 3768 811 Christo,

2209 824 2399 879 deinde
2445 826 2779 881 dilectionem
2826 829 3065 885 habere:
3100 846 3218 885 cum
3266 840 3439 885 autem
3490 844 3771 905 utrumque

2212 914 2385 980 fuerit,
2412 924 2469 967 ut
2496 915 2600 984 iam
2626 927 2679 970 et
2705 917 2943 971 advocati
2975 920 3025 972 in
3051 918 3264 973 Christo
3293 922 3417 985 sint,
3447 931 3502 975 et
3531 926 3770 979 cuiusuis-

2212 1002 2406 1056 tionem
2446 1001 2675 1057 habeant
2716 1006 2849 1059 inter
2891 1021 2948 1061 se
2985 1006 3209 1061 dilectus
3244 1007 3322 1077 (ι)
3349 1018 3404 1062 et
3430 1009 3766 1077 dilectionis,

2210 1094 2325 1145 sine
2352 1091 2511 1145 dubio
2536 1102 2617 1147 est
2644 1097 2868 1149 societas
2896 1098 3132 1165 spiritus.
3158 1098 3217 1153 Si
3239 1115 3356 1165 qna,
3374 1100 3563 1168 inquit,
3581 1114 3669 1156 est
3698 1120 3770 1157 so-

2210 1181 2356 1233 cietas
2376 1181 2598 1248 spiritus.
2622 1182 2908 1239 Audiamus
2932 1186 3079 1252 illud,
3098 1188 3298 1256 implete
3318 1190 3564 1257 gaudium
3585 1209 3764 1246 meum.

2211 1268 2455 1338 Adiungit
2482 1268 2691 1335 deinde,
2720 1274 2763 1325 si
2780 1290 2877 1342 qua
2902 1275 3089 1328 viscera
3119 1286 3163 1328 et
3193 1278 3557 1333 miserationes.
3597 1280 3766 1337 Unum

2209 1358 2349 1410 enim
2394 1372 2585 1425 corpus
2625 1359 2850 1415 efticitur
2889 1363 3167 1430 Ecclesia,
3202 1380 3319 1418 cum
3350 1367 3451 1420 sibi
3498 1372 3671 1422 vocati
3720 1373 3765 1425 in

2208 1443 2417 1499 Christo
2443 1448 2701 1503 cltaritate
2719 1450 3029 1519 junguntur,
3054 1453 3345 1523 iunguntur
3365 1459 3525 1509 etiam
3558 1461 3763 1527 spiritu,

2208 1546 2263 1589 et
2288 1535 2416 1589 ﬁunt
2440 1536 2622 1592 eadem
2654 1539 2851 1593 viscera
2874 1552 2927 1595 et
2952 1543 3149 1596 eaedem
3178 1545 3566 1600 miserationes.
3584 1549 3642 1602 Si
3666 1565 3763 1616 qua

2208 1623 2365 1693 igitur
2386 1626 2610 1689 viscera,
2628 1628 2670 1680 si
2692 1643 2808 1695 qua:
2833 1630 3180 1684 miserationis
3202 1632 3305 1686 sint
3328 1634 3551 1699 viscera,
3578 1638 3644 1690 ad
3672 1641 3763 1694 hoc

556 1730 643 1784 nia
673 1770 687 1794 ,
742 1744 911 1797 neque
939 1729 991 1780 in
1030 1727 1187 1779 alium
1219 1725 1475 1787 converti.
1508 1736 1557 1781 et
1603 1742 1697 1796 pro
1734 1726 1825 1781 illo
1854 1726 1958 1795 pati
1992 1741 2105 1780 om.
2133 1741 2181 1799 Β
2206 1722 2266 1766 ut
2294 1714 2501 1767 vacatio
2525 1716 2596 1768 sit
2622 1714 2675 1768 in
2700 1716 2930 1782 Christo,
2953 1729 3006 1773 et
3032 1719 3256 1774 societas
3286 1723 3336 1775 in
3368 1725 3578 1792 spiritu.
3607 1726 3760 1782 Rise.

556 1821 678 1885 nia,
723 1819 821 1872 hoc
858 1827 939 1872 est
967 1826 1231 1871 certamen
1258 1833 1269 1869 :
1295 1826 1347 1871 et
1395 1817 1532 1871 hunc
1574 1832 1797 1886 agonem
1850 1816 2104 1870 habemus

553 1911 751 1964 scilicet
776 1921 826 1962 et
856 1908 1247 1962 contentionem
1277 1916 1329 1960 et
1372 1905 1712 1960 intentionem
1732 1947 1748 1972 ,
1778 1920 1896 1976 quas
1928 1905 2104 1960 educit

552 2000 617 2054 ad
647 2000 868 2068 palmam
900 2005 953 2051 et
992 1996 1057 2049 ad
1085 2010 1351 2049 coronam.
1385 1994 1534 2048 llunc
1574 1995 1730 2063 igitur
1770 2009 1989 2064 agonem
2036 2009 2102 2049 ne

554 2091 834 2160 ignoretis,
868 2089 976 2155 ipse
1004 2096 1085 2141 est
1118 2101 1271 2155 quem
1319 2087 1371 2139 in
1414 2100 1497 2140 me
1527 2085 1760 2149 vidistis,
1791 2086 1993 2140 scilicet
2036 2085 2102 2141 de

551 2180 769 2241 catenis,
798 2178 864 2231 de
889 2190 1119 2240 carcere,
1147 2175 1213 2230 de
1242 2176 1444 2230 cunctis
1473 2175 1643 2240 malis,
1674 2190 1788 2243 qua:
1824 2189 2100 2244 perpessus

550 2278 631 2322 est
660 2267 885 2321 Paulus:
911 2279 1027 2335 quae
1054 2276 1273 2334 utraque
1300 2263 1437 2331 apud
1465 2278 1557 2317 vos
1588 2263 1781 2317 habent
1821 2262 1974 2316 iidem
2017 2276 2100 2316 me

552 2371 760 2425 passum
786 2369 925 2418 esse,
953 2369 1071 2407 cum
1101 2362 1190 2405 aut
1213 2352 1430 2406 audistis
1457 2361 1546 2405 aut
1571 2352 1789 2405 vidistis.

620 2448 744 2499 Csr.
769 2443 1060 2497 tt.—Vsns.
1091 2442 1207 2506 1,2,
1231 2442 1286 2506 3,
1309 2440 1363 2493 4.
1394 2470 1463 2481 -
1482 2440 1543 2495 Si
1570 2456 1668 2509 qua
1692 2441 1843 2509 igitur
1888 2440 2099 2493 aduoca-

552 2534 621 2586 tio
639 2531 716 2603 (5)
729 2534 777 2584 in
805 2529 1001 2585 Christo
1024 2570 1037 2594 ,
1078 2530 1122 2581 si
1144 2544 1241 2595 qua
1277 2526 1551 2581 consolatio
1576 2527 1853 2581 dilectionis
1871 2568 1886 2593 ,
1914 2529 1956 2579 si
1998 2542 2098 2595 qua

549 2625 755 2679 societas
783 2623 1009 2688 spiritus,
1031 2621 1074 2673 si
1099 2636 1197 2689 qua
1220 2621 1402 2672 uiscera
1425 2626 1469 2669 et
1491 2618 1865 2680 miserationes;
1900 2616 2098 2684 implete

551 2715 788 2786 gaudium
817 2727 999 2773 meum,
1025 2721 1077 2763 ut
1102 2710 1230 2761 ident
1254 2708 1476 2760 sentiatis
1505 2721 1690 2758 omnes.
1717 2704 1981 2759 Petiturus
2003 2704 2095 2757 be-

547 2806 811 2868 neltciutn,
848 2814 904 2855 ut
931 2800 1174 2870 gaudium
1201 2812 1349 2852 suum
1386 2796 1659 2863 impleatur
1689 2794 1828 2865 quod
1851 2794 2092 2865 gaudium

546 2898 686 2950 circa
715 2894 814 2947 hoc
857 2892 1154 2946 mandatum
1185 2900 1286 2950 est,
1315 2898 1366 2940 ut
1412 2888 1540 2940 idem
1567 2888 1786 2939 sentiatis
1809 2902 2005 2949 omnes,
2036 2894 2095 2938 ut

548 2987 722 3041 nullus
762 2985 1024 3048 discrepet
1049 2981 1206 3051 (tunc
1232 2979 1370 3032 enim
1401 2989 1449 3032 et
1475 2977 1704 3033 clnritas
1734 2986 1785 3030 et
1811 2976 2089 3030 concordia

2206 1805 2437 1858 rationes
2463 1815 2636 1859 autem
2663 1817 2785 1861 sunt
2810 1808 2876 1862 ad
2907 1809 3036 1873 hoc,
3067 1812 3109 1862 si
3132 1826 3232 1879 qua
3255 1813 3550 1867 consolatio
3577 1827 3657 1870 est
3685 1819 3759 1872 di-

2206 1894 2466 1961 lectionis,
2497 1906 2555 1950 ut
2574 1899 2748 1951 omnis
2773 1900 2995 1953 alterum
3018 1902 3335 1967 consoletur,
3364 1905 3506 1973 quod
3533 1906 3584 1960 in
3610 1910 3755 1963 malis

2204 2000 2414 2055 semper
2442 1987 2492 2039 in
2516 1988 2712 2042 mundo
2733 2004 2913 2043 sumus
2941 2008 2953 2042 :
2975 1992 3218 2060 quoniam
3239 1993 3440 2048 viscera
3464 1996 3647 2050 eadem
3672 2014 3753 2050 su.

2202 2090 2319 2129 mus
2338 2116 2353 2139 ,
2379 2078 2746 2133 miserationes
2773 2079 2995 2134 invicem
3024 2080 3174 2134 nobis
3198 2091 3457 2150 prtestare
3485 2084 3746 2140 debemus.

2200 2165 2288 2220 Sic
2315 2180 2442 2234 ergo
2467 2166 2510 2219 si
2532 2182 2634 2235 qua
2662 2169 2860 2222 viscera
2889 2171 3257 2234 miserationis,
3286 2172 3493 2239 implete
3516 2176 3746 2243 gaudium

2200 2270 2379 2307 meum.
2415 2254 2566 2321 Quod
2590 2266 2764 2311 autem
2792 2259 3055 2326 gaudium,
3082 2260 3383 2329 subiunxit,
3418 2273 3472 2315 ut
3492 2264 3622 2315 idem
3643 2281 3745 2317 sea-

2200 2345 2366 2411 tiatis,
2392 2359 2577 2399 omnes
2608 2346 2657 2400 id
2686 2349 2873 2416 ipsum.
2907 2347 3040 2412 Quid
3065 2360 3144 2403 est
3176 2351 3307 2402 idem
3336 2352 3602 2405 sentiatis?
3625 2369 3741 2423 sup-

2198 2434 2344 2502 ponit
2368 2450 2459 2502 per
2483 2434 2718 2503 subjecta
2737 2477 2751 2501 ,
2785 2446 2875 2489 aut
2905 2438 2954 2491 in
2984 2438 3173 2506 quibus
3200 2437 3338 2491 idem
3370 2441 3601 2493 sentiant
3622 2481 3636 2504 ,
3660 2452 3741 2495 aut

2197 2524 2639 2593 quemadmodum
2666 2526 2802 2582 idem
2842 2532 3071 2582 sentiant
3106 2544 3121 2582 :
3150 2556 3221 2569 —
3248 2527 3493 2582 Eamdem
3520 2530 3735 2585 dilectio-

2194 2630 2309 2667 nem
2335 2630 2476 2668 exerc
2500 2620 2622 2669 eatis
2668 2620 2946 2682 unanimes,
2991 2635 3145 2671 unum
3192 2624 3479 2684 sentientes,
3504 2622 3634 2673 nihil
3659 2639 3735 2690 per

2193 2708 2587 2771 contentionem,
2630 2722 2783 2775 neque
2819 2724 2906 2775 per
2940 2709 3136 2760 inanem
3168 2709 3417 2778 gloriam,
3447 2712 3537 2762 sed
3575 2712 3624 2763 in
3653 2713 3734 2764 Int-

2194 2795 2404 2848 ntilitate
2436 2812 2610 2849 sensus
2650 2798 2857 2850 invicem
2909 2814 2991 2851 nos
3037 2800 3099 2851 ab
3150 2798 3321 2852 alteris
3366 2803 3584 2868 prtecedi
3611 2804 3731 2854 arbi-

2191 2892 2399 2937 trantes.
2430 2883 2548 2937 Non
2576 2901 2667 2938 sua
2703 2888 2909 2955 propria
2946 2895 3134 2939 tantum
3162 2890 3503 2958 unusquisque
3527 2902 3729 2945 uestrum

2192 2974 2481 3041 perspiciat,
2508 2974 2594 3027 sed
2616 2976 2829 3027 aliorum
2849 2977 3032 3045 singuli
3060 2977 3160 3045 (2).

543 3086 644 3139 est,
662 3076 797 3128 idem
826 3072 1167 3126 sentientibus
1194 3069 1395 3124 cunctis
1414 3086 1429 3133 ;
1448 3068 1556 3121 etsi
1570 3067 1846 3122 concordia
1862 3077 1961 3131 est,
1990 3066 2089 3122 hoc
2113 3080 2157 3141 ρ
2262 3061 2422 3116 Vens.
2442 3063 2495 3117 5.
2522 3092 2592 3103 —
2616 3062 2727 3117 Hoc
2746 3065 2876 3116 enim
2895 3066 3066 3117 sentite
3087 3068 3137 3117 in
3154 3066 3290 3118 vobis
3309 3067 3443 3131 quod
3468 3078 3513 3120 et
3535 3070 3588 3121 in
3613 3068 3727 3121 Iesu

542 3168 607 3221 ha
617 3166 1032 3233 bebitapostolus
1049 3160 1314 3231 gaudium)
1336 3177 1347 3212 :
1366 3170 1424 3213 ut
1438 3174 1563 3226 ergo
1580 3158 1677 3213 hoc
1691 3160 1932 3226 impetret
1948 3159 2086 3227 quod

540 3274 690 3311 suum
714 3255 959 3323 gaudium
983 3252 1089 3304 vult
1117 3265 1265 3314 esse,
1293 3265 1384 3317 per
1428 3250 1635 3301 illorum
1670 3249 2082 3311 unanimitatem,

534 3344 891 3406 concordiam,
920 3340 1261 3409 eamdemque
1287 3340 1620 3401 sententiam,
1651 3350 1700 3391 et
1728 3348 1917 3391 castera
1943 3339 2087 3390 sitni-

536 3438 627 3499 lia,
668 3434 815 3504 quasi
857 3432 1112 3486 rationem
1150 3429 1454 3483 meritorum
1500 3429 1801 3497 praemittit,
1846 3428 1983 3496 quod
2018 3430 2083 3482 ab

538 3525 666 3595 ipsis
696 3533 925 3578 meretur
941 3562 954 3585 ,
992 3530 1049 3572 ut
1072 3520 1347 3587 impleatur
1374 3517 1619 3587 gaudium
1634 3531 1784 3570 suum
1801 3521 1939 3571 circa
1963 3518 2079 3582 hoc,

533 3626 591 3667 ut
621 3613 757 3665 idem
774 3623 955 3665 omnes
975 3610 1221 3671 sentiant,
1264 3619 1315 3661 et
1333 3616 1542 3660 ctetera.
1564 3604 1865 3659 Meritorum
1907 3616 2079 3661 autem

530 3704 765 3756 rationes
812 3702 923 3754 ista:
962 3708 1123 3763 sunt,
1155 3698 1273 3767 quia
1311 3697 1549 3751 advocati
1590 3697 1746 3750 simul
1790 3698 1843 3749 in
1869 3696 2081 3752 Christo

528 3802 688 3845 sunt:
730 3790 948 3845 advocat
986 3789 1125 3843 enim
1164 3788 1301 3842 Deus
1341 3788 1390 3840 in
1425 3786 1633 3840 Christo
1663 3800 1791 3849 nos;
1820 3802 1910 3840 eos
1938 3789 2077 3841 enim

529 3882 818 3937 sanctiﬁcat
841 3922 855 3945 ,
882 3895 1015 3950 quos
1040 3882 1243 3932 vocavit
1269 3888 1322 3931 et
1359 3877 1517 3945 elegit
1549 3886 1602 3930 et
1639 3891 1771 3945 quos
1796 3876 2073 3930 ordinavit.

526 3972 815 4025 Advocatio
855 3984 980 4037 ergo
1018 3967 1181 4035 prima
1210 3974 1324 4028 est;
1360 3966 1401 4018 si
1437 3973 1550 4029 est,
1581 3965 1777 4033 inquit,
1806 3966 2076 4021 advocatio

527 4063 581 4114 in
606 4059 814 4114 Christo
839 4059 1010 4126 aliqua
1036 4058 1085 4110 in
1112 4057 1282 4119 nobis,
1306 4056 1446 4123 quod
1470 4055 1625 4108 simul
1655 4057 1820 4109 vocati
1856 4070 2036 4109 sumus
2056 4095 2072 4121 ,

523 4160 577 4203 et
604 4150 772 4202 vocati
798 4150 847 4200 in
867 4146 1100 4210 Christo,
1126 4153 1180 4199 et
1204 4144 1445 4197 meritum
1477 4159 1649 4197 meum
1673 4159 1793 4213 erga
1812 4160 1924 4210 vos;
1949 4161 2073 4215 ergo

521 4238 737 4305 implete
764 4238 1005 4304 gaudium
1045 4250 1239 4288 meum.
1273 4233 1445 4286 Prima
1478 4233 1632 4301 igitur
1666 4233 1775 4287 haec
1802 4237 1934 4287 ratio
1959 4250 2070 4290 me-

520 4330 742 4383 ritorum
776 4330 910 4380 inter
934 4340 1011 4390 se,
1040 4334 1097 4376 ut
1125 4340 1181 4377 se
1208 4324 1429 4377 invicem
1465 4323 1675 4375 audiant
1702 4340 1714 4373 :
1739 4324 1879 4392 quod
1903 4324 2067 4380 advo-

2189 3152 2407 3207 Christo.
2439 3154 2506 3209 Ut
2528 3155 2657 3216 dixi.
2681 3158 2975 3210 exhortatio
3006 3159 3101 3209 ista
3128 3166 3207 3210 est
3234 3172 3389 3226 quam
3424 3174 3561 3213 nunc
3589 3175 3727 3213 exse-

2188 3250 2386 3315 quitur,
2424 3253 2701 3316 prteceptis
2742 3248 3057 3316 plenioribus
3082 3266 3095 3301 :
3120 3250 3355 3318 implete,
3388 3251 3583 3319 inquit,
3611 3269 3724 3319 gau-

2187 3340 2327 3391 dium
2351 3354 2537 3403 meum,
2561 3341 2749 3408 quibus
2782 3340 2832 3393 in
2868 3342 3022 3394 rebus
3043 3340 3179 3393 eﬂlci
3217 3349 3427 3409 potest:
3451 3357 3566 3410 qua:
3597 3360 3722 3409 prm-

2186 3441 2357 3499 cepta,
2381 3440 2438 3483 ut
2465 3444 2672 3497 semper
2691 3430 2886 3494 docuit,
2915 3440 3091 3484 tenent
3106 3446 3220 3498 qua:
3249 3431 3487 3484 facienda
3513 3442 3646 3486 sunt.
3674 3441 3722 3485 et

2185 3521 2309 3573 item
2340 3535 2454 3589 qua:
2480 3534 2583 3572 non
2611 3519 2862 3573 facienda.
2890 3519 3019 3586 Qua:
3047 3518 3281 3573 iacienda
3312 3531 3435 3572 sunt
3458 3561 3473 3583 ,
3504 3521 3578 3573 sic
3602 3522 3717 3573 sub-

2178 3610 2352 3680 iungit
2374 3651 2389 3676 ,
2418 3619 2469 3663 ut
2496 3610 2627 3663 idem
2651 3611 2876 3664 sentiatis
2906 3626 3095 3675 omnes,
3123 3611 3365 3664 eamdem
3395 3610 3717 3667 dilectiooetn

2182 3700 2469 3754 exerceatis
2491 3714 2692 3763 omnes,
2723 3700 3015 3763 unanimes,
3041 3714 3198 3752 unum
3226 3700 3538 3753 sentientes.
3560 3700 3716 3754 Inter-

2180 3792 2329 3859 ponit
2352 3804 2467 3857 quae
2496 3805 2598 3842 non
2625 3786 2881 3853 facienda,
2909 3789 3035 3841 nihil
3062 3805 3150 3855 per
3178 3793 3543 3844 contentionem
3572 3808 3717 3861 neque

2180 3897 2269 3949 per
2286 3881 2485 3932 inanem
2507 3880 2739 3949 gloriam.
2764 3880 2827 3932 Et
2842 3879 3108 3948 subiungit
3126 3895 3244 3949 qua:
3266 3880 3505 3935 facienda
3523 3899 3710 3948 rursus,

2176 3971 2263 4023 sed
2287 3984 2373 4037 per
2401 3968 2731 4021 humilitatem
2755 3982 2926 4019 sensus
2950 3968 3158 4021 inuicem
3185 3983 3271 4021 eos
3298 3970 3359 4021 ab
3394 3972 3567 4025 alteris
3594 3988 3712 4040 pra-

2174 4060 2283 4113 cedi
2326 4058 2645 4111 arbitrantes.
2685 4055 2812 4109 Item
2858 4056 3125 4126 subiungit
3157 4072 3275 4126 quae
3305 4074 3410 4112 non
3448 4060 3709 4116 iacienda:

2175 4167 2273 4203 non
2289 4165 2380 4203 sua
2398 4149 2603 4217 prapria
2618 4148 2950 4216 unusquisque
2970 4148 3254 4215 perspiciat.
3283 4148 3484 4204 Deinde
3513 4152 3562 4203 id
3582 4152 3709 4220 quod

2172 4238 2491 4302 faciendum,
2518 4238 2605 4290 sed
2633 4237 2851 4289 aliorum
2874 4237 3079 4305 singuli.
3102 4238 3188 4290 Sic
3214 4236 3409 4292 deinde
3432 4240 3707 4309 subiungit,

2170 4328 2311 4399 quod
2355 4328 2420 4381 ad
2460 4326 2878 4381 exhortationem
2920 4325 3197 4395 plurimum
3236 4330 3394 4392 valet,
3428 4339 3481 4383 et
3525 4340 3708 4384 certam

516 4419 622 4473 cati
659 4428 780 4471 sunt
820 4417 870 4469 in
917 4416 1144 4468 Christo.
1179 4414 1252 4466 Ex
1301 4414 1401 4467 hoc
1443 4422 1617 4467 autem
1646 4414 1784 4481 quod
1832 4415 2067 4471 advocati
2093 4431 2149 4492 1)
2172 4420 2591 4475 exhortationem
2629 4418 2697 4471 de
2733 4419 3027 4486 praeceptis,
3056 4419 3106 4470 in
3144 4433 3245 4486 qua
3280 4421 3550 4474 conclusio
3580 4438 3709 4490 pm-

515 4522 641 4564 sunt
677 4511 726 4561 in
753 4508 989 4571 Christo,
1016 4513 1097 4559 est
1137 4506 1292 4558 etiam
1322 4503 1555 4557 dilectio.
1590 4504 1715 4557 ltent
1756 4504 1990 4575 adiungit
2023 4508 2067 4560 si

513 4618 612 4670 qua
640 4599 910 4652 consolatio
943 4596 1241 4649 dilectionis.
1266 4594 1396 4648 Cum
1425 4593 1565 4648 enim
1597 4595 1645 4646 in
1677 4595 1827 4647 malis
1857 4598 2022 4650 simus
2044 4636 2060 4663 ,

515 4698 569 4743 et
595 4688 771 4741 mundi
798 4686 949 4739 malis
974 4686 1288 4747 laboremus,
1318 4685 1363 4736 si
1394 4698 1489 4737 nos
1511 4682 1732 4737 invicem
1759 4683 2058 4755 diligamus,

514 4779 655 4832 Deus
683 4776 783 4831 erit
827 4775 977 4829 nobis
1005 4773 1297 4827 consolatio
1324 4771 1639 4827 dilectionis.
1665 4772 1790 4827 Haec
1808 4813 1822 4839 ,
1858 4774 2058 4843 inquit,

580 4911 661 4984 (l)
686 4908 851 4984 Codd.
881 4909 1090 4984 reique
1114 4906 1176 4960 de
1202 4921 1297 4971 me,
1318 4906 1393 4984 vel
1416 4922 1527 4984 qua:
1552 4906 1781 4984 audistis.

583 4976 661 5050 (2)
698 4980 870 5047 ναις..
900 4976 1056 5050 Idem
1069 4987 1321 5050 certamen
1351 4980 1599 5041 habentes,
1622 4976 1768 5045 quale
1791 4987 1837 5030 et
1862 4977 2056 5033 vidistis

508 5053 561 5103 in
590 5047 682 5113 me,
713 5061 757 5101 et
786 5064 915 5100 nunc
938 5047 1145 5098 audistis
1175 5047 1235 5096 de
1262 5060 1355 5097 me.

579 5119 656 5189 (5)
690 5116 928 5171 Graecum
958 5114 1279 5190 vocabulum
1322 5114 1637 5190 παρὰιελησις
1662 5113 2053 5190 ambiguitatem

508 5183 688 5251 creat,
720 5199 858 5239 sune
901 5185 1159 5236 advocatio
1202 5200 1266 5235 an
1327 5183 1620 5235 consolatio.
1669 5183 1832 5236 ﬂecte
1874 5197 2047 5239 autem

504 5256 803 5312 Victorinus
846 5255 1066 5321 primunt
1106 5252 1296 5304 retinet
1322 5264 1555 5311 sensum.
1596 5255 1731 5321 quia
1758 5257 2045 5307 secundum

502 5341 625 5397 mox
655 5340 685 5378 e
727 5318 901 5391 graeco
928 5322 1259 5397 anguicomus.
1286 5321 1557 5372 habemus.
1581 5348 1650 5358 —
1690 5318 1842 5397 γωδ,
1882 5334 2047 5397 autem

506 5396 640 5446 hunc
666 5387 831 5445 locum
853 5406 923 5443 stc
944 5387 1134 5442 exhibet
1162 5404 1179 5441 ε
1200 5388 1378 5454 Siqua
1398 5404 1513 5457 ergo
1529 5387 1870 5441 consolatto’in
1893 5387 2043 5444 Chri-

504 5475 601 5526 sto,
629 5462 673 5515 si
700 5463 833 5521 quod
850 5459 1084 5512 solatium
1106 5460 1385 5522 charitatts,
1402 5472 1443 5509 st
1471 5473 1567 5525 qua
1587 5471 1794 5510 societas
1819 5461 2037 5527 spiritus,

504 5535 549 5584 si
573 5548 671 5599 qua
695 5534 882 5599 viscera
906 5527 1257 5592 miserationis,
1282 5528 1481 5594 implete
1506 5530 1746 5595 gaudium
1774 5543 1959 5596 meum,
1988 5542 2040 5586 ut

504 5598 635 5654 idem
657 5598 883 5666 sapiatis.

2170 4512 2307 4582 cepti
2354 4512 2465 4563 haec
2491 4519 2590 4575 est,
2618 4517 2675 4562 ut
2716 4510 2783 4563 de
2820 4508 3037 4562 aliorum
3073 4509 3397 4563 recreatione
3426 4511 3504 4580 (5)
3528 4513 3707 4582 singuli

2167 4602 2415 4670 cogitent.
2445 4598 2575 4663 Hoc,
2603 4598 2790 4666 inquit,
2817 4596 2986 4651 facere
3007 4596 3207 4652 debetis
3234 4608 3286 4652 et
3314 4600 3637 4656 constituere
3659 4612 3707 4656 et

2165 4688 2361 4742 sentire
2389 4687 2441 4740 in
2468 4687 2647 4751 vobis,
2681 4686 2821 4755 quod
2850 4684 3087 4739 Christus
3131 4685 3253 4740 iecit
3275 4704 3289 4740 :
3312 4688 3452 4755 quod
3497 4691 3564 4743 de
3597 4691 3707 4745 aliis

2162 4778 2399 4846 cogitans
2421 4816 2435 4839 ,
2466 4775 2533 4829 de
2558 4789 2615 4829 se
2648 4783 2703 4828 et
2730 4774 2796 4829 dc
2827 4789 2921 4827 sua
2954 4774 3117 4843 gloria
3150 4774 3279 4828 nihil
3311 4778 3596 4848 cogitavit:
3629 4780 3705 4833 vel

2161 4865 2227 4919 de
2254 4878 2319 4920 eo
2348 4864 2485 4934 quod
2523 4864 2807 4932 potentiam
2842 4877 3022 4929 suam,
3050 4871 3106 4916 ut
3128 4862 3371 4931 docebit,
3400 4868 3515 4936 ipse
3543 4870 3703 4940 depo-

2229 5042 2555 5115 (t)7Videtur
2585 5042 2809 5111 positum
2839 5054 2933 5111 pro
2960 5041 3211 5108 delectus,
3238 5053 3295 5097 ut
3318 5045 3458 5113 apud
3485 5045 3596 5101 Cic.
3637 5048 3701 5103 de

2154 5109 2503 5250 Regﬁiuzlél
2546 5179 2784 5232 Eamdem
2820 5180 3109 5234 charitatesn
3140 5179 3374 5235 habentes
3410 5186 3691 5249 unanimes,

2152 5253 2371 5321 idipsum
2395 5250 2690 5322 sentientes;
2728 5250 2861 5322 nihil
2897 5250 3387 5322 perhcontentionem
3423 5269 3579 5321 neque
3615 5272 3695 5322 per

2150 5319 2347 5374 inanem
2360 5319 2585 5399 gloriam
2607 5358 2621 5382 ,
2654 5319 2739 5369 sed
2767 5320 2819 5369 in
2842 5319 3122 5371 humilitate
3145 5322 3429 5399 superiores
3453 5319 3545 5375 sibi
3574 5319 3692 5399 inri-

2149 5406 2254 5443 cem
2296 5390 2620 5463 arbitrantes,
2670 5402 2769 5463 non
2808 5402 2921 5455 qua!
2961 5403 3054 5440 sua
3088 5401 3205 5441 sunt
3245 5392 3431 5459 singuli
3473 5398 3691 5446 conside-

2146 5470 2313 5511 rantes
2330 5498 2345 5523 ,
2376 5459 2460 5510 sed
2483 5472 2542 5509 ea
2566 5470 2678 5523 qua:
2700 5456 2931 5508 aliorum.
3328 5456 3346 5459 '

2147 5528 2297 5652 uasti).
2321 5528 2486 5582 Codd.
2520 5540 2653 5581 unus
2672 5534 2814 5579 reatu
2836 5540 2950 5595 qua:
2970 5528 3182 5591 ratione.
3207 5530 3297 5585 alii
3338 5538 3598 5603 ratumque
3612 5547 3687 5587 ra-

2186 5611 2297 5651 one.
