3950 6206
200 247 363 307 1205

1027 247 1092 303 1N
1132 244 1514 304 EPISTOLAM
1556 241 1760 302 PAULI
1799 243 1890 300 AD
1930 244 2416 307 PlllLlPPENSES
2455 249 2678 307 LIBER.

3360 260 3498 316 i206

200 366 349 431 suis,
382 370 444 417 ut
494 361 613 417 aliis
652 362 858 417 eteteris
906 360 1235 417 subveniret.
1284 359 1424 431 Ergo
1461 357 1563 414 hoc
1607 363 1816 413 tenetur
1842 356 1896 418 Α
1920 358 2163 426 deantnr,
2195 371 2286 417 aut
2332 363 2566 433 potiores
2606 366 2884 422 resistendi
2928 369 3213 439 pertinacia
3244 381 3296 426 et
3333 388 3495 445 supe-

203 454 270 509 in
317 453 729 521 exhortatione,
777 464 833 507 ut
880 451 1132 523 gaudium
1177 450 1347 521 possit
1394 449 1603 520 impleri
1647 446 1811 518 ipsius

207 546 400 601 Pauli.

291 637 593 693 Videamus
625 636 785 708 igitur
814 636 1020 707 singula
1049 651 1167 707 qua:
1197 644 1460 706 praecepta
1490 634 1615 689 sint.
1632 634 1811 689 Primo

212 730 298 785 ait
327 739 391 784 ut
422 728 585 794 idem,
612 729 787 784 omnis
812 727 1217 784 Christianitatis
1246 728 1545 799 potestatis,
1573 733 1627 781 et
1645 725 1735 797 jus
1756 734 1811 781 et

213 822 474 890 operatio
502 820 590 874 illa
609 829 689 875 est
709 835 813 874 non
840 820 1145 885 dissentire,
1174 819 1266 874 sed
1297 834 1459 873 unum
1488 827 1647 888 atque
1667 817 1807 873 idem

210 914 271 967 in
308 912 495 965 animo
525 910 743 967 habere.
778 910 986 966 Etenim
1018 912 1061 964 si
1089 925 1226 965 unus
1260 911 1396 965 Deus
1418 949 1434 976 ,
1464 908 1508 963 si
1529 924 1667 964 unus
1694 908 1810 977 ejus

212 1004 395 1072 filius,
424 1006 467 1061 si
494 1020 635 1059 unus
660 1003 890 1074 Spiritus
920 1011 1138 1057 sanctus
1165 1009 1268 1067 est,
1300 1002 1344 1057 si
1373 1000 1549 1055 omnia
1579 1002 1677 1055 ista
1709 999 1809 1054 tria

215 1112 396 1151 unum
424 1136 439 1161 ,
474 1097 542 1150 ita
581 1096 837 1150 debemus
864 1101 919 1149 et
962 1110 1058 1149 nos
1089 1111 1250 1148 unum
1283 1094 1481 1149 habere
1516 1093 1656 1164 quod
1688 1107 1810 1147 sen-

214 1187 418 1251 timus,
444 1196 501 1239 ut
527 1186 662 1240 idem
690 1186 985 1241 sentiamus
1006 1200 1213 1241 omnes.
1245 1184 1445 1239 Deinde
1470 1185 1708 1254 sequitur
1753 1190 1810 1237 ut

213 1276 476 1331 eamdem
508 1275 849 1330 dilectionem
872 1290 1238 1329 exerceamus.
1270 1274 1383 1329 Hoc
1406 1274 1514 1344 jam
1539 1273 1605 1327 ad
1631 1287 1809 1327 mora-

213 1365 329 1420 lem
364 1364 704 1434 disciplinam
730 1407 743 1431 ,
774 1366 824 1419 id
849 1374 931 1419 est
969 1365 1035 1419 ad
1082 1365 1237 1417 vitam
1285 1366 1547 1433 pertinet;
1581 1363 1709 1419 illud
1739 1364 1806 1419 ad

214 1456 533 1511 scientiam.
576 1454 706 1510 Nam
750 1470 868 1510 cum
908 1455 1014 1509 duo
1051 1470 1242 1525 genera
1289 1455 1540 1509 dixissem
1585 1470 1705 1511 esse
1753 1456 1804 1508 in

216 1547 423 1607 Paulo.
454 1556 509 1603 et
536 1548 587 1602 in
612 1546 756 1602 omni
788 1553 1034 1611 tractatu,
1061 1556 1114 1599 ut
1142 1546 1241 1599 alia
1270 1545 1601 1600 discerentur
1631 1545 1709 1617 (l)
1740 1546 1807 1601 ad

217 1640 511 1695 scientiam
532 1681 546 1705 ,
578 1640 679 1692 alia
710 1637 1050 1692 discerentur
1078 1636 1142 1691 ad
1172 1648 1321 1691 actus
1350 1647 1403 1691 et
1430 1635 1498 1689 ad
1528 1637 1708 1701 vitam;
1735 1638 1803 1690 ita

1913 450 2088 506 riores
2116 462 2205 506 aut
2231 454 2510 524 gloriandi.
2545 454 2657 510 lloc
2687 472 2815 528 ergo
2844 460 3039 515 auferri
3072 462 3203 525 vult,
3236 464 3491 536 dicitque.

1913 556 2071 607 neque
2117 560 2205 612 per
2246 544 2461 612 gloriam
2496 547 2721 601 inanem.
2754 549 2959 604 Etenim
2989 551 3157 622 gloria
3202 555 3374 613 inanis
3410 568 3492 614 est

1915 632 2123 701 placere
2149 634 2284 690 velle
2310 636 2667 703 sermonibus,
2701 636 2910 706 placere
2950 640 3147 710 ingenti
3175 645 3483 715 calliditate,

1911 732 1965 780 et
1992 726 2333 781 contentione
2372 728 2687 783 disserendi.
2721 728 2860 786 Raro
2884 732 3024 786 enim
3064 734 3203 803 apud
3244 738 3489 793 christia-

1911 831 2039 871 num
2065 816 2222 873 debet
2248 832 2368 873 esse
2394 823 2687 887 contentio,
2722 837 2825 875 non
2858 822 2908 876 in
2940 838 3186 880 sermone
3206 826 3484 895 jactantia.

1985 906 2116 961 iluic
2160 907 2233 961 ita
2278 909 2449 976 posito
2489 910 2771 978 posteriori
2803 924 3068 983 praecepto
3108 931 3173 970 ne
3215 919 3340 987 quid
3390 935 3485 989 per

1910 997 2131 1069 gloriam
2164 1000 2375 1056 inanem
2399 1000 2572 1058 facere
2592 1003 2885 1071 videamur,
2910 1009 3210 1063 necessario
3238 1011 3487 1081 subjunc-

1914 1096 2043 1155 tum,
2076 1090 2163 1143 sed
2187 1108 2277 1159 per
2301 1092 2631 1147 humilitatem
2661 1110 2856 1149 sensus.
2886 1094 2975 1152 Sic
3003 1098 3143 1153 enim
3174 1100 3342 1155 inanis
3369 1103 3478 1173 glo.

1910 1180 1987 1235 ria
2021 1182 2213 1251 poterit
2241 1183 2458 1245 auferri,
2490 1185 2534 1238 si
2566 1184 2836 1240 humilitas
2861 1187 2928 1240 sit
2951 1187 3004 1241 in
3033 1188 3294 1257 sensibus,
3324 1191 3373 1245 id
3402 1202 3483 1247 est

1910 1271 2288 1327 intellectibus.
2308 1272 2414 1328 llos
2425 1275 2564 1329 enim
2579 1290 2767 1329 sensus
2792 1279 2984 1344 posuit.
3002 1278 3279 1345 Qumrendi
3302 1281 3484 1347 modo,

1910 1361 2141 1431 proferat
2158 1378 2504 1435 qumcumque
2527 1373 2736 1426 tractat,
2762 1380 2867 1420 non
2885 1368 3197 1423 auctoritate
3214 1380 3479 1441 suscepta.

1910 1451 2131 1506 Invicem
2160 1467 2243 1507 vos
2282 1454 2343 1507 ab
2374 1453 2545 1509 alteris
2576 1457 2794 1526 pracedi
2820 1458 3143 1514 arbitrantes.
3174 1459 3313 1516 Vere
3339 1463 3479 1517 enim

1910 1543 2023 1598 haec
2068 1542 2361 1612 humilitas,
2405 1546 2451 1599 si
2498 1560 2714 1601 omnem
2757 1548 2982 1603 alterum
3027 1561 3178 1618 putas
3224 1566 3345 1606 esse
3389 1570 3485 1622 po-

1910 1634 2098 1688 tiorem
2128 1652 2141 1686 :
2166 1633 2266 1688 hoc
2295 1644 2382 1689 est
2405 1636 2546 1690 enim
2586 1637 2812 1691 invicem
2854 1638 3077 1705 praecedi
3124 1651 3181 1694 ut
3209 1656 3302 1696 vos
3341 1642 3485 1696 arbi-

217 1739 277 1785 et
310 1730 402 1783 hic
432 1729 500 1782 ad
542 1729 817 1783 scientiam
838 1768 853 1792 ,
884 1728 956 1781 ita
997 1726 1226 1796 positum
1260 1735 1315 1780 ut
1344 1725 1482 1780 idem
1512 1726 1755 1780 sentiatis
1785 1742 1799 1780 :
1834 1734 1879 1794 Β
1909 1724 2151 1788 tremini;
2186 1738 2253 1777 ne
2281 1725 2556 1793 quisquam
2587 1725 2813 1779 alterum
2848 1742 2951 1781 non
2982 1730 3051 1780 ita
3083 1738 3260 1797 putet,
3293 1743 3346 1784 ut
3377 1746 3481 1785 non

219 1818 425 1873 deinde
442 1817 508 1872 ad
535 1818 717 1883 vitam,
737 1818 965 1869 eamdem
992 1815 1308 1869 dilectionem
1331 1816 1623 1869 exerceatis.
1654 1813 1810 1871 Eant-

219 1910 345 1963 dem
372 1909 499 1979 quid
519 1906 809 1977 cst?quam
836 1906 971 1961 alter
988 1904 1127 1959 circa
1152 1918 1267 1971 ves,
1289 1905 1531 1960 eamdem
1557 1920 1649 1960 vos
1670 1906 1807 1962 circa

220 1999 483 2064 alterum;
506 2012 675 2068 neque
696 1997 916 2051 divisam
935 1995 1014 2065 (2)
1029 1996 1387 2062 dilectionem,
1409 1996 1499 2050 sed
1519 1996 1570 2050 in
1589 1996 1808 2053 Christo

221 2089 597 2145 dilectionem.
619 2088 734 2158 Ipsa
755 2098 837 2144 est
861 2088 1047 2143 eadem
1074 2087 1311 2142 dilectio.
1343 2086 1547 2143 Deinde
1577 2088 1803 2157 adjecit:

220 2183 499 2236 unanimes
513 2194 668 2235 unum
690 2182 918 2235 scientes.
938 2179 1133 2234 Eadem
1164 2177 1421 2247 repetisse
1444 2178 1573 2232 mihi
1598 2179 1809 2236 videtur

222 2286 391 2326 verso
420 2270 607 2325 ordine
630 2312 643 2333 ,
673 2285 791 2340 quas
820 2284 975 2341 supra
1007 2278 1130 2323 sunt
1166 2268 1325 2323 dicta.
1366 2268 1605 2337 Namque
1644 2286 1805 2326 unum

223 2368 311 2415 est
332 2360 605 2414 unanimes
627 2358 767 2429 quod
795 2358 862 2413 ad
885 2358 1127 2414 eamdem
1153 2358 1490 2414 dilectionem
1523 2376 1537 2411 :
1561 2360 1706 2415 aliud
1727 2372 1809 2417 est

224 2469 391 2508 unum
419 2453 629 2508 scientes
653 2494 667 2520 ,
688 2453 828 2522 quod
857 2468 1017 2523 supra
1048 2463 1106 2507 ut
1139 2451 1246 2507 dixi
1266 2492 1281 2517 ,
1311 2462 1366 2507 ut
1394 2469 1551 2508 unum
1577 2456 1807 2512 sentiatis

226 2562 426 2600 omnes.
452 2543 649 2600 Verum
691 2554 746 2599 et
786 2544 1011 2615 amplius
1049 2544 1194 2599 aliud
1233 2544 1285 2598 in
1328 2544 1410 2598 his
1450 2546 1657 2601 duobus
1683 2555 1803 2613 est,

228 2635 374 2706 quod
398 2636 449 2689 in
478 2634 859 2704 superioribus.
885 2636 1122 2705 Namque
1150 2635 1293 2690 aliud
1321 2644 1403 2691 est
1422 2636 1553 2690 idem
1582 2640 1809 2695 sentiatis

230 2744 407 2782 omnes
430 2768 444 2793 ,
474 2726 615 2780 aliud
642 2743 797 2779 unum
836 2728 1045 2781 scientes
1064 2768 1080 2794 ,
1105 2729 1156 2781 in
1188 2729 1304 2799 ipso
1333 2728 1544 2797 quidem
1572 2748 1583 2781 :
1611 2730 1806 2799 quippe

231 2832 353 2872 cum
383 2815 450 2870 ad
482 2815 756 2870 scientiam
796 2817 1003 2887 utrique
1030 2818 1311 2886 pertineat.
1344 2817 1533 2872 Verum
1565 2819 1688 2873 illud
1718 2833 1807 2873 su-

231 2909 416 2978 perius
461 2907 600 2962 idem
647 2908 845 2963 sentire
868 2948 884 2975 ,
918 2908 983 2962 ad
1024 2907 1125 2962 hoc
1152 2920 1272 2975 est,
1302 2922 1356 2963 ut
1385 2910 1557 2965 adhuc
1584 2912 1805 2966 scientia

234 2998 471 3052 nondum
500 2999 837 3063 conllrmata,
874 3013 968 3067 par
995 3008 1171 3053 tamen
1209 2999 1447 3054 videatur
1481 3002 1681 3055 sciendi
1710 3016 1802 3071 po-

1916 1814 2175 1883 potiurem
2212 1813 2476 1880 aestimet,
2502 1824 2555 1868 et
2596 1816 2898 1884 przecedere
2942 1827 2993 1871 et
3022 1832 3142 1873 esse
3186 1820 3484 1875 meliorem.

1911 1905 2062 1972 Quod
2102 1907 2146 1958 si
2197 1905 2264 1957 ita
2303 1916 2419 1968 est,
2464 1905 2575 1959 ιιωο
2614 1917 2697 1960 est
2739 1907 3007 1962 humilitas
3046 1924 3252 1963 sensus.
3282 1911 3486 1967 Deinde

1910 1996 2177 2065 subjungit
2208 2012 2219 2047 :
2249 1994 2369 2047 Non
2398 2012 2492 2049 sua
2522 1998 2731 2065 praptia
2759 2000 3099 2067 unusquisque
3133 2008 3347 2053 oestrum
3374 2020 3485 2071 per-

1909 2087 2093 2155 spiciat
2118 2128 2131 2150 ,
2175 2086 2261 2139 sed
2297 2087 2533 2139 aliorum.
2568 2088 2643 2140 Ex
2674 2088 2774 2141 hoc
2804 2103 2963 2142 sensu
2996 2092 3224 2144 nectitur
3262 2092 3311 2145 id
3341 2095 3482 2161 quod

1911 2188 2091 2247 postea
2118 2176 2474 2247 subjungitur.
2510 2178 2713 2233 Interea
2744 2179 3079 2253 referendum
3108 2180 3211 2237 hoc
3238 2182 3301 2235 ad
3326 2197 3481 2253 supe-

1910 2272 2072 2333 riora,
2105 2279 2226 2323 tunc
2252 2273 2391 2323 enim
2420 2270 2708 2339 implebitis
2736 2287 2909 2326 meum
2941 2251 3214 2342 gaudium,
3240 2276 3284 2329 si
3304 2286 3356 2330 et
3380 2251 3481 2329 hoc

1910 2373 2119 2429 quoque
2149 2358 2353 2413 faciatis
2384 2371 2437 2414 ut
2470 2361 2826 2431 unusquisque
2856 2376 2960 2416 non
3002 2372 3201 2417 tantum
3231 2380 3325 2420 sua
3354 2381 3480 2435 prn-

1910 2451 2023 2518 pria
2065 2450 2367 2519 perspiciat,
2394 2450 2488 2505 sed
2532 2451 2778 2516 aliorum,
2813 2462 2865 2506 et
2910 2455 2981 2507 ita
3020 2455 3213 2525 singuli
3256 2455 3326 2511 de
3365 2458 3481 2511 aliis

1910 2551 2067 2611 atque
2096 2542 2318 2595 aliorum
2340 2556 2495 2596 curas
2521 2541 2770 2597 habeant.
2800 2542 2911 2598 lloc
2935 2545 3075 2599 enim
3096 2561 3191 2600 nos
3213 2558 3478 2616 putamus.

1909 2630 2060 2697 Quod
2090 2630 2134 2684 si
2163 2629 2230 2685 de
2261 2630 2411 2685 nobis
2443 2642 2642 2684 tantum
2671 2632 2965 2701 cogitemus
2985 2674 3000 2698 ,
3032 2635 3185 2688 nobis
3225 2637 3481 2704 prodesse

1910 2722 2219 2791 poterimus,
2251 2730 2304 2775 et
2332 2722 2398 2775 de
2426 2723 2621 2775 nostris
2651 2730 2852 2775 tantum
2886 2724 3041 2777 rebus
3062 2738 3238 2793 agere,
3269 2726 3336 2779 de
3363 2741 3478 2795 spe,

1908 2812 1975 2867 de
1998 2812 2307 2867 liberatione
2330 2824 2509 2867 nostra
2538 2831 2551 2866 :
2580 2813 2674 2868 sed
2699 2813 2800 2869 hoc
2822 2829 3007 2882 parum
3030 2823 3131 2868 est.
3157 2815 3305 2870 Tunc
3330 2820 3471 2871 enim

1908 2919 2036 2959 vere
2065 2904 2132 2959 de
2176 2904 2328 2958 nobis
2358 2905 2559 2975 agimus
2582 2946 2597 2971 ,
2631 2906 2676 2958 si
2705 2916 2759 2959 et
2789 2906 2922 2960 alios
2950 2922 3200 2963 curemus
3223 2947 3240 2975 ,
3281 2921 3334 2963 et
3362 2910 3482 2966 aliis

1910 2997 2161 3066 prodesse
2191 3011 2555 3066 properemus.
2580 2996 2712 3051 Cum
2733 2998 2872 3051 enim
2894 3013 3081 3054 omnes
3102 3016 3262 3055 unum
3285 3016 3480 3071 corpus

236 3100 437 3155 testas,
472 3088 702 3143 nondum
739 3089 1013 3154 conlecm,
1044 3089 1151 3158 jam
1191 3090 1423 3160 perfecta
1451 3092 1668 3146 scientia
1700 3092 1799 3163 (5).
1831 3100 1874 3160 C
1908 3090 2108 3152 simus,
2141 3087 2258 3142 aliis
2302 3089 2347 3141 si
2384 3091 2769 3158 pr0spiciamus
2795 3131 2809 3154 ,
2842 3092 2993 3144 nobis
3022 3093 3373 3161 prospicimus
3401 3112 3412 3146 :
3437 3096 3481 3148 si

237 3181 487 3238 Secundo
514 3184 669 3252 igitur
692 3192 957 3251 praecepto
985 3197 1102 3236 cum
1138 3198 1242 3235 uno
1263 3184 1313 3235 in
1342 3197 1501 3237 sensu
1527 3192 1806 3253 utrumque

236 3274 306 3327 sit
333 3314 348 3337 ,
382 3272 569 3327 fortius
600 3283 774 3327 tamen
804 3272 1066 3341 positum;
1095 3288 1254 3325 unum
1276 3313 1290 3339 ,
1324 3273 1529 3342 inquit,
1557 3276 1764 3328 scientes
1789 3289 1808 3329 :

233 3366 344 3436 jam
385 3366 674 3435 prateeptio
712 3373 795 3418 est
825 3366 934 3433 ipsa
958 3404 973 3428 ,
1013 3379 1131 3418 cum
1159 3366 1367 3417 scientes
1395 3363 1546 3419 dixit.
1581 3370 1648 3419 At
1680 3381 1806 3421 vero

240 3460 485 3527 superius
516 3457 648 3511 idem
691 3458 956 3510 sentientes
992 3456 1156 3521 dixit,
1187 3456 1236 3509 id
1261 3469 1342 3511 est
1373 3472 1561 3512 sensus
1587 3458 1803 3513 eosdem

240 3546 604 3616 intelligentia:
636 3545 891 3600 habentes
917 3562 928 3596 :
969 3546 1093 3599 illud
1122 3562 1248 3615 ergo
1276 3546 1446 3600 adhuc
1475 3547 1527 3600 in
1556 3554 1673 3601 actu
1702 3559 1804 3614 est,

243 3636 344 3691 hoc
369 3635 421 3689 in
452 3635 773 3705 perfectione
796 3635 958 3689 videri
985 3643 1178 3704 potest.
1212 3636 1355 3689 Idem
1380 3637 1649 3691 sentientes
1670 3648 1719 3691 et
1742 3638 1807 3692 ad

243 3728 403 3782 vitam
449 3728 559 3796 pari
604 3727 799 3790 modo,
838 3726 997 3780 etiam
1051 3726 1103 3779 in
1148 3734 1269 3780 actu
1313 3736 1432 3791 est,
1475 3729 1612 3781 circa
1648 3730 1809 3781 vitam

240 3820 469 3874 eamdem
490 3819 805 3872 dilectionem
831 3818 1119 3871 exerceatis.
1144 3818 1309 3871 Porro
1328 3830 1501 3871 autent
1531 3818 1581 3872 in
1607 3818 1810 3888 perlec-

244 3915 386 3967 tione
412 3915 511 3966 hoc
544 3922 625 3965 est
661 3912 921 3964 unanimes
959 3920 1007 3963 et
1059 3920 1335 3979 utrumque
1378 3911 1445 3964 de
1486 3911 1724 3966 moribus
1759 3922 1813 3965 et

245 4006 308 4060 de
340 4006 462 4057 vita:
500 4018 729 4072 genere:
756 4001 899 4056 unde
944 4010 1119 4056 tamen
1170 4017 1289 4055 cum
1324 4001 1512 4055 eadem
1538 4002 1812 4056 videantur

246 4093 447 4165 singula
492 4094 545 4147 in
591 4094 831 4163 singulis,
873 4092 1165 4161 posteriora
1211 4091 1414 4161 potiora
1441 4102 1582 4146 sunt.
1614 4092 1813 4148 Deinde

245 4190 479 4259 adjunxit
506 4204 518 4240 :
544 4188 671 4240 nihil
720 4202 809 4255 per
858 4186 1226 4239 contentionem
1270 4200 1427 4254 neque
1472 4202 1560 4253 per
1599 4186 1813 4256 gloriam

243 4283 457 4336 inanem.
476 4278 649 4333 Petuit
664 4279 893 4342 enim,et
924 4277 1064 4331 idem
1089 4277 1369 4341 sentiendi,
1389 4286 1440 4331 et
1459 4278 1595 4331 idem
1613 4277 1813 4331 sciendi

248 4388 359 4430 esse
390 4382 569 4427 tamen
597 4374 884 4426 contentio.
928 4369 1112 4423 Modus
1162 4368 1319 4439 igitur
1358 4369 1651 4437 subjuuetis
1687 4378 1807 4433 est,

1908 3179 1974 3233 de
2002 3180 2119 3233 aliis
2141 3180 2435 3247 cogitemus
2457 3221 2470 3243 ,
2506 3180 2573 3233 de
2614 3181 2766 3232 nobis
2796 3183 2962 3249 magis
3004 3184 3312 3251 Cogitamus.
3349 3183 3482 3238 Hinc

1907 3270 2197 3338 suhjungit,
2229 3279 2481 3339 quantum
2512 3270 2578 3323 sit
2609 3271 2746 3323 istud
2779 3272 2916 3339 quod
2950 3281 3150 3338 monet,
3182 3274 3320 3342 quod
3349 3288 3482 3342 pra:-

1907 3360 2141 3430 cipuum,
2168 3360 2307 3429 quod
2335 3362 2642 3424 vehemens,
2672 3374 2791 3413 cum
2820 3360 2949 3415 dicit
2977 3378 2989 3413 :
3018 3360 3129 3415 lloc
3149 3363 3281 3414 idem
3307 3379 3396 3415 nos
3425 3364 3478 3415 in

1909 3455 2092 3507 nostris
2132 3454 2357 3507 sensibus
2412 3454 2680 3507 habeamus
2701 3495 2717 3521 ,
2749 3454 2883 3523 quod
2917 3464 2961 3508 et
3008 3456 3061 3507 in
3096 3453 3294 3509 Christo
3327 3453 3473 3509 Iesu.

1908 3546 2045 3614 Quid
2076 3547 2212 3601 istud
2237 3557 2355 3612 est,
2404 3543 2518 3599 Hoc
2559 3549 2735 3600 sentite
2775 3550 2827 3600 in
2865 3548 3000 3601 vobis
3027 3549 3163 3618 quod
3189 3550 3380 3601 sentitis
3428 3550 3481 3603 in

1908 3642 2107 3698 Christo
2131 3643 2286 3709 Iesu;
2307 3645 2423 3717 ipse
2448 3645 2664 3714 exponit
2692 3654 2745 3699 et
2772 3648 3018 3715 explicat.
3057 3644 3263 3699 Etenim
3303 3644 3347 3696 si
3378 3643 3481 3699 hoc

1908 3736 2167 3791 sentimus
2201 3736 2253 3790 in
2278 3722 2497 3791 Christo
2524 3737 2682 3802 .lesu,
2710 3739 2828 3807 quia
2865 3740 2977 3809 ipse
3026 3741 3193 3810 magis
3231 3740 3296 3794 de
3325 3740 3443 3795 aliis
3466 3782 3481 3806 ,

1909 3829 1960 3882 id
1983 3838 2062 3883 est
2091 3827 2157 3883 de
2186 3830 2339 3883 nobis
2365 3845 2549 3885 curam
2578 3832 2758 3901 gessit,
2797 3848 2900 3886 non
2929 3833 2995 3887 de
3016 3847 3096 3899 se,
3122 3849 3290 3902 neque
3325 3834 3390 3888 de
3418 3849 3484 3889 eo

1910 3922 2049 3992 quod
2080 3922 2193 3991 ipse
2221 3932 2401 3991 posset
2426 3933 2517 3977 aut
2545 3934 2769 3993 poterat,
2796 3935 2882 3977 aut
2910 3933 3102 3995 potest,
3123 3926 3215 3980 sed
3239 3926 3306 3979 de
3329 3926 3482 3981 nobis

1913 4019 2087 4087 potius
2114 4018 2381 4087 cogitavit.
2416 4018 2527 4072 Hoc
2554 4028 2635 4072 est
2660 4019 2801 4088 quod
2836 4033 2992 4087 supra
3019 4020 3184 4085 dixit,
3216 4020 3309 4074 sed
3341 4020 3476 4073 alio-

1912 4124 2028 4161 rum
2056 4109 2245 4176 singuli
2270 4123 2450 4162 curam
2472 4123 2717 4179 geramus
2742 4127 2754 4160 :
2779 4110 2973 4163 etenim
3025 4110 3276 4163 Dominus
3304 4119 3484 4163 noster

1912 4196 2151 4252 Christus
2167 4198 2430 4263 Salvator,
2460 4200 2639 4268 utique
2661 4214 2779 4253 cum
2800 4200 3042 4254 Salvator
3063 4208 3222 4262 esset,
3251 4200 3369 4254 aliis
3394 4216 3481 4253 sa-

1912 4292 2077 4345 lutem
2105 4290 2281 4344 attulit
2311 4308 2323 4343 :
2347 4300 2401 4345 et
2441 4290 2885 4359 quemadmodum
2914 4305 3017 4344 non
3056 4291 3211 4345 modo
3237 4292 3485 4361 benigni-

1914 4391 2023 4437 tate
2068 4391 2268 4436 tantum
2312 4397 2474 4447 usus,
2506 4396 2676 4450 neque
2722 4382 2927 4450 fulgens
2973 4396 3063 4435 sua
3117 4384 3482 4438 benevolentia

248 4466 331 4536 qui
357 4479 477 4520 esse
503 4463 725 4529 ἀεικείην
767 4462 851 4516 νει
893 4461 1066 4532 Palus
1093 4460 1182 4530 qui
1226 4474 1330 4514 "0“
1353 4475 1473 4515 esse
1497 4478 1509 4511 ³
1538 4460 1666 4512 "illi!
1686 4500 1700 4525 ν
1735 4460 1813 4513 Ῐη·
1838 4455 1891 4515 D
1914 4489 2008 4528 sua
2033 4475 2149 4528 luce
2175 4478 2331 4528 vestit
2356 4486 2408 4529 et
2438 4475 2586 4541 texit,
2618 4486 2774 4543 atque
2795 4474 2859 4527 ad
2886 4490 2944 4528 se
2966 4475 3284 4544 benignitate
3310 4476 3479 4530 infusa

250 4558 374 4628 quit,
402 4573 492 4628 per
532 4555 911 4608 contentionem.
960 4553 1105 4607 Multi
1150 4551 1291 4607 enim
1330 4552 1684 4607 contendendi
1731 4553 1815 4608 vel

255 4648 616 4703 necessitatem
642 4646 836 4700 habent
874 4646 956 4699 vel
979 4644 1322 4699 voluntatem.
1355 4644 1640 4713 Utramque
1661 4645 1817 4715 igitur

255 4739 641 4798 contentionem
667 4739 807 4804 tulit,
834 4750 887 4791 ut
918 4737 1205 4793 necessitas
1233 4752 1335 4791 non
1366 4738 1436 4791 sit
1460 4736 1814 4791 contendendi

258 4848 347 4889 nec
376 4833 640 4885 voluntas.
691 4830 895 4898 Quippe
938 4844 1056 4881 cum
1098 4838 1379 4895 utrumque
1428 4827 1677 4881 vitiosum
1724 4829 1813 4881 sit.

256 4923 351 4979 Alii
378 4920 685 4976 curiositate
722 4922 772 4973 in
815 4921 982 4989 ipsam
1021 4917 1414 4972 contentionem
1454 4918 1658 4971 irrnunt
1692 4917 1818 4971 :alii

259 5023 435 5068 natura
469 5012 597 5067 tales
627 5021 767 5072 sunt,
793 5018 849 5064 ut
871 5009 1189 5064 contentiosi
1214 5010 1319 5062 sint
1346 5026 1359 5063 :
1386 5008 1503 5062 ideo
1529 5008 1815 5077 adjectum,

259 5103 377 5159 nihil
404 5120 497 5173 per
523 5103 905 5157 contentionem.
939 5099 1137 5153 Deinde
1175 5114 1359 5152 rursus
1386 5098 1471 5151 alii
1510 5098 1573 5151 ad
1617 5098 1820 5167 jactan-

260 5194 372 5249 tiam
408 5192 513 5248 hoc
541 5190 836 5263 proferunt,
865 5200 921 5245 ut
949 5188 1292 5255 contendant,
1324 5197 1379 5243 et
1418 5202 1571 5258 pares
1595 5203 1714 5244 esse
1744 5189 1819 5244 vi-

326 5380 403 5450 (l)
440 5378 514 5450 ita
540 5375 698 5432 codd.

331 5381 371 5450 [l
440 5381 514 5432 ita
540 5381 698 5432 codd.

331 5381 409 5519 (si
438 5448 591 5502 Num.
621 5461 717 5515 pro
742 5443 1012 5519 diversam,
1043 5451 1179 5519 ut_p.
1214 5440 1323 5495 54?

332 5510 414 5591 (3')
449 5519 521 5591 ita
561 5510 777 5584 prorsus
814 5523 896 5591 est
924 5510 1207 5591 ill_COtld:;
1251 5526 1319 5591 ne
1347 5513 1464 5581 quis
1492 5510 1627 5591 forte
1655 5512 1822 5567 lector

269 5580 632 5645 obscuritatem
659 5582 893 5639 auctoris
920 5582 1110 5637 editori
1161 5580 1407 5651 imputet,
1442 5592 1551 5636 tum
1571 5580 1677 5651 hic,
1708 5591 1817 5637 tum

272 5660 315 5717 in
337 5673 448 5730 seq.
483 5656 669 5733 pagina
691 5664 742 5711 et
771 5652 916 5708 alibi.
942 5651 1181 5722 Legesis.
1206 5652 1307 5706 col.
1335 5652 1490 5718 1211,
1521 5666 1575 5705 n.
1600 5650 1653 5705 2.

1916 4576 1968 4619 et
1987 4566 2263 4635 majestate
2290 4567 2575 4621 revocavit.
2597 4565 2665 4621 Ut
2682 4581 2809 4636 ergo
2831 4569 2995 4637 magis
3016 4568 3326 4622 beneficium
3346 4569 3482 4637 ejus,

1917 4668 1970 4711 et
2001 4659 2284 4711 maximum
2314 4673 2471 4713 nosse
2505 4672 2813 4727 possemus,
2838 4658 3125 4713 exinanivit
3152 4700 3165 4723 ,
3198 4661 3395 4726 inquit,
3426 4674 3487 4714 se

1918 4757 2077 4816 atque
2094 4748 2233 4800 omni
2257 4748 2403 4802 exuit
2431 4750 2728 4816 majestate,
2750 4756 2806 4801 ut
2833 4748 2883 4801 in
2907 4749 3484 4815 carnemdesccndens,

1919 4852 1975 4894 ut
2011 4856 2223 4897 omnem
2262 4844 2403 4896 illam
2449 4843 2752 4911 patientiam
2798 4842 3107 4896 humilitatis
3150 4845 3442 4913 suscipiens
3468 4885 3483 4909 ,

1922 4933 2074 4985 nobis
2114 4942 2171 4985 ut
2212 4932 2486 5000 prodesset
2528 4947 2706 4996 carne,
2737 4931 2955 5001 injurias
2985 4933 3035 4985 in
3063 4947 3259 4997 carne,
3295 4932 3488 4987 deinde

1922 5036 2134 5077 crucem
2180 5032 2508 5093 mortemque
2548 5025 2816 5077 sustinuit.
2846 5024 2974 5090 Qua:
3001 5025 3177 5079 omnia
3219 5025 3408 5080 docent
3433 5034 3490 5081 et

1924 5113 2201 5168 hortantur
2243 5130 2341 5169 nos
2361 5156 2376 5180 ,
2406 5125 2462 5169 ut
2490 5116 2569 5187 (Ι)
2597 5116 2839 5170 similiter
2868 5116 3136 5172 imitantes
3168 5118 3443 5171 Dominum
3467 5159 3486 5186 ,

1925 5219 2031 5258 non
2077 5205 2143 5259 de
2188 5206 2306 5261 aliis
2352 5208 2527 5276 potius
2557 5209 2851 5277 cogitemus
2884 5224 3041 5277 quam
3067 5208 3133 5263 de
3155 5210 3304 5262 nobis
3337 5209 3486 5276 ipsis.

1925 5295 2036 5351 lloc
2058 5307 2139 5352 est
2159 5315 2173 5351 t
2191 5296 2301 5352 nim
2326 5314 2453 5353 vere
2480 5299 2547 5355 de
2570 5300 2722 5353 nobis
2745 5315 2924 5369 agere,
2947 5301 3170 5353 aliorum
3194 5316 3373 5355 curam
3396 5315 3493 5369 pro

1924 5404 2110 5444 eorum
2142 5391 2311 5445 salute
2335 5392 2627 5461 suscipere.
2651 5391 2759 5445 Hoc
2788 5402 2869 5446 est
2893 5406 3018 5462 ergo
3046 5402 3102 5445 ut
3123 5392 3223 5446 hoc
3250 5390 3495 5448 sentiatis

1928 5483 1977 5535 in
2010 5483 2157 5537 vobis
2177 5524 2191 5547 ,
2224 5482 2363 5552 quod
2394 5492 2445 5537 et
2480 5484 2529 5536 in
2554 5482 2767 5538 Christo
2796 5484 3021 5539 sentitis.
3050 5484 3199 5538 Illum
3230 5483 3495 5557 profuisse

1996 5657 2074 5731 (l)
2099 5654 2264 5712 Codd.
2294 5667 2478 5713 autem.
