3950 6206
223 234 375 292 ηοξ)

1027 235 1089 289 l.\'
1129 232 1509 292 EPISTOIAM
1553 231 1752 286 PAULI
1795 232 1882 286 AD
1921 232 2401 289 PHILIPPENSES
2441 234 2656 289 LIBER.

3333 233 3469 288 1210

223 347 408 417 ﬁgura
439 357 657 415 accepta
687 347 834 416 quasi
867 346 1043 400 homo.
1083 346 1234 414 Quod
1279 356 1456 400 autem
1486 344 1650 407 dixit,
1678 344 1806 397 servi
1834 350 1884 410 Α
1913 345 2063 410 nihil,
2096 347 2182 416 qui
2208 347 2466 414 jungitur.
2503 347 2829 416 Simpliciter
2863 350 2962 402 hoc
2996 362 3152 402 aures
3181 347 3468 417 accipiant,

221 444 456 508 formant
500 441 734 507 sumpsit,
765 438 1013 508 quoniam
1066 439 1175 506 ipse
1205 438 1372 490 forma
1419 436 1509 489 Dei
1564 436 1680 498 luit,
1714 432 1805 486 Dei

222 538 414 584 autem
482 543 666 584 servus
725 530 882 582 homo
931 537 1055 592 est,
1117 529 1311 582 idcirco
1367 527 1609 591 dictum,
1682 525 1808 578 servi

226 624 457 689 formant
504 621 735 685 sumpsit.
773 622 846 671 ιι
879 633 978 686 qua
1008 633 1065 672 rc
1095 633 1152 671 sc
1181 617 1493 677 htttniliavit,
1533 626 1584 670 et
1613 629 1669 669 se
1698 617 1807 669 cxi-

227 709 445 763 nauivit
483 709 674 772 fat-tus,
705 709 895 776 inquit,
926 720 979 760 ut
1011 708 1254 761 subditus
1291 723 1456 776 usque
1490 706 1552 758 ad
1584 716 1804 758 monent

227 802 441 855 scilicet
471 801 664 854 crucis.
701 800 835 854 Ecce
866 802 915 852 in
944 800 1042 852 hoc
1075 801 1189 866 ipso
1216 815 1334 853 cum
1373 799 1539 862 dixit,
1579 797 1806 850 subditus

229 899 405 959 [actus
431 932 445 956 ,
495 905 663 958 {tr-ere
702 901 875 944 autem
909 901 1094 958 aperte
1135 901 1188 944 et
1226 894 1378 958 plene
1401 930 1416 952 ,
1463 903 1579 942 cum
1610 888 1803 940 dictum

227 984 462 1042 ὑπήκοος
490 983 742 1053 γενόμενος
764 1024 776 1039 .
821 981 957 1050 quod
1003 973 1110 1045 est,
1137 980 1434 1033 subauditor
1479 975 1682 1043 e/[ectus
1703 1018 1716 1040 ,
1752 978 1802 1030 in

225 1087 343 1141 qud
373 1083 429 1123 ut
476 1070 614 1122 dixit
641 1111 655 1135 ,
704 1069 756 1122 in
791 1069 891 1122 hoc
939 1070 1054 1138 ipso
1081 1084 1396 1137 eXpresrum
1426 1109 1440 1130 ,
1481 1069 1616 1138 quod
1648 1068 1804 1136 paulo

225 1174 357 1215 ante
385 1160 637 1223 diximus,
671 1161 920 1228 quoniam
949 1180 974 1212 ιι
1004 1159 1164 1213 Patre
1191 1161 1384 1212 miSStts
1419 1168 1518 1212 est.
1564 1158 1619 1211 Si
1664 1158 1800 1211 enim

222 1252 566 1315 subauditur,
590 1266 770 1304 verum
804 1263 880 1305 est
905 1250 1034 1304 illud
1057 1259 1109 1305 et
1134 1251 1333 1318 integre
1356 1251 1576 1311 dictum,
1610 1249 1695 1318 qui
1719 1263 1803 1302 me

223 1337 337 1393 huc
371 1341 514 1392 misit
559 1350 609 1393 et
638 1341 877 1392 subditus
911 1339 1077 1392 laetus
1107 1356 1120 1403 ;
1153 1351 1296 1394 certe
1331 1349 1498 1408 potest
1521 1351 1802 1407 utrumque

227 1447 339 1485 non
371 1432 545 1484 ειιΙιιιιι
591 1447 682 1500 per
729 1433 867 1484 illam
912 1432 1168 1486 rationem
1198 1433 1362 1500 accipi
1390 1444 1544 1501 atque
1587 1432 1799 1501 intelligi

225 1522 353 1590 quia
382 1531 436 1575 et
472 1522 523 1575 in
554 1523 763 1576 Lhristo
795 1525 934 1575 Deus
961 1533 1063 1586 est,
1099 1533 1151 1575 et
1181 1531 1262 1576 est
1301 1524 1351 1575 iu
1385 1523 1518 1576 Filio
1546 1523 1717 1585 Pater,
1747 1530 1801 1574 et

227 1611 284 1666 in
317 1611 473 1666 Patre
500 1612 681 1676 Filius,
714 1612 966 1682 sedquod
997 1618 1153 1666 etiam
1180 1613 1229 1665 in
1263 1613 1438 1666 multis
1467 1612 1597 1666 locis
1628 1611 1799 1664 simile

1909 452 2036 490 num
2073 437 2187 506 ipso
2221 445 2456 506 tempore
2518 437 2685 492 Filius
2740 455 2843 492 non
2888 438 3196 493 dicebatur?
3243 438 3466 509 Intelligi

1909 527 2120 598 quidem
2155 537 2345 596 potest,
2379 531 2623 596 quoniam
2649 529 2842 584 virtute
2865 529 2977 594 Dei,
3008 537 3062 582 ut
3095 529 3230 582 Deus
3255 531 3387 596 ipse,
3416 537 3470 583 et

1909 619 2077 672 forma
2113 620 2224 676 Dei.
2266 620 2379 688 ipse
2403 619 2561 684 Deus,
2593 635 2782 673 nomen
2819 618 2918 673 hoc
2952 627 3006 672 et
3033 619 3128 672 hoc
3153 618 3464 672 vocabulum

1910 720 2088 777 postea
2127 709 2427 778 acceperit,
2475 722 2818 778 posteaquam
2858 710 2909 761 in
2953 707 3201 762 mundum
3247 707 3468 762 descen-

1909 800 2060 864 dens,
2091 800 2140 852 id
2177 809 2257 853 est
2297 801 2447 864 ὓλην,
2496 800 2660 868 ipsam
2713 799 2828 856 ὓλην
2873 799 3128 866 pra'cidit,
3158 805 3209 850 et
3245 797 3388 862 vicit,
3417 806 3470 850 ct

1909 899 2132 944 mortem
2171 891 2438 958 superavit
2464 931 2477 953 ,
2514 900 2567 943 ut
2601 891 2708 958 jam
2757 905 2902 944 mors
2939 903 3041 942 non
3086 889 3465 942 dominaretur.

1907 982 2056 1049 Quod
2087 983 2129 1036 si
2172 992 2311 1036 tanta
2348 984 2458 1036 haec
2486 982 2599 1050 ejus
2635 996 2792 1050 opera
2812 1021 2824 1044 ,
2849 989 2902 1033 et
2932 989 3070 1033 tanta
3102 979 3465 1032 misericordia

1909 1076 2021 1140 Dei,
2056 1091 2147 1143 per
2176 1074 2274 1128 hoc
2302 1074 2368 1127 ab
2397 1073 2482 1128 illo
2515 1088 2702 1128 munus
2746 1073 3018 1141 impletum
3046 1080 3157 1136 est,
3203 1070 3253 1124 in
3296 1069 3469 1124 reditu

1906 1177 2065 1234 atque
2087 1167 2395 1220 reversione
2422 1165 2521 1219 hoc
2554 1179 2745 1218 nomen
2778 1163 3017 1230 accepit,
3041 1171 3091 1214 et
3122 1161 3240 1213 hinc
3267 1159 3466 1214 exalta-

1908 1267 1994 1312 tus
2027 1270 2128 1321 cst,
2154 1267 2208 1311 et
2237 1259 2372 1310 hanc
2400 1257 2617 1325 gratiam
2650 1264 2968 1309 con~ecutus
2999 1262 3098 1315 est,
3136 1261 3192 1305 ut
3227 1250 3343 1304 Filii
3375 1264 3468 1303 no-

1906 1364 2025 1402 men
2047 1349 2333 1415 acciperet,
2366 1347 2504 1416 quod
2531 1361 2721 1399 nomen
2751 1360 2909 1411 supra
2931 1357 3086 1395 otnne
3115 1355 3304 1394 nomen
3327 1349 3429 1394 est.

1974 1439 2076 1492 Sed
2117 1438 2375 1492 catholica
2420 1437 2693 1505 disciplina
2742 1435 2914 1498 dicit,
2962 1442 3016 1488 et
3055 1447 3264 1500 semper
3309 1431 3468 1486 fuisse

1902 1527 2132 1587 Patrem,
2162 1538 2214 1582 et
2239 1542 2449 1594 semper
2472 1526 2656 1579 Filium
2684 1543 2694 1576 :
2728 1533 2782 1578 et
2805 1528 2871 1576 ita
2903 1532 2956 1578 et
2982 1522 3260 1576 dicendum
3291 1529 3461 1586 est,et

1902 1618 2316 1687 intelligendum.
2352 1616 2761 1681 Verumtamen,
2804 1596 3050 1682 quoniam
3079 1613 3215 1682 apud
3256 1627 3351 1666 nos
3383 1613 3466 1666 hic

225 1707 551 1772 reperimus,
588 1714 642 1756 ut
671 1712 730 1757 ct
756 1705 1012 1758 mittemis
1035 1708 1104 1756 sit
1132 1706 1438 1766 auctoritas,
1474 1714 1526 1758 et
1559 1703 1797 1755 voluntas

1911 1729 2052 1767 error
2078 1725 2157 1766 est
2184 1721 2336 1765 natus
2363 1712 2462 1780 (l),
2505 1709 2642 1778 quod
2675 1716 2881 1762 constet
2928 1718 3049 1761 ante
3077 1705 3130 1759 in
3167 1719 3328 1759 carne
3366 1705 3463 1759 de-

227 1792 670 1861 obtempcrantis.
704 1793 908 1847 Etenim
942 1806 993 1847 ut
1024 1795 1158 1863 apud
1190 1805 1392 1863 poetas,
1426 1795 1468 1846 si
1497 1810 1614 1847 cum
1648 1804 1795 1861 pater

227 1881 550 1937 Mercurium
575 1885 790 1937 mittens
825 1886 1047 1952 imperio
1069 1900 1164 1938 suo
1192 1885 1367 1949 misit;
1395 1885 1678 1938 Mercurius
1706 1899 1798 1934 an-

235 1983 343 2030 tem
397 1977 560 2044 patris
606 1992 723 2031 cum
768 1987 974 2045 pareret
1008 1979 1226 2045 imperio
1248 2020 1261 2041 ,
1292 1991 1347 2029 se
1376 1979 1546 2043 ipsum
1580 1988 1797 2042 eumpo-

235 2069 364 2131 suit,
389 2079 442 2123 et
471 2084 527 2122 se
565 2069 850 2123 exinanivit
880 2081 937 2121 ut
995 2076 1199 2122 volaret
1241 2079 1294 2122 et
1323 2068 1421 2122 iter
1450 2066 1720 2129 tenderet,
1753 2066 1797 2118 si

235 2157 320 2214 fas
347 2170 426 2212 est
453 2159 647 2212 divinis
678 2160 796 2212 talia
824 2175 1157 2228 comparare;
1192 2158 1409 2227 intelligi
1443 2158 1583 2221 licet,
1616 2167 1666 2210 et
1693 2157 1794 2209 Pa-

237 2253 336 2308 tris
364 2250 581 2318 imperio
610 2250 698 2302 Dei
731 2250 1106 2315 omnipotentis
1149 2251 1364 2301 ιιιὶεςιιιιι
1405 2248 1670 2300 Christum
1705 2264 1714 2297 :
1748 2258 1801 2300 et

239 2339 486 2395 Christus
514 2339 699 2403 Filius,
732 2355 795 2393 co
826 2341 938 2407 ipso
966 2339 1103 2406 quid
1133 2340 1352 2408 imperio
1382 2338 1798 2407 obtemperabat,

241 2446 304 2488 se
351 2431 635 2486 exinanivit
662 2473 676 2496 ,
712 2441 767 2484 ut
808 2432 1036 2483 hominis
1077 2429 1297 2482 fortnam
1349 2438 1581 2482 sumeret
1607 2469 1620 2492 ,
1652 2437 1704 2481 et
1750 2427 1801 2480 iu

247 2539 409 2579 carne
451 2525 671 2587 veniret,
703 2534 751 2577 et
784 2523 922 2576 servi
954 2523 1234 2591 imaginem
1265 2523 1579 2586 sustineret,
1610 2535 1667 2574 se
1708 2519 1802 2572 hu-

245 2616 458 2671 milians
500 2623 554 2666 et
582 2614 859 2666 ohauditor
891 2613 1091 2677 factus,
1119 2613 1394 2666 obauditer
1424 2622 1596 2665 autem
1639 2626 1802 2679 usque

248 2706 314 2760 ad
344 2714 586 2758 mortem.
620 2705 784 2770 Quam
815 2705 954 2757 illam
987 2704 1239 2758 tunrten‘i?
1265 2704 1429 2757 multa
1452 2706 1590 2757 enim
1613 2718 1802 2772 genera

250 2796 438 2851 mortis
463 2805 584 2848 sunt
614 2812 628 2852 :
663 2810 780 2848 nam
812 2796 1036 2864 primum
1068 2811 1183 2849 esse
1214 2796 1263 2848 in
1295 2811 1455 2848 carne
1475 2835 1488 2857 ,
1519 2796 1700 2847 tnortis
1726 2794 1800 2862 (l)

254 2899 336 2941 est
366 2905 380 2940 :
411 2886 598 2940 deinde
626 2886 866 2955 accipere
912 2889 1086 2940 omnia
1129 2900 1337 2956 peccata
1372 2889 1565 2952 carnis,
1599 2897 1651 2941 et
1696 2888 1805 2955 ipsa

254 2992 396 3033 mOrs
424 2989 502 3032 est
534 2993 546 3028 :
577 2977 695 3029 ideo
739 2977 1001 3044 adjectum
1024 3019 1036 3038 .
1088 2994 1241 3042 usque
1266 2979 1332 3030 ad
1368 2989 1593 3031 mortem.
1639 2977 1806 3044 Quam

1897 1818 2142 1856 sceusiim
2171 1842 2184 1864 ,
2242 1816 2506 1868 nunquam
2548 1800 2709 1852 lilium
2747 1797 2944 1852 dictum
2981 1810 3098 1850 esse
3138 1795 3278 1867 λόγον
3303 1835 3318 1861 ,
3373 1808 3471 1850 nec

1900 1909 2038 1948 nunc
2084 1895 2152 1946 ita
2195 1892 2455 1960 expositio
2499 1891 2595 1943 ista
2639 1892 2830 1951 currit,
2880 1897 2934 1942 ct
2971 1887 3281 1941 sententiam
3318 1899 3464 1939 suam

1901 1995 2070 2047 tenet,
2107 1993 2162 2037 ut
2190 2001 2307 2037 cmn
2339 1985 2535 2036 dictum
2563 1982 2630 2035 sit
2658 1980 2796 2048 quod
2829 1995 2885 2035 se
2908 1981 3074 2050 ipsum
3098 1978 3463 2041 exinaniverit,

1899 2088 1951 2132 et
1992 2093 2109 2130 cum
2145 2077 2237 2130 Dei
2270 2085 2411 2130 esset
2451 2076 2615 2128 forma
2640 2115 2653 2138 ,
2684 2074 2906 2127 formam
2944 2074 3082 2126 servi
3125 2072 3384 2139 acceperit
3413 2079 3465 2123 et

1901 2169 2148 2237 ligarant,
2185 2167 2234 2219 in
2262 2165 2607 2219 similitudine
2635 2166 2876 2218 inventus
2907 2162 3136 2216 hominis
3163 2171 3216 2214 et
3255 2159 3421 2214 lactus
3446 2174 3461 2223 ;

1901 2267 1954 2310 et
1985 2271 2147 2324 usque
2172 2255 2235 2307 ad
2270 2267 2490 2308 mortem
2517 2269 2574 2308 se
2603 2251 2950 2306 humiliavcrit
2969 2293 2982 2315 ,
3013 2260 3064 2304 et
3091 2258 3310 2304 mortem
3333 2264 3458 2302 cru-

1903 2348 2017 2410 eis,
2066 2355 2119 2400 et
2162 2345 2469 2414 adjuttctunt
2513 2345 2579 2396 ita
2609 2347 2705 2407 sit,
2738 2352 2939 2412 propter
2966 2341 3099 2410 quod
3146 2339 3280 2393 Deus
3323 2339 3467 2391 illum

1904 2436 2139 2491 exultavit
2164 2453 2180 2487 :
2209 2435 2412 2489 videtur
2444 2443 2657 2503 propter
2687 2434 2851 2501 ipsam
2883 2432 3178 2500 passionem
3209 2428 3470 2484 ettaltatus

1904 2542 2040 2590 esse,
2067 2538 2116 2581 et
2147 2526 2419 2592 accepisse
2447 2541 2503 2576 se
2533 2525 2667 2577 hanc
2688 2523 3001 2591 gratiam,ut
3031 2519 3130 2572 hoc
3160 2533 3348 2572 nomen
3377 2530 3467 2569 ac-

1905 2619 2104 2685 ciperet
2129 2615 2266 2683 quod
2291 2631 2444 2682 supra
2469 2629 2625 2666 onme
2668 2627 2858 2666 nomen
2900 2620 3012 2673 est,
3049 2617 3262 2678 prOpter
3291 2608 3467 2668 istam,

1908 2710 2150 2778 inquam,
2181 2721 2413 2761 causam.
2459 2705 2549 2758 Sic
2576 2705 2714 2757 cnim
2753 2703 2879 2756 dicit
2907 2701 3120 2754 Paulus.
3149 2696 3299 2764 Quod
3332 2697 3374 2748 si
3401 2696 3473 2749 ita

1908 2813 2003 2865 est,
2035 2801 2184 2869 quasi
2219 2799 2440 2865 intelligi
2467 2797 2611 2861 vult,
2658 2807 2776 2849 ante
2806 2796 2904 2848 hoc
2932 2811 3032 2847 non
3065 2791 3226 2846 fuisse
3256 2803 3469 2854 nomen,

1909 2900 1965 2943 ut
1995 2889 2148 2942 fuerit
2172 2890 2338 2941 virtus
2366 2888 2476 2951 Dei,
2501 2887 2640 2957 λόγος
2665 2885 2838 2947 luerit,
2862 2884 3018 2937 etiam
3051 2881 3213 2934 forma
3237 2878 3394 2932 fuerit
3423 2880 3474 2929 in

1909 2995 1974 3034 eo
2020 2980 2158 3049 quod
2201 2980 2370 3052 λόγος,
2401 2987 2454 3031 et
2502 2980 2673 3041 Deus,
2715 2985 2769 3029 et
2813 2975 2968 3028 fuerit
3008 2973 3144 3042 apud
3188 2972 3347 3024 Deum
3375 2986 3386 3022 :
3414 2983 3476 3024 ac

251 3068 515 3123 mortem?
547 3068 746 3130 erucis,
785 3067 970 3135 inquit.
1006 3066 1213 3120 Etenim
1244 3084 1339 3121 nos
1369 3069 1607 3122 Salvator
1636 3077 1807 3122 morte
1833 3089 1876 3150 ρ
1913 3081 2188 3140 propterea
2227 3069 2377 3138 quasi
2408 3084 2510 3121 non
2544 3067 2860 3130 conveniat,
2905 3075 2958 3117 ιιι
2985 3075 3105 3117 tunc
3151 3062 3238 3115 lilii
3285 3074 3476 3115 nomen

252 3175 356 3213 non
383 3158 645 3222 liberavit,
671 3156 765 3210 sed
794 3169 961 3211 morte
983 3159 1153 3211 crucis
1177 3159 1415 3211 liberavit
1449 3176 1461 3212 :
1484 3173 1638 3211 omne
1664 3159 1803 3210 enim

251 3250 557 3320 mysterium
591 3264 690 3300 non
723 3249 772 3300 in
805 3261 972 3302 morte
1002 3257 1224 3311 tantum,
1258 3250 1347 3303 sed
1386 3248 1605 3312 Christi,
1635 3251 1724 3302 sed
1755 3259 1806 3303 ct

250 3341 301 3394 in
334 3349 501 3392 morte
532 3339 705 3393 crucis
737 3356 748 3391 :
780 3339 917 3393 unde
945 3339 1077 3394 dixit
1101 3341 1314 3405 Paulus,
1343 3343 1496 3397 iidem
1528 3359 1585 3396 se
1613 3342 1806 3398 habere

249 3429 302 3484 in
333 3428 621 3490 Christum,
658 3438 709 3482 et
737 3429 788 3482 in
815 3428 1083 3484 Christum
1111 3431 1279 3499 ipsum
1311 3435 1628 3500 cruciﬁxum.

319 3520 479 3574 Vens.
510 3520 561 3580 9,
590 3519 671 3578 10.
697 3520 1060 3587 H.—Quibus
1090 3523 1336 3576 omnilms
1351 3524 1476 3592 quid
1507 3525 1807 3594 colligitur?

247 3611 385 3680 Ergo
405 3611 647 3664 Christus
675 3611 858 3665 etaliis
889 3613 1175 3676 consuluit,
1207 3621 1259 3665 et
1289 3628 1346 3668 se
1379 3614 1628 3668 humilem
1663 3615 1804 3670 fecit.

248 3703 464 3772 Ρνοριει·
504 3703 635 3769 quod
662 3712 706 3756 et
740 3701 879 3756 Deus
915 3705 1149 3756 exultavit
1180 3703 1329 3758 illum
1356 3746 1370 3769 ,
1400 3715 1447 3757 et
1487 3707 1690 3758 donavit
1730 3707 1807 3760 illi

248 3810 423 3849 nomen
449 3836 462 3856 ,
497 3805 550 3847 ut
578 3796 629 3848 in
655 3795 853 3847 nomine
881 3794 1007 3848 Iesu
1047 3811 1212 3848 omnes
1243 3812 1403 3866 genua
1428 3797 1632 3865 ﬂectant
1655 3841 1668 3863 ,
1713 3813 1808 3850 ca:-

246 3885 463 3945 lestium,
483 3886 809 3949 terrestrium,
826 3897 870 3939 et
896 3887 1229 3955 infernarum;
1251 3897 1294 3938 et
1317 3887 1476 3941 omnis
1499 3889 1671 3956 lingua
1688 3905 1808 3941 con-

246 3979 447 4045 ﬁteatur
467 3978 702 4044 quoniam
725 3977 973 4030 Dominus
1000 3976 1148 4031 Jesus
1175 3977 1402 4030 Christus
1442 3977 1492 4029 in
1518 3978 1682 4046 gloria
1713 3977 1807 4032 Dei

245 4064 415 4120 Patris
446 4066 540 4134 (Ξ).
561 4067 695 4133 Quid
727 4067 862 4119 istud
889 4066 976 4130 sit,
1002 4067 1140 4134 quod
1171 4081 1310 4120 nunc
1339 4068 1533 4121 dictum
1559 4077 1660 4130 est,
1686 4069 1805 4136 quia

246 4155 361 4210 ideo
395 4155 534 4208 Deus
565 4154 754 4208 Filium
786 4170 936 4208 suum
971 4156 1257 4222 exaltavit,
1289 4167 1340 4210 et
1371 4157 1421 4210 ei
1450 4157 1665 4211 donavit
1711 4175 1806 4212 no-

243 4262 359 4302 men
391 4246 531 4315 quod
564 4260 719 4314 supra
749 4245 922 4298 omnia
953 4248 1164 4299 nomina
1199 4256 1277 4301 est
1303 4289 1315 4310 ,
1359 4257 1412 4301 et
1440 4249 1577 4318 quod
1609 4250 1678 4302 sit
1707 4251 1806 4303 hoc

243 4335 410 4405 ipsum
445 4351 673 4400 nomen,
706 4345 760 4389 et
795 4352 958 4405 quare
1003 4352 1144 4391 nunc
1174 4337 1286 4392 hinc
1331 4339 1606 4393 dOnaverit
1648 4349 1805 4408 atque

244 4427 585 4492 concesserit,
618 4427 715 4482 etsi
746 4429 916 4496 magni
952 4438 1204 4481 tractatus
1230 4439 1311 4482 est
1341 4445 1647 4500 magnaeque
1677 4431 1804 4486 doc-

245 4519 416 4583 trinm,
449 4527 621 4572 tamen
652 4533 748 4572 nos
778 4519 829 4572 id
862 4521 1014 4588 quale
1043 4519 1131 4581 sit,
1166 4519 1394 4573 breviter
1433 4521 1800 4576 admonemus.

243 4607 504 4672 Christus,
531 4607 580 4660 id
597 4618 678 4662 est
698 4609 860 4680 λόγος,
885 4610 970 4678 qui
990 4625 1106 4661 cum
1128 4610 1233 4662 Deo
1262 4619 1360 4672 est,
1386 4620 1439 4663 et
1460 4612 1594 4678 apud
1615 4612 1800 4678 Deum,

239 4701 379 4765 juxta
419 4695 581 4750 Deum
609 4739 621 4757 ,
672 4707 724 4752 et
770 4699 968 4753 idcirco
1005 4699 1161 4752 etiam
1196 4700 1306 4766 ipse
1339 4701 1478 4754 Deus
1501 4741 1515 4764 ,
1549 4703 1632 4754 cui
1663 4703 1803 4773 λόγος·

249 4784 329 4840 hic
390 4800 456 4838 ex
525 4788 829 4853 operatione
868 4800 984 4857 epis
1023 4790 1295 4858 provenit,
1359 4799 1506 4843 utet
1561 4790 1804 4846 Christus

243 4889 375 4933 esset
401 4878 574 4943 Jesus,
608 4889 656 4933 et
709 4881 1049 4947 exaltaretur,
1080 4892 1134 4936 et
1174 4897 1333 4950 supra
1365 4882 1541 4936 omnia
1587 4883 1802 4937 nomina

245 4987 430 5027 nomen
461 4972 758 5042 acciperet,
789 4973 922 5044 λόγος
949 5016 963 5039 ,
996 4975 1230 5043 inquam,
1269 4975 1368 5028 iste
1393 4974 1443 5027 in
1473 4989 1537 5027 eo
1562 4975 1699 5044 quod
1722 4977 1802 5029 λό-

246 5086 327 5138 γος
360 5072 482 5126 est,
515 5063 680 5117 forma
727 5064 818 5118 Dei
871 5075 991 5129 est,
1043 5081 1166 5121 vere
1200 5067 1454 5135 jungitur,
1504 5065 1799 5131 coiiulatur,

249 5170 508 5224 otiumque
537 5162 621 5209 est
644 5195 655 5214 .
691 5162 746 5208 et
776 5154 971 5210 idcirco
992 5168 1044 5212 et
1072 5158 1213 5230 λόγος
1239 5158 1375 5212 Deus
1400 5168 1502 5223 est,
1533 5173 1625 5224 per
1645 5172 1802 5226 quem

249 5255 419 5300 creata
447 5251 569 5299 sunt
594 5245 790 5310 omnia,
824 5254 875 5298 et
905 5245 955 5298 in
987 5262 1090 5315 quo
1119 5248 1257 5317 quod
1279 5247 1522 5302 elfectum
1555 5255 1669 5312 est,
1701 5247 1806 5301 vita

247 5346 338 5402 est,
381 5348 435 5393 et
470 5336 572 5392 hoc
607 5336 702 5391 fuit
743 5351 772 5389 a
808 5337 1090 5408 principio,
1126 5349 1178 5395 et
1203 5341 1318 5396 sine
1350 5341 1471 5411 logo
1499 5339 1697 5395 factum
1726 5348 1808 5396 est

313 5488 388 5627 (ιζ
421 5488 495 5544 Ita
523 5487 703 5553 codd.,
723 5505 825 5542 non
853 5505 1007 5544 mors.

313 5559 365 5627 (Ξ
418 5557 646 5627 νοω...
679 5558 745 5611 Et
773 5559 910 5612 dedit
938 5561 1007 5614 illi

313 5557 387 5629 (2)
418 5557 646 5636 Vulg_,...
679 5558 910 5636 lit-dedit
938 5561 1016 5614 illi
1045 5577 1222 5615 nomen
1239 5565 1382 5636 quod
1396 5575 1466 5618 est
1494 5581 1642 5636 super
1662 5579 1805 5621 omne

253 5627 444 5698 arinen,
468 5635 519 5684 ut
546 5627 599 5684 in
623 5627 825 5684 nomine
853 5627 979 5686 lem
1007 5643 1157 5688 omne
1183 5627 1313 5700 genu
1344 5627 1598 5703 ﬂectatur,
1624 5641 1727 5691 etc.

1911 3163 2211 3229 acceperit,
2235 3160 2328 3212 sed
2376 3169 2717 3227 posteaquam
2751 3157 2960 3208 missus.
3000 3154 3052 3206 ln
3082 3167 3186 3218 quo
3221 3151 3471 3219 intelligi-

1911 3269 2025 3305 mus
2044 3251 2174 3321 jam,
2201 3266 2264 3304 ex
2293 3263 2356 3303 eo
2383 3249 2519 3318 quod
2548 3248 2743 3301 missus
2769 3258 2870 3309 est,
2903 3245 3048 3297 illum
3077 3258 3196 3297 esse
3227 3243 3431 3294 Patrem
3459 3281 3474 3304 ,

1910 3353 1963 3398 et
1989 3345 2129 3397 hunc
2157 3343 2348 3396 Filium
2381 3359 2392 3392 :
2426 3340 2616 3395 deinde
2646 3348 2860 3408 pr0pter
2889 3350 3068 3404 opera,
3104 3343 3315 3402 propter
3343 3345 3478 3401 mys-

1912 3437 2120 3498 lerium,
2147 3443 2362 3503 propter
2393 3433 2714 3501 passionem,
2746 3443 2846 3497 qua
2872 3429 2970 3480 vita
3003 3441 3142 3479 mors
3171 3434 3270 3488 est,
3307 3430 3476 3476 nim-te

1910 3528 2022 3598 ipsa
2048 3526 2242 3581 Christi
2267 3541 2280 3588 ;
2315 3534 2530 3595 pr0pter
2557 3522 2691 3575 hanc
2713 3561 2727 3584 ,
2757 3521 2991 3588 inquam,
3024 3517 3244 3587 gratiam
3275 3515 3477 3583 accepit

1910 3634 2102 3674 nomen
2132 3617 2271 3687 quod
2306 3630 2464 3685 supra
2496 3627 2654 3666 omne
2685 3625 2876 3665 nomen
2919 3621 3035 3672 est;
3068 3615 3120 3660 ut
3154 3614 3350 3659 tantum
3382 3619 3476 3658 ιιοο

1909 3725 2031 3765 men
2076 3707 2388 3770 accesserit,
2433 3719 2519 3758 res
2563 3703 2746 3757 eadem
2784 3701 3055 3755 fueritiet
3106 3713 3255 3758 ante,
3297 3695 3348 3748 id
3397 3703 3477 3748 est

1910 3806 2086 3876 λόγος,
2116 3810 2273 3870 atque
2321 3801 2433 3864 ipsa
2469 3796 2664 3858 virtus;
2698 3809 2801 3848 non
2849 3803 2905 3846 ut
2946 3807 3082 3844 nunc
3123 3791 3346 3858 primum
3390 3801 3474 3840 res

1911 3875 2087 3956 fuerit,
2116 3890 2325 3960 quando
2354 3889 2406 3942 in
2445 3900 2658 3941 carnem
2690 3883 2851 3936 venit.
2884 3879 2987 3935 Sed
3017 3894 3134 3932 eum
3174 3891 3258 3929 res
3287 3875 3428 3928 venit
3454 3915 3468 3939 ,

1911 3985 1961 4039 id
1988 3993 2074 4037 cst
2098 3983 2283 4045 virtus,
2313 3992 2364 4033 et
2389 3975 2662 4045 sapientia,
2695 3983 2747 4027 et
2774 3983 2943 4034 actus,
2974 3977 3027 4023 et
3054 3965 3307 4036 operatio,
3331 3964 3475 4036 λόγος

1910 4085 2084 4128 tanten
2115 4073 2287 4125 tlictus
2311 4069 2465 4123 fuerit
2486 4109 2500 4132 ,
2528 4077 2578 4120 et
2603 4067 2744 4136 λόγος
2772 4063 2946 4116 fuerit.
2980 4060 3126 4112 Nunc
3155 4069 3328 4110 autem
3363 4058 3476 4123 ipse

1907 4167 2049 4237 λόγος
2070 4179 2186 4218 cum
2208 4162 2377 4216 induit
2398 4174 2633 4222 carnem,
2659 4166 2716 4209 ut
2738 4155 2935 4208 dictum
2960 4161 3058 4216 est,
3079 4155 3209 4220 ipse,
3238 4150 3471 4217 inquam,

1906 4257 2048 4329 λόγος
2090 4263 2208 4322 post
2255 4252 2550 4321 passionem
2581 4290 2596 4312 ,
2641 4255 2694 4302 et
2725 4253 2843 4314 post
2872 4253 3090 4298 mortem
3133 4242 3302 4293 crucis
3324 4278 3339 4302 ,
3375 4253 3476 4306 qua

1911 4350 2036 4401 vicit
2062 4360 2272 4400 omnem
2325 4353 2548 4396 mortem
2592 4348 2644 4393 et
2671 4338 2844 4391 omnia
2889 4343 3099 4405 peccata
3125 4374 3139 4398 ,
3170 4330 3479 4384 vocabulum

1830 4456 1882 4514 D
1910 4436 2173 4506 acceperit
2204 4434 2319 4488 Fi!ii
2344 4474 2358 4498 ,
2386 4431 2527 4502 quod
2563 4427 2872 4483 Vocabulum
2915 4440 3070 4494 supra
3103 4437 3261 4477 omne
3290 4435 3479 4475 nomen

1909 4538 2010 4582 est.
2043 4524 2177 4592 Quid
2206 4524 2346 4577 enim
2375 4530 2457 4576 est
2485 4519 2625 4590 quod
2675 4517 2840 4587 possit
2879 4515 3040 4583 accipi
3072 4511 3274 4582 mquale
3295 4553 3310 4578 ,
3341 4511 3479 4580 quod

1909 4615 2203 4686 comparari
2233 4613 2395 4683 possit
2426 4627 2542 4666 cum
2565 4610 2685 4664 Filii
2714 4605 2965 4662 nomine?
2991 4603 3196 4657 Etenim
3227 4601 3477 4666 amicitia,

1910 4707 2182 4777 sanguinis
2199 4703 2521 4773 conjunctio,
2546 4697 2890 4772 germanitas,
2915 4703 2969 4748 ct
2991 4704 3203 4757 caaera,
3225 4692 3476 4745 inferiora

1910 4804 2036 4852 sunt
2062 4795 2236 4850 omnia
2261 4813 2276 4861 ;
2308 4796 2418 4848 sive
2441 4793 2804 4845 ministrorum
2826 4827 2838 4851 ,
2866 4786 2978 4840 sive
3001 4783 3337 4853 angelorum,
3367 4783 3480 4838 sive

1912 4900 2254 4957 quaecumque
2294 4883 2394 4936 alia
2435 4880 2743 4934 dixerimus.
2793 4877 2887 4931 Est
2927 4875 3084 4945 igitur
3123 4872 3285 4928 Filius
3322 4887 3476 4942 supra

1910 4995 2066 5035 omne
2094 4992 2286 5032 nomen
2313 4996 2327 5031 :
2354 4975 2494 5047 quod
2533 4988 2724 5028 nomen
2755 4970 2903 5026 dedit
2926 4970 3076 5040 .Deus
3109 4966 3323 5022 Christo
3361 4977 3479 5036 post

1913 5071 2234 5142 passionem,
2270 5076 2387 5136 post
2414 5081 2644 5120 crucem.

1987 5161 2164 5216 Vidcri
2198 5170 2373 5214 tamen
2403 5167 2595 5230 potest,
2629 5170 2792 5226 prope
2829 5168 2932 5208 non
2967 5154 3036 5207 ita
3064 5167 3181 5208 esse
3210 5161 3265 5207 ut
3294 5167 3478 5207 verum

1913 5254 2012 5309 sit.
2044 5251 2185 5307 quod
2229 5250 2394 5305 Filius
2438 5264 2595 5319 supra
2639 5261 2796 5300 omne
2843 5261 3035 5300 nomen
3075 5246 3164 5299 sit.
3198 5245 3406 5300 Etenim
3435 5243 3481 5299 si

1915 5345 2054 5399 (ilius
2085 5359 2188 5399 non
2225 5342 2417 5398 dicitur
2444 5341 2545 5397 nisi
2572 5353 2690 5396 cum
2729 5347 2878 5408 pater
2897 5338 3001 5403 sit,
3023 5347 3075 5392 et
3105 5348 3254 5408 pater
3281 5353 3399 5393 cum
3423 5339 3484 5391 li-

1987 5555 2065 5627 (ι)
2096 5553 2352 5627 Loquitur
2393 5548 2705 5627 de_Ariauis
2727 5586 2743 5616 ,
2780 5561 2915 5618 quos
2945 5547 3101 5603 etiam
3131 5544 3393 5605 subtiliter
3425 5546 3479 5600 in

1913 5621 2254 5697 sequentibus
2272 5621 2526 5691 coarguit.
