3950 6206
428 190 559 248 {2H

1655 195 1843 253 ιιειιιιι
1880 162 2215 256 VtCTORlNl
2253 203 2411 261 arm

3556 211 3681 266 12Ιὲ

428 305 531 359 lius
548 305 637 369 sit,
655 306 904 376 numquid
928 307 1086 361 etiam
1110 306 1209 361 hoc
1237 322 1451 373 nomen,
1479 308 1663 373 Filius,
1686 324 1841 379 supra
1863 310 1991 365 illud
2021 318 2070 375 Α
2099 330 2237 380 mus,
2256 317 2395 385 quod
2417 319 2749 377 consulentes
2772 332 2825 379 et
2848 337 3029 379 curam
3052 320 3169 378 aliis
3182 322 3260 396 (l)
3289 330 3567 393 gerentes,
3594 340 3682 377 no-

434 412 625 453 nomen
671 409 753 453 est
774 440 787 463 ,
821 399 959 469 quod
1002 400 1161 454 Pater
1194 401 1313 455 est?
1341 400 1529 470 Utique
1559 418 1682 456 non.
1728 402 2003 468 Quomodo

436 503 561 558 ergo
586 488 749 543 Filius
766 504 956 545 nomen
987 505 1105 544 cum
1126 491 1407 560 acciperet,
1443 507 1599 561 supra
1623 508 1780 547 omne
1810 508 2001 547 nomen

433 582 674 653 accepit?
708 583 897 653 Utique
939 583 1078 639 circa
1123 585 1219 638 alia
1267 585 1383 639 sine
1411 584 1572 640 dubio
1617 587 1828 639 nomina
1866 586 2005 639 acci-

436 674 624 743 pienda
655 685 793 732 sunt.
814 690 1079 745 supraque
1109 677 1283 730 omnia
1316 676 1414 731 alia
1449 676 1547 731 hoc
1577 691 1770 731 nomen
1796 676 1895 731 Fili
1924 676 2004 749 (Ι)

435 766 523 819 sit.
554 764 685 819 Nam
719 775 866 834 pater
889 783 1006 821 cum
1038 765 1177 821 Filio
1202 768 1418 837 junctus
1444 780 1543 833 est,
1578 778 1629 823 et
1656 770 1877 839 arquatia
1904 784 2000 824 no-

435 856 577 911 mina
622 858 723 911 ista
773 868 932 924 sunt,
965 868 1219 928 quantum
1267 860 1331 913 ad
1372 860 1617 923 nomina;
1648 860 1745 913 etsi
1789 874 1891 913 non
1937 860 2006 914 sit

435 946 597 1002 Filius
627 963 817 1002 nomen
848 965 1003 1018 supra
1039 949 1211 1003 Patris
1240 964 1430 1003 noincn
1456 992 1469 1015 ,
1499 964 1595 1004 nec
1624 950 1782 1004 Pater
1811 964 2003 1004 nomen

432 1056 588 1111 supra
634 1042 749 1096 Filii
796 1058 1008 1097 nomen.
1059 1042 1235 1097 Virtus
1281 1044 1363 1097 illa
1414 1060 1531 1115 qua:
1575 1045 1767 1099 dicitur
1808 1045 2002 1113 Pater,

432 1148 589 1204 supra
610 1144 709 1197 est,
726 1150 884 1204 supra
907 1135 1046 1188 illam
1070 1134 1339 1199 virtutem,
1360 1151 1477 1205 qua:
1498 1136 1692 1191 dicitur
1713 1137 1877 1191 Filius
1902 1136 2002 1209 (2);

431 1240 623 1279 nomen
668 1234 839 1279 tamen
870 1226 950 1279 vel
996 1224 1158 1280 Filius
1190 1226 1273 1279 vel
1308 1225 1492 1287 Pater,
1525 1227 1743 1295 a-qnalia
1776 1228 1913 1281 inter
1948 1242 2007 1282 se

430 1327 571 1372 sunt.
603 1318 750 1383 Quod
778 1317 821 1370 si
850 1318 919 1370 ita
962 1327 1061 1384 est,
1094 1316 1254 1370 Filius
1284 1332 1441 1385 supra
1484 1332 1638 1372 omne
1669 1334 1859 1373 nomen
1890 1330 2004 1383 est,

434 1407 554 1475 quia
598 1406 754 1460 Pater
781 1422 899 1461 cum
933 1407 1067 1460 Filio
1095 1406 1251 1460 simul
1282 1422 1437 1476 supra
1470 1422 1626 1461 omne
1657 1423 1847 1462 nomen
1894 1416 2002 1474 est;

430 1504 513 1557 cui
544 1503 740 1557 nomini
770 1544 786 1569 ,
814 1514 865 1558 et
899 1504 950 1556 in
973 1517 1077 1573 quo
1116 1505 1329 1558 nomine
1353 1545 1367 1568 ,
1405 1503 1531 1558 Jesu
1571 1504 1763 1558 Christi
1789 1545 1804 1569 ,
1834 1505 2006 1560 omnis

431 1594 592 1649 homo
621 1610 789 1663 genua
820 1605 1040 1661 curvat,
1074 1604 1124 1649 et
1169 1605 1323 1651 orat:
1357 1609 1528 1665 neque
1568 1594 1728 1647 homo
1761 1605 1961 1650 tantum
1988 1640 2001 1663 ,

2102 404 2185 459 bis
2200 406 2364 476 magis
2376 407 2598 464 salutem
2615 426 2917 480 operamur.
2937 413 3137 469 Deinde
3155 414 3296 483 quod
3312 414 3363 469 in
3381 416 3539 469 nobis
3553 432 3680 485 prm-

2103 504 2250 550 stans
2272 496 2351 567 (2)
2378 498 2447 553 sit
2468 500 2618 556 nobis
2643 503 2865 559 salutem
2895 502 3228 574 operari.Sic
3254 506 3396 559 enim
3428 505 3681 571 ὠκίμω-

2105 583 2259 639 Intern
2287 596 2498 642 vestram
2540 593 2837 661 operamini.
2871 592 2977 649 Sed
3012 608 3195 649 rursus
3224 608 3293 650 ne
3316 598 3679 666 unusquisque

2105 690 2287 745 parum
2300 677 2520 747 gratiam
2542 680 2646 734 Deo
2665 680 2879 749 referat,
2904 684 2948 738 si
2970 683 3082 753 ipse
3102 684 3201 738 sibi
3220 686 3448 741 salutem
3467 689 3677 756 operari

2104 766 2363 833 videatur,
2388 769 2651 838 adjectum
2668 782 2747 827 est
2765 772 2917 838 illud,
2934 771 3069 827 Deus
3080 782 3151 828 est
3170 774 3301 828 enim
3321 776 3411 845 qui
3436 787 3681 845 operatur

2104 859 2155 911 in
2184 860 2319 913 vobis
2343 901 2357 926 ,
2386 870 2430 914 et
2465 862 2717 917 voluntate
2744 872 2792 917 et
2826 865 3043 935 efﬁcacia
3065 908 3080 929 ,
3118 881 3209 935 pro
3235 865 3365 921 bona
3401 868 3675 923 voluntate.

2106 949 2245 1020 Ergo
2284 952 2496 1006 salutem
2540 963 2750 1007 vestram
2778 994 2791 1016 .
2840 956 3047 1025 inquit,
3088 958 3402 1026 aperantini:
3429 959 3523 1014 sed
3569 960 3679 1027 ipsa

2104 1044 2344 1111 operatio
2387 1053 2561 1100 tamen
2607 1060 2637 1100 a
2683 1046 2794 1102 Deo
2836 1055 2959 1103 est:
2985 1048 3124 1103 Deus
3152 1051 3287 1104 enim
3335 1062 3593 1120 operatur
3628 1053 3679 1106 in

2105 1133 2255 1187 vobis
2279 1174 2293 1197 ,
2330 1142 2383 1189 ει
2411 1148 2659 1204 operatur
2689 1144 2746 1190 ιιι
2773 1136 2947 1191 velitis
2975 1137 3067 1193 ita.
3097 1138 3163 1192 Et
3200 1139 3339 1194 velle
3377 1141 3527 1210 quasi
3560 1155 3683 1195 nus-

2104 1233 2241 1279 trum
2270 1236 2349 1280 est
2373 1267 2387 1293 ,
2418 1228 2556 1282 unde
2585 1242 2680 1282 nos
2700 1243 2985 1298 operamur
3021 1231 3173 1285 nobis
3215 1231 3460 1286 salutem.
3505 1232 3570 1287 Et
3606 1244 3682 1286 ta-

2105 1335 2225 1375 men
2248 1322 2366 1389 quia
2397 1325 2564 1391 ipsum
2593 1324 2751 1390 velle,
2778 1340 2806 1378 a
2834 1325 2940 1379 Deo
2970 1325 3121 1379 nobis
3143 1335 3409 1395 operatur,
3441 1327 3497 1379 lit
3526 1336 3584 1379 ut
3614 1342 3678 1381 ex

2107 1410 2218 1466 Deo
2265 1423 2317 1465 et
2360 1416 2723 1482 operationem
2771 1424 2826 1469 et
2873 1416 3193 1470 voluntatem
3240 1416 3549 1471 habeamus.
3609 1416 3681 1471 Ita

2106 1509 2387 1570 utrumque
2419 1504 2636 1558 mixtum
2668 1513 2789 1570 est,
2825 1513 2955 1561 utet
2999 1521 3095 1560 nos
3126 1506 3412 1561 habeamus
3441 1507 3685 1561 volunta-

2107 1598 2209 1644 tem
2234 1632 2248 1654 ,
2283 1601 2334 1645 et
2365 1592 2456 1646 Dei
2488 1594 2554 1647 sit
2598 1596 2705 1661 ipsa
2748 1595 3029 1659 voluntas;
3057 1605 3110 1651 et
3139 1599 3264 1666 quia
3304 1597 3558 1653 habemus
3592 1615 3687 1651 vo-

430 1686 523 1739 sed
561 1685 735 1739 omnia
778 1685 1013 1740 emlestia
1041 1694 1093 1739 et
1134 1685 1310 1739 omnia
1346 1696 1558 1740 terrena
1580 1727 1593 1750 ,
1625 1695 1679 1739 et
1700 1686 1877 1741 omnia
1905 1688 2003 1741 sub
2035 1690 2079 1750 Β
2108 1681 2364 1737 luntatem
2392 1724 2406 1747 .
2437 1684 2569 1739 adsit
2610 1684 2844 1741 efﬁcacia
2884 1702 2980 1757 pro
3020 1687 3155 1742 bona
3194 1690 3485 1745 voluntate.
3518 1689 3687 1760 Magis

433 1777 590 1831 terris
609 1793 724 1846 qum
741 1777 966 1832 inferius
987 1792 1105 1833 esse
1125 1776 1393 1832 dicuntur.
1416 1778 1479 1832 Et
1500 1779 1644 1843 item,
1671 1778 1825 1832 Vens.
1851 1780 2010 1833 tt:—

441 1868 615 1941 Ditinis
630 1885 725 1922 vox
736 1870 999 1937 conﬁtetur
1011 1870 1145 1939 quod
1156 1868 1188 1922 J
1193 1886 1303 1923 esus
1316 1869 1542 1923 Christus
1560 1869 1806 1924 Dominus
1822 1882 2006 1925 noster,

436 1962 487 2014 in
517 1962 681 2032 gloria
709 1959 881 2017 Patris
907 1974 979 2017 est
1010 1963 1107 2032 (ὃ),
1129 1974 1180 2017 ει
1208 1963 1302 2016 fuit
1332 1977 1561 2032 semper.
1595 1963 1718 2017 llaec
1745 1978 1871 2033 ergo
1899 1965 2012 2033 gloo

442 2054 514 2107 ria
545 2053 593 2107 ei
622 2054 742 2108 data
773 2063 890 2118 est,
920 2064 974 2108 ιιι
1002 2054 1167 2124 gloria
1190 2055 1258 2107 sit
1298 2054 1408 2123 ipse
1449 2055 1607 2124 patris
1636 2097 1649 2119 ,
1679 2056 1923 2124 quoniam
1958 2062 2013 2110 et

442 2159 591 2217 pater
616 2162 736 2202 eum
776 2148 989 2217 genuit;
1032 2155 1084 2202 et
1113 2147 1180 2201 ab
1223 2162 1287 2202 eo
1320 2158 1529 2202 creatus
1577 2146 1802 2201 mundus
1838 2154 1919 2201 est
1960 2154 2015 2201 et

442 2237 701 2303 salvatus,
733 2248 785 2293 et
804 2240 907 2292 vita
937 2253 1079 2293 mors
1100 2249 1201 2302 est;
1231 2247 1283 2292 et
1303 2238 1444 2293 salus
1474 2240 1867 2306 mlernitasque,
1895 2253 2014 2308 quae.

444 2329 659 2396 qtncsita
691 2338 771 2381 est
800 2328 884 2382 his
922 2328 1184 2383 omnibus.
1210 2328 1308 2397 Qui
1341 2329 1389 2382 in
1422 2330 1591 2399 ipsutn
1626 2329 1849 2383 credunt
1876 2343 2018 2384 mor-

446 2427 550 2474 tem
582 2423 632 2472 in
660 2417 855 2474 Christi
882 2430 1050 2474 morte
1081 2420 1338 2476 vicerunt.

520 2510 675 2564 Vens.
708 2512 793 2575 l2,
832 2512 909 2565 l5.
932 2510 1355 2581 —Quapropter,
1375 2510 1497 2564 milii
1524 2510 2016 2581 charissimi,quern-

444 2599 715 2655 admodum
758 2618 951 2673 semper
992 2603 1276 2667 obauditis,
1338 2619 1437 2655 non
1500 2612 1736 2665 tanquam
1788 2604 1839 2656 in
1887 2618 2016 2672 pra:-

444 2694 652 2746 sentiam
675 2702 887 2759 tantum,
913 2694 1000 2747 sed
1027 2695 1182 2748 multo
1208 2696 1367 2764 magis
1397 2710 1527 2748 nunc
1554 2696 1606 2747 in
1630 2694 1873 2759 absentia,
1903 2712 2016 2749 cum

447 2793 577 2837 ntetu
620 2795 663 2837 et
707 2795 918 2840 tremore
955 2787 1165 2840 salutem
1194 2797 1411 2841 vestram
1446 2788 1745 2858 operamini.
1785 2787 1918 2841 Deus
1948 2796 2018 2841 est

448 2877 579 2928 enim
609 2878 694 2945 qui
719 2888 953 2947 operatur
978 2879 1027 2930 in
1057 2879 1192 2931 vobis
1211 2920 1224 2943 ,
1248 2890 1292 2931 et
1313 2880 1566 2932 voluntate
1593 2888 1637 2932 et
1664 2880 1899 2947 efﬁcacia,
1928 2895 2019 2949 pro

452 2964 581 3018 bona
594 2966 925 3039 voluntate”)
937 3010 949 3022 .
964 2968 1090 3022 Post
1106 2969 1413 3039 mysterium
1435 2970 1591 3023 totius
1608 2969 2022 3023 administratio-

2110 1782 2286 1826 autem
2320 1772 2546 1828 hominis
2580 1776 2759 1847 alligat
2794 1778 3038 1832 timorem
3064 1819 3079 1843 ,
3105 1792 3223 1832 outn
3255 1777 3417 1847 dicit,
3451 1778 3584 1833 Deus
3610 1790 3686 1834 est

2110 1862 2241 1916 enim
2283 1864 2369 1933 qui
2413 1877 2648 1933 operatur
2684 1869 2737 1921 in
2781 1869 2935 1923 vobis.
2972 1868 3178 1923 Etenim
3211 1871 3255 1924 si
3288 1871 3339 1924 in
3373 1872 3503 1939 ipsis
3543 1872 3684 1926 Deus

2110 1964 2190 2010 est
2216 1956 2303 2024 qui
2331 1967 2601 2024 operatur,
2633 1960 2746 2014 sine
2772 1960 2932 2014 dubio
2961 1962 3009 2015 in
3040 1962 3227 2017 timore
3256 1979 3377 2019 esse
3403 1964 3683 2031 debemus,

2111 2061 2177 2100 ne
2206 2046 2457 2102 faciamus
2485 2061 2667 2105 contra
2705 2052 2792 2105 Dei
2822 2051 3173 2117 voluntatem,
3202 2063 3295 2107 aut
3324 2055 3502 2108 minus
3526 2069 3685 2125 agen-

2112 2137 2202 2205 do,
2228 2149 2317 2191 aut
2363 2155 2464 2193 non
2494 2155 2612 2195 cum
2646 2141 2837 2196 timore
2862 2152 2914 2196 et
2945 2151 3195 2198 tremore.
3225 2143 3491 2212 Operatur
3515 2155 3687 2198 autem

2116 2231 2255 2286 Deus
2293 2232 2343 2286 in
2372 2232 2555 2298 nobis,
2588 2242 2643 2288 et
2667 2232 2804 2289 velle
2826 2244 2876 2288 et
2903 2248 3089 2301 agere.
3113 2250 3210 2306 pro
3232 2236 3368 2288 bona
3400 2236 3687 2289 voluntate.

2115 2324 2187 2379 ιω
2210 2326 2296 2395 qui
2322 2340 2425 2380 non
2446 2341 2509 2381 ex
2534 2325 2643 2380 Deo
2668 2336 2937 2396 operatur,
2967 2328 3191 2395 primum
3222 2341 3326 2380 non
3355 2326 3513 2379 habet
3536 2328 3687 2381 velle:

2114 2414 2307 2471 deinde
2332 2418 2495 2472 etiam
2523 2418 2563 2470 si
2594 2416 2837 2472 habuerit
2857 2417 2993 2472 velle
3012 2459 3026 2481 ,
3059 2416 3347 2472 efﬁcaciam
3375 2432 3483 2472 non
3512 2416 3689 2484 habet,

2115 2508 2235 2578 quia
2270 2524 2372 2561 non
2408 2508 2564 2563 habet
2587 2508 2777 2561 bonam
2808 2508 3151 2564 voluntatem.

2186 2599 2348 2655 Vens.
2378 2601 2463 2666 14,
2489 2599 2839 2656 15.-οιιιιιὶα
2854 2601 3002 2671 facite
3022 2602 3129 2655 sine
3151 2602 3635 2656 murmurationibus
3650 2608 3694 2655 et

2118 2692 2511 2745 htesitutionibtts
2550 2692 2627 2744 vel
2668 2691 3101 2744 retractationibus
3145 2690 3244 2762 (5).
3288 2690 3390 2745 Ista
3432 2690 3540 2745 duo
3580 2700 3696 2745 sunt

2120 2784 2354 2843 monita,
2392 2791 2444 2835 ut
2472 2798 2591 2835 cum
2614 2781 2817 2850 agimus
2844 2783 3037 2851 aliquid
3062 2784 3170 2851 jam
3218 2785 3445 2838 tidentes
3465 2826 3479 2845 ,
3502 2784 3613 2853 jam
3644 2783 3691 2838 in

2122 2874 2287 2927 Deum
2316 2874 2596 2927 credentes
2621 2914 2635 2935 ,
2680 2883 2733 2926 et
2777 2874 3020 2927 mandata
3060 2874 3238 2928 divina
3276 2877 3591 2946 exequimur
3635 2890 3696 2928 ve

2122 2963 2413 3033 apostolica
2445 2965 2525 3018 vel
2559 2963 2862 3033 prophetica
2892 2964 2975 3018 vel
3005 2966 3333 3036 evangelica,
3370 2983 3475 3019 non
3509 2967 3697 3020 habea-

448 3058 528 3111 nis
557 3059 776 3123 editum,
810 3060 947 3127 quod
980 3061 1076 3114 ista
1099 3062 1325 3130 positum
1356 3060 1559 3123 fuerat,
1594 3062 1665 3114 nti
1698 3072 2016 3131 praeceptum
2048 3056 2089 3116 C
2122 3070 2239 3110 mus
2284 3056 2772 3116 murmurationem.
2798 3055 2846 3109 id
2892 3065 2973 3110 est
3017 3058 3261 3125 querelas
3299 3056 3697 3127 obteinperandi

446 3151 875 3217 confirmaretur,
907 3168 1012 3222 quo
1053 3153 1300 3207 monebat
1330 3164 1385 3207 ut
1418 3153 1591 3207 omnis
1623 3153 1782 3207 homo
1821 3168 1923 3207 non
1953 3152 2021 3209 de

450 3254 507 3295 se
544 3243 799 3311 eogitaret
823 3284 838 3307 ,
872 3259 1044 3313 neque
1081 3258 1262 3297 curam
1306 3253 1557 3312 gereret,
1588 3252 1725 3297 utet
1768 3244 2020 3299 Dominus

446 3342 627 3387 noster
653 3335 807 3389 .lesus
837 3351 933 3389 suo
962 3338 1218 3407 mysterio
1241 3338 1377 3406 egit;
1408 3336 1759 3406 subjungitur,
1793 3348 1849 3390 ιιι
1881 3337 2017 3401 dixi,

446 3423 743 3477 exhortatio
784 3435 839 3479 ut
875 3442 931 3479 se
973 3426 1196 3480 invicem
1236 3425 1489 3493 diligant,
1521 3426 1690 3495 primo
1736 3441 1854 3480 cum
1890 3429 2022 3482 dixit

448 3513 567 3573 illos
590 3513 939 3568 .eharissimos
962 3516 1059 3570 sibi
1086 3525 1141 3570 ct
1168 3516 1542 3570 dilectissimos
1576 3535 1588 3570 :
1622 3516 1814 3571 deinde
1842 3519 2017 3583 sicuti,

446 3605 644 3676 inquit,
676 3607 799 3662 mihi
834 3608 1179 3663 obaudientes
1207 3609 1400 3673 fuistis,
1430 3608 1496 3662 ita
1528 3624 1740 3677 semper
1768 3610 2019 3664 obaudis-

449 3698 533 3761 tis,
562 3713 664 3751 non
697 3697 747 3751 in
780 3700 1057 3767 pra'sentia
1088 3708 1287 3753 tantum
1315 3741 1329 3765 ,
1359 3699 1451 3753 sed
1485 3699 1650 3769 magis
1679 3715 1740 3752 ac
1778 3702 1941 3768 magis
1969 3700 2021 3754 in

448 3791 709 3857 absentia,
738 3803 788 3845 et
809 3793 1102 3846 oliaudistis
1127 3807 1246 3847 cum
1272 3794 1458 3847 timore
1489 3802 1542 3847 et
1570 3802 1823 3847 tremore.
1849 3794 2023 3858 Quare

450 3892 625 3935 autem
656 3884 819 3951 magis
850 3899 910 3937 ac
940 3885 1148 3953 magis?
1182 3885 1261 3937 vel
1289 3885 1407 3954 quia
1435 3885 1549 3940 dies
1578 3885 1878 3954 prtecednnt
1899 3926 1912 3950 ,
1941 3883 2022 3939 vel

449 3971 567 4040 quia
608 3972 662 4027 in
696 3974 931 4027 absentia
974 3975 1091 4042 plus
1123 3975 1386 4030 timendus
1423 3984 1500 4030 est
1542 3976 1661 4039 ille,
1691 3976 1776 4045 qui
1822 3986 2020 4030 monet.

449 4064 583 4130 Quid
614 4075 787 4118 autem
833 4065 970 4119 istud
1013 4067 1150 4135 quod
1182 4067 1421 4122 hortatur
1470 4076 1522 4122 et
1562 4079 1738 4121 monet
1768 4076 1824 4121 ut
1868 4076 2025 4137 agant

450 4163 604 4222 atque
630 4168 915 4222 operentur
941 4156 1165 4211 salutem
1194 4174 1343 4213 suam
1366 4200 1379 4223 ,
1408 4168 1459 4212 et
1485 4168 1643 4227 agant
1678 4159 2025 4213 observantes

452 4253 610 4311 atque
632 4247 968 4313 obedientes,
1001 4263 1118 4303 cum
1148 4251 1356 4313 timore,
1391 4250 1577 4321 inquit,
1602 4260 1655 4304 et
1679 4250 1947 4304 tremore?
1970 4257 2027 4303 ut

453 4333 609 4387 timor
648 4335 712 4388 ad
754 4336 985 4391 animum
1005 4380 1018 4402 ,
1050 4350 1247 4394 tremor
1268 4356 1394 4395 vero
1420 4340 1485 4395 ad
1520 4355 1713 4411 corpus
1738 4341 2023 4395 referatur.

2120 3160 2239 3200 cum
2293 3146 2763 3215 obtemperamtts:
2795 3161 2859 3201 ne
2907 3145 3067 3215 quid,
3112 3146 3311 3216 inquit,
3358 3162 3578 3217 agamus
3623 3148 3696 3201 vel

2120 3252 2238 3291 cum
2268 3236 2596 3289 dubitatione
2633 3237 2807 3307 aliqua
2835 3236 2918 3290 vel
2945 3253 3063 3291 cum
3101 3236 3504 3293 ratiocinatione
3530 3253 3592 3292 ac
3618 3254 3698 3293 re-

2122 3328 2455 3390 tractatione,
2488 3325 2782 3381 faciendum
2814 3328 2952 3381 enim
2986 3328 3066 3381 vel
3099 3343 3201 3381 non
3232 3342 3350 3382 esse
3382 3328 3697 3383 faciendum.

2124 3418 2217 3471 Vel
2248 3420 2368 3487 quia
2400 3433 2465 3471 ex
2505 3417 2822 3470 necessitate
2865 3418 3027 3471 iacias
3051 3458 3065 3483 ,
3104 3418 3147 3471 si
3186 3420 3568 3487 conqueraris,
3600 3432 3699 3471 non

2122 3520 2202 3562 est
2246 3509 2655 3577 obtemperantis
2702 3508 2837 3561 b0ua
2874 3509 3137 3563 voluntas.
3198 3507 3263 3562 Ut
3319 3510 3427 3562 sitis
3458 3511 3566 3561 sine
3588 3523 3701 3574 que-

2122 3601 2227 3651 rela
2278 3598 2519 3669 (Graecus
2576 3600 2668 3663 ait,
2718 3610 2771 3651 ut
2823 3599 2930 3653 sitis
2987 3599 3093 3652 sine
3140 3598 3485 3670 cnlpatione):
3520 3599 3569 3652 id
3603 3607 3699 3665 est,

2124 3704 2177 3745 ut
2243 3692 2457 3761 querela
2516 3690 2582 3744 de
2637 3692 2787 3745 vobis
2819 3707 2922 3746 non
2975 3691 3037 3744 sit
3089 3700 3190 3745 :et
3243 3692 3343 3744 hoc
3388 3691 3581 3744 dixerit
3629 3690 3702 3743 la-

2124 3783 2266 3835 tinus
2291 3825 2303 3846 ,
2338 3785 2455 3835 sine
2484 3783 2700 3849 querela
2730 3792 2783 3835 et
2815 3781 3179 3850 inculpabiles.
3214 3780 3452 3847 Denique
3486 3784 3585 3833 hoc
3619 3795 3700 3833 se-

2124 3875 2306 3944 quitur
2338 3891 2350 3925 :
2377 3871 2443 3925 Et
2468 3874 2651 3925 sinceri
2678 3872 2775 3940 ﬁlii
2801 3872 2893 3926 Dei
2923 3872 3255 3935 immaculati,
3282 3873 3333 3923 in
3349 3872 3514 3924 medio
3543 3885 3699 3940 praete

2125 3966 2458 4036 generationis
2487 3976 2531 4018 et
2560 3980 2803 4033 perversa?
2826 3962 2922 4035 (ι).
2955 3963 3007 4018 Si
3035 3962 3171 4015 enim
3204 3963 3304 4016 hoc
3334 3962 3496 4016 modo
3519 3962 3695 4015 vivatis

2126 4068 2179 4111 et
2202 4058 2302 4111 huc
2331 4056 2489 4110 modo
2522 4055 2802 4118 obediatis,
2832 4071 2938 4108 non
2970 4054 3117 4107 eritis
3140 4052 3407 4116 maculati,
3438 4054 3601 4122 inquit
3630 4052 3699 4105 la-

2129 4149 2285 4201 tinus.
2319 4147 2535 4202 Οιωειιε
2579 4156 2753 4199 tamen
2787 4147 2855 4199 ita
2896 4144 3067 4212 posuit
3103 4141 3291 4214 ἄμωμα
3320 4145 3501 4206 τέκνα,
3546 4142 3594 4195 id
3625 4148 3703 4195 est

2129 4238 2220 4291 lilii
2253 4238 2366 4291 sine
2392 4236 2797 4304 vituperatione.
2830 4233 2939 4288 Hoc
2963 4241 3070 4297 est,
3100 4242 3151 4285 et
3176 4246 3334 4300 supra
3354 4232 3580 4294 dietnm,
3602 4230 3705 4283 sin-

2129 4332 2238 4384 ceri
2268 4340 2441 4383 autem
2472 4329 2586 4381 sitis
2611 4341 2750 4380 nunc
2772 4369 2785 4388 ,
2812 4325 2897 4379 tibi
2923 4326 2973 4377 in
3002 4322 3177 4377 medio
3207 4337 3383 4392 prava:
3406 4322 3705 4391 generatio-

450 4424 693 4496 Magnum
717 4438 889 4483 autem
914 4433 1224 4501 mysterium
1256 4433 1397 4501 quod
1422 4434 1621 4487 intente
1648 4432 1832 4487 audire
1861 4431 2018 4485 debe-

2130 4421 2211 4474 nis
2240 4428 2293 4475 et
2320 4432 2601 4487 perversae.
2626 4417 2760 4483 Quid
2795 4416 2893 4470 hoc
2914 4412 3209 4484 signiticet?
3234 4412 3278 4467 si
3304 4412 3503 4468 salt-uta
3534 4414 3704 4466 anima

524 4537 602 4611 (1)
637 4537 706 4593 Ita
738 4540 891 4595 codd.
926 4557 1021 4610 pro
1062 4543 1176 4608 lilii.
1206 4543 1268 4597 Et
1298 4544 1507 4611 quidem
1544 4545 1751 4598 unicam
1777 4546 1794 4597 ἱ
1819 4546 1870 4599 in
1900 4559 2029 4601 casu

453 4610 791 4682 patriosa-pe
815 4613 1063 4666 exhibent
1093 4614 1296 4682 antiqui
1320 4610 1554 4666 Codices.

526 4678 613 4753 (ἓξ
638 4679 863 4753 Legendi
894 4697 1009 4753 sunt
1038 4684 1135 4736 hac
1164 4678 1322 4751 super
1353 4699 1410 4737 re
1429 4682 1704 4753 Tlieologi,
1734 4686 2030 4753 praeripue-

455 4762 557 4813 que
585 4748 849 4815 Petavius,
880 4752 945 4805 de
976 4748 1253 4818 'l‘rinitate,
1279 4754 1368 4807 lib.
1394 4769 1452 4817 ιι,
1482 4755 1536 4818 2,
1580 4748 1666 4807 ubi
1720 4748 1762 4807 is
1806 4748 2029 4809 aliorum

457 4831 664 4887 quoque
693 4821 930 4892 ecclesia;
959 4822 1230 4876 doctorum
1258 4824 1458 4877 similes
1500 4825 1793 4879 locutiones
1823 4825 2033 4892 sapien-

462 4895 542 4960 ter
578 4890 847 4960 expendit.
886 4890 949 4944 Et
982 4892 1192 4960 quidem
1226 4895 1395 4947 locum
1426 4895 1581 4947 etiam
1620 4890 2033 4947 Victorini—nos-

464 4958 529 5032 tri
562 4972 624 5011 ex
656 4958 800 5032 libris
829 4958 1013 5014 eontra
1042 4961 1224 5015 Arium
1262 4964 1510 5027 ventilat,
1542 4966 1692 5032 cujus'
1721 4964 1879 5018 verba
1913 4978 2036 5030 pas-

461 5027 559 5079 sim
588 5042 706 5082 εεςε
732 5029 1107 5085 obscuriSsima
1144 5033 1235 5085 ait.
1266 5032 1397 5085 Tum
1425 5033 1490 5085 de
1517 5027 1890 5087 illo'Victorini
1915 5027 2036 5087 loco

458 5096 535 5149 sic
569 5096 749 5151 deﬁnit
783 5098 1030 5155 Petavius
1055 5102 1188 5157 :Sed
1213 5104 1319 5155 Ita’c
1350 5104 1512 5155 minus
1539 5106 1605 5155 ad
1634 5105 1931 5155 catholicam
1954 5119 2038 5156 re-

460 5166 897 5244 gulqiit_expensa,
921 5183 973 5223 ut
1001 5182 1047 5224 et
1071 5173 1172 5244 alia
1196 5175 1455 5240 pleraque,
1478 5174 1693 5244 scriptor
1714 5175 2035 5244 illeferreus.

533 5234 610 5307 (5)
640 5236 815 5312 V_ulg..
852 5249 895 5291 et
925 5243 1087 5295 omnis
1112 5234 1287 5312 lingua
1312 5234 1609 5306 conﬁteatur
1636 5245 1754 5309 quia
1786 5234 2036 5297 Dominus

461 5304 613 5379 Jesus
641 5304 879 5379 Qltristus
908 5312 960 5362 in
988 5312 1151 5379 gloria
1180 5304 1248 5365 5st
1277 5312 1371 5366 Dei
1406 5304 1594 5366 Patris.

530 5376 606 5448 (tl)
641 5376 792 5448 Vulg.
826 5397 839 5431 :
864 5376 1073 5446 Itaque,
1092 5383 1376 5435 citatissimi
1408 5385 1522 5447 mei,
1551 5385 1680 5437 sicut
1702 5399 1893 5446 semper
1917 5383 2033 5435 obe-

466 5442 768 5521 distis._non_
787 5460 840 5501 ut
860 5451 913 5521 in
940 5442 1203 5518 praecutit:
1221 5454 1317 5507 mei
1344 5442 1559 5517 tantum,
1579 5456 1667 5507 sed
1695 5442 1851 5506 multo
1879 5454 2039 5521 magis

466 5530 598 5589 nunc
634 5519 685 5570 in
719 5518 941 5574 absentia
964 5537 1101 5587 mea,
1136 5538 1249 5575 cum
1280 5532 1528 5578 metu.....
1558 5524 1857 5589 operamini.
1905 5518 2042 5577 Deus

469 5583 601 5665 enim
628 5598 708 5665 est_
725 5590 812 5651 qui
837 5601 1071 5653 operatur
1089 5583 1147 5647 Vin
1169 5593 1307 5648 vobis
1338 5603 1383 5646 et
1409 5594 1532 5649 velle
1555 5583 1604 5649 et
1641 5596 1878 5665 per/icere
1896 5633 1910 5659 ,
1950 5607 2043 5665 pro

470 5651 599 5708 bona
628 5651 897 5715 voluntate.

2129 4514 2232 4567 hoc
2268 4512 2425 4566 modo
2465 4511 2602 4565 tilius
2645 4511 2734 4565 Dei
2768 4512 2825 4563 tit
2850 4551 2864 4574 ,
2908 4512 2950 4563 si
2984 4510 3053 4563 ita
3090 4508 3232 4563 vivat
3258 4507 3704 4577 quemadmodum

2132 4620 2293 4665 nunc,
2327 4619 2443 4656 cum
2476 4604 2526 4657 iit
2558 4601 2757 4655 mundo
2781 4609 2901 4663 est,
2934 4600 2983 4653 in
3014 4599 3191 4653 medio
3215 4608 3323 4661 est,
3354 4601 3403 4652 in
3434 4615 3597 4668 prava
3625 4614 3710 4669 ge-

2134 4696 2407 4750 neratione
2434 4704 2486 4751 et
2508 4707 2780 4764 perversa,
2811 4691 2861 4745 id
2888 4700 2969 4746 est
2990 4692 3041 4743 in
3074 4690 3172 4744 hac
3196 4690 3324 4743 vita.
3358 4689 3499 4759 Ergo
3524 4706 3643 4744 cum
3664 4691 3710 4744 in

2138 4788 2234 4842 hac
2264 4791 2366 4842 vita
2405 4800 2589 4840 sumus
2608 4825 2623 4847 ,
2652 4782 3000 4838 laborandum
3029 4782 3183 4835 nobis
3210 4788 3325 4845 est,
3366 4789 3424 4833 ιιι
3450 4780 3709 4849 perversi-

2138 4890 2294 4934 tatem
2326 4879 2478 4932 istam
2516 4874 2780 4945 fugientes
2818 4882 2872 4927 et
2910 4872 3217 4941 pravitatem
3256 4870 3619 4940 generationis
3646 4870 3710 4922 is-

2138 4973 2241 5026 tius
2265 4971 2316 5025 id
2348 4980 2430 5026 est
2456 4977 2711 5023 creatum
2738 5009 2752 5033 ,
2786 4968 2836 5019 in
2860 4980 2960 5035 qua
2998 4977 3178 5018 sumus
3198 5003 3213 5029 ,
3241 4962 3565 5016 immaculati
3601 4963 3708 5015 sine

2137 5062 2525 5131 vituperatione
2549 5101 2563 5126 ,
2604 5057 2796 5113 sinceri
2835 5057 2924 5111 Dei
2964 5055 3095 5119 lilii,
3136 5057 3415 5117 vivamus;
3465 5053 3711 5108 facientes

2140 5160 2316 5213 omnia
2365 5158 2481 5211 sine
2523 5154 2904 5224 vituperatione
2932 5162 2983 5206 et
3021 5153 3138 5207 sine
3171 5152 3570 5207 retractatione.
3604 5151 3707 5207 Non

2139 5263 2263 5320 ergo
2296 5248 2466 5303 facere
2496 5255 2694 5301 tantum
2726 5243 2952 5310 sufﬁt-it,
2984 5243 3077 5298 sed
3108 5252 3161 5299 et
3190 5242 3289 5297 hoc
3313 5240 3477 5298 modo
3497 5240 3666 5296 facere
3686 5277 3704 5313 η

2216 5380 2293 5452 (t)
2324 5380 2397 5452 ita
2420 5379 2575 5452 codd.

2243 5447 2300 5515 2⁷)
2331 5451 2418 5505 Sic
2443 5450 2649 5502 videtur
2675 5448 2725 5501 in
2758 5447 2913 5502 codd.

2242 5522 2294 5590 '5)
2330 5521 2451 5573 llarc
2477 5520 2583 5573 duo
2616 5517 3066 5590 postremaverba
3092 5515 3246 5590 Vulg.
3276 5532 3382 5590 non
3412 5515 3590 5590 habet.

2243 5586 2299 5661 4)
2330 5590 2502 5659 Vulg.,
2532 5599 2579 5661 et
2616 5588 2796 5661 sinceri
2841 5588 2934 5655 ﬁlii
2975 5586 3067 5640 Dei
3113 5586 3424 5643 immaculati
3464 5588 3519 5643 in
3558 5586 3707 5645 medio

2150 5659 2318 5731 prava
2342 5659 2673 5723 venerationis
2702 5668 2747 5717 st
2775 5671 3037 5739 perversa.
