3950 6206
238 211 398 269 lilii

1046 217 1113 272 1N
1154 215 1528 272 EPISTOLAM
1568 211 1769 270 PAULI
1809 213 1896 267 ΑΙ)
1934 209 2410 267 PlllLlPPENSES
2448 209 2662 264 LIBER.

3357 209 3491 265 1214

239 339 310 383 ιιι
339 329 482 383 nulla
511 331 580 384 sil
602 331 738 401 apud
763 348 858 385 nos
890 334 969 386 vel
998 333 1296 388 retractatio
1318 334 1393 386 vel
1417 331 1830 387 admurmuratio
1855 330 1905 390 Α
1932 328 2117 397 possim
2153 342 2291 389 esse,
2320 338 2619 395 cognoscens
2647 339 2757 393 qua!
2786 339 2935 391 penes
2978 338 3061 375 vos
3104 332 3219 375 sunt
3253 323 3297 393 (l
3316 324 3351 391 ).
3386 323 3495 376 lloc

239 429 306 472 ct
337 420 556 488 querela
582 420 823 475 faciendi.
850 424 974 489 Qua:
998 422 1041 475 si
1066 422 1115 474 in
1140 422 1239 475 vita
1269 423 1364 477 ista
1386 422 1656 487 faciamus,
1682 434 1830 475 meus

240 510 405 563 etaim
438 509 625 564 devota
662 511 769 579 jam
793 513 898 566 Deo
924 522 1047 567 tunc
1066 510 1294 567 efﬁcitur
1322 514 1457 568 inter
1481 512 1613 568 lilios
1644 513 1756 576 Dei,
1785 512 1827 566 si

243 598 422 653 faciat
447 610 701 670 praecepta
729 603 817 656 Dei
852 604 1033 657 volens
1058 644 1071 667 ,
1094 604 1281 674 cupida
1310 644 1325 669 ,
1355 605 1470 658 sine
1499 605 1707 675 querela
1733 621 1747 669 ;
1778 611 1832 658 et

245 691 425 745 faciat
443 708 580 745 nunc
603 708 722 746 cum
750 692 803 745 in
827 694 1000 748 medio
1019 694 1085 748 sit
1109 709 1280 762 pravae
1298 695 1655 765 generationis
1675 703 1831 763 atque

247 797 553 852 perversae.
580 782 644 836 In
669 784 844 853 quibus
872 784 1047 838 lucetis
1068 786 1137 838 ita
1165 797 1215 838 ut
1243 787 1517 839 (utuinaria
1537 787 1587 839 in
1619 786 1824 840 mundo.

247 873 449 945 Magna
482 875 800 939 exhortatio,
821 892 939 930 cum
964 876 1072 945 jam
1100 877 1150 931 in
1180 879 1276 932 hoc
1296 877 1428 946 ipso,
1453 878 1502 930 in
1529 892 1631 946 quo
1653 877 1703 929 iu
1732 876 1829 928 hoc

249 966 466 1021 mundo
495 980 706 1028 sumus,
737 966 1064 1021 emineamns
1089 968 1196 1035 jam
1229 968 1277 1021 in
1305 968 1398 1020 hac
1427 982 1583 1036 prava
1605 982 1827 1036 genera-

245 1055 406 1109 tione
434 1063 487 1109 et
527 1068 773 1124 perversa
803 1074 816 1109 :
841 1056 1169 1110 emiucamus
1210 1066 1382 1111 autem
1423 1056 1492 1110 ita
1515 1096 1529 1121 ,
1564 1068 1617 1110 ut
1649 1057 1828 1111 mundi

244 1142 541 1198 luminaria
573 1147 735 1198 simus
757 1187 770 1210 ,
811 1162 927 1216 qua:
958 1148 1008 1199 in
1057 1145 1172 1215 ipso
1202 1147 1432 1208 mundo;
1472 1158 1527 1200 ut
1552 1146 1629 1200 sol
1671 1158 1828 1216 atque

242 1232 381 1287 luna
405 1244 458 1288 et
480 1244 535 1287 ut
556 1246 762 1290 cieterte
784 1237 953 1291 stella:
977 1237 1233 1291 lucentes.
1259 1235 1386 1291 Fide
1404 1238 1543 1291 enim
1566 1244 1622 1292 et
1644 1238 1825 1305 cogni-

242 1324 404 1378 tione
450 1325 540 1379 Dei
587 1326 877 1381 secundum
920 1326 1094 1380 divina
1146 1336 1406 1397 praecepta
1454 1327 1691 1381 viventes
1733 1341 1825 1381 ex-

245 1413 457 1468 cellunt
486 1412 792 1480 Christiani,
820 1425 871 1469 et
898 1427 950 1470 ut
989 1417 1072 1469 lux
1108 1429 1161 1471 et
1191 1417 1440 1486 splendor
1468 1419 1517 1470 in
1550 1417 1648 1472 hoc
1678 1432 1827 1470 utun-

240 1502 322 1556 do
350 1503 613 1556 existunt.
649 1503 854 1559 Etenim
883 1505 927 1559 si
968 1518 1164 1574 praeter
1192 1516 1418 1561 caeteros
1445 1505 1684 1560 homines
1713 1522 1827 1559 om-

244 1591 341 1645 nia
367 1634 382 1656 ,
416 1609 638 1663 qumque
666 1596 798 1649 mala
833 1605 972 1660 sunt,
1004 1598 1249 1664 vincunt,
1282 1608 1333 1650 ct
1362 1598 1597 1652 occultos
1627 1598 1825 1654 dmmo-

1931 430 2104 472 autem
2131 417 2197 471 de
2227 416 2486 471 mandatis
2515 425 2614 470 est.
2665 414 2801 469 Vere
2841 424 3016 470 autem
3059 429 3236 469 curam
3279 415 3489 469 illorum

1929 509 2084 578 gerit.
2117 508 2375 578 siquidem
2400 517 2454 563 et
2485 508 2693 561 mittere
2721 507 2981 571 alterunt,
3008 508 3095 576 qui
3145 507 3327 561 eadem
3361 524 3494 578 pne-

1929 608 2035 652 stct
2058 597 2179 663 illis,
2206 598 2501 667 pollicetur,
2532 606 2585 651 et
2608 614 2635 650 a
2665 613 2768 666 quo
2790 606 3072 666 cognoscat
3103 596 3315 666 (ἤπυε
3338 606 3493 666 agant

1930 689 2317 757 Philippenscs.
2349 687 2681 742 Timotheum
2714 703 2864 740 suum
2903 687 3233 741 carissimum
3272 688 3492 754 promit-

1930 780 1992 833 tit
2012 778 2159 833 brevi
2187 792 2244 832 sc
2272 793 2388 832 esse
2429 778 2732 832 missurum.
2767 776 2834 831 Et
2861 777 3111 846 quoniam
3151 777 3320 831 omnis
3349 787 3495 830 actus

1931 878 2111 923 noster
2140 868 2248 921 Deo
2281 879 2360 922 est
2409 866 2759 937 assignaudus
2785 908 2798 931 ,
2832 874 2888 929 ut
2923 882 2951 919 a
2998 866 3105 920 Deo
3132 868 3454 935 compleatur
3477 909 3492 933 ,

1930 976 2097 1027 spero,
2134 958 2331 1027 inquit,
2374 961 2427 1012 in
2472 957 2684 1011 Domino
2727 958 2850 1011 Jesu
2897 958 3128 1022 Christo,
3164 958 3302 1028 quod
3351 960 3496 1013 vobis

1933 1050 2139 1103 mittam
2169 1048 2501 1103 Timotheum
2530 1090 2544 1113 ,
2572 1058 2625 1103 et
2660 1049 2907 1103 celeriter
2948 1048 3173 1102 mittam.
3210 1048 3378 1102 Causa
3405 1065 3500 1103 cur

1931 1139 2103 1191 mittat
2143 1138 2506 1208 subjungitur:
2543 1147 2599 1191 nt
2628 1147 2681 1193 et
2709 1154 2806 1207 ego
2846 1139 2986 1191 bono
3016 1140 3192 1192 animo
3230 1139 3325 1192 sim
3355 1179 3368 1201 ,
3400 1154 3492 1190 co-

1925 1244 2182 1299 gnoscens
2204 1246 2319 1298 qum
2343 1245 2434 1283 vos
2459 1231 2643 1298 agatis,
2667 1241 2754 1284 aut
2775 1230 3210 1299 quemadmodum
3237 1230 3372 1285 circa
3405 1247 3497 1286 vos

1927 1335 2013 1373 res
2039 1320 2126 1373 sit.
2147 1320 2296 1387 Quod
2317 1331 2491 1373 autem
2522 1321 2685 1385 dixit,
2710 1331 2763 1373 ut
2791 1330 2836 1374 et
2859 1337 2948 1391 ego
2971 1320 3098 1374 bono
3119 1323 3284 1375 animo
3308 1324 3496 1390 possint

1928 1428 2070 1475 esse;
2096 1427 2251 1483 spero
2270 1414 2409 1468 enim
2439 1429 2533 1467 vos
2579 1414 2716 1467 bono
2744 1430 2861 1469 esse
2899 1415 3102 1478 animo,
3147 1418 3284 1483 quod
3322 1418 3497 1469 oninia

1929 1516 2185 1572 prmcepta
2214 1506 2458 1569 servatis,
2482 1514 2535 1559 et
2557 1505 2709 1559 iidem
2742 1507 2790 1557 in
2814 1506 2939 1561 Jcsu
2969 1506 3203 1573 Christo,
3237 1506 3375 1561 unde
3404 1509 3497 1560 ho-

1925 1608 1994 1649 uo
2022 1596 2199 1651 animo
2225 1598 2386 1661 eStis;
2413 1597 2532 1653 ideo
2559 1607 2733 1651 autem
2756 1614 2853 1666 ego
2903 1600 3109 1653 mittere
3158 1598 3494 1653 Timotheum

245 1697 353 1736 nes
407 1685 715 1753 opprimunt
739 1726 753 1750 ,
802 1695 855 1740 et
899 1688 1200 1757 iniquitates
1250 1689 1513 1757 produnt,
1556 1689 1825 1744 vincentes
1855 1698 1898 1756 Β
1926 1687 2168 1741 Celeriter
2192 1689 2331 1755 volo,
2360 1698 2414 1743 ut
2439 1698 2492 1742 et
2513 1704 2609 1758 ego
2636 1689 2773 1743 bono
2796 1690 2972 1742 animo
3000 1691 3194 1759 possim
3216 1686 3489 1753 esse,eum

250 1774 508 1830 tenebras
545 1787 599 1830 et
623 1792 783 1847 opera
823 1778 1186 1843 tenebrarum;
1229 1790 1385 1847 agunt
1420 1779 1472 1833 in
1506 1780 1604 1834 hoc
1630 1780 1824 1835 mundo

250 1874 317 1921 ut
347 1865 647 1931 luminaria,
678 1880 729 1923 et
759 1871 934 1924 lumen
967 1870 1211 1925 omnibus
1233 1880 1503 1940 prmstant.

328 1958 491 2013 Vens.
542 1960 624 2013 lli.
656 1991 726 2001 —
758 1960 967 2014 Verbum
1010 1964 1124 2016 vita:
1182 1962 1452 2017 obtinentes
1506 1965 1569 2018 ad
1613 1964 1825 2034 gloriarm

246 2052 380 2105 mihi
414 2051 489 2122 (l)
519 2052 572 2105 in
607 2053 688 2105 die
717 2050 923 2107 Christi.
958 2054 1022 2106 Et
1062 2054 1209 2107 vobis
1239 2056 1509 2124 prazmium
1537 2065 1620 2110 est
1641 2097 1654 2121 ,
1684 2056 1826 2126 quod

249 2142 325 2196 ita
364 2142 577 2207 vivitis,
619 2142 661 2195 si
693 2142 903 2212 quidem
942 2143 1218 2197 luminaria
1259 2145 1309 2198 in
1352 2145 1547 2198 mutulo
1585 2146 1742 2210 estis;
1772 2156 1825 2201 et

248 2228 382 2284 mihi
410 2229 474 2283 ad
505 2231 724 2300 gloriam
754 2232 902 2285 eritis
932 2234 983 2286 in
1012 2233 1096 2288 die
1122 2233 1339 2299 Christi,
1361 2236 1409 2288 id
1438 2244 1655 2290 estcum
1677 2235 1821 2305 judi-

249 2330 472 2374 catnrus
501 2321 701 2375 venerit
719 2321 977 2376 Christus.
1009 2323 1118 2393 Ego
1148 2338 1239 2392 per
1264 2340 1359 2379 vos
1384 2324 1550 2379 habeo
1575 2326 1820 2395 gloriam,

250 2413 377 2482 quia
409 2410 529 2465 vita:
558 2413 774 2467 verbum
803 2414 1071 2478 ubtinetis,
1094 2414 1143 2468 id
1180 2424 1257 2470 est
1294 2417 1411 2493 quia
1437 2414 1700 2469 Christum
1728 2431 1819 2470 eo-

250 2504 512 2571 gnovistis
538 2543 553 2567 ,
603 2502 743 2571 quod
787 2514 867 2557 est
910 2504 1126 2558 verbum
1174 2504 1477 2573 vitaezqnia
1521 2506 1571 2558 in
1616 2505 1824 2559 Christo

250 2591 396 2660 quod
420 2591 611 2644 factum
642 2600 741 2654 est,
786 2592 886 2645 vita
914 2603 1012 2648 est.
1047 2592 1187 2663 Ergo
1225 2592 1464 2648 Christus
1503 2595 1718 2649 verbum
1748 2595 1824 2649 vi-

258 2692 325 2737 ta:
353 2694 454 2737 est.
484 2682 635 2738 Unde
660 2685 996 2752 cognoscitur
1033 2698 1281 2754 quantum
1321 2686 1389 2740 sit
1431 2687 1742 2741 benclicium
1772 2696 1824 2742 et

255 2785 446 2842 quanta
477 2774 643 2842 gloria
682 2789 895 2839 eorum,
920 2774 1010 2844 qui
1039 2778 1241 2829 animas
1278 2776 1501 2828 aliorum
1530 2779 1819 2845 corrigunt.

258 2864 507 2928 Quoniam
538 2882 636 2918 non
664 2866 715 2918 in
746 2882 955 2919 vacuum
997 2868 1212 2921 cucurri.
1248 2867 1368 2921 llaec
1410 2870 1513 2923 erit
1550 2869 1674 2922 mihi
1700 2910 1713 2934 ,
1745 2870 1823 2924 in-

254 2957 399 3025 quit,
430 2958 595 3024 gloria
626 2973 718 3025 per
756 2957 893 3011 diem
923 2957 1153 3023 Christi,
1188 2960 1327 3028 quod
1369 2977 1459 3015 vos
1484 2962 1699 3015 liberavi
1725 3003 1740 3027 ,
1769 2972 1824 3017 et

1926 1791 2185 1846 cognosco
2215 1795 2332 1846 quae
2371 1790 2491 1833 sunt
2519 1794 2681 1850 penes
2709 1795 2823 1845 vos,
2874 1782 2957 1835 vel
3000 1796 3065 1835 ex
3114 1780 3351 1835 moribus
3381 1795 3498 1833 ves-

1929 1867 2047 1932 trls,
2077 1870 2159 1921 vel
2192 1883 2253 1922 ex
2286 1868 2530 1923 aliorum.

2000 1958 2154 2014 Vsus.
2214 1960 2311 2025 20,
2371 1961 2459 2015 21.
2510 1992 2580 2000 -
2630 1960 2898 2016 Neminem
2960 1962 3091 2016 enim
3154 1962 3347 2025 habeo,
3407 1965 3494 2033 qui

1926 2064 2117 2103 mecum
2162 2052 2225 2103 sit
2278 2052 2528 2106 unanimis
2583 2051 2679 2124 (5).
2732 2052 2906 2119 Quare
2959 2052 3290 2107 Timotheum
3343 2054 3495 2123 polli-

1923 2149 2105 2193 ceatur
2146 2141 2415 2208 ostendit,
2447 2150 2499 2195 et
2544 2142 2631 2195 dat
2672 2157 2881 2207 causas,
2913 2144 3033 2210 quia
3072 2144 3336 2197 neminetn
3362 2158 3489 2196 una-

1925 2229 2117 2284 nimem
2168 2230 2342 2293 habet,
2397 2231 2447 2283 id
2486 2239 2586 2297 est,
2619 2232 2707 2301 qui
2751 2232 2990 2287 eamdem
3041 2244 3269 2287 mentem
3325 2244 3491 2301 gerat.

1924 2319 2097 2374 Habes
2128 2335 2284 2373 unam
2304 2332 2533 2375 causam.
2560 2322 2839 2391 Suhjunxit
2870 2322 3088 2377 alteram
3126 2342 3139 2377 :
3169 2326 3253 2393 qui
3279 2324 3495 2392 ﬁdeliter

1924 2410 2169 2463 sollicitus
2195 2420 2265 2464 est
2300 2412 2362 2463 de
2394 2412 2529 2466 vobis
2561 2410 2659 2483 (4).
2694 2412 2830 2467 Vere
2885 2414 2987 2467 iste
3038 2414 3354 2481 mittendus,
3405 2419 3495 2480 qui

1923 2509 1978 2554 et
2028 2500 2153 2554 mihi
2207 2502 2276 2554 sit
2344 2501 2718 2569 cbarlssimus,
2778 2515 2830 2557 et
2880 2507 3043 2559 vestri
3093 2520 3270 2559 curam
3308 2519 3489 2575 gerat,

1923 2599 1977 2643 et
2031 2589 2434 2645 sollicitudinem
2484 2607 2576 2660 pro
2622 2594 2770 2647 vobis
2822 2594 3011 2648 habeat
3058 2615 3071 2646 ;
3130 2595 3311 2649 Omnes
3360 2599 3489 2652 enim

1923 2695 2013 2732 sua
2062 2681 2142 2749 (5)
2180 2692 2439 2749 quierunt,
2468 2699 2588 2746 non
2634 2699 2745 2752 qua:
2796 2694 2911 2737 sunt
2949 2683 3072 2738 Jesu
3113 2684 3318 2739 Christi.
3349 2687 3489 2753 Quo.

1927 2772 2061 2824 niam
2093 2771 2245 2837 dixit,
2277 2772 2422 2826 solus
2449 2783 2557 2837 est,
2586 2784 2639 2827 et
2668 2776 2929 2828 neminem
2962 2775 3125 2845 inquit
3156 2776 3323 2829 habeo
3347 2817 3361 2842 ,
3398 2778 3488 2845 qui

1924 2860 2049 2913 mihi
2101 2860 2169 2914 sit
2216 2863 2496 2917 unanimis.
2549 2864 2621 2919 De
2657 2866 2865 2919 cmteris
2912 2881 3041 2935 quas
3085 2882 3271 2920 causas
3299 2867 3487 2936 ponit?

1926 2949 2136 3005 Scilicet
2182 2967 2300 3020 qua:
2356 2954 2584 3009 secunda
2642 2965 2723 3009 est
2784 2957 2969 3024 pietas.
3025 2956 3153 3009 Nam
3207 2957 3252 3010 si
3306 2957 3484 3011 Timo-

254 3045 399 3105 lahor
425 3060 573 3100 meus
596 3062 696 3099 non
719 3047 769 3099 in
801 3062 1021 3101 vacuum
1051 3050 1305 3103 laboravit
1331 3068 1500 3121 neque
1518 3054 1569 3107 in
1594 3069 1817 3111 vacuum

1927 3040 2075 3094 lbeus
2127 3038 2280 3095 datur
2334 3044 2432 3113 (0),
2486 3046 2574 3114 qui
2640 3043 2861 3099 fideliter
2926 3047 3179 3101 sollicitus
3249 3048 3318 3101 sit
3392 3065 3485 3117 pro

254 3135 505 3189 cucurrit.
538 3134 710 3190 Labor
737 3152 899 3206 genus
928 3147 1009 3191 est
1029 3179 1044 3203 ,
1077 3140 1282 3207 species
1313 3141 1505 3197 laboris
1532 3153 1614 3197 est
1638 3161 1824 3201 curre-

256 3238 333 3277 re.
364 3224 504 3293 Ergo
551 3240 669 3279 eum
721 3242 888 3295 genus
924 3231 1319 3298 proposuisiiet,
1363 3248 1464 3285 non
1507 3233 1557 3287 in
1603 3252 1820 3293 vacuum

258 3313 511 3380 laboravi,
544 3315 681 3385 quod
703 3332 822 3371 eSse
844 3328 1051 3387 poterat
1079 3319 1161 3371 vel
1184 3335 1407 3391 corpore
1430 3324 1512 3376 vel
1544 3324 1717 3395 lingua
1740 3328 1821 3382 vel

258 3404 545 3458 monitione
574 3406 653 3458 vel
687 3407 930 3460 instantia
954 3423 969 3472 ;
1004 3409 1189 3477 adjecit
1217 3410 1445 3479 speciem
1472 3423 1691 3478 certam,
1720 3432 1821 3469 non

254 3496 304 3547 in
325 3511 533 3547 vacuum
559 3498 775 3549 cucurri.
805 3497 896 3551 llic
923 3501 1002 3552 vel
1027 3498 1175 3553 labor
1193 3510 1272 3555 est
1301 3502 1505 3557 itineris
1526 3544 1541 3568 ,
1568 3505 1648 3558 vel
1674 3507 1821 3562 labor

255 3585 491 3651 allectus,
541 3594 596 3639 ut
638 3586 738 3641 hoc
794 3590 1169 3657 persuaderet,
1210 3600 1263 3645 et
1299 3593 1402 3645 cito
1438 3596 1816 3663 persuaderet:

254 3674 350 3729 hoc
379 3684 580 3729 estnon
610 3677 659 3729 in
687 3694 897 3730 vacuum
927 3681 1149 3733 cucurri.

324 3763 478 3817 Vsus.
516 3765 601 3830 l7,
629 3763 712 3819 18.
736 3796 804 3806 —
824 3766 927 3821 Sed
952 3769 995 3821 si
1012 3769 1183 3823 laboro
1208 3772 1260 3825 in
1287 3773 1487 3827 victima
1517 3784 1563 3828 et
1586 3778 1816 3848 obsequio

252 3852 365 3919 ﬁdei
390 3864 580 3915 vestrm,
604 3854 745 3908 laetor
772 3865 817 3909 et
842 3857 1067 3925 gratulor
1117 3861 1341 3915 omnibus
1370 3865 1521 3918 vobis.
1546 3864 1655 3918 Hoc
1683 3870 1815 3922 idem

252 3951 294 3994 et
307 3944 491 3997 iamvos
509 3945 747 3998 Itetamini
764 3948 885 3999 mihi
908 3949 1005 4018 (2).
1030 3949 1179 4015 Quod
1200 3968 1356 4021 supra
1381 3969 1473 4021 per
1492 3966 1812 4026 praeceptum

253 4035 425 4089 datum
452 4047 552 4100 εει,
586 4035 668 4091 hic
690 4037 767 4107 (5)
786 4038 835 4090 in
857 4041 1444 4111 cxhortationeponitur
1465 4047 1567 4100 :uti
1594 4064 1697 4100 non
1718 4065 1813 4103 no-

252 4127 341 4180 stri
369 4136 568 4179 tantum
593 4141 771 4181 curam
805 4128 1111 4197 habeamus,
1143 4133 1235 4187 sed
1262 4134 1420 4188 etiam
1448 4140 1812 4209 unusquisque

253 4229 299 4272 et
320 4220 556 4271 aliorum.
577 4219 726 4284 Quod
749 4221 791 4274 si
813 4219 881 4273 ita
897 4232 997 4289 est,
1015 4232 1068 4275 et
1094 4222 1171 4293 (ε)
1200 4228 1479 4293 gratulatio
1504 4236 1558 4282 et
1574 4244 1637 4282 ex
1660 4232 1809 4285 nobis

255 4312 498 4363 nascitur.
534 4310 607 4364 De
627 4311 776 4364 nobis
804 4320 859 4364 et
886 4311 952 4365 de
981 4313 1097 4367 aliis
1127 4315 1225 4368 hoc
1250 4315 1342 4368 ait.
1375 4316 1479 4372 Sed
1507 4319 1550 4372 si
1586 4319 1769 4374 laboro
1789 4362 1805 4386 ,

1926 3131 2110 3195 vobis;
2161 3142 2212 3184 et
2251 3132 2383 3186 hanc
2435 3148 2646 3187 causam
2723 3136 3026 3203 subjnnxit,
3085 3137 3264 3189 vitium
3331 3147 3491 3206 atque

1925 3232 2193 3288 peccatum
2220 3262 2234 3285 ,
2262 3239 2432 3276 omnes
2469 3240 2560 3276 sua
2585 3235 2815 3292 quierunt
2840 3265 2853 3287 ,
2893 3224 2941 3277 id
2974 3234 3054 3279 est
3092 3226 3301 3279 Solliciti
3326 3238 3485 3291 sunt,

1922 3324 2015 3362 sua
2043 3310 2360 3376 defendunt,
2391 3328 2482 3365 sua
2534 3316 2872 3368 custodiunt:
2904 3324 2957 3368 et
2985 3314 3047 3368 ad
3081 3316 3178 3369 hoc
3217 3317 3295 3381 (7)
3333 3315 3485 3370 ΟΙιΓίε-

1922 3401 2073 3454 stiani
2091 3412 2309 3457 nonest.
2329 3403 2461 3469 Quid
2485 3404 2627 3458 enim
2649 3414 2729 3457 est
2749 3402 3030 3457 Christiani
3058 3420 3294 3471 quaerere
3316 3408 3486 3473 potius

1921 3491 1972 3546 in
2004 3508 2334 3564 quocumque
2369 3495 2514 3549 socio
2544 3495 2703 3549 l‘ratre
2725 3538 2738 3561 ,
2781 3512 2931 3565 quam
2959 3512 3077 3563 qua:
3116 3494 3309 3551 Christi
3341 3510 3465 3551 sunt

1919 3583 1969 3637 id
2000 3595 2080 3637 est
2108 3584 2262 3638 ﬁdem
2289 3587 2339 3639 in
2368 3585 2657 3651 Christum,
2677 3588 3000 3650 societatem,
3022 3602 3276 3651 amorem,
3307 3590 3482 3641 Scien-

1919 3663 2040 3730 tiam
2063 3676 2284 3732 “(Potest
2313 3689 2485 3733 tamen
2514 3679 2638 3733 illud
2671 3680 3035 3749 intelligi,quae
3062 3690 3199 3744 sunt,
3230 3678 3279 3731 id
3308 3688 3387 3733 est
3412 3680 3479 3734 de

1915 3764 2127 3821 Christo
2153 3770 2536 3840 evangelizare.

1991 3862 2147 3916 Vleas.
2210 3861 2311 3927 2‘2,
2359 3862 2463 3927 25,
2515 3862 2607 3916 24.
2657 3892 2725 3902 --
2776 3862 2879 3916 Sed
2927 3859 3319 3931 experimentum
3372 3862 3482 3931 ejus

1913 3952 2096 4015 Optime
2132 3953 2267 4005 scitis
2307 3951 2404 4023 (8).
2451 3952 2506 4006 Id
2551 3963 2630 4006 est
2674 3951 3032 4020 probationem
3055 3951 3122 4003 de
3160 3966 3224 4004 eo
3248 3950 3480 4004 habetis:

1910 4053 2116 4107 graecus
2144 4040 2209 4092 ita
2237 4043 2427 4109 posuit.
2458 4040 2607 4095 Scire
2633 4040 2837 4094 debetis
2876 4082 2889 4102 ,
2927 4040 3177 4108 pereipite
3204 4048 3358 4107 atque
3387 4054 3479 4092 co-

1910 4130 2151 4196 gnoscite
2184 4130 2393 4199 qualem
2424 4129 2787 4199 probationem
2817 4129 2929 4197 ejus
2956 4128 3178 4183 habeam
3250 4128 3482 4196 Denique

1905 4218 2045 4287 juste
2080 4220 2440 4286 connectitur,
2478 4220 2614 4289 quod
2646 4218 2885 4287 sequitur
2906 4261 2921 4285 ,
2949 4221 3183 4283 quoniam
3211 4219 3358 4272 sicuti
3390 4236 3481 4287 pa-

1908 4312 1969 4361 tri
2019 4310 2154 4377 ﬁlius
2196 4326 2388 4364 mecum
2434 4312 2627 4365 servivit
2669 4313 2719 4363 in
2765 4309 3058 4380 Evangelia.
3095 4313 3325 4378 Apparet
3354 4324 3480 4377 ergo

255 4399 431 4467 inquit,
460 4400 508 4452 in
534 4400 741 4453 vlctima
768 4409 820 4455 et
847 4402 1103 4470 obsequio
1132 4400 1251 4457 lldei
1278 4415 1487 4472 vestrm,
1519 4407 1619 4462 hoc
1648 4419 1731 4463 est
1756 4422 1809 4463 ut
1836 4412 1884 4472 D
1910 4402 2033 4472 quid
2064 4403 2151 4467 sit,
2176 4421 2273 4457 non
2301 4420 2413 4475 qua:
2440 4414 2556 4459 sunt
2578 4405 2704 4458 Jesu
2733 4404 2917 4457 Christi
2945 4413 3190 4471 quierunt.
3227 4402 3477 4465 Servivit,

254 4504 341 4557 pro
382 4490 529 4543 vobis
571 4492 729 4543 etiam
761 4492 893 4544 mori
931 4503 1143 4561 paratus
1168 4494 1268 4547 sim
1296 4535 1309 4558 ,
1341 4496 1627 4553 dummodo
1656 4501 1812 4555 obse-

254 4592 375 4646 quar
404 4580 551 4631 vobis
574 4620 589 4645 ,
648 4592 703 4634 et
730 4581 885 4635 ﬁdem
914 4590 1143 4636 vestram
1188 4584 1498 4641 conﬁrmem
1523 4631 1537 4656 ,
1569 4590 1718 4645 laetor
1758 4600 1810 4647 et

256 4671 479 4740 gratulor
522 4673 767 4727 omnibus
814 4675 980 4728 vobis.
1027 4674 1115 4730 Sic
1158 4691 1286 4747 ergo
1331 4689 1383 4732 et
1422 4696 1513 4735 vos
1558 4683 1808 4739 laetantini

255 4760 393 4824 mihi,
425 4768 481 4814 nt
508 4762 702 4827 pariter
730 4774 783 4817 et
818 4779 998 4818 curam
1028 4767 1196 4821 nostri
1234 4782 1418 4824 omnes
1444 4786 1689 4841 geramus
1711 4816 1726 4841 ,
1756 4785 1810 4831 ct

254 4850 314 4907 de
339 4851 489 4907 nobis
518 4853 738 4907 invicem
763 4854 1020 4911 laetemur.

315 4941 468 4996 Vsus.
502 4943 587 4997 l9.
618 4972 689 4981 —
716 4943 876 5014 Spero
905 4958 1071 5000 autem
1123 4949 1175 5002 in
1208 4949 1421 5004 Domino
1449 4953 1573 5006 Jesu
1607 4953 1806 5012 Christo

257 5030 551 5086 Timotheum
572 5032 794 5087 celeriter
811 5038 1002 5091 mittere
1028 5038 1182 5104 vobis,
1211 5050 1262 5092 ut
1293 5050 1337 5094 et
1360 5057 1448 5112 ego
1476 5043 1603 5097 bono
1633 5048 1802 5102 animo

412 5164 564 5240 Yulg.
599 5163 1029 5240 ..._..Continentes
1052 5170 1118 5222 ad
1146 5172 1361 5240 gloriam
1386 5190 1566 5229 meam.

316 5234 389 5311 (2‘)
422 5235 574 5311 Vulg.
596 5252 619 5311 τΔ
635 5235 740 5289 Sed
754 5246 799 5288 et
822 5237 863 5288 si
887 5234 1281 5311 immolors'upra
1306 5244 1610 5310 sacriﬁcium
1634 5256 1681 5302 et
1710 5250 1801 5303 ob-

255 5304 620 5381 sequinmnﬁdei
642 5315 816 5358 vestrm
838 5346 849 5368 ,
882 5310 1076 5375 gaudeo
1115 5320 1159 5361 et
1190 5304 1527 5381 fcongratrilor
1573 5319 1803 5373 omnibus

256 5374 400 5493 vobhis;
425 5372 643 5442 idipsum
677 5386 839 5427 autem
874 5372 921 5429 et
954 5393 1039 5430 vos
1066 5380 1274 5447 gaudete
1295 5372 1354 5435 ἐι
1380 5372 1802 5455 congratulamini

256 5457 311 5493 rm
344 5459 377 5493 t.

255 5457 358 5494 num
367 5482 377 5494 .

333 5514 386 5569 ὅ)
409 5512 574 5568 Codd.
606 5516 717 5569 hoc.

333 5516 364 5568 5
409 5516 574 5568 Codd.
606 5516 717 5569 hoc.

315 5516 386 5653 is)
417 5582 491 5637 lta
516 5582 667 5640 codd.
704 5585 802 5641 nisi
831 5588 951 5664 quis
977 5588 1113 5648 forte
1136 5594 1333 5651 mavult
1356 5597 1465 5654 hau:
1486 5611 1581 5670 pro
1608 5610 1673 5657 et.

1910 4496 2115 4564 inquit,
2161 4512 2365 4552 meeum
2394 4497 2702 4552 Timotheus
2728 4498 2779 4551 in
2811 4496 3094 4565 Evangelia
3133 4495 3286 4548 sicuti
3337 4493 3469 4561 patri

1910 4586 2065 4641 illius.
2118 4587 2360 4644 Breviter
2414 4589 2857 4657 quemadmodum
2914 4585 3151 4639 servierit
3208 4584 3477 4650 ostemlit,

1908 4694 2204 4748 qumquam
2245 4679 2437 4735 dixerit
2491 4695 2695 4733 mecum
2740 4678 2955 4732 servivit
2982 4677 3057 4746 (9)
3092 4677 3139 4729 in
3170 4675 3476 4742 Evangelio.

1908 4772 2010 4827 Sed
2034 4774 2297 4841 quomodo
2335 4772 2591 4827 servivit?
2618 4781 2676 4825 ut
2704 4771 2866 4825 servit
2895 4770 3031 4823 illius
3068 4767 3239 4837 patri,
3274 4768 3322 4819 in
3353 4767 3480 4819 cha-

1910 4863 2064 4918 ritatc
2098 4873 2151 4918 et
2176 4864 2431 4934 obsequio
2461 4864 2658 4933 majore
2692 4862 2908 4917 servivit
2939 4876 3142 4917 mecum
3170 4859 3481 4913 Timotheus

1982 4974 2059 5045 (l)
2092 4974 2303 5045 Yulgata
2328 4975 2704 5045 aliquantulum
2739 4976 2923 5029 variat.

2006 5041 2060 5115 ξ)
2088 5041 2230 5115 Codd
2242 5084 2253 5095 .
2284 5041 2599 5115 cognoscant.

2007 5112 2062 5183 ᾗ)
2086 5112 2237 5183 Υιιιε.
2268 5112 2529 5167 Neminem
2562 5116 2695 5169 enim
2720 5116 2874 5167 habeo
2902 5124 3004 5167 tam
3024 5114 3329 5168 unanimem.

1980 5180 2059 5255 (ξιξ)
2084 5180 2261 5255 ΥιιΙάἿ
2275 5185 2565 5255 quisineera
2576 5184 2842 5249 a/Tectione
2867 5202 2958 5253 pro
2971 5186 3105 5239 vobis
3122 5184 3365 5237 sollicitus
3385 5182 3471 5235 sit.

1982 5251 2057 5323 (5)
2094 5251 2414 5323 Yulgq'quae
2439 5272 2533 5309 sua
2561 5265 2701 5308 sunt.

1982 5257 2038 5323 (5
2095 5257 2189 5306 Vul
2234 5295 2270 5320 .,
2370 5271 2533 5309 aesua
2561 5265 2701 5308 sunt.

1977 5257 2057 5402 (si
2081 5270 2246 5402 (ξυιιδ.
2289 5272 2548 5378 lqiinotheo
2587 5326 2788 5389 datum;
2815 5340 2933 5394 qua:
2956 5321 3472 5389 fortassc'smiptura

1904 5392 2122 5461 retineri
2156 5403 2344 5461 potest.

1974 5461 2054 5532 (ἶ)
2081 5459 2347 5532 [ιδ’(ὶυόά.

1981 5530 2058 5603 (ξ)
2090 5530 2243 5603 Yulg,
2272 5532 2688 5603 Ezperimentum
2712 5542 2879 5588 autem
2909 5533 3017 5603 ejus
3045 5530 3344 5601 cognoscite.

1978 5599 2061 5677 (9)
2089 5599 2256 5659 Codd.
2283 5599 2525 5663 servierit.
