3950 6206
456 242 593 300 ﬁlii

1675 240 1864 295 MAR"
1934 239 2271 295 VICTOBN
2351 244 2505 297 AFRI

3601 250 3716 309 1216

453 360 507 416 1η
566 360 853 429 Evangelio
893 376 1127 415 :mecum
1169 360 1333 427 enim,
1386 361 1577 429 inquit,
1602 359 1818 415 servivit
1860 376 1873 415 ;
1930 375 2032 412 non
2064 364 2109 418 Λ
2140 359 2218 413 vel
2248 359 2586 414 desiderabat
2616 360 2978 432 l‘ltilippeuses
3007 363 3089 418 vel
3121 366 3479 429 ttediabatur;
3522 368 3611 437 qui
3640 381 3715 421 us-

452 449 577 503 mihi
626 452 862 505 servivit.
918 449 1069 503 llum:
1121 452 1274 520 igitur
1311 466 1460 519 spero
1517 467 1594 503 me
1656 452 1847 503 mittere
1894 465 2029 501 mox.

453 540 801 612 POSIeaquam
866 542 1257 596 commendavit
1325 558 1606 613 personam
1682 552 1733 596 et
1787 541 2032 595 all‘ectutn

454 642 507 687 et
554 632 918 703 diligentiam,
966 632 1239 701 subjunxit
1277 632 1416 703 quod
1471 634 1627 687 talem
1682 634 1849 710 virum
1908 633 2034 685 mis-

452 737 610 778 surus
638 724 724 777 sit.
761 722 924 793 Spero
947 764 961 786 ,
1012 724 1217 793 inquit,
1260 741 1339 778 me
1367 726 1579 777 mittere.
1612 725 1721 777 lloc
1748 736 1796 778 et
1828 739 1985 793 supra
2019 766 2031 788 ,

456 830 602 882 spero
624 814 677 867 in
706 813 939 867 Domino.
965 813 1115 881 Quod
1140 825 1315 869 autem
1338 815 1472 868 dixit
1498 831 1635 878 mox,
1666 816 1763 869 lioc
1789 825 1870 868 est
1896 816 2033 884 quod

454 919 612 973 supra
643 906 886 959 celeriter.
914 904 983 960 Ut
1011 906 1193 959 videro
1230 921 1346 974 qua:
1372 906 1511 960 circa
1550 922 1631 959 tne
1658 906 1761 959 sint
1789 948 1803 968 ,
1834 906 2035 960 mittam

459 997 831 1060 Timotheum;
888 996 983 1051 sed
1030 1013 1149 1050 cunt
1202 998 1385 1051 videro
1430 1014 1547 1066 qua:
1589 1000 1727 1051 circa
1779 1014 1863 1052 tne
1911 1000 2033 1051 sint.

464 1088 675 1159 Conﬁdo
722 1100 887 1143 autem
934 1092 986 1143 in
1034 1089 1255 1143 Domino
1298 1092 1432 1159 quod
1470 1101 1515 1144 et
1550 1092 1658 1159 ipse
1691 1092 1788 1143 cito
1822 1094 2037 1144 veniam.

461 1182 857 1252 Magnoaﬂectu
878 1192 930 1236 et
960 1198 1145 1251 magna
1179 1182 1468 1236 monitione
1498 1181 1598 1236 hoc
1614 1182 1875 1251 adjunxit,
1897 1183 2038 1253 quod

463 1289 583 1329 cum
630 1275 801 1327 mittat
844 1272 1223 1338 Timotheum,
1273 1282 1448 1327 tamen
1498 1287 1554 1328 se
1614 1275 1884 1343 promittat
1924 1288 2041 1329 esse

467 1378 770 1421 νεηιυτυιη.

534 1456 696 1511 Vens.
728 1458 817 1512 25.
868 1487 936 1498 —-
964 1457 1186 1512 Conﬁdo
1216 1459 1357 1513 enim
1382 1500 1395 1524 ,
1429 1458 1637 1523 inquit,
1695 1459 1744 1511 in
1781 1460 2040 1522 Domino,

463 1548 581 1615 quia
605 1548 743 1602 circa
769 1564 852 1603 tne
895 1551 1070 1602 omnia
1104 1560 1245 1604 recte
1275 1560 1461 1613 erunt;
1496 1549 1849 1603 Necessarium
1881 1564 2044 1605 tamen

463 1639 742 1692 existimavi
773 1637 1182 1707 Epaphroditum
1207 1644 1415 1711 fratrem
1448 1640 1549 1713 (l),
1582 1653 1625 1695 et
1656 1644 2042 1696 commilitonrm

2135 468 2237 520 quc
2264 453 2325 505 ad
2359 464 2603 518 mortem,
2648 457 2849 525 inquit,
2880 458 2973 510 luit
3001 458 3266 512 infirmus.
3296 459 3349 512 ltt
3381 460 3479 513 tali
3505 470 3717 530 :rgrota-

2137 544 2279 597 tione
2321 560 2508 614 magna
2534 557 2655 600 sunt
2680 548 2941 601 desideria
2982 558 3037 602 et
3076 551 3452 605 vehementia:
3478 553 3544 605 ad
3587 568 3717 607 mor-

2138 644 2274 699 tem,
2306 636 2500 705 inqttit,
2532 638 2847 705 mgrmabat;
2881 641 3133 694 Dominus
3155 654 3332 696 autem
3359 644 3614 698 misertus
3643 654 3719 701 est

2138 729 2269 794 ejus.
2303 727 2442 781 Ecce
2481 730 2729 795 quoniam
2775 730 3089 785 beneﬁt-inm
3131 748 3158 785 a
3205 734 3432 787 Domino
3470 747 3520 789 et
3562 737 3644 790 hic
3672 737 3717 792 in

2142 817 2239 869 vita
2282 817 2558 870 sentimus.
2610 819 2807 873 Deinde
2847 822 2966 889 quia
3009 832 3061 875 et
3097 822 3355 879 festinare
3382 826 3450 879 ad
3494 838 3719 881 mortem

2140 906 2415 961 debemus.
2464 908 2611 963 Licet
2661 912 2799 964 enim
2852 914 3048 977 peccati
3096 915 3447 969 ministerium
3496 919 3719 973 mundus

2141 998 2237 1059 sit.
2267 1008 2317 1051 et
2358 998 2555 1052 idcirco
2594 1001 2897 1069 fugiendus;
2928 1014 3100 1058 tamen
3133 1015 3185 1059 et
3226 1006 3539 1062 desiderare
3566 1009 3721 1063 vi'am

2143 1089 2193 1142 in
2221 1092 2439 1154 mundo,
2474 1102 2743 1159 peccatum
2775 1109 2878 1147 non
2910 1107 3012 1148 est.
3046 1096 3109 1149 Et
3136 1099 3180 1150 si
3204 1098 3361 1153 debet
3389 1102 3719 1166 desiderari,

2141 1191 2283 1235 recte
2313 1182 2644 1243 dictunt.sed
2682 1185 2940 1239 Dominus
2971 1188 3216 1242 misertus
3243 1201 3323 1243 est
3351 1192 3491 1260 ejus.
3528 1194 3724 1247 Deinde

2142 1274 2387 1341 quoniam
2418 1289 2575 1328 omne
2601 1276 2737 1344 quod
2768 1278 2832 1330 ad
2864 1276 2942 1343 (1)
2986 1282 3141 1332 vitam
3184 1281 3266 1334 hic
3303 1282 3550 1347 agimus,
3591 1285 3635 1337 si
3675 1294 3725 1339 ct

2138 1363 2266 1431 justi
2301 1365 2499 1429 simus,
2525 1375 2577 1419 et
2606 1366 2757 1419 nobis
2788 1368 3048 1435 prosimus
3075 1380 3127 1422 et
3154 1370 3271 1426 aliis
3290 1413 3301 1429 .
3335 1376 3527 1426 merito
3559 1375 3725 1428 ttoStri

2144 1457 2423 1511 miseretur
2448 1459 2606 1522 Deus,
2632 1469 2682 1511 et
2704 1470 2935 1512 rt-servat
2960 1461 3010 1513 in
3037 1462 3160 1513 vita.
3186 1462 3272 1515 Sit.-
3293 1462 3525 1530 denique
3547 1466 3725 1531 adjun-

2143 1548 2213 1619 git
2236 1565 2247 1600 :
2277 1548 2393 1601 Non
2420 1548 2559 1602 illius
2581 1560 2773 1602 tantum
2797 1550 2930 1604 Deus
2956 1553 3183 1606 misertus
3206 1564 3297 1616 est,
3323 1557 3409 1606 sed
3430 1556 3583 1608 etiam
3611 1558 3723 1622 mei,

2146 1652 2200 1693 ut
2229 1658 2327 1695 non
2354 1642 2610 1694 tristitiam
2638 1642 2865 1695 habeam.
2901 1643 3103 1696 Etenim
3133 1645 3174 1696 si
3202 1660 3356 1713 supra
3388 1647 3592 1699 dictum
3635 1650 3725 1701 nti—

464 1749 649 1794 meum,
676 1743 888 1786 rastrum
915 1742 1080 1785 autem
1107 1734 1472 1803 apostolum,et
1504 1735 1784 1787 trtinistrum
1810 1737 2041 1789 desiderii
2072 1738 2117 1795 B
2145 1733 2354 1785 nistrum
2378 1732 2617 1785 desiderii
2645 1735 2769 1796 mei,
2801 1734 2865 1787 de
2908 1735 3021 1801 ipso
3063 1735 3454 1804 Epaphrodito;
3499 1739 3544 1791 si
3587 1739 3724 1793 enim

472 1825 568 1877 mei
592 1822 688 1891 (2),
705 1824 899 1875 mittere
917 1829 980 1875 ad
1002 1839 1105 1876 vos.
1125 1823 1265 1877 Licet
1284 1825 1586 1890 promiserit
1606 1824 1941 1880 Timotheum
1960 1843 2045 1881 cc-

467 1915 649 1971 leriter
662 1930 719 1969 se
736 1916 1043 1980 missurum,
1065 1929 1236 1972 tamen
1260 1919 1378 1987 quia
1400 1920 1478 1990 (5)
1496 1920 1650 1974 habet
1667 1920 1836 1974 adhuc
1856 1937 2044 1990 quam-

469 2006 588 2059 dam
610 2022 833 2070 morant,
857 2023 975 2061 cum
997 2010 1277 2063 missurum
1302 2025 1358 2064 se
1374 2012 1529 2075 dixit,
1551 2027 1688 2064 nunc
1720 2013 1876 2065 mittit
1908 2013 2045 2081 Epa-

470 2097 770 2167 phroditum
794 2115 805 2150 :
832 2099 1209 2162 necessarium,
1237 2101 1427 2169 inquit.
1456 2103 1666 2156 mittere
1697 2102 1761 2156 ad
1790 2118 1880 2156 vos
1910 2104 2045 2173 Epa-

471 2190 797 2259 phroditum.
826 2189 1177 2246 Commendat
1220 2208 1532 2263 personam:
1565 2205 1745 2264 postea
1777 2196 2046 2263 subjunsit

471 2298 703 2337 causam.
729 2281 1131 2336 Cotnmendatio
1162 2298 1405 2352 persenti:
1427 2295 1529 2348 est,
1572 2285 1783 2341 fratrem
1820 2288 1869 2339 itt
1904 2288 2038 2354 lege,

480 2372 893 2426 commilitonem
920 2373 1112 2425 castris
1133 2382 1186 2426 et
1208 2374 1259 2426 in
1284 2375 1461 2428 labore
1490 2374 1784 2444 Evangelii,
1811 2385 2042 2429 vestrum

477 2472 655 2516 autem
682 2461 1001 2529 apostolum.
1034 2462 1171 2517 Ecce
1194 2463 1612 2533 Epaphroditum
1635 2466 1928 2533 apustolnm
1952 2482 2045 2520 n0-

473 2555 653 2607 tninat.
672 2552 857 2607 Omnis
875 2554 1017 2607 enim
1047 2555 1137 2623 qui
1168 2556 1418 2622 mittitur,
1446 2565 1498 2608 et
1523 2557 1613 2625 qui
1641 2568 1854 2625 propter
1874 2559 2044 2612 Evan-

473 2645 666 2715 geliunt
700 2647 947 2712 mittitur,
992 2647 1263 2714 apostolus
1294 2647 1396 2702 dici
1442 2658 1632 2717 potest.
1660 2649 1893 2718 Denique
1922 2649 2042 2703 hinc

471 2736 545 2791 illi
569 2738 791 2805 apostoli
822 2738 946 2790 dicti
981 2752 1055 2790 xu
1078 2739 1159 2790 vel
1184 2754 1234 2791 tu
1266 2740 1621 2803 aministerio,
1642 2755 1744 2807 quo
1764 2741 2043 2793 mittebat;-

474 2838 559 2883 tur
590 2831 901 2898 prmdiCare.
929 2829 1416 2900 ltaquicumquead
1440 2833 1536 2886 ltoc
1560 2834 1803 2895 mittitur,
1822 2848 2040 2900 aposm-

471 2921 552 2974 lus
582 2921 683 2974 dici
715 2931 907 2989 potest.
932 2922 1081 2988 Quod
1108 2933 1284 2977 autem
1312 2924 1445 2977 dixit
1476 2936 1701 2978 vestrum
1722 2926 2038 2993 :ip«~.stoltnn,

469 3014 550 3067 vel
570 3014 688 3081 quia
714 3012 792 3083 (4)
818 3014 882 3066 ad
908 3028 1001 3066 νυε
1025 3015 1281 3078 mittitur;
1307 3017 1394 3069 alii
1419 3016 1556 3069 enim
1576 3016 1639 3068 ad
1670 3016 1768 3068 alia
1791 3017 1899 3069 loca
1926 3018 2039 3070 :vel

2149 1824 2423 1893 perderem
2450 1826 2728 1878 ministrum
2753 1826 2985 1880 desiderii
3012 1832 3135 1891 mei,
3161 1828 3499 1883 contristaret
3533 1845 3580 1883 et
3610 1833 3725 1886 tris-

2149 1918 2312 1971 titiam
2340 1918 2605 1971 ltaberetn.
2633 1918 2772 1988 Ergo
2795 1920 2940 1971 multi
2964 1932 3279 1975 servantur:
3305 1933 3355 1973 et
3382 1922 3522 1976 Deus
3544 1939 3722 1979 eorum

2148 2009 2451 2074 miseretur,
2485 2025 2575 2075 per
2600 2024 2734 2079 quos
2760 2010 2955 2079 aliquid
2996 2010 3166 2078 agitur
3192 2012 3333 2081 quod
3374 2013 3437 2066 ad
3482 2016 3721 2071 ministe-

2148 2100 2281 2152 rium
2309 2099 2617 2152 salvationis
2646 2102 2928 2167 pertineat.
2973 2100 3138 2153 Simttl
3180 2111 3233 2155 et
3274 2118 3367 2154 nos
3411 2119 3509 2171 pro
3550 2105 3724 2172 ltnjns-

2150 2190 2289 2242 modi
2322 2189 2622 2242 hominibus
2663 2204 2849 2259 rogare
2887 2189 3177 2256 debemus,
3226 2207 3291 2243 ne
3332 2194 3601 2246 tristitiam
3634 2196 3722 2246 Ita.

2144 2281 2360 2333 beamus
2385 2281 2428 2333 si
2457 2280 2572 2335 tllos
2598 2282 3194 2350 amiserimus,quorum
3223 2284 3422 2338 auxilio
3450 2286 3651 2341 utimur
3674 2288 3722 2341 in

2145 2370 2333 2423 divinis
2362 2370 2519 2423 rebus
2545 2370 2783 2439 agendis,
2826 2373 3559 2435 insinuandis,enuntiandis.

2219 2462 2381 2516 VEHS.
2410 2462 2497 2516 98.
2518 2461 2941 2516 —-Festinantius
2966 2464 3133 2532 itaque
3160 2465 3272 2517 misi
3304 2482 3437 2518 eum.
3472 2467 3725 2523 Discrevit

2144 2554 2424 2608 missiones
2438 2570 2578 2606 suas.
2597 2552 2723 2607 Nam
2738 2555 2802 2607 de
2819 2554 3200 2623 Epaphrodito,
3216 2556 3333 2608 misi
3352 2556 3539 2625 inquit.
3558 2557 3630 2611 De
3642 2559 3725 2613 Ti-

2144 2646 2379 2711 motheo,
2409 2646 2652 2706 celeriter,
2682 2647 2869 2716 inquit,
2893 2663 3039 2713 spero
3060 2664 3138 2700 me
3159 2650 3353 2701 mittere
3372 2652 3528 2704 vobis.
3563 2654 3625 2705 Et
3650 2664 3724 2706 ta-

2143 2753 2263 2793 men
2282 2739 2795 2806 Sttpra,rtecessariuut
2812 2739 3091 2790 existimavi
3102 2740 3297 2791 mittere
3310 2744 3376 2792 ad
3390 2757 3495 2805 vos,
3534 2759 3634 2795 non
3663 2743 3726 2798 de

2143 2845 2206 2882 eu
2230 2838 2332 2891 est,
2364 2827 2502 2895 quod
2535 2830 2904 2892 missurusest,
2930 2828 3022 2879 sed
3053 2828 3191 2897 quod
3211 2829 3319 2896 jam
3342 2831 3537 2883 missus
3576 2832 3724 2887 Unde

2144 2918 2227 2971 hic
2248 2918 2528 2979 conclusit,
2548 2918 2659 2969 misi
2688 2919 2754 2969 ad
2778 2934 2881 2977 vos,
2912 2928 2964 2969 ut
2992 2934 3102 2969 cum
3130 2919 3355 2972 videritis
3380 2922 3723 2983 illum,denuo

2141 3011 2484 3080 gratulemini,
2516 3022 2559 3062 et
2589 3026 2676 3078 ego
2697 3011 2805 3061 sine
2827 3010 3029 3061 tristitia
3050 3011 3144 3061 sim
3167 3011 3268 3081 (2).
3292 3012 3475 3067 Juuxit
3513 3024 3567 3067 et
3596 3019 3726 3071 hanc

472 3119 626 3173 quem
664 3120 758 3159 vos
786 3105 853 3159 de
880 3107 1069 3159 vestris
1092 3107 1326 3174 elegistis
1368 3108 1697 3177 aposmlum;
1730 3108 2034 3172 ministrum,
2069 3103 2112 3163 C
2144 3116 2373 3165 causam,
2400 3116 2492 3155 cur
2510 3101 2653 3153 illum
2682 3102 2904 3153 miserit.
2924 3099 3090 3168 Supra
3119 3103 3420 3167 ideo:.\lisi,
3454 3107 3725 3175 qttiatlesi-

468 3195 659 3265 inquit,
678 3208 850 3251 tamen
871 3196 1108 3251 desiderii
1130 3201 1245 3252 mei.
1273 3201 1705 3268 Qttodjestautem
1723 3200 2040 3253 desiderium

468 3292 687 3344 meum?
720 3300 774 3344 ut
805 3306 895 3344 vos
921 3292 1181 3355 audiatis,
1212 3303 1267 3345 ttt
1293 3309 1385 3347 vos
1416 3294 1632 3347 verbum
1665 3294 1971 3346 obtineatis.

544 3379 706 3434 Vsus.
751 3382 840 3435 96.
882 3412 952 3421 —
1023 3382 1155 3447 Quia
1225 3384 1514 3437 desiderans
1580 3393 1624 3436 et
1692 3386 2043 3455 concupiscens

468 3481 573 3525 erat
628 3473 852 3525 omnium
901 3484 1116 3527 vestrum
1168 3475 1265 3547 (5).
1314 3475 1465 3530 Nunc
1495 3476 1763 3544 subjungit
1806 3491 2038 3540 causam,

468 3578 631 3631 quare
681 3566 853 3633 ipsum
906 3568 1083 3621 mittat
1141 3586 1153 3619 :
1204 3568 1399 3622 etenitn
1430 3567 1767 3621 Timotheum
1799 3569 2045 3623 celeriter

468 3670 526 3708 se
581 3655 867 3711 missurum
918 3657 1086 3721 dixit,
1154 3668 1206 3710 ut
1266 3659 1405 3711 bono
1466 3659 1643 3712 animo
1707 3660 1873 3727 possit
1926 3674 2045 3712 esse

468 3759 794 3813 cognoscens
816 3790 828 3811 ,
859 3763 977 3817 quae
1006 3763 1168 3817 penes
1199 3764 1292 3802 vos
1320 3758 1461 3803 sunt.
1496 3747 1644 3803 Nunc
1675 3750 1815 3802 hunc
1846 3750 2004 3802 mittit
2029 3794 2041 3815 ,

468 3840 589 3908 quia
646 3839 913 3893 desiderat
959 3855 1089 3904 vos,
1140 3852 1189 3895 ct
1218 3841 1548 3910 concupiscit
1596 3857 1685 3895 vos
1738 3857 1950 3906 omnes,
1993 3850 2047 3895 et

468 3946 607 3999 argre
634 3943 716 3985 est
744 3947 802 3986 se
830 3946 948 3985 esse
977 3932 1272 3986 absentem.
1308 3933 1502 3985 Probat
1530 3942 1703 3986 autem
1735 3932 1870 4001 quod
1904 3948 2045 4001 tegre

468 4021 596 4075 {erat
630 4022 742 4076 sic:
776 4034 821 4075 et
850 4024 1151 4077 ttediabatur
1196 4034 1404 4094 propter
1443 4026 1579 4094 quod
1622 4027 1902 4078 audiebatis
1943 4043 2047 4079 esse

469 4114 548 4183 (6)
578 4115 835 4184 inﬁrmum
866 4116 968 4185 (7).
1016 4116 1157 4183 Hoc,
1199 4118 1406 4185 inquit,
1452 4118 1608 4171 taedio
1647 4117 1950 4177 laborabat.
1992 4129 2045 4173 et

468 4206 761 4261 audiebatis
789 4207 937 4261 illum
970 4208 1235 4261 infirmum
1268 4224 1387 4262 esse
1418 4224 1670 4274 corpore,
1705 4208 1755 4260 id
1780 4219 1859 4261 est
1880 4224 2045 4277 ψει-υ-

471 4304 602 4350 tare.
634 4296 712 4351 An
742 4299 842 4351 hoc
870 4299 1133 4368 signiticet
1164 4299 1501 4362 ttediabatur,
1536 4310 1592 4352 ut
1619 4300 1717 4352 sibi
1754 4313 1847 4352 sua
1885 4314 2041 4352 causa

470 4389 569 4451 sit,
602 4390 742 4457 quod
772 4391 823 4443 in
856 4392 1201 4460 :rgrotatione
1234 4392 1367 4445 fuit?
1405 4402 1458 4445 et
1496 4408 1559 4447 ex
1601 4392 1711 4461 ipsa
1752 4407 1905 4445 causa
1953 4402 2044 4445 tar-

2142 3194 2360 3248 derabat
2375 3208 2467 3247 vos
2485 3204 2532 3247 et
2552 3194 2989 3261 concupiscebat:
3021 3210 3158 3247 nunc
3174 3194 3236 3247 ad
3255 3195 3401 3261 ipsos
3421 3196 3721 3264 Philippen-

2144 3302 2249 3351 ses,
2269 3296 2323 3340 ut
2345 3286 2739 3354 vosgautleatis,
2769 3297 2819 3339 et
2845 3287 3019 3340 denuo
3043 3288 3403 3356 gratuletnini,
3431 3306 3551 3341 cum
3581 3291 3720 3345 illum

2146 3379 2401 3431 videritis.
2422 3379 2552 3444 Quid
2570 3388 2650 3433 est
2670 3380 2831 3431 denuo
2854 3380 3278 3448 gratulemini?ttt
3304 3396 3423 3432 cum
3444 3382 3497 3434 in
3516 3384 3719 3436 triSIitia

2148 3470 2378 3533 fueritis;
2403 3474 2477 3523 sic
2491 3475 2629 3523 enim
2652 3486 2808 3540 supra
2824 3470 3044 3532 dictum.
3064 3470 3339 3523 audieratis
3363 3472 3505 3523 illum
3529 3490 3629 3526 esse
3643 3474 3715 3544 (5)

2146 3563 2423 3629 inﬁrmant,
2450 3580 2587 3616 nunc
2610 3577 2791 3615 rursus
2816 3564 3108 3632 gaudeatis,
3127 3578 3244 3615 cum
3271 3578 3392 3615 eum
3411 3565 3617 3618 videtis.
3643 3570 3717 3620 Att

2146 3653 2341 3715 denuo,
2376 3657 2496 3720 quia
2532 3662 2647 3720 post
2686 3668 2901 3721 gravem
2943 3652 3301 3707 valetudinem
3341 3656 3623 3708 audierunt
3656 3657 3718 3709 il-

2145 3745 2250 3798 lum
2282 3760 2467 3797 sanum
2502 3743 2692 3797 factum
2717 3786 2731 3806 ,
2761 3754 2814 3797 et
2842 3744 3085 3811 gratulati
3115 3753 3235 3796 sunt
3256 3787 3269 3807 ,
3306 3761 3446 3799 nunc
3474 3756 3647 3799 autem
3677 3747 3717 3800 si

2146 3852 2264 3890 eum
2320 3837 2562 3898 videant,
2617 3835 2792 3889 denuo
2843 3835 3291 3903 gratulabuntur?
3342 3837 3495 3903 Quod
3551 3849 3716 3891 autem

2147 3930 2419 3994 adjuuxit,
2475 3939 2519 3979 et
2550 3944 2637 3995 ego
2668 3927 2775 3979 sine
2804 3926 3003 3978 tristitia
3029 3928 3149 3987 sim,
3193 3926 3313 3994 quia
3356 3929 3401 3979 si
3440 3943 3598 3995 supra
3641 3928 3716 3981 di-

2148 4022 2222 4076 xit
2250 4020 2547 4073 ministrum
2584 4016 2661 4087 (1)
2696 4019 2774 4071 sui
2816 4016 3065 4071 desiderii
3106 4031 3224 4070 esse
3265 4017 3713 4087 Epaphroditum,

2147 4113 2327 4180 utique
2369 4127 2487 4163 cum
2532 4110 2675 4162 illttm
2719 4110 2912 4173 tnittit,
2955 4108 3103 4175 quasi
3146 4108 3311 4162 videri
3352 4119 3529 4178 potest
3562 4112 3716 4163 tristis

2148 4202 2260 4273 (5):
2294 4201 2384 4255 sed
2419 4202 2664 4267 quoniam
2694 4211 2746 4253 et
2776 4202 2859 4251 ille
2889 4199 3225 4253 desiderabat
3251 4200 3373 4254 illos
3395 4242 3409 4263 ,
3453 4211 3508 4255 et
3545 4213 3714 4270 gratu-

2146 4296 2391 4349 labuntur
2420 4296 2463 4347 si
2497 4295 2639 4347 illum
2683 4293 2939 4357 viderint,
2987 4292 3180 4361 poterit
3218 4292 3415 4349 Paulus
3454 4310 3577 4351 esse
3611 4296 3717 4349 sine

2149 4388 2378 4442 tristitia.

472 4480 734 4546 diabatur,
763 4491 817 4535 et
846 4494 1122 4551 propterea
1152 4499 1291 4551 niger
1318 4483 1433 4545 fuit,
1456 4484 1575 4551 quia
1602 4484 1924 4538 desideravit
1950 4500 2041 4539 vos
2068 4468 2120 4527 D
2215 4480 2376 4534 Vens.
2401 4479 2489 4541 29,
2515 4481 2602 4534 ⁸50.
2641 4508 2706 4518 -
2724 4479 2956 4548 Excipite
2976 4496 3090 4549 ergo
3118 4481 3260 4532 illum
3292 4480 3342 4532 in
3366 4478 3588 4532 Domino
3613 4495 3716 4532 cum

470 4582 523 4626 et
551 4575 890 4641 Concupivit?
924 4574 1048 4628 Inde
1075 4590 1203 4643 ergo
1227 4576 1333 4643 jam
1367 4576 1520 4629 tnittu
1556 4576 1703 4629 illum
1734 4578 1899 4630 vobis.

544 4664 701 4718 Vsus.
726 4665 813 4717 27.
844 4696 915 4708 -—-
933 4665 1069 4719 Nam
1097 4677 1142 4720 et
1171 4668 1401 4734 inﬁrmus
1422 4668 1517 4736 fuit
1546 4684 1699 4737 usque
1719 4669 1784 4720 ad
1808 4680 2046 4724 mortem:

470 4755 557 4808 sed
588 4754 831 4810 Dominus
862 4760 1091 4810 misertus
1120 4768 1191 4811 est
1224 4762 1369 4828 ejus;
1402 4774 1490 4810 nec
1519 4758 1661 4811 illius
1689 4770 1915 4823 tantum,
1959 4762 2045 4813 sed

470 4847 623 4900 etiam
650 4848 788 4912 mei,
818 4858 869 4900 ut
894 4864 992 4901 non
1017 4849 1270 4901 tristitiam
1296 4849 1507 4901 habeam
1531 4847 1629 4917 (8).
1670 4847 1914 4903 Ostendit
1949 4866 2043 4905 cur

570 4988 618 5053 1)
654 4986 829 5055 Vulg.,
866 4986 953 5040 hic
979 4984 1143 5047 addit,
1171 4995 1217 5037 et
1242 4996 1632 5051 cooperatorem.

570 4988 618 5053 1)
654 4988 829 5055 Vttlg.,
866 4988 953 5040 ltic
979 4988 1143 5047 addit,
1171 4995 1217 5037 et
1242 5002 1329 5038 τοο

542 4988 623 5125 i2)
654 5058 825 5124 Vulg.,
856 5056 1163 5109 necessitatis
1195 5071 1336 5109 mete.

544 5128 620 5197 (5)
651 5126 816 5197 Codd.
844 5128 948 5193 qui.

544 5196 623 5263 (si
652 5196 819 5250 Codd.
853 5198 958 5265 qui.

543 5268 623 5337 (5)
658 5267 837 5337 Vulg,
884 5266 1135 5332 Quoniam
1165 5269 1366 5335 quidem
1394 5283 1563 5321 omnes
1591 5283 1678 5321 vos
1704 5266 2037 5320 desiderabat.

541 5336 621 5404 (6)
648 5336 814 5391 Codd.
844 5354 932 5405 per
957 5354 1051 5405 pro
1077 5354 1199 5393 esse.

544 5409 621 5477 (7)
655 5407 718 5462 Et
742 5419 944 5461 maestus
970 5418 1075 5463 erat
1098 5419 1302 5481 propter
1326 5408 1462 5479 quod
1489 5408 1766 5463 audieratis
1789 5408 1935 5461 illum
1964 5410 2041 5462 in-

508 5489 747 5532 rmatum.

468 5480 747 5547 ﬁrmatum.

544 5548 622 5618 (8)
656 5548 804 5617 Vulg.
838 5546 975 5601 Nam
1002 5557 1046 5602 et
1086 5550 1372 5616 inﬁrmatus
1395 5560 1467 5603 est
1493 5590 1504 5601 .
1538 5588 1552 5602 .
1583 5590 1595 5601 .
1629 5590 1639 5601 .
1673 5590 1685 5601 .
1718 5588 1730 5601 .
1755 5564 1853 5601 non
1878 5547 2039 5601 solum

479 5631 645 5689 autem
666 5621 801 5689 ejus,
828 5634 999 5671 verum
1022 5621 1172 5674 etiam
1193 5629 1238 5675 et
1264 5619 1359 5673 mei
1382 5636 1445 5673 ne
1468 5620 1725 5674 tristitiam
1747 5635 1895 5689 super
1918 5619 2039 5672 tris.

474 5685 638 5740 titiam
662 5685 907 5742 haberem,

2145 4572 2280 4625 omni
2310 4571 2683 4640 gratulatione;
2714 4581 2759 4623 et
2787 4587 2869 4623 eos
2896 4571 2982 4638 qui
3022 4570 3309 4642 hujusmodi
3347 4582 3467 4622 sunt
3490 4612 3503 4632 ,
3545 4571 3595 4623 in
3635 4572 3719 4622 lto-

2144 4661 2347 4715 noribus
2376 4663 2620 4715 habetote.
2655 4662 2899 4726 Quoniam
2930 4671 3134 4729 propter
3172 4677 3297 4728 apns
3339 4660 3529 4713 Christi
3571 4676 3717 4727 usque

2146 4754 2212 4806 ad
2260 4763 2466 4805 mortem
2519 4754 2755 4815 accessit,
2811 4768 3062 4818 exponens
3110 4752 3163 4802 in
3216 4753 3460 4803 incertum
3505 4752 3717 4803 animout

2144 4863 2319 4909 suam,
2354 4855 2405 4897 ut
2445 4846 2701 4912 suppleret
2738 4844 2789 4895 id
2831 4845 2965 4912 quod
3004 4842 3165 4910 defuit
3205 4842 3341 4894 vobis
3382 4843 3517 4894 circa
3557 4860 3715 4896 meum

2146 4940 2432 5005 obsequium
2464 4937 2564 5007 (6).
2596 4936 2999 4992 Commendatio
3039 4943 3121 4990 est.
3160 4935 3307 5001 hinc,
3353 4945 3407 4989 ttt
3449 4935 3716 5007 Epaphro-

2248 5052 2296 5106 1)
2326 5053 2398 5106 lla
2424 5051 2577 5106 eodd.

2218 5054 2265 5120 (1
2326 5053 2398 5106 lla
2424 5052 2577 5106 eodd.

2218 5052 2298 5195 (2)
2343 5123 2550 5195 Totum
2578 5135 2784 5195 versum
2823 5118 3003 5195 Vuig.,
3034 5117 3407 5195 sic-exhibet:
3451 5116 3713 5195 Festinata

2150 5188 2246 5247 tius
2280 5188 2400 5263 ergo
2440 5193 2552 5245 misi
2590 5192 2764 5255 illum,
2807 5201 2860 5244 ut
2899 5192 3002 5243 viso
3040 5204 3096 5242 eo
3125 5188 3304 5242 iterum
3343 5192 3637 5258 gaudeatis,
3667 5199 3711 5243 et

2149 5282 2239 5335 ego
2261 5307 2273 5324 .
2302 5276 2406 5317 etc.

2219 5336 2297 5400 (ὅ)
2326 5332 2491 5387 Codd.
2522 5347 2629 5400 per.

2253 5406 2300 5473 1)
2322 5404 2488 5473 Codd.
2514 5400 2864 5456 ministerium.

2244 5472 2295 5541 5)
2326 5472 2491 5526 Codd.
2524 5472 2733 5541 tristius.

2253 5406 2300 5473 1)
2322 5404 2488 5456 Codd.
2514 5404 2864 5456 ministerium.

2244 5476 2295 5541 5)
2326 5472 2491 5526 Codd.
2524 5472 2733 5523 tristius.

2220 5404 2298 5617 i6)
2328 5542 2479 5609 Vulg.
2504 5540 2782 5617 :_Excipite
2802 5541 2968 5617 itaque
2991 5541 3135 5594 illum
3160 5558 3273 5617 cum
3296 5541 3433 5594 omni
3460 5542 3642 5609 gaudio
3661 5542 3710 5592 in

2148 5610 2368 5669 Domino
2412 5622 2455 5664 et
2498 5611 2745 5681 ejusmodi
2789 5627 2903 5663 cum
2947 5614 3132 5681 honore
3161 5610 3435 5681 habetote:
3480 5625 3709 5679 quoniam

2149 5693 2351 5754 propter
2379 5677 2541 5743 opus}
2569 5713 2583 5734 .
2610 5714 2625 5733 .
2654 5716 2667 5735 .
2696 5717 2709 5736 .
2739 5679 2978 5736 .accmit
3002 5717 3018 5745 ,
3057 5677 3257 5733 tradens
3285 5677 3510 5733 animum
3537 5692 3703 5743 suam,
