3950 6206
196 272 340 341 εει-ι

1040 275 1102 329 IN
1141 273 1526 328 EPISTULA.“
1564 270 1762 325 PAULI
1803 268 1893 322 AI)
1934 266 2415 322 I‘IIILIl’I‘E-NSES
2443 266 2660 322 LIBER.

3327 268 3460 326 m8

191 389 372 442 ditum
404 389 719 457 suscipiant.
747 389 842 443 Dat
867 398 1040 444 autem
1059 389 1279 459 gratiam
1304 401 1620 456 causamque
1645 398 1787 436 cum-
1818 394 1868 451 Α
1897 381 1982 448 plo
2015 381 2123 433 Dei.
2175 380 2241 432 Et
2281 380 2365 433 hic
2391 382 2643 432 adversus
2673 394 2833 432 canes
2861 379 2985 432 dicit
3009 420 3021 442 ,
3056 393 3084 432 a
3117 379 3306 447 quibus
3333 382 3460 435 dicit

194 479 573 541 mendatioui;
619 481 668 533 itt
716 481 1188 548 Domino,inqnit,
1230 479 1489 547 excipite;
1537 476 1696 528 idest
1736 483 1793 525 ut

199 583 332 623 eum
359 611 372 633 ,
407 571 490 636 qui
528 570 767 622 minister
793 572 860 622 sit
892 569 1139 623 Domini:
1188 585 1279 622 vos
1319 569 1407 636 qui
1444 570 1552 636 jam
1597 568 1646 618 in
1694 566 1793 616 Do-

202 662 362 716 mino
393 661 554 722 estis,
587 671 760 714 amate
792 661 992 714 Domini
1025 662 1356 724 ministrum,
1391 673 1440 713 et
1471 669 1642 714 amate
1672 675 1789 712 eum

204 751 361 805 Omni
396 752 766 819 gratulatione.
797 752 967 819 Atque
994 752 1042 803 id
1073 752 1181 802 Vttll
1209 750 1524 820 generaliter
1547 749 1792 803 omnibus

209 843 492 905 exhiberi,
537 843 626 911 qui
673 843 805 895 tales
832 852 972 896 sunt.
1017 844 1148 906 Eos,
1192 842 1392 909 ittqnit,
1435 841 1662 908 excipite
1704 843 1790 906 qui

211 933 482 1002 ejusmodi
525 944 666 986 sunt.
710 934 841 997 Qttitl
882 945 961 987 est
999 945 1210 999 autem,
1253 935 1419 1002 ipsum
1458 932 1707 1001 excipite?
1745 934 1794 984 in

212 1024 499 1078 honoribus
528 1024 720 1076 habete.
757 1025 847 1078 Dat
879 1028 1035 1079 etiam
1067 1040 1254 1078 causas
1275 1066 1290 1088 ,
1323 1040 1417 1076 cur
1446 1025 1538 1076 ista
1575 1023 1793 1090 praberi

215 1115 529 1168 ItOtninilnts
555 1116 678 1167 vrltt
696 1156 709 1178 ,
742 1118 985 1184 quoniam
1015 1126 1231 1185 propter
1255 1131 1386 1183 opus
1411 1115 1602 1168 Clitiin
1631 1130 1793 1182 usque

217 1202 288 1256 ad
334 1214 558 1258 mortem
599 1208 843 1260 accessit.
906 1207 1013 1260 lloc
1055 1209 1233 1273 utique
1283 1206 1349 1260 de
1401 1205 1790 1273 Epaphrodito;

213 1293 344 1362 quia
378 1293 501 1345 dntn
528 1295 636 1347 vult
669 1295 845 1348 labore
875 1305 927 1347 et
951 1295 1110 1347 animi
1143 1305 1193 1346 et
1223 1295 1462 1360 Corporis
1487 1293 1791 1348 satisfacere

217 1384 513 1452 EVangelio
534 1424 548 1448 ,
584 1385 683 1439 hoc
712 1395 791 1438 est
822 1384 1038 1438 verbum
1082 1383 1284 1437 Domini
1318 1384 1632 1449 prardicare,
1663 1385 1794 1438 tnuI-

219 1484 334 1529 tum
369 1475 658 1540 laboravit,
685 1487 735 1530 et
764 1477 1107 1545 :rgrntatione
1146 1477 1290 1543 gravi
1333 1475 1397 1528 ad
1441 1487 1660 1529 mortem
1705 1491 1793 1528 ac-

216 1568 407 1620 cessit.
440 1568 609 1622 Simul
639 1579 688 1621 et
717 1569 838 1634 qttid
870 1568 1229 1634 Epaphrodito
1254 1568 1560 1636 contigerit,
1594 1578 1641 1620 et
1672 1567 1794 1636 quid

218 1671 321 1711 nos
351 1673 508 1725 agere
535 1656 824 1710 debeamus
851 1657 1102 1710 ostendit.
1140 1661 1202 1710 At
1247 1658 1321 1726 (ι)
1363 1667 1615 1725 quantmn
1655 1658 1797 1709 labo-

1894 474 2184 528 cavendnm
2230 489 2381 539 esse;
2416 474 2583 528 Judaei
2612 475 2846 540 scilicet,
2877 475 2964 542 qui
2997 474 3134 537 sint,
3164 475 3300 542 quod
3328 490 3456 542 0pc-

1893 566 2016 617 rarii
2045 567 2144 616 sint
2173 577 2224 617 et
2254 565 2374 617 mali
2397 581 2410 620 :
2437 566 2661 633 operarii
2691 565 2831 618 enim
2857 565 2908 617 itt
2936 565 3184 634 operibus
3211 572 3461 619 cxcrccnt

1896 656 2094 717 vitam,
2128 655 2292 708 Deum
2323 670 2426 707 non
2459 665 2871 724 Cognoscentes,
2894 664 2946 710 et
2991 657 3218 709 salutem
3259 657 3356 709 sibi
3389 672 3455 710 ex

1896 745 2145 812 operibus
2176 755 2420 812 sperant:
2449 745 2514 800 de
2545 746 2734 814 quibus
2762 762 2918 814 supra
2945 745 3050 812 jam
3079 745 3276 800 dictum
3318 746 3456 814 quod

1894 852 2050 901 Opera
2107 837 2236 889 nihil
2264 838 2494 890 valeant.
2525 836 2827 902 Intuemini,
2861 838 3061 907 inquit,
3090 839 3452 908 prmcisioncm.

1894 928 1961 982 Ut
1992 927 2126 995 apud
2162 929 2277 982 illus
2308 929 2549 997 prtecisio
2581 930 2681 993 sit,
2712 930 2848 996 quod
2881 929 3073 984 {tedam
3109 939 3306 998 partem
3335 946 3457 986 cor-

1896 1020 2038 1086 poris
2071 1018 2376 1085 prazcidunt.
2424 1017 2533 1071 Nos
2570 1031 2734 1072 autem
2774 1021 3086 1073 circumcisio
3136 1037 3332 1080 sumus.
3379 1021 3459 1074 itt-

1894 1109 2024 1177 quit.
2045 1109 2482 1163 Circumciitimns
2503 1111 2643 1162 enim
2676 1125 2884 1163 omnem
2914 1111 3164 1164 malitiam
3193 1127 3257 1164 ex
3286 1111 3458 1164 cotdi-

1895 1200 1993 1253 bus
2023 1201 2245 1254 nostris:
2277 1210 2330 1254 et
2362 1201 2410 1254 id
2442 1200 2689 1266 facimus,
2718 1206 2836 1270 quia
2865 1202 2939 1273 (I)
2969 1219 3059 1270 per
3084 1204 3319 1271 spiritum
3348 1204 3456 1258 Deo

1897 1291 2154 1343 servimus
2174 1331 2186 1354 ,
2222 1292 2294 1344 illi
2320 1303 2494 1346 autent
2527 1307 2620 1360 per
2649 1307 2859 1346 carnem
2888 1309 2901 1358 ;
2936 1308 3061 1362 ergo
3090 1293 3290 1362 praecisi
3315 1303 3456 1360 sunt,

1896 1397 1998 1435 non
2031 1383 2348 1436 circumcisi.
2373 1384 2702 1446 Exnltemus,
2735 1386 2934 1454 inquit;
2963 1387 3068 1440 imo
3100 1389 3291 1454 potius,
3321 1388 3461 1440 exul-

1895 1482 2074 1525 tamus.
2111 1471 2211 1526 Ubi
2239 1483 2412 1526 autem
2445 1473 2780 1527 exultamus?
2821 1474 2930 1527 Non
2963 1476 3013 1527 in
3042 1491 3232 1540 carne,
3263 1485 3319 1528 ut
3349 1477 3458 1544 illi,

1896 1562 2136 1616 Iiduciatn
2169 1563 2446 1626 habentes,
2475 1563 2567 1616 Sed
2597 1565 2648 1616 iu
2678 1563 2888 1617 Christo
2915 1564 3058 1618 Jesu.
3087 1565 3224 1634 Ergo
3249 1576 3463 1622 avocato

1895 1667 2104 1705 omnem
2123 1654 2395 1706 scientiam
2421 1662 2648 1707 restrain
2667 1655 2912 1723 :tjudaica
2933 1655 3233 1722 disciplina,
3253 1659 3318 1711 ab
3342 1672 3461 1726 ope-

219 1747 404 1801 ravit?
430 1745 494 1797 ad
527 1758 780 1810 nionem,
818 1747 1015 1814 inquit,
1042 1748 1298 1805 accessit;
1327 1758 1374 1799 et
1408 1760 1601 1813 ponens
1634 1746 1682 1797 in
1717 1745 1787 1798 in-
1824 1744 1867 1802 Β
1898 1741 2826 1807 ributhnIa-orum,acircumcisione
2849 1746 3161 1814 jndaica;et
3190 1749 3463 1802 circumci-

220 1849 432 1890 certum
466 1837 692 1888 animam
727 1853 896 1889 snatn.
927 1836 1039 1889 Non
1083 1839 1132 1888 itt
1176 1837 1432 1889 incertum
1474 1836 1613 1904 quod
1653 1834 1790 1888 circa

220 1941 322 1981 vos
353 1927 574 1995 agebat.
607 1927 698 1981 sed
731 1930 779 1980 in
827 1927 1081 1981 incertum
1122 1926 1258 1994 quod
1301 1941 1464 1994 usque
1507 1927 1792 1994 periculum

222 2019 487 2074 laboravit
517 2019 629 2088 (2):
663 2029 714 2071 ιιι
740 2019 844 2087 jam
875 2021 924 2071 in
955 2019 1154 2072 incerto
1179 2029 1354 2080 esset,
1383 2034 1448 2070 an
1476 2017 1673 2070 viveret
1704 2032 1794 2086 per

225 2111 486 2166 laborem.
521 2111 654 2177 Quid
681 2121 853 2164 autem
883 2112 987 2180 egit
1014 2112 1152 2163 circa
1184 2110 1314 2162 vos?
1350 2108 1413 2163 Ut
1442 2110 1707 2177 Suppleret
1747 2107 1794 2161 id

225 2205 373 2270 quod
405 2202 573 2257 deluit
602 2202 752 2256 vobis
781 2204 917 2256 circa
960 2217 1132 2256 meum
1175 2201 1520 2267 obsequium:
1563 2210 1619 2252 ut
1659 2200 1794 2268 quod

228 2307 334 2363 ego
361 2302 647 2360 occupatus
679 2292 748 2344 liti
773 2334 786 2356 ,
826 2293 912 2345 ille
951 2292 1242 2358 compleret
1285 2290 1419 2358 quod
1461 2305 1665 2342 mecum
1707 2290 1798 2342 de-

227 2381 330 2438 fuit
367 2383 701 2450 obsequium.
737 2382 942 2435 Etenim
976 2396 1160 2435 revera
1184 2380 1428 2450 quoniam
1470 2396 1570 2433 una
1613 2380 1801 2448 prtedi—

228 2473 375 2528 catio
405 2485 483 2528 εει
509 2515 521 2537 ,
551 2483 602 2525 ει
631 2489 732 2526 una
759 2473 999 2527 doetrina
1026 2481 1107 2526 est
1126 2513 1138 2536 ,
1167 2471 1316 2524 labor
1343 2481 1536 2524 tantum
1563 2470 1800 2524 diversus

230 2576 411 2637 potest
437 2580 553 2619 esse
578 2565 629 2618 in
655 2566 872 2632 singulis
898 2568 1150 2633 ap0stolis
1175 2574 1228 2618 et
1252 2565 1614 2634 evangelistis;
1643 2581 1801 2618 unum

234 2665 414 2710 tamen
444 2666 523 2709 est
547 2696 558 2718 ,
591 2657 729 2721 quod
758 2657 970 2708 docent.
1019 2656 1255 2722 Denique
1284 2664 1334 2706 et
1377 2654 1488 2721 ipse
1531 2653 1804 2719 Epaphro-

238 2746 382 2799 ditus
408 2746 676 2812 apostolus
702 2744 823 2812 quid
850 2744 1080 2813 implevit
1112 2743 1224 2811 (5)?
1258 2743 1364 2795 lloc
1385 2782 1397 2801 .
1430 2745 1622 2810 inquit,
1654 2742 1807 2796 obse-

236 2841 420 2910 quium
445 2880 458 2899 ,
488 2838 625 2907 quod
654 2839 805 2892 vobis
834 2837 998 2890 deluit
1023 2878 1036 2898 ,
1068 2837 1153 2889 ille
1182 2835 1481 2902 complevit.

310 2928 438 2983 CAP.
485 2945 560 2981 ιιι.
587 2959 656 2967 -
683 2927 845 2982 Vsus.
883 2933 905 2981 1
933 2969 946 2988 ,
979 2928 1042 2991 ‘2,
1072 2928 1122 2980 5.
1156 2955 1223 2965 ——-
1245 2930 1317 2978 De
1358 2937 1553 2988 cratera,
1594 2930 1772 2994 fratres
1793 2967 1807 2991 ,

240 3019 566 3090 gratulamini
607 3018 686 3088 (4)
728 3018 778 3070 in
826 3018 1074 3070 Domino:
1117 3018 1286 3069 eadem
1325 3018 1537 3068 scribere
1578 3019 1643 3067 att
1688 3033 1770 3069 vos
1795 3057 1808 3080 ,

1893 1834 2093 1886 sionem
2109 1834 2282 1886 citrdis
2306 1833 2550 1888 habetote
2567 1852 2580 1898 ;
2598 1843 2655 1888 ut
2679 1851 2768 1902 per
2785 1836 3022 1906 Spiritum
3050 1837 3154 1890 Deo
3171 1839 3463 1894 serviamus

1895 1933 1944 1976 et
1974 1926 2269 1977 exultamus
2303 1925 2352 1977 in
2382 1923 2610 1979 Christo.
2642 1925 2713 1978 Illi
2736 1935 2912 1980 autem
2939 1932 2986 1979 in
3009 1942 3167 1982 carne
3193 1929 3458 1992 exultent;

1894 2013 2016 2067 inde
2065 2014 2307 2068 tidnciam
2359 2014 2642 2078 habentes,
2693 2017 2811 2084 quia
2863 2016 2913 2069 in
2965 2032 3122 2070 carne
3166 2018 3463 2072 circumcisi

1896 2115 2036 2169 sunt,
2058 2120 2116 2160 se
2145 2121 2298 2174 posse
2327 2108 2619 2172 servari,et
2648 2116 2897 2161 aeternam
2931 2111 3090 2163 vitam
3122 2112 3331 2164 mereri.

1969 2196 2128 2251 Vens.
2160 2199 2211 2260 4,
2244 2196 2297 2260 5,
2317 2197 2370 2262 ϐ,
2395 2199 2446 2252 7.
2469 2228 2539 2237 -
2564 2199 2862 2268 Quanquam
2894 2217 2984 2269 ego
3015 2201 3221 2254 habeam
3242 2203 3389 2255 etiam
3412 2202 3466 2256 in

1899 2305 2045 2341 carne
2075 2289 2310 2355 fiduciam
2344 2290 2445 2360 (Ξ).
2469 2291 2644 2344 Multis
2664 2293 2836 2346 modis
2854 2294 3106 2362 probatur
3123 2293 3332 2349 Judteos
3351 2311 3466 2350 om-

1901 2395 2018 2434 nem
2043 2381 2283 2433 liduciam
2307 2382 2356 2433 in
2380 2395 2539 2434 carne
2561 2381 2755 2435 habere
2773 2392 2824 2434 et
2855 2383 2905 2435 in
2935 2385 3336 2438 circumcisione
3359 2404 3370 2438 :
3390 2385 3464 2438 si-

1901 2470 2112 2539 quidem
2137 2472 2295 2523 rtiam
2313 2472 2388 2525 sic
2411 2471 2740 2538 interpretati
2764 2484 2886 2526 sunt
2928 2473 3117 2538 Judaei,
3152 2490 3272 2528 cum
3319 2475 3461 2530 salus

1904 2561 2206 2628 proveniret
2233 2561 2546 2614 circumciso
2577 2561 2754 2632 Moyse
2783 2563 2861 2634 (3)
2911 2580 2924 2616 :
2959 2563 3097 2618 unde
3128 2566 3344 2634 intelligi
3395 2565 3464 2620 li-

1903 2658 1986 2701 cet
2015 2648 2227 2702 Jndmos
2257 2650 2413 2703 etiam
2445 2649 2510 2703 de
2538 2664 2728 2714 carne,
2763 2661 2817 2705 et
2848 2653 3012 2721 magis
3043 2652 3093 2706 in
3123 2668 3304 2717 carne,
3338 2654 3468 2708 [idu-

1905 2740 2039 2793 ciam
2071 2756 2272 2809 gerere.
2307 2741 2409 2795 Sed
2443 2741 2542 2795 hoc
2572 2741 2763 2795 Paulus
2792 2743 2975 2806 docet,
3009 2745 3052 2797 si
3085 2745 3134 2797 in
3165 2760 3355 2810 carne,
3392 2747 3472 2800 in-

1907 2830 2134 2898 quit,est
2165 2831 2374 2895 fiducia,
2398 2831 2448 2884 id
2481 2842 2560 2885 cst
2591 2832 2641 2884 in
2674 2832 3108 2901 circumcisione;
3145 2837 3312 2904 magis
3344 2837 3472 2891 tnihi

1908 2931 2022 2974 est:
2056 2935 2153 2990 ego
2181 2922 2320 2974 enim
2355 2923 2404 2974 in
2435 2936 2622 2985 carne,
2652 2924 2852 2992 inquit,
2879 2924 3122 2979 [idm-iam
3147 2925 3333 2980 habeo.
3366 2927 3472 2982 De-

1911 3016 2067 3081 nique
2099 3013 2165 3066 ita
2197 3015 2530 3082 supponitur,
2565 3017 2608 3067 si
2641 3017 2757 3084 quis
2785 3017 2920 3070 alter
2951 3024 3096 3084 putat
3133 3033 3188 3071 se
3223 3019 3275 3072 in
3312 3034 3473 3075 carne

241 3109 368 3162 mihi
396 3109 592 3177 qtlldem
623 3123 721 3160 non
754 3108 976 3176 pigrum,
1010 3107 1141 3160 vobis
1168 3117 1330 3160 autem
1359 3108 1671 3174 manifestum
1705 3104 1800 3173 (5).
1832 3099 1874 3158 C
1908 3105 2201 3170 conlidere,
2231 3107 2396 3174 magis
2424 3121 2540 3174 ego.
2573 3107 2639 3160 Et
2669 3106 2822 3162 docet
2843 3149 2856 3170 ,
2883 3125 3044 3177 quare
3069 3110 3119 3162 in
3150 3125 3313 3165 Carne
3343 3111 3473 3165 fidu-

246 3199 518 3261 Gaudete,
551 3202 743 3267 inquit,
795 3201 844 3251 in
889 3200 1142 3263 Domino,
1187 3216 1217 3251 0
1258 3199 1470 3261 fratres,
1509 3199 1644 3264 quod
1683 3198 1808 3251 tnilti

246 3307 351 3346 non
399 3292 603 3360 pigrum
645 3298 726 3343 est
757 3289 940 3342 eadem
982 3289 1045 3340 ad
1090 3303 1182 3340 vos
1227 3304 1328 3340 non
1373 3288 1630 3346 scribere.
1665 3289 1812 3340 vobis

246 3395 422 3436 amem
456 3381 733 3449 plurimum
767 3380 999 3447 prodeSI.
1032 3379 1263 3432 Fit'uttun
1307 3392 1461 3446 atquc
1501 3390 1664 3430 tntum
1695 3387 1769 3430 est
1798 3418 1809 3441 ,

249 3471 387 3542 quod
419 3472 592 3524 scribo
647 3470 860 3523 Cra-cus
890 3469 953 3521 sit
999 3470 1203 3537 posuit,
1249 3477 1303 3520 ut
1372 3469 1576 3519 lirtntun
1618 3467 1815 3520 diceret

262 3574 314 3618 et
343 3573 512 3615 tutum
538 3579 551 3618 :
582 3561 772 3614 latinus
796 3603 808 3625 ,
840 3561 1175 3613 n'ianilt-stum
1205 3560 1294 3612 ait.
1327 3558 1503 3612 (favete
1530 3560 1604 3628 (6)
1627 3575 1655 3609 a
1681 3558 1817 3610 cani-

253 3651 370 3716 bus,
419 3653 657 3706 attendite
695 3652 952 3719 operarios
1024 3650 1214 3714 malos,
1261 3651 1518 3702 intuemini
1561 3649 1817 3718 pnuciaio-

253 3761 384 3797 nem.
436 3741 567 3794 Nam
615 3743 926 3794 circumcisio
974 3758 1063 3793 nos
1107 3756 1310 3805 sumus,
1354 3741 1438 3808 qui
1477 3756 1564 3809 per
1589 3740 1818 3807 spiritum

254 3835 362 3890 Deo
404 3837 673 3898 servimus,
724 3845 769 3887 et
839 3836 1116 3888 exultamus
1163 3834 1214 3885 in
1273 3833 1468 3885 Christo
1518 3833 1672 3896 Jesu,
1722 3848 1819 3883 non

252 3927 304 3979 in
351 3941 501 3979 carne
555 3925 763 3992 ﬁdentes
795 3923 901 3993 (7).
936 3923 1055 3977 Ilaec
1084 3923 1372 3975 admonitio
1404 3936 1504 3974 non
1558 3920 1679 3990 quid
1739 3919 1812 3973 l'a-

253 4017 530 4077 cicndnm,
562 4017 652 4070 sed
687 4016 810 4085 quid
863 4014 1133 4068 vitandum
1168 4017 1263 4077 sit,
1295 4014 1470 4067 docet.
1526 4013 1701 4065 Monet
1729 4027 1820 4064 au-

259 4115 361 4161 tem
396 4119 446 4160 ut
482 4122 508 4158 a
538 4106 733 4160 Judmis
763 4122 820 4160 se
849 4114 1172 4171 temperent:
1215 4113 1396 4157 cavete
1437 4102 1540 4171 (8),
1587 4103 1753 4170 inquit
1792 4116 1819 4152 a

260 4191 502 4244 canibus.
532 4189 605 4242 De
634 4189 856 4241 canibus
885 4198 965 4240 est
999 4187 1378 4252 tractatusw):
1425 4200 1540 4236 nam
1584 4194 1636 4237 et
1680 4184 1824 4250 ponit

263 4281 524 4347 scriptura
558 4277 731 4332 divina
761 4294 880 4331 esse
904 4291 1093 4339 canes,
1124 4278 1209 4342 qui
1254 4276 1448 4343 prosint
1493 4283 1544 4328 et
1581 4274 1824 4330 defenso—

264 4386 346 4425 res
377 4372 483 4421 sint
515 4368 794 4431 Ecclesiae,
823 4367 958 4419 sicut
989 4365 1144 4418 David
1172 4366 1326 4418 docet
1357 4367 1406 4418 in
1434 4366 1637 4434 psalmo
1661 4381 1824 4420 LXVIII

1908 3196 2038 3250 ciam
2070 3199 2112 3250 si
2143 3198 2331 3265 aliquis
2363 3198 2586 3262 habeat,
2619 3199 2782 3264 magis
2815 3201 2925 3268 ipse
2958 3199 3165 3253 habeat.
3199 3201 3265 3254 Et
3291 3203 3366 3255 sic
3397 3201 3470 3273 (4)

1910 3287 2140 3340 Ostendit
2166 3302 2443 3356 perSOnam
2472 3303 2620 3340 suam
2651 3297 2812 3341 totam
2839 3289 2984 3342 omni
3010 3290 3165 3343 modo
3186 3290 3472 3358 judaicam,

1911 3379 2331 3442 circumci~ione,
2363 3395 2578 3448 genere,
2616 3381 2781 3444 tribu,
2814 3393 2969 3449 gente
3001 3381 3106 3451 (ὅ),
3142 3382 3274 3451 lege,
3308 3384 3477 3437 admi-

1914 3469 2225 3523 nistratione
2253 3469 2302 3522 in
2335 3471 2470 3537 lege.
2497 3470 2672 3523 studio
2699 3471 2857 3524 etiam
2893 3473 3030 3525 vine.
3064 3471 3127 3524 Et
3154 3481 3329 3527 tamen
3359 3489 3475 3529 om-

1915 3560 1998 3613 nia
2023 3559 2132 3612 Ihcc
2148 3562 2283 3614 circa
2307 3561 2568 3628 judaicam
2595 3563 2936 3631 compleverit
2955 3563 3317 3632 disciplinam;
3344 3567 3461 3630 ista,

1918 3650 2350 3718 inquatn,cuucta
2368 3649 2562 3703 damno
2579 3651 2675 3704 sibi
2702 3666 2819 3704 esse
2842 3651 3035 3705 dixerit
3085 3665 3296 3722 propter
3321 3652 3475 3708 Chri-

1919 3749 2087 3804 stum,
2131 3751 2183 3794 et
2235 3751 2447 3810 propter
2513 3742 2857 3795 eminentiam
2921 3743 3096 3796 Carnis
3154 3743 3286 3812 ejus.
3354 3745 3478 3799 Hmc

1918 3829 2076 3900 igitur
2111 3832 2281 3885 omnia
2341 3834 2390 3886 in
2421 3833 2779 3901 propositione
2827 3833 2904 3887 sic
2941 3834 3319 3903 probabuntur.
3367 3833 3477 3888 Cir-

1921 3922 2164 3974 cumcisus
2225 3938 2333 3974 sum
2391 3933 2564 3975 octava
2624 3924 2741 3986 die;
2804 3922 2918 3976 lucc
2980 3925 3313 3978 circumcisio
3375 3935 3474 3980 est.

1921 4011 2124 4066 Genere
2144 4054 2158 4077 ,
2184 4013 2381 4080 inquit,
2409 4031 2470 4067 ea:
2497 4031 2672 4084 genere
2700 4013 2880 4067 Israel.
2923 4015 3051 4070 Item
3090 4015 3257 4080 tribu,
3294 4016 3480 4089 Benja-

1924 4104 2044 4155 min.
2077 4105 2202 4157 Item
2228 4116 2414 4172 gente,
2445 4105 2669 4159 hebrteus
2695 4104 2773 4176 (6)
2811 4122 2872 4158 ex
2905 4107 3130 4159 hebrwis.
3166 4106 3294 4162 Item
3333 4109 3481 4177 lege,

1923 4193 2191 4245 secundum
2234 4193 2389 4261 legem
2431 4193 2724 4259 pharisaeus.
2774 4195 2900 4249 Item
2947 4196 3152 4260 studio,
3203 4199 3481 4251 secundum

1926 4284 2291 4336 cumulationem
2325 4299 2618 4352 persequens
2641 4283 2936 4337 Ecclesium.
2964 4285 3092 4340 Item
3133 4287 3234 4339 vita
3253 4327 3268 4353 ,
3308 4305 3482 4342 secun-

1928 4375 2046 4424 dum
2065 4373 2322 4441 justitiam
2341 4415 2355 4436 ,
2384 4389 2493 4442 quat
2518 4384 2587 4427 est
2613 4375 2662 4426 in
2693 4375 2797 4444 lege
2815 4416 2828 4439 ,
2857 4392 2968 4428 cum
2993 4392 3146 4430 essent
3180 4377 3287 4430 sine
3323 4389 3489 4445 repre-

268 4462 552 4532 (IO),qnos
575 4459 700 4514 dicit
728 4458 908 4514 satiari
933 4475 961 4511 e
987 4458 1236 4526 sanguine
1256 4457 1586 4510 inimicorum
1616 4457 1667 4510 itt
1697 4467 1818 4510 tcm-
1850 4455 1900 4514 D
1928 4462 2161 4515 hensione
2188 4461 2284 4534 (7).
2317 4462 2407 4517 His
2431 4479 2556 4532 ergo
2590 4465 2834 4518 omnibus
2867 4481 2925 4520 se
2961 4465 3197 4535 probavit
3232 4468 3395 4536 magis
3431 4467 3491 4520 li-

269 4627 320 4672 ut
344 4617 588 4697 _impleret
617 4615 668 4668 id
705 4614 839 4684 quod
886 4629 946 4666 ex
976 4611 1108 4666 vobis
1140 4612 1303 4664 deerat
1343 4627 1460 4678 ergo
1485 4626 1646 4663 meum
1692 4612 1828 4664 obse-

274 4701 462 4755 quium.

342 4756 418 4824 (I)
450 4753 616 4824 Codd.
646 4765 748 4805 aut.

347 4822 424 4890 ('2)
450 4822 615 4876 Codd.
645 4824 900 4877 IubOralis.

345 4895 425 4960 (ὅ)
447 4893 611 4946 Codd.
637 4893 845 4960 denique
864 4893 928 4946 ad
949 4897 1115 4963 ipsum
1139 4891 1514 4961 Epaphroditus
1538 4891 1668 4959 quod
1713 4906 1836 4957 apo-

279 4965 434 5018 stolas
461 4964 698 5032 implevit.

347 5033 430 5101 ιι)
463 5033 611 5101 νυιε.
647 5032 718 5082 De
740 5043 938 5092 cartero,
970 5034 1150 5097 fratres
1176 5033 1302 5096 mei,
1331 5032 1559 5100 gaudete.

348 5099 424 5167 (5)
457 5103 528 5155 Ila
554 5099 752 5163 Codd;
783 5119 882 5153 non
902 5144 913 5160 ,
944 5104 1304 5162 necessarium,
1333 5099 1384 5153 ut
1417 5105 1571 5153 habet
1597 5099 1832 5167 Vulgata.

372 5172 427 5232 6)
450 5171 668 5224 Οιιάιεεδ
689 5173 794 5222 duo
818 5182 976 5229 caule,
1009 5176 1213 5234 tertius,
1245 5170 1528 5234 recentior,
1552 5181 1728 5222 cavete.

372 5173 427 5232 6)
450 5173 668 5224 Ουᾱιεεδ
689 5173 794 5222 duo
818 5182 976 5229 caule,
1009 5176 1213 5234 tertius,
1245 5173 1528 5234 recentior,
1552 5181 1728 5222 cavete.

349 5173 425 5314 i7)
465 5241 608 5314 Vulg.
665 5239 829 5293 Videte
869 5257 1040 5314 canes,
1082 5243 1237 5294 videte
1272 5242 1429 5314 malos
1454 5241 1834 5314 operarios,vi-

285 5309 392 5366 dele
414 5309 775 5364 concisionem:
801 5326 889 5362 nos
936 5311 1062 5362 enini
1087 5327 1254 5362 smnus
1279 5309 1594 5362 circumcisio
1619 5311 1700 5374 qui
1731 5311 1835 5378 spi-

287 5383 379 5434 ritu
403 5385 637 5434 servimus
663 5378 792 5445 Deo,
821 5391 865 5432 et
905 5379 1180 5446 glom’amur
1215 5380 1268 5431 in
1290 5380 1486 5433 Christo
1512 5378 1635 5432 Jesu
1667 5389 1710 5432 et
1737 5394 1834 5431 non

293 5453 342 5503 in
369 5467 517 5502 carne
548 5452 784 5512 ﬁduciam
812 5451 1063 5501 habentes.

382 5518 433 5589 8)
460 5519 684 5574 Codices
703 5531 845 5572 caute
864 5527 918 5573 et
937 5527 1099 5571 cavete
1119 5525 1175 5570 ut
1195 5533 1370 5588 supra.

382 5519 433 5589 8)
460 5519 684 5574 Codices
703 5536 722 5572 ί

382 5591 436 5658 9)
478 5590 546 5641 Ita
569 5589 722 5643 codd.

357 5519 477 5730 iw)
505 5658 716 5715 Scilicet

387 5656 477 5731 ιο)
505 5658 716 5715 Scilicet
747 5675 925 5725 uno,
958 5656 1244 5714 secundum
1276 5657 1555 5725 Hebraeos;
1580 5666 1632 5715 at
1662 5672 1840 5725 vau,

1933 4553 2138 4607 dnciam
2182 4553 2378 4610 habere
2424 4555 2474 4608 in
2518 4569 2678 4610 carne
2719 4563 2773 4609 et
2810 4557 2861 4609 in
2907 4557 3340 4622 circumcisione;
3373 4573 3492 4628 qua:

1934 4646 2108 4699 omnia
2135 4645 2358 4714 jndaicze
2396 4645 2687 4714 disciplinte
2727 4645 3000 4710 habuerit,
3033 4657 3085 4700 ct
3124 4649 3174 4700 in
3206 4648 3490 4713 sanguine,

1937 4747 1988 4791 ει
2019 4740 2066 4788 ιιι
2098 4748 2280 4806 gente,
2311 4747 2364 4792 et
2395 4739 2445 4792 in
2475 4738 2673 4801 animo,
2706 4748 2754 4792 el
2791 4739 2840 4791 in
2872 4739 3000 4791 vita.
3033 4739 3180 4804 Quod
3213 4750 3386 4794 autem
3415 4740 3494 4794 di-

1936 4831 2012 4880 xit
2038 4829 2308 4881 secundum
2352 4829 2722 4883 wntttlatiouem
2772 4845 3069 4898 persequens
3090 4828 3370 4883 Ecclesium
3389 4847 3407 4896 ,°
3439 4841 3496 4886 ut

1938 4933 2179 4986 magnum
2220 4919 2450 4973 studium
2493 4934 2586 4987 pro
2624 4934 2889 4989 synagoga
2939 4920 3166 4986 habens,
3220 4922 3497 4977 ecclesiam

1937 5030 2224 5084 secundum
2283 5031 2495 5086 Gnaeos
2535 5039 2588 5084 et
2635 5031 2847 5084 latinam
2895 5031 3186 5100 Vulgatam.
3249 5033 3499 5103 Sequitur

1938 5116 2084 5240 eripit;
2114 5116 2260 5221 prop;
2285 5103 2708 5182 suo_,Yictorinus
2731 5103 3085 5172 antiquiorem
3111 5105 3497 5158 recensionetn.

2123 5187 2236 5240 Ant
2265 5210 2276 5220 .
2305 5188 2409 5240 qui.

2137 5191 2253 5222 ,ιιιιιι
2265 5210 2276 5220 .
2305 5191 2409 5222 σω.

2012 5238 2089 5306 (2)
2122 5238 2269 5308 Vulg.
2307 5238 2605 5310 Quanquam
2645 5258 2732 5312 ego
2757 5242 2964 5295 habeant
3006 5243 3504 5311 conﬁdentiametin

1944 5324 2094 5360 carne
2109 5347 2119 5358 .

2042 5446 2098 5514 4)
2129 5451 2292 5502 t.odd.
2321 5451 2382 5502 si.

2041 5515 2095 5588 ξ)
2127 5517 2291 5588 ςοαα.
2326 5519 2585 5574 tribuente.

2045 5586 2097 5652 ϐ’)
2121 5586 2288 5642 Codd.
2319 5591 2522 5643 hebrwi.

2047 5657 2102 5726 7)
2136 5657 2306 5727 Vulg.,
2340 5658 2446 5713 sine
2474 5661 2692 5728 querela.
