3950 6206
189 228 342 303 issi

1024 249 1067 305 Ν
1107 249 1482 307 EPISTULAM
1520 246 1720 304 PAULI
1788 240 1879 299 ΑΙ)
1914 245 2388 308 PHILIPPENSES
2422 250 2640 307 LIBER.

3305 246 3437 302 £9.22

190 362 361 416 nulla
393 360 653 418 dubitatio
680 368 760 417 est
785 365 907 433 quin
936 364 1121 419 obvius
1162 365 1250 418 [lat
1277 365 1326 417 iu
1360 366 1773 420 resurrectione.
1806 357 1856 416 Α
1882 357 1999 412 dam
2028 359 2106 432 (i)
2138 362 2331 415 habere
2356 365 2513 417 etiam
2543 377 2679 417 nunc
2706 364 2757 416 in
2789 361 3051 417 sententia
3082 375 3140 415 se
3168 362 3427 426 ostendit;

197 453 353 520 Quid
382 467 466 507 est
491 464 665 508 autem
691 454 899 508 obvium
924 455 1036 510 fleri
1061 456 1111 508 in
1136 457 1522 509 resurrectione
1549 464 1784 510 mortuo-

202 544 376 596 rum?
426 543 665 598 Perfecta
717 552 873 612 atque
926 544 1075 613 plena
1122 544 1227 598 vita
1278 545 1688 614 uniuscujusque
1730 553 1785 598 et

207 647 413 688 exueta
434 650 496 689 ex
527 635 778 699 societate
806 636 1106 703 passionum
1129 636 1321 690 Christi
1344 638 1587 691 omnibus
1614 638 1783 692 modis

210 739 285 778 en
319 734 563 792 tempore
584 738 703 778 cum
730 726 1043 779 resurrectio
1072 727 1127 778 lit
1154 738 1184 778 a
1211 726 1452 791 mortuis,
1481 726 1532 779 id
1554 736 1635 779 est
1664 740 1782 779 cum

214 815 616 867 resnscitantur
656 815 864 868 mortui.
907 813 1020 880 llic,
1053 822 1108 866 ut
1136 813 1328 868 Paulus
1359 815 1425 869 de
1475 831 1532 868 se
1562 815 1782 884 loquens

216 903 380 968 dicit,
434 903 544 966 itle,
576 902 807 971 inquam,
858 904 943 973 qui
990 903 1138 971 plena
1186 903 1436 959 societate
1480 905 1783 973 passionum

217 993 349 1060 ejus
376 992 485 1060 egit
538 993 715 1054 vitam,
761 992 946 1046 obvius
989 990 1196 1046 Christo
1231 992 1287 1046 iit
1318 1010 1329 1044 :
1359 1008 1462 1047 non
1502 996 1786 1049 resuscita-

222 1094 337 1149 tur,
370 1083 464 1138 sed
496 1084 680 1139 obvius
716 1082 926 1138 Christo
968 1082 1043 1137 Iit.
1101 1082 1206 1139 Alii
1248 1088 1631 1142 resuscitantur
1669 1095 1785 1142 tan-

222 1174 538 1239 tummodo;
576 1184 629 1227 at
676 1188 802 1227 vero
847 1173 1087 1243 perfeCIi,
1136 1183 1189 1228 et
1229 1175 1370 1229 onmi
1409 1191 1602 1244 genere
1643 1176 1785 1245 passi

222 1262 675 1331 quemadmodum
721 1262 930 1318 Christo
966 1264 1108 1318 obvii
1150 1276 1325 1330 erunt,
1369 1276 1421 1320 et
1459 1266 1600 1321 obvii
1639 1269 1788 1321 ibunt

225 1352 468 1405 venienti
496 1351 733 1416 Christo;
764 1353 897 1407 sicut
918 1364 967 1405 et
994 1355 1109 1421 ipse
1133 1354 1255 1407 alibi
1296 1354 1444 1409 dixit.
1476 1355 1661 1411 Merito
1692 1358 1787 1422 igi-

225 1448 318 1493 tur
342 1442 387 1494 si
405 1456 500 1510 quo
528 1441 673 1496 modo
698 1441 791 1506 ait,
819 1442 958 1512 quod
988 1443 1159 1497 adhuc
1181 1444 1231 1497 in
1257 1444 1357 1496 vita
1385 1449 1472 1499 sit.
1501 1446 1568 1500 Et
1596 1447 1786 1501 merito

224 1530 494 1599 adjunxit,
524 1546 625 1585 non
649 1542 911 1602 propterea
940 1534 1073 1603 quod
1090 1534 1203 1603 jam
1227 1537 1518 1605 acceperim,
1555 1547 1641 1590 aut
1670 1541 1786 1609 jam

224 1633 606 1676 consummatus
634 1624 729 1677 sim
756 1641 768 1676 :
800 1632 959 1677 sector
989 1634 1150 1677 autem
1184 1635 1235 1677 ut
1265 1627 1532 1690 aliquando
1559 1641 1786 1695 compre-

1885 462 2064 513 unum,
2098 452 2281 521 inquit.
2314 454 2445 518 Quid
2480 453 2600 505 illud
2649 453 2761 506 est?
2808 461 2864 505 ut
2902 454 3075 505 omnia
3106 467 3219 520 qua:
3250 462 3434 520 priete-

1884 540 1980 590 rita
2014 551 2131 592 sunt
2166 544 2215 593 iu
2246 543 2565 596 oblivionem
2614 543 2913 605 mittantur,
2956 552 3205 609 sequatur
3234 550 3432 595 tauttuu

1885 642 1999 696 qua:
2031 628 2208 684 futura
2234 641 2356 684 sunt
2385 634 2437 685 in
2466 633 2667 700 primo;
2699 631 2747 685 id
2772 642 2848 685 est
2877 632 2927 684 in
2950 630 3033 684 his
3052 647 3168 700 quae
3192 642 3313 685 ante
3340 646 3436 685 nos

1887 720 2050 785 prima
2079 729 2221 783 sunt,
2250 731 2302 774 et
2326 723 2589 790 sequenda
2619 720 2906 775 secundum
2934 722 3165 790 regulam
3204 720 3435 789 discipli-

1886 819 2107 876 namque
2138 820 2541 878 praecepturum,
2574 825 2601 862 a
2632 811 2844 864 Christo
2894 820 2952 863 ut
2988 810 3054 863 ad
3094 811 3315 863 bravium
3342 825 3431 863 su-

1886 915 2054 966 perna:
2083 903 2372 964 vocationis,
2401 905 2454 955 in
2479 896 2678 956 Christo
2710 911 2880 956 tamen
2910 900 3058 966 Jesu,
3092 903 3269 956 venire
3310 916 3432 971 pos-

1886 990 2071 1046 simus.
2106 990 2219 1046 Duo
2263 994 2419 1063 igitur
2449 1005 2707 1063 praecepta
2749 1005 2871 1049 sunt
2899 995 2963 1048 ad
2992 994 3245 1065 reliquam
3275 994 3435 1048 vitam

1885 1079 2179 1136 christiano
2221 1084 2405 1137 ordine
2449 1085 2664 1151 viventi,
2713 1093 2768 1139 et
2811 1085 2898 1153 qui
2941 1100 3003 1139 ex
3050 1085 3223 1154 regula
3265 1084 3436 1138 adhuc

1886 1174 2048 1237 vivat,
2092 1183 2146 1227 ut
2191 1190 2250 1226 ea
2298 1175 2473 1228 omnia
2517 1190 2634 1243 quae
2680 1174 2806 1242 egit,
2853 1174 2986 1228 bene
3025 1175 3143 1227 licet
3190 1185 3435 1243 recteque

1885 1275 2025 1332 agat,
2053 1280 2157 1318 non
2198 1266 2298 1319 sibi
2340 1275 2513 1319 tamen
2549 1266 2598 1320 iu
2642 1267 2892 1320 memoria
2939 1274 3132 1329 teneat,
3173 1276 3436 1337 tamquam

1886 1355 2007 1408 inde
2052 1368 2319 1411 mereatur
2362 1372 2477 1424 quae
2520 1357 2773 1426 consequi
2815 1356 3000 1421 habet;
3038 1357 3131 1410 sed
3175 1358 3343 1410 mittat
3381 1358 3435 1411 in

1886 1446 2242 1511 oblivionem,
2298 1460 2506 1514 semper
2549 1446 2741 1499 deinde
2786 1447 2933 1515 quasi
2983 1462 3114 1499 nova
3166 1460 3434 1515 sequatur,

1887 1554 2002 1606 quae
2024 1548 2244 1603 restant,
2269 1538 2557 1592 secundum
2581 1540 2814 1607 regulam
2847 1552 3019 1592 tamen
3052 1541 3250 1605 vivens,
3280 1554 3340 1593 ac
3380 1554 3437 1593 se

1886 1629 1939 1682 iu
1966 1645 2027 1684 ea
2053 1644 2265 1697 semper
2287 1631 2598 1693 extendens,
2622 1642 2778 1697 atque
2802 1645 2967 1699 usque
2995 1629 3057 1683 ad
3081 1630 3275 1683 exitum
3303 1644 3437 1682 mor-

227 1710 445 1777 lsendar,
487 1713 539 1766 in
578 1730 672 1782 quo
708 1723 753 1766 et
798 1716 1179 1782 comprehensus
1220 1733 1250 1767 a
1299 1714 1496 1769 Christo
1537 1733 1649 1769 sum
1681 1716 1779 1787 (i).
1812 1710 1860 1769 Β
1888 1718 1952 1770 tis
1988 1718 2288 1772 custodiens
2318 1720 2553 1788 regulam
2591 1718 2882 1783 christiani,
2917 1729 2970 1772 ut
3009 1722 3174 1788 possit
3210 1719 3273 1771 ad
3315 1719 3436 1773 bra-

230 1800 397 1855 Vides
418 1802 555 1870 quod
584 1802 752 1858 adhuc
780 1805 831 1858 in
861 1805 966 1858 vita
993 1819 1050 1858 se
1072 1817 1187 1858 esse
1216 1804 1374 1869 dicat,
1402 1816 1454 1858 et
1485 1804 1681 1859 idcirco
1701 1818 1789 1857 su-

227 1904 325 1958 pra
364 1890 702 1945 dubitaverit.
743 1893 983 1948 Sectatur
1011 1891 1089 1965 (2)
1130 1894 1269 1947 enim
1312 1893 1482 1947 adhuc
1530 1909 1621 1962 per
1662 1908 1783 1963 pas-

226 1980 411 2035 siuues
439 1994 623 2036 omnes
644 1980 930 2049 Christum,
959 1993 1015 2037 ut
1043 1982 1454 2052 comprehendat
1493 1982 1783 2051 Christum,

230 2070 283 2124 id
306 2080 390 2125 est
421 2080 476 2125 ut
506 2075 776 2140 perveniat
797 2073 861 2129 ad
892 2074 1158 2130 Christum
1188 2076 1431 2129 ottmihus
1456 2076 1785 2143 passionibus

229 2159 351 2229 ejus
376 2161 636 2232 particeps
668 2162 852 2217 iactus.
877 2164 1119 2220 Christus
1145 2167 1283 2219 enim
1308 2165 1551 2219 omnibus
1583 2165 1786 2235 passio-

230 2252 389 2306 nibus
430 2255 537 2307 suis
585 2255 823 2309 liberavit
864 2272 1049 2310 oumes
1084 2266 1400 2324 sequentes;
1442 2265 1495 2310 et
1534 2256 1789 2324 quodam-

232 2344 395 2397 modo
423 2346 819 2413 comprehendit
847 2348 1142 2411 universos,
1175 2347 1266 2400 sed
1296 2346 1383 2416 qui
1414 2356 1782 2417 sequerentur.

235 2431 286 2487 Is
311 2434 399 2502 qui
425 2436 574 2504 sequi
604 2446 656 2490 et
676 2438 1123 2506 comprehendere
1150 2439 1416 2492 Christum
1439 2439 1565 2503 vult,
1599 2440 1648 2492 in
1672 2453 1786 2492 om-

235 2525 392 2580 nibus
422 2528 749 2594 passionibus
778 2532 925 2599 sequi
955 2530 1221 2584 Christum
1250 2529 1427 2595 debet,
1463 2539 1519 2585 ut
1546 2545 1786 2599 compre-

236 2616 433 2673 hendat
465 2619 730 2675 Christum
774 2620 826 2675 in
864 2636 928 2677 eo
973 2624 1022 2675 in
1068 2637 1171 2690 quo
1209 2630 1263 2677 et
1300 2622 1713 2690 comprehensus
1754 2638 1785 2677 a

233 2710 447 2765 Christo
476 2720 573 2765 est.
602 2710 730 2766 Nam
761 2713 803 2766 si
834 2712 1161 2781 passionibus
1192 2714 1300 2767 suis
1320 2712 1562 2767 Christus
1592 2713 1786 2768 libera-

235 2803 313 2855 vit
341 2817 545 2868 omnes,
573 2803 970 2873 comprehendit
996 2817 1178 2859 omnes
1202 2805 1532 2873 passionibus
1557 2807 1697 2868 suis;
1730 2804 1783 2858 in

238 2892 323 2946 his
364 2892 519 2962 igitur
547 2908 747 2949 sumus.
777 2895 831 2949 Id
852 2904 933 2949 est
967 2896 1227 2965 particeps
1253 2896 1461 2950 Christo
1495 2897 1660 2951 iactus
1691 2912 1786 2967 per

238 2983 355 3051 ejus
383 2983 672 3050 passiones,
703 2984 754 3037 in
783 2998 847 3038 eo
874 2985 1273 3053 comprehendit
1294 2983 1584 3049 Christum,
1611 2988 1661 3039 in
1684 3001 1788 3055 quo

238 3074 650 3143 comprehensus
676 3091 703 3127 a
731 3075 941 3131 Christo
970 3085 1070 3132 est.

310 3164 473 3220 Vsus.
501 3164 586 3231 15,
604 3165 992 3235 M.-—-Fratres,
1010 3185 1098 3240 ego
1121 3186 1196 3223 me
1222 3187 1320 3223 non
1340 3172 1557 3225 arbitror
1570 3188 1794 3244 compre-

242 3253 485 3309 hendisse.
508 3255 689 3310 Adhuc
710 3268 1009 3323 perseverat
1032 3259 1080 3311 in
1097 3274 1160 3313 eo
1180 3258 1319 3329 quod
1338 3260 1447 3314 dixi
1463 3261 1601 3331 quod
1623 3262 1795 3317 adhuc

245 3344 389 3408 vivit,
413 3356 464 3399 et
490 3344 686 3400 idcirco
716 3361 816 3402 non
842 3346 950 3415 jam
974 3350 1237 3417 acceperit
1267 3365 1361 3403 uec
1393 3360 1792 3406 consummatus

243 3434 331 3499 sit,
365 3449 460 3489 nec
484 3436 590 3501 jam
620 3437 1092 3504 comprehenderit.
1127 3439 1236 3493 iloc
1274 3441 1412 3494 enim
1445 3441 1596 3506 dixit,
1629 3450 1794 3494 sector

244 3536 404 3578 autem
443 3536 496 3577 ut
534 3525 701 3596 aliqua
738 3528 884 3581 modo
922 3530 1354 3598 comprehendam.
1388 3531 1523 3600 Ergo
1565 3530 1796 3583 arbitror

246 3615 472 3668 nondum
524 3632 607 3670 me
650 3619 1115 3686 comprehendisse
1160 3629 1216 3673 ut
1261 3621 1452 3675 exinde
1501 3622 1795 3688 intelligant

247 3706 609 3776 Philippenses
630 3724 784 3778 quam
808 3709 960 3778 longe
982 3727 1008 3761 a
1031 3710 1297 3765 beneﬂciis
1320 3711 1643 3765 liberatiOuis
1664 3711 1791 3777 siut,

247 3811 363 3849 cum
405 3796 517 3863 ipse
547 3798 632 3851 ille
660 3799 847 3851 Paulus
884 3798 934 3852 iu
969 3808 1046 3853 tot
1073 3802 1401 3869 passionibus
1427 3800 1623 3855 Christi
1650 3815 1794 3869 smpe

247 3896 503 3952 versatus,
534 3901 720 3952 ear-sus,
761 3889 1013 3953 inclusus,
1058 3890 1178 3944 feris
1217 3892 1474 3957 objectus,
1506 3903 1559 3946 et
1586 3892 1795 3946 caeteris

247 3979 395 4032 malis
414 3990 682 4043 oneratus,
708 3982 936 4034 nondum
969 3991 1141 4036 tamen
1168 3997 1225 4037 se
1244 3982 1527 4038 arbitretur
1547 3992 1791 4050 compre-

249 4069 489 4122 hendisse
516 4068 810 4135 Christum;
838 4074 1032 4141 quippe
1061 4087 1180 4127 cum
1222 4074 1393 4127 adhuc
1432 4075 1573 4129 vivat
1611 4085 1663 4129 et
1704 4087 1793 4127 su-

250 4159 427 4227 persit.
468 4158 646 4227 Magna
690 4160 777 4213 illa
825 4163 1152 4231 participatio
1200 4164 1457 4231 passionis
1499 4180 1592 4231 per
1635 4180 1791 4233 quam

248 4247 672 4316 verejungimur,
702 4251 743 4302 si
782 4247 1047 4305 Christum
1079 4253 1233 4305 etiam
1267 4252 1316 4305 iu
1347 4254 1589 4320 passione
1619 4255 1793 4309 imitec

251 4348 382 4391 mur.
415 4335 583 4391 Unum
607 4340 771 4391 adhuc
808 4349 969 4394 tamen
997 4356 1107 4409 qua
1134 4351 1247 4395 sunt
1285 4352 1415 4395 retro
1456 4345 1793 4397 transmittens

1890 1811 2027 1863 vium
2073 1812 2273 1865 venire.
2314 1811 2444 1865 Nam
2489 1812 2792 1865 meminisse
2831 1810 3234 1879 praeteritorum,
3277 1812 3435 1865 etiam

1887 1911 2030 1956 recte
2071 1902 2324 1957 laetorum
2368 1903 2615 1972 prinmm,
2661 1902 2849 1957 merito
2890 1917 2987 1957 suo
3025 1903 3355 1957 attribueutis
3385 1912 3439 1958 et

1887 1992 2203 2047 viudicautis
2225 2004 2333 2056 est;
2357 2008 2478 2047 cum
2504 1993 2619 2047 hmo
2643 2008 2742 2047 nec
2763 2002 2941 2047 nostra
2966 1994 3086 2056 sint,
3115 2003 3166 2046 et
3189 2008 3290 2046 non
3313 2007 3439 2061 opo-

1888 2082 2039 2135 ribus
2079 2082 2273 2135 nostris
2309 2084 2529 2149 gratiam
2570 2095 2975 2149 consequamur.
3021 2081 3220 2135 Deinde
3260 2082 3438 2136 nescio

1888 2171 2153 2241 quomodo
2182 2171 2231 2223 in
2255 2185 2315 2224 ea
2344 2186 2458 2239 quae
2485 2170 2537 2224 in
2561 2171 2729 2239 primo
2751 2180 2894 2231 situt,
2928 2171 2978 2224 id
2999 2180 3080 2224 est
3104 2185 3220 2238 qurc
3248 2185 3439 2227 conse-

1888 2274 2136 2333 quuntur,
2174 2263 2500 2333 negligentes
2526 2279 2728 2329 sumus,
2758 2263 2944 2317 liducia
2976 2264 3094 2332 quia
3125 2265 3284 2317 multa
3313 2262 3439 2318 faci-

1888 2356 2184 2411 mus.Uude
2203 2358 2449 2424 praecepit
2475 2357 2761 2423 apostolus,
2789 2366 2930 2410 retro
2958 2370 3072 2424 qua:
3092 2364 3234 2420 sunt,
3266 2364 3437 2409 trans-

1889 2448 2141 2501 mittenda
2183 2463 2301 2501 esse
2348 2448 2519 2501 omnia
2564 2449 2616 2500 in
2660 2448 3002 2501 oblivionem.
3046 2446 3226 2501 Potest
3272 2448 3441 2517 accipi

1888 2540 2047 2593 etiam
2078 2539 2166 2592 illa
2211 2553 2327 2607 quae
2366 2537 2617 2601 diximus,
2658 2537 2750 2591 sed
2781 2538 2987 2591 diversa
3018 2538 3122 2590 vita
3166 2552 3266 2607 qua
3308 2538 3440 2591 visi-

1889 2638 2006 2682 mus
2038 2646 2050 2681 :
2079 2636 2133 2681 ut
2157 2628 2271 2697 ipse
2297 2628 2511 2692 Paulus,
2536 2627 2673 2696 quod
2691 2627 2897 2696 judaeus
2924 2626 3035 2691 luit,
3053 2625 3190 2696 quod
3215 2628 3438 2682 insecta—

1891 2727 1973 2771 tur
2004 2718 2149 2787 legis,
2178 2726 2232 2773 et
2259 2728 2448 2773 caetera
2482 2736 2493 2771 :
2529 2729 2584 2772 ut
2608 2719 2721 2773 hrec
2746 2718 2940 2773 dixerit
2968 2726 3111 2773 retro
3136 2734 3272 2785 esse,
3304 2729 3357 2773 et
3387 2719 3437 2775 in

1890 2810 2207 2863 oblivionem
2237 2810 2521 2874 mittenda;
2553 2823 2613 2863 ac
2640 2810 2683 2863 si
2714 2818 2951 2863 nostrum
2978 2809 3335 2877 unusquisque
3360 2811 3441 2863 vi-

1891 2908 1995 2953 tam
2030 2900 2349 2967 prmteritam
2378 2901 2430 2953 in
2454 2900 2772 2953 oblivionem
2798 2897 2986 2951 debeat
3014 2897 3440 2953 mittereNerum

1895 2992 2079 3043 fortior
2123 2990 2212 3043 ille
2241 3002 2451 3053 sensus,
2476 2989 2635 3044 etiam
2674 2987 2811 3042 bene
2851 2995 3069 3056 gestam,
3104 2996 3159 3041 et
3188 2996 3330 3040 recte
3359 3000 3446 3040 se-

1894 3082 2121 3137 cundum
2145 3079 2375 3151 regulam
2400 3092 2569 3135 actam
2601 3080 2761 3134 vitam
2786 3080 3126 3147 praeteritam,
3154 3078 3203 3130 iu
3226 3077 3447 3131 oblivio-

1896 3183 2015 3222 nem
2048 3168 2253 3222 mittere
2279 3167 2586 3228 debeamus,
2618 3174 2672 3220 et
2711 3165 2761 3217 in
2797 3178 2857 3218 ea
2896 3178 3012 3232 quae
3042 3163 3092 3216 in
3128 3163 3297 3231 primo
3324 3171 3449 3216 sunt

1896 3273 1992 3313 nos
2020 3258 2306 3312 extendere
2328 3258 2615 3311 secundum
2642 3255 2899 3325 regulam,
2927 3263 2983 3307 ut
3011 3254 3155 3322 sequi
3180 3250 3445 3306 Christum

1898 3349 2158 3416 possimus
2182 3349 2247 3398 ad
2286 3347 2507 3399 bravium
2542 3359 2792 3414 superate,
2825 3343 3016 3412 inquit,
3046 3343 3335 3395 vocationis.
3368 3341 3446 3394 Ex

1894 3454 1959 3493 eo
1982 3440 2120 3492 enim
2142 3440 2248 3505 jam
2287 3436 2574 3490 Christiani
2605 3449 2809 3499 sumus,
2843 3434 3011 3488 vocati
3041 3447 3071 3486 a
3112 3433 3217 3485 Deo
3242 3447 3443 3485 sumus.

1898 3528 2019 3581 Ilaec
2048 3541 2271 3593 superna
2293 3526 2497 3580 vacatio
2518 3534 2600 3579 est
2624 3539 2638 3578 :
2665 3539 2821 3577 nemo
2850 3522 2988 3576 enim
3017 3521 3081 3575 ad
3116 3522 3278 3574 Deum
3304 3519 3387 3574 vel
3416 3533 3447 3572 ει

1901 3618 2004 3672 Deo
2030 3628 2244 3670 vocatur
2270 3615 2371 3669 nisi
2401 3616 2451 3669 in
2492 3614 2615 3667 Jesu
2646 3611 2877 3667 Christo.
2923 3610 3039 3678 Ipse
3074 3610 3213 3663 cuitu
3253 3603 3334 3663 est
3365 3608 3448 3676 ja-

1898 3722 2021 3770 uua,
2050 3707 2160 3774 ipse
2191 3705 2518 3774 prepitiator,
2549 3701 2857 3755 conciliator
2879 3701 2990 3769 ipse
3020 3717 3033 3751 :
3062 3707 3115 3752 et
3143 3697 3244 3751 hoc
3270 3696 3448 3750 multis

1898 3800 2137 3867 partibus
2161 3796 2435 3849 docuimus
2462 3812 2473 3845 :
2506 3803 2558 3848 et
2589 3794 2667 3847 sic
2704 3794 2809 3844 vita
2840 3790 2993 3844 nobis
3039 3798 3120 3843 est
3151 3799 3305 3855 atque
3327 3801 3447 3842 esse

1898 3889 2081 3953 debet;
2108 3896 2162 3941 ut
2183 3885 2315 3941 duce
2330 3884 2543 3938 Christo
2568 3890 2857 3950 pneeunte,
2883 3880 2932 3933 id
2950 3888 3031 3933 est
3052 3878 3150 3932 tide
3173 3878 3248 3947 (ἓ)
3271 3887 3449 3931 nostra

1899 3981 1949 4032 in
1982 3978 2214 4041 Christo,
2246 3974 2310 4029 ad
2339 3974 2576 4029 bravium
2608 3973 2787 4026 venire
2814 3972 3095 4041 possimus.

1949 4070 2107 4124 Vens.
2136 4069 2223 4128 15.
2250 4064 2724 4132 16.-Ωιεὶαιηιᾳιιε
2746 4064 2910 4130 itaque
2927 4059 3131 4129 perfecti
3141 4074 3335 4123 sumus,
3360 4057 3454 4110 hoc

1896 4162 2165 4216 sentiamus
2194 4176 2211 4211 :
2236 4167 2281 4211 et
2312 4158 2353 4211 si
2380 4155 2501 4225 quid
2537 4154 2683 4207 aliter
2721 4152 2915 4217 sapitis,
2957 4160 3004 4204 et
3031 4151 3123 4202 hoc
3155 4147 3289 4201 Deus
3317 4147 3452 4201 vobis

1895 4253 2127 4306 reuelauit
2167 4250 2261 4322 (5).
2304 4248 2438 4302 Hinc
2477 4245 2693 4313 intelligi
2723 4244 2862 4304 licet,
2898 4256 3021 4295 vere
3054 4254 3149 4294 nos
3174 4234 3252 4310 (4)
3291 4253 3455 4307 θιροο

1896 4346 2068 4397 suisse
2089 4342 2155 4395 de
2177 4341 2257 4393 his
2281 4354 2399 4408 qua:
2427 4351 2581 4407 supra
2600 4335 2847 4395 diximus,
2873 4342 2929 4386 ut
2951 4340 3093 4386 retro
3122 4328 3453 4383 transmitta-

248 4429 301 4481 in
324 4429 636 4493 oblivionem,
666 4432 717 4483 in
745 4446 804 4483 ea
829 4446 941 4485 vero
965 4448 1073 4501 quae
1098 4434 1149 4485 in
1179 4434 1339 4502 primo
1373 4445 1486 4487 sunt
1524 4436 1795 4489 extendens
1822 4417 1875 4476 D
1903 4450 2021 4489 mins
2044 4434 2093 4486 in
2116 4431 2431 4485 oblivionem
2454 4441 2515 4481 ea
2544 4442 2661 4495 quae
2687 4432 2809 4479 sunt
2829 4431 2975 4491 gestu
3002 4438 3029 4475 a
3063 4419 3212 4473 uobis
3237 4419 3287 4473 in
3311 4428 3454 4473 feel!

252 4534 327 4574 me
348 4521 618 4574 secundum
637 4524 883 4592 regulam,
899 4532 1058 4576 sector
1077 4525 1142 4576 ad
1162 4524 1381 4577 bravium
1404 4541 1633 4591 superna:
1653 4542 1799 4578 voca-

254 4611 396 4663 ttonis
433 4612 487 4663 in
516 4610 710 4665 Christo
746 4610 868 4665 Jesu
909 4613 1010 4680 (5).
1044 4612 1321 4680 Quoniam,
1353 4623 1411 4669 ut
1452 4615 1699 4678 diximus,
1730 4616 1800 4669 ita

254 4710 405 4765 supra
428 4696 631 4751 locutus
647 4697 806 4766 siquo
823 4698 980 4752 modo
1000 4698 1182 4753 obvius
1201 4700 1319 4753 [iam
1344 4703 1395 4753 in
1415 4701 1801 4756 resurrectione

256 4797 598 4851 mortuorum,
626 4797 679 4842 et
705 4789 981 4844 docuimus
1005 4805 1099 4844 cur
1123 4790 1190 4844 sit
1218 4792 1385 4860 posita
1418 4794 1515 4847 ista
1542 4792 1799 4848 dubitatio

257 4878 388 4947 quod
417 4879 588 4933 adhuc
616 4880 775 4947 vivat,
808 4890 858 4935 et
885 4880 1048 4935 multa
1089 4892 1301 4951 possent
1333 4885 1595 4949 accidere,
1633 4886 1801 4939 maxi-

260 4982 437 5039 meque
478 4972 585 5038 ipsa
628 4970 716 5025 illa
760 4985 930 5037 mors;
962 4972 1157 5026 idcirco
1178 4972 1414 5041 adjunxit
1444 4988 1546 5027 non
1577 4990 1636 5029 se
1664 4974 1804 5029 arbi-

260 5056 380 5111 trari
428 5059 891 5127 comprehendisse
936 5060 1109 5115 adhuc
1158 5060 1445 5116 Christum.
1499 5060 1605 5118 Sed
1650 5063 1805 5133 quid-

349 5188 398 5259 i)
425 5188 588 5244 Codd.
618 5202 886 5247 sectantur.

266 5329 276 5341 ι
324 5259 401 5330 (2)
426 5259 601 5341 vulg.,
626 5261 818 5341 Sequor
845 5274 1010 5317 autem
1035 5265 1079 5318 si
1100 5282 1199 5341 quo
1220 5264 1801 5341 modo_comprehendam

260 5333 307 5381 in
329 5344 424 5390 quo
448 5339 494 5382 et
523 5338 904 5390 comprehensus
930 5350 1041 5387 sum
1066 5351 1097 5386 a
1126 5333 1325 5389 Christo
1353 5333 1496 5390 Jesu.

346 5400 399 5464 3)
423 5398 573 5474 Vulg.
598 5416 610 5451 :
631 5398 799 5455 Unum
823 5410 1007 5468 autem,
1034 5420 1147 5474 qua:
1164 5406 1361 5473 quidem
1385 5415 1516 5460 retro
1540 5416 1653 5460 sunt
1679 5404 1804 5460 obli-

259 5469 458 5543 viscens,
491 5469 559 5521 ad
584 5485 640 5523 ea
666 5480 778 5524 vero
804 5484 915 5541 qua:
937 5469 1055 5528 sunt
1073 5469 1242 5543 priora
1260 5477 1523 5529 extendens
1539 5478 1805 5543 meipsam,

258 5538 322 5615 ad
340 5537 636 5593 destinatum
655 5537 923 5610 persequor
940 5543 1008 5596 ad
1032 5537 1107 5598 bi.
1125 5560 1239 5615 sup.
1291 5556 1396 5600 voc.
1422 5544 1515 5600 Dei
1534 5546 1586 5599 in
1609 5537 1809 5601 Christo

258 5605 391 5660 Iesu.

1904 4526 2105 4591 regula.
2132 4523 2398 4591 Siquidem
2422 4518 2593 4590 jungit
2621 4536 2633 4570 :
2665 4516 2980 4585 quicumque
3007 4514 3180 4580 itaque
3204 4508 3450 4579 perfecti,

1904 4628 2049 4671 retro
2075 4617 2284 4669 mittant
2314 4613 2363 4666 in
2404 4610 2720 4665 oblivionem
2759 4605 2932 4660 omnia
2969 4618 3086 4672 qua:
3128 4610 3274 4669 gesta
3313 4607 3456 4653 sunt.

1906 4708 2019 4762 Non
2059 4707 2196 4759 enim
2228 4703 2426 4757 meritis
2466 4698 2681 4763 nostris,
2713 4696 2805 4751 sed
2837 4695 2924 4749 Dei
2962 4693 3149 4763 gratia,
3181 4689 3461 4757 consequi-

1906 4810 2025 4851 mur
2052 4796 2307 4849 hravium.
2329 4792 2414 4847 Sic
2442 4791 2598 4859 igitur
2624 4788 2861 4841 hortatur
2890 4801 2902 4836 :
2936 4784 3029 4835 hoc
3056 4780 3345 4850 sentiamus,
3376 4778 3459 4832 itt-

1905 4888 2037 4954 quit.
2062 4886 2161 4950 Qui
2192 4883 2261 4937 illi
2292 4881 2391 4935 hoc
2418 4878 2684 4935 sentiant?
2713 4876 3021 4941 Quicumque
3041 4871 3246 4943 perfecti
3264 4886 3458 4922 sumus.

1905 4976 2043 5043 Quid
2074 4987 2246 5031 autem
2270 4970 2596 5026 sentiamus?
2629 4970 2694 5024 Ut
2714 4981 2830 5035 quze
2858 4973 2979 5018 sunt
3006 4971 3166 5026 retro,
3191 4960 3462 5014 transmit-

1909 5080 2081 5121 tamus
2111 5067 2161 5119 in
2190 5058 2525 5125 oblivionem,
2552 5067 2604 5113 et
2635 5068 2866 5126 praesens
2892 5054 3032 5108 enim
3055 5060 3281 5118 tempus,
3308 5048 3355 5102 id
3382 5055 3467 5103 est

1909 5159 2048 5229 quod
2096 5170 2233 5211 nunc
2271 5152 2523 5223 gerimus.
2565 5148 2618 5203 in
2654 5146 2969 5201 oblivionem
3002 5138 3465 5197 transmittendum

1911 5257 2012 5304 est.
2047 5248 2234 5314 Utique
2254 5245 2297 5297 si
2322 5254 2575 5313 praesens,
2605 5248 2657 5294 et
2684 5236 3005 5307 przeteritum
3025 5231 3247 5297 scilicet,
3275 5237 3330 5285 et
3349 5243 3466 5298 qua:

1984 5400 2063 5469 (1)
2092 5398 2258 5453 Codd.
2290 5396 2510 5464 quidam.

2010 5472 2065 5545 ξ)
2091 5469 2262 5545 ξορα.
2290 5469 2432 5545 ﬁdes;
2458 5532 2501 5545 ..

2008 5534 2063 5607 ὅ)
2091 5539 2265 5607 Yulg.,
2290 5534 2539 5591 reuelabit.

2009 5606 2063 5666 4)
2090 5606 2255 5666 Codd.
2292 5622 2396 5660 vos.
