3950 6206
512 274 649 330 1225

502 478 779 534 tendamus
824 480 1179 549 nosmetipsos
1230 479 1521 535 secundum
1554 482 1812 551 regulam.
1847 480 1975 545 Hoc,
2014 480 2096 533 in-

504 570 635 641 quit,
668 571 959 626 sentiamus
984 586 1193 634 omnes,
1222 581 1277 625 et
1302 587 1489 626 omnes
1514 572 1758 642 perfecti.
1784 572 1936 639 Quod
1966 586 2093 625 vero

505 660 764 732 adiungit,
794 672 839 716 et
861 663 903 716 si
927 663 1048 733 quid
1072 665 1220 717 aliter
1240 665 1441 734 sapitis,
1470 674 1515 717 et
1547 665 1641 718 hoc
1667 665 1804 719 vobis
1838 662 1975 718 Deus
2004 680 2090 717 re-

504 756 704 821 uelauit,
755 755 799 810 si
846 756 1031 826 plenus
1079 766 1161 812 est
1200 772 1412 823 sensus,
1451 766 1505 812 et
1546 774 1605 813 se
1656 768 1843 814 tenens
1884 774 1989 813 non
2022 759 2088 813 ad

502 847 800 916 posteriora
828 849 1167 917 coniunctus,
1199 850 1277 904 sic
1306 849 1680 920 intelligendus
1708 861 1789 905 est
1813 868 1825 901 :
1858 860 1913 904 et
1936 851 1979 905 si
2007 861 2090 906 est

502 939 697 1007 aliquid
728 939 795 995 de
826 939 926 995 hoc
957 941 1094 1008 ipso,
1122 941 1260 1011 quod
1290 955 1389 996 nos
1414 942 1669 1008 diximus,
1697 942 1835 1011 quod
1865 958 1960 997 vos
1991 942 2090 997 ali-

502 1039 583 1086 ter
612 1032 905 1101 accipiatis,
932 1041 986 1087 et
1014 1034 1344 1103 intelligetis,
1373 1036 1595 1105 sapiatis
1620 1035 1855 1090 concedo
1886 1036 2039 1092 vobis
2070 1054 2085 1091 :

500 1125 750 1193 quoniam
778 1124 918 1179 enim
952 1124 1017 1181 de
1047 1126 1299 1195 perlectis
1339 1126 1602 1197 loquitur,
1638 1128 1713 1183 sic
1755 1128 1896 1182 enim
1929 1129 2083 1193 dixit,

499 1217 823 1286 quicumque
853 1219 1032 1289 itaque
1064 1217 1283 1289 perfecti
1310 1235 1515 1275 sumus.
1547 1220 1687 1291 Ergo
1714 1224 1803 1289 qui
1838 1221 2083 1290 perfecti,

497 1316 701 1371 etiamsi
734 1315 889 1370 aliter
929 1316 1119 1385 sapitis
1151 1334 1163 1370 :
1195 1332 1314 1387 quae
1352 1318 1619 1372 conclusit
1664 1320 1729 1371 ad
1776 1317 2083 1372 concessio-

499 1422 642 1473 nem,
673 1417 725 1463 et
763 1407 865 1463 hoc
903 1409 1040 1463 Deus
1088 1410 1237 1465 vobis
1262 1412 1542 1478 revelavit,
1581 1411 1777 1465 bonum
1820 1421 1920 1477 est,
1954 1427 2085 1481 quo-

498 1501 640 1556 niam
680 1502 780 1556 hoc
821 1512 872 1557 et
921 1503 1039 1569 hoc,
1073 1506 1213 1574 quod
1256 1519 1355 1559 vos
1401 1506 1605 1573 sapitis,
1648 1515 1702 1559 et
1732 1506 1782 1560 id
1813 1506 1953 1576 quod
1984 1520 2083 1576 ego

497 1593 626 1647 dixi.
659 1595 716 1649 Si
746 1602 919 1648 autem
950 1611 1053 1649 non
1086 1604 1167 1648 est
1205 1594 1366 1660 istud,
1400 1597 1760 1652 concedentes
1782 1638 1795 1661 ,
1833 1597 2082 1665 pendebit

497 1699 706 1751 sensus,
741 1696 795 1739 ut
821 1687 891 1739 ita
922 1687 1122 1741 dictum
1151 1686 1242 1752 sit,
1270 1688 1312 1740 si
1346 1686 1470 1755 quid
1503 1688 1656 1742 aliter
1682 1689 1891 1756 sapitis,
1918 1697 1971 1743 et
2003 1696 2081 1741 ta-

1754 274 1945 330 MAllll
1989 270 2333 332 VICTORINI
2374 277 2535 335 AFRI

504 384 556 439 in
586 386 687 438 vita
717 384 1002 440 habuimus
1030 399 1043 439 :
1069 392 1124 441 et
1164 384 1229 441 ad
1258 400 1318 440 ea
1362 401 1481 457 qua:
1510 387 1560 441 in
1603 388 1777 456 primo
1818 397 1960 448 sunt,
1994 403 2088 439 cx-
2117 384 2165 442 Α
2197 384 2530 456 Praeceptum
2580 388 2802 445 dederat
2846 391 2972 463 quid
3025 393 3290 463 agendum
3350 394 3610 465 perfectis
3669 399 3787 453 viris

3661 289 3788 345 1294

2198 488 2341 533 esset
2358 522 2371 544 ,
2400 490 2455 535 et
2483 493 2665 550 postea
2685 484 2953 553 adjecerat
2977 503 3041 540 ne
3064 488 3217 543 aliter
3242 500 3532 559 saperent,
3561 500 3614 544 ct
3639 493 3787 561 quasi

2196 584 2576 637 concesserat;
2608 576 2933 631 concludens
2967 587 3142 634 tatnen
3198 590 3254 634 ιιι
3294 596 3353 637 se
3384 584 3565 651 potius
3591 599 3783 653 seque-

2195 672 2403 729 rentur,
2453 676 2611 735 atque
2658 667 2729 720 ita
2784 668 3119 725 ambularent
3148 672 3599 741 quemadmodum
3650 674 3781 743 ipse.

2194 754 2343 811 Nunc
2372 758 2527 826 plena
2559 759 2864 816 hortatione
2894 776 3015 816 cum
3044 762 3249 821 diceret
3279 808 3291 831 ,
3349 766 3648 822 imitatores
3683 767 3783 822 mei

2193 860 2397 914 estote,
2423 850 2616 920 adjecit
2645 855 2984 923 exemplum,
3016 872 3120 926 quo
3147 856 3353 913 facilius
3385 858 3740 928 persuaderet
3766 878 3779 925 ;

2193 942 2313 998 ideo
2362 945 2539 1001 facere
2590 960 2878 1017 aporterc;
2937 951 3140 1006 scilicet
3164 950 3305 1021 quod
3356 953 3447 1006 alii
3499 952 3778 1007 facerent:

2192 1036 2635 1108 Contemplamini,
2668 1042 2873 1111 inquit,
2903 1059 2987 1097 eos
3014 1044 3100 1114 qui
3130 1044 3201 1096 ita
3222 1043 3497 1110 incedunt,
3530 1046 3781 1114 quemad-

2190 1134 2393 1188 modum
2425 1137 2704 1207 exemplum
2736 1135 2925 1190 habetis
2953 1153 3065 1191 nos.
3097 1137 3209 1192 Duo
3234 1138 3528 1199 conciasit,
3569 1140 3655 1207 qui
3710 1139 3779 1195 ita

2189 1228 2443 1283 incedunt
2496 1229 2947 1298 quemadmodum
3000 1246 3126 1292 nos.
3176 1240 3227 1285 et
3282 1230 3332 1284 in
3388 1246 3451 1286 eo
3490 1231 3611 1301 ipso
3637 1242 3696 1286 ut
3731 1243 3781 1287 et

2187 1318 2300 1387 ipse
2322 1318 2405 1371 his
2438 1329 2576 1372 esset
2616 1320 2917 1388 exemplum
2950 1320 3186 1376 breviter
3237 1322 3547 1387 collocavit,
3591 1332 3647 1377 et
3689 1325 3779 1394 qui

2186 1411 2305 1465 aliis
2369 1421 2551 1476 esset,
2627 1424 2680 1466 et
2755 1414 2846 1483 qui
2915 1412 2998 1467 his
3065 1428 3185 1467 esse
3248 1413 3491 1469 deberet.
3559 1416 3779 1471 Scilicet

2185 1503 2627 1574 quemadmodum
2688 1505 2760 1558 illi
2820 1520 2903 1559 me
2960 1505 3266 1572 imitantur,
3320 1507 3480 1561 etiam
3520 1523 3616 1561 vos
3676 1511 3772 1561 ha-

2183 1597 2355 1651 beatis
2420 1606 2473 1652 et
2549 1598 2874 1666 exemplum.
2951 1598 3107 1653 Multi
3178 1599 3310 1652 enim
3380 1600 3653 1665 incedunt,
3715 1600 3774 1654 de

2182 1690 2361 1758 quibus
2404 1692 2541 1745 vobis
2595 1707 2730 1761 ηερε
2782 1692 2890 1745 dixi
2942 1691 3044 1760 (l).
3098 1691 3225 1746 Plus
3274 1690 3501 1761 adjecit,
3534 1704 3591 1746 ut
3618 1692 3772 1761 pauci

496 1791 618 1831 tuen
667 1776 766 1832 hoc
803 1778 951 1832 vobis
995 1779 1131 1833 Deus
1180 1778 1441 1834 revelavit
1471 1797 1484 1833 :
1516 1779 1754 1849 adjungit
1783 1781 1920 1850 quod
1954 1781 2081 1835 sub-
2108 1769 2155 1829 B
2184 1781 2473 1851 essentqni
2500 1782 2646 1836 illttm
2678 1782 2988 1837 viderentur
3035 1784 3229 1836 imitari
3262 1802 3275 1835 :
3328 1785 3505 1845 mulli,
3557 1785 3763 1853 inquit,

499 1869 742 1939 junctum
791 1882 870 1927 est
917 1889 931 1925 :
982 1870 1167 1925 Tamen
1210 1872 1263 1923 id
1316 1874 1575 1943 sapiamus
1612 1874 1680 1926 ad
1720 1874 1856 1943 quod
1908 1889 2078 1942 perue-

495 1963 661 2015 nimus
707 1962 808 2034 (ι),
858 1961 908 2016 id
928 1971 1027 2026 est,
1059 1961 1205 2030 quod
1235 1977 1334 2017 nos
1378 1962 1678 2028 docuimus,
1730 1974 1781 2017 et
1825 1963 1889 2017 ad
1933 1964 2075 2034 quod

494 2053 718 2107 instituti
761 2068 962 2108 smnus.
995 2052 1082 2108 Sic
1108 2055 1249 2108 enim
1290 2054 1583 2125 subjnngit,
1626 2066 1991 2112 verumtamen
2022 2057 2072 2111 in

493 2146 545 2201 id
575 2146 716 2217 quod
745 2146 826 2218 (ἓ)
855 2148 1213 2218 pervenimus.
1240 2150 1289 2200 in
1324 2148 1373 2201 id
1408 2149 1577 2210 ipsum
1602 2149 1892 2217 sapiamus.
1916 2152 1967 2203 in
1994 2166 2075 2203 eo-

492 2242 605 2294 dem
634 2239 941 2295 ambulemus
967 2241 1067 2312 (5).
1107 2242 1216 2295 lloc
1243 2252 1345 2306 est,
1376 2255 1437 2294 ex
1469 2256 1573 2310 quo
1605 2240 1948 2310 Evangelium
1976 2257 2070 2297 vo-

492 2334 576 2389 bis
606 2335 962 2404 pronuntiavi,
995 2344 1049 2388 et
1078 2333 1143 2387 ad
1184 2334 1283 2387 hoc
1310 2348 1479 2402 usque
1510 2334 1847 2403 pervenimus
1876 2350 2073 2404 genere

492 2426 703 2481 vivendi
740 2436 793 2481 et
822 2425 1184 2496 intelligendi;
1218 2425 1269 2479 id
1316 2425 1507 2495 ipsum,
1543 2423 1732 2495 inquit,
1776 2428 2068 2495 sapiamus,

490 2529 543 2574 et
569 2520 622 2573 in
648 2519 819 2573 eodem
844 2519 1190 2583 ambulemus;
1222 2517 1274 2570 in
1306 2516 1358 2570 id
1402 2518 1609 2572 scilicet
1642 2517 1781 2587 quod
1822 2518 2068 2588 perveni-

490 2627 609 2666 mus
642 2629 654 2664 :
684 2611 881 2666 etenim
927 2610 1153 2665 dicendo
1196 2620 1379 2675 tamen,
1420 2610 1567 2679 quasi
1616 2608 1878 2679 repudiat.
1918 2609 2068 2677 Quod

486 2720 643 2774 supra
671 2712 877 2759 estnon
901 2702 1247 2768 admittimus,
1274 2712 1327 2755 et
1353 2717 1543 2758 sensus
1568 2702 1688 2757 talis
1714 2720 1725 2755 :
1752 2711 1831 2757 est
1855 2702 2065 2772 quidem

486 2794 627 2851 istud
687 2794 962 2849 tolerabile
1015 2803 1067 2847 et
1126 2792 1460 2857 iaciendum;
1516 2804 1881 2849 verumtamen
1938 2794 2067 2848 illud

488 2888 734 2944 maxime.
770 2888 911 2959 Ergo
938 2896 991 2943 et
1020 2888 1063 2942 si
1092 2888 1246 2942 aliter
1274 2888 1482 2956 sapitis,
1510 2896 1562 2941 et
1595 2887 1638 2942 si
1676 2886 1775 2940 hoc
1804 2887 1944 2940 Deus
1970 2903 2065 2941 vo-

484 2980 564 3035 bis
605 2980 881 3041 revelavit.
913 2993 1020 3050 quo
1050 2978 1135 3050 (4)
1166 2979 1318 3032 aliter
1356 2978 1573 3047 sapitis;
1614 2986 1977 3032 verumtamen
2009 2978 2062 3031 in

483 3071 535 3127 id
564 3073 699 3143 quod
732 3072 1089 3141 pervenimus,
1124 3070 1174 3123 in
1206 3066 1287 3141 (5)
1317 3069 1366 3123 id
1394 3069 1567 3139 ipsum
1600 3070 1889 3136 sapiamus.
1924 3069 2059 3134 Quid

2179 1873 2250 1925 ita
2268 1874 2522 1928 incedunt.
2580 1873 2648 1928 Et
2684 1875 2879 1943 adjecit
2909 1874 3051 1929 aliud
3100 1884 3512 1945 argumentum,
3559 1890 3626 1930 ne
3673 1875 3767 1930 lto-

2182 1966 2269 2020 die
2315 1968 2465 2022 vobis
2517 1968 2817 2037 exemptum
2873 1968 3135 2036 proferam
3181 1968 3247 2023 ad
3304 1968 3760 2033 exhortationem,

2180 2058 2362 2121 multi,
2388 2059 2587 2127 inquit,
2612 2072 2733 2112 sunt
2755 2059 2847 2129 qui
2869 2058 3121 2114 incedunt
3148 2060 3307 2115 sicuti
3340 2077 3467 2125 nos,
3530 2060 3598 2115 de
3643 2061 3757 2131 qui-

2177 2148 2274 2202 bus
2306 2164 2446 2216 szepe
2476 2148 2611 2203 dixi.
2643 2148 2784 2220 Ergo
2815 2167 2916 2203 non
2947 2151 3011 2203 ad
3038 2162 3245 2220 tempus
3274 2153 3493 2213 protulit
3539 2166 3635 2207 eus
3672 2151 3757 2219 qui

2176 2238 2246 2294 ita
2276 2241 2615 2306 incederent;
2648 2241 2911 2309 siquidem
2938 2242 3003 2296 de
3052 2242 3181 2311 ipsis
3231 2241 3374 2311 quod
3422 2242 3494 2295 ita
3552 2240 3755 2296 incede-

2175 2338 2323 2393 rent,
2349 2346 2492 2401 SLepe
2516 2332 2622 2401 jatn
2653 2331 2868 2386 dixerit.

2244 2420 2408 2475 Vens.
2470 2422 2555 2477 l9.
2612 2452 2675 2462 —
2712 2421 2868 2475 Nunc
2919 2433 3083 2477 autem
3131 2423 3279 2477 etiam
3327 2423 3750 2493 Iacryntabundus

2173 2516 2317 2581 dico,
2347 2517 2578 2570 inimicos
2603 2518 2766 2571 crucis
2797 2516 3015 2582 Christi;
3042 2535 3256 2585 quorum
3315 2518 3452 2571 Deus
3495 2528 3683 2581 uenter,
3706 2526 3750 2571 et

2171 2609 2337 2678 gloria
2384 2609 2436 2661 in
2493 2610 2804 2680 turpitudine
2851 2626 3024 2664 eorum
3072 2611 3159 2679 qui
3184 2620 3384 2664 terrena
3411 2609 3738 2681 sapiunt(2).

2173 2700 2339 2770 Major
2362 2702 2589 2755 hortatio
2610 2711 2722 2764 est,
2751 2716 2872 2755 cum
2898 2717 2961 2757 ex
2993 2710 3133 2755 metu
3165 2703 3253 2755 sit.
3287 2703 3459 2771 Supra
3484 2703 3628 2757 enim
3685 2716 3745 2756 ex

2169 2794 2462 2849 commodis
2514 2803 2567 2849 et
2616 2795 2950 2849 utilitatibus.
3005 2794 3134 2848 Nam
3201 2802 3287 2849 est
3322 2796 3401 2865 (3)
3453 2793 3745 2848 exhortatio

2168 2884 2616 2953 quemadmodum
2668 2886 2875 2952 vivant,
2920 2885 2985 2940 ad
3036 2884 3137 2940 hoc
3196 2886 3367 2954 ipsum
3412 2888 3553 2955 quod
3589 2900 3742 2953 supra

2169 2980 2452 3049 praecepit,
2476 2994 2595 3031 cum
2630 2980 2743 3048 ipse
2766 2978 2831 3032 ad
2859 2978 3101 3033 eamdem
3151 2979 3313 3032 vitam
3362 2979 3649 3047 compellat
3693 2988 3745 3034 et

2168 3070 2774 3139 adigatPhilippenses,
2825 3079 2879 3124 ct
2904 3069 3112 3125 dederit
3155 3085 3340 3124 rursas
3391 3068 3535 3123 aliud
3587 3084 3739 3139 argu-

482 3174 657 3219 autetn
687 3164 817 3218 illud
844 3174 943 3230 est,
968 3164 1095 3216 inid
1125 3163 1261 3231 quod
1280 3161 1639 3232 pervenims?
1667 3160 1817 3224 Quod
1845 3160 1969 3213 olim
1995 3176 2055 3215 ex
2086 3150 2131 3214 C
2165 3172 2400 3215 mentum
2452 3162 2591 3231 quod
2644 3163 2752 3231 jam
2802 3164 2950 3217 multi
2992 3162 3179 3217 eodem
3230 3162 3386 3217 modo
3414 3163 3633 3227 vivunt,
3689 3171 3739 3217 et

482 3256 617 3310 meis
663 3256 881 3309 utonitis
928 3253 1226 3322 accepistis,
1266 3262 1319 3306 et
1361 3252 1499 3321 quod
1548 3266 1687 3305 nunc
1728 3268 1755 3305 a
1798 3267 1880 3305 me
1922 3267 2058 3320 pra}-

478 3356 689 3416 ceptum
717 3355 799 3403 est
828 3366 840 3401 :
873 3348 923 3400 in
956 3347 1005 3401 id
1029 3347 1169 3401 enim
1204 3344 1543 3415 pervenimus
1563 3386 1575 3408 ,
1607 3360 1670 3399 ex
1698 3345 1840 3397 omni
1868 3346 2054 3398 admo-

478 3438 679 3493 nitione
727 3449 780 3493 et
830 3439 1107 3507 prteceptis
1158 3455 1171 3491 :
1221 3437 1388 3506 inquit
1433 3448 1633 3499 autem,
1682 3438 2053 3504 pervenimus;

476 3528 756 3599 prmceptis
788 3530 981 3583 nostris
1028 3528 1262 3590 scilicet;
1304 3536 1359 3580 ιιι
1401 3542 1519 3596 qua:
1550 3536 1693 3581 retro
1728 3538 1852 3581 sunt
1886 3536 2057 3582 trans-

474 3622 747 3675 mittentes
787 3621 840 3674 in
871 3619 1210 3683 oblivionem,
1264 3618 1316 3672 in
1363 3632 1424 3672 ea
1462 3633 1580 3685 «tua:
1611 3618 1661 3671 in
1704 3617 1873 3687 primo
1900 3627 2053 3681 sunt,

478 3712 825 3768 extendamus
854 3728 949 3767 nos
980 3710 1273 3766 secundum
1311 3710 1544 3779 regulam
1566 3750 1579 3774 ,
1614 3717 1668 3761 ut
1698 3708 1761 3762 ad
1811 3708 2052 3763 bravium

476 3818 724 3873 supernae
754 3803 1047 3859 vocationis
1078 3802 1350 3857 veniamus
1384 3803 1434 3854 in
1474 3800 1597 3854 Jesu
1626 3797 1861 3853 Christo.
1896 3798 1957 3851 In
1993 3814 2051 3852 eo

476 3910 625 3968 ergo,
660 3898 847 3967 inquit,
882 3896 1207 3951 ambulemus.
1232 3893 1381 3950 Adeo
1406 3892 1474 3948 de
1504 3893 1610 3947 vita
1639 3892 1727 3946 illa
1753 3903 1806 3947 et
1834 3892 1900 3946 de
1928 3907 2054 3958 pra:-

472 4000 628 4061 cepto
670 3990 736 4044 ad
773 3990 934 4043 vitam
980 3988 1221 4057 superior
1255 3994 1391 4041 ratio
1435 3995 1535 4040 est.
1578 3984 1846 4052 Siquidem
1892 3997 2051 4053 supra

471 4086 697 4149 dictum,
749 4096 868 4151 quae
915 4089 1039 4134 sunt
1078 4086 1223 4132 retro
1264 4076 1688 4131 transmittentes
1729 4075 1782 4127 in
1828 4074 2052 4129 oblivio-

474 4190 619 4239 nem,
652 4174 703 4228 in
745 4171 915 4241 primo
953 4183 1071 4240 qua:
1110 4175 1233 4222 sunt
1277 4164 1627 4221 extendamus
1670 4179 1788 4221 nos.
1819 4164 1931 4219 Hoc
1970 4174 2052 4221 est

470 4268 611 4323 enim
637 4267 687 4319 in
719 4280 774 4317 eo
794 4263 1127 4315 ambulemus.

538 4359 702 4414 Vens.
759 4356 853 4421 i7,
912 4353 999 4408 18.
1048 4380 1116 4391 -ο
1149 4349 1442 4403 lmitutores
1462 4348 1557 4400 mei
1612 4355 1786 4409 estote,
1845 4350 2047 4416 fratres.

465 4452 770 4521 Opportune
822 4445 887 4499 ad
926 4442 1274 4507 sententiam,
1321 4455 1480 4510 quam
1534 4438 1920 4509 loquebamur;
1993 4448 2049 4492 nt

2162 3254 2309 3308 multi
2335 3269 2470 3323 quos
2493 3255 2599 3322 jam
2626 3253 2691 3308 ita
2720 3254 2897 3309 vivere
2940 3255 3054 3323 ipse
3102 3254 3531 3324 Philippensibus
3553 3253 3739 3308 Paulus

2158 3362 2300 3417 smpe
2329 3347 2542 3401 dixerit.
2573 3347 2694 3400 llaec
2723 3348 2923 3401 utilitas
2967 3347 3351 3401 exhortationis
3398 3347 3603 3417 majore
3654 3362 3734 3400 ra-

2158 3439 2301 3493 tione
2326 3439 2585 3503 ﬁrtnatttr,
2614 3435 2741 3507 quid
2770 3436 2892 3490 tnali
2918 3437 3021 3504 pati
3054 3438 3284 3491 habeant
3328 3438 3371 3492 si
3411 3438 3568 3492 aliter
3597 3440 3736 3493 vixe-

2157 3532 2264 3587 rint
2285 3574 2297 3597 ,
2325 3543 2377 3587 et
2409 3544 2462 3584 ut
2486 3530 2600 3585 dixi
2628 3530 2797 3599 major
2822 3540 2902 3585 est
2928 3532 3201 3599 persuasio
3254 3544 3320 3585 ex
3380 3530 3594 3585 timore.
3631 3529 3733 3584 Ad-

2151 3625 2280 3694 jecit
2309 3626 2465 3679 etiam
2518 3624 2799 3688 allectum,
2858 3624 3093 3678 dicturus
3135 3624 3269 3678 mala
3309 3640 3429 3686 qua:
3475 3626 3734 3695 patiantur

2156 3715 2263 3778 illi,
2301 3716 2390 3785 qui
2424 3716 2589 3769 aliter
2612 3714 2798 3768 vivunt
2826 3714 3057 3769 dicendo
3090 3733 3102 3767 :
3134 3715 3570 3785 lacrymabundus
3602 3719 3727 3771 dico.

2156 3808 2321 3862 Doleo
2344 3808 2488 3861 enim
2510 3815 2562 3860 et
2586 3807 2843 3878 lacrymo,
2862 3807 2984 3876 quia
3015 3806 3107 3876 qui
3137 3806 3338 3861 inimici
3368 3808 3544 3861 crucis
3570 3816 3725 3873 sunt,

2157 3901 2209 3955 id
2244 3909 2325 3955 est
2352 3901 2439 3970 qui
2468 3916 2573 3954 non
2598 3900 2823 3955 credunt
2856 3900 2905 3954 in
2931 3899 3033 3954 hoc
3062 3900 3427 3970 Evangelium,
3461 3902 3602 3970 quod
3627 3901 3726 3957 sci-

2153 3994 2277 4049 licet
2319 3993 2541 4048 credant
2593 3994 2644 4047 in
2695 3983 2965 4047 Christum
2998 3993 3307 4057 hominem,
3342 3994 3393 4048 id
3420 4006 3504 4049 est
3543 3995 3628 4063 qui
3676 3994 3724 4048 in

2154 4084 2369 4140 homine
2400 4085 2585 4148 luerit,
2617 4084 2708 4154 qui
2740 4094 2892 4139 natus
2918 4100 2981 4139 ex
3015 4084 3178 4138 Maria
3207 4087 3310 4149 sit,
3338 4085 3623 4140 cruciﬁxus
3641 4087 3721 4140 sit.

2152 4179 2350 4233 Omnes
2375 4178 2532 4249 igitur
2563 4176 2797 4233 lneretici
2840 4178 2929 4248 qui
2953 4193 3124 4248 neque
3152 4178 3472 4232 cruxilixum
3495 4219 3509 4243 ,
3563 4194 3724 4246 neque

2152 4271 2204 4326 in
2258 4272 2473 4326 homine
2522 4271 2793 4325 Christum
2835 4271 3135 4338 accipiunt,
3191 4271 3278 4341 qui
3324 4272 3477 4326 multi
3522 4284 3576 4327 et
3600 4271 3723 4325 varii

2149 4364 2289 4428 sint;
2341 4363 2410 4425 ii,
2458 4362 2672 4431 inquam
2705 4403 2718 4426 ,
2762 4360 2919 4415 ﬁnem
2978 4361 3246 4415 habebunt
3296 4364 3592 4419 interitum.
3626 4365 3721 4419 Alii

2149 4456 2289 4509 enim
2334 4454 2583 4507 dixerunt
2640 4453 2909 4508 hominem
2964 4454 3165 4519 fuisse,
3214 4471 3320 4509 non
3388 4458 3439 4510 in
3513 4457 3721 4511 homine

464 4540 596 4596 nihil
624 4538 871 4607 it'Sino'i
901 4534 1126 4598 ῖειεῖθηῑν
1160 4532 1260 4586 “Si
1311 4531 1467 4584 alii"
1511 4530 1753 4599 εθβίυηιι
1796 4528 1896 4583 “Si
1946 4528 2122 4587 ali‘D
2149 4546 2416 4619 ιἰιιεεεμ).
2449 4546 2554 4601 Alii
2582 4556 2775 4615 negant
2802 4546 3225 4601 omniuonatum
3281 4546 3334 4601 iu
3389 4563 3593 4613 carne,
3637 4548 3719 4603 alii

461 4632 585 4706 quid
607 4649 636 4687 a
667 4632 773 4685 Deo
794 4628 1085 4685 revelatum
1107 4625 1321 4681 habent.
1347 4622 1640 4677 lmitatores
1669 4623 1801 4687 mei,
1837 4622 2025 4691 inquit,

461 4735 642 4789 estote,
674 4728 885 4793 fratres;
914 4728 970 4774 ut
999 4733 1116 4788 qua:
1146 4731 1245 4787 ego
1272 4730 1401 4785 ago,
1432 4729 1551 4783 qua:
1583 4728 1866 4783 praeeipto,
1916 4728 2034 4783 qua:

458 4817 512 4873 in
558 4817 661 4870 vita
706 4826 949 4877 exerceo,
1000 4809 1138 4880 quod
1195 4822 1389 4877 sequor
1436 4803 1547 4879 (6),
1576 4805 1674 4859 hoc
1701 4820 1912 4875 quoque
1942 4820 2034 4859 vos

457 4906 755 4972 imitemini,
800 4916 851 4961 et
903 4901 1220 4972 sequamini.
1269 4898 1329 4951 Et
1376 4898 1795 4969 contemplamini
1842 4913 1927 4951 eos
1948 4900 2035 4967 qui

453 5002 525 5056 ita
552 5001 806 5065 incedunt,
826 4995 1247 5069 quemadmodum
1275 4993 1558 5063 exemplum
1588 4991 1780 5046 habetis
1806 5008 1896 5046 nos
1920 4990 2021 5064 (Ἰ).

522 5158 599 5239 (l)
624 5155 801 5226 νοις..
823 5162 1159 5210 uerumtamen
1187 5153 1252 5205 ad
1280 5150 1413 5221 quod
1443 5148 1755 5221 pervenimus
1804 5156 1857 5203 ut
1897 5150 2029 5204 idem

454 5244 879 5365 “iiiii‘i'coai.

541 5362 595 5438 5)
626 5370 796 5437 Vulg.,
826 5370 878 5422 in
906 5366 1079 5423 eadem
1112 5379 1492 5436 permaneamus
1521 5362 1713 5432 rqula.

541 5443 595 5511 τι)
624 5440 695 5494 lto
714 5440 879 5493 Codd.

540 5516 572 5567 5

517 5372 595 5440 (5)
626 5372 796 5437 Vulg.,
826 5372 878 5422 in

514 5443 595 5577 iii
624 5440 879 5566 ἑὲὲιὶἑιῖδὲ)

625 5512 792 5566 Codd.
824 5511 875 5563 in
904 5511 1093 5579 ipsum.
1124 5558 1129 5563 .

537 5579 591 5649 6)
620 5579 789 5636 Codd.
817 5598 870 5635 se
898 5580 1053 5649 quod.

438 5652 462 5723 Γ
621 5651 797 5723 Vulg.,
830 5645 1177 5705 lit-observate
1204 5664 1287 5705 eos
1315 5649 1401 5720 qui
1436 5648 1509 5701 ita
1545 5645 1837 5712 ambulant,
1888 5647 2021 5701 sicut

442 5722 628 5777 habetis
658 5722 876 5791 fortnam
900 5731 1144 5775 nostram.

2139 4652 2329 4708 negant
2353 4640 2683 4694 cruciﬁxum.
2713 4637 2908 4694 Omnes
2952 4639 2987 4693 ii
3036 4640 3370 4709 hmretici,ut
3408 4641 3541 4705 dixi.
3572 4653 3718 4713 atque

2140 4732 2328 4787 horum
2357 4731 2435 4805 (5)
2485 4730 2688 4787 similes
2724 4731 2987 4785 iuterituri
3019 4738 3163 4785 sunt.
3219 4732 3329 4787 llnc
3373 4734 3519 4788 enim
3568 4736 3713 4801 dixit,

2138 4840 2355 4895 quorum
2380 4825 2497 4892 ﬁnis
2527 4834 2597 4877 est
2628 4824 2857 4876 interitus
2890 4840 2908 4876 :
2936 4838 3053 4893 quae
3098 4825 3281 4893 utique
3322 4838 3712 4895 consequentur

2142 4916 2445 4987 hujnsmodi
2478 4916 2740 4971 homines.
2778 4914 2842 4969 Et
2869 4916 2994 4986 quid
3018 4916 3305 4985 patientur,
3338 4926 3391 4971 et
3421 4918 3549 4987 quid
3576 4919 3707 4985 sint,

2233 5080 2280 5151 l)
2298 5080 2335 5131 V
2346 5080 2614 5151 ulg.Multi
2626 5080 2759 5133 enim
2769 5077 3023 5133 ambulant
3035 5095 3158 5149 quos
3171 5095 3303 5140 sane
3314 5081 3541 5135 dicebam
3561 5082 3706 5138 vobis.

2226 5150 2280 5223 2)
2313 5150 2490 5221 ναις..
2523 5150 2675 5203 Nunc
2694 5161 2868 5223 autem
2892 5162 2935 5201 et
2953 5152 3093 5223 ﬂens
3124 5153 3269 5216 diro,
3295 5153 3527 5223 inimicos
3554 5155 3709 5209 crucis

2133 5220 2320 5277 Christi
2347 5239 2363 5276 :
2405 5238 2619 5288 quorum
2668 5222 2784 5290 ﬁnis
2816 5220 3080 5285 interitus;
3133 5237 3343 5290 quorum
3372 5221 3513 5278 Deus
3548 5237 3707 5279 venter

2134 5302 2204 5348 est
2230 5334 2244 5358 ,
2272 5305 2317 5347 et
2338 5293 2503 5363 gloria
2545 5294 2599 5345 in
2648 5291 2943 5360 confusione
2967 5291 3198 5359 ipsorum
3224 5331 3239 5358 ,
3277 5294 3363 5362 qui
3389 5305 3584 5350 terrena
3628 5310 3703 5350 sa-

2128 5366 2293 5434 piunt.

2198 5435 2275 5503 ('5)
2306 5432 2474 5487 Codd.
2505 5448 2621 5485 cum
2651 5446 2745 5501 pro
2772 5442 2864 5486 est.

2198 5506 2279 5574 (4)
2306 5504 2506 5559 Sensus
2536 5504 2638 5558 loci
2668 5513 2775 5569 est,
2800 5502 3062 5573 quosdam
3088 5503 3369 5561 hmreticos
3398 5506 3595 5563 dixisse
3618 5508 3701 5563 Je-

2130 5589 2245 5649 sum
2276 5575 2808 5649 merumhominem,
2827 5589 2932 5629 non
2953 5574 3120 5630 Deum
3150 5590 3273 5632 cum
3307 5588 3578 5649 assumpta
3603 5578 3697 5634 sibi

2130 5644 2459 5714 hypostatice
2498 5644 2846 5699 humanitate.

2224 5715 2279 5785 5)
2310 5714 2476 5773 Codd.
2509 5714 2819 5786 hujusmodi.
