3950 6206
229 333 377 391 ιεῶ

1152 336 1214 392 ΙΝ
1255 337 1635 394 EPISTOLAM
1667 335 1867 393 PAULI
1905 337 1998 394 Al)
2037 335 2539 396 PHILIPPENSES.

3319 338 3467 401 1226

228 448 309 503 ita
336 457 599 514 numerat,
648 448 772 519 quid
799 450 1089 518 patientur,
1133 467 1342 520 quorum
1381 453 1498 520 ﬁnis
1538 461 1609 506 est
1647 453 1801 506 inter-
1824 456 1875 515 Α
1900 452 2086 522 ipsius,
2131 453 2400 506 secundum
2442 452 2778 521 operationem
2807 453 3041 522 potentia
3062 467 3184 519 sua,
3226 461 3279 507 ut
3308 455 3464 522 possit

231 538 386 604 itus;
433 539 558 610 quid
585 542 712 606 sint,
773 558 985 609 quorum
1031 542 1166 596 Deus
1202 554 1398 607 venter;
1441 543 1565 612 quid
1615 558 1805 598 conse-

237 639 495 698 quentur,
549 639 593 685 et
645 630 840 701 gloria,
891 633 1088 702 inquit,
1137 634 1188 686 in
1243 635 1554 699 turpitudine
1604 634 1803 688 comm?

237 721 697 787 Quemadmodum
725 723 1227 792 sapiant,adjunxit
1272 741 1288 778 :
1339 726 1424 792 qui
1479 735 1674 778 terrena
1720 741 1804 779 sa-

240 811 430 882 piunt!
454 810 526 864 De
553 810 786 876 interitu;
815 812 953 881 quod
974 812 1090 866 linis
1119 827 1302 867 eorum
1330 815 1398 866 sit
1420 813 1688 876 interitus,
1715 813 1805 883 qui

242 901 364 955 haec
395 917 500 956 non
528 902 772 967 credunt,
803 903 854 957 id
887 914 965 958 est
984 906 1071 972 qui
1101 904 1297 958 inimici
1326 905 1498 958 crucis
1523 913 1664 959 sunt.
1694 904 1805 959 Hoc

244 990 392 1045 enim
444 990 609 1056 dixit,
650 991 892 1046 inimicos
942 992 1116 1046 crucis
1159 991 1360 1047 Christi
1410 1007 1563 1056 esse,
1595 1008 1804 1048 crucem

242 1081 446 1137 Christi
475 1099 578 1136 non
602 1082 838 1138 credere.
870 1081 964 1148 Hi,
996 1083 1205 1152 inquam
1230 1123 1246 1149 ,
1287 1083 1535 1152 perituri,
1586 1093 1641 1137 et
1687 1082 1806 1136 linis

246 1173 335 1230 his
361 1184 443 1230 est
470 1175 733 1229 interitus.

321 1268 392 1322 At
412 1281 535 1320 vero
563 1265 702 1321 istud
733 1268 819 1337 qui
845 1283 946 1323 non
975 1269 1230 1334 credunt,
1261 1266 1310 1322 id
1338 1276 1421 1321 est
1472 1267 1559 1337 qui
1606 1265 1803 1322 inimici

250 1358 427 1414 crucis
451 1356 643 1413 Christi
675 1372 818 1425 sunt,
844 1361 1110 1431 quomodo
1139 1361 1299 1416 Deum
1324 1359 1520 1414 habent
1544 1373 1806 1427 ventrem,

253 1449 322 1504 de
365 1449 554 1518 quibus
577 1450 740 1517 dixit,
772 1468 982 1521 quarunt
1013 1451 1146 1504 Deus
1182 1462 1348 1504 venter
1369 1463 1437 1505 est
1458 1453 1483 1504 ?
1527 1451 1638 1505 Duo
1679 1465 1812 1520 quo-

253 1539 538 1594 dammodo
562 1549 683 1594 sunt
705 1581 718 1605 ,
753 1540 804 1595 id
825 1550 906 1596 est
927 1555 1084 1594 unum
1111 1539 1178 1594 de
1203 1540 1441 1604 duobus,
1473 1541 1562 1610 qui
1611 1538 1808 1593 inimici

253 1630 428 1683 crucis
473 1629 666 1683 Christi
717 1639 842 1685 sunt
892 1649 905 1684 :
947 1630 1810 1686 autenimcarnalitersentientes

257 1734 471 1776 erucem
497 1721 688 1776 Christi
716 1722 924 1784 rident,
955 1737 1074 1778 eum
1106 1721 1368 1776 hominem
1415 1719 1682 1774 Christum
1716 1737 1810 1790 pu-

1903 544 2050 597 etiam
2075 545 2302 597 universa
2322 545 2396 597 illi
2432 545 2642 598 subdere
2667 544 2764 613 (l).
2813 546 2878 599 Et
2905 546 3003 600 iste
3046 546 3190 600 loeas
3219 553 3364 599 tenet
3391 545 3457 598 de

1902 633 2293 687 resurrectione
2323 635 2655 704 mysterium.
2684 635 2888 689 Etenim
2930 635 3070 704 quod
3121 633 3363 690 Christus
3407 635 3459 687 in

1901 738 2062 777 carne
2117 723 2319 793 positus
2367 724 2604 793 implevit
2651 733 2708 778 ut
2748 725 2977 779 salvaret
3019 726 3263 790 animas,
3316 735 3372 780 ut
3407 734 3462 779 et

1903 813 2227 867 carnietiain
2257 829 2351 883 per
2397 816 2836 870 resurrectionem
2889 816 3258 869 immortalitas
3305 815 3461 870 dare-

1906 912 2009 968 tur,
2035 905 2256 960 virtutes
2280 920 2389 958 sua:
2415 906 2586 960 erucis
2612 918 2857 973 operatus
2887 915 2987 960 est.
3023 907 3087 960 Et
3129 905 3241 961 haec
3278 909 3455 962 omnia

1905 1004 2277 1061 expectamus,
2326 1005 2380 1051 et
2429 996 2597 1066 ipsum
2653 997 2934 1051 Dominum
2989 1008 3226 1053 nostrum
3281 997 3458 1052 Jesnm

1905 1083 2174 1141 Christum
2218 1089 2345 1157 qui,
2402 1088 2589 1158 inquit,
2620 1088 2712 1142 illo
2746 1090 2997 1159 mysterio
3035 1105 3140 1158 quo
3185 1089 3462 1145 descendit

1905 1187 1958 1230 et
1978 1177 2260 1230 crucifixus
2314 1187 2397 1232 est
2438 1187 2492 1232 ct
2528 1179 2852 1244 resurrexit,
2899 1178 3246 1234 humilitatem
3295 1182 3460 1236 nostri

1907 1267 2146 1336 corporis
2166 1267 2248 1322 vel
2278 1267 2499 1336 ﬁguram
2519 1309 2533 1334 ,
2583 1277 2674 1322 aut
2703 1270 2868 1339 magis
2912 1285 3104 1338 corpus
3157 1272 3464 1326 humilitatis

1909 1366 2103 1412 nostra!
2159 1359 2565 1426 transllguravit.
2613 1358 2888 1426 Quomodo
2952 1360 3086 1414 istud
3160 1363 3280 1416 est?
3329 1363 3462 1430 Quia

1909 1462 2099 1517 corpus
2124 1456 2358 1502 nostrum
2389 1449 2584 1503 humile
2611 1465 2732 1504 cum
2777 1453 3004 1519 resurgit
3049 1464 3101 1509 et
3138 1456 3462 1525 immittatur,

1909 1537 1962 1591 in
1994 1538 2181 1592 melius
2210 1539 2600 1609 transﬂguravit
2623 1541 2778 1597 Jesus
2828 1543 3068 1599 Christus
3113 1549 3461 1607 humilitatem

1910 1628 2149 1693 corporis
2175 1631 2339 1683 nostri
2365 1670 2380 1696 ,
2406 1631 2489 1685 vel
2515 1646 2706 1700 corpus
2733 1644 2966 1688 nostrum
3018 1635 3216 1694 humile
3256 1644 3467 1697 transll-

1909 1721 2118 1786 guravit
2144 1719 2195 1770 in
2227 1722 2577 1787 magnillcum.
2627 1723 2724 1775 Dat
2755 1722 2832 1792 (2)
2863 1724 2937 1778 illi
2977 1727 3175 1780 scilicet
3198 1731 3463 1786 sterilita-

255 1818 369 1865 tant
423 1812 473 1864 in
521 1826 727 1865 crucem
754 1812 1034 1874 sublatum;
1091 1825 1193 1865 non
1245 1811 1496 1880 mysterio
1525 1808 1812 1864 secundum
1843 1805 1892 1864 B
1918 1816 2055 1870 tem,
2081 1807 2276 1863 faciens
2301 1811 2398 1877 ipsi
2428 1811 2788 1867 indumentum
2807 1816 3057 1882 caeleste;
3089 1827 3144 1872 ut
3169 1821 3256 1883 sit,
3274 1824 3461 1892 inquit,

254 1899 599 1969 Evangelium
650 1901 917 1955 Christum
957 1901 1008 1954 in
1063 1901 1278 1955 homine
1321 1900 1666 1964 cruciﬁxum,
1718 1913 1812 1968 per

254 1993 394 2062 quod
425 2001 697 2062 peccatum
745 1994 869 2047 vicit
915 2001 968 2048 et
1001 1992 1345 2061 triumphavit
1390 1998 1716 2059 potestates,
1759 1998 1814 2045 et

257 2083 597 2153 triumphavit
625 2100 716 2155 per
759 2099 970 2138 carnem
1019 2084 1320 2137 crucilixam
1353 2081 1542 2145 :hanc,
1575 2083 1810 2151 inquam,

257 2189 470 2230 crucem
513 2176 566 2230 in
614 2175 868 2247 mysterio
910 2175 1189 2231 habemus.
1254 2174 1385 2236 Alii,
1449 2183 1504 2228 ut
1552 2174 1696 2237 dixi,
1757 2180 1815 2226 ut

257 2265 549 2321 secundum
593 2266 891 2330 hominem,
944 2280 1070 2319 vero
1122 2272 1323 2318 tantum
1378 2262 1646 2316 hominem
1671 2261 1813 2315 acci-

258 2358 409 2426 piunt
436 2371 643 2412 crucem
679 2365 775 2411 :ct
818 2356 1015 2410 idcirco
1043 2353 1238 2409 inimici
1283 2362 1405 2408 sunt
1447 2352 1592 2408 cruci
1619 2393 1635 2418 ,
1663 2359 1718 2406 et
1760 2351 1812 2404 hi

256 2450 378 2519 quia
423 2451 701 2505 carnaliter
746 2450 1016 2514 sentiunt,
1093 2455 1439 2503 contemnunt
1505 2447 1813 2518 mysterium

256 2539 430 2594 crucis
461 2557 474 2592 :
504 2548 558 2594 et
579 2539 633 2592 hi
655 2580 669 2603 ,
701 2548 757 2592 ut
791 2539 896 2593 dixi
919 2581 934 2605 ,
961 2539 1028 2594 de
1057 2553 1218 2593 carne
1263 2539 1530 2600 sentiunt,
1579 2545 1635 2591 et
1685 2536 1814 2590 nihil

256 2630 399 2686 aliud
429 2646 584 2700 quam
630 2631 699 2686 de
745 2647 903 2686 carne
950 2631 1231 2695 extimant,
1253 2639 1307 2684 et
1331 2630 1438 2685 illis
1471 2630 1609 2684 Deus
1634 2639 1818 2685 venter

255 2729 361 2784 est,
393 2730 448 2775 et
472 2721 637 2790 gloria
669 2723 719 2775 in
743 2720 1066 2790 turpitudine
1089 2735 1271 2774 eormn
1299 2727 1380 2772 est
1399 2759 1411 2780 ,
1465 2729 1517 2772 et
1556 2717 1607 2772 hi
1650 2727 1772 2772 sunt
1800 2759 1815 2783 ,

265 2812 352 2881 qui
385 2821 591 2866 terrena
623 2813 868 2882 sapiunt,
901 2829 1124 2883 quorum
1167 2824 1338 2868 tamen
1376 2812 1494 2866 linis
1523 2823 1603 2867 est
1638 2813 1820 2866 interi-

259 2909 363 2955 tus.
395 2905 498 2956 Aut
522 2918 701 2956 rursus
732 2905 804 2957 illi
833 2905 920 2972 qui
954 2905 1246 2974 spiritalem
1266 2905 1498 2958 sentiunt
1524 2902 1814 2958 Christum.

258 3001 312 3046 et
363 3008 463 3047 non
515 2994 811 3064 intelligunt
859 2996 1007 3049 illum
1059 2997 1111 3050 in
1161 3011 1360 3062 carne,
1417 3011 1585 3065 neque
1647 2995 1810 3050 cruci-

260 3081 452 3146 ﬁxum;
484 3092 537 3137 et
559 3084 754 3139 idcirco
784 3085 978 3140 inimici
1007 3095 1130 3139 sunt
1154 3087 1324 3140 crucis
1351 3084 1573 3154 Christi,
1622 3095 1675 3141 et
1719 3083 1817 3155 ipsi

258 3175 416 3229 linem
447 3175 714 3230 habebunt
759 3178 1049 3232 interitum.
1087 3177 1151 3230 Et
1188 3177 1301 3231 haec
1329 3193 1449 3244 pars
1476 3152 1720 3232 conclusa
1743 3152 1814 3230 vde
1839 3152 1884 3214 (ί

256 3265 360 3318 illis
383 3275 836 3336 estzquamquam
884 3268 983 3321 ista
1016 3282 1135 3336 pars
1184 3267 1444 3336 pertineat
1497 3277 1551 3322 et
1595 3267 1659 3321 ad
1696 3267 1814 3320 illos

255 3357 343 3427 qui
373 3357 440 3411 de
464 3357 678 3412 Christo
697 3360 980 3413 carnaliter
1000 3360 1238 3413 sentiunt
1267 3377 1278 3408 τ
1307 3369 1361 3412 at
1389 3375 1513 3413 vero
1540 3358 1652 3412 h:rc
1673 3360 1769 3412 tria
1794 3399 1810 3424 ,

256 3462 369 3515 qua:
393 3456 701 3514 sequuntur,
727 3449 791 3501 ad
815 3464 908 3503 eos
937 3451 1200 3517 pertinent
1227 3449 1313 3518 qui
1343 3449 1410 3502 de
1435 3449 1646 3503 Christo
1695 3463 1814 3502 car-

254 3535 447 3590 naliter
476 3539 746 3601 sentiunt;
781 3547 836 3592 ut
864 3540 997 3593 heus
1018 3555 1199 3592 eorum
1227 3547 1410 3592 venter
1433 3539 1534 3600 sit,
1557 3547 1609 3590 et
1645 3536 1810 3606 gloria

251 3625 305 3680 in
332 3628 649 3694 turpitudine
673 3643 855 3683 eorum
894 3638 946 3682 et
970 3639 1172 3683 terrena
1199 3629 1427 3696 sapiunt.

323 3715 484 3770 VERS.
516 3716 604 3770 20.
634 3746 706 3757 —
736 3718 927 3772 Nostra
952 3720 1083 3772 enim
1119 3720 1423 3773 conversatio
1465 3721 1515 3772 in
1543 3720 1678 3774 caelis
1716 3728 1804 3772 est.

253 3805 445 3875 Utique
477 3805 575 3862 hoc
595 3809 916 3863 contrarium
945 3811 1200 3879 superiori
1224 3819 1342 3872 est;
1390 3809 1455 3864 ad
1500 3811 1652 3864 istam
1683 3825 1808 3878 par-

250 3907 356 3953 tem
386 3900 726 3969 tamenquod
753 3901 884 3955 dixit
933 3911 1142 3956 terrena
1193 3902 1439 3970 sapiunt,
1498 3900 1808 3954 aestimando

247 3987 516 4042 Christum
547 3988 812 4046 hominem
841 4006 958 4046 csse
983 4033 997 4055 ,
1035 3999 1088 4045 et
1115 3991 1381 4044 hominem
1402 3990 1564 4044 fuisse
1584 4030 1598 4054 ,
1631 3999 1681 4044 ct
1701 4005 1804 4042 non

254 4079 309 4132 in
365 4094 522 4135 carne
575 4081 776 4144 fuisse,
836 4082 928 4136 scd
978 4098 1095 4135 cmn
1151 4097 1309 4136 carne
1357 4081 1601 4145 venisse,
1652 4079 1806 4134 sicuti

248 4165 415 4221 Judaei
445 4181 720 4224 venturum
747 4171 955 4234 dicunt,
996 4180 1051 4224 et
1075 4171 1248 4224 caeteri
1302 4170 1552 4224 lueretici.
1605 4171 1673 4222 At
1725 4169 1804 4241 (l)

250 4267 592 4324 noscontra,
639 4275 849 4315 Omnem
902 4263 1091 4327 vitam,
1141 4271 1195 4316 et
1214 4261 1665 4316 conuersationem
1729 4263 1805 4316 vi-

248 4348 406 4399 vendi
435 4351 482 4400 in
509 4352 657 4404 cmlis
679 4351 1277 4415 hobemus;sentientes
1323 4352 1388 4406 de
1413 4353 1546 4407 cado
1593 4353 1804 4406 venisse

245 4432 546 4504 ChriSIuni,
598 4441 830 4494 induisse
857 4458 1106 4508 carnem,
1188 4445 1238 4496 itt
1308 4459 1464 4497 cruce
1513 4444 1796 4497 soblatum.

1911 1901 2224 1967 tequiiorme
2278 1915 2398 1955 cum
2462 1916 2689 1971 corpore
2747 1905 2930 1974 gloria:
2987 1908 3172 1977 ipsius.
3234 1911 3470 1980 Namque

1911 1990 2153 2048 Christus
2177 1992 2396 2061 spiritus
2424 2003 2504 2048 est
2526 2035 2540 2060 ,
2571 2009 2635 2049 ex
2659 2011 2763 2064 quo
2794 1996 2866 2049 illi
2899 2012 3090 2066 corpus
3114 2002 3318 2068 species
3340 2002 3422 2073 (5)
3452 2045 3466 2070 ,

1910 2093 1965 2138 et
1987 2084 2182 2147 virtus,
2211 2083 2321 2152 ipsa
2351 2085 2552 2152 species
2574 2102 2689 2145 quae
2715 2088 2880 2142 virtus
2911 2099 2990 2143 est
3011 2130 3026 2156 ,
3059 2095 3262 2159 species
3283 2096 3466 2162 glorias

1913 2190 2105 2245 corpus
2125 2184 2209 2230 est
2233 2175 2426 2229 divina:
2448 2186 2500 2230 et
2521 2186 2730 2232 a'terna:
2760 2177 2858 2249 (4).
2883 2179 3009 2233 Cum
3033 2192 3205 2236 autem
3256 2201 3351 2239 nos
3383 2201 3466 2240 re-

1913 2276 2188 2336 surgentes
2209 2267 2624 2332 immutahimur,
2648 2279 2701 2324 et
2726 2270 2990 2338 spiritales
3017 2272 3186 2328 eil'eCIi
3210 2275 3464 2330 fuerimus

1915 2371 1969 2412 es
1988 2359 2160 2412 anima
2183 2368 2238 2413 et
2255 2373 2481 2428 corpore
2500 2367 2554 2414 et
2577 2360 2762 2428 spiritu
2781 2402 2794 2424 ,
2822 2362 2891 2414 ita
2921 2362 3061 2416 enim
3086 2363 3181 2417 ista
3222 2366 3273 2418 in
3306 2382 3466 2422 unum

1916 2447 2088 2500 virum
2115 2457 2435 2501 concurrunt
2461 2489 2474 2511 ,
2504 2459 2660 2518 atque
2681 2465 2822 2504 unus
2851 2449 3067 2518 Spiritus
3095 2462 3284 2517 erunt;
3333 2455 3376 2509 si
3413 2467 3469 2509 et

1915 2553 2110 2608 corpus
2137 2539 2449 2594 humilitatis
2477 2549 2669 2594 nostra:
2696 2540 3032 2608 teqniforme,
3063 2543 3160 2597 hoc
3204 2554 3286 2600 est
3327 2545 3470 2613 ejus-

1916 2632 2037 2686 dem
2067 2640 2226 2700 atque
2242 2631 2460 2700 (aqualis
2490 2631 2670 2684 formae
2699 2647 2818 2684 cum
2839 2648 3062 2702 corpore
3086 2635 3267 2703 gloria:
3307 2637 3468 2705 ipsius

1916 2722 2146 2784 Christi,
2179 2731 2235 2774 ut
2260 2731 2313 2775 et
2343 2736 2437 2774 nos
2457 2721 2674 2790 spiritus
2694 2723 2891 2786 simus,
2931 2731 2989 2776 ut
3016 2731 3071 2778 et
3100 2724 3212 2790 ipse
3257 2726 3472 2795 spiritus

1918 2823 2018 2868 est.
2055 2813 2173 2867 Fiet
2197 2821 2370 2867 autem
2399 2811 2499 2867 hoc
2525 2812 2810 2866 secundum
2838 2816 3197 2881 Operationetn
3223 2817 3472 2878 potentia:

1920 2903 2054 2971 ejus.
2099 2903 2266 2958 Omne
2315 2901 2457 2957 enim
2539 2904 2845 2973 mysterium
2901 2911 3056 2970 atque
3119 2906 3290 2958 omnis
3337 2906 3476 2959 actio

1919 2992 2114 3047 Christi
2145 2994 2243 3046 hoc
2281 3001 2530 3061 operatur
2561 2992 2661 3046 hoc
2708 2992 2936 3060 complet
2963 2993 3252 3046 secundum
3285 3002 3472 3062 poten-

1920 3084 2046 3136 tiam
2075 3097 2222 3136 suam
2246 3123 2260 3146 ,
2287 3090 2344 3136 ut
2367 3097 2463 3136 nos
2508 3082 2558 3134 in
2611 3097 2769 3134 unum
2817 3083 3226 3147 conveniamus;
3271 3099 3390 3137 cum
3421 3095 3474 3138 et

1916 3175 2094 3228 anima
2120 3184 2169 3227 et
2193 3187 2386 3241 corpus
2415 3180 2468 3225 et
2494 3172 2711 3240 spiritus
2733 3180 2918 3234 erunt,
2937 3179 2992 3224 ut
3013 3171 3088 3241 (5)
3119 3171 3229 3240 ipse
3254 3173 3472 3242 Spiritus

1917 3271 2019 3318 est.

1987 3355 2116 3410 Item
2139 3396 2152 3419 ,
2180 3355 2301 3424 quia
2330 3355 2466 3408 Deus
2492 3368 2610 3408 cum
2641 3354 2856 3421 Spiritus
2883 3352 2970 3418 sit,
2995 3355 3338 3421 subjicientur
3360 3358 3477 3410 nni-

1916 3461 2063 3502 vcrsa
2095 3448 2200 3501 Deo
2227 3462 2344 3501 cum
2374 3447 2437 3498 ad
2463 3463 2617 3498 unam
2651 3447 2895 3500 virtutem
2929 3447 3231 3515 redigentur
3260 3490 3272 3509 ,
3299 3459 3349 3501 et
3367 3449 3465 3514 sic,

1915 3537 2122 3606 inquit,
2157 3537 2348 3604 peterit
2383 3535 2622 3588 uoiversa
2677 3536 2749 3588 illi
2789 3535 3050 3600 subdere,
3093 3537 3291 3590 scilicet
3341 3538 3469 3590 Deo.

1914 3627 2092 3680 Videri
2120 3636 2295 3696 potest
2335 3626 2386 3679 in
2413 3626 2716 3680 continuum
2769 3635 2823 3678 ct
2873 3640 2977 3678 non
3028 3625 3368 3690 conjunctnm
3419 3626 3471 3678 in

1912 3721 2188 3782 oratiOne,
2238 3732 2356 3772 cum
2415 3717 2483 3769 ita
2532 3716 2706 3784 posoit
2744 3725 2798 3767 ut
2849 3716 3003 3784 possit
3051 3715 3199 3767 etiam
3242 3716 3473 3770 universa

1912 3810 1987 3863 illi
2014 3809 2253 3871 subdere,
2287 3821 2457 3876 neque
2485 3805 2736 3873 praemisit
2763 3819 2868 3874 quo
2891 3804 3180 3858 referamus
3203 3805 3296 3858 illi.
3341 3805 3468 3860 Etc-

1911 3901 2018 3954 nim
2045 3901 2089 3952 si
2118 3899 2193 3952 illi
2213 3897 2279 3952 ad
2302 3898 2463 3950 Deum
2488 3910 2828 3958 revocamus,
2853 3894 2994 3948 Deus
3030 3910 3186 3964 supra
3233 3895 3466 3948 nomina-

1911 3999 1996 4044 tus
2017 3996 2253 4052 nonest,
2284 3988 2352 4041 sit
2393 3989 2676 4040 ohscurutn
2725 3993 2779 4038 et
2831 4001 2934 4037 non
2981 3993 3215 4047 rectum,
3265 3985 3359 4038 sed
3399 3985 3466 4038 ab

1909 4081 2311 4148 interpretatore
2356 4077 2522 4144 magis
2563 4076 2790 4144 positum
2841 4089 2998 4142 quam
3046 4089 3075 4126 a
3126 4074 3305 4126 Paulo.
3350 4073 3467 4139 Quo

1909 4175 2066 4243 igitur
2091 4171 2364 4226 referimus
2391 4171 2496 4223 illi?
2519 4170 2736 4222 Constat
2758 4167 2966 4236 quidem
2994 4167 3236 4235 quoniam
3265 4169 3332 4221 ob
3362 4167 3462 4222 hoc

1909 4273 2153 4332 operatur
2188 4261 2446 4323 Chri~tus,
2514 4260 2584 4312 uti
2632 4260 2872 4312 universa
2916 4259 3022 4312 Deo
3070 4258 3329 4326 subjiciat;
3363 4260 3456 4312 sed

1908 4353 1992 4406 hic
2021 4352 2108 4405 Dei
2138 4351 2448 4419 signiﬁcatio
2491 4350 2633 4402 nulla
2673 4358 2771 4402 est.
2804 4350 2917 4415 Quo
2958 4350 3112 4416 igitur
3151 4347 3461 4401 referimus?

1908 4440 2299 4511 intelligendum
2323 4441 2586 4506 quomodo
2608 4440 2856 4502 breviter,
2881 4447 2932 4490 et
2959 4453 3068 4502 ape:
3086 4445 3136 4489 te
3162 4446 3333 4490 tamen
3361 4453 3456 4506 po-

245 4527 482 4597 Denique
509 4533 585 4584 sic
611 4531 847 4601 adjungit
875 4550 889 4585 .'
919 4535 1051 4585 unde
1102 4534 1247 4586 etiam
1303 4535 1577 4587 salutarem
1603 4532 1680 4605 (2)
1713 4550 1800 4586 ρας-
1828 4513 1876 4570 D
1904 4534 2065 4585 suerit
2093 4535 2272 4584 Deum.
2298 4529 2426 4583 Nam
2457 4545 2574 4584 cum
2605 4530 2733 4583 dixit
2781 4530 2918 4598 quod
2967 4528 3206 4582 Christus
3233 4569 3246 4591 ,
3301 4545 3458 4597 quem

251 4632 507 4688 pectamtts
537 4621 805 4674 Dominum
838 4633 1058 4677 nostrum
1094 4623 1266 4676 Jcsum
1307 4623 1574 4677 Christum.
1623 4623 1692 4677 Ut
1747 4632 1800 4676 et

252 4710 375 4764 inde
405 4712 638 4775 venerit,
665 4714 858 4766 ctinde
902 4723 1152 4766 venturus
1197 4713 1283 4765 sit.
1335 4713 1539 4766 Etenim
1587 4712 1628 4765 si
1681 4713 1798 4765 inde

246 4809 500 4854 venturus
529 4809 610 4854 est
633 4843 646 4865 ,
673 4811 726 4854 et
747 4809 870 4856 ante
893 4801 1013 4856 inde
1035 4806 1192 4856 venit.
1219 4803 1314 4868 Qui
1341 4803 1479 4856 cnitn
1512 4801 1747 4856 ascendit
1780 4844 1793 4866 ,

245 4889 358 4959 ipse
380 4899 461 4943 cst
487 4898 535 4943 et
565 4892 649 4959 qui
678 4891 966 4944 descendit.
1011 4892 1144 4959 Ergo
1171 4907 1266 4945 nos
1292 4893 1340 4944 in
1369 4893 1518 4946 (telis
1544 4892 1798 4946 habemus

243 4984 692 5037 conversationem
721 5023 734 5046 ,
761 4984 879 5051 quia
909 4983 1030 5036 inde
1055 4992 1108 5036 cl
1145 4984 1430 5036 Salutarem
1485 4994 1797 5052 expectamus

245 5070 517 5126 Dominum
539 5083 756 5126 nostrum
775 5073 947 5125 Jesum
965 5071 1237 5138 Clu-istum,
1257 5073 1345 5140 qui
1365 5083 1610 5125 venturus
1631 5079 1714 5124 cst
1733 5069 1797 5123 ad

239 5163 492 5232 judicium
520 5164 796 5231 postremis
822 5164 1141 5231 temporibus
1165 5181 1178 5224 ;
1210 5171 1264 5216 et
1283 5163 1383 5216 erit
1409 5161 1558 5215 nobis
1589 5161 1801 5213 Saluta—

243 5256 337 5321 ris,
361 5259 479 5324 quia
502 5258 552 5310 in
584 5258 750 5324 ipsum
775 5256 1058 5318 credimus,
1079 5264 1131 5309 et
1147 5253 1410 5309 Christum
1435 5262 1794 5323 expectamus.

315 5346 477 5400 Vsus.
522 5346 610 5400 21.
639 5376 710 5387 —
750 5347 846 5412 Qui
871 5347 1238 5414 transﬁguravit
1279 5343 1351 5414 (5)
1380 5360 1558 5412 corpus
1597 5343 1798 5394 humili-

247 5441 360 5492 tatis
407 5449 608 5505 nostrw,
659 5448 710 5492 ut
767 5441 830 5491 sit
877 5438 1165 5507 wquiforme
1209 5453 1320 5488 cum
1369 5451 1586 5505 corpore
1623 5435 1801 5503 gloriw

315 5573 390 5646 (ι)
416 5574 582 5646 οοαά.
623 5575 708 5646 qd.

318 5645 396 5714 (2)
419 5645 578 5714 γωδ.
602 5645 956 5714 salvatorem.

318 5647 371 5712 (2
427 5647 578 5714 Vulg.
618 5647 956 5699 Salvalorem.

313 5647 396 5784 (δὲ
415 5712 486 5768 ita
516 5713 670 5769 codd.
697 5715 813 5768 heic
842 5727 892 5768 et
919 5713 1051 5767 infra
1073 5755 1087 5778 ,
1119 5730 1223 5770 non
1255 5713 1651 5783 transﬁgm-abit.

678 5805 948 5864 ΡΑτιιυι.
983 5799 1150 5864 Vill.

1906 4620 2688 4690 expectamus,transfigurat-it
2738 4633 2930 4686 corpus
2974 4617 3284 4671 humilitatis
3335 4635 3458 4673 nos-

1903 4722 2030 4777 trte,
2060 4724 2116 4767 ut
2144 4715 2312 4781 ipsum
2358 4727 2549 4780 corpus
2580 4711 2886 4764 humilitatis
2935 4722 3128 4763 nostra!
3176 4711 3242 4762 sit
3293 4710 3457 4778 tuqui-

1904 4803 2072 4858 forme
2114 4819 2230 4857 cum
2279 4817 2502 4869 corpore
2553 4803 2734 4871 glori-.1:
2783 4801 2981 4867 ipsius;
3030 4799 3112 4852 hic
3139 4810 3216 4852 est
3245 4801 3328 4852 uhi
3359 4801 3456 4854 Dei

1898 4895 2242 4963 intelligentia
2270 4892 2542 4959 accipitur,
2575 4893 2755 4960 etipse
2785 4892 2942 4955 Deus,
2966 4905 3082 4944 cum
3111 4890 3240 4942 dixit
3266 4904 3457 4943 secun-

1972 5010 2048 5082 (1)
2076 5010 2253 5077 γυιςη
2283 5011 2365 5074 qui
2395 5008 2682 5082 "formabit
2714 5024 2896 5082 corpus
2927 5008 3221 5082 humilitatis
3251 5018 3455 5072 nostra’,

1899 5079 2264 5149 con/iguratum
2289 5081 2488 5146 corpori
2510 5081 2750 5131 claritatis
2789 5093 2921 5140 sure,
2961 5079 3234 5149 secundum
3279 5094 3458 5144 opera-

1900 5147 2078 5204 tionem
2097 5194 2110 5214 ,
2137 5169 2234 5219 qua
2254 5151 2400 5203 etiam
2431 5150 2584 5218 possit
2612 5149 2854 5213 sublicere
2875 5147 2969 5198 sibi
2999 5147 3183 5197 omnia.

1971 5221 2047 5288 (ε)
2076 5221 2240 5272 ίιοιιει.
2284 5223 2368 5272 da.

1975 5285 2054 5360 (δ’)
2079 5290 2244 5343 Codd.
2275 5289 2378 5357 sps.
2415 5287 2570 5360 igitur
2603 5286 2678 5338 vel
2706 5286 2886 5360 species
2915 5285 2995 5339 vel
3018 5286 3243 5354 spiritus.
3295 5285 3360 5337 At
3403 5285 3455 5338 in

1903 5357 2239 5421 sequentibus
2269 5359 2404 5410 idem
2435 5357 2555 5409 cod.
2583 5357 2790 5422 species.

1977 5429 2054 5501 (i)
2089 5429 2158 5481 lto
2190 5444 2245 5501 se
2273 5427 2428 5501 habet
2453 5427 2595 5477 locus
2629 5423 2854 5501 int-odd.
2888 5423 3060 5492 Atque
3093 5423 3227 5501 haud
3256 5423 3367 5477 scio
3396 5439 3462 5501 an

1906 5493 2353 5566 sat‘is'tlicolngice
2386 5497 2624 5566 loquatur
2654 5493 2982 5566 _ViClU_ritit_ts:
3035 5494 3126 5566 sed
3161 5505 3314 5566 certe
3366 5494 3466 5566 oh-

1908 5568 2157 5623 scuritate
2181 5561 2273 5619 sua
2298 5581 2354 5619 se
2377 5561 2620 5616 involvit.
2657 5563 2853 5615 liccolc
2898 5562 3098 5615 Petavii
3142 5562 3335 5614 dictum
3361 5561 3466 5616 θυι.

1913 5640 2069 5702 1211,
2101 5639 2231 5690 ιι.2.

1985 5709 2060 5779 (ὅ)
2089 5708 2253 5762 Codd.
2289 5715 2350 5759 et.

2849 5792 2924 5850 3‘.)
