3950 6206
443 258 581 322 1237

1680 250 1869 307 MAR"
1899 251 2240 312 VlCTOBlNl
2274 256 2439 314 AFRI

3582 262 3708 320 1228

428 371 556 428 dum
582 371 946 441 operationem
994 368 1244 439 potentiae
1284 380 1416 422 suae.
1464 365 1653 421 Omnia
1704 366 1847 421 enim
1892 364 2017 422 fecit
2045 378 2096 437 Α
2193 375 2356 431 Vm.
2384 376 2439 430 2.
2462 404 2535 416 --
2556 374 2877 432 Euchodiam
2900 394 3045 450 rogo,
3072 389 3118 433 et
3141 379 3439 451 Syntychen
3462 394 3587 449 rogo
3610 377 3705 450 (l),

435 466 682 519 Christus
723 471 784 517 ut
828 462 1135 517 consuleret
1178 458 1399 524 animis,
1465 456 1816 513 aeternitatem
1872 459 2020 512 carni

437 554 598 608 etiam
646 552 832 619 daret,
859 558 915 605 et
941 550 1255 620 mqnitorme
1298 562 1495 618 corpus
1534 558 1775 602 nostrum
1823 546 2024 602 iaceret

437 646 647 715 corpori
672 642 752 714 (l)
774 644 955 713 glorias
983 657 1123 707 suae,
1146 640 1242 695 sed
1270 639 1370 695 hoc
1400 640 1524 693 fecit
1551 638 1844 693 secundum
1893 652 2024 707 Opec

441 740 702 792 rationem
731 737 983 807 potentia:
1008 750 1140 788 sure.
1171 732 1436 802 Operatus
1470 741 1554 788 est
1591 731 1756 797 enim,
1801 731 1893 787 sed
1923 746 2021 801 po-

445 830 609 884 tentia
634 830 748 897 ejus
778 844 870 897 per
900 843 1057 897 quam
1095 833 1347 895 operatus
1373 835 1455 880 est
1490 843 1502 877 :
1536 824 1674 879 Deus
1703 832 2021 888 autemest;

444 937 538 991 per
560 930 761 991 patrem
784 921 928 975 enim
960 926 1233 988 operatur.
1281 917 1521 972 Christus
1574 915 1787 985 quidem
1836 928 2027 985 opera-

446 1022 531 1069 tur
564 1031 577 1067 :
604 1013 811 1067 scilicet
833 1020 981 1082 pater
1004 1014 1056 1067 in
1080 1027 1144 1066 eo
1171 1017 1284 1075 est,
1314 1017 1369 1065 et
1397 1024 1491 1078 per
1535 1009 1710 1078 ipsum
1750 1014 2021 1079 operatur.

447 1109 588 1179 Ergo
611 1109 698 1163 ubi
721 1110 855 1165 dixit
873 1110 1114 1182 potentia:
1165 1107 1441 1172 suw,illic
1482 1106 1794 1177 intelligitur
1844 1108 2023 1175 Deus,

453 1206 537 1258 cui
566 1204 770 1259 scilicet
794 1203 975 1259 subdit
998 1204 1244 1259 universa
1270 1243 1285 1267 ,
1308 1210 1363 1255 et
1384 1210 1599 1270 propter
1628 1203 1727 1256 hoc
1752 1210 2026 1270 operatur,

447 1303 508 1349 nt
545 1296 715 1363 possit
758 1295 917 1349 etiam
969 1294 1216 1348 universa
1264 1292 1336 1345 illi
1392 1290 1640 1345 subdere.
1668 1290 1821 1358 Quod
1849 1298 2026 1346 autem

444 1385 582 1439 dixit
633 1387 796 1440 etiam
848 1386 1130 1448 universa,
1179 1382 1412 1438 refertur
1431 1382 1495 1435 ad
1546 1381 1598 1436 id
1648 1381 1788 1452 quod
1816 1382 1929 1454 ipse
1952 1383 2029 1437 illi

448 1477 711 1532 subditus.
735 1476 865 1530 Nam
885 1476 1106 1531 verbum
1133 1474 1315 1544 utique
1339 1472 1479 1544 quod
1501 1472 1744 1529 Christus
1762 1473 1840 1543 (2)
1863 1515 1877 1539 ,
1905 1472 2029 1528 sub-

446 1568 617 1622 ditum
647 1580 729 1622 est
762 1569 869 1622 Deo
890 1608 904 1632 ,
932 1576 1015 1623 est
1038 1568 1178 1621 enim
1228 1566 1367 1621 Deus
1414 1566 1680 1635 potentior
1712 1565 1808 1636 (5).
1860 1564 1927 1619 Et
1976 1564 2030 1619 id

452 1664 633 1718 multis
672 1663 949 1732 probatum
982 1662 1140 1716 rebus
1186 1669 1269 1716 est
1314 1660 1415 1729 (4).
1448 1658 1544 1714 Ille
1576 1668 1658 1714 est
1700 1659 1789 1728 qui
1837 1658 2029 1723 mittit,

2123 466 2177 520 id
2210 468 2375 536 ipsum
2402 482 2581 536 sapere
2606 470 2660 522 in
2680 467 2923 524 Domino.
2954 469 3023 525 Ut
3045 479 3101 525 et
3124 472 3254 538 ipsae
3285 470 3519 526 lamina:
3551 485 3707 524 unum

2121 556 2331 626 sapiant
2356 558 2408 611 in
2437 557 2684 626 Domino,
2718 560 2770 614 id
2796 570 2878 615 est
2915 572 2971 615 ut
3003 558 3273 617 Christum
3296 561 3603 624 credentes,
3651 574 3710 616 ea

2123 662 2241 715 quae
2264 647 2330 702 de
2355 649 2629 718 evangelio
2653 660 2778 705 sunt
2802 652 2943 705 circa
2973 650 3241 707 Christum
3268 652 3505 707 sentiant
3546 662 3601 707 et
3626 651 3708 707 in~

2125 736 2381 807 telligant.
2427 737 2533 795 Sed
2574 754 2721 809 rogo,
2778 740 2969 810 inquit,
3022 745 3327 811 exprimens
3377 740 3709 811 profuturum

2126 831 2251 887 illis.
2282 831 2395 887 Non
2421 832 2561 886 enim
2591 832 2816 897 mando,
2845 848 2949 887 non
2974 832 3209 904 impero,
3242 835 3336 891 sed
3367 849 3518 905 rogo.

2199 923 2362 980 Vens.
2390 928 2442 980 3.
2473 956 2545 965 —
2573 924 2659 979 Ita
2688 926 2913 993 obsecro,
2944 938 2989 981 et
3017 937 3079 991 te,
3103 944 3339 999 germtme
3364 929 3582 1000 unijuge
3607 925 3708 999 (εἰ),

2126 1017 2315 1090 adjnua
2350 1018 2469 1072 illas
2498 1034 2609 1087 qua
2636 1018 2983 1073 laboraverunt
3026 1020 3178 1074 simul
3206 1036 3398 1073 mecum
3446 1020 3498 1073 in
3544 1019 3714 1074 Evan-

2126 1110 2299 1180 gelio,
2352 1125 2466 1163 cum
2521 1107 2774 1163 Clemente
2821 1120 2866 1164 et
2924 1112 3117 1165 ueteris
3168 1110 3490 1182 adjutoribus
3565 1111 3712 1178 meis,

2127 1216 2341 1270 quorum
2381 1200 2587 1254 nomina
2632 1210 2749 1255 sunt
2790 1202 2843 1255 in
2890 1201 3019 1256 libro
3068 1202 3199 1257 uiue.
3267 1204 3440 1271 Supra
3481 1202 3712 1258 diximus

2130 1288 2550 1360 Epaphroditum
2602 1291 2911 1362 promisisse
2957 1300 3237 1348 venturum
3294 1292 3361 1348 ad
3402 1292 3715 1363 Philippen-

2129 1395 2218 1436 ses
2245 1398 2258 1434 :
2315 1391 2497 1451 postea
2524 1384 2758 1439 ostendit
2781 1384 2922 1454 quod
2944 1400 3065 1439 eum
3112 1385 3353 1450 miserit,
3387 1400 3511 1441 cum
3539 1384 3711 1453 dixit,

2130 1474 2452 1543 festinantius
2482 1476 2649 1545 itaque
2668 1477 2783 1530 misi
2799 1493 2929 1531 eunt.
2962 1477 3103 1549 Ergo
3124 1478 3276 1547 quasi
3300 1478 3400 1533 hoc
3418 1479 3667 1548 adjicitur
3694 1520 3711 1547 ,

2134 1574 2187 1615 ut
2202 1564 2439 1633 etipsum
2455 1565 2507 1620 in
2530 1566 2751 1637 epistola
2769 1567 3074 1623 mandatum
3090 1568 3300 1636 habeat,
3318 1581 3578 1640 rogetque
3595 1584 3714 1624 eum

2131 1663 2292 1725 atque
2317 1656 2565 1713 obsecret
2583 1700 2598 1725 ,
2634 1668 2691 1714 ut
2720 1659 2839 1715 illas
2880 1659 3085 1715 scilicet
3114 1659 3358 1714 laminas
3384 1660 3715 1716 Euchodiam

452 1754 538 1808 hic
557 1754 645 1823 qui
671 1754 897 1809 mittitur
927 1770 940 1808 :
969 1752 1059 1807 ille
1081 1760 1253 1822 pater,
1279 1750 1364 1805 hic
1393 1750 1533 1805 illius
1565 1769 1578 1805 :
1604 1750 1689 1805 hic
1729 1765 1821 1819 per
1867 1764 2024 1820 quem
2059 1756 2101 1817 Β
2129 1757 2183 1803 et
2206 1749 2513 1821 Syntychen
2539 1761 2751 1807 moneat
2776 1752 2829 1807 id
2851 1752 3022 1822 ipsum
3052 1767 3240 1822 sapere
3264 1754 3317 1807 in
3345 1753 3592 1810 Domino.
3619 1752 3717 1809 Δός

448 1845 690 1912 Operatio
717 1852 829 1909 est,
867 1843 954 1897 ille
984 1851 1253 1913 operator.
1312 1842 1451 1910 Ergo
1499 1842 1597 1895 ista
1642 1840 1725 1912 (5)
1763 1840 1906 1895 sisic
1934 1840 2031 1893 ha-

452 1935 578 1989 bent
604 1977 617 1999 ,
647 1934 893 1988 Christus
915 1934 981 1987 ad
1017 1935 1182 1987 Deum
1231 1941 1289 1987 ut
1315 1932 1429 2002 ipse
1453 1932 1506 1985 ei
1526 1931 1768 1986 subditus
1814 1933 1903 1985 sit.
1945 1929 2035 1986 Sic

450 2027 590 2078 enim
613 2026 814 2080 dictum
848 2026 898 2079 in
943 2025 1179 2094 Epistula
1219 2024 1285 2078 ad
1330 2021 1640 2078 Corinthios
1668 2022 1838 2092 prima
1868 2040 1879 2075 :
1910 2037 2031 2078 cum

451 2132 577 2169 vero
608 2115 847 2185 subjecta
880 2116 1074 2170 fuerint
1096 2115 1171 2168 illi
1201 2114 1378 2169 omnia
1402 2154 1416 2178 ,
1442 2122 1568 2167 tunc
1619 2113 1735 2182 ipse
1785 2111 2032 2167 subditus

449 2211 550 2264 erit
572 2210 652 2271 ei,
674 2210 761 2279 qui
792 2209 892 2262 sibi
915 2207 1151 2261 subdidit
1176 2206 1357 2261 omnia
1384 2224 1396 2260 :
1430 2214 1488 2260 ut
1524 2205 1662 2259 Deus
1683 2206 1754 2260 sit
1778 2206 1956 2259 omnia
1979 2205 2033 2259 in

452 2297 719 2351 omnibus.
778 2297 860 2351 An
913 2298 1005 2352 ille
1057 2311 1249 2351 sensus
1271 2305 1385 2359 est,
1437 2295 1579 2365 quod
1626 2295 1757 2349 dixit
1789 2304 1843 2349 ut
1871 2296 2039 2365 possit

451 2390 646 2455 etiam,
680 2400 861 2444 utnon
889 2390 1062 2443 solum
1114 2387 1428 2458 aequil'orme
1472 2402 1666 2457 corpus
1721 2388 2033 2443 humilitatis

456 2491 653 2537 nostra:
684 2479 875 2545 faciat,
908 2481 1004 2537 sed
1043 2480 1204 2536 etiam
1234 2482 1407 2551 possit
1432 2479 1505 2533 illi
1528 2480 1707 2533 omnia
1762 2479 2035 2535 subdere?

450 2574 725 2644 Superatis
747 2574 890 2628 enim
921 2573 1169 2627 omnibus
1190 2612 1205 2637 ,
1234 2587 1354 2641 quae
1391 2579 1482 2625 aut
1501 2571 1736 2625 carnalia
1779 2579 1906 2626 sunt
1945 2581 2038 2626 aut

449 2672 744 2731 creaturae,
784 2675 837 2720 et
878 2663 1131 2727 mutatis,
1181 2662 1389 2717 subdita
1436 2662 1683 2717 universa
1738 2660 2037 2718 redduntur

456 2758 709 2827 potentia:
736 2758 828 2811 Dei
849 2799 861 2818 ,
891 2772 985 2826 per
1013 2771 1171 2821 quam
1199 2755 1443 2810 Christus
1468 2761 1741 2823 operatur.

524 2846 997 2903 CAP.1v.-—VEBS.
1018 2844 1465 2916 L-Quupropter,
1496 2848 1675 2916 fratres
1702 2844 2033 2910 dilectissimi,

456 2941 697 3010 gaudium
720 2948 763 2993 et
784 2954 970 2993 corona
992 2954 1120 3001 nica,
1144 2937 1397 2990 consistite
1414 2936 1468 2989 in
1489 2934 1711 2988 Domino
1728 2934 1827 3007 (6).
1847 2934 2033 2991 Omnis

453 3032 624 3085 virtus
654 3032 704 3084 in
734 3030 1037 3085 christianis
1064 3029 1297 3083 charitas
1319 3038 1401 3083 est
1421 3039 1475 3083 et
1503 3028 1738 3095 dilectio,
1774 3043 1894 3098 qua:
1921 3029 2035 3084 ﬁeri

2128 1839 2251 1909 juva
2285 1882 2299 1906 ,
2356 1843 2568 1912 inquit,
2603 1843 2716 1899 illas
2742 1860 2861 1913 qua:
2910 1844 3156 1899 laborant
3210 1844 3367 1899 simul
3422 1860 3633 1901 mecum
3661 1845 3715 1900 in

2142 1931 2452 2002 Evangelio.
2498 1934 2783 2003 Quomodo
2820 1936 3063 1990 laborant
3090 1937 3143 1991 in
3184 1937 3529 2009 Evangelia?
3582 1946 3714 1993 utet

2134 2022 2265 2092 ipsa
2295 2025 2379 2080 vel
2433 2026 2604 2096 ipsum
2646 2026 2987 2097 Evangelium
3020 2029 3161 2100 quod
3192 2044 3291 2101 ego
3334 2029 3600 2085 adnuntio
3628 2045 3713 2101 sg-

2133 2124 2395 2181 noscant,
2423 2116 2725 2172 custodiant
2756 2160 2769 2183 ,
2802 2129 3014 2174 servent
3040 2134 3055 2183 ;
3098 2119 3179 2174 vel
3209 2120 3337 2189 ipsa:
3364 2120 3709 2185 adnuntiant,

2134 2217 2375 2263 asserant
2404 2249 2416 2275 ,
2471 2210 2835 2281 evangelizent
2866 2226 2881 2269 :
2935 2226 3029 2281 pro
3057 2211 3219 2266 modo
3248 2212 3390 2267 enim
3438 2214 3713 2285 loquentes

2134 2293 2202 2351 de
2257 2299 2534 2369 evangelio
2558 2342 2573 2366 ,
2625 2301 2678 2355 id
2702 2309 2785 2356 est
2800 2300 2868 2357 de
2886 2302 3099 2357 Christo
3124 2312 3175 2358 et
3206 2304 3273 2358 de
3317 2306 3581 2374 mysterio
3613 2314 3715 2360 toto

2135 2387 2504 2456 evangelizant
2532 2391 2691 2445 etiam
2714 2391 2966 2447 laminas.

2206 2477 2443 2548 Denique
2463 2481 2540 2535 sic
2561 2481 2800 2552 adjungit
2815 2499 2929 2535 cum
2950 2481 3201 2537 Clemente
3225 2492 3271 2537 et
3292 2486 3491 2540 cateris
3519 2487 3715 2556 adjuto-

2134 2569 2274 2622 ribus
2301 2570 2442 2635 meis,
2474 2588 2705 2641 quorum,
2756 2574 2945 2644 inquit,
2977 2577 3183 2629 nomina
3211 2577 3263 2628 in
3307 2578 3440 2631 libro
3467 2578 3603 2633 vita.
3645 2579 3713 2635 ita

2135 2660 2277 2713 enim
2301 2664 2609 2731 mysterium
2634 2674 2890 2720 memorat
2911 2664 3050 2734 quod
3073 2680 3280 2731 omnes,
3306 2666 3395 2737 qni
3418 2666 3485 2722 de
3507 2665 3715 2724 Christo

2138 2750 2295 2805 iidem
2320 2753 2535 2820 habent,
2564 2768 2616 2811 et
2648 2758 2698 2811 in
2727 2773 2792 2814 eo
2820 2757 2975 2813 [idem
3006 2758 3220 2823 habent,
3243 2768 3299 2815 et
3318 2759 3612 2828 loquuntur
3634 2771 3713 2816 at-

2137 2857 2240 2909 que
2263 2844 2536 2902 insinuant
2581 2848 2737 2904 [idem
2783 2853 2951 2918 ipsam
2985 2850 3036 2903 in
3065 2849 3333 2904 Christum
3365 2851 3671 2908 hominibus
3696 2893 3712 2921 ,

2138 2933 2283 2989 velut
2302 2935 2572 3006 adjutores
2594 2949 2717 2994 sunt
2741 2939 3081 3009 evangelistis
3110 2958 3123 2993 :
3149 2948 3207 2994 et
3230 2956 3353 2996 eum
3378 2944 3449 2997 ita
3481 2944 3582 2998 hoc
3606 2944 3710 3009 sit,

2136 3025 2241 3094 jam
2267 3026 2317 3080 in
2342 3027 2476 3082 libro
2497 3039 2620 3085 sunt
2670 3032 2886 3086 nomina
2916 3046 3099 3087 eorum
3148 3033 3288 3103 apud
3319 3035 3483 3090 Deum
3513 3076 3528 3099 ,
3572 3033 3712 3105 quod

458 3139 561 3178 non
596 3131 767 3192 potest
792 3123 836 3176 si
868 3138 971 3176 non
1014 3136 1170 3175 unam
1203 3120 1487 3175 essentiam
1518 3119 1750 3174 habeant
1775 3127 1831 3173 et
1854 3120 1905 3173 in
1935 3134 2039 3175 uno
2064 3121 2108 3182 C
2144 3118 2197 3169 in
2225 3119 2329 3172 vita
2354 3129 2553 3176 aeterna
2579 3121 2739 3177 futuri
2766 3124 2892 3177 sint.
2915 3123 3073 3178 Istum
3100 3133 3275 3180 autem
3303 3139 3423 3180 esse
3450 3124 3717 3195 Epaphro-

455 3218 769 3280 consistant,
793 3232 952 3269 unum
980 3215 1289 3273 sentientes;
1310 3211 1450 3280 quod
1465 3220 1546 3265 est
1563 3226 1703 3265 nunc
1723 3212 1775 3263 in
1800 3210 2035 3278 Domino,

456 3310 644 3379 inquit,
678 3308 951 3375 consistite,
975 3323 1002 3360 ο
1024 3307 1205 3374 fratres
1230 3303 1560 3358 dilectissimi.
1589 3303 1666 3357 Ex
1688 3319 1792 3372 quo
1818 3303 2040 3372 intelligi

454 3403 579 3456 licet
626 3418 784 3454 unum
823 3401 944 3456 illos
973 3400 1109 3454 velle
1142 3412 1331 3467 sapere
1359 3395 1573 3466 quando
1601 3398 1807 3466 fratres,
1841 3396 2035 3465 inquit,

456 3494 788 3547 dilectissimi.
830 3491 941 3545 lloc
988 3492 1128 3545 enim
1170 3488 1441 3557 provenit,
1485 3497 1541 3540 ut
1580 3500 1637 3541 se
1668 3488 1892 3541 invicem
1920 3486 2040 3542 dili-

455 3596 580 3655 gant
611 3588 698 3653 qui
730 3598 891 3637 unum
923 3581 1176 3645 sentiunt,
1208 3588 1261 3634 et
1288 3578 1340 3631 in
1375 3591 1481 3630 uno
1510 3578 1830 3632 consistunt.
1854 3578 1908 3631 In
1934 3593 2040 3647 quo

457 3676 575 3731 illo?
598 3678 651 3728 in
677 3674 889 3727 Christo
907 3673 1129 3727 scilicet.
1154 3670 1285 3724 Cum
1308 3667 1451 3723 enim
1477 3667 1633 3723 [idem
1656 3684 1843 3723 omnes
1864 3683 2041 3737 mqua-

455 3768 638 3821 litcrin
655 3765 869 3820 Christo
890 3764 1135 3827 habeant,
1160 3762 1211 3815 in
1232 3762 1322 3816 illo
1343 3762 1658 3815 consistunt.
1684 3760 1832 3827 Quod
1852 3763 1893 3815 si
1922 3776 2034 3828 vos,

458 3875 491 3913 ο
516 3858 899 3925 Philippenses,
932 3854 982 3908 id
1020 3852 1271 3918 feceritis,
1300 3852 1449 3907 eritis
1480 3851 1731 3921 gaudium
1775 3867 1952 3907 meum
1988 3861 2037 3907 et

459 3963 655 4002 θοι-οης)
689 3963 826 4002 mea.

530 4099 609 4171 (Ι)
632 4098 795 4171 Codd.
824 4114 1031 4168 corpus.

533 4162 609 4242 (2)
634 4170 882 4242 Sequitur
904 4162 953 4221 in
971 4167 1126 4222 codd.
1158 4179 1203 4221 et
1227 4168 1367 4238 λόγος
1394 4165 1527 4235 quod
1556 4174 1623 4218 est
1648 4162 1899 4228 Christus,
1921 4178 2039 4230 qua:

459 4240 593 4296 vana
626 4240 870 4308 repetitio
902 4247 1002 4293 est.

532 4314 609 4381 (3)
638 4308 803 4381 Codd.
837 4309 1112 4381 potentius.

535 4372 608 4452 (4)
653 4378 801 4445 Quod
823 4372 1100 4452 attinetad
1128 4377 1265 4431 hanc
1286 4375 1543 4452 Victorini
1572 4372 2034 4452 doctrinamsub-

462 4444 875 4520 sequentemqne
905 4448 1061 4520 Pauli
1082 4456 1287 4520 textum
1322 4486 1347 4520 ,_
1370 4446 1659 4520 audiamus
1681 4444 2028 4520 Augustinum

462 4511 648 4591 qun-st.
679 4520 765 4591 ϐξ),
792 4511 859 4571 ex
880 4520 946 4573 85
964 4536 989 4591 Δξ
1022 4517 1219 4591 Regulo
1247 4515 1509 4591 catholica:
1540 4514 1756 4591 ﬁdeisic
1779 4529 1831 4565 se
1862 4511 2025 4591 habet,

462 4582 516 4645 ut
545 4605 657 4643 cum
679 4582 848 4657 aliqua
875 4591 925 4639 in
954 4582 1232 4651 Srripturis
1280 4586 1518 4657 dicuntur
1537 4585 1601 4657 de
1620 4582 1726 4657 filio
1756 4624 1774 4657 ,_
1804 4583 2030 4657 quodsi!

462 4662 625 4713 minor
655 4652 795 4727 patre
824 4698 837 4718 ,
881 4658 1155 4727 secundum
1173 4656 1541 4727 susceptionem
1582 4653 1800 4727 hominis
1841 4652 2032 4703 intelli-

462 4722 691 4799 ganturv:
746 4744 858 4780 cum
886 4742 1000 4780 vero
1042 4743 1101 4799 ea
1123 4726 1360 4799 dicuntur
1392 4764 1406 4787 ,
1437 4724 1614 4799 quibus
1657 4722 2031 4799 demonstratur

460 4790 689 4867 inutilis,
714 4798 984 4851 secundum
1010 4797 1062 4849 id
1086 4795 1221 4867 quod
1236 4794 1370 4867 Deus
1403 4790 1472 4846 est
1507 4792 1843 4867 accipiantur.
1860 4790 2030 4867 Idem-

462 4861 563 4936 que
586 4861 906 4936 Augustinus
931 4861 1113 4920 contra
1134 4863 1494 4936 Maximinum,
1515 4880 1556 4936 ι,
1589 4863 1679 4936 l8:
1703 4862 1903 4936 Scimus
1925 4861 2031 4936 dic-_

466 4931 573 4991 [um
617 4931 723 4991 esie
770 4947 961 5006 patrem
1014 4936 1122 5003 ﬁlio
1145 4935 1432 5003 majorem,
1474 4935 1590 5001 quia
1630 4933 1877 5006 informa
1905 4931 2033 4983 servi

464 5021 565 5061 erat
591 5008 726 5066 [ilius
758 5001 779 5069 ,⁷
821 5018 867 5058 et
888 5001 1055 5058 adhuc
1073 5006 1126 5058 in
1160 5001 1323 5074 forma
1352 5015 1423 5058 est
1463 5007 1688 5074 humana
1712 5001 1850 5074 [ilius
1879 5017 2029 5068 quam

465 5081 637 5132 levavit
663 5079 712 5129 in
742 5075 940 5129 calum.
970 5072 1203 5143 Denique
1232 5074 1605 5143 Hieronymus,
1635 5072 1828 5138 dialog.
1852 5085 1909 5143 ἰ,
1942 5074 2026 5135 18,

463 5156 644 5202 contra
675 5148 849 5214 Pelag.
880 5162 895 5198 ε
930 5145 1066 5199 Deus
1093 5139 1175 5197 cui
1204 5143 1345 5196 docet
1368 5139 1632 5214 Apostolus
1638 5144 1796 5214 juxta
1826 5139 2032 5214 dispen-

463 5221 703 5272 sationem
730 5210 896 5268 cafnis
922 5226 1196 5283 assumpta:
1217 5210 1584 5284 subjiciendum
1609 5210 1790 5284 (ilium.
1813 5210 1889 5284 Et
1912 5210 2031 5278 qui-

462 5288 581 5343 dem
614 5290 731 5342 heic
759 5286 934 5338 valent
970 5278 1193 5338 aliorum
1243 5278 1454 5353 quoque
1486 5280 1782 5353 persimiles
1813 5278 2029 5353 Patrum

460 5362 801 5414 auctoritates
828 5357 1080 5409 adversus
1100 5348 1325 5408 Arianos
1354 5348 1750 5421 olimprolatm,
1769 5350 1857 5419 qui
1883 5348 2030 5403 Pauli

464 5431 639 5484 verbis
667 5427 1040 5482 abutebantur.

557 5500 613 5568 5)
635 5497 801 5568 Codd.
834 5496 923 5568 ita.

557 5502 613 5568 5)
635 5502 801 5552 Codd.
834 5502 923 5548 ita.

531 5502 616 5648 i6)
645 5567 825 5648 Vulg,
860 5564 1035 5648 Itaque
1060 5605 1074 5629 ,
1103 5565 1284 5633 fratres
1465 5560 1754 5648 charissimi
1777 5568 1872 5648 ,ει
1896 5559 2033 5648 desit

459 5631 797 5702 derat'issimi,
830 5631 1073 5704 gaudium
1104 5631 1282 5687 meum
1310 5641 1356 5687 et
1385 5648 1571 5686 corona
1594 5648 1705 5686 mea
1730 5647 1744 5695 ;
1799 5631 1874 5685 sic
1900 5640 2032 5684 state

462 5708 514 5762 in
541 5707 758 5763 Domino
782 5745 797 5774 ,
828 5704 1133 5759 charissimi.

2143 3209 2330 3277 ditum,
2353 3214 2436 3267 cui
2461 3215 2557 3268 ista
2585 3216 2802 3272 mandat
2824 3227 2877 3271 ut
2901 3218 3115 3284 adjuvet
3139 3220 3384 3275 laminas
3408 3220 3716 3289 superiores

2144 3310 2199 3354 ut
2222 3319 2382 3358 unum
2410 3308 2660 3361 sentiant.
2706 3308 2837 3362 llinc
2867 3309 3091 3383 intelligi
3112 3311 3234 3365 licet
3263 3312 3386 3380 quia
3411 3311 3549 3365 dixit
3576 3352 3593 3377 ,
3624 3310 3718 3366 ob-

2142 3411 2294 3452 secro
2325 3408 2374 3453 te
2414 3416 2625 3471 quoque
2648 3451 2660 3469 ,
2686 3419 2938 3474 germane
2956 3406 3169 3476 unijuge
3201 3423 3215 3473 ;
3268 3404 3464 3475 quippe
3510 3405 3577 3459 de
3604 3406 3719 3474 ipso

2144 3502 2301 3558 supra
2325 3490 2401 3545 sic
2447 3492 2652 3547 locutus
2685 3504 2765 3549 est
2798 3512 2810 3547 :
2842 3494 3195 3550 Necessarium
3222 3506 3388 3550 tamen
3435 3495 3719 3550 existimavi

2145 3579 2552 3650 Epaphroditum
2589 3588 2796 3655 fratrem
2825 3604 2986 3641 meum
3010 3589 3398 3642 commilitonem
3438 3590 3718 3642 meumJla

2145 3672 2212 3724 ibi
2245 3670 2461 3727 fratrem
2490 3716 2504 3741 ,
2537 3675 2621 3731 hic
2651 3676 2779 3732 dixit
2801 3696 3033 3748 germane
3066 3697 3077 3733 :
3111 3694 3269 3749 supra
3303 3679 3440 3734 dixit
3467 3678 3718 3733 commili-

2145 3770 2343 3815 tonem:
2376 3763 2460 3818 hic
2501 3765 2639 3820 dixit
2680 3768 2905 3839 unijuge.

2215 3854 2377 3909 Vens.
2403 3857 2456 3922 4,
2480 3859 2533 3912 5.
2554 3888 2622 3898 —
2641 3859 2892 3926 Gaudete;
2921 3864 3164 3917 modestia
3191 3872 3356 3917 vestra
3374 3872 3497 3918 nota
3522 3864 3586 3917 sit
3615 3878 3722 3915 om-

2144 3946 2287 4000 nibus
2318 3949 2619 4005 hominibus.
2652 3952 2761 4008 Hoc
2791 3964 2871 4009 est
2897 3954 3038 4025 quod
3058 3970 3392 4025 consequens
3433 3955 3524 4020 sit,
3549 3965 3609 4008 ut
3635 3951 3720 4024 qui

2145 4055 2304 4095 unum
2335 4044 2586 4109 sentiunt,
2637 4056 2688 4099 et
2731 4047 2782 4099 in
2828 4062 2932 4101 uno
2962 4046 3118 4102 ﬁdem
3143 4046 3362 4113 habent,
3402 4047 3471 4102 de
3501 4047 3722 4102 Domino

2143 4134 2426 4204 gaudeant,
2454 4146 2507 4190 et
2536 4151 2748 4206 semper
2775 4140 2881 4192 cari
2920 4139 3019 4193 sibi
3048 4138 3271 4194 invicem
3306 4138 3436 4193 sint.
3472 4136 3717 4203 Gaudete,

2144 4227 2327 4295 inquit,
2368 4232 2420 4279 in
2450 4225 2691 4283 Domino.
2720 4228 2910 4283 Parum
2938 4229 3078 4283 istud
3108 4240 3208 4295 est;
3235 4229 3401 4282 denuo
3431 4230 3572 4294 dico,
3595 4244 3720 4299 gau-

2142 4319 2271 4373 dete.
2304 4317 2435 4374 Cum
2464 4322 2605 4374 enim
2640 4321 2813 4391 juncti
2859 4323 2988 4377 estis
3029 4321 3213 4386 corde,
3242 4322 3296 4377 in
3346 4322 3579 4377 Domino
3606 4337 3726 4393 gau«

2142 4413 2311 4468 detis:
2360 4426 2413 4468 et
2446 4430 2564 4468 cum
2620 4416 2860 4485 gaudetis
2906 4417 2955 4469 in
2992 4416 3234 4481 Domino,
3252 4415 3424 4485 juncti
3451 4414 3616 4470 corde
3641 4428 3724 4468 es-

2057 4496 2109 4555 D
2138 4505 2221 4567 tis,
2257 4518 2309 4561 et
2345 4508 2635 4563 consistitis
2662 4508 2713 4562 in
2747 4509 2991 4563 Domino.
3026 4506 3298 4573 Modestia,
3341 4508 3535 4579 inquit,
3564 4516 3725 4562 uestra

2135 4610 2254 4652 nota
2294 4602 2358 4653 sit
2395 4603 2624 4655 omnibus
2667 4601 2973 4655 hominibus.
3003 4599 3164 4654 Valde
3192 4602 3337 4656 enim
3374 4600 3442 4655 ad
3476 4601 3724 4655 meritum

2138 4692 2258 4744 vitte
2312 4691 2502 4747 futura:
2553 4692 2784 4759 pertinet
2842 4702 2895 4745 et
2958 4691 3024 4745 ad
3076 4706 3294 4761 regnum
3348 4692 3402 4745 in
3452 4691 3627 4757 caelis,
3676 4688 3725 4744 si

2140 4784 2378 4839 modeste
2404 4786 2658 4838 vivamus.
2703 4784 2955 4840 Modestia
2983 4785 3124 4838 enim
3170 4784 3403 4854 cognitio
3428 4791 3515 4838 est
3544 4783 3726 4836 unius-

2132 4878 2391 4945 cujusque
2435 4876 2648 4929 modum
2697 4886 2909 4941 tenens,
2964 4892 3062 4930 nec
3111 4876 3245 4930 ultra
3285 4889 3345 4930 se
3392 4874 3620 4929 tendens
3669 4883 3725 4929 et

2134 4967 2444 5019 extendens.
2475 4966 2682 5019 Etenim
2702 4982 2821 5019 cum
2860 4982 2957 5021 nos
2979 4966 3061 5020 hic
3084 4980 3302 5031 sumus,
3357 4965 3720 5020 humilitatem

2136 5065 2369 5111 nostram
2419 5056 2637 5127 (quippe
2665 5044 2787 5111 eum
2820 5056 2872 5111 in
2899 5057 3090 5112 alienis
3121 5056 3333 5125 sumus)
3363 5070 3721 5126 recognosca-

2136 5166 2251 5204 mus
2278 5192 2291 5213 ,
2322 5160 2376 5204 et
2404 5149 2617 5204 modum
2661 5158 2936 5206 teneamus
2960 5148 3273 5204 humilitatis
3318 5158 3517 5202 nostra
3540 5187 3557 5213 ,
3581 5147 3724 5203 Deus

2135 5241 2432 5295 sublevabit
2456 5256 2573 5295 nos.
2607 5241 2745 5310 Ergo
2769 5252 2887 5295 nota
2908 5242 2972 5295 sit
2998 5282 3013 5306 ,
3047 5241 3256 5309 inquit,
3299 5237 3535 5292 omnibus
3552 5236 3723 5289 homi-

2138 5334 2285 5388 nibus
2314 5335 2558 5387 modestia
2584 5343 2768 5387 vestra.
2813 5332 2989 5399 Quare
3016 5330 3117 5385 hoc
3139 5331 3361 5385 monet?
3403 5338 3460 5383 ut
3490 5327 3579 5381 hic
3609 5326 3723 5396 pla-

2137 5423 2396 5480 ceamus?
2426 5440 2530 5479 non
2568 5442 2583 5482 :
2618 5424 2713 5479 sed
2745 5434 2798 5478 ut
2822 5422 3131 5493 cognoverit
3159 5417 3403 5475 Christus
3448 5417 3725 5473 humilita-

2141 5529 2246 5573 tem
2269 5526 2533 5582 nostram,
2567 5515 2771 5583 erigat,
2798 5522 2853 5569 et
2881 5513 3192 5568 modeStiam
3224 5509 3499 5578 suscipiat.

2212 5630 2286 5700 (Ι)
2320 5628 2470 5700 Vulg.
2504 5627 2753 5681 Evodiam
2792 5641 2915 5695 rogo
2939 5634 2983 5679 et
3009 5622 3307 5695 Syntyclten
3331 5626 3599 5691 deprecor.

2212 5632 2259 5700 (Ι
2320 5632 2470 5696 Vulg.
2504 5632 2753 5681 Evodiam

2211 5632 2287 5772 (ei
2320 5698 2499 5769 Vulg.,
2531 5712 2759 5766 compar.
