3950 6206
218 310 359 367 i229

1110 309 1174 366 IN
1214 311 1594 367 EPISTOLAM
1636 311 1836 367 PAULI
1873 312 1963 366 AD
2000 314 2492 376 PHILIPPENSES.

3306 325 3439 382 1250

287 425 424 491 Quid
466 427 609 480 enim
640 426 925 497 'adjungit?
970 426 1215 480 Dominus
1256 442 1412 498 prape
1448 436 1539 480 est.
1588 426 1770 495 Magna
1798 428 1849 485 Α
1883 426 2049 481 lectus
2082 430 2353 485 nobiseum
2384 440 2480 485 est.
2506 432 2603 498 Qui
2634 434 2771 486 enim
2793 434 2951 486 Deum
2981 434 3241 503 intelligit,
3263 439 3441 492 omnia

214 516 520 569 exhortatio
541 530 892 585 magnumque
909 526 1227 586 pneceptum
1254 527 1303 569 et
1335 531 1397 569 ex
1423 530 1547 571 vero
1565 526 1617 569 et
1641 530 1702 569 ex
1730 515 1783 568 vi

215 604 601 671 persuasionis.
634 601 764 657 Cum
785 604 923 658 enini
952 606 1057 671 jam
1090 606 1362 659 immineat
1385 605 1645 673 judicium
1673 644 1688 669 ,
1734 611 1788 657 et

216 694 341 747 fluis
368 696 515 748 istius
538 695 656 747 vine
681 696 925 750 ninnibus
947 696 1212 761 adventet,
1236 710 1352 748 esse
1373 694 1522 750 nobis
1544 707 1786 763 propera-

215 786 293 837 tio
315 785 488 851 debet,
515 794 569 837 ut
589 793 643 837 et
658 784 809 839 bonis
822 786 1054 839 moribus
1071 799 1359 854 magnaque
1377 783 1629 839 modestia
1647 782 1787 835 viva-

219 889 341 927 mus
362 892 374 924 :
399 889 559 942 prope
575 873 713 927 enim
731 884 809 927 est
828 874 1071 941 judicium
1097 881 1250 941 atque
1272 872 1524 927 adventus
1557 868 1781 924 Domini.

295 963 457 1019 Vens.
502 964 554 1018 6.
594 993 664 1004 —-
704 964 849 1017 Nihil
886 964 952 1016 ad
990 965 1379 1017 sollicitudinem
1422 962 1657 1032 redigatis
1686 960 1784 1029 (l).

216 1055 279 1109 ld
322 1064 404 1108 est
445 1069 541 1109 nec
582 1070 762 1109 curam
794 1054 950 1107 vestri
999 1052 1259 1116 habeatis,
1306 1069 1436 1107 neve
1480 1053 1545 1107 de
1593 1054 1787 1105 mundo

220 1145 607 1213 mundanisqne
637 1146 794 1198 rebus
818 1143 1059 1213 cogitetis
1083 1151 1171 1197 aut
1196 1144 1401 1198 solliciti
1430 1144 1578 1197 sitis:
1610 1142 1784 1193 omnia

219 1238 368 1290 enim
416 1238 708 1290 necessaria
740 1235 908 1302 vobis,
945 1246 998 1290 et
1045 1250 1185 1289 nunc
1217 1237 1267 1288 in
1303 1236 1401 1289 hoc
1446 1236 1568 1287 vita:
1594 1247 1786 1302 genere

219 1336 471 1394 procurat
514 1326 669 1390 Deus,
715 1336 767 1380 ct
801 1326 1019 1380 meliora
1067 1326 1119 1379 in
1152 1326 1238 1379 illa
1286 1325 1389 1378 vita
1431 1340 1546 1394 quae
1590 1331 1788 1377 teterna

219 1425 327 1473 est.
373 1418 477 1472 Sed
515 1419 569 1471 in
620 1420 754 1471 omni
801 1420 1084 1484 precatione
1129 1427 1174 1470 et
1219 1418 1444 1470 oratione
1487 1432 1601 1469 cum
1658 1414 1787 1467 bona

219 1508 390 1575 gratia
413 1506 488 1576 (2)
513 1508 772 1577 petitiones
796 1518 971 1562 vestite
998 1509 1304 1560 innotescunt
1330 1509 1469 1575 apud
1499 1506 1681 1559 Deum.
1720 1505 1787 1561 Ut

220 1599 399 1650 omnis
428 1596 688 1666 actiojam
717 1596 997 1650 Christiani
1026 1595 1194 1649 fidelis
1215 1607 1263 1649 et
1286 1596 1410 1650 boui
1438 1605 1490 1649 et
1522 1594 1738 1663 perfecti
1766 1634 1780 1657 ,

221 1688 435 1742 omissis
450 1688 694 1743 omnibus
722 1687 1157 1742 sollicitudinibus
1178 1688 1310 1757 (ipsa
1333 1696 1414 1740 est
1429 1688 1567 1739 enim
1593 1702 1789 1740 renun-

1886 518 2157 587 intelligit:
2210 536 2327 572 cum
2378 522 2536 575 Deum
2578 523 2721 576 intell
2744 523 2837 591 git,
2879 523 3243 579 custodiuntur
3283 526 3444 581 corda

1885 606 1997 675 ejus
2018 609 2106 676 qui
2137 608 2397 678 intelligit.
2446 611 2575 664 Item
2605 628 2815 681 corpora
2855 624 3011 668 vestra
3060 616 3111 668 in
3138 613 3262 669 Jesu
3290 616 3441 669 Chri-

1883 708 1958 750 sto
1988 698 2086 769 (l).
2118 701 2251 755 Ecce
2276 710 2329 754 et
2358 702 2441 756 hic
2479 704 2789 770 significatio
2818 715 2895 758 est
2922 704 2989 760 de
3020 705 3438 761 resurrectione:

1884 795 1940 840 et
1978 787 2078 842 hoc
2116 806 2323 860 quoque
2362 795 2632 860 pra-mium
2678 794 2902 862 positum
2951 795 3031 848 vel
3077 795 3443 851 adnuntiatum

1886 880 1967 933 his
1993 883 2076 949 qui
2114 881 2184 935 ita
2219 891 2423 951 rogant,
2462 893 2514 937 et
2542 885 2609 938 ita
2645 895 2921 953 precantur
2947 902 3065 940 cum
3095 887 3225 940 bona
3252 891 3441 956 gratia,

1887 982 1941 1023 ut
1973 971 2200 1026 habeant
2249 974 2336 1027 Dei
2381 989 2581 1041 pacein,
2622 985 2673 1027 et
2710 990 2927 1041 corpora
2969 979 3019 1029 in
3046 975 3170 1031 Jesu
3210 976 3438 1031 Christo.

1886 1062 2021 1114 Dixit
2061 1064 2200 1116 enim
2231 1064 2296 1118 de
2324 1064 2480 1118 corde
2514 1106 2527 1131 ,
2560 1064 2626 1119 de
2654 1065 2949 1130 intellectu,
2977 1064 3114 1134 quod
3143 1066 3441 1120 custodien-

1889 1160 1974 1205 tur
2002 1166 2118 1205 cum
2145 1169 2243 1222 pax
2275 1154 2391 1207 data
2436 1163 2515 1207 est
2545 1173 2557 1207 :
2604 1170 2740 1210 nunc
2768 1155 2833 1211 de
2878 1158 3001 1223 ipsis
3041 1156 3164 1221 illis,
3197 1156 3246 1210 id
3272 1167 3354 1211 est
3377 1156 3445 1211 de

1883 1258 2107 1312 corpore
2146 1245 2211 1298 de
2260 1244 2454 1308 anima;
2500 1261 2732 1313 corpora,
2782 1247 2970 1315 inquit,
3016 1256 3176 1299 vestra
3225 1249 3278 1298 in
3319 1245 3445 1300 Jesu

1887 1329 2121 1386 Christo:
2164 1334 2216 1386 in
2238 1332 2402 1403 ipsius
2427 1334 2566 1387 enim
2605 1335 2877 1402 majestate
2919 1344 2973 1388 et
3001 1335 3193 1388 virtute
3222 1349 3443 1403 corpora

1889 1431 2064 1476 nostra
2094 1434 2235 1485 sunt,
2264 1439 2382 1493 quae
2411 1439 2529 1477 cum
2554 1424 2668 1493 ejus
2696 1424 2919 1479 adventu
2970 1435 3263 1493 resurgent,
3298 1425 3437 1479 revi-

1886 1514 2104 1580 viscent,
2138 1516 2321 1569 merita
2344 1514 2599 1585 accipient
2622 1533 2633 1568 :
2656 1531 2771 1585 qua:
2796 1517 2968 1569 omnia
3010 1527 3162 1570 erunt
3190 1516 3341 1571 nobis
3361 1517 3459 1570 in--

1889 1614 2053 1674 tegra,
2106 1608 2147 1658 si
2193 1606 2280 1659 illa
2318 1616 2576 1675 praecepta
2607 1622 2895 1669 servemus,
2939 1609 2989 1659 in
3028 1606 3238 1661 Christo
3284 1623 3447 1662 unum

1888 1698 2197 1763 sentientes,
2246 1697 2558 1766 gaudentes,
2610 1699 2854 1765 modesti,
2901 1699 3030 1751 nihil
3081 1699 3447 1754 sollicitudinis

225 1778 399 1846 tiatio)
429 1779 666 1845 precibus
696 1786 843 1831 vacet
869 1788 919 1831 et
948 1779 1191 1831 orationi.
1219 1778 1408 1831 Preces
1434 1786 1573 1840 sunt,
1606 1790 1789 1845 rogare
1824 1776 1862 1831 Β
1893 1788 2168 1854 habentes;
2213 1788 2263 1842 ίη
2296 1789 2436 1843 omni
2465 1790 2765 1858 precatimw
2790 1798 2843 1843 ει
2874 1791 3134 1855 oratione,
3167 1805 3282 1843 cum
3310 1790 3449 1845 bona

225 1868 507 1920 Dominum
541 1885 553 1918 :
592 1869 763 1921 oratio
789 1877 870 1921 est
898 1880 949 1921 et
994 1869 1134 1937 loqui
1160 1883 1277 1921 cum
1314 1882 1464 1935 rogas
1516 1884 1529 1919 ε
1570 1866 1679 1932 ipsa
1708 1875 1791 1920 est

222 1957 367 2010 enim
395 1958 562 2010 oratio
586 1997 599 2017 ,
632 1972 815 2024 preces
840 1973 957 2010 cmn
989 1958 1244 2010 oratione.
1302 1957 1405 2011 Sed
1435 1971 1551 2024 qua:
1581 1956 1666 2009 illa
1691 1957 1790 2010 erit

226 2049 402 2101 oratiu
429 2049 451 2101 ‘t
484 2047 678 2115 aliquid
709 2060 892 2116 petens
920 2089 934 2113 ,
966 2064 1030 2101 an
1056 2048 1183 2100 nihil
1210 2049 1231 2100 i
1260 2047 1393 2114 Quid
1419 2057 1499 2101 est
1535 2046 1670 2114 quod
1704 2062 1792 2114 pe-

228 2148 307 2194 tat
334 2141 424 2194 ille
449 2182 462 2202 ,
502 2141 588 2208 qui
614 2140 718 2208 jam
751 2140 919 2193 fidelis
952 2139 1170 2194 eifcctus
1202 2140 1361 2193 Deum
1392 2146 1538 2205 rogat
1565 2138 1588 2190 ἲ
1623 2137 1790 2203 Quam

231 2233 393 2302 igitur
422 2233 630 2286 habebit
652 2234 942 2285 orationem
972 2244 1056 2285 aut
1086 2233 1421 2300 petitionem,
1454 2230 1645 2299 quippe
1673 2246 1791 2283 cum

233 2324 623 2377 renuntiaverit
681 2324 922 2376 omnibus
976 2322 1291 2376 mundanis?
1335 2320 1449 2388 Ipse
1487 2320 1689 2371 tuonuit
1741 2326 1797 2371 ut

238 2428 458 2465 oremus
483 2422 535 2465 ct
585 2427 864 2479 precemur
911 2427 1028 2465 cuin
1059 2412 1193 2465 bona
1226 2409 1422 2477 gratia;
1474 2415 1530 2462 ut
1557 2408 1797 2461 omnibus

239 2504 395 2556 nobis
421 2504 590 2556 oratio
621 2505 672 2556 iu
704 2503 946 2571 precibus
974 2504 1255 2571 gratiarum
1276 2500 1412 2553 actio
1439 2500 1507 2552 sit
1538 2540 1553 2565 ,
1596 2508 1651 2551 ut
1675 2513 1799 2567 gra—

238 2596 342 2647 tias
365 2608 621 2663 agamus;
678 2593 815 2661 quod
866 2592 1135 2647 consecuti
1165 2602 1360 2645 tantum
1410 2590 1649 2653 donum,
1708 2589 1799 2643 Dei

235 2687 436 2755 pietate
460 2729 473 2752 ,
502 2687 682 2739 simus.
717 2685 825 2738 lloc
849 2685 988 2739 enim
1018 2686 1091 2737 ait
1132 2700 1244 2735 cum
1269 2682 1401 2735 bona
1427 2682 1608 2752 gratia.
1660 2680 1801 2732 Bona

239 2788 417 2827 autem
441 2774 669 2843 adjecit,
728 2790 794 2829 ne
831 2774 977 2827 inviti
1001 2773 1251 2827 faciamus
1278 2812 1292 2836 ,
1349 2772 1441 2825 sed
1464 2786 1588 2825 vcrc
1607 2770 1802 2838 gratias

240 2880 461 2934 agamus
488 2906 502 2929 ,
551 2875 603 2919 et
627 2866 789 2920 bonas
815 2867 1009 2933 gratias
1050 2866 1241 2919 deinde
1262 2864 1518 2933 adjunxit.
1545 2862 1801 2927 Quoniam

242 2957 416 3010 oratio
437 2967 518 3010 est
547 2960 595 3009 in
621 2956 864 3025 precibus
895 2996 909 3018 ,
955 2971 1072 3025 qua:
1104 2964 1273 3023 potest
1298 2968 1414 3007 esse
1433 2954 1498 3007 de
1526 2953 1658 3006 bona
1686 2968 1804 3022 gra-

248 3050 320 3102 tia
351 3088 365 3111 ,
394 3056 567 3115 potest
588 3048 652 3100 de
672 3048 943 3115 petitione.
966 3047 1133 3114 Supra
1155 3060 1271 3099 cum
1295 3045 1515 3099 dixisset
1544 3061 1655 3096 cum
1676 3046 1805 3097 bona

1890 1878 2076 1947 gratia,
2102 1878 2380 1946 petitiones
2400 1887 2604 1933 nostras
2622 1894 2782 1947 penes
2810 1879 2972 1934 Deum
2998 1890 3145 1933 nom
3168 1878 3439 1934 facientes.

1967 1969 2126 2023 Vsus.
2157 1970 2211 2035 8,
2234 1970 2287 2024 9.
2318 2000 2386 2009 —
2414 1968 2487 2023 De
2507 1979 2702 2033 cetera,
2725 1973 2924 2039 fratres,
2948 1984 3261 2040 quotcumque
3278 1972 3444 2041 justa,

1895 2076 2213 2126 quacumque
2235 2071 2436 2126 sancta,
2483 2075 2802 2128 quacumque
2824 2060 3058 2112 amabilia
3085 2102 3099 2125 ,
3128 2076 3447 2128 quaecumque

1896 2151 2036 2204 bona:
2060 2151 2228 2218 fuitne,
2254 2151 2297 2204 si
2340 2166 2437 2218 qua
2470 2151 2643 2215 virtus,
2672 2147 2715 2202 si
2759 2165 2855 2218 qua
2900 2149 3031 2210 laus,
3071 2149 3174 2202 haec
3199 2151 3455 2219 cogitate;

1895 2258 2006 2309 quia
2027 2252 2073 2294 et
2100 2240 2340 2295 didicistis
2368 2283 2382 2307 ,
2410 2249 2453 2294 et
2475 2240 2734 2309 accepistis
2751 2280 2766 2303 .
2798 2248 2841 2293 et
2866 2238 3079 2293 audistis
3099 2240 3243 2292 etiam
3265 2240 3318 2292 in
3337 2254 3447 2303 me;

1899 2332 2004 2383 hcce
2032 2332 2193 2400 agite,
2211 2342 2257 2383 et
2288 2329 2421 2384 Deus
2442 2331 2578 2399 pacis
2597 2329 2689 2383 erit
2712 2327 2957 2382 vobiscum
2992 2326 3091 2398 (2).
3122 2327 3305 2381 Docuit
3333 2342 3452 2393 pre-

1899 2438 1988 2477 ces
2018 2423 2199 2492 quales
2238 2421 2524 2477 habeamus
2553 2461 2568 2486 ,
2618 2421 2668 2473 id
2696 2428 2777 2475 est
2818 2436 2936 2474 cum
2966 2419 3100 2472 bona
3129 2419 3291 2487 gratia
3323 2418 3451 2473 item

1900 2513 2336 2582 quemadmodum
2370 2513 2683 2581 petitiones:
2732 2510 2921 2565 deinde
2966 2524 3082 2579 quas
3113 2524 3231 2577 pax,
3275 2506 3327 2562 id
3371 2515 3454 2563 est;

1902 2605 2039 2673 quod
2070 2603 2378 2659 beneﬁcium
2410 2618 2438 2655 a
2466 2602 2572 2656 Deo
2601 2602 2750 2656 nobis
2778 2600 2966 2663 detur;
2994 2599 3069 2653 sic
3088 2597 3364 2668 ageudmu,
3397 2604 3454 2651 et

1903 2694 2193 2764 rogandum
2242 2704 2293 2747 ut
2322 2692 2646 2747 custodiatur
2686 2690 2978 2745 intellectus
3009 2699 3186 2743 noster
3212 2698 3265 2742 et
3288 2688 3450 2743 corda

1905 2794 2082 2839 nostra
2100 2827 2114 2847 ,
2143 2793 2195 2836 et
2224 2784 2329 2837 sint
2357 2786 2529 2836 omnia
2558 2796 2775 2850 corpora
2807 2790 2983 2833 nostra
3009 2779 3057 2832 in
3074 2778 3285 2832 Christo
3301 2777 3450 2831 Jesu.

1904 2875 2028 2929 [huc
2066 2890 2182 2928 eum
2211 2874 2280 2927 ita
2306 2874 2431 2939 sint,
2463 2872 2530 2926 de
2576 2880 2767 2926 cancro
2790 2910 2804 2935 ,
2843 2870 3026 2938 inquit,
3074 2868 3283 2934 fratres,
3337 2868 3451 2923 [περ

1904 2965 2148 3033 cogitate.
2181 2963 2313 3029 Quid
2353 2972 2433 3016 est
2459 2962 2522 3015 dc
2548 2960 2784 3015 caetero?
2819 2966 3091 3028 postquam
3124 2958 3343 3012 correcti
3366 2971 3457 3012 es-

1912 3057 1978 3109 tis
2013 3097 2026 3118 ,
2073 3055 2277 3110 sublata
2295 3054 2402 3123 jam
2432 3053 2571 3107 omni
2611 3050 2870 3105 discordia
2891 3060 2943 3103 et
2969 3058 3144 3103 errato
3169 3090 3183 3111 ,
3210 3048 3458 3117 quoniam

242 3139 410 3207 gratia
436 3177 449 3202 ,
477 3136 709 3204 adjunxit
742 3138 1001 3203 petitiones
1022 3176 1035 3196 ,
1064 3136 1261 3203 inquit,
1294 3145 1477 3187 nostrae
1504 3135 1800 3184 innotescunt

1912 3161 2069 3199 unum
2095 3143 2347 3207 sentitis;
2389 3142 2455 3195 de
2494 3151 2685 3196 caetero
2726 3140 2801 3195 sic
2842 3139 3029 3194 sentite
3062 3156 3074 3190 :
3115 3152 3462 3207 qurecumque

242 3245 392 3299 penes
429 3227 609 3279 Deum.
640 3227 801 3295 Cujus
850 3227 927 3296 (5)
976 3238 1145 3280 autem
1199 3240 1301 3279 non
1340 3235 1420 3279 est
1462 3224 1703 3277 honesta?
1742 3222 1808 3276 Et

244 3318 479 3373 etelcstia
535 3318 646 3385 ipsa
694 3317 778 3369 illa
835 3331 949 3384 qua:
1000 3315 1369 3384 promittuntur
1419 3322 1558 3382 petat
1603 3321 1659 3365 ut
1708 3313 1805 3363 itit-

247 3410 510 3477 plcantttr.
541 3408 643 3475 Qui
676 3407 804 3476 petit
836 3448 851 3473 ,
889 3409 1067 3472 utique
1098 3406 1216 3459 talia
1242 3405 1365 3474 petit
1412 3402 1649 3473 qumjam
1679 3401 1801 3454 lide-

254 3501 359 3553 lem
403 3508 579 3566 petere
604 3498 800 3567 justum
829 3507 926 3550 est.
955 3495 1065 3564 Ipsa
1094 3497 1231 3550 enim
1256 3510 1371 3549 cum
1396 3496 1686 3562 COgitamus
1716 3506 1808 3560 pe-

248 3590 405 3644 tenda
434 3630 447 3653 ,
479 3604 597 3657 quae
620 3590 857 3642 volumus
880 3589 1208 3640 innotescere
1226 3600 1391 3655 penes
1416 3585 1603 3649 Demn,
1628 3597 1813 3637 neces-

250 3683 392 3734 sario
416 3678 536 3732 talia
567 3689 690 3731 sunt
718 3694 834 3746 qua:
865 3678 1179 3731 conveniant
1208 3676 1347 3729 fideli
1388 3676 1544 3728 etiam
1573 3674 1810 3728 cwlestia

248 3772 483 3839 speranti
510 3779 563 3823 et
588 3770 766 3822 divina
795 3767 990 3820 omnia.
1030 3767 1174 3828 Haec,
1210 3766 1394 3834 inquit,
1419 3765 1468 3817 id
1499 3775 1580 3817 est
1605 3763 1808 3831 petitio-

245 3876 345 3916 nes
370 3872 560 3915 vestrze
589 3861 924 3914 innotescant
948 3873 1108 3927 penes
1139 3859 1321 3911 Deum.

318 3952 480 4007 Vens.
504 3952 557 4005 7.
586 3981 653 3990 —
683 3951 744 4003 Et
771 3967 871 4021 pax
887 3950 974 4003 Dei
994 3964 1104 4018 quae
1125 3949 1266 4000 habet
1282 3946 1357 4018 (4)
1375 3962 1569 3999 onmem
1589 3944 1814 3997 intellec-

246 4056 351 4099 tum
374 4043 733 4117 (5),custodiat
756 4042 909 4095 corda
935 4051 1116 4093 vestra.
1137 4039 1244 4092 ilcc
1263 4038 1529 4106 praemium
1545 4036 1639 4089 erit
1672 4035 1716 4087 si
1746 4038 1815 4086 ita

245 4151 546 4207 precemur,
568 4136 637 4187 ita
650 4147 883 4198 oremus,
900 4140 959 4186 ut
971 4146 1087 4185 cum
1102 4130 1236 4183 bona
1250 4129 1415 4198 gratia
1435 4140 1666 4189 oremus;
1683 4132 1734 4177 et
1747 4124 1816 4176 ita

249 4228 533 4297 petitiones
560 4225 865 4288 habeamus,
899 4233 956 4275 ut
974 4223 1304 4275 innotescunt
1322 4234 1485 4287 penes
1509 4219 1689 4271 Deum.
1711 4215 1820 4269 Hoc

247 4321 315 4373 ita
335 4328 436 4382 est,
460 4320 578 4381 erit,
598 4318 783 4384 inquit,
817 4330 918 4383 pax
942 4314 1028 4366 Dei
1055 4328 1172 4381 quze
1191 4312 1434 4364 custodiat
1457 4310 1609 4362 corda
1630 4316 1821 4376 vestra:

245 4425 365 4480 ane
394 4424 490 4475 pax
525 4409 611 4461 Dei
644 4406 787 4460 habet
810 4420 1005 4459 omnem
1025 4403 1347 4456 intellectum.
1382 4402 1733 4455 Vehementer
1770 4409 1824 4451 et

1911 3238 2017 3291 sint
2045 3252 2164 3291 vera
2201 3278 2214 3301 ,
2248 3236 2360 3289 haec
2407 3233 2673 3301 accipiatis
2709 3244 2761 3286 et
2801 3230 3058 3300 cogitetis.
3106 3228 3233 3295 Qua:
3286 3237 3461 3282 autem

1910 3328 1993 3380 illa
2017 3342 2139 3380 vera
2171 3325 2338 3379 sunt?
2368 3340 2482 3393 qua:
2514 3324 2563 3376 in
2591 3321 2861 3391 evangelio
2885 3327 3146 3389 ponuntur
3170 3359 3187 3385 ,
3218 3316 3461 3373 Christus

1909 3415 2063 3471 Jesus
2114 3414 2202 3467 Dei
2256 3413 2416 3466 Filius
2448 3453 2461 3475 ,
2515 3420 2567 3464 et
2618 3419 2806 3464 cetera
2867 3424 2983 3479 qua:
3032 3422 3172 3476 smpe
3213 3406 3463 3460 diximus.

1911 3504 2038 3559 Cum
2067 3514 2240 3558 autem
2274 3518 2395 3557 vera
2423 3501 2681 3569 cogitatis,
2730 3508 3019 3568 sequuntur
3048 3507 3103 3551 ut
3122 3506 3263 3551 casta
3313 3496 3420 3549 sint
3449 3511 3465 3547 :

1917 3611 2017 3647 non
2047 3596 2187 3649 enim
2243 3592 2594 3659 corrumpitur
2642 3589 2778 3657 quod
2809 3603 2987 3642 verum
3019 3597 3097 3640 est
3126 3603 3140 3639 :
3192 3585 3291 3639 hoc
3319 3584 3463 3639 enim

1914 3697 2112 3739 castum
2167 3695 2291 3739 est:
2340 3684 2474 3752 quod
2525 3697 2629 3735 nou
2676 3679 3073 3749 corrumpitur,
3131 3690 3314 3729 verum
3363 3684 3465 3730 est.

1916 3778 2111 3833 Deinde
2135 3793 2251 3846 qua:
2280 3791 2404 3831 vere
2429 3782 2568 3827 casta
2599 3781 2748 3833 sunt,
2778 3769 2889 3822 haec
2910 3779 2964 3822 et
2989 3768 3123 3835 justa
3154 3765 3469 3834 suutzjusti-

1918 3869 2137 3922 iicantur
2166 3867 2303 3921 enim
2332 3862 2746 3918 sanctificatione
2767 3876 2793 3912 a
2818 3857 3143 3913 Deo.0muia
3163 3871 3279 3926 qua:
3302 3856 3463 3923 justa,

1917 3977 2032 4029 quae
2060 3969 2220 4025 08513,
2252 3974 2367 4027 qua:
2397 3969 2519 4009 vera
2566 3962 2705 4015 sunt,
2752 3965 2866 4019 qua:
2910 3959 3085 4002 sancta
3114 3955 3234 4000 sunt
3259 3946 3367 4014 jam
3412 3954 3467 3999 et

1917 4052 2158 4107 amabilia
2189 4091 2202 4115 ,
2258 4048 2364 4118 jam
2395 4057 2447 4101 et
2476 4046 2626 4100 bona:
2654 4044 2822 4096 fama}.
2873 4040 3000 4106 Quis
3050 4037 3189 4093 enim
3227 4044 3467 4090 sanctum

1920 4162 2023 4201 non
2055 4154 2194 4198 amet
2220 4144 2243 4196 ?
2270 4143 2386 4210 quis
2416 4156 2517 4194 non
2540 4140 2675 4193 bene
2703 4138 2767 4191 de
2788 4151 2851 4190 eo
2878 4135 3113 4204 loquatur
3148 4147 3207 4187 ac
3237 4132 3469 4186 sentiat?

1924 4235 2045 4289 llzcc
2076 4247 2220 4302 ergo.
2254 4231 2441 4298 inquit,
2474 4229 2699 4294 cogitate
2722 4241 2837 4294 qua:
2867 4224 2928 4278 ad
2955 4224 3143 4278 bonam
3174 4220 3470 4291 pertineant

1923 4325 2110 4378 famam
2142 4341 2155 4375 ε
2186 4323 2361 4391 utique
2389 4318 2628 4373 amabilia
2656 4317 2777 4378 sint,
2807 4322 2860 4367 et
2884 4313 3107 4366 habeant
3134 4310 3467 4373 charitatem,

1926 4430 2095 4484 neque
2143 4414 2369 4467 habeant
2419 4406 2755 4463 discordiam.
2805 4402 2971 4456 Omne
3008 4400 3146 4455 enim
3203 4398 3465 4464 amabile,

248 4509 401 4555 acute
417 4498 516 4552 hoc
532 4499 756 4568 positum
780 4512 793 4547 :
816 4494 1008 4550 etenim
1028 4509 1144 4547 cum
1165 4508 1263 4562 pax
1282 4493 1371 4546 Dei
1399 4490 1602 4544 venerit
1622 4490 1671 4542 in
1697 4500 1816 4555 nos,
1844 4486 1895 4546 D
1921 4504 2253 4561 concordiam
2283 4501 2440 4554 habet
2464 4518 2476 4551 ε
2536 4498 2660 4552 item
2687 4510 2802 4565 qua;
2828 4492 2978 4547 bona;
3003 4490 3149 4545 fama;
3180 4497 3301 4543 sunt
3318 4532 3331 4554 ,
3360 4502 3467 4543 non

250 4592 415 4645 Deum
438 4589 819 4657 intelligemus:
848 4586 975 4639 nihil
1004 4584 1293 4647 dissonum,
1327 4581 1456 4635 nihil
1484 4580 1810 4648 discrepans,

250 4681 379 4737 nihil
412 4696 504 4749 per
538 4686 841 4747 argumenta
886 4675 1187 4744 litigiosum,
1240 4672 1368 4726 nihil
1422 4671 1556 4740 quod
1600 4672 1817 4739 recipiat

245 4771 616 4843 qumstionem,
677 4780 732 4820 ut
780 4765 931 4819 nobis
974 4765 1203 4833 contingi
1255 4764 1305 4815 in
1352 4761 1667 4815 mundanis:
1721 4760 1812 4815 sed

253 4865 321 4917 ita
352 4871 530 4927 aperta
558 4858 729 4911 omnia
760 4866 900 4920 sunt,
926 4869 1042 4908 cum
1074 4868 1254 4922 pacem
1286 4852 1375 4905 Dei
1416 4851 1698 4905 habeamus
1743 4850 1814 4902 uti

251 4956 425 5009 munis
469 4952 761 5005 intellecms
808 4948 1079 5002 nobiscum
1124 4946 1218 4999 sit:
1254 4945 1395 5013 pacis
1426 4943 1565 4997 enim
1593 4952 1673 4996 est
1706 4942 1813 5010 jam

253 5044 549 5114 quiescere,
589 5042 695 5109 jam
735 5038 1066 5092 securitatem
1116 5034 1330 5088 habere.
1357 5034 1525 5099 Qumn
1556 5032 1630 5101 (6)
1678 5032 1813 5085 Deos

257 5149 437 5205 pacem
469 5132 746 5187 committit
772 5129 1016 5183 cordibus
1045 5128 1266 5189 nostris,
1299 5126 1408 5193 jam
1438 5124 1607 5177 omnis
1651 5122 1807 5176 intel-

361 5270 409 5331 l)
441 5264 593 5334 Vulg.
625 5261 776 5334 Nihil
804 5260 1000 5334 solliciti
1024 5259 1149 5313 sitis.

361 5270 409 5331 l)
441 5268 593 5334 Vulg.
632 5268 776 5316 Nihil
804 5268 1000 5314 solliciti
1024 5268 1149 5313 sitis.

326 5268 403 5407 i2)
435 5335 584 5407 Vulg.
612 5332 715 5387 Sed
761 5333 813 5407 in
856 5330 991 5383 omni
1043 5328 1269 5383 oratione
1315 5338 1361 5382 et
1429 5325 1802 5388 obsecratione,

258 5402 368 5460 cum
387 5402 670 5460 aratiarnin
699 5402 914 5454 actione.

351 5424 368 5458 ’1
423 5422 670 5456 ranarum
699 5422 914 5454 acuaue.

351 5422 886 5611 ?$l(.1:t(l:tl().d:i'ctustior
906 5473 1050 5542 cujus
1078 5468 1154 5521 vel
1180 5469 1330 5538 quis;
1374 5466 1461 5520 alii
1490 5464 1631 5535 quid.

362 5552 401 5597 il
433 5552 685 5597 ltaUOdtl.

352 5608 406 5683 5)
434 5611 612 5683 Vu|_g_.,
642 5609 705 5662 Et
722 5624 823 5678 pax
846 5608 937 5662 Dei
966 5624 1077 5680 quce
1099 5615 1359 5677 exsuperat
1380 5619 1573 5660 omnem
1591 5614 1810 5657 sensum.

324 5680 400 5754 (6)
432 5680 599 5736 Codd.
624 5695 799 5748 quam.

1918 4596 2111 4650 habent
2140 4592 2384 4646 invidiam
2412 4600 2461 4643 ct
2494 4587 2545 4641 in
2569 4582 2849 4640 concordia
2869 4591 3007 4635 sunt.
3040 4579 3118 4634 Ex
3140 4578 3327 4649 quibus
3351 4592 3467 4631 om-

1918 4688 2070 4743 nibus
2093 4686 2361 4753 superiora
2387 4680 2450 4734 ad
2488 4679 2652 4747 ipsam
2682 4690 2858 4730 veram
2890 4674 3133 4727 virtutem
3157 4671 3417 4739 pertinent
3444 4707 3466 4734 ,

1919 4777 2207 4848 posteriora
2270 4773 2334 4826 ad
2383 4771 2607 4825 fructum
2666 4765 2887 4820 virtutis.
2956 4762 3079 4817 Nam
3128 4760 3333 4817 virtutis
3382 4767 3468 4814 est

1918 4884 2096 4923 amare
2116 4882 2259 4930 vera,
2277 4874 2439 4929 casta,
2459 4861 2617 4930 iusta,
2634 4866 2832 4920 saneta,
2850 4855 3070 4909 Fructus
3089 4852 3291 4907 virtutis
3313 4864 3464 4905 ama-

1920 4958 2040 5013 bilia
2072 4966 2124 5011 et
2152 4964 2299 5011 bonas
2320 4952 2492 5007 famae.
2522 4950 2724 5004 Idcirco
2748 4945 2851 5000 duo
2876 4947 2971 5001 ista
3004 4944 3176 5013 posuit
3202 4956 3316 5010 qua:
3340 4941 3468 4995 sub-

1913 5050 2094 5120 junxit
2125 5066 2138 5103 :
2168 5048 2209 5101 si
2240 5063 2339 5117 qua
2362 5047 2527 5100 virtus
2556 5086 2570 5107 ,
2618 5044 2661 5099 si
2692 5058 2790 5113 qua
2819 5042 2952 5097 laus.
2983 5040 3099 5094 Vim
3132 5052 3305 5093 rerum
3342 5035 3465 5090 dili-

1916 5149 2101 5211 genter
2121 5138 2360 5193 atteudit.
2394 5136 2597 5191 Etenim
2625 5149 2743 5189 eum
2768 5134 2934 5203 gratia
2964 5130 3053 5186 Dei
3082 5130 3209 5184 ﬂant
3236 5126 3414 5182 omnia
3443 5140 3460 5193 ;

1978 5320 2054 5391 (ξ)
2079 5318 2309 5391 Vulgatu
2332 5327 2375 5369 et
2405 5316 2759 5391 intelligentias
2792 5322 2983 5366 uestras
3013 5311 3065 5363 in
3092 5304 3462 5391 Cltristo‘lssu.

1976 5386 2057 5456 (2⁷)
2083 5386 2231 5455 Vulg.
2266 5386 2338 5439 De
2366 5396 2562 5449 ccetero,
2589 5388 2767 5453 fratres
2790 5422 2803 5445 ,
2832 5394 3154 5456 quaecumque
3182 5386 3295 5430 sunt
3314 5391 3465 5439 aera,

1910 5454 2229 5528 quiscumque
2289 5456 2509 5524 pudica,
2560 5467 2880 5528 qucecuittque
2907 5454 3050 5521 justo
3076 5489 3089 5510 ,
3135 5459 3468 5528 quoscumque

1913 5514 2087 5583 iuncta
2112 5567 2123 5587 ,
2146 5514 2465 5594 quacumque
2484 5514 2719 5594 notabilia
2741 5560 2761 5594 _,
2795 5514 3112 5594 Quacumque
3129 5516 3275 5594 hance
3292 5514 3465 5579 fama,

1913 5598 2074 5667 siqua
2098 5584 2251 5647 uirtus
2281 5634 2294 5655 ,
2322 5594 2365 5647 si
2383 5584 2481 5660 qua
2502 5596 2609 5667 laus
2630 5590 2905 5667 discipline:
2928 5630 2947 5667 ε
2971 5584 3074 5639 huic
3097 5584 3338 5667 cogitate;
3358 5594 3471 5649 qua

1917 5678 1962 5720 et
1984 5658 2112 5730 did.,
2132 5672 2175 5718 et
2195 5658 2461 5731 accep.,et
2489 5659 2633 5726 and.,
2658 5668 2702 5712 et
2721 5658 2910 5711 vidistis
2932 5658 2983 5708 in
3013 5670 3089 5709 me
3112 5692 3127 5719 ,
3150 5662 3251 5705 etc.
