3950 6206
452 262 582 320 ηδε

1683 253 1874 309 MARII
1916 250 2253 307 VICTORINI
2292 250 2452 307 ΛΡΜ

3574 248 3699 305 ηδε

451 378 570 445 ipse
595 373 737 429 enim
764 386 855 441 per
901 370 1145 439 Spiritum
1177 383 1329 423 suum
1376 369 1597 423 missum
1646 367 1698 422 in
1728 380 1825 419 nos
1854 374 1903 418 et
1932 380 2028 434 gu-
2055 366 2105 425 Α
2133 372 2336 430 propter
2354 362 2632 433 penuriam.
2659 359 2773 415 Non
2802 362 2941 415 enim
2963 358 3105 431 qttod
3129 359 3255 414 volo
3279 358 3359 429 (l)
3385 374 3481 428 pro
3512 374 3594 411 me
3620 376 3699 411 sa-

452 466 643 521 bernat
669 464 745 533 (l)
769 472 820 516 et
848 464 979 529 regit
1012 503 1026 526 ,
1077 468 1135 512 ut
1161 459 1290 513 nihil
1318 460 1368 511 itt
1401 459 1554 512 nobis
1583 457 1668 520 sil;
1722 457 1789 509 ita
1819 456 1891 508 ait
1920 498 1930 514 .
1981 454 2025 507 si

456 571 563 626 qua
603 557 787 608 virtus.
831 553 897 608 Et
925 566 1110 607 rursus
1141 551 1185 605 si
1212 552 1377 604 virtus
1409 591 1423 615 ,
1471 566 1588 617 qua:
1637 550 1686 602 in
1719 548 1870 601 nobis
1900 556 1981 600 est
2010 585 2025 610 ,

452 662 563 703 non
579 662 643 700 ex
665 646 815 700 nobis
851 653 953 709 est,
978 643 1073 697 sed
1103 660 1167 698 ex
1198 643 1325 708 Deo,
1354 658 1420 697 ne
1444 642 1556 696 laus
1577 641 1787 711 quidem
1817 646 2025 693 nostra:

457 750 515 795 et
541 738 739 793 idcirco
758 779 773 804 ,
803 737 845 791 si
873 752 969 803 qua
992 736 1123 788 laus.
1144 733 1516 787 Verumtamen
1545 732 1793 802 quoniam
1825 730 2031 783 videtur

459 830 543 886 vel
570 830 739 884 virtus
768 838 946 882 nostra
974 868 990 894 ,
1024 826 1103 880 vel
1125 827 1239 881 laus
1282 842 1294 889 ;
1321 825 1459 879 unde
1480 824 1617 877 dixit
1648 824 1715 876 ibi
1745 822 1822 895 (ί)
1852 863 1867 887 ,
1900 822 2026 884 lucc,

462 922 671 990 inquit,
722 921 892 974 omnia
943 918 1173 987 cogitate.
1237 916 1429 986 Utique
1453 932 1570 985 qua:
1597 916 1685 967 illa
1714 913 1876 966 sunt?
1913 925 2031 978 qua:

456 1012 738 1074 didicistis,
764 1026 849 1065 me
879 1009 1080 1064 scilicet
1107 1008 1351 1071 ducente,
1375 1022 1427 1060 et
1453 1005 1755 1075 accopissis,
1774 1012 1827 1057 ct
1852 1001 2029 1055 audis-

461 1104 531 1157 tis
564 1144 579 1169 ,
620 1112 675 1157 et
716 1101 921 1155 vidistis
951 1101 1000 1153 in
1032 1115 1136 1153 me.
1161 1099 1458 1152 Perfectum
1492 1098 1663 1166 primo
1693 1094 1866 1164 posuit
1898 1098 1913 1155 ,
1946 1090 2029 1143 di-

455 1196 669 1249 dicistis.
731 1193 884 1249 Unde
910 1206 1084 1247 autem
1115 1190 1421 1245 didicistis?
1468 1188 1657 1243 Causae
1678 1189 1971 1255 subjunctaa
2004 1225 2021 1250 ,

456 1287 741 1356 accepistis.
764 1285 1074 1352 RurSuSquc
1105 1282 1274 1353 ipsum
1307 1281 1546 1350 accipere
1573 1278 1713 1333 unde
1742 1276 1955 1331 audistis
1975 1284 2030 1330 et

457 1377 719 1432 vidisus?
771 1390 837 1429 ex
861 1390 944 1428 me
985 1373 1187 1428 vidistis
1210 1372 1260 1425 in
1284 1386 1367 1425 nte
1400 1387 1414 1424 :
1466 1379 1523 1425 ιιι
1560 1384 1662 1423 non
1691 1368 1919 1422 monitor
1945 1380 2032 1420 so-

462 1469 575 1525 lum
606 1467 802 1522 Paulus
826 1468 915 1531 sit,
955 1465 1047 1519 sed
1076 1468 1233 1519 etiam
1266 1463 1497 1534 prtebeat
1523 1462 1821 1529 exemplum
1847 1474 2033 1531 quem-

455 1560 742 1615 admodum
796 1574 921 1613 vera
965 1566 1279 1625 sequantur,
1333 1553 1776 1625 quemadmodum
1840 1562 1983 1606 casta
2014 1590 2030 1615 ,

456 1648 905 1721 quemadmodum
938 1647 1156 1717 reliqua.
1192 1645 1315 1699 Huic
1340 1687 1355 1711 ,
1396 1645 1602 1715 inquit,
1650 1643 1808 1712 agite.
1860 1640 2030 1710 Supra

2133 455 2288 525 piatis
2309 459 2469 508 autin
2495 470 2597 523 quo
2620 462 2673 507 et
2698 461 2819 508 ante
2845 452 3151 520 sapiebatis,
3178 460 3231 506 et
3259 451 3313 504 in
3335 467 3444 521 quo
3469 451 3701 517 occupati

2130 550 2292 602 eratis
2315 556 2368 601 nt
2388 547 2512 600 mibi
2533 546 2833 611 ntitteretis,
2864 554 2951 600 aut
2980 546 3120 615 quod
3153 561 3295 599 nunc
3315 547 3439 599 volo
3458 554 3516 599 ut
3537 546 3704 598 titilla-

2132 638 2220 701 tis,
2243 646 2455 706 propter
2479 636 2749 705 penuriam
2772 636 2911 690 dico.
2935 636 3024 689 Sic
3040 637 3182 689 enim
3206 645 3262 689 et
3283 642 3464 702 postea
3488 636 3585 696 ait,
3611 650 3702 687 non

2130 731 2247 795 quia
2269 730 2475 799 exquiro
2489 728 2848 783 abundantiam
2870 730 2921 781 in
2941 729 3184 782 oratione.
3202 727 3318 782 Non
3341 742 3471 797 ergo
3493 737 3701 796 propter

2132 822 2361 891 inopiam
2396 820 2531 875 istud
2561 836 2742 889 qum-ro
2765 864 2778 885 ,
2812 821 2903 875 sed
2934 829 2989 874 ttt
3018 820 3214 874 fructus
3245 819 3318 873 sit
3343 821 3622 873 abundans
3652 819 3701 872 in

2133 915 2370 968 oratione
2398 922 2596 978 vestra,
2627 927 2746 967 cum
2768 913 2877 967 haec
2894 913 3072 967 omnia
3092 928 3188 982 pro
3207 928 3292 967 me
3318 912 3525 967 curatis
3542 920 3598 966 et
3624 927 3706 965 sa-

2134 1005 2256 1073 pilis
2306 1022 2318 1057 :
2368 1005 2433 1058 ita
2464 1014 2545 1059 est
2590 1004 2731 1059 enim
2779 1021 2960 1060 curam
2990 1021 3211 1075 gerere;
3260 1023 3364 1059 non
3397 1005 3524 1075 quia
3553 1021 3703 1076 egeo.

2132 1094 2286 1159 Nam,
2317 1103 2369 1149 et
2389 1095 2622 1158 abundo,
2656 1095 2854 1166 inquit;
2887 1096 3078 1166 quippe
3108 1094 3379 1150 sufﬁt-iens
3402 1095 3535 1149 mihi
3564 1110 3699 1149 sum:

2131 1188 2208 1241 sic
2238 1187 2377 1242 enim
2418 1186 2688 1257 sttbjungit
2727 1186 2838 1240 :Et
2874 1205 2967 1258 ego
3028 1189 3158 1242 enint
3202 1188 3383 1251 didici,
3426 1190 3481 1242 in
3526 1190 3704 1255 quibus

2132 1294 2243 1332 sum
2266 1319 2281 1343 ,
2323 1278 2582 1348 sufﬁciens
2612 1294 2737 1331 esse.
2771 1278 2903 1332 Novi
2955 1293 3143 1334 sensus
3171 1278 3249 1349 (2)
3301 1280 3385 1333 hic
3416 1288 3541 1334 est:
3570 1282 3702 1345 noui,

2133 1370 2322 1440 inquit,
2353 1371 2617 1441 sufﬁciens
2640 1386 2765 1437 esse,
2787 1371 2839 1423 in
2867 1372 3048 1440 quibus
3065 1387 3179 1425 sunt
3206 1388 3224 1424 :
3252 1370 3413 1425 didici
3435 1372 3583 1426 enim
3610 1388 3707 1442 ego

2132 1470 2193 1517 ut
2211 1470 2490 1517 contentus
2520 1463 2619 1516 sim
2660 1478 2780 1533 qua:
2811 1462 3010 1529 habeo;
3058 1472 3113 1519 et
3141 1463 3193 1519 in
3224 1463 3416 1535 quibus
3445 1464 3551 1520 sim
3581 1463 3706 1520 mihi

2134 1553 2232 1623 ipsi
2262 1554 2527 1609 stilliciens
2556 1572 2571 1609 :
2604 1571 2707 1610 non
2736 1555 2875 1611 enim
2897 1555 2962 1609 ad
2992 1566 3234 1626 sumptus
3263 1566 3469 1613 tantum
3503 1558 3604 1612 hoc
3627 1575 3710 1613 re-

2134 1646 2433 1711 lcrcndunt,
2464 1647 2556 1700 sed
2580 1663 2758 1701 curam
2779 1648 3601 1719 etcogitationemetoratiouem
3622 1666 3711 1706 ex-

458 1738 596 1795 dixit
623 1779 636 1800 .
671 1740 779 1793 [nec
800 1740 1015 1805 cogitate
1045 1754 1064 1802 ;
1088 1751 1226 1790 nunc
1255 1734 1473 1803 adjicit,
1502 1733 1607 1787 haec
1630 1734 1761 1804 agite
1790 1746 1805 1796 ;
1839 1740 1894 1783 ttt
1924 1746 2027 1785 non
2059 1741 2106 1801 Β
2135 1738 2316 1793 bibere
2344 1738 2537 1793 debent
2567 1754 2661 1809 pro
2682 1739 2866 1795 Paulo:
2892 1749 2949 1795 ut
2976 1741 3076 1796 boc
3094 1742 3163 1796 sit
3182 1741 3247 1796 ad
3268 1745 3448 1797 omnia
3473 1744 3708 1798 referen.

455 1832 629 1886 solum
680 1846 747 1885 ex
801 1829 1119 1898 cogitatione
1160 1827 1269 1882 sint
1299 1828 1395 1880 ista
1440 1824 1580 1879 bona
1612 1864 1627 1888 ,
1665 1822 1757 1878 sed
1788 1821 2027 1876 etiamin

457 1933 602 1980 actu.
635 1923 833 1978 Deinde
858 1920 1100 1991 adjunxit
1126 1918 1399 1989 pra-mium
1428 1916 1581 1970 sicuti
1610 1930 1766 1983 supra
1786 1955 1799 1979 ,
1827 1921 1873 1965 et
1896 1911 2031 1966 Deus

456 2016 601 2085 pacis
627 2016 719 2068 erit
746 2013 999 2067 vobiscum
1025 2027 1044 2066 :
1099 2010 1237 2081 quod
1266 2008 1493 2063 maxime
1524 2008 1880 2061 necessarium
1907 2003 2028 2057 Plii-

455 2103 788 2174 lippensibus
810 2101 1082 2172 pra-mium
1116 2141 1133 2165 ,
1176 2108 1233 2154 ut
1256 2100 1393 2153 nulla
1424 2098 1493 2151 sit
1518 2096 1780 2150 discordia
1811 2137 1824 2159 ,
1869 2110 2027 2148 unum

455 2197 690 2253 sentiant
713 2211 903 2252 omnes
928 2238 942 2262 ,
971 2196 1039 2249 sit
1064 2210 1169 2266 pax
1200 2195 1251 2249 in
1278 2209 1461 2249 eorum
1491 2191 1716 2248 ecclesia
1745 2208 1758 2242 :
1816 2198 1870 2244 et
1895 2190 2030 2245 Deus

453 2289 604 2360 pacis
626 2290 713 2358 qui
742 2296 824 2342 est
856 2296 1002 2355 pater
1024 2327 1038 2350 ,
1060 2295 1115 2339 et
1135 2286 1250 2355 ejus
1268 2285 1430 2339 Filius
1446 2284 1600 2339 .lesus
1623 2282 1875 2337 Dominus
1904 2295 2029 2334 nos-

455 2391 541 2436 ter
558 2425 573 2447 ,
604 2380 749 2435 omni
775 2380 965 2433 animze
986 2380 1035 2431 in
1060 2379 1219 2432 Deum
1244 2392 1515 2432 conversa:
1539 2390 1718 2445 pacem
1740 2382 2026 2444 pneslaus:

458 2472 565 2528 hoc
591 2481 674 2526 est
700 2470 839 2541 quod
861 2472 933 2523 ait
960 2486 1059 2538 pax
1085 2468 1373 2522 vobiscum.

533 2564 695 2618 Vsus.
731 2563 815 2617 10.
847 2591 917 2601 -
945 2561 1239 2615 Gratulatus
1282 2576 1393 2613 sum
1442 2568 1608 2613 autem
1642 2558 1951 2611 velmnenter
1979 2555 2031 2608 in

458 2652 681 2711 Domino
702 2652 836 2725 quod
854 2653 1052 2706 tandem
1074 2651 1345 2721 aliquando
1363 2650 1684 2719 refloruistis,
1706 2658 1758 2701 ut
1782 2658 1825 2700 et
1840 2662 1930 2716 pro
1954 2662 2033 2698 me

457 2748 672 2815 sapiatis
697 2747 749 2799 itt
776 2762 875 2814 quo
918 2756 962 2798 et
1003 2755 1119 2797 ante
1167 2742 1434 2812 sapiebutis
1467 2740 1565 2811 ('5).
1600 2739 1668 2795 Ut
1702 2740 1752 2793 itt
1794 2753 2029 2793 errorem

454 2839 590 2907 lapsi
615 2838 981 2908 l’ltilippenses
1005 2839 1212 2890 fuerant
1230 2834 1371 2888 docti
1415 2835 1464 2887 in
1495 2833 1779 2901 Evangelia
1809 2832 1876 2884 ab
1905 2846 2031 2900 apo-

456 2933 596 2988 stolo
629 2932 808 2997 Paulo;
844 2930 935 2984 svd
962 2943 1099 2983 nunc
1124 2928 1401 2991 admoniti,
1427 2926 1631 2981 reversi
1658 2933 1781 2980 sunt
1809 2924 1864 2977 in
1897 2923 2031 2992 pris-

457 3028 623 3082 tinam
656 3026 1060 3095 intelligentiam
1105 3033 1161 3077 ut
1204 3023 1422 3077 credant
1451 3022 1500 3074 itt
1533 3019 1815 3089 Evangelia
1848 3033 2034 3086 quent-

2131 1829 2279 1893 dum;
2302 1838 2422 1884 utet
2443 1844 2535 1895 pro
2557 1846 2640 1884 me
2660 1832 2898 1901 sapiatis,
2924 1832 2975 1885 in
2997 1849 3102 1903 quo
3120 1842 3174 1888 et
3189 1835 3462 1902 sapuistis.
3483 1836 3712 1892 Genera-

2133 1920 2254 1975 liter
2266 1937 2390 1990 ergo
2412 1930 2469 1976 ut
2490 1922 2571 1978 vel
2592 1925 2911 1990 necessaria,
2931 1928 3012 1979 vel
3036 1934 3093 1979 ut
3115 1926 3283 1982 oratio
3304 1938 3499 1981 ett-trra
3518 1929 3709 1999 Philip-

2136 2014 2386 2080 pcnsibus
2401 2029 2497 2085 pro
2514 2015 2675 2069 Paulo
2698 2016 2978 2071 habeatur.
3002 2017 3233 2086 Denique
3256 2034 3361 2071 non
3385 2019 3451 2072 ad
3472 2021 3708 2074 fortunas

2133 2115 2335 2161 tantum
2367 2108 2447 2162 vel
2478 2107 2542 2161 ad
2576 2110 2870 2163 necessaria
2897 2125 3118 2179 qumque
3150 2110 3326 2177 posuit
3358 2110 3524 2165 etiam
3569 2112 3662 2166 ltoc
3691 2128 3707 2165 :

2206 2202 2366 2256 Vens.
2402 2201 2487 2257 12.
2512 2232 2584 2244 -
2612 2201 2680 2257 Et
2709 2205 2964 2259 humiliari
2998 2205 3110 2258 novi
3134 2216 3181 2257 et
3218 2204 3483 2260 abundare
3514 2209 3593 2276 (3)
3621 2224 3632 2258 :
3660 2215 3710 2262 et

2133 2295 2200 2351 de
2219 2296 2519 2362 virtutibus,
2550 2306 2603 2351 et
2626 2295 2893 2351 humiliari
2914 2297 3034 2351 novi
3058 2306 3111 2351 et
3131 2298 3405 2353 abundare
3434 2298 3488 2352 iu
3516 2300 3706 2367 omnia,

2135 2386 2186 2440 in
2207 2387 2393 2441 eodem
2423 2386 2581 2441 modo
2606 2406 2619 2441 :
2654 2387 2704 2441 id
2732 2396 2814 2442 est
2844 2388 3080 2456 prmbere
3098 2403 3286 2443 omnes
3309 2389 3537 2444 virtutes
3584 2387 3709 2444 Etin

2135 2478 2359 2533 omnibus
2380 2478 2458 2549 (ι)
2486 2481 2743 2533 institutus
2758 2496 2885 2534 smn.
2916 2480 2971 2533 Id
2986 2488 3067 2535 est
3080 2481 3144 2535 ad
3161 2481 3340 2535 omnia
3361 2480 3706 2548 assuefactus,

2134 2581 2187 2626 et
2216 2572 2323 2625 fere
2344 2572 2483 2625 sitim
2510 2614 2524 2635 ,
2557 2572 2773 2634 famem,
2805 2571 2989 2641 frigus;
3022 2580 3077 2627 et
3097 2587 3280 2627 tursus
3305 2573 3359 2627 in
3390 2573 3709 2628 abundantia

2135 2661 2325 2715 la-tztri.
2376 2662 2464 2716 Sic
2491 2670 2545 2716 et
2573 2662 2640 2715 de
2669 2661 2972 2727 virtutibus,
3003 2670 3058 2716 et
3096 2664 3162 2716 de
3194 2663 3493 2727 laboribus,
3525 2663 3580 2716 in
3608 2677 3712 2717 om-

2136 2753 2307 2816 nibus,
2336 2753 2523 2821 inquit,
2548 2754 2816 2808 inSlttulus
2836 2770 2972 2818 sum;
2996 2763 3049 2810 et
3076 2755 3279 2819 satiari,
3307 2764 3363 2809 et
3380 2754 3577 2810 famem
3607 2770 3711 2808 sns-

2137 2850 2304 2903 tinere
2326 2848 2594 2903 institutus
2615 2864 2754 2915 sum,
2778 2850 2967 2920 inquit,
2983 2858 3037 2903 et
3050 2851 3196 2919 copia
3223 2848 3431 2913 satiari,
3452 2858 3508 2904 et
3543 2863 3714 2903 rursus

2136 2940 2325 2993 famem
2358 2941 2641 2993 sustinere.
2675 2939 2803 2995 Item
2834 2942 2945 3009 ipsa
2973 2939 3079 2994 duo
3110 2939 3321 3008 repetit,
3346 2947 3403 2995 et
3426 2940 3711 3004 abundare,

2136 3041 2190 3087 ct
2218 3048 2373 3104 cgere
2415 3033 2465 3087 in
2516 3033 2759 3086 omnibus
2789 3047 3024 3102 possum.
3059 3033 3292 3087 Dicendo
3341 3033 3394 3087 in
3449 3034 3713 3097 omnibus,

456 3118 744 3174 admodum
790 3117 1150 3171 adnuntiatur.
1185 3115 1243 3169 Et
1277 3112 1595 3182 reﬂoruistis,
1640 3110 1827 3179 inquit;
1860 3108 1910 3163 id
1947 3117 2030 3161 est
2059 3118 2103 3179 ρ
2138 3138 2241 3174 nm.
2285 3122 2348 3173 ad
2383 3124 2679 3176 necessaria
2706 3122 2875 3177 νίειυς
2906 3121 3074 3177 msh-1
3109 3122 3362 3189 animus,
3389 3125 3487 3178 sed
3521 3124 3587 3178 ad
3612 3140 3717 3179 om-

454 3214 521 3269 ad
550 3213 733 3267 ﬂorent
779 3210 979 3266 reversi
1024 3209 1153 3263 estis
1186 3226 1197 3259 :
1231 3207 1351 3261 ideo
1400 3206 1452 3258 iu
1483 3204 1706 3258 Domino
1735 3201 2031 3269 gratulatus

457 3322 600 3371 sum,
631 3313 686 3359 et
710 3304 1054 3357 vehementer
1079 3302 1368 3370 gratulatus
1400 3314 1412 3349 :
1447 3306 1501 3350 et
1532 3297 1629 3349 IlOC
1651 3302 1733 3349 est
1761 3292 1899 3362 quod
1926 3292 2031 3355 ait,

457 3406 517 3451 ut
557 3411 647 3465 pro
674 3412 751 3448 me
788 3394 994 3464 sapiatis
1026 3410 1039 3444 :
1070 3391 1122 3444 id
1149 3400 1229 3445 cst
1250 3399 1305 3443 ut
1342 3405 1439 3457 ego
1470 3385 1910 3446 quemadmodum
1942 3399 2035 3438 vos

457 3488 639 3552 docui,
673 3486 894 3555 sapiatis
926 3502 940 3549 ;
984 3492 1259 3553 coeperant
1287 3483 1424 3535 enitn
1458 3483 1610 3534 aliter
1635 3494 1842 3550 sapere.
1879 3477 2034 3545 Quod

458 3588 640 3633 autem
671 3580 765 3642 ait,
804 3587 859 3629 ut
890 3592 980 3642 pro
1006 3591 1082 3629 nte
1121 3574 1352 3643 sapiatis,
1380 3574 1499 3642 quia
1534 3569 1879 3639 intelligentia
1916 3583 2037 3623 ves-

458 3680 542 3726 tra
572 3679 626 3725 et
668 3669 927 3735 sapientia
966 3682 1085 3737 qua:
1126 3667 1293 3720 fuerat
1340 3679 1437 3717 ttua
1471 3678 1565 3732 pro
1605 3679 1688 3715 me
1729 3676 1832 3714 non
1875 3668 2034 3713 erat:

461 3776 606 3818 nunc
648 3770 826 3815 autem
865 3774 984 3812 eum
1035 3757 1219 3827 sapitis
1265 3752 1707 3825 quemadmodum
1755 3749 1951 3814 docui,
1987 3757 2041 3801 ct

470 3853 820 3922 Evangelium
854 3850 1068 3911 tradidi,
1100 3865 1197 3918 pro
1242 3863 1325 3902 me
1353 3846 1556 3915 sapitis,
1589 3846 1637 3899 id
1678 3854 1761 3900 est
1789 3843 2042 3913 prodesse

464 3942 600 4001 mibi
623 3950 818 4013 potest,
850 3942 1099 4011 quoniam
1130 3954 1223 3993 vos
1251 3939 1426 3993 docui.
1461 3938 1523 3991 Et
1552 3935 1675 4006 quid
1700 3934 1829 3990 illud
1860 3944 1961 3997 est,
1990 3935 2040 3987 in

466 4049 575 4104 quo
613 4042 667 4087 et
709 4042 833 4087 ante
862 4032 1167 4102 sapiebatis,
1201 4046 1339 4085 nunc
1369 4028 1685 4085 refloruistis
1714 4036 1766 4082 et
1793 4028 1928 4081 idem
1960 4042 2046 4080 sa-

466 4130 676 4198 pientes
726 4141 822 4194 pro
864 4140 949 4179 me
1005 4124 1111 4194 jam
1159 4122 1386 4191 sapitis?

544 4216 704 4271 Vens.
740 4217 825 4269 il.
872 4245 940 4254 —-
972 4215 1215 4285 Occupati
1249 4224 1411 4267 autem
1462 4214 1633 4267 eratis.
1686 4209 1806 4264 Non
1846 4219 2049 4279 propter

467 4308 731 4380 penuriam
766 4308 877 4359 dico
904 4305 1006 4374 (4).
1044 4306 1099 4359 Si
1146 4306 1229 4359 bic
1260 4319 1447 4358 sensus
1492 4303 1747 4372 superiori
1789 4301 2046 4369 jungitur,

468 4400 591 4469 quia
622 4398 821 4451 dictum
854 4412 1009 4465 supra
1038 4406 1139 4458 est,
1167 4397 1325 4449 ctiam
1359 4411 1453 4463 pro
1484 4412 1567 4448 mc
1614 4393 1852 4457 sapiatis,
1883 4393 1933 4445 id
1970 4400 2051 4444 cst

2135 3212 2218 3264 nia
2242 3227 2358 3280 qua:
2386 3212 2437 3264 in
2468 3221 2585 3265 actu
2624 3221 2786 3275 sunt,
2818 3212 3026 3266 labores
3052 3214 3403 3283 virtutesque,
3436 3214 3711 3269 referenda

2134 3310 2256 3355 sunt
2282 3302 2401 3355 ista.
2438 3302 2510 3356 Ita
2534 3317 2589 3356 se
2628 3302 2923 3356 institutum
2965 3302 3120 3367 dixit,
3175 3312 3233 3356 ut
3277 3304 3454 3373 possit
3481 3314 3537 3358 ct
3562 3306 3718 3359 abun-

2134 3395 2260 3449 dare
2284 3404 2339 3449 t-t
2366 3411 2523 3466 egere
2554 3397 2603 3449 in
2633 3394 2897 3451 omnibus.
2928 3395 3133 3451 Novum
3157 3406 3240 3450 est
3260 3398 3399 3466 qttod
3422 3400 3500 3451 ait
3531 3401 3580 3452 in
3608 3414 3717 3453 om-

2136 3488 2289 3543 nibus
2333 3504 2489 3558 egero
2532 3503 2783 3557 possum:
2818 3488 2868 3543 id
2910 3500 2992 3544 est
3021 3490 3188 3544 tolero
3216 3505 3337 3544 cum
3382 3489 3437 3544 in
3480 3490 3718 3545 omnibus

2136 3594 2285 3649 egeo,
2319 3580 2367 3632 id
2389 3588 2471 3633 est
2498 3594 2659 3650 egens
2691 3580 2857 3635 fuero.

2210 3672 2375 3726 Vens.
2419 3672 2504 3726 15.
2546 3669 2622 3712 -’
2648 3674 2819 3741 Atque
2850 3682 2906 3726 ut
2932 3688 3137 3740 verum,
3178 3682 3234 3729 et
3274 3673 3621 3729 nihilominus
3658 3689 3719 3729 ex

2140 3762 2412 3832 disciplina
2457 3762 2602 3817 dicat
2646 3764 2968 3832 evangelica,
3024 3764 3283 3835 adjungit,
3331 3763 3438 3819 Per
3475 3766 3601 3836 {eum
3639 3766 3720 3835 qui

2142 3873 2219 3910 me
2242 3860 2509 3927 confortat.
2556 3854 2706 3923 Quod
2752 3870 2918 3925 genus
2944 3855 3065 3909 vita:
3102 3871 3313 3926 semper
3338 3864 3393 3911 et
3423 3856 3717 3913 habendum

2144 3957 2197 4003 et
2226 3949 2531 4014 tenendum,
2564 3956 2620 4001 ut
2647 3958 2700 4003 et
2742 3963 2839 4002 nos
2867 3948 3186 4015 laboremus,
3219 3958 3274 4003 et
3301 3952 3472 4005 nostri
3502 3950 3719 4005 instituti

2144 4039 2211 4095 sit
2230 4042 2401 4094 omnia
2427 4040 2523 4093 ista
2545 4054 2748 4107 gerere,
2786 4053 2902 4092 com
2935 4040 3099 4108 plere,
3128 4041 3290 4105 ferre,
3336 4040 3570 4095 tolerare
3600 4059 3613 4092 :
3656 4042 3719 4095 ita

2149 4141 2323 4187 tamen
2370 4142 2423 4185 ut
2470 4130 2571 4184 hoc
2624 4130 2924 4196 credamus,
2965 4130 3086 4197 quia
3142 4146 3240 4184 nos
3282 4130 3351 4183 ad
3410 4132 3589 4185 omnia
3629 4132 3718 4184 ista

2148 4225 2313 4279 fortes
2344 4224 2483 4277 Deus
2504 4222 2645 4277 fecit.
2693 4220 2823 4276 Cum
2844 4222 2984 4277 enim
3015 4222 3228 4286 dixerit,
3252 4223 3302 4275 in
3330 4224 3563 4277 omnibus
3589 4238 3719 4291 egere

2149 4335 2372 4387 possunt,
2429 4326 2473 4369 et
2513 4318 2693 4381 {amem
2754 4316 2997 4369 sustinere
3033 4314 3134 4387 (5),
3168 4316 3436 4369 revocavit
3482 4317 3719 4370 virtutem

2151 4426 2298 4463 suam
2340 4410 2405 4461 ad
2449 4408 2649 4461 Deum;
2701 4422 2789 4476 per
2830 4422 2944 4459 eum
2983 4407 3070 4475 qui
3119 4421 3194 4459 tne
3234 4411 3508 4470 contonat.
3551 4406 3623 4460 Ita
3674 4412 3722 4459 et

470 4499 532 4545 ut
561 4491 627 4543 de
650 4504 733 4543 me
749 4490 1013 4559 cogitetis,
1037 4490 1139 4542 erit
1164 4489 1461 4543 intellectus
1480 4496 1535 4541 ut
1560 4502 1622 4541 ea
1648 4504 1763 4555 quae
1784 4485 1907 4537 milii
1928 4493 2049 4537 sunt
2076 4485 2124 4543 D
2150 4518 2264 4566 vos,
2298 4511 2351 4557 ει
2379 4515 2562 4555 omnes
2611 4500 2697 4567 qui
2742 4500 2792 4551 ίη
2844 4498 3008 4552 neum
3060 4498 3215 4552 ﬁdem
3260 4496 3476 4556 habent.
3514 4497 3724 4551 credam

469 4581 794 4646 neceSsaria,
817 4583 1054 4645 mittatis;
1074 4582 1166 4634 sed
1194 4582 1351 4634 etiam
1380 4580 1613 4633 misistis:
1638 4588 1689 4632 et
1711 4579 1829 4632 ideo
1853 4579 2048 4630 dictum

469 4672 864 4742 sit,gratulatus
887 4687 1003 4725 sum
1026 4681 1200 4726 autem
1227 4673 1279 4725 in
1306 4671 1528 4723 Domino
1552 4670 1686 4734 quod
1712 4668 1924 4721 tmdem
1957 4667 2053 4719 ali-

472 4762 685 4833 quando
706 4763 1042 4827 τεη‹ιτιιὶ›ιίς,
1067 4771 1120 4816 et
1140 4761 1410 4815 abundare
1435 4759 1593 4829 coepit
1616 4759 1813 4813 fructus
1835 4774 1897 4811 ex
1928 4773 2054 4821 ope-

472 4852 681 4908 ratione
696 4862 890 4906 vestra.
916 4851 1002 4906 Sic
1023 4854 1163 4905 enim
1186 4861 1367 4921 postea
1389 4850 1537 4913 dicit,
1561 4859 1604 4901 et
1624 4849 1838 4918 coepistis
1858 4864 1951 4914 pro
1973 4863 2048 4899 me

473 4960 682 5012 sapere:
716 4944 767 4997 itt
794 4960 899 5013 quo
921 4953 1002 4997 est
1031 4953 1085 4997 et
1107 4944 1253 5006 illttd,
1278 4943 1328 4994 in
1358 4958 1453 5005 quo
1479 4952 1523 4993 et
1550 4950 1665 4992 ante
1682 4938 1971 5006 sapicbutis,
1996 4946 2051 4990 ut

471 5035 603 5090 mihi
628 5038 924 5089 necessaria
954 5034 1230 5088 inittcrelis
1260 5052 1271 5086 :
1302 5044 1355 5088 et
1386 5035 1485 5087 hoc
1513 5042 1595 5086 est
1622 5032 1760 5101 qttod
1792 5032 2050 5099 sequitur.

472 5127 590 5194 Quo
620 5127 779 5181 modo
804 5128 1079 5197 sapiebant
1097 5128 1119 5178 ἴ)
1140 5127 1273 5181 Ante
1290 5125 1534 5193 occupati
1552 5133 1722 5187 erant,
1749 5132 1870 5177 ante
1892 5124 1941 5176 in
1975 5124 2056 5177 bis

473 5216 746 5289 operibus.
775 5216 925 5283 Quod
948 5216 1157 5286 quidem
1184 5216 1400 5281 Paulus,
1428 5232 1527 5269 non
1563 5215 1700 5281 ideo,
1725 5215 1912 5284 inquit,
1943 5212 2057 5266 dico

546 5328 625 5398 (l)
665 5326 833 5381 Codd.
863 5329 1190 5397 gubernabat.

568 5400 625 5463 Ξ)
655 5398 821 5451 Codd.
853 5400 966 5451 sibi.

568 5400 625 5463 Ξ)
655 5400 821 5451 Codd.
853 5400 966 5451 sibi.

542 5400 623 5540 i5)
658 5467 831 5535 Vulg.,
864 5468 1075 5523 Gavisus
1112 5486 1225 5523 sunt
1249 5480 1416 5525 autem
1455 5472 1505 5523 in
1539 5468 1753 5524 Domino
1779 5469 2043 5522 tte/tenten-

471 5548 546 5611 ter
559 5539 802 5611 quoniam
826 5539 1026 5611 tandem
1051 5540 1322 5610 aliquando
1369 5540 1667 5608 reﬂoruistis
1693 5557 1785 5611 pro
1820 5555 1898 5592 me
1927 5554 2041 5591 sen-

470 5609 563 5661 tire
591 5610 721 5660 sicut
745 5617 790 5661 et
815 5610 1116 5663 sentiebatis.

460 5709 474 5750 ,
535 5676 612 5748 (ι)
646 5676 819 5747 Vulg.,
852 5694 951 5734 non
975 5681 1118 5748 quasi
1140 5695 1333 5753 pauper
1355 5683 1621 5751 penuriam
1647 5680 1776 5735 dico.

2152 4605 2296 4649 certe
2325 4610 2442 4663 qua:
2469 4593 2593 4656 sint,
2624 4606 2682 4643 se
2724 4605 2877 4659 ρολεε
2906 4589 3072 4643 fortes
3104 4588 3236 4654 ﬁeri,
3267 4599 3319 4643 et
3374 4589 3425 4642 iu
3472 4596 3719 4657 egestate,

2152 4696 2207 4739 et
2255 4687 2305 4738 in
2335 4685 2540 4737 ca-teris
2572 4682 2861 4735 laboribus.
2909 4681 3047 4735 Deus
3095 4683 3235 4734 enim
3266 4695 3535 4749 nunquam
3584 4681 3725 4734 deest

2155 4778 2237 4833 bis
2266 4778 2354 4847 qui
2408 4790 2527 4829 cum
2572 4775 2817 4845 diligunt,
2848 4775 2936 4844 qui
2981 4774 3033 4828 in
3082 4789 3203 4829 eum
3234 4774 3391 4828 (idem
3433 4773 3631 4829 habent
3676 4776 3726 4826 et

2147 4885 2315 4939 spem.

2225 4966 2385 5020 Vsus.
2411 4964 2496 5019 14.
2514 4994 2583 5003 —
2607 4964 2744 5018 Sane
2766 4964 2885 5017 bene
2911 4963 3100 5032 fecistis
3119 4961 3251 5032 quod
3273 4961 3588 5015 tribuiationi
3612 4973 3728 5013 mea

2156 5056 2559 5109 communicastis
2587 5053 2685 5125 (ti).
2713 5053 2769 5108 ld
2795 5064 2875 5108 est
2898 5053 3185 5123 participes
3216 5053 3386 5107 fuistis
3433 5052 3518 5107 vel
3546 5053 3726 5107 subve-

2234 5181 2311 5251 (l)
2340 5179 2505 5233 Codd.
2539 5195 2676 5232 uoco.

2247 5247 2322 5319 (‘2)
2349 5251 2517 5303 Codd.
2551 5266 2644 5317 pro
2669 5265 2841 5304 sensus
2870 5247 3071 5302 habent
3096 5264 3148 5301 se
3175 5248 3329 5302 risus.

2243 5316 2321 5392 (5)
2351 5320 2525 5392 fulti”
2558 5320 2662 5392 scio
2688 5331 2733 5372 et
2761 5320 3047 5392 humiliari,
3059 5319 3165 5371 scio
3186 5329 3231 5372 et
3247 5316 3526 5373 abundare.

2233 5389 2315 5460 (li)
2350 5389 2499 5454 Vulg.
2521 5430 2536 5455 ,
2562 5391 2739 5458 ubique
2755 5402 2797 5442 et
2818 5390 2869 5440 in
2891 5390 3144 5441 omnibus.

2232 5455 2309 5533 (5)
2344 5460 2491 5528 Vulg.
2514 5502 2528 5524 ,
2546 5455 2821 5533 institutus
2838 5474 2947 5511 sunt
2971 5468 3016 5511 et
3029 5459 3210 5512 satiari
3234 5467 3280 5513 et
3304 5459 3497 5513 esurire
3512 5466 3559 5511 et
3579 5455 3725 5510 obtut-

2156 5530 2281 5585 dare
2293 5530 2351 5585 et
2379 5530 2639 5601 penuriam
2666 5531 2791 5597 pati.

2227 5603 2305 5682 t6)
2339 5598 2514 5682 \iulg”
2556 5609 2898 5655 verumtamen
2928 5598 3050 5656 bene
3074 5599 3287 5669 fecistis,
3313 5598 3726 5655 communicantes

2148 5672 2458 5727 lribulationi
2478 5686 2621 5725 meat.

3889 93 3891 141 l

3890 1210 3891 1241 ι
