3950 6206
237 256 261 309 ‘I
274 255 382 310 233

1175 263 1235 317 IN
1278 263 1656 319 EPISTULA.“
1698 264 1898 320 PAULI
1939 268 2026 321 .\D
2078 269 2574 326 I’lIIIJI'l'ENSI-IR.

3358 280 3495 336 1934

237 371 398 425 nistis
433 371 562 426 mihi
611 374 662 426 in
699 373 1032 429 tribulatione
1055 384 1109 429 ut
1140 385 1215 429 est
1237 377 1666 441 communicatio,
1700 377 1810 446 pari
1837 377 1890 436 Α
1916 378 2206 435 miserunt:
2234 382 2470 454 licpletus
2490 402 2623 444 sunt,
2645 387 2830 453 inquit,
2859 405 2971 440 cunt
2995 392 3238 461 tit-repleti
3264 408 3377 461 qua:
3401 410 3491 462 per

237 461 406 516 modo
430 462 578 534 jungi
603 467 856 534 mysterio
887 483 900 518 :
928 467 1015 535 qtti
1043 477 1215 521 autem
1241 470 1563 538 compatitur
1587 482 1705 523 cum
1729 468 1811 521 aI-

236 561 379 618 tero,
429 563 482 609 et
521 557 768 611 subvenit
816 559 985 612 alteri.

317 643 476 699 Vens.
512 645 599 700 I5.
631 677 699 688 —
723 647 876 702 Scitis
921 659 1085 704 autem
1111 654 1261 705 etiam
1288 669 1394 718 vos,
1439 652 1809 723 Philippenses,

234 735 483 803 quoniam
519 752 607 803 per
633 738 778 790 initia
822 737 1082 811 Evangelii
1127 759 1238 794 cum
1284 760 1316 796 a
1355 741 1652 797 Macedonia
1691 761 1811 813 pro-

235 826 405 892 fectus
433 842 564 891 sunt,
590 825 731 879 nulla
753 828 876 880 mihi
901 830 1107 882 ecclesia
1132 834 1510 888 communicavit
1538 836 1589 887 in
1619 836 1812 888 ratione

235 912 349 966 dati
377 923 422 967 et
449 916 655 987 accepti,
681 917 776 969 nisi
795 933 879 970 vos
900 924 1242 974 tantummodo
1267 922 1364 993 (I).
1400 925 1492 976 llic
1512 933 1693 991 aperte
1714 941 1810 978 ex-

235 1004 438 1073 po~uit,
465 1014 519 1059 ut
548 1022 703 1075 supra
727 1006 926 1062 dictum
943 1021 1043 1075 est;
1069 1012 1390 1067 tribulationi
1415 1030 1546 1068 mea:
1575 1029 1813 1068 commu-

231 1099 478 1162 nicastis,
504 1099 553 1153 id
581 1111 663 1154 est
688 1102 938 1155 auxilium
967 1111 1019 1157 et
1051 1105 1347 1171 prtesidium
1374 1107 1612 1172 dedistis,
1637 1107 1810 1161 dando

234 1189 369 1244 mihi
400 1193 716 1244 necessaria.
743 1192 974 1263 Denique
1005 1193 1104 1248 hoc
1133 1195 1392 1266 adjungit:
1422 1199 1586 1262 sctis,
1621 1198 1805 1267 inquit,

233 1284 626 1356 Pbilippenses;
665 1299 719 1342 ει
745 1303 838 1342 vos
867 1306 1076 1360 quoque
1101 1291 1265 1355 scitis.
1298 1293 1544 1363 quoniam
1578 1296 1628 1349 in
1661 1297 1805 1364 prin-

230 1377 378 1446 cipio
400 1378 679 1447 evangelii,
701 1383 910 1446 quando
928 1383 1193 1451 prolectus
1209 1400 1322 1438 sum
1348 1385 1398 1438 in
1427 1385 1803 1452 Macedoniam,

234 1486 333 1542 per
353 1487 539 1526 omnes
568 1472 820 1528 ecclesias
846 1477 1223 1544 evangelizavi;
1255 1478 1346 1532 sed
1383 1479 1522 1532 nulla
1553 1478 1703 1543 inihi,
1728 1479 1806 1532 in-

230 1563 368 1634 quit,
395 1566 819 1619 communicavit.
855 1565 950 1622 Ubi
981 1577 1155 1622 autent
1180 1569 1611 1623 communicavit?
1642 1571 1691 1622 in
1722 1583 1803 1622 ra-

230 1655 401 1720 tione,
430 1654 618 1726 inquit,
651 1655 757 1710 dati
805 1666 858 1711 et
900 1660 1140 1728 accepti:
1175 1660 1225 1714 id
1269 1669 1350 1713 est
1398 1659 1448 1714 in
1487 1660 1801 1730 sumptibus,

1920 466 2330 538 Epaphroditum
2375 475 2600 539 misistis,
2623 477 2826 529 adorent
2853 481 3113 534 suavitatis
3131 523 3145 544 ,
3170 484 3484 551 sacriﬁcium

1915 573 2191 633 acceptant,
2251 575 2495 627 sanctum,
2551 577 2751 637 gratum
2802 569 2907 624 Deo
2939 570 3038 644 (I).
3073 571 3129 627 Si
3160 589 3318 644 supra
3351 577 3486 632 nihil

1915 651 2054 705 aliud
2084 653 2152 708 de
2181 669 2245 707 eo
2273 656 2410 724 quod
2442 659 2593 711 datur
2621 669 2872 726 expetere
2911 676 2968 716 se
3011 663 3145 716 dixit
3190 663 3290 719 nisi
3339 666 3485 722 fruc-

1917 750 2024 796 tum
2056 745 2433 810 abundantem,
2465 746 2539 800 ita
2559 756 2612 801 ct.
2637 750 2720 804 hic
2740 764 2859 804 cum
2885 751 3144 820 repletum
3176 771 3234 810 se
3261 756 3404 822 dicit,
3431 766 3491 813 et

1913 836 2180 902 accepisse
2210 854 2326 906 quze
2355 839 2510 892 missa
2541 851 2682 903 sunt,
2715 857 2816 894 non
2846 842 2896 895 in
2922 843 3002 896 his
3021 861 3138 914 qua:
3168 853 3327 902 missa
3350 859 3480 903 sunt

1912 927 2118 994 gaudeo
2147 937 2201 984 et
2229 930 2460 999 repletus
2488 948 2601 984 smn
2624 951 2636 994 ;
2662 933 2752 987 sed
2783 933 2832 987 in
2847 949 2911 989 eo
2940 937 3077 1003 quod
3110 938 3366 995 habuistis
3395 957 3488 996 vo-

1913 1019 2167 1073 luntatem
2199 1037 2484 1090 curamque
2515 1025 2790 1091 mittendi,
2824 1041 2941 1095 qua:
2970 1041 3048 1081 εει
3093 1029 3484 1098 benevolentia,

1910 1119 1965 1165 et
1994 1112 2193 1166 fructus
2222 1114 2589 1179 abundantie;
2614 1118 2752 1170 unde
2778 1118 2908 1171 ordo
2931 1117 3058 1172 mihi
3079 1123 3351 1177 suavitatis
3379 1137 3483 1192 eet,

1913 1217 2005 1255 vos
2033 1204 2163 1256 tales
2189 1220 2325 1265 esse;
2367 1216 2419 1258 ct
2447 1207 2762 1260 sacriﬁcium
2802 1223 3062 1268 smmum.
3103 1223 3312 1281 gratum
3347 1215 3478 1282 Deo,

1910 1294 2131 1348 libenter
2161 1295 2330 1350 facere
2381 1313 2497 1366 qum
2531 1298 2709 1362 facias;
2751 1317 2929 1354 curam
2980 1318 3165 1372 gerere
3187 1347 3200 1368 ,
3231 1317 3483 1375 prmstare

1909 1385 2046 1454 quod
2073 1387 2423 1454 praestandum
2459 1399 2540 1444 est
2578 1391 2729 1444 alteri
2752 1391 2816 1445 ad
2850 1395 3232 1451 necessitates:
3269 1398 3366 1453 hoc
3400 1411 3483 1454 est

1908 1475 2077 1546 ipsmn
2118 1478 2431 1533 sacrificium
2473 1491 2525 1534 et
2555 1493 2794 1536 sanetum
2846 1494 2898 1539 ct
2936 1496 3210 1556 acceptum
3258 1499 3311 1543 et
3352 1506 3478 1559 gra-

1910 1575 2017 1618 tum
2051 1567 2176 1631 Deo,
2220 1568 2331 1636 ipsa
2369 1569 2755 1626 benevolentia.

1979 1656 2136 1714 Vens.
2174 1661 2255 1724 I9,
2279 1660 2367 1715 ‘20.
2424 1692 2491 1702 —
2530 1661 2665 1718 Deus
2702 1676 2865 1718 autem
2903 1685 3041 1722 meus
3077 1671 3280 1741 impleat
3324 1690 3470 1728 omne

232 1747 378 1817 quod
409 1757 492 1802 est
519 1748 698 1803 datum
729 1759 781 1803 et
803 1762 1074 1820 acceptum
1106 1769 1118 1803 ε
1150 1768 1269 1806 nam
1293 1753 1379 1822 qui
1407 1753 1496 1807 dat
1657 1755 1812 1810 habet
1843 1756 1890 1814 Β
1917 1750 2220 1804 desiderium
2247 1764 2460 1806 vestrum
2491 1756 2762 1809 secundum
2789 1758 2990 1813 divitias
3009 1778 3127 1815 suas
3154 1764 3206 1817 in
3234 1765 3397 1834 gloria
3427 1766 3480 1817 in

232 1839 493 1892 rationem
517 1855 635 1894 cum
658 1842 830 1911 coqui
860 1843 1044 1911 accipit
1070 1861 1082 1896 :
1109 1853 1163 1898 et
1192 1846 1276 1913 qui
1303 1845 1514 1914 accipit,
1539 1849 1698 1900 habet
1721 1864 1807 1900 ra.

232 1931 433 1986 tionem
459 1947 574 1987 cum
603 1950 667 1988 eo
693 1935 779 2004 qui
830 1936 939 1999 dat,
970 1945 1218 2006 quantum
1260 1936 1424 2004 dedit,
1451 1950 1808 2008 quantumque

230 2023 428 2094 accepit
470 2026 558 2079 ille
596 2028 683 2095 qui
721 2029 942 2098 accepit.
985 2028 1098 2083 Non
1131 2041 1310 2099 quoet
1340 2031 1449 2099 ipse
1478 2030 1681 2086 dederit
1711 2033 1808 2086 ali-

231 2115 382 2186 quid,
411 2117 496 2186 qui
542 2118 774 2188 accepit;
805 2121 897 2173 sed
925 2136 1044 2174 cum
1075 2137 1262 2174 nninus
1289 2121 1405 2184 dat,
1440 2121 1574 2175 ratio
1597 2121 1703 2176 dati
1730 2133 1812 2178 est

231 2214 290 2261 et
334 2207 555 2274 accepti.
597 2207 732 2274 Quid
761 2211 901 2265 enim
929 2221 1011 2265 est
1057 2213 1107 2264 in
1138 2229 1243 2281 quo
1273 2212 1466 2268 Paulus
1492 2214 1560 2268 de
1591 2216 1808 2283 pecunia

233 2294 421 2350 daret?
447 2297 548 2352 Sed
578 2300 823 2367 quoniam
859 2302 994 2355 ratio
1016 2301 1121 2356 dati
1151 2310 1206 2357 et
1231 2304 1430 2373 accepti
1459 2313 1539 2358 est
1573 2306 1623 2358 in
1653 2319 1811 2372 pecn-

235 2388 322 2442 nia
355 2387 489 2444 inter
515 2404 608 2445 eos
638 2391 725 2461 qui
765 2392 893 2446 dant
929 2404 981 2447 et
1021 2408 1113 2448 eos
1141 2396 1226 2463 qui
1271 2395 1556 2464 accipiunt,
1587 2396 1706 2450 ideo
1735 2397 1811 2450 sic

230 2478 494 2549 junctum.
531 2481 644 2535 Non
674 2483 812 2536 enim
859 2489 1079 2553 pecunia
1109 2486 1363 2555 accipitur
1393 2502 1490 2557 pro
1515 2489 1807 2560 evangelio,

238 2580 296 2623 ut
324 2571 459 2624 ratio
489 2570 595 2626 dati
620 2573 686 2626 sit
715 2573 765 2626 in
793 2575 1036 2643 pecunia;
1069 2587 1123 2629 at
1148 2577 1302 2646 longe
1330 2579 1503 2632 aliter.

310 2661 473 2718 Vatis.
508 2665 594 2720 16.
623 2695 690 2705 -—
725 2665 848 2733 Vos,
879 2669 1066 2737 inquit,
1120 2671 1487 2725 tantummodo
1513 2674 1810 2727 communi-

235 2757 418 2811 castis.
451 2755 684 2824 Denique
737 2759 1003 2828 sulijungit
1055 2759 1172 2815 illos
1223 2761 1431 2817 dedisse
1479 2781 1491 2818 :
1534 2763 1809 2836 Propterea

235 2847 374 2916 quod
413 2848 466 2900 in
521 2846 922 2903 Thessalonicam
970 2855 1121 2905 semel
1160 2863 1206 2905 et
1246 2851 1320 2906 bis
1363 2855 1565 2908 misistis
1617 2873 1673 2909 ea
1701 2873 1810 2927 qua:

238 2941 363 2993 mihi
416 2943 694 2995 necessaria
732 2946 930 3012 fuerunt
968 2946 1066 3014 (5).
1113 2944 1255 3011 Aper
1287 2947 1489 3001 tissime
1524 2949 1811 3004 declaravit

236 3032 364 3104 qttitl
404 3033 472 3088 sit
508 3034 641 3104 quod
686 3037 1134 3092 communicavistis
1174 3038 1250 3112 (4)
1303 3049 1355 3094 ει
1384 3041 1647 3108 quomodo
1677 3046 1810 3098 ratio

1913 1839 2112 1896 Christo
2141 1842 2284 1896 Jesn.
2329 1845 2434 1899 Deo
2460 1858 2624 1900 autem
2654 1860 2699 1902 et
2739 1852 2873 1919 patri
2912 1863 3080 1906 nostra
3111 1856 3270 1923 gloria
3304 1858 3356 1910 in
3387 1873 3488 1910 stc-

1912 1933 2027 1984 cula
2051 1934 2373 1988 strcnlorum.
2398 1937 2654 2003 Quoniam
2677 1949 2728 1992 et
2761 1953 2934 1994 reetos
2961 1957 3120 2008 Opera
3153 1945 3283 2014 ips",
3309 1958 3362 2002 et
3386 1949 3483 2002 bo-

1912 2036 2009 2075 nos
2033 2039 2099 2076 ex
2133 2026 2400 2080 voluntate
2431 2027 2567 2096 quod
2610 2029 2832 2084 libenter
2863 2034 3068 2086 mittant
3093 2047 3148 2087 et
3176 2051 3358 2090 curam
3388 2053 3480 2107 ge-

1912 2118 2362 2171 rantsacriticium
2395 2136 2512 2174 esse
2545 2122 2642 2176 hoc
2667 2124 2923 2188 optimum
2959 2127 3065 2181 Deo
3085 2127 3218 2182 dixit
3249 2142 3303 2183 et
3339 2132 3474 2184 odo-

1913 2219 2022 2260 rem
2047 2209 2338 2262 suavitatis.
2363 2209 2478 2264 .Iam
2506 2213 2571 2266 ad
2595 2213 2921 2268 referendam
2945 2220 3167 2286 gratiam
3194 2229 3359 2287 Optat,
3383 2238 3479 2276 vo—

1916 2308 2022 2352 tmn
2051 2297 2194 2364 facit,
2225 2311 2278 2353 ut
2305 2301 2442 2355 Deus
2471 2303 2584 2371 (sed
2613 2305 2834 2370 apostoli
2883 2309 2951 2360 sit
2981 2309 3160 2376 Deus),
3199 2309 3364 2373 Deus,
3395 2313 3475 2366 in-

1913 2391 2044 2460 quit,
2084 2407 2256 2459 meus;
2299 2409 2366 2448 ne
2395 2410 2676 2451 commune
2718 2399 2786 2451 sit
2828 2414 2945 2453 cum
3001 2402 3244 2465 ca-teris;
3278 2404 3484 2473 impleat

1913 2499 2079 2549 omne,
2105 2487 2295 2551 inquit,
2318 2487 2620 2543 desiderium
2648 2503 2884 2556 vestrum,
2903 2495 3185 2563 etimpleat
3205 2499 3482 2552 secundum

1913 2577 2116 2631 divitias
2161 2595 2298 2633 suas.
2349 2579 2401 2633 Id
2427 2591 2508 2635 est
2560 2598 2677 2635 eum
2723 2599 2818 2638 vos
2859 2600 2961 2640 non
3015 2590 3337 2656 expetieritis
3364 2606 3486 2660 qua:

1913 2667 2091 2721 tnuitdi
2123 2681 2266 2735 sunt,
2297 2669 2390 2725 sed
2418 2687 2476 2725 ea
2499 2689 2616 2742 quze
2642 2673 2775 2729 Deus
2797 2675 2864 2729 de
2892 2676 3088 2732 divitiis
3118 2681 3227 2732 suis
3256 2681 3478 2751 largitur

1911 2766 1962 2811 et
1994 2757 2103 2824 dat,
2129 2759 2280 2813 idest
2330 2777 2448 2830 qua:
2489 2764 2722 2818 cmlestia
2763 2775 2904 2830 sunt,
2952 2783 3069 2837 qua!
3117 2770 3319 2835 divina;
3351 2773 3481 2841 ipsa:

1912 2860 2034 2902 sunt
2064 2851 2203 2902 enim
2243 2851 2441 2905 divitia:
2495 2853 2605 2908 Dei.
2650 2855 2880 2926 Denique
2936 2858 3212 2927 adjunxit,
3242 2863 3402 2929 gloria
3429 2863 3483 2916 itt

1912 2939 2110 2994 Christo
2136 2941 2278 3008 Iesu,
2305 2953 2360 2996 ut
2387 2946 2468 2998 hat
2496 2947 2600 3000 sint
2628 2947 2822 3001 divitia:
2846 2991 2858 3012 ,
2884 2965 3001 3020 qua!
3029 2961 3152 3005 sunt
3184 2951 3234 3005 in
3265 2952 3481 3006 Christo

1911 3031 2066 3097 Jesu,
2098 3034 2145 3087 id
2173 3045 2253 3088 est
2285 3036 2388 3088 vita
2421 3049 2639 3099 aeterna,
2689 3041 3055 3096 sanctiﬁcatio.
3091 3043 3342 3113 Adjunxit
3385 3061 3482 3097 au-

237 3126 307 3180 sit
336 3125 443 3180 dati
474 3136 526 3180 et
551 3129 774 3194 accepti.
814 3126 935 3188 Vos,
976 3130 1160 3198 inquit,
1194 3132 1539 3185 tantummodo
1567 3133 1618 3186 in
1656 3131 1813 3187 Thes-
1838 3125 1882 3186 C
1917 3131 2043 3189 lem.
2069 3127 2205 3194 ρωιά
2224 3140 2342 3179 cum
2374 3127 2626 3196 l'tfligione
2649 3145 2857 3199 Sf‘mpcr
2881 3133 3204 3202 adiungitur,
3234 3143 3289 3188 et
3308 3134 3479 3189 devo—

237 3216 517 3270 salotn'cam
542 3217 692 3270 semel
727 3228 772 3271 et
799 3216 874 3272 bis
909 3220 1112 3273 misistis
1142 3235 1200 3272 ea
1222 3237 1353 3290 qute,
1383 3222 1509 3276 ntihi
1534 3225 1814 3277 necessaria

236 3309 465 3378 fuerunt.

311 3401 475 3455 Vens.
509 3400 594 3454 I7.
625 3431 693 3441 —
717 3399 840 3456 Non
873 3404 990 3472 quia
1027 3405 1227 3474 requiro
1266 3404 1460 3467 datum;
1493 3407 1580 3460 sed
1605 3408 1813 3476 exquiro

238 3495 459 3562 fructum
501 3490 832 3546 abundantem
861 3493 913 3546 itt
950 3494 1178 3548 oratione
1205 3504 1362 3548 vestra
1382 3495 1480 3565 (5).
1511 3494 1624 3550 Non
1648 3511 1809 3566 egeo,

240 3585 448 3654 inquit,
496 3599 668 3653 neque
709 3586 805 3639 ista
855 3589 1152 3642 necessaria
1199 3589 1456 3656 exquiro,
1487 3588 1580 3643 sed
1611 3599 1812 3643 tantum

237 3673 622 3730 benevolentiae
643 3691 736 3730 vos
765 3692 918 3731 usum
944 3678 1136 3732 habere
1165 3678 1390 3743 debetis,
1420 3687 1476 3731 ut
1503 3678 1630 3733 mihi
1666 3681 1807 3734 fruc-

240 3776 326 3821 tus
371 3780 562 3822 vestras
606 3768 992 3823 benevolentiae
1044 3771 1132 3832 sit,
1187 3771 1407 3840 quodin
1442 3771 1810 3827 benevolentia

237 3857 520 3913 abundatis
544 3875 558 3923 ;
589 3858 638 3912 id
678 3868 759 3913 est
793 3868 848 3912 ut
877 3874 995 3913 eum
1025 3860 1317 3914 orationem
1344 3861 1410 3915 de
1434 3863 1582 3915 vobis
1605 3861 1772 3916 habeo
1793 3903 1806 3926 ,

237 3950 308 4002 sit
338 3948 465 4002 mihi
503 3946 704 4004 fructus
730 3947 1114 4003 beneVoIrntia:
1145 3959 1354 4003 vestra).
1385 3950 1516 4004 Cum
1542 3951 1618 4004 vel
1646 3949 1808 4004 Deum

237 4054 336 4108 pro
385 4040 537 4092 vobis
590 4054 716 4108 rugo
740 4081 754 4104 ,
806 4040 886 4093 vel
921 4039 1027 4093 Deo
1060 4056 1153 4108 pro
1185 4041 1332 4094 vobis
1361 4041 1556 4110 gratias
1581 4056 1697 4111 ago,
1729 4051 1810 4095 est

237 4129 366 4184 mihi
397 4129 596 4184 fructus
615 4133 754 4186 circa
779 4133 1095 4198 orationem,
1127 4148 1244 4202 qua:
1272 4149 1366 4202 pro
1390 4135 1534 4188 \obis
1559 4143 1659 4201 est,
1685 4134 1808 4189 dum

235 4221 507 4277 abundare
550 4237 642 4276 vos
673 4223 912 4293 intelligo
947 4231 1000 4277 et
1033 4237 1152 4279 esse
1179 4224 1484 4280 benevolos.

310 4314 469 4369 Vens.
503 4313 662 4369 £8.—
692 4313 864 4368 Habeo
885 4316 1016 4368 enim
1042 4316 1211 4369 omnia
1235 4324 1282 4369 et
1306 4315 1527 4369 abundo.
1551 4315 1698 4383 Ideo,
1723 4317 1807 4371 in-

235 4407 372 4476 quit,
399 4422 503 4461 non
527 4409 741 4476 requiro
769 4407 975 4472 datum;
999 4423 1118 4462 nam
1145 4409 1320 4462 omnia
1345 4406 1515 4464 habeo
1540 4427 1553 4462 :
1584 4420 1637 4464 et
1659 4410 1808 4464 multi

1920 3215 2061 3267 tione
2089 3225 2142 3268 et
2163 3217 2418 3285 obsequio
2449 3236 2461 3270 :
2495 3217 2618 3284 Deo,
2650 3219 2846 3290 inquit,
2880 3223 3062 3289 gloria.
3100 3221 3203 3275 Deo
3237 3225 3368 3289 potri
3387 3241 3405 3288 ;
3429 3235 3478 3279 et

1918 3304 2042 3370 Deo,
2073 3307 2261 3376 inquit,
2309 3318 2501 3374 nostro,
2550 3311 2752 3367 scilicet
2798 3312 2922 3368 Jesu
2968 3314 3178 3368 Christo
3217 3315 3292 3386 (‘2)
3339 3317 3477 3385 patri

1918 3407 2098 3451 nostro
2127 3415 2138 3450 :
2170 3402 2236 3454 sit
2257 3400 2329 3454 illi
2358 3401 2524 3471 gloria
2543 3412 2763 3469 (cteros,
2785 3404 2922 3475 quod
2942 3417 3023 3460 εει
3049 3407 3098 3459 in
3118 3406 3306 3460 saecula
3320 3423 3477 3461 strea-

1917 3493 2076 3542 lorttttt
2085 3529 2099 3545 .

1987 3579 2129 3634 Finit
2171 3583 2414 3650 epistola.
2468 3582 2594 3639 Inde
2641 3587 2857 3640 monitis
2908 3589 3190 3659 praeceptis
3237 3605 3356 3659 quze
3409 3590 3478 3645 ad

1916 3682 2060 3724 recte
2088 3673 2390 3734 vivendum.
2417 3687 2712 3744 sequuntur
2736 3677 3101 3733 salutatimies.
3128 3680 3306 3734 Primo
3335 3681 3486 3736 salu-

1915 3770 1990 3815 tat
2029 3763 2162 3832 ipse,
2206 3765 2284 3818 vel
2330 3765 2546 3820 salutari
2591 3782 2687 3821 suo
2734 3769 2949 3824 nomine
2996 3770 3192 3825 alteros
3238 3774 3471 3826 mandat.

1915 3852 2061 3920 Quos
2095 3864 2272 3909 tamen
2302 3856 2541 3912 alteros?

1985 3943 2146 3999 Vsus.
2175 3945 2234 4000 2|
2253 3989 2265 4011 ,
2296 3947 2387 4002 22.
2414 3977 2486 3990 -
2518 3949 2752 4005 Salutate
2778 3967 2945 4005 onmes
2973 3962 3172 4006 sanctos
3201 3953 3253 4005 in
3285 3951 3485 4007 Christo

1910 4032 2052 4088 Jesu.
2084 4034 2308 4092 Sanctos
2335 4039 2385 4091 in
2416 4039 2627 4094 Christo
2652 4039 2796 4103 Jesu,
2831 4057 2897 4096 an
2929 4043 2980 4096 in
3008 4042 3223 4097 Christo
3247 4042 3373 4096 Jesu
3400 4059 3487 4097 sa-

1911 4125 2109 4182 lutate?
2131 4127 2370 4182 Salutant
2398 4146 2482 4184 vos
2510 4133 2597 4200 qui
2633 4148 2820 4185 mecum
2847 4143 2963 4186 sunt
2991 4138 3193 4204 fratres.
3237 4133 3372 4198 Non,
3402 4136 3487 4189 itt-

1910 4219 2046 4288 quit,
2075 4221 2220 4274 solus
2244 4222 2415 4274 saluto
2444 4223 2523 4277 vel
2549 4223 2741 4278 mundo
2769 4232 2823 4277 nt
2845 4224 3104 4287 salutetis,
3135 4224 3227 4279 sed
3253 4224 3490 4280 salutant

1911 4325 2007 4366 vos
2033 4323 2086 4368 et
2107 4311 2315 4367 fratres.
2345 4313 2550 4383 Adiecit
2570 4317 2653 4385 qui
2671 4331 2862 4369 mecum
2882 4325 3016 4370 sunt.
3043 4315 3153 4371 Hoc
3174 4318 3241 4371 de
3261 4317 3412 4386 plebe
3437 4328 3492 4372 et

1911 4405 1978 4461 de
2003 4406 2146 4460 omni
2177 4407 2487 4471 christiano,
2512 4411 2598 4474 qui
2623 4423 2798 4461 secum
2848 4409 2937 4472 sit,
2971 4408 3135 4478 accipi
3173 4409 3353 4464 voluit.
3389 4409 3490 4464 De-

239 4498 654 4565 babentomnla,
671 4501 764 4555 sed
787 4515 891 4554 non
905 4500 1173 4555 abundant
1195 4518 1209 4554 :
1229 4515 1352 4554 vere
1374 4500 1512 4554 enim
1528 4515 1808 4570 possumus
1835 4495 1889 4556 D
1914 4497 2072 4564 nique
2095 4495 2238 4550 aliud
2268 4511 2285 4552 :
2313 4498 2534 4550 salutant
2559 4513 2644 4551 vos
2682 4498 2899 4552 universi
2927 4500 3116 4564 sancti,
3150 4514 3283 4569 quos
3313 4500 3493 4569 utique

236 4590 412 4645 adhuc
453 4591 589 4646 velle
622 4591 664 4644 si
711 4608 815 4645 non
851 4591 1202 4655 abundemus,
1243 4590 1337 4646 sed
1369 4591 1674 4646 habeamus.
1709 4591 1808 4658 Qui

235 4683 492 4750 abundat,
520 4692 575 4739 et
605 4683 762 4737 habet
784 4693 838 4738 et
870 4685 1148 4755 plusquam
1172 4697 1390 4739 necesse
1411 4692 1494 4738 est
1521 4683 1698 4738 habet.
1718 4683 1809 4738 Su-

237 4796 329 4851 pra
363 4780 502 4834 enim
523 4780 653 4833 dixit
678 4827 691 4845 ,
722 4795 837 4848 qua!
860 4781 986 4833 mihi
1027 4781 1304 4834 necessaria
1335 4783 1538 4850 fuerunt
1571 4781 1809 4846 misistis;

239 4885 419 4926 nunc:
449 4869 576 4925 Haec
599 4911 615 4936 ,
645 4869 854 4939 inquit,
888 4885 986 4940 ego
1008 4868 1180 4924 habeo
1221 4879 1275 4925 et
1317 4869 1547 4924 abundo.
1573 4870 1810 4942 Denique

239 4962 577 5033 persequitur
615 4969 669 5015 ut
709 4960 958 5014 ostendat
993 4960 1406 5015 abundantiam:
1439 4961 1676 5031 Repletus
1700 4980 1812 5017 sum

237 5071 352 5107 cum
382 5052 553 5121 accepi
597 5067 709 5122 qua:
752 5068 840 5117 per
865 5049 1277 5120 Epaphrodtum
1306 5051 1528 5105 misistis.
1572 5050 1649 5105 Ne
1679 5051 1812 5105 illud

236 5147 378 5218 quod
401 5144 636 5199 abundat
663 5142 896 5198 alienum
920 5144 1028 5210 sit,
1062 5145 1190 5199 dicit
1215 5151 1268 5199 et
1294 5145 1527 5214 ipsormn
1550 5157 1671 5198 esse
1691 5145 1813 5214 quia

308 5281 392 5351 (Ι)
423 5277 637 5351 Yulgata
668 5293 772 5351 non
799 5278 898 5333 nisi
929 5278 1314 5351 aliquantulum
1339 5277 1528 5333 variat.

309 5348 393 5420 (2)
421 5348 590 5420 Qudd.
628 5349 833 5415 quidam
834 5364 959 5420 _pro
986 5351 1070 5420 qui
1090 5350 1198 5402 dat.

335 5417 392 5492 3)
421 5417 600 5492 Vulgo,
624 5419 742 5488 quia
760 5431 807 5472 et
832 5417 1243 5473 Thessalonicam
1263 5419 1416 5474 semel
1439 5428 1484 5475 et
1505 5419 1579 5473 bis
1598 5419 1652 5474 in
1669 5435 1817 5473 usum

239 5488 382 5546 mihi
397 5488 626 5542 misistis.

314 5562 392 5634 (ti)
414 5561 579 5634 t_;_od_d.
609 5559 976 5634 communicavi
1021 5559 1148 5612 istis.

313 5627 396 5703 (ὅ)
425 5627 605 5703 ang.,
635 5628 685 5682 Ν
691 5646 755 5703 on
781 5631 1098 5703 quicquam
1125 5629 1326 5697 datum,
1347 5631 1438 5688 sed
1456 5630 1658 5702 requiro
1676 5630 1821 5702 (mc-

245 5700 348 5756 tum
374 5700 717 5755 abundantem
740 5700 800 5754 in
817 5700 1014 5754 ratione
1041 5704 1224 5753 vestra.

1918 4600 2132 4655 accepta
2160 4588 2262 4644 fide
2293 4589 2643 4644 sanctiﬁcavit
2673 4607 2685 4643 :
2709 4590 2959 4660 prtecipue
2983 4600 3148 4643 autent
3185 4591 3272 4658 qui
3291 4599 3406 4642 sunt
3431 4605 3496 4644 ea:

1915 4677 2133 4733 Cwsoris
2151 4682 2298 4734 domo
2320 4682 2426 4754 (5):
2453 4681 2548 4750 ipsi
2573 4697 2666 4735 vos
2693 4683 2953 4750 prrccipue
2977 4680 3230 4745 saltttant,
3251 4681 3336 4748 qui
3368 4689 3496 4736 sunt

1915 4775 1983 4830 de
2008 4775 2168 4830 domo
2186 4776 2434 4832 Caesaris.
2457 4776 2780 4830 Etvirtutem
2800 4774 3058 4844 evangelii
3079 4775 3330 4841 ostendit,
3348 4775 3492 4842 quod

1915 4866 1984 4921 dc
2007 4867 2169 4921 domo
2189 4869 2412 4923 Ctesaris
2441 4868 2778 4922 crediderunt
2799 4867 2949 4922 multi
2974 4885 2987 4920 :
3013 4869 3101 4938 qui
3125 4869 3304 4935 utique
3323 4870 3492 4923 erecti

1915 4975 2035 5016 esse
2062 4960 2375 5028 debuerant,
2407 4970 2460 5016 et
2487 4961 2617 5016 nihil
2648 4961 2786 5015 aliud
2812 4976 2969 5031 quam
3014 4960 3082 5015 de
3113 4960 3323 5015 Caesare
3344 4959 3491 5030 cogi-

1912 5061 2055 5106 tare:
2088 5063 2141 5107 et
2169 5069 2352 5108 rursus
2383 5052 2735 5107 humilitatem
2765 5055 3020 5121 ipsorum,
3043 5051 3132 5118 qui
3159 5058 3214 5105 et
3257 5050 3488 5106 humiles

1915 5142 2023 5196 sint
2051 5153 2102 5199 et
2124 5142 2436 5214 hospitales,
2454 5152 2508 5197 et
2537 5157 2724 5196 omnes
2743 5141 2934 5196 fratres
2955 5141 3190 5195 salutent
3205 5140 3334 5194 alibi
3356 5139 3497 5210 posi-

2007 5279 2088 5350 (ι)
2108 5279 2285 5350 γυνθ..
2313 5278 2547 5347 Repletus
2563 5294 2672 5350 sum
2691 5279 2907 5344 acceptis
2927 5278 2990 5332 ab
3013 5276 3364 5350 Epaphrodito
3385 5292 3498 5341 qua

1931 5349 2160 5413 misistis,
2184 5352 2390 5406 odorem
2419 5349 2702 5412 suavitatis,
2733 5350 2953 5402 hostiam
2976 5349 3252 5418 acceptam,
3299 5350 3506 5418 placen-

1927 5418 2234 5560 ωῗῖρᾶῗίιε
2278 5489 2657 5560 testimonium
2678 5487 2745 5542 de
2783 5489 2909 5545 Jesu
2953 5488 3153 5543 (λιι-ἰειί
3181 5486 3496 5553 divinitate;

1926 5567 1982 5614 et
2009 5558 2197 5616 recole
2217 5570 2506 5617 comment.
2529 5561 2595 5614 ad
2623 5558 2795 5614 Galat.

1995 5629 2315 5753 (56)!)Vulgat.
2364 5629 2574 5686 nonnisi
2623 5629 2808 5684 leviter
2855 5627 3028 5682 variat
3070 5628 3122 5683 in
3172 5627 3252 5682 his
3301 5625 3510 5682 duobus

1924 5709 2062 5756 versi
2103 5715 2162 5754 us
