3950 6206
455 197 591 254 12⁸55

1667 198 1856 257 MAR“
1895 197 2233 253 VIC'I‘DRINI
2271 195 2425 252 AFRI

3565 198 3705 253 I236

452 323 557 367 tos.
579 311 729 379 Quod
759 319 932 365 autem
956 310 1086 364 dixit
1112 311 1359 381 prteciptte
1378 309 1592 378 intelligi
1616 310 1739 363 licet
1754 312 1871 364 illos
1896 326 2021 380 ope-
2047 312 2095 371 Α
2125 320 2230 363 tum
2259 308 2587 361 exltortativa
2620 306 2840 374 epistola
2872 307 3063 375 scripta
3103 316 3156 361 ct
3198 308 3251 361 in
3283 322 3466 378 prece.
3501 309 3701 373 Gratia,

451 419 567 459 ram
602 403 730 457 dare
777 410 835 455 ut
877 402 1117 472 placeant
1146 401 1198 454 in
1227 400 1502 468 obsequio,
1551 409 1606 452 et
1635 400 1832 453 idcirco
1859 407 2009 453 extra

456 503 680 548 czeteros
709 492 901 547 dixerit
936 491 1076 561 quod
1108 490 1205 559 ipsi
1240 489 1488 543 salutant.

530 586 686 640 Vsus.
711 584 801 637 25.
828 612 900 623 —
924 581 1099 635 Gratia
1128 580 1333 633 Domini
1357 579 1515 632 nostri
1538 577 1661 632 Iesu
1700 576 1883 632 Christi
1902 593 2016 630 cum

456 677 636 746 spiritu
662 684 841 727 uestro.
865 673 961 737 Qui
992 674 1058 725 ita
1083 671 1246 724 sensit
1272 670 1336 723 de
1358 668 1781 737 Philippensibus
1818 675 1873 719 ut
1900 666 2018 719 illos

458 781 565 820 non
589 762 851 834 quomodo
873 762 924 815 in
955 762 1161 814 ειυιετίδ
1188 760 1424 827 epistolis
1454 766 1652 812 rectum
1682 755 1899 819 sentire,
1926 769 2021 808 nec

460 872 563 927 que
591 872 619 909 a
653 852 1102 924 pseudoapostolis
1123 850 1368 904 seductos
1389 863 1507 903 esse
1538 846 1764 914 accepit,
1792 846 1881 899 sed
1906 852 2024 898 tan-

2114 396 2304 467 inqnit,
2345 395 2553 449 Domini
2596 397 2753 447 nostri
2788 394 2912 449 Iesu
2941 395 3127 450 Christi
3154 413 3271 449 cum
3307 399 3498 468 spiritu
3519 409 3701 452 vestro.

2114 488 2170 543 Si
2197 488 2337 541 enim
2366 487 2587 555 spiritus
2618 487 2774 551 inest,
2798 498 2943 540 recte
2971 488 3229 540 sentiunt.
3259 488 3399 554 Quid
3428 503 3558 556 ergo
3581 505 3704 557 pre-

2117 594 2209 634 ces
2234 586 2396 648 agunt
2424 578 2681 647 apostoli?
2708 578 2777 633 Ut
2809 579 2970 647 gratia
3004 578 3215 632 Domini
3243 578 3371 632 Iesu
3403 579 3602 634 Christi
3638 580 3704 633 sit

2119 685 2237 723 cum
2266 667 2453 737 spiritu
2483 668 2693 721 illorum
2726 668 2775 720 in
2805 668 3016 722 Christo
3044 669 3189 724 Iesu.
3222 673 3415 723 Amen.

2202 760 2443 813 Victorini
2475 760 2885 812 commentarium
2910 763 2961 811 in
2990 761 3256 828 epistolam
3288 758 3446 812 Pauli
3476 761 3701 827 apostoli

2130 849 2196 901 ad
2215 847 2570 919 Philippenses
2593 847 2798 917 explicit
2813 887 2826 900 .

1252 1208 1314 1263 IN
1356 1205 1732 1263 EPISTOLAM
1770 1205 1970 1262 PAULI
2005 1204 2101 1261 AD
2140 1204 2462 1262 EPHESIOS
2500 1206 2680 1262 LIBRI
2721 1208 2874 1264 DUO.

994 1321 1197 1378 LIBER
1223 1317 1490 1374 PRIMUS.

539 1419 773 1490 Epistola
802 1417 867 1470 ad
900 1415 1155 1484 Ephesios
1198 1426 1459 1464 summam
1499 1410 1641 1464 illam
1693 1418 1856 1472 tenet,
1910 1423 2027 1477 quas

470 1514 630 1566 totius
668 1510 961 1577 disciplina:
1006 1520 1215 1573 semper
1237 1517 1355 1557 esse
1384 1502 1559 1563 debet,
1609 1502 1808 1554 scilicet
1836 1509 1891 1553 ιιι
1935 1500 2026 1554 lia-

472 1606 629 1657 beant
651 1582 1001 1670 cognitionem
1034 1597 1329 1665 theologiae,
1360 1595 1407 1647 id
1430 1605 1508 1647 est
1542 1593 1634 1648 Dei
1666 1593 1877 1657 Christi,
1912 1608 2026 1663 my-

469 1692 613 1746 sterii
647 1692 810 1759 ipsius
839 1700 891 1743 et
917 1688 1192 1747 adventus,
1247 1694 1300 1738 et
1340 1693 1652 1737 cmterorum
1683 1698 1800 1746 qua:
1820 1682 1883 1734 ad
1910 1697 2026 1735 eam

474 1781 831 1849 cognitionem
866 1777 1144 1847 pertinent.
1186 1773 1313 1829 Item
1343 1784 1603 1842 praecepta
1628 1772 1833 1826 vivendi
1878 1771 2029 1825 Citri-

477 1873 662 1926 stianis
687 1870 769 1924 vel
810 1869 1053 1923 omnibus
1096 1868 1177 1921 vel
1199 1864 1417 1934 singulis
1441 1865 1809 1919 convenientia
1851 1864 2023 1917 conti-

476 1971 605 2015 net:
636 1960 760 2029 qttid
792 1959 1061 2012 dominum
1092 1956 1227 2024 apud
1252 1970 1484 2017 servum,
1516 1953 1650 2022 apud
1678 1962 1875 2021 patrem
1906 1952 2029 2020 quid

475 2052 662 2114 tilium,
684 2049 805 2118 quid
832 2047 1075 2101 maritum
1103 2044 1240 2114 apud
1274 2058 1511 2107 uxorem,
1542 2050 1784 2111 oporteat
1837 2042 2027 2095 lacere.

484 2140 611 2194 Ηῖεο
640 2139 792 2207 igitur
820 2152 936 2190 cum
968 2137 1071 2189 duo
1100 2136 1225 2199 sint,
1260 2132 1515 2202 principio
1546 2132 1610 2185 de
1642 2131 1897 2200 theologia
1924 2130 2033 2183 dis-

478 2244 735 2297 ponemus
758 2229 999 2281 universa
1033 2243 1046 2278 :
1104 2224 1295 2278 deinde
1339 2223 1406 2279 de
1435 2222 1555 2275 vita:
1584 2237 1777 2289 genere
1808 2231 1859 2275 et
1890 2236 2024 2290 pra:-

480 2318 650 2386 ceptis
675 2316 739 2368 ad
772 2315 1070 2368 vivendum.
1126 2314 1263 2368 Sane
1311 2313 1527 2365 materia
1552 2313 1636 2363 illa
1660 2321 1740 2364 est
1769 2310 2031 2375 similiter,

482 2423 599 2476 qua:
627 2408 677 2459 in
706 2406 950 2459 omnibus
988 2403 1324 2467 custoditur;
1376 2402 1515 2471 quod
1559 2402 1716 2454 etiam
1764 2400 1975 2468 Ephesii
2004 2414 2032 2453 a

482 2494 938 2564 pseudoapostolis
998 2493 1267 2561 depravati
1332 2490 1644 2545 videbantur
1711 2490 2033 2559 judaismutn

480 2587 699 2654 iungere
726 2585 1025 2637 christianm
1054 2583 1365 2650 disciplinae.
1441 2580 1680 2634 Manendi
1706 2581 1859 2649 igitur
1881 2579 2035 2633 modo

485 2683 540 2727 et
568 2672 889 2741 corrigendi,
918 2672 1134 2738 epistola
1179 2672 1273 2723 ista
1312 2668 1603 2735 conscripta
1646 2679 1724 2722 est
1758 2684 1772 2730 ;
1808 2677 1880 2737 ,ιιι
1928 2668 2033 2729 illa,

485 2777 601 2830 quze
629 2771 749 2815 sunt
778 2761 883 2814 illis
913 2761 1046 2813 male
1069 2760 1349 2821 insinuata,
1391 2758 1677 2825 corrigant,
1707 2757 1987 2810 emendcnt
2020 2772 2034 2819 ;

489 2852 700 2920 etquod
731 2850 976 2904 anteillis
1021 2849 1262 2901 traditum
1293 2846 1732 2909 est,cnstodiant.
1782 2858 1937 2914 atque
1986 2848 2035 2897 in

490 2942 674 2995 eodem
708 2951 1065 3008 perseverent.
1118 2940 1331 2992 Summa
1389 2938 1544 3004 igitur
1572 2936 1623 2988 in
1654 2937 1912 3005 print-ipio
1941 2938 2037 2989 ista

486 3043 615 3086 est:
665 3030 928 3083 Christum
978 3029 1067 3082 Dei
1120 3027 1300 3089 lilium,
1353 3034 1406 3079 et
1433 3028 1551 3079 ante
1573 3026 1822 3078 mundum
1857 3024 2035 3088 fuisse,

490 3133 544 3177 et
571 3138 779 3190 semper
799 3136 935 3184 esse,
966 3130 1016 3173 et
1048 3119 1215 3187 ipsoni
1244 3122 1467 3180 venisse,
1528 3128 1579 3170 et
1608 3120 1657 3170 in
1679 3132 1743 3171 eo
1762 3132 1909 3185 Spem
1944 3136 2037 3183 po-

488 3213 641 3265 sitam
672 3226 785 3265 esse
820 3226 837 3274 ;
892 3219 945 3264 et
970 3210 1082 3277 ejus
1119 3209 1395 3276 promissa,
1454 3208 1541 3260 Dei
1590 3209 1843 3273 promissa
1901 3221 2037 3260 esse.

492 3304 641 3370 Quod
672 3306 714 3356 si
747 3304 814 3356 ita
842 3312 942 3365 est,
966 3302 1171 3370 judaica
1200 3299 1469 3367 disciplina
1504 3300 1654 3364 longe
1684 3297 1908 3350 discreta
1937 3310 2040 3359 t-st,

494 3396 646 3447 aliter
673 3404 905 3461 accepta,
938 3392 1087 3445 aliter
1119 3393 1397 3450 insinuata,
1442 3390 1593 3442 aliter
1622 3390 1905 3451 intellecta,
1936 3392 2040 3441 sic-

495 3485 568 3537 uti
622 3481 922 3551 frequenter
965 3482 1211 3543 diximus,
1268 3492 1320 3535 et
1363 3493 1498 3533 nunc
1541 3485 1871 3547 exponimus.
1922 3478 2035 3532 Non

496 3588 622 3641 ergo
649 3572 977 3641 adiungenda
996 3582 1076 3625 est
1104 3571 1184 3625 vel
1212 3572 1445 3625 scientiae
1474 3570 1663 3623 divinae
1704 3570 1786 3623 vel
1834 3570 2043 3623 vivendi

499 3663 745 3731 operibus
773 3672 827 3716 et
843 3662 1064 3715 actibus.

567 3754 715 3807 CAP.
736 3753 773 3805 1.
789 3752 1029 3806 ——Vsns.
1056 3753 1106 3806 I.
1126 3751 1366 3805 —Sumit
1384 3766 1509 3819 ergo
1531 3750 1734 3803 initium
1756 3750 2043 3815 Christum,

502 3853 563 3897 ut
590 3844 817 3897 insinuet
869 3853 922 3898 et
964 3858 1081 3897 eum
1118 3856 1175 3896 se
1218 3842 1577 3911 evangelizare
1616 3842 1937 3909 proﬁteatur,
1995 3849 2049 3894 et

501 3934 640 4003 quod
670 3935 722 3987 in
752 3937 866 4001 ipso
896 3947 999 3987 uno
1030 3933 1098 3985 sit
1134 3945 1275 4000 spes.
1336 3931 1391 3985 In
1428 3946 1532 4001 quo
1570 3930 1827 4000 principio
1861 3944 2050 3984 secun-

499 4025 625 4078 dum
653 4024 1081 4079 consuetudinem
1110 4039 1255 4078 suam
1283 4024 1587 4091 Apostolum
1612 4038 1669 4076 se
1703 4021 1825 4076 .lesu
1854 4022 2045 4076 Christi

505 4114 651 4177 dicit,
685 4123 739 4167 ut
780 4114 845 4167 ad
882 4113 1187 4167 Romanos:
1231 4112 1425 4165 Paulus
1458 4128 1625 4166 servus
1673 4109 1859 4166 Christi
1901 4111 2046 4166 Iesu.

503 4202 747 4256 Secundo
788 4204 1025 4272 adjunxit
1067 4213 1268 4255 vocatus
1309 4202 1565 4271 apostolus
1585 4202 1764 4271 utique
1784 4211 1997 4254 vocatus
2018 4215 2049 4255 ι

507 4292 738 4355 Christo;
769 4300 824 4344 et
866 4306 983 4344 cum
1016 4291 1412 4359 praedestinatus
1440 4290 1491 4343 in
1521 4291 1848 4360 evangelium
1886 4290 1999 4352 Dei,
2019 4306 2049 4344 a

506 4381 718 4436 Christo
738 4380 1156 4451 praedestinatus;
1173 4381 1296 4433 olim
1323 4381 1739 4447 praedestinatus;
1763 4390 1816 4433 et
1839 4381 1882 4434 si
1901 4380 2050 4445 olim,

504 4490 629 4543 ergo
645 4474 768 4526 olim
787 4471 1041 4536 Christus;
1058 4470 1155 4525 hoc
1166 4471 1304 4524 enim
1323 4469 1487 4525 .lndtei
1504 4480 1708 4538 negant.
1729 4470 1926 4524 Eodem
1942 4486 2053 4523 mo-

506 4563 575 4617 do
603 4564 665 4616 ad
689 4560 989 4617 Corinthios
1015 4560 1202 4613 Paulus
1218 4569 1418 4613 vocatus
1444 4560 1699 4628 apostolus
1722 4559 1845 4613 Iesu
1866 4558 2053 4615 Christi

503 4670 595 4721 per
620 4653 920 4705 voluntatem
942 4652 1055 4717 Dei,
1097 4666 1213 4720 qua:
1230 4658 1313 4704 est
1329 4648 1604 4705 Christus:
1652 4649 1894 4704 voluntas
1910 4651 2051 4706 enim

504 4741 619 4803 Dei,
655 4740 893 4795 Christus
919 4751 1035 4805 est;
1079 4741 1197 4808 quia
1216 4754 1276 4795 ea
1300 4739 1421 4794 facit
1448 4755 1563 4809 quae
1584 4740 1721 4793 Deus
1750 4740 1878 4793 vult.
1916 4740 2053 4811 Ergo

504 4832 699 4887 Christi
718 4833 986 4900 apostolus
1013 4840 1297 4886 etvoeatus
1318 4846 1345 4883 a
1374 4829 1584 4886 Christo
1615 4849 1627 4884 :
1676 4829 1790 4885 haec
1807 4841 1887 4884 est
1914 4837 2053 4885 enim

505 4924 746 4977 voluntas
778 4921 892 4976 Dei.
941 4920 1136 4975 Eodem
1170 4921 1323 4974 modo
1360 4930 1413 4975 et
1456 4922 1509 4976 in
1541 4921 1810 4976 secunda:
1858 4920 2055 4977 Paulus

505 5012 759 5079 apostolus
781 5010 903 5064 Iesu
919 5009 1109 5063 Christi
1121 5026 1211 5077 per
1231 5011 1525 5064 voluntatem
1545 5010 1657 5064 Dei.
1681 5009 1826 5065 Nunc
1846 5026 2055 5080 quoque

506 5099 692 5154 iisdem
716 5100 921 5153 verbis:
946 5097 1135 5152 Paulus
1155 5102 1411 5167 apostolus
1430 5098 1553 5153 Iesu
1573 5098 1759 5153 Christi
1777 5116 1865 5167 per
1886 5100 2058 5153 volun—

508 5204 657 5248 tatem
680 5193 796 5247 Dei.
829 5192 931 5248 Sed
952 5193 1064 5247 hac
1082 5206 1200 5245 cum
1219 5192 1366 5259 dicit,
1388 5195 1570 5246 sanctis
1587 5194 1671 5262 qui
1689 5202 1803 5245 sunt
1821 5192 2053 5260 ﬁdelibus

507 5284 695 5355 Ephesi
722 5283 820 5355 (I),
852 5282 975 5353 quid
1004 5280 1305 5351 adjungitur
1325 5281 1348 5322 ν
1375 5282 1427 5334 in
1446 5282 1639 5336 Christo
1667 5282 1811 5337 Iesu.
1846 5282 1920 5337 Ita
1941 5298 2056 5337 om-

575 5452 667 5534 (I_)'
692 5451 846 5534 Vulg.
873 5451 1033 5534 tinem
1054 5451 1211 5534 huius
1241 5466 1382 5534 vers.
1403 5454 1495 5534 “sic
1534 5456 1745 5534 exiribe§
1774 5473 1787 5509 :
1816 5455 2058 5534 omnibus

505 5518 713 5587 sauciis,
736 5518 822 5591 qui
842 5531 957 5575 sunt
982 5518 1195 5591 Ephesi.
1224 5530 1271 5577 et
1294 5523 1526 5593 ﬁdelibus
1548 5524 1601 5578 in
1619 5523 1816 5580 Christo
1838 5522 1985 5580 Iesu.

2132 1316 2289 1370 nibus
2318 1316 2486 1370 modis
2503 1315 2781 1371 confirmat
2826 1330 3037 1374 omnem
3072 1319 3320 1374 virtutem
3347 1328 3403 1374 et
3434 1322 3703 1391 evangelii

2130 1418 2182 1461 et
2219 1408 2576 1477 intelligentia:
2607 1408 2658 1462 in
2689 1408 2900 1464 Christo
2944 1409 3068 1464 Iesu
3118 1412 3437 1477 consistere,
3477 1422 3533 1466 et
3580 1414 3705 1468 inde

2138 1496 2504 1551 liberationem
2534 1507 2588 1552 et
2609 1499 2861 1566 promissa
2911 1507 2963 1554 et
2994 1502 3450 1553 aeternamvitsm.
3501 1501 3701 1555 Eodem

2130 1586 2287 1641 modo
2308 1586 2430 1640 etin
2448 1588 2675 1651 caeteris,
2698 1597 2755 1641 ut
2782 1597 2898 1657 post
2918 1590 3171 1643 dicemus.

2204 1677 2400 1730 Paulus
2429 1680 2687 1748 apostolus
2715 1678 2839 1732 Iesu
2879 1678 3064 1733 Christi
3103 1697 3191 1749 per
3236 1681 3547 1737 voluntatem
3583 1683 3697 1737 Dei.

2130 1768 2371 1823 Christus
2396 1769 2533 1822 enim
2564 1769 2716 1823 iesus
2746 1771 2796 1823 in
2825 1785 3065 1838 corpore,
3123 1772 3235 1839 ipse
3265 1780 3445 1826 autem
3486 1774 3537 1825 in
3584 1776 3698 1841 spi-

2134 1858 2238 1911 ritu
2266 1857 2508 1909 voluntas
2542 1857 2630 1911 Dei
2661 1869 2760 1912 est.
2796 1858 2923 1911 Cum
2946 1873 3070 1927 ergo
3087 1860 3247 1927 elegit
3263 1860 3420 1914 Jesus
3442 1861 3693 1917 Christus

2135 1956 2189 2002 et
2218 1948 2512 2017 apostolum
2560 1948 2772 2002 Paulum
2812 1948 2954 2009 fecit,
3004 1964 3101 2018 per
3122 1949 3362 2019 spiritum
3381 1951 3566 2022 elegit,
3611 1953 3700 2023 qui

2134 2048 2215 2091 est
2247 2038 2487 2091 voluntas
2526 2038 2637 2102 Dei,
2671 2038 2751 2092 vel
2782 2037 3011 2107 potentia
3031 2040 3217 2108 agendi
3249 2055 3366 2109 qua:
3397 2042 3525 2094 velit
3552 2044 3696 2096 :vult

2136 2138 2310 2181 autem
2332 2124 2578 2181 Christus
2605 2141 2721 2196 qua:
2767 2128 2904 2181 Deus
2947 2128 3076 2182 vult.
3126 2129 3487 2197 Intelligamus
3517 2131 3697 2200 igitur,

2136 2229 2353 2286 utsaepe
2379 2217 2628 2281 diximus,
2652 2218 2810 2271 [lenm
2839 2232 2957 2272 esse
2981 2219 3146 2286 ipsam
3192 2220 3504 2288 potentiam,
3558 2236 3698 2290 mago

2137 2307 2450 2368 nitudinem,
2506 2306 2854 2361 substantiam
2894 2307 3232 2374 plenitudinis
3289 2309 3486 2371 totius;
3531 2308 3686 2361 Chri-

2136 2408 2274 2453 stum
2289 2412 2434 2462 vero,
2457 2397 2505 2451 id
2529 2398 2761 2470 εειλόγον
2782 2414 2921 2461 eum,
2944 2399 3031 2468 qui
3058 2400 3107 2451 in
3121 2397 3334 2452 Christo
3357 2398 3475 2464 fuit,
3502 2400 3592 2453 Dei
3612 2414 3696 2453 vo-

2136 2489 2410 2542 luntatem.
2458 2487 2647 2542 Ethoe
2670 2488 2716 2541 si
2745 2489 2954 2556 penitus
2993 2488 3147 2556 aliqui
3179 2487 3259 2559 (l)
3303 2502 3368 2541 ae
3419 2488 3695 2559 diligenter

2136 2579 2391 2643 attendat,
2420 2579 2651 2633 inveniet
2681 2579 3044 2647 inseparabilia
3097 2593 3216 2633 esse
3264 2580 3427 2632 Deum
3479 2587 3533 2633 et
3580 2578 3692 2646 ejus

2140 2670 2483 2735 voluntatem,
2510 2680 2563 2722 et
2588 2678 2759 2723 tamen
2783 2671 2929 2737 quasi
2968 2669 3301 2737 separabilia.
3349 2668 3508 2723 Aliud
3562 2670 3696 2723 enim

2142 2765 2299 2825 Deus,
2332 2763 2472 2816 aliud
2499 2763 2755 2816 voluntas.
2776 2761 2954 2830 juncta
2983 2770 3155 2815 tamen
3187 2768 3241 2814 et
3270 2760 3616 2821 coltmrcntia,
3648 2768 3699 2814 et

2141 2870 2402 2922 nunquam
2433 2853 2659 2907 discreta
2688 2853 2823 2906 inter
2866 2868 2924 2905 se
2952 2861 3093 2915 sunt,
3146 2860 3201 2906 et
3254 2852 3390 2905 Deus
3415 2860 3468 2905 et
3494 2851 3583 2905 Dei
3605 2865 3695 2903 vo.

2141 2946 2332 2997 Iuntas.
2365 2944 2453 2999 Sic
2480 2943 2536 2995 lit
2566 2951 2623 2995 ut
2651 2943 2759 2993 sola
2790 2942 3031 2994 voluntas
3056 2941 3212 3004 sciat,
3241 2941 3367 3008 quid
3415 2941 3554 2994 Deus
3581 2939 3698 2993 velit

2142 3045 2196 3089 et
2217 3036 2430 3103 cogitet.
2468 3032 2741 3101 Signiﬁcat
2762 3048 2889 3099 ergo
2917 3040 3183 3099 paternam
3205 3030 3495 3099 potentiam
3518 3030 3695 3083 volun-

2147 3137 2225 3180 tas
2251 3126 2365 3190 Dei,
2387 3125 2513 3179 etin
2542 3134 2686 3193 patre
2710 3125 2878 3193 posita
2914 3140 2927 3187 ;
2989 3131 3045 3175 et
3070 3137 3251 3175 rursus
3280 3124 3393 3189 ipsa
3416 3124 3585 3191 patria
3613 3137 3696 3191 νου

2148 3216 2305 3269 tentia
2337 3216 2387 3268 in
2411 3214 2518 3268 ﬁlio
2547 3230 2561 3278 ;
2588 3215 2707 3283 quia
2738 3213 2874 3267 [ilius
2898 3214 3215 3266 voluntatem
3241 3214 3330 3267 Dei
3354 3214 3498 3267 facit.
3538 3214 3696 3269 Simul

2146 3316 2200 3361 et
2235 3308 2333 3360 hoc
2369 3307 2617 3360 attentius
2658 3305 2960 3367 videndum,
3015 3307 3280 3373 quomodo
3336 3305 3477 3360 titius
3525 3309 3613 3365 sit,
3649 3317 3698 3360 et

2148 3398 2410 3465 quomodo
2449 3408 2615 3465 pater.
2667 3395 2781 3449 Non
2830 3395 2969 3449 enim
3022 3396 3365 3463 generatione
3411 3407 3575 3462 mota,
3612 3396 3694 3449 sed

2152 3487 2218 3557 (si
2244 3485 2530 3539 similitudo
2557 3483 2807 3552 capienda
2831 3483 2939 3553 est)
2959 3484 3106 3551 quasi
3128 3484 3353 3551 quodam
3382 3494 3533 3552 partu
3562 3501 3699 3537 nien-

2148 3578 2236 3643 tis,
2264 3577 2579 3646 cogitatione
2610 3576 2899 3645 prorumpit
2929 3574 3063 3628 velle
3103 3584 3415 3643 conceptum
3440 3586 3494 3628 et
3540 3575 3696 3630 ellua—

2148 3668 2309 3721 ditur.
2354 3666 2559 3720 Etenim
2604 3666 2946 3735 cogitationes
2982 3664 3192 3728 animae,
3243 3664 3395 3733 quasi
3442 3666 3536 3718 lilii
3587 3674 3694 3718 sunt

2151 3760 2359 3810 animai.
2394 3756 2558 3810 Porro
2578 3770 2696 3808 cuin
2730 3754 2867 3808 Deus
2897 3754 3519 3823 universalicogitatione
3547 3770 3691 3808 unam

2150 3848 2470 3901 voluntatem
2493 3845 2705 3911 habeat,
2750 3844 2946 3898 idcirco
2975 3860 3107 3896 unus
3135 3856 3219 3898 est
3256 3843 3398 3897 ﬁlius
3423 3854 3479 3898 et
3502 3846 3691 3898 unicus.

2150 3940 2262 3995 Non
2291 3940 2431 3993 enim
2453 3936 2700 4006 cogitavit
2730 3936 2872 4004 prius
2902 3934 3116 4003 aliquid,
3166 3944 3215 3988 et
3241 3946 3423 4003 postea
3450 3935 3589 3989 aliud
3621 3934 3693 3989 vel

2150 4032 2437 4092 diversum,
2462 4042 2567 4082 non
2596 4025 2751 4080 modo
2778 4026 3118 4079 contrarium.
3175 4023 3318 4079 Unde
3368 4040 3505 4079 unus
3546 4027 3690 4085 Dens,

2153 4137 2286 4175 unus
2313 4119 2553 4174 Christus
2578 4134 2592 4182 ;
2623 4118 2674 4171 id
2696 4125 2778 4171 est
2800 4130 2935 4170 unus
2964 4124 3129 4185 pater,
3159 4131 3288 4168 unus
3316 4115 3479 4169 illius.
3509 4116 3611 4170 Sed
3646 4123 3696 4167 ut

2154 4212 2407 4274 diximus,
2438 4209 2551 4263 hac
2578 4221 2789 4277 semper
2813 4208 3057 4261 voluntas
3083 4222 3110 4259 a
3137 4208 3263 4272 Deo,
3302 4218 3356 4260 et
3385 4209 3436 4260 in
3468 4208 3575 4262 Dee
3623 4216 3694 4260 est

2155 4301 2404 4371 potentia,
2429 4310 2479 4355 et
2506 4301 2617 4369 ipsa
2647 4299 2757 4364 Dei,
2799 4307 2854 4352 et
2881 4306 3045 4367 patris
3069 4298 3261 4351 virtute
3302 4298 3457 4366 plena
3502 4308 3553 4352 et
3598 4300 3695 4367 ipsa

2154 4392 2407 4454 existens,
2462 4398 2515 4443 et
2564 4389 2675 4458 ipsa
2716 4404 2832 4458 qua:
2859 4388 2959 4441 huc
2980 4388 3184 4441 venerit
3204 4387 3255 4441 in
3286 4388 3542 4441 mundum
3567 4401 3695 4454 smpe

2158 4483 2261 4536 alio
2289 4491 2445 4550 atque
2469 4480 2572 4533 alio
2594 4478 2786 4543 modo;
2818 4488 2868 4533 et
2896 4494 3032 4532 nunc
3078 4477 3129 4530 in
3174 4492 3353 4543 carne,
3406 4495 3565 4547 quam
3608 4478 3696 4531 sibi

2158 4573 2391 4643 potentia
2412 4586 2505 4626 sua
2528 4570 2801 4634 formavit;
2822 4580 2875 4624 et
2895 4570 3200 4639 mysterium
3224 4579 3437 4637 propter
3460 4569 3694 4621 mundum

2158 4670 2213 4716 et
2233 4662 2456 4724 animas,
2479 4674 2595 4729 qua:
2616 4659 2667 4713 in
2690 4658 2884 4712 mundo
2902 4657 3263 4719 trahebantur,
3287 4656 3547 4724 implevit.
3572 4655 3694 4710 Scri-

2159 4752 2236 4807 bit
2266 4750 2420 4819 igitur
2446 4750 2634 4804 Paulus
2658 4749 2862 4813 sanctis,
2887 4742 3075 4816 inquit,
3123 4747 3208 4813 qui
3254 4759 3369 4799 sunt
3417 4745 3620 4814 Ephesi,
3656 4753 3695 4797 et

2156 4840 2386 4908 ﬁdelibus
2408 4842 2463 4894 in
2487 4836 2684 4893 Christo
2712 4837 2855 4891 Iesu.
2896 4833 3231 4891 Constrinxit
3274 4836 3392 4890 illos
3439 4844 3493 4888 et
3534 4831 3696 4903 ligavit

2156 4929 2222 4983 ad
2244 4930 2553 4999 religionem
2596 4937 2946 4995 ceteramque
2995 4925 3206 4978 vivendi
3240 4924 3430 4993 legem,
3490 4922 3624 4994 quod
3651 4927 3697 4975 et

2155 5029 2364 5074 sanctos
2407 5019 2526 5073 illos
2570 5018 2847 5087 appellavit
2892 5026 2941 5070 et
2974 5016 3157 5070 ﬁdeles
3186 5014 3238 5069 in
3265 5013 3499 5081 Christo,
3519 5013 3690 5084 inquit,

2156 5110 2299 5165 Iesu.
2326 5110 2381 5164 In
2412 5109 2527 5163 aliis
2552 5108 2787 5177 epistolis
2811 5124 2929 5161 eum
2950 5108 3014 5161 ad
3041 5106 3332 5161 Ecclesiatn
3370 5118 3421 5161 et
3451 5107 3517 5161 ad
3549 5121 3695 5177 pupu-

2156 5204 2263 5257 lum
2293 5201 2495 5266 scribit,
2528 5216 2630 5254 non
2652 5200 2868 5268 apponit
2894 5198 3078 5253 sanctis
3104 5207 3152 5251 et
3178 5198 3433 5265 fidelibus;
3494 5208 3547 5250 at
3582 5211 3694 5250 vero

2156 5306 2314 5355 nunc,
2341 5291 2462 5360 quia
2488 5290 2610 5344 illos
2635 5288 2701 5342 ad
2731 5290 2896 5357 legem
2933 5287 3164 5341 nominis
3211 5297 3394 5340 tenere
3443 5285 3689 5356 cupiebat,

2157 5397 2223 5437 ne
2254 5396 2444 5436 novum
2472 5380 2611 5433 aliud
2632 5379 2770 5448 quod
2798 5388 2946 5433 extra
2971 5393 3160 5432 nomen
3183 5385 3328 5432 esset
3346 5376 3695 5447 adiungerent,

2232 5524 2312 5596 (I)
2350 5523 2425 5580 Ita
2454 5523 2610 5580 codd.
2642 5538 2739 5594 pro
2774 5523 2974 5600 aliquis.

3876 1357 3879 1439 ι

3877 1732 3879 1825 1

3876 1830 3879 1963 ἴ
