3950 6206
238 192 270 247 1
282 189 392 245 ’23⁸1

1095 189 1157 245 IN
1196 188 1579 246 EPISTOLAM
1611 188 1810 247 PAULI
1845 189 1935 246 AD
1988 190 2318 249 EPHESIOS
2356 194 2553 251 LIBER
2591 197 2630 251 1.

3385 202 3520 256 1238

241 306 507 375 quoniam
535 305 845 361 sanetificati
872 307 979 375 jam
1007 315 1129 362 sunt
1159 306 1259 361 hoc
1288 307 1521 374 nomine,
1570 316 1622 362 et
1650 305 1832 362 fideles
1859 307 1905 364 A
1935 306 2160 361 nedictus
2177 317 2247 362 est
2275 318 2434 376 pater.
2479 310 2741 377 Quoniam
2764 318 2818 365 et
2861 320 3043 367 noster
3070 322 3125 367 et
3162 313 3379 380 Christi,
3422 315 3515 366 ad-

247 397 309 453 in
332 396 548 454 Christo
571 408 697 452 sunt
726 415 741 463 ;
772 397 971 453 idcirco
996 414 1059 453 eo
1091 401 1204 468 ipso
1231 399 1372 468 quod
1399 399 1518 453 illos
1541 400 1593 453 in
1622 397 1832 452 Christo

248 500 476 546 sanctos
498 497 552 543 et
578 487 763 543 fideles
787 490 1096 555 nominavit,
1121 490 1349 545 ostendit
1381 489 1500 545 illos
1531 489 1657 543 nihil
1687 488 1831 543 aliud

252 580 461 633 sentire
481 577 696 642 debere,
727 577 829 632 nisi
859 578 1038 633 Jesum
1068 578 1360 645 Christum,
1410 581 1563 650 cujus
1618 578 1834 632 nomine

257 668 440 722 sancti
466 675 589 722 sunt
615 678 667 721 et
698 668 901 723 fideles.

336 757 499 811 Vsus.
525 758 579 810 2.
602 788 672 798 —
702 757 880 812 Gratia
908 758 1043 813 vobis
1070 768 1117 814 et
1138 776 1240 829 pas:
1280 777 1312 813 a
1354 759 1460 814 Deo
1500 770 1646 829 patre
1666 768 1834 813 nostro

258 864 311 905 et
352 849 571 904 Domino
596 849 719 904 Jesu
758 850 973 905 Christo.
1019 850 1129 905 Duo
1171 860 1296 906 sunt
1339 867 1457 919 qua:
1508 850 1739 906 maxime
1783 861 1836 905 et

260 943 636 997 contentiones
684 942 873 997 tollunt
907 952 961 997 et
996 944 1401 1013 praeceptionem
1461 943 1555 998 Dei
1601 944 1831 1011 tradunt,

261 1032 435 1103 gratia
454 1040 507 1086 et
525 1046 650 1103 pax.
664 1032 920 1099 Quoniam
942 1035 1097 1104 igitur
1112 1034 1200 1089 isti
1218 1048 1401 1089 errore
1417 1033 1835 1106 tenebamur“),

265 1122 469 1178 idcirco
493 1132 668 1193 optata
693 1135 773 1178 est
797 1124 901 1178 illis
923 1126 1111 1196 gratia,
1140 1125 1188 1179 id
1209 1134 1290 1179 est
1307 1137 1359 1179 ut
1385 1127 1547 1181 Deum
1570 1126 1836 1192 noverint,

265 1224 321 1269 et
346 1214 500 1284 plene
523 1215 689 1269 Deum
718 1223 773 1269 et
797 1216 1063 1269 Christum
1102 1227 1407 1287 sequantur,
1463 1227 1517 1273 et
1543 1219 1596 1273 in
1625 1218 1839 1275 Christo

266 1308 448 1362 omnia
474 1309 756 1375 collucent,
790 1309 1024 1378 nihilque
1049 1309 1191 1364 aliud
1213 1309 1527 1366 admittant:
1558 1312 1604 1366 si
1627 1311 1838 1380 quidem

261 1399 561 1470 judaismus
591 1413 694 1453 non
721 1399 908 1455 eodem
962 1400 1122 1456 modo
1152 1410 1253 1468 est,
1307 1410 1364 1456 ut
1409 1417 1512 1456 non
1567 1402 1837 1457 Christum

269 1492 471 1546 laceret
500 1508 514 1545 :
547 1506 649 1545 non
681 1491 821 1545 enim
850 1492 1040 1561 legem,
1072 1493 1164 1548 sed
1196 1492 1599 1563 intelligentiam
1630 1494 1839 1548 vivendi

271 1594 542 1654 acceptam
570 1582 814 1639 aJudaais
854 1584 1113 1653 repudiat,
1158 1586 1298 1639 sicut
1347 1593 1467 1655 post
1509 1583 1837 1640 docebimus.

1926 394 2104 463 junxit
2132 406 2273 466 pater
2299 397 2506 452 Domini
2528 401 2684 453 nostri
2701 398 2824 453 Iesu
2846 398 3054 455 Christi.

2006 491 2207 546 Deinde
2241 492 2772 561 snbjunxitcausam,
2800 495 3066 563 quomodo
3099 496 3405 554 benedictus
3429 500 3513 568 qui

1932 598 2055 647 nos,
2085 582 2291 653 inquit,
2326 584 2577 639 benedixit
2612 586 2664 637 in
2696 586 2833 638 omni
2858 585 3197 641 benedictione
3225 589 3442 656 spiritali
3464 591 3515 644 in

1931 672 2230 727 ctetcstibus.
2267 673 2363 728 llic
2395 674 2665 729 hominum
2696 676 3031 731 miserandus
3060 692 3212 732 error
3238 678 3476 733 attendat
3499 720 3515 744 ,

1934 762 2245 819 benedictus
2278 779 2377 819 nos
2406 764 2537 821 dixit
2575 776 2628 821 et
2655 768 2710 821 in
2751 770 2895 822 omni
2942 767 3312 825 benedictione
3351 769 3515 826 bene-

1936 853 2108 908 dietos
2135 872 2146 906 :
2172 868 2299 924 ergo
2328 853 2455 909 nihil
2487 855 2611 910 mali
2640 857 2744 925 pati
2773 856 2930 912 debet
2955 859 3043 929 qui
3068 858 3378 913 benedictus
3408 870 3511 913 est.

1939 947 2043 1004 Sed
2090 949 2212 1017 quid
2258 948 2336 1019 (1)
2376 948 2648 1019 adjunxit?
2689 948 2740 1003 id
2769 961 2850 1005 est
2895 951 2945 1005 in
2977 952 3121 1005 omni
3150 951 3518 1007 benedictione

1939 1041 2182 1110 spiritali,
2219 1056 2321 1095 non
2352 1043 2569 1097 carnali.
2591 1042 2742 1109 Quod
2773 1044 2816 1097 si
2847 1042 2969 1111 quid
3003 1044 3085 1097 hic
3117 1044 3166 1095 in
3198 1043 3393 1097 mundo
3424 1060 3517 1113 pa-

1940 1134 2099 1187 timur
2136 1133 2429 1197 malorum,
2463 1135 2505 1189 si
2537 1134 2662 1202 quid
2694 1134 2851 1189 etiam
2884 1143 3066 1199 extra,
3107 1149 3212 1188 non
3245 1135 3516 1189 adscriba-

1940 1237 2059 1278 mus
2091 1223 2198 1276 Deo
2214 1264 2228 1288 ,
2260 1223 2351 1277 sed
2378 1223 2532 1278 nobis
2555 1225 2741 1293 magis.
2764 1224 2911 1279 Tunc
2932 1225 3071 1280 enim
3096 1225 3517 1280 benedictionem

1940 1313 2317 1380 consequimur
2357 1314 2403 1367 si
2438 1314 2705 1383 spiritales
2742 1315 2949 1380 simus,
2996 1324 3051 1369 et
3089 1316 3401 1383 spiritaliter
3434 1332 3515 1371 sa-

1943 1404 2146 1471 piamus
2166 1445 2180 1469 ,
2212 1413 2265 1457 et
2294 1404 2552 1473 spiritalia
2584 1407 2717 1458 bona
2748 1420 3068 1474 quaeramus.
3103 1405 3169 1460 Et
3198 1416 3367 1475 potest
3396 1408 3515 1475 qui-

1942 1493 2064 1547 dem
2096 1493 2212 1548 fieri
2236 1504 2291 1547 ut
2320 1496 2433 1549 hate
2464 1496 2639 1549 omnia
2676 1495 2995 1561 sentiamus;
3028 1511 3125 1550 nec
3153 1497 3312 1559 obsit,
3334 1498 3377 1551 si
3405 1497 3517 1549 hmc

1943 1593 1995 1635 et
2026 1583 2125 1635 alia
2156 1585 2478 1649 sentientes,
2512 1584 2773 1653 patiamur
2803 1594 2977 1639 tamen
3007 1585 3201 1655 aliquid
3232 1586 3437 1640 adversi
3467 1585 3519 1639 in

273 1673 415 1743 Ergo
434 1674 599 1743 gratia
632 1673 799 1736 vobis,
827 1674 1016 1745 inquit,
1046 1684 1100 1728 ut
1131 1673 1439 1744 intelligatis
1460 1673 1647 1740 Deum,
1677 1686 1731 1730 et
1758 1690 1839 1729 se-
1872 1672 1918 1730 B
1946 1672 2163 1727 mundo.
2192 1672 2429 1743 Namque
2449 1674 2599 1728 multi
2622 1674 2928 1743 Spiritaliter
2947 1683 3184 1743 agentes,
3209 1675 3517 1743 spiritaliter

272 1762 502 1817 cundum
534 1761 623 1817 Dei
646 1773 903 1833 praecepta
934 1765 1142 1818 vivatis.
1176 1764 1426 1833 Adjunxit
1451 1775 1495 1818 et
1523 1782 1624 1836 pax
1644 1783 1674 1819 a
1699 1765 1803 1820 Deo
1822 1783 1841 1820 :

272 1856 501 1924 quiaqui
529 1854 794 1922 dissentit,
822 1855 1002 1925 utique
1028 1854 1324 1911 discordat:
1376 1871 1503 1927 ergo
1553 1868 1607 1911 et
1656 1874 1753 1927 pax
1811 1873 1841 1911 a

275 1944 387 1997 Deo
430 1944 601 2010 vobis,
648 1959 766 1999 eum
829 1945 939 1999 Deo
991 1954 1161 2015 patre,
1221 1946 1411 2017 inquit,
1464 1957 1666 2001 nostro.
1715 1947 1842 2001 Vide

273 2043 525 2103 quantum
552 2035 734 2104 gratia:
754 2034 907 2089 datur
928 2050 957 2088 a
990 2036 1119 2101 Deo,
1142 2051 1261 2105 quae
1300 2046 1478 2106 optata
1536 2048 1616 2090 est
1663 2036 1843 2104 Ephev

275 2127 398 2182 siis:
419 2126 673 2196 siquidem
709 2127 844 2179 Deus
878 2135 1024 2195 pater
1050 2136 1130 2179 est
1153 2135 1352 2180 noster.
1386 2126 1583 2182 Deinde
1605 2128 1845 2198 adjunxit

278 2219 461 2287 (unum
514 2226 598 2271 est
646 2215 785 2270 enim
837 2215 990 2270 sicuti
1046 2230 1203 2287 supra
1254 2216 1503 2289 diximus)
1534 2230 1581 2273 et
1626 2216 1845 2273 Domino

276 2318 449 2362 nostro
494 2307 618 2362 Jesu
658 2307 873 2363 Christo.
921 2308 1012 2364 Ille
1052 2309 1195 2363 enim
1241 2309 1381 2363 Deus
1408 2320 1509 2374 εει,
1568 2308 1653 2364 hic
1704 2311 1844 2365 enim

278 2400 375 2455 Dei
406 2401 636 2469 potentia
670 2410 745 2454 est
781 2401 907 2466 ;ille
934 2409 1101 2470 pater,
1129 2400 1217 2454 hic
1246 2401 1405 2453 Illius.
1455 2400 1686 2455 Maxime
1733 2415 1847 2454 om-

280 2490 363 2544 nis
382 2490 475 2544 Dei
502 2490 667 2559 gratia
692 2499 746 2543 et
770 2490 998 2558 potentia
1029 2490 1081 2543 in
1115 2489 1325 2552 Christo
1353 2488 1479 2545 Jesu
1507 2499 1608 2544 est.
1655 2488 1758 2544 Per
1786 2489 1851 2544 il-

280 2582 391 2636 lum
421 2580 561 2634 enim
583 2595 702 2634 cum
734 2578 1009 2650 impletum
1039 2581 1109 2635 sit
1164 2580 1472 2655 mysmrium
1520 2581 1847 2648 salvationis,

281 2674 334 2727 in
368 2674 481 2742 ipso
527 2683 609 2727 est
654 2673 827 2726 omnis
869 2672 1108 2727 salvatio.
1150 2672 1281 2726 Nam
1316 2682 1369 2728 et
1421 2683 1544 2729 ante
1580 2674 1848 2732 Christum

282 2764 422 2820 idem
455 2765 545 2819 Dei
573 2765 729 2829 filius,
763 2765 815 2818 id
862 2772 943 2820 est
968 2764 1134 2838 λόγος,
1168 2764 1215 2819 id
1242 2775 1323 2819 est
1349 2763 1612 2834 Christus,
1647 2777 1701 2823 et
1729 2767 1847 2837 fuit,

283 2868 336 2913 et
384 2873 593 2928 semper
622 2868 721 2925 est,
755 2866 807 2913 et
854 2859 976 2925 erit,
1029 2870 1081 2914 et
1110 2874 1203 2928 per
1239 2860 1413 2929 ipsum
1460 2862 1671 2916 condita
1728 2874 1851 2919 sunt

282 2950 479 3004 omnia.
510 2949 610 3003 Sed
642 2949 780 3004 idem
807 2949 921 3018 ipse
950 2949 1002 3004 in
1022 2948 1234 3005 Christo
1257 2950 1374 3015 fuit,
1406 2951 1539 3006 idest
1584 2950 1660 3025 (2)
1687 2952 1846 3017 Jesu;

1943 1763 2213 1829 viventes,
2238 1766 2397 1818 multa
2419 1765 2710 1819 substinent
2734 1765 2981 1830 adversa,
3006 1774 3059 1818 ut
3089 1765 3280 1819 Paulus
3302 1806 3315 1831 ,
3349 1775 3404 1819 ut
3425 1766 3521 1821 i’c-

1946 1854 2575 1919 trus,utca3teri.Verum
2602 1856 2687 1908 ubi
2713 1866 2795 1909 est
2817 1856 2899 1908 illa
2928 1856 3247 1923 benedictio,
3277 1873 3398 1927 quae
3427 1874 3522 1910 nos

1945 1943 2251 1997 benedictos
2279 1944 2435 1998 facit?
2458 1945 2549 2000 Dei
2582 1945 2879 2001 benedictio
2903 1963 2915 1997 :
2944 1962 3045 1999 non
3071 1948 3292 2016 spiritali
3321 1958 3520 2002 tantum

1944 2035 2345 2101 benedictione,
2377 2035 2469 2089 sed
2503 2036 2553 2089 in
2586 2036 2891 2091 coelestibus
2912 2078 2925 2101 ,
2960 2035 3009 2089 id
3043 2045 3123 2090 est
3153 2052 3272 2091 cum
3316 2054 3380 2092 ex
3424 2040 3523 2092 hoc

1946 2129 2144 2183 mundo
2189 2129 2495 2182 exieritnus.
2536 2128 2674 2198 Ergo
2718 2127 2937 2182 ferenda
2978 2138 3102 2182 sunt
3141 2133 3354 2195 omnia,
3401 2131 3521 2197 quia

1946 2237 2063 2285 qua:
2096 2220 2245 2274 nobis
2278 2221 2649 2288 promittuntur
2676 2237 2739 2275 ex
2770 2221 2859 2274 Dei
2893 2221 3259 2276 benedictione
3279 2263 3294 2288 ,
3326 2231 3380 2277 et
3409 2224 3521 2291 spi-

1947 2311 2116 2366 ritalia
2136 2322 2254 2365 sunt
2279 2322 2330 2365 et
2353 2311 2404 2365 in
2423 2311 2728 2366 caelestibus
2748 2320 2889 2376 sunt,
2908 2311 2955 2364 id
2972 2322 3051 2365 εει
3073 2321 3223 2365 extra
3245 2312 3521 2367 mundum.

1950 2418 2103 2472 supra
2136 2404 2318 2457 caelos.
2362 2402 2425 2456 Et
2470 2403 2583 2458 lucc
2622 2411 2796 2457 tamen
2838 2402 3014 2457 omnia
3038 2445 3052 2466 ,
3098 2404 3254 2457 sicuti
3284 2403 3441 2469 dicit,
3474 2404 3523 2456 in

1948 2491 2075 2547 Jesu
2094 2492 2305 2547 Christo
2332 2511 2343 2545 :
2369 2494 2482 2562 ipse
2507 2505 2583 2546 est
2609 2496 2748 2547 enim
2777 2493 3010 2561 Spiritus.
3043 2494 3102 2547 Et
3127 2494 3383 2563 spiritalia
3404 2509 3523 2547 cum

1950 2585 2325 2654 promittuntur
2374 2584 2426 2638 in
2471 2582 2681 2639 Christo
2722 2584 3137 2654 promittuntur:
3183 2594 3235 2639 ct
3264 2600 3360 2640 nos
3402 2597 3524 2641 tunc

1950 2690 2334 2743 consequemur
2363 2674 2615 2743 spiritalia
2635 2717 2650 2742 ,
2679 2676 2721 2729 si
2748 2674 3017 2729 Christum
3050 2690 3350 2745 sequemur.

2026 2765 2185 2821 Vens.
2221 2767 2269 2820 4.
2298 2796 2371 2807 -
2406 2764 2489 2819 Ita
2519 2776 2575 2819 ut
2614 2764 2691 2837 (2)
2730 2766 2874 2835 elegit
2900 2783 2991 2820 nos
3017 2767 3068 2820 in
3101 2767 3213 2833 ipso
3241 2778 3354 2820 ante
3402 2782 3524 2821 con-

1952 2859 2261 2912 stitutionem
2304 2857 2502 2923 mundi,
2549 2868 2602 2911 ut
2652 2873 2867 2911 essemus
2910 2858 3089 2911 sancti.
3138 2857 3213 2911 De
3255 2856 3530 2912 divinitate

1956 2962 2206 3007 traeiatus
2235 2962 2344 3013 est.
2380 2961 2433 3007 et
2461 2951 2698 3023 mysterii
2734 2952 2890 3005 totius
2922 2950 3099 3005 brevis
3138 2951 3441 3020 explicatio,
3476 2951 3527 3004 in

286 3051 339 3094 et
370 3051 477 3094 tum
509 3041 753 3095 subvenit
782 3042 935 3095 saluti
967 3043 1202 3096 omnium
1234 3041 1509 3097 hominum
1539 3043 1704 3099 Deum
1755 3059 1846 3101 co—
1875 3039 1919 3101 C
1951 3057 2055 3109 quo
2088 3051 2350 3111 ponuntur
2382 3042 2528 3106 hanc;
2558 3041 2695 3110 quod
2743 3048 2865 3095 ante
2893 3040 3147 3094 mundum
3187 3040 3447 3101 Christus,
3479 3047 3533 3093 tt.

280 3133 649 3203 gnoscentium
674 3140 726 3186 et
745 3142 1005 3202 praecepta
1024 3149 1115 3187 sua
1142 3135 1490 3189 servantium.

354 3223 516 3279 Vnus.
548 3224 602 3277 5.
622 3254 692 3264 ——
717 3222 1017 3277 Benedictus
1038 3234 1109 3277 est
1147 3226 1225 3296 (ὅ)
1253 3236 1393 3294 pater
1440 3225 1641 3280 Domini
1693 3229 1850 3281 nostri

281 3316 405 3369 Jesu
431 3312 638 3370 Christi.
693 3314 1021 3384 Magniﬁcum
1053 3326 1419 3387 argumentum
1449 3319 1627 3384 sumit,
1672 3328 1727 3372 ut
1754 3335 1847 3373 cx-

283 3416 445 3479 ponat
466 3423 559 3477 per
587 3406 855 3463 Christum
888 3410 1062 3463 omnia
1098 3408 1253 3475 facta,
1307 3419 1359 3463 et
1408 3410 1697 3479 petentiam
1730 3426 1848 3481 my-

282 3500 453 3557 sterii.
509 3498 563 3553 Id
593 3514 718 3568 ergo
734 3499 910 3569 junxit
945 3508 996 3553 ut
1042 3512 1295 3568 quantum
1343 3500 1495 3554 nobis
1538 3500 1851 3570 prrestiterit

284 3593 546 3657 Christus,
578 3591 627 3645 id
644 3602 724 3646 est
757 3593 893 3647 Deus
912 3608 1005 3662 per
1023 3591 1313 3655 Christum,
1345 3604 1725 3663 cognoscerent
1755 3595 1853 3649 ho-

282 3686 475 3751 mines,
500 3693 554 3739 et
574 3686 739 3754 magis
766 3684 981 3753 Ephesii
1015 3703 1027 3737 :
1071 3700 1176 3754 quo
1202 3686 1437 3755 cognito,
1476 3701 1504 3737 a
1534 3684 1728 3741 Christi
1757 3702 1853 3740 no-

282 3780 427 3835 mine
449 3794 552 3832 non
586 3777 911 3832 recederent.
953 3777 1160 3831 Etenim
1180 3792 1335 3847 supra
1364 3778 1500 3832 dixit
1526 3778 1691 3849 gratia
1715 3780 1851 3833 vobis

282 3880 331 3924 et
358 3887 458 3940 pax
479 3888 511 3923 a
542 3868 646 3923 Deo
676 3880 817 3939 patre
840 3880 1029 3923 nostra.
1074 3869 1142 3923 Et
1168 3884 1286 3923 eum
1318 3868 1543 3925 dixisset
1567 3880 1614 3924 et
1635 3869 1853 3925 Domino

282 3957 405 4018 Jesu
427 3964 644 4027 Christo,
677 3962 801 4033 quid
833 3963 1135 4032 suhjungit?
1164 3961 1465 4017 Benedictus
1487 3973 1558 4017 est
1580 3972 1720 4034 pater
1744 3962 1852 4016 Do-

284 4055 410 4107 mini
438 4057 595 4108 nostri
620 4054 741 4108 Jesa
769 4055 973 4109 Christi.
1003 4053 1121 4109 Jam
1149 4068 1276 4123 ergo
1326 4055 1373 4108 si
1417 4054 1553 4108 Deus
1607 4064 1658 4108 et
1708 4063 1854 4123 pater

286 4156 467 4202 noster
492 4156 594 4213 est,
622 4148 803 4216 quanti
832 4161 1037 4214 sumus,
1066 4155 1121 4201 et
1145 4146 1331 4216 quanti
1373 4146 1595 4215 gratiam
1647 4146 1854 4216 accepi-

284 4240 442 4294 mus?
496 4238 755 4309 siquidem
801 4236 1011 4291 Christo
1048 4237 1247 4306 cogniti
1300 4251 1504 4303 sumus,
1555 4246 1610 4292 et
1664 4236 1853 4294 fratres

283 4333 481 4391 Christi
503 4333 623 4387 facti
652 4350 664 4387 :
690 4333 947 4403 siquidem
972 4348 1133 4388 unum
1160 4334 1321 4388 Deum
1348 4342 1548 4403 patrem
1572 4333 1846 4386 habemus.

1952 3134 2091 3202 quod
2116 3135 2341 3186 mundus
2361 3133 2547 3198 factus,
2566 3145 2615 3187 et
2637 3133 2776 3201 quod
2799 3143 2920 3186 ante
2941 3133 3191 3186 mundum
3215 3133 3402 3186 animm
3422 3130 3523 3202 ('5),

1951 3232 2004 3277 et
2035 3223 2171 3291 quod
2206 3223 2294 3277 Dei
2326 3222 2671 3294 dispositione
2701 3224 2957 3285 mundus,
2982 3232 3035 3276 et
3070 3222 3207 3292 quod
3238 3224 3325 3276 Dei
3348 3222 3527 3290 dispo-

1951 3314 2142 3368 sitione
2163 3315 2353 3367 animae
2383 3314 2462 3368 vel
2487 3313 2537 3367 in
2566 3314 2815 3368 mundum
2842 3314 3104 3377 venerint,
3132 3313 3212 3367 vel
3239 3313 3304 3367 de
3334 3314 3528 3366 mumlo

1952 3405 2237 3461 liberentur
2294 3424 2305 3457 ε
2363 3406 2536 3475 sitque
2582 3407 2824 3460 voluntas
2891 3406 2978 3459 Dei
3030 3420 3186 3459 onme
3241 3405 3379 3473 quod
3439 3421 3530 3474 gc-

1952 3501 2105 3565 ritur,
2174 3508 2227 3554 et
2295 3500 2434 3569 quod
2492 3500 2765 3569 praemium
2812 3500 2881 3551 sit
2932 3499 3220 3552 secundum
3259 3497 3526 3550 Christum

1951 3590 2268 3657 viventibus,
2319 3599 2375 3644 ut
2426 3598 2479 3645 et
2525 3601 2736 3659 peccata
2784 3589 3068 3653 donentur,
3100 3598 3152 3641 et
3201 3586 3528 3656 partieipatio

1952 3681 2017 3735 sit
2051 3681 2201 3735 nobis
2228 3682 2408 3749 gloria:
2442 3682 2555 3745 Dei;
2588 3682 2654 3733 de
2675 3696 2776 3750 qua
2806 3688 2859 3734 et
2894 3680 2943 3733 in
2971 3678 3085 3732 aliis
3116 3677 3359 3745 epistolis
3388 3688 3529 3730 trac-

1955 3771 2196 3826 tavimus.
2220 3771 2492 3839 Simulque
2512 3771 2597 3825 hic
2610 3771 2839 3840 tangitur
2857 3786 2975 3839 qua‘.
2995 3783 3222 3831 smnma,
3244 3781 3528 3836 quazcausa

1951 3866 2020 3919 sit
2047 3864 2203 3919 totius
2240 3863 2506 3934 mysterii;
2547 3862 2631 3917 vel
2671 3861 2921 3915 mundum
2956 3860 3147 3914 factum
3172 3874 3293 3913 eSse
3315 3900 3329 3923 ,
3362 3858 3441 3911 vel
3474 3857 3526 3910 in

1950 3955 2161 4010 Christo
2187 3955 2461 4018 mundum,
2494 3963 2585 4008 aut
2614 3970 2643 4008 a
2672 3952 2884 4008 Christo
2909 3951 3159 4005 mundum
3186 3950 3378 4005 factum
3405 3967 3415 4001 :
3447 3949 3529 4003 vel

1953 4049 2155 4101 animas
2185 4048 2235 4100 in
2261 4046 2511 4099 mundum
2534 4046 2744 4111 missas,
2777 4044 2857 4097 vel
2881 4054 3003 4097 ante
3027 4042 3279 4097 mundum
3305 4040 3532 4106 animos,

1953 4146 2004 4193 et
2031 4152 2214 4191 rursus
2238 4136 2304 4191 de
2326 4136 2522 4191 mundo
2547 4136 2749 4189 animas
2774 4134 3020 4188 liberatas
3040 4152 3052 4187 :
3070 4148 3187 4201 quae
3213 4131 3422 4201 quidem
3438 4145 3533 4185 oc-

1952 4228 2091 4283 culta
2121 4244 2243 4283 vera
2277 4239 2450 4283 tamen
2479 4236 2534 4282 et
2559 4228 2711 4297 plena
2734 4235 2873 4281 sunt.
2895 4224 3070 4293 Quare
3096 4237 3300 4277 summa
3320 4222 3536 4277 conclu-

1954 4320 2115 4385 ditur,
2139 4319 2277 4389 quod
2305 4319 2515 4375 Christo
2542 4326 2794 4387 operante
2816 4360 2829 4382 ,
2864 4326 2917 4371 et
2954 4332 3047 4381 per
3070 4312 3336 4369 Christum
3356 4356 3369 4379 ,
3398 4321 3451 4367 et
3482 4312 3533 4365 in

284 4427 388 4483 sed
416 4426 528 4481 hinc
557 4426 730 4479 omnia
763 4439 866 4479 ηοη
897 4424 996 4479 nisi
1022 4439 1115 4494 per
1144 4423 1431 4479 Chi-istum,
1492 4422 1729 4492 Denique
1771 4422 1848 4477 sic
1881 4403 1934 4463 D
1960 4410 2206 4473 Christo.
2244 4410 2423 4464 omnia
2455 4408 2864 4464 reconciliantur
2913 4407 3019 4461 Deo
3048 4420 3167 4477 qua:
3206 4414 3261 4460 et
3294 4405 3344 4458 in
3386 4403 3537 4458 etelis

287 4519 576 4590 subiungit,
600 4520 720 4589 quia
747 4533 840 4589 per
861 4516 1129 4573 Christum
1150 4526 1203 4571 et
1223 4530 1320 4571 nes
1348 4516 1509 4570 Deum
1535 4523 1738 4585 patrem
1767 4513 1852 4568 ha-

286 4614 495 4670 bemus.
530 4613 626 4678 Qui
648 4611 897 4666 benedixit
923 4627 1013 4664 nos
1036 4612 1087 4664 in
1110 4609 1247 4662 omni
1268 4607 1608 4662 benedictione
1633 4605 1855 4677 spiritali

286 4704 339 4757 in
365 4702 639 4757 coelestibus
663 4703 715 4755 in
736 4698 935 4755 Christo
964 4698 1107 4755 Iesu.
1140 4698 1279 4769 Ergo
1320 4712 1415 4752 nos
1448 4698 1541 4752 lilii
1570 4696 1852 4757 efﬁcimur.

288 4794 381 4849 sed
412 4794 463 4847 in
486 4792 697 4847 Christo
726 4793 815 4847 ﬁlii
850 4810 865 4859 ;
895 4792 946 4847 id
975 4792 1119 4847 estsi
1166 4791 1436 4846 Christum
1487 4790 1768 4855 fateamur,
1811 4789 1857 4845 si

288 4888 432 4942 illum
472 4901 775 4956 sequamur,
794 4887 837 4941 si
874 4887 1045 4955 ipsum
1065 4884 1425 4953 concipiamus
1445 4884 1643 4949 animo,
1669 4884 1711 4938 si
1743 4883 1859 4951 ejus

289 4976 823 5041 administrationem,
857 4992 959 5048 qua
987 4975 1275 5046 complevit
1305 4975 1581 5041 universa,
1630 4987 1683 5030 et
1704 4975 1860 5029 intel-

288 5068 514 5140 ligamus
540 5079 593 5124 et
619 5084 935 5123 veneremur
969 5086 982 5122 :
1019 5077 1074 5123 et
1119 5068 1290 5136 ipsum
1329 5081 1615 5137 sequentes
1662 5081 1860 5137 genere

289 5159 498 5216 vivendi
527 5174 621 5230 per
647 5168 909 5230 praecepta
946 5158 1090 5227 data,
1141 5157 1235 5214 lilii
1268 5157 1549 5213 efficimur.
1602 5158 1741 5230 Ergo
1779 5158 1863 5213 be-

364 5401 383 5466 (
392 5396 447 5463 i)
484 5397 652 5454 Codd.
685 5399 932 5453 tenebant.

396 5468 450 5524 2)
487 5468 654 5524 Codd.
682 5469 754 5522 id.

310 5607 349 5664 γ
781 5547 853 5595 est
875 5579 890 5604 ,
912 5554 1019 5596 non
1050 5538 1187 5597 Deus
1206 5581 1221 5607 ,
1244 5537 1385 5610 quod
1412 5537 1632 5595 verbum
1663 5537 1882 5593 exhibet

355 5625 385 5662 ιι
408 5624 505 5683 g.e
545 5649 559 5667 .

1959 4511 2081 4555 sunt
2109 4512 2161 4555 et
2182 4502 2230 4554 in
2262 4510 2418 4567 terra,
2440 4501 2491 4555 in
2524 4499 2737 4554 Christo
2773 4508 2970 4563 tamen,
3000 4508 3055 4551 ut
3077 4496 3319 4551 omnibus
3341 4493 3403 4547 ad
3428 4494 3541 4563 ple-

1960 4596 2250 4652 nitudinem
2274 4595 2519 4661 redactis,
2539 4595 2712 4647 omnia
2740 4593 2793 4647 in
2817 4591 3063 4646 omnibus
3080 4604 3242 4643 unum
3261 4595 3461 4649 essent,
3483 4594 3538 4639 et

1962 4692 2013 4745 id
2038 4702 2210 4745 tamen
2239 4690 2389 4743 fleret
2416 4703 2507 4758 per
2528 4687 2909 4758 plenitudinem
2936 4683 3221 4751 temporis;
3246 4681 3373 4734 nihil
3395 4680 3536 4733 enim

1959 4782 2321 4843 immaturmn,
2344 4779 2471 4833 nihil
2491 4794 2594 4833 non
2613 4777 2935 4841 ordinatum,
2953 4774 3044 4828 sed
3059 4772 3387 4844 plenitudine
3408 4780 3538 4824 tem-

1960 4890 2147 4946 porum
2175 4884 2379 4944 gestum
2407 4880 2523 4936 est,
2549 4880 2603 4925 ut
2644 4885 2739 4923 suo
2768 4870 2884 4923 loco
2910 4867 3238 4923 docebimus.
3271 4864 3347 4917 Ad
3378 4878 3535 4933 quam

1962 4964 2342 5036 plenitudinem
2374 4962 2672 5033 specialiter
2692 4960 3021 5016 descendens
3044 4957 3349 5029 Apostolus,
3368 4956 3542 5025 jungit

2074 5181 2124 5252 l)
2160 5179 2330 5238 Codd.
2362 5197 2475 5252 cum
2503 5194 2597 5249 pro
2626 5178 2770 5249 quid.

2068 5245 2128 5322 2')
2170 5252 2321 5321 Vulg.
2352 5270 2364 5305 :
2396 5245 2657 5322 Sicanii.
2687 5258 2806 5302 ante
2831 5247 3006 5301 mundi
3034 5245 3455 5322 constitutionem.

2048 5316 2131 5396 (δι
2167 5316 2483 5396 Qpiuioper
2508 5319 2744 5396 sefalsa,
2776 5333 3093 5396 quamquam
3121 5318 3188 5396 ab
3206 5316 3321 5369 aliis
3344 5330 3557 5396 quoque

1978 5384 2248 5450 nonnullis
2274 5384 2512 5445 recitata.
2543 5384 2915 5443 Verumtamen
2935 5384 3259 5449 Victorinus,
3293 5384 3395 5439 col.
3419 5384 3552 5441 1241

1983 5463 2280 5519 subtilitate
2326 5460 2552 5529 quadam
2598 5457 2961 5527 philosoiihica
3006 5458 3281 5520 declarat,
3330 5470 3559 5529 quanam

1987 5535 2196 5589 ratione
2240 5524 2433 5586 animae
2481 5524 2760 5584 videantur
2805 5524 2969 5583 multo
3011 5537 3135 5584 ante
3173 5538 3400 5595 corpora
3426 5524 3562 5579 exti-

1982 5606 2130 5657 tisse.
