3950 6206
209 253 342 308 ΒΗ

1077 252 1136 306 IN
1170 248 1549 306 EPISTULA.“
1579 243 1775 301 PAULI
1817 243 1905 298 AD
1945 239 2270 297 ISPHESIOS
2294 238 2492 296 LlBEli
2522 240 2563 295 l.

3337 232 3476 293 ΗΕ

213 373 356 428 enirn
383 372 646 444 quidquid
695 371 1017 425 mundanum
1046 378 1166 434 est,
1219 368 1342 423 licet
1389 364 1608 421 caeleste
1655 363 1723 416 sit
1753 362 1802 414 in
1831 358 2210 421 Asintaliud,
2263 360 2313 412 in
2344 372 2586 421 sensum,
2642 357 2732 426 qui
2765 356 2944 412 mundi
2988 365 3041 411 et
3093 355 3477 412 mundanorum

219 465 421 519 mundo
449 465 613 520 etiam
649 464 731 518 vel
771 461 1048 517 :rthcrium
1083 459 1163 513 vel
1205 457 1477 528 quodlibet
1503 453 1642 508 aliud
1670 451 1806 504 divi-

220 573 352 613 num
380 557 682 610 nominatur
703 554 994 610 secundum
1026 549 1280 605 mundum
1311 559 1364 603 et
1388 556 1677 610 atteroum,
1711 542 1803 598 sed

225 648 522 704 secundum
553 646 808 701 mundum
834 655 1010 700 tamen
1031 685 1045 706 ,
1071 657 1239 712 neque
1266 639 1501 694 divinum
1528 644 1613 692 est
1637 650 1805 703 neque

223 749 483 794 mter-num
517 749 630 802 est;
662 737 859 791 etenim
905 735 1210 788 materiale:
1256 739 1309 785 et
1348 728 1596 799 quicquid
1643 735 1808 781 mate-

223 833 361 888 riale
383 842 464 889 est
482 875 497 900 ,
516 840 569 887 et
589 828 885 897 temporale
912 835 992 882 est
1012 835 1064 881 et
1089 824 1344 880 caducum
1369 830 1422 876 ct
1440 819 1802 888 corruptibile.

300 925 442 994 Ergo
468 924 510 978 si
539 921 752 975 omissis
774 918 1019 973 omnibus
1060 914 1360 974 mundanis,
1393 912 1546 967 sicuti
1574 911 1679 965 divi
1706 951 1720 974 ,
1753 912 1802 965 in

221 1015 440 1072 Christo
466 1023 574 1069 tota
627 1011 971 1079 intelligentia
1013 1009 1116 1072 sit,
1145 1016 1198 1062 et
1239 1007 1305 1060 de
1335 1004 1547 1060 Christo
1576 1010 1683 1057 tota
1728 1002 1806 1055 in-

225 1107 519 1177 telligentia
553 1115 731 1160 nostra
763 1104 870 1168 sit,
903 1110 957 1157 et
1008 1111 1286 1170 propterea
1321 1112 1417 1168 per
1446 1096 1711 1150 Christum
1739 1093 1806 1148 de

229 1201 361 1254 Deo.
393 1198 539 1255 Unde
582 1196 848 1264 spiritales
872 1236 887 1259 ,
915 1205 964 1246 ut
1001 1193 1146 1254 dixi,
1196 1190 1313 1244 facti
1345 1189 1666 1256 resurgimus
1691 1227 1706 1251 ,
1755 1195 1803 1240 et

229 1292 343 1346 Deo
375 1307 466 1358 per
494 1290 758 1344 Christum
781 1287 1072 1356 jnngimur.
1113 1283 1274 1352 fitque
1305 1297 1396 1349 per
1422 1279 1598 1333 omnia
1637 1277 1806 1348 pleni-

224 1384 392 1448 tudo;
416 1397 530 1450 qua:
557 1379 828 1448 plenitudo
850 1377 976 1430 nihil
999 1376 1137 1429 aliud
1160 1384 1240 1428 est
1267 1414 1279 1435 ,
1303 1389 1457 1443 quant
1486 1371 1624 1442 quod
1648 1386 1806 1424 omne

223 1473 370 1545 quod
422 1473 536 1540 ejus
566 1479 679 1534 est,
729 1470 892 1540 ipsius
921 1471 1024 1522 sit:
1074 1467 1211 1520 ttnde
1240 1480 1358 1517 cum
1408 1464 1598 1517 anima:
1642 1460 1804 1530 gradu

226 1563 622 1636 progressionis
651 1577 716 1616 cx
797 1563 947 1628 ipso,
979 1573 1098 1614 cum
1154 1559 1316 1626 ipsius
1361 1563 1573 1616 essent,
1628 1564 1804 1608 tamen

227 1658 354 1727 quia
395 1654 620 1725 quadam
653 1651 1036 1722 longinquitate
1081 1650 1144 1703 ab
1172 1650 1287 1719 ipso
1318 1649 1520 1701 tninore
1563 1647 1680 1699 lnce
1709 1644 1808 1698 ful-

1907 461 2048 504 totus
2078 458 2193 514 est,
2225 449 2328 503 labi
2360 449 2559 519 pOSsint
2600 458 2653 503 et
2685 463 2867 503 rursus
2894 449 3125 503 excitata
3166 449 3359 502 virtute
3388 459 3481 499 na-

1907 542 2059 595 turali
2079 583 2094 606 ,
2123 550 2176 594 et
2206 541 2368 595 Deum
2397 541 2639 594 noverint
2663 580 2677 603 ,
2702 550 2756 596 et
2777 541 2883 596 Deo
2911 541 3098 595 vicina:
3125 540 3252 604 sint,
3283 547 3338 595 et
3368 539 3476 594 Deo

1905 634 2065 688 veluti
2100 634 2188 686 lilii
2217 631 2512 694 exsistant;
2534 641 2658 686 ante
2682 633 3114 687 constitutionem
3137 631 3318 685 mundi
3341 631 3481 684 Deus

1905 727 2177 782 constituit
2206 725 2320 778 illas
2345 735 2503 794 atque
2525 725 2685 795 elegit
2711 735 2768 779 ut
2791 734 2987 780 sancta:
3014 725 3219 791 tierent,
3247 735 3300 779 et
3327 738 3479 776 sanc-

1907 821 2230 874 tillcarentnr
2254 833 2268 879 ;
2302 815 2633 884 mundusqne
2653 827 2870 887 promer
2893 831 2983 871 eas
3012 825 3095 870 est
3118 815 3476 878 constitutus;

1907 922 1962 967 ut
1990 911 2316 966 intellectum
2349 924 2528 963 verum
2560 909 2892 967 suscinerent
2917 908 3202 962 mundanis
3229 908 3477 962 omnibus

1908 1020 2002 1074 per
2028 1017 2241 1058 sensum
2264 1041 2278 1066 ,
2307 1002 2393 1070 qni
2426 1000 2679 1071 deceptor
2700 1017 2839 1057 vera:
2870 1001 3231 1071 intelligentiae
3261 1008 3316 1056 et
3345 1001 3479 1055 inte-

1907 1098 2112 1168 gritatis
2132 1111 2193 1151 ac
2223 1095 2478 1148 veritatis.
2507 1093 2561 1148 ln
2589 1095 2826 1149 adversis
2846 1095 2986 1148 enim
3013 1093 3478 1163 probaturjustns,

1907 1198 1963 1245 et
2005 1187 2316 1243 intenebris
2365 1187 2572 1248 iumen,
2605 1195 2656 1240 et
2700 1187 2750 1239 in
2801 1184 2934 1239 falso
2972 1185 3194 1239 veritas:
3243 1182 3382 1237 unde
3430 1184 3480 1236 in

1909 1284 2105 1339 mundo
2127 1282 2278 1336 facile
2299 1282 2460 1338 Deum
2489 1289 2870 1350 cognoscerent
2889 1320 2904 1343 ,
2932 1287 2985 1332 et
3014 1292 3105 1345 per
3129 1277 3397 1331 Christum
3430 1276 3483 1331 id

1908 1387 1990 1432 est
2015 1393 2107 1445 per
2133 1377 2373 1446 spiritum
2403 1375 2712 1446 spiritaliter
2759 1371 3100 1438 intelligendo
3142 1369 3362 1439 spiritus
3394 1368 3486 1424 tie-

1909 1478 2057 1523 rent:
2104 1468 2202 1522 hoc
2227 1479 2306 1522 est
2336 1469 2474 1522 enim
2521 1463 2861 1520 sanctificari.
2903 1461 3291 1516 Prtedestinavit
3328 1462 3485 1532 igitur

1911 1561 2047 1614 Deus
2083 1570 2136 1613 ιιι
2182 1577 2398 1614 essemus
2449 1557 2630 1611 sancti.
2665 1554 3051 1609 Pt'a'destinavit
3093 1567 3222 1622 ergo
3270 1569 3374 1607 non
3403 1561 3487 1607 est

1911 1653 2008 1706 nisi
2035 1667 2219 1706 eorum
2251 1666 2365 1720 quae
2394 1658 2546 1715 sunt,
2576 1657 2628 1701 ιιι
2650 1647 2798 1716 quasi
2826 1644 2958 1700 ordo
2991 1644 3205 1715 quidam
3232 1643 3297 1698 sit
3327 1641 3486 1697 cll’ec-

227 1751 429 1820 gebant
455 1757 508 1800 et
538 1746 740 1799 minore.
787 1745 986 1798 lumine
1029 1759 1131 1796 non
1167 1743 1235 1795 ita
1265 1740 1508 1810 periocha
1554 1738 1763 1792 fuerant
1789 1779 1802 1801 ,
1839 1730 1882 1789 Β
1912 1754 2011 1797 lus,
2051 1743 2259 1798 Videris
2301 1742 2440 1795 enim
2471 1738 2735 1811 quomodo
2761 1737 2880 1806 quis
2908 1735 3149 1804 accipiat.
3196 1733 3312 1788 Jnm
3343 1732 3484 1788 enim

227 1841 282 1895 id
309 1849 391 1894 est
421 1839 541 1909 quia
572 1838 672 1892 labi
718 1837 784 1890 ab
834 1835 1176 1905 intelligentia
1208 1832 1316 1887 veri
1350 1839 1593 1901 poterant
1644 1831 1694 1882 in
1744 1844 1804 1882 ea

226 1949 349 2001 qua:
374 1930 679 1984 verisimilia
712 1937 863 1982 erant
887 1968 901 1990 ,
936 1939 986 1981 et
1017 1941 1044 1979 a
1079 1917 1452 1979 vcrisimiliifus
1478 1922 1528 1976 in
1559 1920 1687 1974 falsa
1708 1961 1721 1984 ,
1756 1919 1808 1972 id

227 2035 314 2080 est
340 2027 392 2079 in
415 2039 476 2079 ea
507 2039 622 2093 quae
648 2037 835 2077 sensus
865 2029 1027 2084 sunt;
1055 2030 1177 2072 sunt
1205 2026 1380 2072 autem
1401 2031 1462 2071 ea
1484 2055 1498 2081 ,
1530 2031 1646 2084 qna:
1677 2012 1805 2076 dixi,

225 2117 315 2173 vel
347 2115 576 2170 mundus
604 2114 685 2168 vel
732 2113 952 2167 materia
981 2112 1062 2165 vel
1095 2113 1269 2165 omnia
1317 2110 1366 2162 in
1418 2106 1636 2160 mundo.
1688 2104 1810 2158 llzcc

233 2205 525 2262 nesciendo
553 2205 726 2259 anima
753 2204 924 2258 minus
955 2202 1184 2271 perfecta
1208 2208 1349 2254 esset
1377 2241 1389 2264 ,
1419 2210 1471 2252 et
1501 2197 1589 2251 tali
1624 2203 1806 2249 natura

229 2305 607 2368 permaneret,
641 2295 684 2349 si
717 2295 812 2347 ista
853 2294 1068 2348 veniens
1108 2298 1452 2362 cognosceret
1481 2297 1534 2342 et
1571 2299 1809 2342 contem-

230 2397 416 2444 nerct:
441 2395 493 2441 ct
524 2395 580 2440 ut
625 2386 852 2455 perfecta
882 2384 949 2438 ab
977 2399 1040 2439 eo
1070 2397 1174 2453 quo
1211 2382 1326 2449 capi
1360 2389 1588 2449 poterat,
1637 2376 1809 2446 adque

232 2483 438 2552 integra
471 2480 798 2545 redderetur,
826 2478 946 2533 fecit
993 2478 1133 2533 Deus
1178 2475 1429 2530 mundum
1461 2473 1526 2527 ad
1552 2472 1812 2540 cognitio-

233 2589 358 2628 nem
387 2588 635 2628 sensuum
665 2613 679 2638 ,
729 2573 802 2624 uti
855 2571 974 2639 quia
1021 2570 1222 2637 magnis
1254 2567 1516 2621 illecebris
1557 2579 1808 2618 sensuum

235 2673 406 2732 capta:
437 2663 628 2716 animm
676 2664 782 2730 jam
817 2661 958 2714 illam
989 2662 1234 2712 virtutem
1281 2657 1495 2710 luminis
1526 2659 1602 2709 sui
1637 2655 1813 2723 perdi-

235 2758 444 2812 derant.
484 2756 688 2823 Quippe
731 2768 854 2807 caro
911 2751 1060 2806 factm
1107 2759 1158 2805 et
1201 2751 1432 2804 carnalia
1483 2748 1808 2814 sentientes,

235 2851 546 2922 mysterium
576 2864 666 2917 per
697 2848 1022 2904 Salvatorem
1047 2844 1363 2913 completum
1392 2851 1495 2909 est,
1531 2844 1602 2895 uti
1633 2849 1686 2895 et
1706 2841 1812 2893 dis-

234 2951 425 2996 cerent
452 2942 692 2995 homines
724 2946 994 3008 parentem
1024 2953 1175 2990 suum
1205 2977 1220 3000 ,
1270 2945 1323 2989 ct
1364 2934 1426 2988 ad
1455 2935 1701 2987 virtutem
1734 2932 1812 2985 itt-

236 3031 506 3102 tclligendi
529 3073 542 3096 ,
577 3031 894 3099 contemptis
923 3028 1166 3083 sensibus
1195 3038 1244 3080 et
1288 3026 1502 3079 calcatis
1538 3033 1591 3077 et
1616 3023 1812 3076 contri—

235 3129 304 3182 tis
334 3126 581 3179 omnibus
607 3166 620 3190 ,
646 3126 985 3193 pervenirent
1011 3140 1023 3176 :
1046 3131 1098 3174 et
1127 3120 1204 3174 sic
1229 3118 1554 3186 perfectione
1581 3131 1674 3184 per
1694 3130 1809 3167 ont-
1836 3104 1880 3166 C

237 3219 322 3272 nia
354 3217 649 3284 completa,
697 3226 749 3269 ct
779 3215 829 3266 in
871 3213 1116 3266 omnibus
1145 3209 1434 3265 secundum
1463 3207 1728 3261 Christum
1759 3215 1812 3259 et

238 3325 334 3380 per
354 3307 617 3363 Christum
647 3319 697 3359 et
731 3307 780 3358 in
803 3304 1014 3359 Christo
1040 3319 1199 3356 nnttm
1231 3301 1422 3354 fierent
1449 3300 1690 3352 universa
1716 3315 1729 3351 :
1760 3307 1814 3352 et

237 3403 316 3455 sic
348 3399 615 3470 plenitudo
649 3397 730 3450 illa
754 3438 768 3461 ,
803 3395 955 3449 siculi
984 3409 1141 3464 supra
1169 3392 1308 3458 dixi,
1341 3388 1576 3460 perfecta
1602 3404 1666 3444 ex
1697 3403 1812 3443 om-

236 3499 394 3555 nibus
425 3495 758 3552 redderetur.

309 3589 434 3644 Hiec
461 3589 511 3642 in
557 3587 638 3641 his
679 3584 1016 3640 sermonibus
1046 3583 1116 3636 ita
1163 3587 1451 3636 tractantur
1481 3578 1552 3630 uti
1585 3578 1815 3629 docean—

242 3691 326 3737 tur
356 3681 599 3734 universa
633 3677 798 3737 facta,
832 3687 884 3730 et
909 3691 1000 3744 per
1024 3673 1291 3728 Christum
1321 3671 1457 3725 facta
1483 3710 1497 3734 ,
1523 3677 1576 3723 et
1605 3667 1694 3721 Dei
1722 3681 1816 3735 per

239 3774 505 3830 Christum
541 3772 591 3824 in
626 3771 896 3822 voluntate
925 3767 1186 3835 cumpleta
1214 3782 1226 3818 :
1280 3765 1349 3818 ita
1382 3772 1437 3816 ut
1483 3761 1643 3830 elegit
1672 3773 1768 3812 nos
1794 3799 1809 3822 ,

238 3868 510 3925 benedixit
532 3883 626 3919 nos
656 3865 703 3918 in
729 3865 863 3932 ipso.
893 3861 1043 3917 Unde
1073 3860 1121 3912 id
1149 3856 1385 3926 probas?
1409 3857 1529 3925 quia
1558 3851 1813 3906 benedixit

236 3980 330 4018 nos
358 3965 424 4015 ita
453 3970 506 4014 ut
528 4001 542 4025 ,
573 3958 774 4028 inquit,
811 3957 989 4026 elegit.
1019 3953 1238 4020 Quando
1262 3963 1437 4005 autem
1465 3947 1662 4018 elegit?
1691 3955 1807 4000 ante

237 4055 644 4110 constitutionem
682 4049 879 4102 mundi.
912 4046 1133 4115 Quando
1164 4053 1337 4098 autem
1382 4039 1653 4094 benedixit
1680 4038 1815 4092 nos?

239 4145 453 4218 quando
492 4144 557 4196 ad
597 4143 753 4196 fidem
785 4141 1108 4195 accessimus
1138 4135 1592 4205 cognovimusqne
1622 4138 1820 4202 myste-

239 4243 376 4297 rium
402 4257 416 4291 :
444 4238 516 4290 ita
541 4246 594 4289 ut
621 4235 768 4305 elegit
816 4249 906 4286 nos
931 4234 982 4283 in
1024 4232 1134 4300 ipso
1173 4237 1287 4280 ante
1331 4225 1734 4280 constitutionem
1764 4231 1818 4275 ttt

242 4346 463 4387 essemus
505 4327 684 4381 sancti.
718 4323 1028 4386 Admoneo,
1065 4332 1121 4374 ut
1167 4333 1309 4389 sa-pe
1347 4315 1631 4379 admonui,
1677 4313 1820 4367 salu~

242 4432 349 4478 tcm
403 4428 638 4476 nostram
668 4426 824 4486 atque
867 4428 1077 4468 omnem
1135 4410 1482 4466 aeternitatem
1524 4408 1575 4461 itt
1606 4405 1816 4460 Christo

240 4529 363 4569 esse
409 4522 463 4566 et
509 4526 602 4580 per
631 4508 931 4568 Christum;
985 4503 1294 4569 animasque
1341 4508 1551 4554 nostras
1592 4507 1646 4551 et
1692 4480 1893 4550 anteD

243 4601 424 4657 mundi
465 4598 893 4654 constitutionem
939 4593 1123 4659 fuisse,
1159 4593 1351 4662 quippe
1393 4605 1511 4644 cum
1569 4604 1661 4642 sua
1692 4588 1815 4642 Sub-

244 4694 438 4749 stantia
491 4694 542 4744 in
573 4691 786 4744 mter-nis
834 4702 1046 4756 semper
1086 4685 1357 4741 extiterint
1387 4682 1484 4752 (l).
1528 4681 1630 4734 Has
1658 4680 1817 4749 igitur

245 4787 384 4841 Deus
403 4796 525 4837 ante
552 4781 730 4837 mundi
758 4781 1187 4835 constitutionem
1212 4774 1604 4844 praedestinavit
1622 4783 1675 4826 et
1703 4774 1815 4826 elc-

242 4878 312 4948 git
338 4885 396 4931 ιιι
424 4874 909 4929 Sanctificarentur:
944 4871 995 4925 id
1019 4877 1100 4924 est
1126 4868 1361 4939 acceptio
1379 4867 1658 4938 Spiritunm
1687 4881 1818 4920 con-

243 4972 567 5031 firmaretur,
600 4965 853 5035 depositis
885 4963 1131 5016 omnibus
1163 4963 1335 5024 vitiis,
1379 4974 1496 5030 qum
1527 4960 1576 5012 in
1616 4972 1707 5012 eas
1739 4958 1821 5010 in-

242 5062 422 5118 cidere
455 5070 708 5130 possent,
757 5058 973 5128 spiritus
1025 5055 1237 5110 ﬂerent.
1267 5054 1398 5109 Cum
1446 5050 1590 5106 enim
1635 5059 1819 5103 natura

315 5199 598 5274 (l)Adltuc
618 5198 844 5253 inculcat
866 5196 1168 5251 Victorinus
1191 5195 1640 5274 prmexisteotiam
1665 5201 1821 5273 reter-

247 5264 727 5332 nain'animarum;
775 5284 933 5338 quem
964 5281 1198 5321 errorem
1227 5265 1319 5338 vix
1358 5272 1448 5318 aut
1475 5278 1560 5338 ne
1588 5265 1670 5338 vix
1697 5264 1818 5338 qni-

245 5345 367 5400 dem
399 5348 589 5410 purgat
613 5356 732 5393 mox
759 5379 773 5401 ,
795 5332 918 5392 cum
943 5340 1147 5390 animas
1175 5337 1416 5410 extitisse
1434 5337 1511 5387 ait
1541 5335 1592 5410 in
1621 5332 1711 5386 Dei
1730 5346 1820 5387 co-

247 5405 524 5484 gitatione:
573 5410 726 5484 Aliud
773 5411 944 5484 eniin_
944 5419 1026 5461 est
1071 5405 1361 5484 praevidere
1410 5420 1518 5484 rem
1550 5405 1818 5484 futuram,

249 5471 390 5539 aliud
439 5481 584 5534 illam
630 5481 876 5533 existere.
905 5478 1000 5533 Est
1041 5471 1215 5531 autem
1262 5474 1502 5529 doctrina
1532 5471 1820 5528 christiana

248 5553 419 5609 creari
449 5568 478 5604 a
513 5552 620 5605 Deo
649 5549 880 5618 singulas
909 5548 1146 5607 animas,
1172 5560 1291 5599 cum
1324 5545 1375 5618 in
1394 5543 1822 5618 QBIIilprllll’l_nll-

247 5639 343 5697 per
380 5621 657 5697 hominum
675 5611 910 5697 corpora
953 5618 1326 5675 immittuntur.
1360 5611 1577 5683 Legesis
1607 5611 1818 5668 collect.

248 5687 354 5750 val.
388 5691 451 5747 Τ.
484 5689 523 5745 1.
550 5687 829 5758 p.813qq.

1911 1835 2328 1896 substantialitcr
2350 1831 2556 1885 fuerant
2575 1872 2588 1896 ,
2621 1831 2775 1885 sicuti
2807 1838 2859 1883 et
2885 1842 2985 1892 ego
3007 1826 3187 1896 judico
3207 1834 3260 1880 et
3289 1822 3483 1878 credo:

1911 1929 2022 1982 sive
2050 1944 2152 1980 non
2182 1925 2390 1979 fuerant
2412 1939 2474 1978 eo
2501 1924 2659 1978 modo
2680 1964 2694 1988 ,
2726 1920 3170 1992 quemadmodum
3202 1916 3363 1972 credo
3383 1956 3398 1980 ,
3432 1917 3486 1970 in

1911 2035 2002 2074 Sua
2028 2019 2318 2073 substantia
2353 2017 2432 2071 vel
2457 2015 2756 2070 existentia.
2792 2013 3000 2068 Etenim
3033 2025 3152 2066 Cum
3185 2009 3236 2062 in
3267 2008 3358 2063 Dei
3388 2023 3484 2061 co-

1909 2110 2166 2181 gitatione
2214 2109 2455 2172 fuerant,
2504 2105 2753 2176 cogitatio
2787 2103 2878 2158 Dei
2907 2102 3155 2172 quoniam
3200 2115 3304 2154 non
3356 2097 3487 2152 nihil

1913 2213 2023 2263 est.
2100 2200 2192 2256 sed
2259 2211 2338 2254 est
2384 2211 2525 2254 certa
2573 2197 2848 2252 existentia
2878 2236 2892 2260 ,
2949 2192 3250 2248 necessario
3295 2204 3488 2246 conce-

1911 2293 2142 2349 dendum
2166 2301 2248 2348 est
2286 2302 2340 2344 nt
2373 2292 2561 2345 anima:
2593 2289 2786 2342 fuerint
2817 2288 2867 2341 in
2898 2301 3022 2340 vera
3055 2294 3302 2352 rectaque
3340 2282 3487 2336 exis-

1914 2386 2094 2440 tentia.
2157 2385 2363 2439 Etenim
2415 2392 2590 2436 nostra
2647 2379 2894 2449 cogitatio
2943 2378 3092 2447 quasi
3129 2375 3315 2437 ,inanis
3370 2382 3486 2437 est;

1913 2493 2013 2530 non
2035 2477 2108 2546 (ι)
2134 2477 2200 2528 ita
2224 2485 2275 2529 et
2301 2476 2388 2528 Dei
2410 2495 2420 2529 :
2440 2487 2753 2542 quamquam
2771 2471 3085 2540 sapientium
3101 2468 3305 2522 ratione
3327 2465 3484 2520 etiam

1915 2578 2111 2622 nostra.
2149 2568 2530 2637 cogitationes,
2580 2564 2787 2618 utuinisi
2833 2561 3134 2617 existentite
3189 2567 3312 2613 sunt
3363 2557 3491 2611 sub-

1915 2660 2232 2714 stantialiter
2262 2673 2460 2711 rerum.
2492 2655 2596 2709 Sed
2628 2654 2694 2708 de
2727 2653 2808 2707 his
2836 2667 2897 2706 ac
2926 2651 2995 2705 de
3023 2649 3212 2705 eodem
3261 2655 3492 2702 tractatu

1915 2754 2044 2807 alias
2071 2761 2123 2806 et
2154 2751 2388 2819 pluribus
2417 2746 2815 2816 explicavimus.

1987 2844 2052 2898 Et
2092 2842 2418 2896 immaculati.
2453 2840 2609 2893 Vides
2641 2838 2797 2907 igitur
2826 2845 3081 2907 quantum
3131 2832 3410 2902 adjiciatur
3435 2837 3491 2885 et

1915 2936 2040 3004 quid
2088 2935 2276 2988 habeat
2325 2931 2683 2987 immaculatio
2713 2946 2816 2982 non
2872 2939 2928 2981 ut
2956 2940 3233 2984 essemus,
3289 2922 3492 2992 inquit,

1914 3028 2006 3082 sed
2041 3037 2094 3080 ιιι
2120 3043 2338 3082 essemus
2365 3025 2565 3086 sancti;
2593 3037 2762 3090 neque
2807 3030 2863 3074 ut
2888 3033 3130 3075 essemus
3152 3059 3166 3082 ,
3198 3016 3288 3071 sed
3323 3025 3379 3068 nt
3409 3029 3495 3068 es-

1914 3136 2090 3176 semus
2129 3119 2457 3172 itmnnculati.
2503 3117 2641 3186 Ergo
2668 3116 2867 3168 macula
2915 3129 3000 3166 res
3029 3112 3229 3179 adjecta
3261 3117 3341 3162 est
3366 3107 3492 3162 sub-

1914 3211 2146 3265 stantia).
2180 3209 2302 3263 Fuit
2327 3223 2453 3278 ergo
2477 3207 2791 3269 sobsumtia,
2822 3203 2915 3258 sed
2949 3202 3117 3273 potttit
3141 3198 3342 3254 macula
3364 3212 3496 3250 con-

1918 3302 2142 3371 tingere.
2178 3301 2288 3355 lloc
2320 3297 2717 3371 prmdestinavit
2755 3297 2891 3350 Dctts
2924 3305 2978 3348 ut
3004 3309 3220 3346 essemus
3250 3291 3494 3343 immacu-

1916 3395 2026 3449 lati.
2057 3393 2201 3448 Licet
2225 3394 2365 3448 enim
2398 3391 2630 3447 nondttm
2661 3389 2974 3442 maculasset
3004 3399 3098 3439 nos
3122 3382 3348 3437 mundus
3372 3422 3388 3444 ,
3417 3391 3499 3434 ta-

1915 3503 2035 3541 men
2062 3487 2307 3554 quoniam
2336 3494 2519 3538 natura
2549 3480 2638 3536 tali
2669 3479 2899 3541 fuimus,
2934 3485 2990 3530 ut
3026 3477 3076 3529 in
3110 3472 3366 3528 maculam
3397 3486 3492 3525 ca-

1915 3579 2044 3634 dere
2089 3593 2362 3647 possemus
2382 3616 2401 3640 ς
2433 3575 2632 3630 idcirco
2659 3569 3051 3642 pr:cdcstinavit
3094 3581 3191 3619 nos
3224 3564 3367 3618 Deus
3387 3605 3401 3625 ,
3431 3570 3490 3616 ut

1916 3684 2034 3722 cum
2065 3669 2116 3721 in
2159 3668 2417 3722 maculam
2468 3662 2838 3717 incidissemus
2859 3701 2872 3722 ,
2907 3672 3146 3713 essemus
3177 3652 3496 3709 immaculati

1919 3778 2012 3826 per
2042 3760 2156 3828 ejus
2186 3759 2408 3827 gratiam
2435 3798 2448 3822 ,
2479 3756 2528 3810 id
2559 3766 2639 3810 cst
2667 3769 2761 3820 per
2787 3750 3077 3805 Christum.
3109 3743 3495 3817 Cugnoscendo

1917 3855 2056 3908 enim
2088 3852 2358 3906 Christum
2385 3891 2400 3914 ,
2431 3859 2484 3903 et
2510 3844 2879 3917 cognoscendo
2909 3844 2960 3897 in
3014 3839 3211 3894 mttndo
3234 3879 3249 3903 ,
3290 3845 3344 3890 et
3373 3850 3496 3905 cog-

1919 3944 2187 4000 noscendo
2216 3945 2266 3996 in
2291 3941 2535 3996 sensibus
2557 3979 2571 4001 ,
2597 3947 2652 3992 et
2672 3931 3043 4006 cognoscendo
3065 3931 3116 3984 iu
3141 3944 3206 3982 eo
3231 3925 3371 3995 quod
3393 3925 3458 3980 ad
3476 3953 3490 3967 -

1920 4052 2135 4090 versum
2161 4045 2273 4096 est;
2300 4045 2353 4087 ct
2381 4027 2748 4100 cognoscendo
2785 4027 2836 4080 in
2869 4022 3102 4078 tenebris
3121 4062 3136 4083 ,
3162 4028 3287 4074 tunc
3303 4032 3486 4072 verum

1919 4129 2095 4182 lumen
2109 4125 2417 4192 accipimus,
2435 4118 2859 4178 tuncChristum.
2879 4116 2927 4170 id
2948 4123 3032 4170 est
3051 4111 3315 4180 spiritum,
3332 4110 3489 4164 sumi-

1921 4233 2069 4273 mus:
2101 4226 2154 4271 et
2183 4228 2309 4270 tunc
2329 4213 2543 4283 rejectis
2569 4210 2841 4280 corporeis
2865 4206 3108 4270 maculis,
3136 4203 3289 4258 idest
3316 4202 3487 4256 sensi-

1921 4309 2022 4364 bus
2041 4305 2360 4372 carnalibus,
2385 4303 2671 4360 existimus
2691 4298 3279 4354 immaculatietsumus
3302 4293 3494 4347 sancti.

1992 4403 2156 4458 Vens.
2235 4402 2292 4466 5,
2339 4398 2394 4453 6.
2441 4425 2512 4438 ——
2569 4394 2754 4450 Coram
2823 4392 2936 4459 ipso
2991 4391 3043 4441 in
3101 4387 3350 4439 char‘ttate
3397 4384 3498 4453 (2),

1921 4498 2281 4568 prwdestinans
2345 4507 2435 4545 nos
2492 4490 2570 4559 (5)
2633 4489 2685 4541 in
2752 4484 3076 4553 adaptionem
3137 4481 3361 4549 ﬁliorum
3412 4493 3501 4546 per

1921 4589 2099 4643 Iesum
2155 4584 2449 4647 Christum,
2503 4581 2556 4634 in
2608 4580 2774 4649 ipsum
2843 4572 3114 4629 secundum
3187 4569 3501 4640 propositum

1921 4680 2196 4736 voluntatis
2251 4692 2375 4740 sum,
2451 4675 2504 4728 in
2565 4671 2764 4726 tandem
2803 4668 2982 4740 gloriae
3033 4665 3211 4736 gratia
3263 4677 3385 4716 suae.
3437 4661 3506 4716 Et

1922 4771 2073 4842 quid,
2090 4769 2365 4836 etqnibus,
2389 4774 2443 4820 et
2460 4779 2640 4832 quare,
2666 4770 2719 4815 ct
2742 4772 3025 4829 perqucm,
3048 4755 3172 4825 quid
3195 4753 3351 4807 etiam
3369 4766 3503 4821 prte-

1921 4841 2050 4926 stat,
2069 4871 2128 4915 ut
2155 4863 2382 4914 liliorum
2401 4853 2738 4923 adoptionem
2764 4850 2959 4903 habere
2986 4843 3305 4900 videaturde
3328 4841 3501 4908 nobis,

1920 4954 2061 5024 quod
2089 4965 2358 5020 magmun,
2391 4955 2442 5000 et
2471 4930 2793 5015 prxctpunm
2823 4950 2876 4994 et
2903 4939 2988 4992 vix
3018 4936 3155 4990 votis
3181 4935 3379 4988 nostris
3403 4948 3502 5002 op-

1922 5045 2080 5100 tabile
2103 5051 2184 5097 est
2203 5051 2260 5094 ut
2279 5038 2511 5107 adoptati
2529 5037 2618 5089 lilii
2636 5032 2930 5089 rideamur.
2954 5029 3345 5096 Quibnsantcm
3371 5041 3505 5094 pne-

1922 5138 2050 5192 stat‘!
2074 5132 2265 5188 animis
2290 5131 2495 5186 scilicet
2520 5131 2675 5198 longe
2697 5142 2729 5180 a
2755 5125 2948 5180 virtute
2970 5122 3059 5177 Dei
3080 5121 3284 5191 positis,
3308 5117 3503 5189 quippe

1922 5227 2013 5299 qui
2039 5225 2228 5280 cadere
2255 5224 2306 5278 in
2335 5222 2459 5276 vitia
2489 5218 2718 5288 possint;
2742 5216 2938 5286 quippe
2963 5228 3081 5267 cum
3113 5211 3349 5265 mar-uias
3369 5209 3506 5263 reci-

1925 5297 2092 5388 piant.
2123 5316 2227 5370 Per
2269 5328 2423 5384 quem
2453 5320 2630 5364 autem
2679 5305 2931 5377 prestat?
2962 5319 3058 5375 per
3099 5302 3280 5358 Jesum
3323 5297 3504 5354 Chris-

1924 5419 2036 5465 tum
2064 5419 2226 5477 atque
2255 5406 2306 5460 in
2337 5405 2529 5474 ipsum.
2557 5402 2738 5469 Quare
2770 5407 2947 5453 autem
2974 5397 3058 5453 vel
3094 5404 3307 5466 propter
3333 5392 3502 5464 quid?

1997 5541 2015 5602 (
2028 5536 2401 5608 l)'Yitlcliatttr
2428 5532 2555 5587 mihi
2580 5544 2797 5608 prorsus
2818 5527 3117 5608 addendum
3141 5544 3262 5582 non.

2105 5607 2255 5682 yttlg.
2285 5623 2305 5682 :_
2329 5605 2393 5682 In
2423 5599 2690 5682 conspectu
2714 5602 2822 5682 ejus
2842 5602 2905 5682 in
2934 5599 3202 5682 comitate.

2002 5667 2081 5747 ἰώ
2109 5667 2258 5747 Vulg.
2291 5674 2479 5730 habet:
2516 5667 2618 5738 Qui
2638 5667 3009 5740 praedestinavit
3036 5682 3129 5722 nos
3153 5705 3171 5736 ,
3201 5674 3306 5722 etc.
