3950 6206
479 216 615 272 1245

482 431 724 486 magnum
772 414 1079 468 beneﬁcium
1130 414 1246 476 dat,
1304 412 1618 481 pra-cipuam
1651 410 1865 475 gloriam
1901 411 2035 462 Deus

482 521 547 561 ex
576 506 673 558 hoc
702 503 945 571 potentia:
984 517 1093 556 sua:
1141 501 1421 565 ostendat,
1452 500 1660 569 quando
1703 515 1797 553 nos
1828 500 1957 553 tales
1986 509 2035 550 et

484 598 535 651 itt
567 594 705 648 vitiis
735 590 811 663 (ι)
839 594 1037 660 positos
1055 600 1103 645 et
1134 594 1362 659 peccatis
1388 590 1688 646 carnalibus
1712 630 1725 654 ,
1757 599 1810 643 et
1841 590 2038 658 obliga-

485 696 597 750 tos,
634 698 735 737 non
763 683 929 736 solum
955 682 1175 745 liberat,
1218 691 1270 733 et
1304 680 1509 734 donatis
1540 682 1765 749 peccatis
1793 694 1981 733 iacuos
2010 696 2036 730 a

486 774 789 832 criminibus
837 771 1045 837 reddit,
1077 772 1169 824 sed
1198 771 1355 824 etiam
1382 771 1595 840 adoptat
1636 778 1693 823 ut
1731 770 1879 823 ﬁlios.
1919 769 2039 822 lia>c

488 867 643 935 igitur
668 872 749 917 est
794 862 907 915 laus
937 861 1117 930 gloria:
1140 901 1153 925 ,
1185 870 1233 913 et
1266 862 1445 927 gratia:
1473 860 1615 928 ejus:
1660 860 1871 929 gloria},
1901 860 2038 932 quod

490 964 688 1010 tantum
720 964 915 1021 potest:
939 952 1140 1020 gratim,
1163 952 1299 1019 quod
1332 951 1442 1004 haec
1466 951 1616 1004 nobis
1644 959 1872 1019 prmstat.

558 1043 708 1113 Quod
736 1052 907 1096 autem
959 1041 1093 1095 dixit
1140 1042 1192 1093 in
1220 1041 1535 1108 adoptionem
1583 1042 1801 1108 ﬁliorum
1850 1042 2037 1111 plene,

489 1144 652 1198 certe,
686 1132 927 1201 pr0prie;
958 1145 1182 1198 namque
1212 1132 1344 1183 ﬁlius
1371 1130 1610 1183 Christus
1634 1171 1649 1195 ,
1677 1139 1728 1186 ct
1754 1145 1877 1183 vere
1907 1132 2042 1185 ﬁlius

488 1222 752 1285 Christus,
780 1230 832 1275 et
847 1237 971 1274 vere
993 1219 1149 1285 ﬁlius,
1181 1220 1333 1276 sicuti
1356 1236 1497 1290 Stepe
1520 1221 1694 1281 docui,
1726 1236 1842 1274 cum
1873 1222 2043 1290 imago

492 1316 583 1373 Dei
610 1324 709 1371 est.
736 1318 866 1370 Cum
893 1326 1067 1369 autent
1098 1314 1250 1383 longe
1279 1327 1307 1365 a
1338 1314 1423 1367 Dei
1457 1312 1684 1381 imagine
1707 1312 1811 1365 sint
1833 1312 2039 1376 animm;

493 1416 546 1461 et
565 1423 769 1461 rursum
796 1408 1053 1476 accipiant
1073 1405 1261 1458 anima:
1282 1404 1434 1472 longe
1452 1405 1633 1472 posita:
1654 1404 1913 1471 spiritum;
1939 1404 2045 1472 spi-

493 1497 625 1550 ritus
651 1506 822 1551 autem
847 1496 1000 1559 ﬁlius;
1042 1495 1167 1548 ﬁunt
1196 1498 1311 1546 loco
1331 1494 1420 1547 ﬁlii
1450 1494 1669 1546 animm:
1702 1501 1753 1546 ct
1782 1508 1897 1545 cum
1932 1494 2045 1545 loco

494 1585 584 1639 filii
607 1584 904 1639 efﬁciuntur
929 1585 1137 1651 animae,
1166 1584 1216 1637 iu
1243 1584 1573 1652 adoptionem
1608 1583 1828 1636 ﬁliorum
1858 1585 2045 1635 anima:

1676 208 1761 262 MA
1774 207 1858 261 [ill
1904 203 2232 261 \‘ICTORINI
2265 204 2419 259 AFRI

480 329 531 384 in
557 327 780 393 laudem,
812 328 997 396 inquit,
1028 325 1210 395 gloria!
1246 338 1372 376 sum.
1406 323 1622 385 Gratim,
1652 323 1699 375 id
1729 328 1809 374 cst
1834 329 1887 373 ut
1914 335 2030 373 Cum
2062 320 2104 376 Α

3574 209 3601 261 1
3615 205 3723 258 Ξιι

2208 316 2366 372 Vens.
2429 321 2480 371 8.
2536 348 2604 357 -—
2681 320 2968 375 Secundum
3034 322 3236 375 divitias
3298 322 3479 392 gratiae
3544 326 3673 390 ejus
3705 363 3721 387 ,

2136 423 2234 477 qua
2284 407 2552 461 abundavit
2603 408 2713 481 (1)
2780 412 2831 461 in
2885 412 3026 464 nobis
3063 413 3115 463 in
3168 413 3309 464 omni
3362 411 3628 481 sapientia
3678 422 3724 463 et

2136 498 2422 569 prudentia.
2489 499 2626 553 Deus
2692 508 2841 569 pater
2885 511 2966 555 est
3028 502 3094 555 ab
3166 504 3279 570 ipso
3335 503 3476 555 enim
3542 502 3724 555 veluti

2138 590 2280 644 fonte
2316 598 2429 644 orta
2463 602 2584 644 sunt
2626 592 2819 645 omnia.
2857 592 3131 659 Quomodo
3177 605 3315 658 orta,
3362 608 3590 663 magnus
3644 594 3726 642 in—

2138 680 2378 735 tellectus
2396 690 2449 735 et
2478 697 2661 750 magna
2682 682 2915 735 doctrina
2943 693 3025 738 est
3046 700 3059 735 :
3080 692 3161 737 est
3181 692 3357 738 tamen
3394 694 3543 737 certa
3576 698 3723 735 cnu-

2141 772 2320 836 t‘ess’o,
2349 789 2377 826 a
2409 773 2515 828 Deo
2547 774 2742 828 omnia.
2774 774 2937 828 Porro
2964 785 3136 829 autem
3174 778 3373 840 omnia,
3410 784 3471 831 et
3499 790 3560 830 ea
3592 792 3724 844 qui:

2140 879 2341 917 summa
2364 873 2505 929 sunt,
2536 875 2587 918 et
2605 882 2665 919 ea
2694 881 2808 934 qua:
2838 866 3063 927 inﬁrma.
3090 876 3143 920 et
3171 883 3229 920 ea
3260 883 3378 937 quin
3408 882 3520 921 non
3553 877 3728 921 :rtcr-

2142 968 2229 1019 na,
2249 962 2301 1006 et
2317 962 2508 1006 cratera
2530 954 2845 1022 ltujttsmodi.
2874 956 3003 1010 Cum
3033 957 3171 1010 enim
3191 958 3363 1010 omnia
3383 957 3532 1023 dico,
3554 960 3731 1011 inte!-

2142 1042 2345 1112 ligenda
2381 1052 2434 1097 et
2462 1043 2689 1107 diversa,
2735 1054 2788 1098 et
2826 1046 3110 1108 contraria,
3140 1055 3194 1101 et
3222 1049 3613 1117 repugnantia;
3668 1056 3728 1100 et

2142 1133 2315 1189 omnia
2354 1133 2579 1202 denique
2610 1135 2788 1203 utique
2833 1143 2953 1188 sunt
2992 1152 3131 1205 quae,
3170 1138 3250 1190 vel
3281 1137 3578 1206 quomodo,
3636 1138 3725 1190 vei

2143 1223 2539 1292 qualiacumque
2552 1232 2691 1287 sunt;
2716 1240 2830 1293 qua-
2849 1240 2965 1279 cum
2992 1228 3087 1279 ista
3106 1236 3245 1289 sunt,
3266 1237 3489 1281 manent
3506 1237 3725 1288 tamen,

2144 1322 2197 1366 et
2225 1313 2275 1366 in
2308 1328 2403 1367 suo
2433 1316 2607 1379 modo,
2628 1324 2681 1368 et
2709 1316 2758 1368 in
2790 1317 3101 1382 substantia,
3124 1328 3173 1371 et
3224 1318 3276 1370 in
3298 1333 3392 1370 sua
3415 1333 3500 1382 re,
3538 1328 3591 1371 et
3614 1333 3723 1371 sua

2144 1404 2412 1473 qualitate.
2440 1404 2599 1474 lgitttr
2620 1414 2671 1457 et
2705 1419 2821 1458 cum
2842 1406 3032 1474 angeli,
3055 1415 3107 1460 et
3133 1406 3423 1466 dminones.
3455 1417 3512 1461 et
3544 1420 3730 1461 mate-

2144 1496 2243 1558 ria,
2276 1508 2326 1549 et
2348 1496 2629 1560 elementa,
2659 1508 2710 1550 et
2748 1500 2931 1549 anima:
2950 1506 3242 1565 ca-teraque
3265 1497 3569 1566 hujusmodi
3598 1516 3727 1553 om-

2147 1588 2229 1642 nia
2251 1602 2466 1655 quaeque
2488 1595 2628 1651 snnt,
2651 1588 2874 1641 habeant
2901 1596 3137 1641 naturam
3168 1604 3340 1651 suam,
3370 1604 3725 1643 communem

487 1676 607 1746 jure
620 1686 871 1744 suscepta:
888 1691 1006 1730 esse
1019 1676 1275 1744 dicuntur,
1296 1692 1387 1746 per
1401 1677 1560 1730 Deum
1576 1685 1745 1729 tamen
1759 1674 2041 1743 Christum,
2074 1678 2120 1737 Β
2149 1676 2571 1747 procreationish
2594 1677 2844 1730 thentvint
2859 1678 3209 1745 virtutemque
3236 1687 3287 1731 ct
3303 1679 3724 1733 conditionesua

493 1765 544 1819 id
568 1776 648 1820 est
676 1782 767 1835 per
812 1768 1049 1837 spiritum
1077 1807 1090 1830 ,
1121 1768 1208 1836 qui
1235 1777 1315 1821 est
1350 1782 1471 1823 vere
1516 1767 1649 1821 ﬁlius
1670 1807 1685 1832 ,
1732 1775 1784 1819 et
1812 1768 1953 1819 solus
1985 1766 2040 1818 ﬁ-

495 1856 613 1910 lius.
668 1858 723 1911 Si
764 1874 890 1930 ergo
920 1872 1074 1911 verus
1105 1866 1159 1910 et
1186 1858 1366 1921 solus,
1410 1874 1528 1913 Cum
1572 1858 1848 1927 recipimus
1894 1855 2044 1911 Chri-

496 1956 633 2000 stum
653 1987 669 2013 ,
701 1948 749 2001 id
780 1960 858 2001 est
887 1950 1149 2017 spiritum,
1176 1949 1405 2017 adoptati
1436 1949 1525 2002 ﬁlii
1555 1964 1755 2012 suums,
1788 1963 1889 2000 non
1922 1948 2041 2012 lilii;

493 2051 589 2105 per
615 2039 857 2092 virtutem
890 2040 1026 2091 enim
1072 2038 1225 2102 Filii,
1255 2056 1349 2093 nus
1375 2038 1631 2092 efﬁcimur
1669 2040 1758 2092 lilii
1794 2056 1805 2091 :
1850 2048 1903 2093 et
1935 2041 2046 2093 hare

494 2136 575 2179 cst
603 2127 895 2194 adoptatio,
946 2129 996 2181 in
1031 2144 1128 2197 qua
1171 2130 1468 2199 gratiﬁcavit
1507 2146 1595 2182 nos
1638 2130 1690 2181 in
1730 2130 1907 2181 dilecto
1938 2130 2045 2196 ﬁlio

493 2232 584 2269 suo
609 2259 621 2280 ,
651 2216 700 2269 id
723 2226 802 2271 est
822 2219 1039 2283 gratiam
1068 2218 1218 2271 nobis
1240 2220 1511 2287 praestitit:
1547 2218 1645 2272 hoc
1666 2219 1802 2271 enim
1824 2230 1904 2273 est
1929 2234 2049 2287 gra-

496 2305 729 2360 tiﬁcavit.
758 2308 858 2361 Sed
880 2310 1069 2379 ubique
1095 2308 1299 2372 ﬁrmat,
1328 2317 1381 2363 et
1409 2326 1523 2377 qua:
1551 2310 1618 2361 sit
1645 2310 1807 2378 gratia
1829 2349 1841 2371 ,
1875 2320 1924 2363 et
1955 2325 2049 2378 per

496 2410 651 2463 quem
678 2398 841 2464 gratia
862 2416 873 2451 :
897 2412 1013 2450 nam
1035 2408 1083 2450 et
1108 2414 1198 2467 per
1222 2413 1375 2467 quem
1393 2398 1555 2467 gratia
1578 2406 1659 2450 est
1686 2397 1971 2468 subjungit,
1996 2400 2046 2451 in

498 2484 675 2538 dilecto
694 2488 801 2548 ﬁlio
829 2486 1125 2555 summque
1154 2489 1369 2556 gratiam
1398 2488 1695 2558 subjungit:

573 2575 728 2629 Vens.
763 2579 812 2629 7.
840 2606 911 2617 -—
940 2575 1003 2629 In
1023 2593 1117 2646 quo
1141 2578 1372 2632 habemus
1401 2580 1784 2648 redemptionem
1813 2595 1899 2648 per
1928 2596 2045 2633 san-

497 2666 696 2733 guinem
733 2668 890 2733 ipsius
935 2667 1009 2737 (ἑ)
1039 2668 1375 2721 remissionem
1401 2680 1732 2735 peccatorum.
1762 2669 1884 2723 Huic
1910 2670 2049 2723 enim

496 2754 659 2822 gratia
683 2763 761 2807 est
782 2763 839 2808 ut
867 2756 916 2807 in
942 2754 1151 2809 Christo
1179 2773 1271 2824 per
1289 2759 1404 2824 ejus
1432 2760 1736 2827 sanguinem
1767 2759 2049 2815 habeamus

497 2842 931 2911 redemptionem,
960 2856 1012 2897 et
1040 2848 1398 2900 remissionem
1431 2860 1781 2918 peccatorum,
1804 2860 1857 2904 ut
1886 2861 1937 2904 et
1967 2866 2053 2905 re-

499 2934 770 2988 mittantur
799 2936 950 2989 nobis
980 2950 1187 3005 peccata
1218 2949 1394 2993 nostra
1424 2956 1517 3009 per
1543 2942 1592 2994 id
1628 2942 1764 3009 quod
1795 2944 1907 3011 lege
1933 2958 2052 2996 cru-

2146 1770 2430 1833 Inauentia,
2451 1769 2639 1821 anima:
2672 1777 2840 1821 tamen
2864 1783 2980 1836 qua:
3004 1769 3183 1837 utique
3206 1778 3258 1821 et
3278 1769 3405 1837 ipsa:
3438 1770 3580 1823 inter
3600 1785 3724 1823 om-

2146 1859 2229 1911 nia
2250 1859 2299 1909 vi
2324 1871 2416 1910 sua
2439 1857 2632 1920 valent,
2656 1871 2755 1908 non
2787 1856 2835 1908 in
2868 1872 2930 1909 eo
2963 1864 3322 1925 perseverant,
3350 1866 3406 1909 ιιι
3424 1859 3721 1912 extiterunt

2145 1956 2302 2017 atque
2353 1946 2699 2000 substantiam
2735 1946 2932 1999 sortita:
2969 1956 3112 2009 sunt,
3144 1947 3235 1999 sed
3277 1946 3367 1999 Dei
3404 1948 3632 2015 potentia
3656 1949 3716 2000 in

2148 2037 2416 2091 meliorem
2443 2036 2783 2089 substantiam
2817 2036 3171 2104 provehuntur
3194 2054 3207 2089 :
3230 2044 3284 2089 et
3302 2053 3366 2089 ex
3390 2035 3713 2090 animiscam

2146 2128 2334 2182 anima:
2364 2129 2488 2190 sint,
2520 2127 2734 2195 spiritus
2775 2127 2903 2179 ﬁunt
2945 2128 3040 2195 (2).
3082 2128 3218 2196 Ergo
3250 2129 3363 2180 ista:
3397 2128 3489 2181 Dei
3521 2128 3716 2181 divitia:

2149 2218 2199 2270 itt
2233 2231 2325 2270 nos
2348 2218 2554 2269 collata:
2576 2216 2874 2285 utatnplius
2901 2216 3192 2269 efﬁciamur
3221 2233 3381 2285 quam
3412 2232 3533 2270 esse
3556 2218 3716 2285 impi-

2149 2322 2262 2359 ntus
2286 2315 2442 2373 atque
2460 2307 2747 2370 extititnue,
2774 2306 2977 2359 caeteris
3005 2307 3311 2360 conditione
3330 2321 3421 2359 sua
3457 2309 3714 2360 manenti—

2148 2398 2265 2460 bus,
2285 2406 2339 2447 ιιι
2359 2410 2506 2448 suam
2522 2396 2861 2448 substantiam
2882 2410 3137 2464 suamque
3154 2397 3489 2465 qualitatem,
3523 2408 3575 2447 ut
3594 2405 3712 2449 sunt

2150 2494 2281 2548 orta,
2310 2486 2624 2539 custodiant.
2646 2484 2822 2538 Gratia
2854 2485 3123 2554 magnilica
3144 2486 3260 2547 Dei,
3286 2486 3378 2538 Dei
3401 2502 3603 2553 magna:
3630 2486 3712 2539 di-

2149 2577 2290 2633 vitia:
2308 2592 2423 2630 cuni
2440 2577 2627 2629 animis
2645 2584 2853 2645 prmstat
2869 2575 2968 2629 hoc
2990 2590 3179 2629 munus
3205 2584 3262 2629 ut
3289 2576 3354 2629 ad
3378 2576 3707 2645 adoptionem

2151 2669 2363 2721 veniant
2380 2668 2599 2720 ﬁliorum
2619 2668 2727 2733 Dei,
2746 2682 2836 2736 per
2848 2667 3023 2721 Jesum
3049 2675 3221 2720 tamen
3258 2666 3554 2730 Christum,
3572 2668 3619 2719 id
3633 2677 3713 2720 est

2152 2773 2246 2827 per
2267 2759 2504 2826 spiritum
2527 2757 2776 2827 spiritalia
2798 2759 3106 2819 sentientes,
3129 2765 3183 2809 nt
3199 2757 3427 2827 spiritus
3445 2758 3571 2810 sint.
3601 2757 3711 2808 ista:

2154 2859 2276 2902 sunt
2298 2848 2490 2902 divitia:
2519 2849 2653 2917 ejus,
2682 2860 2733 2902 et
2752 2852 2865 2916 ejus
2884 2852 3200 2918 gratim,qna
3220 2850 3573 2901 abundavitin
3600 2864 3707 2902 nos.

2154 2940 2338 2993 Merito
2354 2953 2479 3007 ergo
2497 2940 2781 2993 abundavit
2800 2942 2847 2991 in
2871 2954 2965 2992 nos
2990 2958 3002 2992 :
3022 2954 3138 2992 nam
3154 2943 3373 3009 angelus
3404 2944 3453 2993 in
3488 2955 3551 2993 eo
3578 2941 3709 3009 quod

498 3026 683 3080 ciﬁxus
710 3034 810 3080 est.
834 3027 939 3081 Hoc
958 3039 1037 3082 est
1063 3029 1199 3081 enim
1227 3046 1317 3098 per
1345 3031 1651 3099 sanguinein
1677 3032 1835 3101 ipsius
1860 3042 1911 3086 et
1939 3032 2047 3101 ipsc
2076 3032 2121 3096 C
2150 3038 2231 3083 est
2252 3030 2485 3097 angelus,
2514 3030 2761 3093 manebit;
2789 3031 3016 3097 itemque
3036 3030 3375 3090 cretera,sive
3396 3030 3446 3081 in
3476 3032 3709 3091 materia,

501 3133 597 3171 nos
621 3118 841 3171 redemit
858 3134 885 3171 a
910 3127 1096 3182 morte,
1121 3119 1171 3173 id
1192 3131 1273 3173 est
1290 3134 1317 3171 a
1337 3119 1631 3173 carnalibus
1652 3122 2053 3190 cogitationibus

499 3218 549 3261 et
567 3209 955 3277 cupiditatibus,
974 3220 1024 3261 et
1042 3223 1165 3263 suos
1185 3208 1303 3263 fecit
1327 3226 1529 3275 servos,
1556 3211 1602 3263 id
1618 3221 1695 3263 est
1716 3211 1812 3264 sibi
1831 3216 2051 3277 servire,

501 3301 636 3369 quod
663 3310 740 3353 est
772 3301 1071 3369 spiritaliter
1092 3302 1196 3368 iam
1226 3302 1401 3355 vivere
1426 3320 1437 3354 :
1464 3301 1585 3354 item
1610 3302 1687 3371 (5)
1717 3301 1843 3356 nihil
1871 3317 2055 3357 carna-

502 3392 621 3445 liter
660 3409 833 3463 agere,
861 3393 1088 3463 nihilque
1110 3406 1263 3445 sensu
1295 3395 1509 3459 sentire,
1544 3393 1635 3447 sed
1666 3403 1800 3446 totos
1829 3394 1959 3447 verti
1990 3392 2052 3445 ad

504 3484 666 3537 Deum
697 3494 747 3538 et
781 3484 1039 3536 mundana
1069 3484 1242 3537 omnia
1283 3483 1487 3538 calcare
1512 3528 1525 3549 ,
1556 3495 1609 3539 et
1636 3486 1887 3554 originem
1930 3500 2051 3539 nos-

503 3582 634 3626 tram
657 3584 892 3641 repetere
918 3590 930 3625 :
964 3572 1063 3626 hoc
1088 3582 1164 3626 est
1194 3573 1333 3626 enim
1362 3574 1548 3627 redimi
1574 3615 1587 3638 ,
1617 3589 1644 3628 a
1673 3575 1973 3644 captivitate
1996 3576 2057 3629 li-

503 3663 693 3716 berari.
723 3662 885 3716 Porro
914 3663 1186 3728 captivitas
1214 3678 1315 3715 non
1344 3672 1425 3718 est
1463 3665 1559 3717 nisi
1583 3664 1649 3718 ab
1674 3667 1876 3734 origine
1902 3666 2058 3720 liber-

505 3755 624 3807 tatis
652 3754 699 3805 iu
739 3754 1093 3822 captivitatem
1125 3753 1262 3807 duci.
1296 3753 1432 3823 Ergo
1459 3754 1649 3808 fuimus
1678 3755 1827 3808 liberi
1852 3799 1865 3821 ,
1897 3756 1945 3809 id
1978 3766 2057 3810 est

502 3852 624 3896 ante
665 3844 944 3896 mundum:
992 3844 1082 3897 sed
1112 3845 1336 3898 mundus
1379 3860 1473 3898 nos
1518 3845 1752 3913 captivos
1782 3847 1935 3910 fecit;
1968 3863 2055 3900 na-

503 3940 614 3985 tura
637 3934 772 3985 cnim
799 3934 884 3986 tali
916 3933 1110 3987 fuimus
1132 3942 1188 3988 ut
1208 3934 1517 3989 caderemus
1536 3945 1588 3988 et
1604 3937 1715 4004 capi
1749 3951 2020 4005 possemus
2043 3955 2057 3993 ε

502 4024 592 4079 sed
628 4026 737 4079 lucc
775 4026 1049 4095 captivitas
1079 4028 1143 4081 ad
1194 4030 1469 4082 utilitatem
1503 4038 1731 4083 nostram
1784 4032 2055 4101 provenit:

502 4133 621 4171 nam
657 4120 878 4187 cognitis
907 4120 1151 4174 omnibus
1180 4123 1449 4177 servitutis
1477 4125 1625 4177 malis
1643 4133 1694 4177 et
1720 4126 2055 4194 captivitatis,

501 4207 757 4275 redempti
785 4226 812 4261 a
853 4208 1065 4263 Chrism
1094 4226 1313 4267 sumus:
1356 4214 1402 4267 id
1432 4224 1513 4270 est
1556 4215 1621 4269 ad
1650 4226 1884 4270 naturam
1917 4218 2057 4271 illam

502 4296 770 4364 pristinam
803 4315 919 4365 qua:
948 4299 1098 4352 nobis
1142 4316 1167 4353 a
1202 4302 1308 4356 Deo
1336 4312 1485 4369 erat,
1526 4305 1762 4367 reducti,
1808 4307 2058 4374 spiritali-

2154 3122 2262 3175 sive
2293 3122 2343 3173 in
2366 3120 2728 3185 iuminaribus,
2752 3122 2862 3174 sive
2893 3123 2942 3173 in
2963 3121 3170 3173 caneris
3192 3120 3495 3186 hujusmodi
3522 3123 3705 3184 rebus;

2154 3228 2268 3282 qua:
2287 3211 2457 3263 omnia
2477 3222 2597 3264 sunt
2618 3228 2643 3263 a
2668 3212 2771 3265 Deo
2798 3219 3143 3279 parataatque
3173 3221 3507 3265 conservata.
3526 3213 3708 3265 Anima

2157 3306 2327 3353 tamen
2377 3301 2510 3353 inter
2543 3299 2716 3352 omnia
2778 3300 2891 3368 plus
2917 3316 2942 3349 :t
2969 3300 3073 3352 Deo
3098 3302 3315 3363 meruit,
3349 3309 3405 3353 et
3429 3301 3709 3353 maximum

2157 3406 2360 3452 munus,
2403 3401 2455 3443 et
2485 3405 2696 3458 magnas
2725 3389 2954 3453 divitias,
2976 3406 3092 3442 cum
3121 3391 3496 3457 cognoscendo
3532 3392 3712 3457 Deum,

2158 3480 2247 3533 Dei
2278 3489 2450 3534 tamen
2483 3479 2747 3533 voluntate
2770 3478 2938 3547 infusa
2965 3480 3061 3532 sibi
3098 3496 3188 3547 per
3208 3478 3478 3533 Christum
3510 3480 3714 3548 Jcsum,

2158 3581 2386 3625 meretur
2412 3580 2467 3623 ut
2490 3571 2624 3625 inter
2654 3570 2788 3623 ﬁlius
2817 3579 3027 3639 accepta
3065 3571 3169 3624 Deo
3192 3571 3359 3623 vicina
3391 3572 3490 3635 sit;
3515 3581 3566 3624 et
3588 3571 3715 3635 ﬁlio,

2156 3662 2206 3715 id
2227 3670 2307 3715 est
2322 3662 2444 3718 Jesu
2477 3659 2710 3727 Clrristn,
2737 3677 2828 3731 per
2858 3664 3022 3730 ipsum
3048 3662 3312 3716 Christum
3337 3672 3538 3730 tamen,
3560 3664 3719 3718 veluti

2156 3753 2399 3807 coitatres
2420 3754 2728 3806 aeternitatis
2752 3762 2804 3807 et
2823 3753 3110 3821 majestatis
3135 3765 3183 3806 et
3215 3754 3466 3822 potenlizc
3510 3755 3716 3819 effecta,

2158 3851 2390 3896 meretur
2410 3843 2498 3895 ﬁlii
2540 3858 2726 3897 nomen
2761 3850 2814 3896 et
2856 3852 3183 3911 potestatem.
3232 3844 3535 3897 Abundavit
3564 3860 3717 3913 ergo,

2158 3936 2348 4005 inquit,
2372 3934 2422 3988 in
2450 3951 2564 3988 nos.
2597 3935 2869 4001 Quomodo
2910 3944 3082 3987 autem
3121 3935 3439 3989 abundavit?
3467 3938 3602 3989 omni
3638 3954 3721 3988 sa-

2159 4028 2345 4096 pientia
2377 4038 2420 4080 ct
2458 4027 2740 4095 prudentia.
2770 4026 2905 4079 Vere
2931 4027 3067 4078 enim
3094 4026 3266 4079 omnis
3294 4025 3408 4079 hu-c
3458 4028 3719 4096 Sapientia

2161 4126 2240 4171 est
2263 4125 2316 4171 et
2341 4116 2635 4184 prudentia,
2658 4114 2920 4169 Christum
2939 4130 3289 4185 cognoscere;
3315 4132 3407 4185 per
3424 4114 3718 4179 Christum,

2161 4210 2325 4263 Deum
2348 4217 2399 4263 et
2428 4208 2717 4274 intelligere
2743 4217 2795 4262 et
2817 4206 3027 4261 videre:
3062 4206 3258 4274 reliqua
3282 4209 3424 4261 enim
3455 4209 3535 4262 vel
3562 4224 3717 4259 mun-

2160 4300 2293 4353 dana
2324 4299 2576 4368 Sapientia
2609 4298 2763 4352 licet:
2794 4298 2889 4350 alia
2930 4297 3249 4366 hujusmodi,
3286 4306 3432 4351 extra
3463 4298 3715 4351 mundum

500 4394 581 4439 ter
601 4386 706 4453 jam
739 4388 995 4441 vivimus:
1027 4398 1079 4442 et
1103 4405 1166 4442 ex
1194 4392 1292 4443 hoc
1322 4392 1535 4459 spiritus
1565 4408 1748 4447 sumus
1771 4434 1784 4458 ,
1818 4403 1870 4447 ct
1900 4411 2057 4464 prop-
2086 4384 2135 4443 D
2163 4392 2302 4445 licet.
2344 4390 2469 4444 Sine
2507 4387 2716 4442 CbriSto
2752 4396 2948 4453 tamen,
2982 4403 3108 4441 vana
3140 4398 3190 4440 et
3235 4389 3426 4441 misera
3460 4390 3717 4455 sapientia

501 4483 644 4530 terea
679 4476 766 4528 Dei
797 4475 919 4542 ﬁlii,
953 4476 1043 4529 sed
1075 4493 1168 4545 per
1194 4479 1529 4547 adoptionem
1556 4522 1571 4546 ,
1591 4484 1829 4537 remissis
1858 4484 2060 4539 scilicet

505 4564 751 4619 omnibus
783 4566 1011 4634 peccatis
1038 4569 1265 4623 nostris:
1316 4586 1418 4624 non
1470 4574 1607 4627 enim
1638 4574 1830 4628 virtute
1882 4585 2059 4628 nostra

505 4662 569 4715 ad
592 4664 828 4731 spiritum
859 4663 1057 4718 reversi
1088 4679 1268 4721 sumus
1294 4706 1308 4731 ,
1331 4674 1384 4719 et
1414 4680 1507 4735 per
1535 4666 1841 4736 sanguinem
1864 4665 2058 4721 Christi

506 4752 747 4821 Spiritum
775 4755 1091 4823 accepimus.
1142 4755 1279 4826 Ergo
1306 4756 1645 4813 remittuntur
1668 4756 1821 4810 nobis
1849 4765 2060 4825 peccata

505 4851 559 4896 et
581 4843 841 4896 donantur
866 4860 960 4914 per
992 4846 1082 4899 Dei
1111 4848 1329 4914 gratiam
1356 4863 1371 4911 ;
1416 4861 1521 4900 non
1568 4856 1746 4899 nostra
1779 4847 1971 4901 virtute
2000 4862 2063 4901 ea

506 4933 813 5002 deponimus
837 4954 851 4995 ;
880 4937 1155 5005 solumque
1184 4936 1281 4991 hoc
1312 4939 1519 4991 virtutis
1542 4947 1734 4992 nostra
1760 4979 1774 5004 ,
1798 4938 2062 4994 Christum

507 5024 761 5092 credere,
810 5040 872 5081 ac
918 5038 1131 5095 propter
1184 5025 1449 5080 Christum
1499 5027 1805 5097 spiritaliter
1850 5030 2063 5085 vivere:

505 5115 619 5185 ipse
648 5132 772 5171 vero
802 5118 1024 5171 remittit
1052 5128 1265 5187 peccata
1284 5159 1299 5184 ,
1332 5118 1443 5187 ipse
1470 5119 1683 5173 redimit
1709 5134 1803 5174 nos
1824 5161 1838 5185 ,
1870 5131 1921 5176 et
1946 5135 2067 5190 gra-

506 5206 630 5260 tiam
670 5207 760 5261 Dei
790 5209 1160 5271 commendat,
1195 5218 1251 5261 ιιι
1276 5209 1619 5263 ιυιειιιίιιιιεηι
1651 5219 1705 5265 et
1729 5210 2062 5268 sanctitatem

508 5296 828 5351 immaculati
846 5297 956 5366 jam
986 5297 1178 5352 habere
1200 5299 1484 5367 possimus.

579 5429 657 5500 (1)
687 5428 854 5500 Codd.
884 5430 1086 5500 in_vitus.

585 5497 664 5571 (2)
691 5499 839 5573 Yulg.
863 5497 1038 5573 :Eius
1063 5498 1202 5572 quod
1230 5501 1467 5573 sequitur
1492 5516 1718 5559 comma.

581 5574 664 5643 (δ)
693 5571 855 5627 Codd.
886 5572 1038 5629 idem.

2162 4491 2262 4544 est,
2293 4489 2346 4533 et
2373 4480 2546 4533 omnis
2571 4479 2872 4548 prudentia;
2906 4480 2988 4531 illa
3010 4479 3212 4531 scilicet
3232 4479 3457 4539 ratione,
3483 4480 3604 4548 quia
3630 4482 3716 4549 qui

2161 4570 2427 4625 Christum
2479 4569 2765 4642 cognoscit,
2813 4570 2898 4639 qui
2940 4567 3208 4621 Christum
3248 4570 3464 4638 accipit,
3504 4571 3717 4637 Spiritus

2163 4663 2253 4716 ﬁt:
2284 4659 2537 4729 spiritalia
2577 4661 2751 4716 omnia
2791 4658 3022 4728 agendo,
3068 4658 3206 4713 inter
3244 4660 3379 4713 ﬁlios
3420 4660 3720 4728 adoptionis

2162 4753 2463 4823 suscipitur,
2487 4760 2541 4805 et
2562 4750 2946 4821 quodammodo
2974 4757 3027 4803 et
3054 4749 3166 4819 ipse
3189 4750 3387 4804 existit.
3422 4750 3533 4804 Hac
3567 4752 3719 4818 igitur

2162 4844 2216 4898 in
2247 4858 2341 4898 nos
2380 4842 2661 4897 abundavit
2686 4842 2821 4895 Deus
2849 4840 3010 4909 gratia
3030 4880 3045 4903 ,
3077 4848 3131 4893 et
3158 4842 3301 4893 omni
3342 4842 3601 4909 sapientia
3623 4883 3635 4905 ,
3667 4850 3719 4895 et

2164 4935 2305 4989 omni
2336 4934 2641 5002 prudentia;
2672 4941 2725 4987 ut
2746 4945 2931 5002 genus,
2956 4929 3248 5000 sapientia;
3275 4940 3330 4986 ut
3349 4933 3578 5002 species,
3602 4949 3719 5002 pru-

2164 5024 2360 5081 deutia.

2244 5115 2403 5171 Vens.
2435 5114 2486 5168 9.
2521 5144 2589 5156 --
2616 5113 2681 5168 Ut
2708 5113 2846 5167 nobis
2872 5120 3046 5165 notum
3084 5117 3265 5184 faceret
3307 5115 3601 5183 mysterium
3639 5130 3721 5167 ro-

2173 5207 2379 5261 tuntatis
2423 5223 2545 5261 sum.
2595 5205 2753 5260 Nobis
2802 5213 2976 5258 utrum
3023 5204 3529 5261 hominibus?anne
3574 5205 3720 5259 nobis

2173 5296 2474 5351 christianis
2503 5296 2590 5366 qui
2621 5295 2785 5363 legem
2818 5294 3148 5363 accepimus?
3179 5293 3284 5349 Nos
3312 5295 3453 5349 enim
3480 5293 3722 5363 intelligi-

2171 5403 2289 5443 mus
2338 5389 2645 5458 mysterium
2678 5384 2965 5439 voluntatis
3007 5385 3122 5451 Dei,
3152 5401 3257 5455 quo
3283 5384 3724 5457 superabundavit

2271 5502 2317 5566 1)
2342 5499 2499 5569 Vulg.
2525 5517 2537 5552 :
2564 5498 2689 5564 Qum
2712 5498 3151 5569 superabundavit.

2272 5570 2329 5643 ε)
2354 5569 2519 5626 Codd.
2550 5570 2668 5622 sint.
