3950 6206
239 228 415 285 12ιῦ

1148 226 1211 283 1N
1252 225 1630 283 EPISTOLAM
1674 225 1873 281 PAULI
1905 224 1995 281 AD
2035 223 2365 280 EPllESlOS
2404 223 2605 279 LIBER
2647 224 2685 277 l.

3402 224 3538 279 {956

244 346 447 415 gratia
471 343 591 413 ejus
621 343 671 397 in
704 358 822 403 nos.
843 350 895 396 ut
927 340 1141 397 divitias
1163 342 1276 411 ejus
1299 355 1744 410 cognosceremus
1764 355 1858 410 per
1886 345 1938 406 Α
1964 350 2157 401 motus,
2189 349 2243 393 et
2272 338 2508 393 omnium
2538 354 2712 393 reinm
2748 347 2919 391 motu:
2940 378 2955 402 ,
2989 338 3196 393 nonnisi
3231 353 3257 391 a
3315 340 3419 393 Deo
3440 384 3452 405 ,
3486 352 3539 396 ιιι

244 436 591 505 sanguinein
622 435 843 499 Christi,
869 444 924 487 et
952 450 1043 501 per
1084 433 1452 487 remissionem
1493 441 1850 502 peccatorum.

248 528 446 593 Quam
469 525 683 596 quidem
705 525 1048 590 voluntatem,
1073 526 1210 579 sicut
1232 526 1377 591 dicit,
1400 524 1710 595 mysterium
1729 539 1854 596 pru-

250 618 495 681 dentiae,
531 617 612 670 vel
660 617 967 687 mysterium
1016 616 1304 671 voluntatis
1353 616 1405 675 in
1451 615 1662 672 Christo
1703 616 1851 671 lesu.

256 707 363 763 Sic
390 708 534 761 enim
559 706 773 774 subjicit
803 707 1079 760 secundum
1106 710 1409 760 uoluntatem
1427 724 1574 777 quant
1593 707 1853 778 proposuit

257 798 323 853 in
352 797 453 852 illo
480 798 583 865 (ι).
610 795 725 851 Non
765 799 905 851 enim
934 797 1105 851 solum
1140 798 1457 851 voluntatem
1505 799 1646 863 licet,
1676 798 1767 861 sed
1802 800 1852 852 in

257 890 370 945 illo
418 890 537 945 licet
575 890 900 959 propositam
938 889 1284 943 voluntatem.
1333 887 1520 943 Omnia
1572 890 1712 944 enim
1759 905 1855 959 per

259 982 450 1049 illum,
475 994 525 1035 et
555 981 686 1036 nihil
714 983 924 1046 omnia,
964 981 1202 1051 nihilque
1242 992 1294 1036 et
1326 982 1375 1036 in
1417 982 1673 1052 mysterio
1712 981 1853 1051 quod

259 1071 473 1128 {aetum
510 1072 578 1128 sit
615 1088 719 1128 non
753 1090 845 1142 per
863 1073 1046 1128 lesutn
1090 1072 1400 1130 Christum:
1428 1084 1482 1129 et
1521 1075 1770 1142 mundus,
1800 1084 1855 1131 et

263 1164 325 1219 in
364 1165 587 1227 mundo.
621 1175 675 1222 et
706 1165 949 1219 liheratio
976 1174 1155 1220 nostra
1177 1207 1191 1232 ,
1226 1175 1281 1222 et
1308 1181 1464 1222 causa
1500 1168 1769 1233 omnium,
1800 1169 1851 1223 in

261 1255 493 1313 Christo
520 1267 666 1323 sunt,
699 1266 754 1313 et
781 1255 1023 1313 Christus
1052 1266 1195 1314 sunt.

344 1346 511 1402 Vsus.
549 1348 631 1405 10.
671 1378 741 1387 -
767 1347 831 1401 Ει
864 1348 970 1403 Ιιατ
997 1359 1069 1403 est
1096 1350 1330 1403 voluntas
1372 1350 1466 1407 Dei
1494 1367 1641 1417 quam
1669 1367 1853 1423 prapo-

264 1437 373 1492 suit
404 1445 455 1491 tn
483 1439 573 1492 illo
594 1438 670 1507 (ἓ)
701 1440 753 1492 in
799 1440 1168 1507 dispensatione
1192 1441 1518 1509 plenitudinis
1551 1451 1847 1513 temporum.

265 1527 516 1584 Ostendit
539 1530 726 1585 ordine
742 1540 929 1585 cuncta
957 1530 1237 1599 diSposita,
1260 1543 1316 1585 ut
1340 1531 1661 1599 dispensatio
1684 1534 1847 1587 fieret.

268 1620 403 1675 Item
444 1621 623 1675 omnia
655 1621 814 1675 veluti
854 1631 1229 1691 erogarentur;
1267 1622 1519 1693 quidquid
1551 1623 1690 1678 enim
1737 1623 1848 1690 lict,

1958 446 2052 500 per
2071 431 2255 485 Dettm.
2284 430 2463 499 Itaque
2488 430 2727 499 operatio
2752 444 2870 483 cum
2902 441 3074 483 motus
3106 431 3194 492 sit,
3226 446 3251 481 a
3281 431 3388 484 Deo
3412 448 3539 499 μνε-

1955 523 2091 580 ratio
2137 532 2236 587 est,
2267 522 2386 590 quia
2427 531 2507 576 est
2539 531 2713 576 motus
2755 522 3015 590 Operatio.
3067 522 3285 592 Reliqui
3333 524 3530 578 etenim

1959 622 2187 680 torpent,
2221 613 2404 681 ignava
2450 620 2594 673 sunt,
2643 613 2862 677 vitiosa,
2907 615 3073 682 pigra.
3112 613 3348 683 Denique
3394 613 3534 670 utin

1956 713 2153 759 motuin
2186 707 2421 772 veniant,
2457 705 2548 758 Dei
2580 703 2820 773 operatio
2853 716 2952 768 est,
2987 719 3079 776 per
3115 704 3294 758 Jesum
3332 705 3539 760 scilicet

1953 794 2245 849 Christum.
2293 795 2432 864 Ergo
2465 794 2601 848 Deus
2641 796 2837 861 estqui
2882 794 3127 848 universa
3156 804 3425 862 oneratur,
3484 804 3538 850 et

1954 898 2201 956 operatur
2223 886 2516 945 secundum
2538 887 2820 942 consilium
2844 887 3130 941 voluntatis
3158 902 3288 943 suae.
3318 888 3429 943 lloc
3452 890 3531 942 in-

1956 986 2117 1033 terest
2154 992 2300 1049 ergo,
2334 976 2474 1046 quod
2522 992 2639 1032 cum
2684 977 2824 1032 Deus
2866 987 3139 1047 operatur,
3189 988 3243 1032 et
3287 976 3535 1033 Christus

1953 1078 2241 1139 operatur,
2308 1062 2550 1123 Christus
2613 1080 2863 1138 operatur
2927 1084 2996 1121 ex
3060 1069 3149 1123 Dei
3225 1070 3527 1135 voluntate;

1956 1164 2091 1219 Deus
2179 1171 2428 1234 Operatur
2514 1161 2803 1216 secundum
2887 1160 3167 1215 consilium
3241 1162 3529 1218 voluntat's

1952 1269 2124 1310 sunt:
2175 1255 2370 1308 etenim
2432 1250 2677 1314 Christus
2753 1251 2995 1306 voluntas
3065 1252 3155 1307 Dei
3228 1261 3330 1308 est.
3400 1254 3530 1311 Aliis

1953 1342 2101 1399 libris
2150 1342 2274 1414 quid
2330 1344 2398 1398 sit
2456 1344 2702 1397 voluntas
2768 1343 2882 1405 Dei.
2935 1353 2989 1396 et
3041 1343 3163 1412 qttid
3222 1344 3357 1399 Deus
3422 1345 3526 1411 sit,

1953 1437 2091 1491 idem
2124 1452 2189 1489 ne
2234 1452 2300 1490 an
2337 1435 2479 1490 aliud
2520 1436 2622 1500 sit;
2655 1450 2841 1494 unum.
2873 1450 2938 1488 an
2967 1446 3017 1488 et
3047 1435 3209 1503 aliud,
3241 1450 3293 1491 et
3334 1446 3528 1493 etuti-ra

1952 1526 2273 1598 hujusmodi,
2304 1537 2353 1581 et
2378 1526 2675 1597 esplieasse
2702 1540 2798 1580 nos
2826 1536 2952 1596 puto
2974 1535 3028 1581 et
3065 1526 3405 1585 satisfecisse.
3435 1529 3530 1584 ilic

1950 1620 2091 1675 enim
2139 1620 2373 1674 contenti
2430 1634 2548 1674 esse
2597 1620 2821 1689 simplici
2869 1620 3203 1689 expositione
3248 1620 3527 1686 debemus,

266 1711 574 1770 ordinatum
605 1723 716 1767 est:
744 1723 801 1767 ut
833 1713 939 1779 fiat,
969 1714 1083 1768 sine
1112 1713 1271 1768 dubio
1293 1714 1703 1784 dispensandum
1734 1727 1849 1770 est:
1882 1711 1929 1771 B
1958 1723 2100 1767 metu
2128 1712 2225 1765 hoc
2271 1722 2323 1764 et
2351 1711 2606 1779 religione
2637 1710 2955 1777 retinentes,
2988 1710 3126 1780 quod
3160 1712 3248 1765 Dei
3283 1712 3527 1767 voluntas

266 1806 499 1859 mundus
526 1815 701 1862 autem
732 1814 785 1860 et
823 1806 999 1860 omnia
1021 1806 1072 1860 in
1105 1807 1302 1860 mundo
1336 1807 1589 1875 disposita
1621 1817 1767 1873 sunt,
1799 1816 1853 1861 et

264 1895 348 1950 sie
394 1894 523 1950 fiunt
553 1905 604 1949 et
627 1910 745 1963 qua:
773 1896 842 1948 sit
863 1910 1067 1948 summa
1094 1895 1521 1965 dispensationis,
1550 1897 1733 1966 utique
1761 1914 1853 1966 ap-

263 1994 421 2055 paret
443 2000 535 2054 per
560 1986 762 2055 singula
790 2001 907 2055 qure
933 1984 1083 2038 ﬁunt.
1118 1986 1241 2039 Haec
1277 1996 1360 2040 est
1386 1998 1563 2041 autem
1589 1989 1849 2055 plenitudo

264 2085 573 2144 teniporum,
597 2091 715 2130 cunt
737 2076 846 2129 suis
869 2076 1163 2146 quibusque
1194 2078 1518 2146 temporibus
1546 2081 1849 2146 pervenitur

262 2168 333 2222 ad
362 2184 646 2232 summam,
670 2184 787 2238 qua:
808 2168 1085 2223 coniicitur
1103 2184 1167 2222 ex
1191 2170 1455 2234 omnihus,
1480 2170 1685 2224 scilicet
1716 2170 1847 2226 lihe-

262 2260 405 2315 ratio
425 2269 601 2315 nostra
623 2269 677 2315 et
699 2261 993 2314 animarum
1016 2261 1274 2324 omnium,
1294 2262 1587 2317 ctelestiutn
1610 2263 1843 2317 scilicet:

262 2352 358 2407 sed
387 2352 435 2407 id
480 2362 539 2407 ut
571 2353 648 2423 (ὃ)
678 2353 990 2423 plenitudine
1036 2364 1336 2418 temporum,
1384 2368 1502 2407 cum
1558 2355 1845 2424 implentur

263 2452 523 2513 tempora,
548 2444 675 2498 dum
703 2443 835 2497 fiunt
864 2444 958 2497 ista
985 2459 1102 2513 qua:
1128 2443 1195 2498 de
1220 2444 1327 2498 Deo
1353 2444 1608 2515 disposita
1640 2456 1760 2506 sunt
1792 2450 1842 2503 in

263 2531 503 2589 Christo.

333 2622 401 2681 Et
455 2640 541 2693 per
585 2623 838 2680 Christum
880 2634 1164 2681 restaurare
1220 2628 1389 2681 omnia
1440 2629 1492 2682 in
1543 2627 1743 2684 Christo
1797 2639 1843 2685 et

258 2730 373 2785 qua:
390 2716 440 2769 in
464 2714 599 2769 caelis
629 2724 769 2780 sunt,
802 2726 847 2769 et
874 2733 985 2785 qua:
1011 2734 1161 2787 super
1186 2728 1369 2772 terram
1392 2729 1509 2773 sunt
1528 2720 1579 2772 in
1608 2722 1714 2790 ipso
1738 2720 1839 2791 (4).

258 2804 376 2859 Non
405 2805 541 2859 enim
574 2807 749 2863 omnia
782 2815 1152 2863 restaurantur
1180 2826 1297 2879 qua:
1330 2812 1381 2864 in
1412 2808 1626 2863 Christo
1677 2820 1836 2877 sunt,

260 2905 315 2949 ct
361 2909 420 2948 ea
476 2894 587 2964 ipsa
642 2912 761 2968 quas
818 2898 869 2951 in
926 2899 1075 2954 caelis
1120 2908 1263 2964 sunt,
1311 2908 1366 2953 et
1409 2915 1471 2954 ea
1518 2916 1637 2969 quze
1679 2916 1838 2970 supra

260 2992 430 3038 terras
472 2995 629 3052 sunt;
671 2988 761 3041 sed
812 2989 862 3042 itt
911 2988 1127 3043 Christo
1174 3006 1293 3057 quin
1340 3005 1460 3045 sunt
1487 3010 1499 3045 :
1526 3004 1647 3045 sunt
1692 2993 1832 3046 enim

1954 1814 2036 1859 est
2080 1802 2342 1867 Christus,
2390 1802 2529 1872 quod
2584 1801 2677 1855 Dei
2720 1802 2961 1856 voluntas
3012 1812 3093 1855 est
3138 1811 3333 1867 motus,
3386 1802 3525 1871 quod

1953 1896 2093 1948 Deus
2123 1893 2300 1946 omnia
2341 1902 2613 1961 operatur,
2645 1891 2767 1961 quia
2800 1892 2936 1945 Deus
2962 1902 3166 1957 motus,
3211 1900 3262 1945 et
3292 1892 3385 1947 Dei
3438 1908 3529 1944 vo-

1951 1984 2126 2039 luntas
2150 1993 2233 2037 est
2264 1990 2458 2046 motus,
2487 1994 2539 2036 et
2572 1983 2709 2037 Deus
2731 1981 2818 2036 sit.

2019 2076 2181 2130 Vsus.
2218 2077 2304 2129 12.
2333 2106 2399 2115 -
2426 2074 2491 2129 Ut
2515 2076 2670 2127 simus
2695 2076 2745 2127 in
2772 2074 2971 2127 laudent
3002 2074 3177 2143 gloria:
3220 2075 3377 2151 ipsius
3420 2076 3521 2145 (Ι).

1949 2166 2002 2222 Si
2032 2167 2171 2221 enim
2198 2166 2248 2219 in
2276 2169 2443 2234 ipsum
2473 2165 2762 2229 credimus,
2788 2172 2945 2232 atque
2972 2164 3236 2232 Spiritales
3262 2164 3524 2220 efficimur

1947 2259 2218 2330 sequendo
2244 2258 2512 2313 Christum
2542 2300 2557 2323 ,
2596 2258 2796 2311 erimus
2825 2257 2877 2309 in
2906 2256 3113 2309 laudem
3141 2256 3323 2324 gloria:
3358 2258 3522 2326 ipsius

1962 2354 2051 2406 Dei
2082 2352 2165 2421 qui
2206 2362 2321 2404 ante
2360 2350 2671 2420 speravimus
2715 2350 2767 2401 in
2799 2347 3019 2402 Christo.
3056 2347 3309 2402 Ordinem
3354 2350 3516 2403 dedit.

1945 2442 2093 2497 Tunc
2113 2444 2311 2495 erimus
2337 2442 2389 2494 in
2428 2440 2626 2493 laudent
2665 2440 2841 2508 gloria:
2862 2440 3046 2506 ipsius,
3074 2454 3193 2493 cum
3224 2441 3523 2506 speraveri-

1943 2548 2060 2587 mus
2091 2534 2141 2586 in
2175 2533 2421 2585 Christo:
2460 2532 2540 2585 vel
2567 2530 2638 2583 illi
2668 2531 2869 2584 erimus
2896 2530 2947 2582 in
2983 2529 3182 2583 laudent
3220 2530 3399 2600 glorise
3436 2534 3518 2597 ip-

1942 2626 2043 2677 sius
2064 2625 2150 2694 qui
2179 2634 2297 2677 ante
2344 2622 2652 2694 speravimus
2690 2626 2741 2674 in
2788 2618 3010 2674 Cnristo.
3062 2621 3215 2674 Prius
3262 2630 3345 2676 est
3390 2638 3517 2692 ergo

1940 2730 2155 2785 sperare
2182 2716 2229 2767 in
2255 2714 2491 2778 Christo,
2522 2713 2569 2766 id
2596 2723 2677 2767 est
2718 2711 2985 2767 Christum
3013 2714 3182 2782 sequi,
3214 2725 3268 2767 et
3295 2716 3517 2769 credere

1940 2809 2113 2862 omnia
2136 2806 2395 2875 compleri
2428 2820 2583 2876 posse
2612 2820 2639 2858 a
2663 2802 2876 2858 Christo
2902 2806 3158 2873 promissa
3185 2822 3198 2869 ;
3232 2814 3287 2860 et
3312 2806 3388 2860 sic
3414 2808 3515 2862 erit

1939 2914 2294 2969 consequens,
2330 2907 2385 2951 ut
2412 2899 2579 2952 simus
2610 2896 2661 2950 in
2683 2896 2893 2950 laudem
2916 2896 3099 2964 gloria:
3127 2897 3218 2949 Dei
3247 2916 3258 2949 :
3287 2900 3432 2968 quia,
3460 2909 3517 2953 ut

1938 3006 2080 3057 smpe
2100 2989 2233 3054 dixi,
2265 3004 2357 3057 per
2384 2987 2650 3042 Christum
2677 2985 2948 3040 aeternitas
2973 2986 3188 3055 pariter,
3214 3002 3331 3055 qua:
3359 2987 3511 3042 nobis

256 3082 311 3129 et
358 3075 457 3129 alia
511 3087 668 3146 atque
706 3078 899 3133 aliena.
946 3081 1304 3152 Quaecumque
1349 3098 1476 3153 ergo
1523 3083 1574 3137 in
1615 3082 1832 3139 Chrism
1858 3068 1903 3129 (ἶ
1936 3080 2080 3133 salus
2101 3088 2201 3145 est,
2225 3092 2276 3133 et
2303 3078 2390 3132 Dei
2416 3078 2579 3148 gloria
2603 3086 2703 3134 est;
2738 3077 2875 3131 unde
2899 3078 3011 3131 laus
3031 3080 3131 3131 erit
3155 3078 3338 3148 gloria:
3366 3078 3501 3144 ejus.

256 3174 399 3230 sunt,
427 3165 539 3221 hree
577 3177 945 3224 restaurantur
969 3182 1022 3227 et
1065 3183 1364 3243 resurgunt,
1416 3186 1531 3244 quc
1576 3175 1627 3230 in
1673 3177 1825 3231 caelis

256 3271 397 3324 sunt,
429 3261 542 3315 sive
568 3260 620 3314 in
654 3271 815 3317 terra.
845 3261 963 3333 lpse
1009 3266 1147 3317 enim
1181 3268 1343 3328 Salus,
1374 3266 1485 3335 ipse
1533 3269 1825 3335 renovatio,

254 3348 370 3417 ipse
396 3352 776 3406 :cternitas:in
822 3369 927 3422 quo
972 3363 1025 3408 et
1054 3365 1251 3409 sortem
1297 3359 1566 3411 COHSL‘CUll
1618 3372 1823 3413 sumus.

255 3438 404 3504 Quod
442 3440 755 3508 oportebat,
787 3442 1045 3510 adjumtit.
1087 3442 1199 3499 Non
1245 3446 1384 3500 enim
1421 3461 1607 3501 omnes
1642 3450 1825 3516 simul,

255 3530 419 3584 sicubi
449 3530 628 3585 etalio
650 3532 768 3587 loco
794 3533 990 3589 dictum
1019 3552 1031 3589 :
1059 3533 1302 3591 Christus
1347 3537 1605 3606 primum;
1635 3540 1826 3596 deinde

254 3636 378 3686 nos;
411 3622 599 3677 deinde
629 3625 827 3684 caeteri.
863 3626 973 3681 Hoc
997 3642 1076 3683 εει
1107 3644 1233 3698 ergo
1275 3631 1413 3699 quod
1440 3632 1512 3685 ait
1543 3649 1555 3685 :

324 3711 486 3767 Vens.
523 3715 608 3770 11.
640 3745 707 3755 -
736 3714 937 3771 Sortem
968 3721 1222 3773 consecuti
1252 3738 1445 3788 sumus,
1484 3724 1826 3793 praedestinati

254 3805 421 3873 utique
452 3806 726 3859 secundum
751 3809 1065 3878 pr0positum
1087 3813 1195 3878 ejus
1218 3812 1334 3883 (5);
1370 3813 1418 3867 id
1449 3825 1531 3869 est
1568 3817 1686 3884 quis
1719 3833 1825 3887 quo

257 3905 509 3964 tempore,
535 3906 587 3949 et
616 3905 673 3950 ut
693 3913 851 3967 supra
878 3900 1129 3966 diximus;
1160 3901 1294 3957 etad
1318 3903 1696 3972 perfectionem
1724 3908 1826 3961 uti-

253 4003 352 4058 que
370 3989 719 4059 praedestiuati
734 3992 841 4061 jam
857 4007 1115 4047 essemus.
1141 3994 1277 4049 Nihil
1300 3995 1439 4051 enim
1457 4006 1559 4061 est,
1580 3999 1719 4069 quod
1744 4001 1819 4068 lit,

254 4080 387 4149 quod
416 4096 517 4134 non
559 4096 587 4135 a
616 4082 725 4137 Deo
754 4082 1184 4152 prmdestinatutn
1214 4087 1313 4150 sit,
1342 4097 1395 4141 et
1420 4097 1542 4142 ante
1570 4090 1825 4159 quodam-

251 4173 406 4227 modo
437 4173 650 4229 factum.
682 4175 832 4232 Nunc
861 4178 1185 4234 scnsibiliter
1212 4180 1344 4235 fiunt
1368 4198 1483 4253 qua:
1514 4185 1824 4254 spiritaliter

251 4278 281 4317 a
314 4264 419 4319 Deo
450 4274 573 4319 sunt
601 4270 906 4323 constituta.

323 4354 417 4421 Qui
458 4358 691 4412 universa
737 4370 975 4430 operatur
1005 4362 1085 4433 (6)
1120 4364 1396 4417 secundant
1420 4368 1687 4421 consilium
1734 4385 1819 4424 vo-

2003 3173 2162 3225 Vsns.
2219 3172 2301 3226 15.
2337 3201 2404 3211 --
2450 3170 2515 3223 In
2546 3188 2641 3242 quo
2670 3180 2716 3223 et
2746 3187 2850 3236 vos,
2882 3171 3055 3223 audito
3090 3170 3235 3224 verbo
3282 3172 3507 3225 veritatis

1929 3262 2174 3332 evangelii
2216 3263 2395 3316 salutis
2452 3271 2625 3315 vestrm
2816 3262 3117 3327 Descendit,
3170 3278 3234 3317 ne
3283 3278 3507 3331 genera-

1928 3355 2050 3408 liter
2081 3354 2209 3408 illud
2252 3366 2410 3422 atque
2438 3370 2540 3406 non
2572 3353 2852 3408 commode
2887 3353 2964 3407 vel
3009 3355 3211 3407 utiliter
3248 3364 3506 3409 tractasse

1914 3446 2219 3513 .videretur,
2250 3454 2303 3500 et
2327 3446 2552 3501 aliorum
2593 3446 2732 3500 istud
2766 3456 2908 3501 esset
2942 3445 3277 3512 hem-licium,
3318 3462 3421 3499 non
3453 3456 3506 3499 et

1927 3554 2110 3594 eorum
2142 3537 2205 3590 ad
2237 3552 2369 3606 quos
2406 3537 2655 3607 loquitur.
2704 3539 2959 3608 Adjunxit
3002 3537 3256 3607 speciale,
3298 3540 3506 3594 scilicet

1926 3628 2066 3699 quod
2121 3627 2186 3681 ad
2245 3627 2500 3698 Ephesios
2545 3629 2823 3699 epistolam
2876 3630 3073 3683 mittit:
3108 3630 3243 3694 hoc,
3295 3630 3499 3698 inquit,

1926 3722 2083 3774 etiam
2108 3734 2339 3774 vesnum
2367 3732 2480 3786 est;
2510 3738 2629 3775 nam
2655 3732 2709 3777 et
2732 3738 2825 3777 vos
2856 3724 2907 3777 in
2940 3723 3039 3776 hoc
3063 3723 3210 3776 estis.
3256 3723 3389 3791 Quid
3422 3735 3503 3779 est

1924 3820 2100 3865 autem
2123 3812 2171 3863 in
2197 3828 2294 3882 quo
2316 3822 2360 3865 et
2390 3813 2514 3892 nos?
2560 3814 2610 3866 itt
2642 3814 2857 3869 Christo
2884 3814 3105 3869 scilicet.
3151 3815 3286 3881 Quid
3322 3826 3498 3870 autem

1925 3902 1977 3955 in
1998 3901 2196 3954 Cltristo
2218 3902 2242 3955 ?
2266 3903 2405 3973 quod
2434 3904 2611 3957 audito
2630 3906 2773 3959 verbo
2800 3907 3022 3961 veritatis
3048 3908 3290 3978 evangelii
3319 3908 3500 3960 salutis

1924 4003 2119 4059 vestrm,
2151 3993 2308 4049 ﬁdem
2340 3998 2505 4051 secuti
2530 3996 2660 4051 estis
2681 3998 2788 4064 jam
2818 3998 2869 4051 in
2896 3998 3125 4053 Christo.
3164 3999 3227 4052 In
3261 4017 3358 4068 quo
3383 4017 3496 4054 cre-

1924 4085 2095 4138 dentes
2141 4087 2326 4156 signati
2368 4088 2485 4141 estis
2516 4087 2714 4156 Spiritu
2759 4090 3108 4159 promissionis
3156 4102 3352 4144 sancto.
3379 4091 3497 4159 Ipsa

1923 4178 2059 4231 ratio
2086 4176 2473 4233 exhortationis
2493 4220 2508 4245 ,
2543 4180 2855 4250 plerumque
2890 4183 3200 4253 mysterium
3228 4199 3241 4247 ;
3274 4184 3497 4238 credere

1924 4266 1975 4319 in
2000 4264 2292 4332 Christum,
2317 4268 2536 4324 credere
2552 4269 2863 4341 Evangelio,
2889 4271 2991 4327 hoc
3017 4284 3099 4327 est
3123 4274 3285 4327 vet-ho
3309 4275 3497 4328 verita-

1924 4360 2011 4424 tis,
2046 4361 2215 4440 inguit
2245 4379 2257 4413 :
2294 4362 2343 4415 itt
2373 4362 2495 4429 hoc,
2522 4372 2576 4418 et
2605 4379 2698 4419 vos
2725 4365 2983 4420 credentes
3012 4368 3200 4435 signati
3229 4368 3346 4420 estis
3372 4367 3497 4433 Spi-

252 4445 450 4501 luntatis
472 4463 597 4501 sure.
627 4448 725 4515 Qui
766 4452 946 4521 utique
976 4454 1222 4509 universa
1257 4456 1424 4521 Deus,
1455 4458 1653 4528 inquit,
1686 4475 1815 4529 ope-
1844 4447 1894 4506 D
1918 4453 2021 4506 ritu
2062 4455 2409 4521 promissionis
2438 4466 2616 4509 sancto
2647 4476 2659 4512 :
2685 4465 2741 4511 ut
2764 4458 2872 4527 jam
2905 4467 2961 4513 et
2991 4475 3084 4513 vos
3116 4460 3369 4528 Spiritum
3404 4478 3494 4516 re-

248 4548 390 4591 ratur
418 4552 431 4586 :
464 4539 658 4593 etenim
686 4537 929 4595 Christus
960 4544 1051 4598 Dei
1076 4546 1270 4601 virtute
1300 4558 1582 4616 Operatur;
1612 4562 1665 4606 et
1691 4568 1811 4607 cum

250 4640 488 4698 operator
512 4630 625 4699 ipse
655 4632 759 4695 sit,
806 4639 981 4688 tamen
1012 4635 1150 4691 Deus
1183 4652 1275 4707 per
1310 4639 1482 4707 ipsum
1525 4652 1809 4711 operatur:

249 4734 372 4791 ergo
414 4720 557 4776 Deus
600 4730 873 4793 operatur,
920 4734 975 4780 et
1016 4736 1268 4795 operatur
1303 4730 1573 4786 universa.
1627 4733 1813 4788 Omnis

319 4877 409 4961 (1)Δ
432 4878 612 4960 Ῡιιιςά
649 4878 944 4935 Secundum
960 4881 1325 4953 beneplacitum
1362 4886 1491 4957 ejus,
1527 4888 1665 4957 quod
1687 4906 1808 4961 pro-

251 4958 409 5011 posuit
432 4958 481 5002 in
502 4966 577 5003 eo.

317 5018 725 5102 (2.)‘llteenverba
751 5038 763 5073 :
794 5019 993 5102 Ethafe
1014 5034 1088 5102 est
1121 5024 1352 5080 voluntas
1381 5025 1475 5082 Dei
1501 5045 1652 5099 quam
1688 5047 1811 5102 pro-

248 5090 403 5164 posuit
417 5090 480 5164 _in
508 5090 829 5164 itto_,de_sunt
854 5096 909 5164 in
944 5094 1095 5164 Vulg.

314 5158 392 5239 (βξ
417 5158 487 5239 ita
510 5161 664 5239 codd.
687 5160 754 5215 Et
775 5162 987 5239 quidem
1016 5158 1381 5221 ohseurissimi
1402 5166 1665 5239 ferreique
1685 5168 1811 5227 Vic-

248 5230 393 5282 torini
420 5229 614 5295 iamdiu
640 5246 723 5285 me
752 5229 927 5288 taEdet.

313 5297 505 5375 (4)_Sie
529 5299 676 5370 Vulg.
706 5302 922 5375 exhibet
953 5304 1088 5375 hanc
1101 5304 1390 5362 secundam
1417 5317 1621 5375 partem
1655 5325 1800 5366 vers.

251 5367 345 5453 10":
371 5367 665 5453 Instaurare
682 5374 849 5452 omnia
884 5375 937 5428 in
980 5374 1203 5445 Christo,
1224 5367 1571 5447 qutein'cazlis
1611 5390 1658 5434 et
1692 5398 1807 5453 qua:

248 5441 296 5492 in
326 5448 453 5512 terra
472 5450 605 5512 sunt,
636 5441 688 5512 i_n
716 5443 847 5512 ipso.

313 5507 387 5631 (ἢ
414 5508 565 5591 vulg.
594 5527 608 5563 :
640 5508 705 5563 In
732 5507 832 5581 guo
855 5514 1005 5567 etiam
1049 5526 1101 5570 et.
1123 5533 1215 5572 nos
1244 5529 1379 5573 sorte
1411 5521 1572 5576 vocati
1608 5524 1803 5590 sumus,

313 5594 347 5631 ω
382 5581 582 5631 esttnati
602 5582 876 5631 secundum
904 5588 1215 5631 nranmimm
1242 5592 1367 5631 tius.

250 5582 582 5661 prqgestinati
602 5582 876 5661 secundum
902 5588 1215 5661 propositum
1242 5592 1370 5661 ejus.

313 5646 386 5723 (6)
412 5648 564 5720 Vulg.
591 5668 604 5703 :
640 5650 744 5721 Qui
763 5646 1010 5723 operatur
1030 5658 1218 5716 omnia.

1920 4545 2173 4611 ceperitis
2198 4554 2439 4600 Sanctum
2466 4549 2833 4618 promissionis
2864 4550 3079 4605 Christi.
3111 4552 3213 4607 Sed
3242 4553 3492 4622 quoniam

1919 4634 2065 4687 velut
2109 4635 2248 4689 aliud
2276 4647 2358 4689 est
2385 4636 2613 4705 Spiritus
2643 4649 2877 4705 sanctus,
2905 4641 3047 4694 aliud
3094 4640 3363 4707 Christus,
3410 4654 3493 4698 ta-

1918 4741 2038 4780 men
2088 4731 2478 4785 consummatio
2520 4744 2574 4786 et
2625 4734 2876 4803 perfectio
2913 4742 2967 4788 et
3014 4736 3166 4803 plena
3221 4738 3489 4806 llheratio,

1918 4816 2147 4886 Spiritus
2172 4828 2386 4875 sanctus
2412 4832 2514 4876 est.
2545 4821 2747 4892 Signati
2776 4825 2916 4890 estis,
2941 4826 3138 4895 inquit,
3184 4827 3237 4879 in
3288 4828 3491 4898 Spiritu

1911 4920 2083 4964 sancto
2108 4912 2456 4980 promissionis
2482 4913 2622 4969 circa
2645 4929 2705 4968 ea
2728 4930 2847 4985 quae
2878 4917 3142 4983 promissa
3171 4927 3295 4973 sunt
3320 4939 3332 4973 :
3358 4936 3491 4991 quo-

1912 5000 2051 5056 niam
2082 5000 2239 5057 nohis
2264 5003 2494 5073 Spiritus
2523 5016 2740 5060 sanctus
2765 5006 3058 5075 promissus
3089 5016 3170 5063 est
3208 5018 3260 5064 et
3289 5010 3445 5065 datus
3473 5029 3487 5067 :

1912 5102 1967 5148 et
1988 5092 2056 5149 de
2081 5109 2145 5149 eo
2186 5096 2264 5149 sic
2302 5098 2575 5167 sulijungit
2604 5117 2616 5150 :

1982 5183 2143 5239 Vens.
2179 5184 2261 5238 14.
2292 5216 2360 5227 -
2394 5186 2496 5254 Qui
2532 5198 2603 5242 est
2654 5190 2833 5259 pignus
2861 5190 3171 5246 hereditatis
3205 5203 3411 5259 nostra’,
3438 5196 3490 5249 in

1911 5277 2302 5346 redemptionem
2328 5279 2614 5351 adoptionis
2652 5281 2753 5353 (3),
2782 5282 2835 5337 in
2859 5284 3056 5337 Iaudem
3100 5285 3279 5354 gloritc
3306 5287 3486 5354 ipsius.

1986 5453 2066 5527 (i)
2099 5453 2251 5527 Xuig.
2281 5471 2293 5506 :
2536 5458 2643 5527 ejus
2667 5474 2775 5512 nos.

1990 5524 2069 5596 (2)
2106 5523 2256 5596 ως.
2294 5543 2305 5577 :
2340 5523 2403 5578 In
2428 5543 2525 5593 quo
2550 5523 2595 5580 et
2617 5543 2724 5591 vos,
2751 5545 2866 5582 cum
2891 5528 3157 5583 audissetis
3181 5528 3381 5584 verbum
3407 5544 3487 5583 ve-

1912 5592 2086 5670 ritatis
2106 5592 2464 5670 (Eoitngeliunt
2483 5598 2661 5670 salutis
2687 5599 2902 5670 vestrm).

1999 5664 2079 5734 (ὅ)
2109 5664 2288 5734 γυιμ
2315 5666 2678 5735 acquisitionis.
