3950 6206
503 228 640 283 1287

1726 230 1911 285 ΜΑΙὶΙΙ
1954 230 2292 287 VICTORINI
2334 232 2491 287 ΛΡΜ

3599 224 3739 283 ηιιι

500 341 599 411 Qui
628 342 876 412 Spiritus,
908 343 1092 412 inquit,
1118 344 1300 411 pignus
1322 354 1393 397 est
1412 343 1716 398 hteretlitatis
1745 354 1962 399 itoslt'a'.‘
1992 344 2070 414 ip-
2094 348 2145 405 Α
2173 343 2545 411 intelligamus,
2575 342 2787 413 spiritus
2816 342 2962 396 nobis
2987 356 3013 394 a
3047 341 3155 396 Deo
3179 341 3360 405 datur,
3391 338 3487 395 sed
3523 339 3742 409 spiritus

499 451 616 493 sum
636 437 774 491 enim
811 437 963 491 nobis
997 436 1138 489 misit
1161 438 1306 504 quasi
1332 436 1539 507 pignus,
1565 436 1924 493 limreditatem
1966 452 2063 492 nos

499 526 784 597 adepturos
806 543 925 581 esse
949 527 1247 583 etelestium
1269 538 1321 581 et
1347 528 1653 583 aeternitatis
1674 529 1923 597 etglorite
1950 528 2060 582 Dei.

498 615 611 672 Hoc
631 616 771 671 enim
793 618 990 672 dictum
1016 619 1067 677 io
1096 619 1511 686 redemptionem
1536 620 1854 688 adoptionis,
1887 628 1942 672 ut
1970 634 2065 674 nos

498 706 825 761 redimantur
845 706 912 761 ab
944 709 1057 762 istis
1081 709 1359 763 mundanis
1384 710 1714 779 terrenisque
1735 720 1787 764 et
1816 724 2067 777 corpora-

497 797 635 852 libus
658 807 712 853 et
749 800 1053 854 carnalibus
1076 800 1255 863 malis;
1285 810 1339 854 et
1382 802 1705 856 redimantur
1747 803 1796 856 in
1822 803 2063 870 adeptio-

498 906 641 955 nem,
669 900 722 946 et
743 892 831 945 lilii
856 893 1166 959 existamus,
1192 902 1489 961 quaerentes
1512 894 1678 964 magis
1699 894 1922 963 gloriam
1952 894 2062 948 Dei.

498 982 567 1039 Et
586 984 748 1050 gratia
776 994 857 1037 est
877 999 993 1052 qua:
1018 985 1259 1038 meritum
1289 994 1525 1037 nostrum
1552 1002 1567 1037 :
1592 985 1727 1037 ultra
1764 984 1902 1037 enim
1952 998 2064 1038 me-

496 1077 653 1131 ritum
676 1091 866 1129 munus
887 1091 1156 1145 magnum,
1183 1076 1323 1144 quod
1347 1077 1637 1143 accipitur:
1664 1075 1827 1146 gloria
1846 1074 1959 1143 ejus
1986 1083 2067 1129 est

495 1169 583 1238 qui
614 1168 875 1237 praestitit,
908 1183 1009 1220 non
1040 1166 1155 1236 ejus
1183 1169 1269 1236 qui
1293 1171 1515 1235 accepit.

554 1258 711 1313 Vens.
746 1260 829 1314 i5.
848 1258 1046 1312 —Ideo
1075 1269 1119 1311 et
1148 1274 1237 1325 ego
1264 1258 1434 1311 audita
1465 1257 1564 1325 ﬁde
1592 1268 1752 1310 vestra
1774 1257 1823 1309 in
1849 1255 2064 1310 Domino

495 1349 619 1403 Jesu
639 1348 837 1403 Christo
867 1352 964 1421 (ι).
991 1349 1302 1419 Specialiter
1326 1350 1603 1406 descendit
1627 1347 1703 1421 (Et)
1725 1349 1786 1402 ad
1815 1348 2064 1402 exhorta-

498 1440 691 1495 tionem
710 1442 1076 1510 Ephesiorum,
1094 1445 1353 1513 simulque
1365 1458 1483 1497 cum
1506 1443 1588 1496 illa
1604 1440 1980 1499 admonitione,
1998 1454 2062 1493 ne

496 1533 647 1586 aliter
672 1535 919 1587 sentiant.
951 1533 1165 1589 Urbano
1195 1533 1401 1587 dicendi
1427 1547 1621 1603 genere
1648 1532 1839 1596 audita,
1866 1533 2054 1597 inquit,

495 1633 660 1676 vestra
684 1623 785 1691 fide
806 1624 856 1676 in
886 1622 1103 1676 Domino
1127 1624 1249 1677 Jesu
1271 1622 1487 1677 Christo.
1536 1622 1659 1676 limo
1684 1622 1821 1675 enim
1852 1635 2055 1674 summa

2164 436 2458 505 sapientiae.

2236 528 2471 597 Denique
2497 528 2752 599 adjungit,
2783 545 2885 583 non
2916 539 3154 584 nostrum
3178 529 3412 599 probans
3439 544 3561 583 esse
3590 526 3737 598 quod

2166 620 2527 689 intelligimus,
2561 621 2639 674 vel
2672 621 2969 689 intelligere
2998 622 3238 674 nitimur.
3274 620 3416 689 Quid
3452 619 3603 673 enim
3634 617 3744 671 ait?

2166 720 2209 763 et
2230 710 2549 762 reuelationis
2571 710 2622 763 in
2643 710 2894 777 agnitione
2919 693 3046 779 ejus,

2239 799 2398 854 Vens.
2423 799 2509 854 18.
2541 830 2607 839 ——
2632 802 2951 855 illuminatos
2967 802 3148 856 oculos
3167 802 3345 857 cordis
3373 802 3564 866 vestri,
3587 812 3645 856 ut
3666 804 3747 856 det

2167 891 2301 945 vobis
2324 892 2553 958 spiritum
2568 894 2828 959 sapientia
2850 904 2893 947 et
2919 896 3252 949 reuelationis.
3274 895 3506 964 Spiritus
3530 900 3746 966 sapien-

2167 984 2251 1037 tiae
2268 995 2348 1037 est
2373 994 2427 1036 ut
2450 986 2559 1053 ipse
2582 1000 2677 1038 nos
2698 986 2910 1053 Spiritus
2927 988 3073 1041 iaciat
3093 1002 3302 1057 sapere,
3326 990 3450 1043 etin
3474 990 3635 1044 nobis
3657 990 3745 1055 sit,

2166 1082 2220 1127 et
2238 1074 2385 1143 quasi
2410 1090 2505 1129 nos
2527 1076 2621 1144 ipsi
2653 1090 2743 1143 per
2764 1079 3116 1145 nosmetipsos
3163 1078 3453 1146 sapiamus,
3482 1095 3607 1134 cum
3638 1082 3748 1150 spi-

2165 1169 2296 1219 ritus
2316 1180 2411 1219 nos
2444 1166 2598 1221 iaciat
2624 1184 2827 1237 sapere.
2852 1168 3017 1224 Porro
3047 1173 3265 1239 spiritus
3296 1174 3668 1237 revelatioiiis,
3696 1181 3749 1227 ut

2167 1257 2436 1311 reveletur
2458 1260 2608 1312 nobis
2630 1259 2778 1327 quasi
2798 1272 2946 1313 eXIra
2970 1275 3083 1319 nos.
3117 1264 3257 1331 quod
3278 1264 3670 1333 intelligamus,
3699 1276 3749 1319 et

2164 1346 2303 1415 quod
2330 1349 2651 1417 accipiamus
2677 1358 2731 1403 et
2757 1365 3057 1419 sequamur.
3089 1352 3161 1406 Ita
3203 1355 3383 1421 aliquo
3410 1354 3574 1409 modo
3600 1356 3747 1409 aliud

2164 1438 2385 1506 spiritus
2406 1450 2487 1493 est
2506 1441 2800 1510 sapientim,
2816 1441 2954 1495 aliud
2970 1442 3186 1510 spiritus
3206 1446 3575 1499 revelatinnis.
3592 1446 3746 1500 Scia-

2161 1544 2275 1583 mus
2304 1531 2462 1599 igitur
2490 1534 2637 1600 quasi
2668 1532 2874 1586 duobus
2896 1535 3066 1589 modis
3086 1552 3183 1589 nos
3207 1536 3273 1590 ad
3293 1539 3574 1593 veritatem
3596 1550 3648 1593 et
3678 1539 3746 1593 ad

2158 1622 2462 1684 mysterium
2498 1622 2857 1689 plenissimum
2887 1626 3183 1691 pervenire,
3206 1627 3285 1680 vel
3312 1627 3437 1680 dum
3460 1628 3560 1695 ip~i
3588 1628 3747 1682 intel-

494 1728 672 1766 rerum
719 1724 820 1781 est,
868 1714 981 1767 haec
1010 1714 1198 1778 virtus,
1238 1714 1336 1767 hoc
1376 1713 1707 1784 mysterium,
1757 1721 1810 1764 ut
1850 1711 1981 1765 lides
2008 1712 2059 1764 in
2091 1719 2136 1777 Β
2164 1708 2369 1777 ligimus
2416 1709 2599 1773 Deum,
2631 1720 2683 1765 et
2712 1714 2986 1767 scientiam
3006 1714 3073 1769 de
3099 1716 3292 1769 divinis
3320 1718 3741 1785 comprehendi-

494 1802 764 1859 Christum
791 1805 969 1860 Jesum
1000 1807 1085 1861 sit.
1131 1806 1259 1873 Qua:
1286 1822 1371 1859 res
1398 1811 1555 1860 etiam
1596 1804 1723 1857 illud
1760 1804 2061 1857 neces<ario

495 1894 655 1950 habet
681 1906 737 1950 ut
767 1896 1045 1967 diligantur
1075 1912 1261 1950 onmes
1300 1901 1467 1950 sancti
1508 1896 1595 1964 qui
1628 1895 1781 1948 iidem
1814 1896 1865 1947 in
1895 1893 2052 1948 Chri-

495 1998 635 2044 stum
666 2000 1002 2058 sumpserunt
1028 1999 1077 2042 et
1104 1988 1413 2042 sanetiliCnti
1446 1996 1586 2042 sunt.
1623 1987 1695 2040 Ita
1723 1988 1786 2052 is,
1812 1985 1899 2057 qui
1930 1985 2061 2039 lide-

494 2082 559 2137 lis
590 2083 640 2135 in
662 2080 929 2136 Christum
961 2090 1064 2146 est,
1096 2081 1269 2151 diligit
1297 2091 1531 2145 sanctos,
1562 2080 1612 2134 id
1638 2090 1739 2142 eSt,
1766 2078 2062 2132 sanctiﬁca-

497 2184 580 2229 tos
610 2186 675 2227 ex
703 2174 804 2229 lide
826 2173 1025 2228 Christi
1048 2184 1101 2228 et
1122 2172 1374 2243 mysterio
1406 2170 1671 2240 baptismi.
1706 2170 1843 2239 Ergo
1876 2178 1931 2223 et
1964 2184 2061 2238 ego

496 2266 675 2321 auditi
722 2264 821 2318 lide
865 2264 1061 2319 Christi
1108 2273 1161 2317 et
1205 2262 1459 2332 mysterio
1510 2260 1789 2329 baptismi;
1834 2274 1960 2328 ergo
2009 2270 2062 2313 et

496 2373 595 2429 ego
628 2357 704 2429 (⁵5)
733 2357 906 2411 audita
928 2357 1025 2421 ﬁde
1049 2367 1231 2419 vestra,
1262 2368 1354 2407 vos
1384 2355 1542 2421 diligo
1568 2370 1580 2404 :
1603 2352 1779 2405 audita
1800 2353 1957 2405 etiam
1983 2350 2062 2405 di-

498 2451 729 2506 lectione
750 2458 945 2516 vestra,
977 2448 1240 2501 dilatione
1264 2450 1317 2501 in
1342 2456 1560 2511 sanctos,
1584 2459 1797 2514 operam
1825 2444 1982 2507 dabo,
2006 2454 2063 2496 ut

504 2544 701 2611 gratias
730 2557 881 2610 agam
914 2556 1007 2610 pro
1036 2541 1145 2594 Deo
1176 2541 1342 2593 vobis.

570 2633 729 2687 Vens.
776 2632 861 2685 16.
886 2662 956 2672 —
980 2630 1096 2685 Non
1132 2631 1331 2684 cessabo
1364 2630 1439 2699 (4)
1462 2631 1649 2700 gratias
1673 2645 1825 2698 agens
1865 2643 1956 2697 pro
1979 2642 2062 2679 vo-

496 2724 593 2789 bis,
623 2725 910 2777 memoriam
933 2726 1077 2776 vestri
1102 2725 1287 2791 faciens
1310 2724 1358 2775 in
1388 2722 1695 2775 orationibus
1718 2722 1856 2773 meis.
1882 2720 2063 2773 Omnis

494 2818 666 2871 oratio
688 2831 842 2886 quam
872 2816 1075 2886 agimus
1096 2820 1159 2867 ad
1187 2816 1369 2876 Deum,
1401 2825 1488 2869 aut
1511 2814 1575 2867 de
1604 2829 1669 2869 eo
1695 2813 1898 2879 agimus
1926 2810 2063 2879 quod

497 2907 820 2975 accepimus,
851 2918 941 2959 aut
976 2907 1041 2960 de
1063 2921 1127 2961 eo
1152 2915 1206 2959 ut
1241 2896 1556 2971 accipiamus
1594 2902 1805 2971 aliquid.
1842 2900 1905 2954 Et
1929 2916 2060 2969 quo-

495 3000 637 3057 niam
668 3000 858 3066 omuis,
898 2998 987 3067 qui
1018 3006 1165 3053 οιςιιιι
1188 3014 1307 3053 nem
1338 2997 1479 3063 laet,
1512 2997 1679 3066 primo
1712 3009 1805 3063 pro
1835 3008 1892 3047 se
1920 2993 2061 3053 facit,

496 3089 689 3145 deinde
720 3092 800 3159 (5)
842 3106 936 3160 pro
968 3092 1067 3153 bis,
1091 3105 1222 3158 quos
1251 3099 1411 3155 amat,
1446 3091 1521 3141 sic
1560 3087 1631 3140 ait
1656 3088 1846 3140 Paulus
1867 3086 1916 3138 in
1944 3100 2064 3137 ora-
2090 3087 2131 3145 (ἶ

497 3178 641 3235 tione
682 3182 1011 3243 memoriam,
1037 3181 1223 3251 inquit,
1251 3180 1410 3234 vestri
1438 3179 1588 3232 facio.
1617 3178 1752 3245 Ergo
1779 3185 1859 3231 est
1879 3175 2067 3245 princi-

500 3272 633 3340 palis
664 3272 856 3336 oratio,
888 3272 1058 3342 primo
1082 3288 1176 3340 pro
1206 3288 1310 3335 me,
1348 3270 1540 3324 deinde
1580 3269 1737 3323 etiam
1770 3282 1861 3334 pro
1892 3265 2062 3318 vobis.

502 3362 569 3417 Et
613 3363 753 3419 illam
808 3364 1069 3427 duplicem
1108 3380 1317 3417 causam
1364 3364 1628 3432 supponit,
1669 3362 1863 3429 gratias
1904 3371 2065 3426 agens

501 3467 596 3522 pro
624 3453 793 3507 vobis.
827 3452 935 3507 Hoc
970 3453 1037 3507 de
1063 3454 1329 3521 praeterito
1362 3462 1463 3507 est.
1500 3451 1608 3507 Sed
1637 3450 1906 3515 adiunxit:

574 3542 735 3598 Vsus.
787 3545 869 3597 i7.
908 3574 977 3585 —
1003 3543 1233 3614 θεαταὶ)
1259 3544 1460 3597 Domini
1490 3544 1647 3595 nostri
1694 3540 1815 3594 Jesu
1856 3539 2061 3603 Christi,

507 3643 647 3702 pater
675 3635 850 3703 gloria:
870 3635 949 3687 det
969 3635 1101 3689 vobis
1132 3636 1362 3701 spiritum
1377 3635 1651 3704 sapientiae.
1689 3632 1799 3687 Hoc
1822 3632 1975 3699 igitur
2000 3631 2065 3683 de

503 3722 682 3777 l‘uturo
711 3735 811 3789 est,
835 3726 1126 3778 orationem
1157 3724 1331 3779 facere
1370 3740 1487 3777 cum
1516 3724 1686 3793 aliqua
1712 3724 1982 3791 petitione,
2012 3730 2067 3773 ut

500 3829 620 3868 eum
644 3816 694 3867 in
718 3815 984 3871 Cill'iailllli
1008 3817 1246 3880 creditis,
1268 3832 1417 3887 agam
1438 3833 1527 3884 pro
1548 3816 1695 3869 vobis
1718 3817 1911 3884 gratias
1928 3815 2062 3867 Deo:

500 3922 790 3975 rursusque
817 3924 961 3961 orem
993 3917 1046 3961 et
1072 3912 1377 3961 memoriam
1401 3910 1558 3961 vestri
1588 3907 1771 3961 faciant
1798 3907 1848 3958 in
1874 3908 2069 3959 oratio-

502 3999 655 4053 nibus
674 4004 826 4065 meis,
850 4010 907 4053 ιιι
935 4001 1071 4054 Deus
1102 4001 1211 4069 (qui
1243 4002 1403 4053 Deus?
1427 4018 1491 4053 ne
1517 4000 1784 4062 aberrent,
1810 4014 1877 4052 ne
1898 4000 2067 4065 suspi-

502 4099 686 4145 centur
714 4092 837 4157 alia,
863 4091 944 4145 vel
966 4092 1203 4159 gentilia,
1228 4091 1305 4145 vel
1324 4090 1669 4159 Judmorum),
1697 4088 1851 4152 Deus,
1877 4090 2065 4157 inquit,

504 4181 872 4237 Domininostri
886 4181 1005 4237 Iesu
1020 4183 1203 4236 Citriin
1216 4194 1373 4251 pater,
1394 4182 1480 4251 qui
1493 4191 1572 4235 est
1588 4192 1734 4249 pater
1746 4180 1948 4249 gloria}.
1964 4180 2066 4232 Po-

503 4282 603 4329 test
628 4290 753 4343 ergo
768 4288 1065 4344 separatum
1090 4274 1345 4337 videri,ut
1362 4275 1498 4327 Deus
1526 4272 1731 4327 Domini
1756 4272 1920 4325 nostri
1944 4271 2068 4325 Jcsu

502 4362 695 4419 Christi
724 4385 735 4419 :
771 4367 882 4434 ipse
901 4378 980 4420 est
1009 4369 1146 4421 enim
1177 4367 1313 4420 Deus
1333 4366 1550 4419 Christi:
1578 4380 1704 4434 ergo
1733 4373 1786 4418 et
1816 4363 2069 4417 Dominus

2166 1814 2299 1864 mus,
2323 1801 2401 1854 vel
2419 1801 2537 1853 dum
2564 1802 2813 1856 revelatio
2831 1804 3068 1873 qumdam
3084 1814 3182 1867 est,
3204 1806 3255 1860 id
3270 1816 3355 1861 est
3367 1810 3516 1877 quasi
3539 1811 3743 1864 extrinc

2163 1905 2315 1944 secus
2343 1891 2655 1959 admonitio,
2688 1908 2803 1963 qua:
2836 1895 2985 1950 nobis
3012 1897 3246 1950 0~lendit
3274 1898 3437 1952 Demn
3470 1909 3524 1953 et
3562 1900 3737 1954 omnia

2162 1982 2355 2035 divina.
2387 1984 2477 2037 Est
2506 1985 2716 2053 quidem
2749 1988 2883 2056 apud
2914 1988 3166 2056 quosdam
3192 1992 3519 2061 pra‘cipuum
3551 2004 3601 2046 et
3620 2007 3736 2045 ma-

2162 2091 2341 2144 gnum,
2358 2084 2411 2130 et
2428 2080 2572 2146 quasi
2590 2092 2714 2132 vero
2735 2079 2983 2141 vicinum,
3011 2081 3333 2136 revelatioue
3345 2083 3546 2152 aliquid
3565 2083 3734 2152 perci-

2168 2182 2309 2236 pere;
2336 2167 2425 2220 sed
2462 2177 2550 2220 aut
2587 2168 2777 2231 simile,
2820 2177 2910 2223 aut
2937 2172 3137 2239 pararit
3164 2170 3243 2241 (ί)
3276 2172 3451 2226 simile
3491 2175 3652 2244 magis
3679 2182 3734 2227 et

2164 2268 2384 2310 certum.
2406 2258 2538 2311 Cum
2558 2269 2730 2312 autem
2751 2274 2845 2313 nos
2863 2261 3170 2330 sapientiam
3191 2261 3509 2331 accipimus,
3531 2273 3585 2317 ut
3606 2278 3728 2317 uos-

2168 2358 2249 2402 tro
2272 2350 2499 2419 ingenio.
2524 2361 2575 2405 et
2600 2360 2655 2402 ut
2673 2366 2793 2406 vere
2814 2352 3003 2416 dicam,
3038 2354 3551 2422 etquemadmodum
3573 2356 3729 2411 etiam

2167 2440 2251 2495 hic
2272 2442 2500 2511 positum
2529 2450 2610 2495 est
2638 2443 2821 2509 Spiritu
2846 2444 3043 2505 divino,
3068 2459 3186 2513 quae
3212 2457 3335 2500 sunt
3356 2446 3532 2501 divina
3556 2452 3730 2517 capia-

2164 2548 2303 2592 mus,
2333 2532 2471 2585 inter
2495 2548 2590 2587 nos
2610 2536 2810 2587 scilicet
2829 2546 2880 2587 et
2906 2536 3177 2590 nobiscum
3202 2546 3485 2593 tractatum
3507 2541 3615 2609 jam
3636 2542 3725 2593 ha-

2162 2623 2371 2687 bemes,
2413 2635 2466 2677 et
2511 2634 2566 2676 ut
2612 2628 2686 2676 las
2714 2633 2793 2677 est
2822 2626 3017 2687 dicere,
3045 2626 3153 2694 jam
3200 2629 3349 2697 quasi
3396 2630 3587 2699 spiritu
3612 2631 3726 2685 esi-

2164 2722 2355 2767 stente.
2380 2713 2485 2767 Oro
2512 2716 2686 2783 igitur,
2724 2724 2780 2768 ut
2804 2716 2891 2771 det
2924 2716 3075 2771 nobis
3105 2718 3345 2787 spiritum
3374 2722 3648 2791 sapientia:
3675 2732 3729 2778 et

2166 2808 2521 2863 revelationis.
2554 2808 2700 2863 Circa
2730 2824 2883 2877 quam
2916 2825 3050 2875 rem,
3078 2812 3381 2879 Stlbjltﬂlil;
3430 2815 3638 2869 scilicet
3676 2818 3727 2869 in

2165 2901 2429 2967 agnitione
2457 2900 2589 2967 ejus.
2620 2910 2677 2952 ut
2704 2900 2814 2953 lucc
2841 2900 2909 2953 sit
2932 2902 3207 2969 sapientia,
3238 2911 3292 2956 et
3322 2920 3418 2970 per
3446 2906 3562 2958 hare
3586 2921 3729 2959 reve-

2167 2992 2307 3056 latio,
2337 2992 2385 3045 id
2410 3001 2491 3046 est
2514 3002 2567 3045 nt
2586 2992 2746 3046 Deum
2770 3008 3168 3063 cognoscamus,
3195 2994 3591 3067 habeamnsqne
3615 2999 3729 3052 illu-

2165 3086 2389 3139 minatus
2432 3086 2613 3139 oculos
2657 3085 2833 3139 cordis
2874 3087 3010 3142 circa
3050 3088 3141 3141 Dei
3182 3090 3566 3158 cognitionem.
3599 3092 3725 3157 iioc,

2166 3178 2353 3246 inquit,
2381 3192 2563 3245 preciir
2585 3178 2757 3242 vobis,
2780 3187 2836 3231 ut
2854 3178 3030 3232 sciatis
3049 3196 3165 3246 quae
3190 3180 3259 3234 sit
3283 3198 3407 3249 spes
3431 3184 3722 3238 vocationis

2165 3268 2299 3336 ejus,
2333 3283 2450 3336 qua:
2479 3266 2673 3320 divitiae
2700 3269 2878 3337 gloria:
2907 3266 3231 3321 [hereditatis
3260 3270 3376 3337 ejus
3418 3272 3471 3325 in
3515 3275 3728 3329 sanctis.

2167 3359 2329 3411 Deum
2362 3371 2702 3426 cognoscere,
2749 3372 2991 3427 magnum
3035 3358 3247 3428 quidem
3290 3364 3606 3427 prscniium;
3645 3378 3732 3418 ve-

2165 3459 2461 3501 rumtamen
2512 3449 2689 3501 nescio
2728 3447 2867 3517 quod
2916 3464 3132 3517 parvum
3182 3451 3383 3504 homini
3432 3454 3728 3521 prmmium,

2167 3538 2263 3591 nisi
2305 3538 2416 3606 ipse
2446 3538 2640 3607 aliquid
2668 3548 3036 3608 consequatur,
3066 3549 3224 3609 atque
3263 3541 3445 3611 aliquo
3486 3544 3644 3598 modo
3678 3560 3733 3600 se

2167 3629 2351 3681 melior
2381 3628 2485 3681 liat.
2523 3629 2657 3696 Ergo
2687 3639 2827 3696 peto,
2862 3630 3048 3699 inquit,
3078 3640 3136 3684 ut
3159 3632 3378 3700 Spiritus
3409 3634 3561 3687 vobis
3581 3635 3733 3690 detur

2166 3718 2437 3783 sapientia:
2464 3729 2515 3773 et
2546 3719 2883 3773 revelationis
2913 3722 2962 3773 in
2992 3721 3261 3789 agnitione
3292 3723 3431 3791 ejus,
3464 3734 3520 3779 et
3550 3728 3731 3781 oculos

2169 3809 2405 3863 habeatis
2434 3810 2611 3864 cordis
2638 3812 2796 3864 vestri
2826 3812 3169 3867 illuminatos.

2239 3901 2341 3954 Sed
2374 3903 2642 3969 quoniam,
2688 3912 2747 3955 ut
2772 3901 2899 3965 dixi,
2925 3904 3119 3972 agnitio
3157 3906 3247 3959 Dei
3278 3920 3465 3975 magna
3496 3909 3729 3978 quidem,

2168 4006 2324 4061 parva
2357 4002 2528 4044 tamen
2558 3992 2694 4059 apud
2725 4007 2837 4057 nos,
2870 3993 2965 4045 nisi
2993 3993 3182 4049 exinde
3212 3996 3411 4064 aliquid
3437 4000 3732 4067 eapiamus,

2168 4084 2426 4152 adjunxit,
2466 4086 2515 4136 in
2556 4086 2663 4152 ipsa
2697 4086 2783 4139 Dei
2807 4086 3073 4153 agnitione
3100 4088 3225 4155 quid
3267 4091 3437 4158 magis
3474 4092 3735 4162 intelliga-

2170 4176 2265 4240 tis;
2293 4186 2350 4228 ut
2372 4177 2559 4237 sciatis,
2592 4176 2776 4243 inquit,
2806 4192 2917 4243 qua:
2936 4179 2999 4229 sit
3024 4194 3136 4245 spes
3158 4181 3434 4235 vocationis
3461 4185 3591 4252 ejus.
3626 4182 3737 4237 Pri-

2172 4282 2311 4321 mum
2338 4283 2492 4336 quam
2525 4282 2669 4334 spem
2701 4266 2985 4321 habeamus
3015 4269 3190 4323 vocati
3217 4287 3230 4323 :
3263 4270 3461 4326 deinde
3486 4288 3619 4342 quas
3656 4272 3737 4327 di-

2170 4359 2321 4413 vitias
2346 4374 2755 4427 consequamur,
2788 4366 2841 4413 et
2879 4359 3087 4414 divitias
3113 4362 3323 4430 gloriae;
3353 4379 3476 4433 quae
3503 4378 3629 4419 sunt
3651 4365 3738 4420 di-

503 4467 795 4522 nosterest;
814 4461 934 4527 quia
950 4457 1911 4522 Dominusnoster,estChristus;etis
1928 4456 2065 4508 Deus
2093 4449 2147 4508 D
2170 4452 2306 4504 vitia:
2336 4452 2516 4519 glorize
2545 4450 2865 4505 limreditalis
2890 4452 3024 4520 ejus,
3055 4462 3111 4505 ut
3141 4463 3195 4507 et
3220 4454 3441 4522 gloriam
3472 4458 3588 4523 ejus
3616 4474 3737 4513 con-

503 4557 706 4612 nostet‘,
734 4550 819 4618 qui
847 4558 929 4603 est
961 4550 1096 4602 Deus
1138 4550 1341 4602 Domini
1376 4549 1544 4603 nostri
1571 4548 1697 4603 Jesu
1719 4548 1936 4611 Christi,
1978 4547 2063 4613 qui

503 4639 659 4708 longe
687 4650 962 4708 separatus
992 4650 1075 4695 est
1104 4656 1130 4691 a
1165 4642 1271 4694 Deo
1298 4640 1634 4703 Iudaeorum;
1664 4640 1709 4693 is
1740 4640 1871 4707 ipse,
1902 4639 1988 4708 qui
2014 4649 2066 4692 et

506 4741 656 4801 pater
680 4733 879 4803 gloriae.
922 4734 1059 4801 Ergo
1106 4733 1239 4786 lucio
1269 4734 1588 4794 orationem,
1612 4740 1669 4783 ut
1700 4731 1836 4784 Deus
1860 4730 1947 4782 det
1971 4745 2064 4784 vo-

507 4827 587 4881 bis
610 4825 851 4893 spiritum
880 4825 1173 4891 sapientiaz,
1200 4833 1255 4877 ut
1284 4823 1519 4891 sapiulis,
1543 4830 1597 4875 et
1623 4822 1761 4887 quod
1786 4836 1966 4873 verum
1990 4830 2071 4873 est

503 4917 827 4986 intelligatis.
861 4916 926 4970 Et
956 4916 1043 4970 hic
1082 4924 1135 4968 et
1164 4914 1401 4983 plurimis
1440 4915 1491 4967 in
1545 4913 1675 4967 locis
1698 4912 1827 4964 satis
1874 4912 2068 4964 conlir-

505 5018 700 5063 matum
753 5010 986 5078 satisque
1020 5018 1219 5062 certum
1245 5017 1297 5059 et
1322 5006 1716 5058 demonstratur
1752 5010 1806 5055 et
1831 5002 2069 5055 ostendi-

504 5111 609 5167 tur,
656 5101 792 5171 quod
824 5111 880 5155 ut
902 5098 1171 5168 sapiamus
1197 5106 1353 5166 atque
1393 5096 1748 5163 intelligamus
1786 5102 1840 5146 et
1886 5107 2064 5145 verum

572 5215 652 5287 (l)
685 5213 1129 5287 Vulg._ProApterga
1162 5220 1206 5263 et
1237 5227 1326 5281 ego
1371 5209 1580 5263 audiens
1630 5207 1783 5275 [idem
1826 5214 2061 5272 vestram,

500 5281 615 5354 qua:
634 5281 712 5354 ἐει
736 5281 803 5338 ιη’
820 5284 1035 5337 Domino
1060 5281 1205 5346 Iesu.

596 5355 654 5425 2)
682 5352 851 5408 Codd.
876 5354 1130 5425 descendi.

595 5420 650 5495 3)
684 5426 754 5495 Ita
773 5423 1043 5495 repetitur
1073 5423 1122 5476 in
1152 5420 1309 5476 codd.

594 5493 650 5575 ei
685 5493 837 5575 Eu's:
870 5508 1029 5575 esse:

595 5561 651 5631 5)
682 5561 851 5617 Codd.
883 5562 945 5614 de
971 5561 1048 5615 his
1075 5577 1173 5631 pro
1199 5561 1400 5618 deinde.

578 5579 628 5630 ta
682 5579 851 5617 mutu.
883 5579 945 5614 ae
971 5579 1048 5615 ms
1075 5579 1143 5631 pri

578 5579 655 5704 (ὃς
686 5633 839 5701 Vulg.
872 5631 1037 5697 addit,
1069 5641 1143 5687 ut.

2168 4558 2448 4612 sequamur
2476 4551 2528 4595 et
2548 4542 2922 4605 hrereditatem,
2954 4552 3011 4597 ut
3032 4544 3167 4598 inter
3191 4543 3327 4599 lilios
3356 4563 3716 4604 numeremur.

2169 4632 2299 4686 Cum
2328 4634 2468 4686 enim
2510 4633 2559 4685 in
2592 4632 2926 4700 adoptionem
2953 4648 3051 4686 nos
3082 4635 3299 4702 recipiat
3331 4637 3498 4703 pietas
3531 4638 3647 4701 Dei,
3680 4640 3734 4694 in

2170 4724 2505 4792 adoptionem
2564 4722 2791 4776 liliorum
2840 4738 3077 4785 suorum,
3128 4725 3477 4795 hrcredesque
3533 4730 3730 4793 simus;

2171 4815 2408 4867 bznredes
2434 4824 2632 4877 autem,
2661 4828 2764 4867 non
2793 4821 2850 4866 ut
2878 4814 2930 4867 in
2955 4814 3235 4869 mundanis
3256 4826 3357 4879 est,
3386 4833 3450 4871 eo
3473 4829 3731 4887 pererrato

2169 4904 2317 4972 cujus
2344 4906 2462 4973 quis
2495 4905 2664 4959 hmres
2693 4914 2790 4963 est.
2819 4904 2960 4974 quod
2993 4906 3143 4959 nel'as
3186 4907 3457 4962 intellectu
3498 4920 3554 4963 et
3590 4910 3733 4965 dictu

2168 5005 2280 5059 est;
2314 4994 2405 5048 sed
2432 5004 2488 5047 ut
2522 4996 2572 5048 in
2599 4994 2698 5056 bis,
2730 4995 2798 5049 de
2826 4996 2997 5053 bonis.
3027 5008 3081 5050 nt
3106 4997 3191 5066 qui
3223 4998 3464 5054 lia-redes
3489 5010 3615 5055 sunt
3642 5002 3733 5054 lia-

2172 5085 2425 5149 beamur;
2470 5094 2522 5138 ut
2551 5086 2745 5153 quibus
2778 5085 2927 5140 bonis
2960 5088 3094 5140 Deus
3123 5089 3309 5151 utitur,
3340 5088 3529 5144 iisdem
3555 5100 3609 5145 et
3638 5107 3734 5145 nos

2168 5177 2320 5231 bonis
2342 5186 2569 5239 utamur,
2600 5178 2768 5230 simus
2792 5178 2840 5231 in
2864 5178 3050 5245 gloria,
3078 5180 3245 5233 simus
3266 5182 3470 5236 aeterni.
3502 5182 3626 5236 Ha'c
3654 5194 3734 5237 est

2168 5266 2467 5320 lmreditas.
2495 5266 2624 5320 Nam
2654 5278 2706 5321 et
2730 5284 2848 5322 cum
2875 5268 3089 5323 Christo
3118 5272 3431 5327 enlimredes
3455 5289 3657 5337 sumus,
3682 5284 3736 5330 et

2170 5358 2411 5411 Christus
2440 5358 2575 5412 Deus
2599 5367 2714 5412 est:
2738 5374 2863 5429 ergo
2882 5373 3000 5413 cum
3035 5360 3145 5413 Deo
3168 5359 3410 5418 hazredes
3434 5363 3733 5419 divitiarum

2169 5448 2351 5520 gloria:
2380 5449 2495 5517 ejus
2522 5463 2726 5505 sumus.
2757 5449 2859 5507 Sed
2901 5449 3018 5507 haec
3045 5453 3221 5508 omnia
3263 5464 3389 5509 sunt
3426 5456 3477 5510 in
3516 5458 3733 5523 sanctis,

2244 5628 2323 5701 (ι)
2354 5628 2429 5683 Ita
2448 5629 2580 5685 codd
