3950 6206
201 318 356 376 1249

1112 318 1178 375 ΙΝ
1215 318 1590 377 EI’ISTOLAII
1629 317 1831 376 PAULI
1858 320 1949 376 AD
1987 318 2313 376 EPHESIOS
2362 320 2562 377 LIBER
2600 320 2640 376 I.

3332 316 3471 374 1250

202 433 262 489 id
287 443 377 490 est
400 434 450 488 in
482 434 564 491 his
588 437 677 507 qui
698 436 1008 493 sanctificati
1033 444 1158 491 sunt
1179 438 1451 509 mysterio,
1477 436 1673 492 Christi
1700 452 1794 491 no-
1821 440 1874 500 Α
1899 436 2071 506 Supra
2109 453 2327 503 omnem,
2361 436 2550 506 inquit,
2592 436 2969 504 principatum;
3017 440 3073 487 ιιι
3114 431 3289 487 nullus
3330 432 3469 489 alius

205 529 388 582 mine.
419 528 860 584 Probatissimum
895 530 995 584 hoc
1024 544 1151 599 ergo
1176 538 1299 599 peto
1320 541 1376 583 ut
1398 530 1789 593 illumincmini,

208 626 269 673 et
297 619 483 673 sciatis
513 619 613 675 hoc
640 635 885 688 magnum
910 620 1243 680 beneﬁcium.
1280 631 1335 675 ut
1361 622 1604 688 impiarel
1628 632 1680 675 et
1707 637 1793 675 ro-

209 718 330 779 get,
378 718 433 764 ιιι
464 711 614 765 nobis
644 711 890 766 adventet
926 712 1165 779 spiritus,
1196 713 1283 781 qui
1326 728 1423 766 nos
1452 712 1551 767 hoc
1584 712 1792 767 doceat.

210 798 285 854 Et
334 814 437 855 nos
462 800 671 871 quidem
715 816 810 871 pro
841 802 992 857 nobis
1032 803 1336 873 frequenter
1372 803 1472 858 hoc
1517 804 1746 872 petimus
1779 821 1792 856 :

208 904 407 945 verum
455 908 558 946 non
602 907 821 962 parvum
854 893 1164 948 beneﬁcium
1210 904 1424 962 pra'stat
1458 896 1546 949 ille
1574 894 1663 962 qui
1688 895 1792 963 jam

210 982 476 1036 emeritus
509 982 715 1037 Domini
741 994 794 1038 ει
820 983 1184 1039 sanetilicatus
1214 994 1313 1038 est.
1343 984 1483 1039 Idetn
1515 986 1685 1053 ipsum
1719 999 1797 1039 ro-

212 1085 306 1144 gat
322 1074 478 1129 nobis
498 1077 774 1144 provenire
793 1075 932 1146 quod
956 1090 1052 1131 nos
1064 1076 1303 1146 cupimus
1321 1085 1373 1132 ει
1396 1092 1657 1146 rogamus.
1685 1077 1796 1134 lloc

212 1180 352 1236 ergo
378 1164 625 1236 Ephesiis
659 1183 718 1222 se
761 1168 839 1239 (I)
874 1179 1127 1236 praestare
1171 1169 1364 1223 Paulus
1390 1179 1792 1225 commemorat.

293 1256 460 1313 Vens.
511 1257 598 1321 i9,
628 1257 717 1313 20.
770 1287 841 1299 --
873 1257 938 1311 Et
980 1275 1092 1329 qua:
1118 1260 1182 1313 sit
1232 1259 1511 1314 sublimitas
1540 1262 1795 1331 magnitu-

216 1350 359 1404 dinis
387 1351 582 1404 virtutis
612 1354 720 1421 ejus
746 1351 799 1405 in
826 1368 911 1404 vos
937 1353 1024 1420 qui
1064 1354 1347 1407 credidistis
1372 1355 1642 1407 secundum
1676 1370 1796 1421 ope-

216 1443 468 1495 rationem
500 1441 753 1510 potestatis
790 1442 988 1496 virtutis
1028 1446 1157 1514 ejus.
1185 1460 1335 1511 quam
1375 1454 1613 1511 operatus
1639 1455 1709 1498 est
1740 1445 1792 1497 in

220 1534 427 1589 Christo
454 1533 555 1605 (2).
589 1533 716 1601 Hoc,
752 1534 943 1604 inquit,
974 1534 1026 1588 in
1054 1536 1383 1590 orationibus
1409 1538 1541 1591 meis
1568 1546 1711 1605 peto,
1742 1547 1793 1591 ut

219 1627 304 1679 det
345 1625 481 1679 vobis
509 1626 740 1689 spiritum
764 1626 1029 1695 sapientia:
1057 1636 1103 1678 et
1128 1626 1443 1681 reuelationis
1470 1644 1488 1680 :
1520 1627 1643 1681 item
1673 1635 1794 1697 peto

218 1729 283 1774 ut
326 1719 508 1774 sciatis
550 1735 669 1789 quae
704 1719 773 1775 sit
810 1733 932 1789 spes
961 1720 1273 1784 vocat'onis,
1306 1735 1425 1789 qure
1472 1719 1697 1784 divitia‘;
1742 1728 1795 1774 et

1894 530 2163 599 princeps,
2205 530 2316 583 sive
2346 528 2645 582 mundanus
2674 528 2786 581 sive
2826 541 2981 595 supra
3023 525 3299 589 mttndum,
3329 540 3465 578 non-
3546 584 3553 590 ,

1895 620 1995 674 nisi
2025 620 2243 673 inferior
2263 618 2476 673 Christo
2504 620 2591 673 sit.
2626 617 2694 672 Et
2714 634 2870 686 supra
2892 633 3113 681 onmem,
3149 617 3338 687 inquit,
3370 632 3465 688 po-

1894 721 2141 776 testatem,
2173 718 2226 765 et
2261 726 2421 780 supra
2446 727 2645 763 onmem
2680 712 2935 775 uirtutem,
2965 724 3121 778 supra
3151 726 3347 764 omnem
3376 710 3469 763 da-

1895 804 2241 868 miuationem,
2272 814 2328 857 et
2355 819 2511 870 supra
2534 818 2680 856 omne
2705 818 2902 856 nomen.
2934 800 3084 869 Quod
3116 803 3350 855 nomen?
3386 801 3468 856 vel

1896 896 1946 949 in
1997 907 2159 961 terra,
2208 896 2256 949 id
2295 906 2374 949 est
2406 896 2457 949 in
2499 896 2719 961 ειιυςιιΙο,
2756 894 3119 959 nominatum;
3149 895 3230 947 vel
3279 894 3330 947 in
3368 892 3470 948 hoc

1895 987 2116 1052 mundo,
2146 988 2228 1043 vel
2250 989 2410 1043 etiam
2436 984 2486 1041 itt
2516 988 2713 1042 futuro.
2740 988 2868 1043 Item
2892 987 3017 1058 quid
3045 996 3127 1042 est
3154 987 3295 1057 quod
3335 1000 3471 1056 prte-

1896 1080 2207 1151 stitit?qnod
2226 1081 2401 1135 omnia
2425 1080 2651 1150 subjecit
2671 1081 2895 1151 pedibus
2916 1080 3120 1151 ejus,et
3138 1078 3276 1149 quod
3298 1079 3468 1147 ipsum

1894 1173 2041 1228 dedit
2065 1184 2220 1241 caput
2250 1189 2369 1228 esse
2393 1188 2551 1242 supra
2579 1188 2791 1228 omnem
2824 1172 3149 1227 Ecelcsiam:
3174 1186 3331 1241 quam
3354 1169 3470 1240 qni-

1895 1266 2013 1322 dem
2060 1267 2268 1333 delinit,
2314 1277 2372 1322 ut
2408 1267 2763 1337 intelligamus
2791 1268 2917 1338 quid
2959 1268 3028 1322 sit
3066 1266 3308 1322 Ecclesia
3350 1280 3471 1334 quae

1894 1372 2085 1428 corpus
2129 1368 2211 1414 est
2255 1359 2422 1423 illius;
2464 1358 2517 1415 id
2564 1368 2648 1413 est
2695 1375 2813 1429 qua:
2852 1359 3090 1414 membra
3135 1358 3310 1412 omnia
3346 1365 3473 1411 sunt

1894 1446 2111 1513 Christi,
2162 1450 2395 1505 Ecclesia
2437 1459 2545 1513 est;
2586 1450 2704 1519 quia
2746 1449 2857 1518 ipsa
2902 1448 3162 1518 plenitudo
3202 1451 3334 1520 ejus,
3378 1449 3469 1518 qui

1894 1541 2072 1595 omnia
2105 1542 2156 1595 in
2188 1541 2434 1595 omnibus
2462 1540 2805 1610 aditnplelur.

1970 1630 2091 1684 Ilaec
2130 1645 2257 1700 ergo
2280 1645 2401 1686 cum
2430 1631 2737 1700 praestiterit
2767 1630 2906 1686 Deus
2936 1638 3083 1685 tanta
3124 1639 3177 1686 et
3217 1639 3323 1686 tam
3362 1645 3474 1685 ma-

1895 1724 2081 1792 gnifica
2109 1722 2341 1788 Christo,
2389 1736 2439 1778 et
2487 1724 2785 1793 impleverit
2820 1724 2959 1780 circa
3003 1723 3271 1778 Christum
3313 1739 3470 1793 quem

221 1795 354 1866 item
404 1822 460 1865 ut
494 1812 673 1866 sciatis
720 1826 838 1880 qua:
890 1811 958 1864 sit
986 1810 1303 1865 sublimitas.
1362 1810 1593 1880 Exponit
1632 1812 1795 1880 ipsam
1828 1813 1875 1872 B
1904 1816 2256 1881 resnscitavit,
2290 1831 2474 1885 magna
2524 1818 2704 1887 utique
2733 1818 2973 1886 operatio
3003 1818 3279 1887 potestatis
3308 1818 3475 1871 virtu-

221 1905 601 1960 sublimitalcm
632 1922 645 1958 :
677 1904 1057 1974 magnitudinis,
1092 1905 1276 1974 inquit.
1302 1904 1405 1960 Sed
1429 1920 1547 1973 qua:
1577 1912 1660 1959 est
1699 1906 1795 1957 ista

223 1996 571 2068 magnitudo?
608 1998 801 2050 uirtutis
827 1996 1035 2066 adjecit.
1065 1995 1196 2050 Item
1233 2012 1349 2066 qum.
1375 2003 1459 2052 est
1479 1997 1574 2050 ista
1596 1996 1798 2050 virtus?

223 2104 346 2160 qua?
373 2098 456 2145 est
507 2089 557 2142 in
589 2087 757 2152 vobis,
784 2098 875 2143 aut
917 2089 967 2141 in
998 2103 1114 2153 vos,
1144 2087 1286 2158 quod
1318 2086 1469 2141 Vobis
1497 2088 1637 2141 illam
1667 2102 1794 2156 prae-

224 2190 353 2236 stat.
380 2181 510 2249 Qua:
536 2191 616 2236 est
644 2194 818 2235 autem
854 2181 963 2251 ipsa
992 2182 1161 2236 virtus
1195 2195 1350 2251 quam
1373 2180 1524 2235 vobis
1547 2180 1797 2249 praestat?

224 2285 285 2329 ut
312 2273 543 2330 credatis
562 2276 613 2329 in
641 2289 763 2329 cum
788 2283 841 2327 et
866 2272 1097 2328 credatis
1117 2272 1406 2327 secundum
1434 2272 1797 2341 operationem

224 2366 505 2436 potestatis
530 2365 740 2420 virtutis
767 2366 901 2434 ejus.
935 2364 1095 2418 Multa
1120 2374 1300 2417 autem
1326 2364 1568 2433 operatio
1590 2372 1673 2418 est
1694 2363 1801 2417 vir-

224 2457 356 2511 tutis
385 2457 475 2511 Dei
504 2473 516 2508 :
550 2458 745 2512 etenim
775 2454 1029 2526 quidquid
1059 2470 1154 2525 per
1178 2453 1447 2509 Christum
1472 2453 1668 2509 factum
1693 2463 1792 2519 est,

224 2548 378 2619 quasi
417 2548 654 2617 operatio
684 2546 879 2602 Christi
912 2555 1013 2611 est,
1049 2555 1104 2600 ut
1139 2545 1366 2602 mundus
1399 2556 1451 2600 et
1481 2546 1653 2599 omnia
1682 2560 1801 2614 qua:

225 2653 280 2696 ct
310 2657 407 2711 per
434 2658 551 2695 eum
580 2641 713 2695 facta
736 2650 878 2695 sunt.
908 2640 1106 2695 Tamen
1134 2641 1372 2711 operatio
1397 2638 1488 2693 Dei
1513 2654 1633 2693 vera
1658 2646 1800 2693 certa

226 2734 493 2803 simulque
522 2734 820 2804 magniﬁca,
848 2750 1003 2803 quam
1033 2743 1282 2802 operatus
1303 2741 1385 2786 cst
1413 2732 1463 2784 in
1486 2730 1720 2784 Christo.

299 2827 582 2895 Sultju.tgit
619 2838 795 2880 autem
833 2842 949 2891 qua:
990 2826 1057 2880 sit
1098 2825 1185 2878 illa
1226 2822 1465 2892 operatio
1512 2822 1605 2876 Dei
1643 2836 1799 2891 quam

228 2929 478 2989 Opemtus
506 2918 556 2972 itt
602 2918 816 2972 Christo
855 2929 933 2972 est
965 2917 1213 2970 suscitans
1250 2916 1395 2969 illum
1423 2931 1453 2967 a
1484 2914 1712 2980 mortuis,
1756 2922 1803 2967 et

230 3013 533 3068 constituens
562 3011 708 3065 illuni
738 3012 789 3065 in
815 3011 1023 3067 dextera
1045 3012 1096 3065 in
1123 3012 1259 3065 caelis
1284 3010 1383 3079 (Pi).

300 3106 465 3161 Vsus.
482 3105 544 3160 ‘2!
561 3147 575 3171 ,
591 3106 681 3168 ‘22,
695 3105 785 3159 25.
801 3135 871 3147 -
885 3104 1057 3171 Supra
1077 3121 1272 3157 omnem
1292 3102 1636 3173 principatum
1655 3110 1702 3154 et
1722 3117 1806 3172 po-

1900 1905 1965 1960 tis
1993 1906 2107 1972 ejus
2135 1915 2236 1972 est,
2262 1921 2421 1977 quam
2455 1906 2536 1977 (I)
2580 1918 2663 1962 est
2704 1917 2953 1977 operatus
2980 1908 3029 1961 in
3071 1906 3303 1963 Christo.
3332 1908 3474 1976 Quo-

1900 1998 2041 2052 niam
2068 2013 2256 2053 sensus
2285 2008 2525 2066 apparet,
2568 2007 2621 2053 et
2649 2014 2853 2053 summa
2883 1998 3154 2064 dictionis,
3198 2013 3340 2053 nunc
3367 2000 3475 2053 sin-

1898 2090 2017 2160 gula
2070 2100 2437 2146 retractemus.
2486 2089 2751 2145 Suscitans
2794 2091 2944 2145 illum
2996 2108 3028 2144 a
3076 2090 3283 2144 mortuis
3333 2090 3471 2157 quod

1898 2184 2072 2255 palam
2100 2194 2327 2252 gestum,
2370 2183 2617 2254 quodque
2638 2183 2885 2239 omnibus
2930 2183 3247 2239 tesdmoniis
3270 2184 3473 2239 clarum

1899 2285 2002 2340 est,
2050 2276 2187 2330 Deus
2229 2275 2495 2330 Christum
2525 2275 2730 2341 Jesum,
2776 2276 2862 2347 qui
2895 2276 3069 2330 fuitin
3113 2291 3294 2341 carne,
3326 2290 3473 2331 mor-

1903 2378 2045 2421 tuum
2074 2368 2205 2422 etin
2250 2382 2409 2422 cruce
2452 2367 2716 2422 sublatum
2748 2367 3080 2422 resuscitavit
3118 2368 3276 2422 tertio
3317 2366 3402 2422 die
3444 2382 3474 2422 a

1901 2461 2142 2512 mortuis.
2192 2457 2337 2513 Licet
2379 2457 2605 2527 simplici
2647 2458 2919 2513 intellectu
2951 2458 3189 2529 mystcrii
3233 2459 3368 2513 ratio
3407 2458 3478 2513 sit

1902 2553 2199 2621 magnilica,
2254 2562 2426 2606 tamen
2476 2550 2785 2606 suseitatum
2833 2565 2950 2605 esse
2980 2567 3010 2604 a
3056 2552 3299 2616 mortuis,
3344 2550 3476 2605 nihil

1902 2642 2077 2712 egisse
2122 2653 2345 2697 mortem
2386 2643 2550 2707 illam,
2582 2657 2739 2712 quam
2772 2641 3013 2695 homines
3057 2641 3341 2707 sustinent,
3388 2640 3477 2696 vel

1904 2750 1999 2804 per
2039 2734 2369 2799 violentiam,
2400 2734 2484 2788 vel
2514 2748 2606 2802 per
2634 2733 2870 2803 corporis
2891 2733 3284 2797 necessitatem,
3312 2732 3477 2786 Deum

1905 2828 2005 2883 hoc
2045 2826 2343 2891 sustulisse,
2385 2836 2444 2881 ut
2488 2840 2633 2881 mors
2667 2840 2770 2879 non
2804 2825 3025 2890 valeret,
3066 2840 3253 2894 magna
3295 2826 3479 2893 utique

1906 2920 2073 2973 virtus
2098 2920 2209 2983 Dei,
2236 2932 2423 2987 magna
2446 2926 2702 2987 potestas,
2727 2931 2909 2986 magna
2934 2915 3193 2985 operatio.
3221 2915 3324 2971 Sed
3345 2930 3481 2985 quo-

1907 3012 2048 3064 niam
2080 3026 2220 3078 $33th
2249 3010 2328 3062 vel
2352 3008 2476 3078 quid
2505 3009 2569 3061 sit
2592 3007 2857 3072 Christus,
2884 3006 2965 3061 vel
2990 3007 3113 3075 quid
3143 3008 3210 3061 sit
3240 3008 3288 3061 in
3318 3023 3479 3063 carne

1907 3101 2053 3155 illtttn
2101 3116 2242 3166 esse,
2289 3100 2369 3154 vel
2403 3100 2525 3169 quid
2569 3100 2636 3152 sit
2676 3100 2725 3152 in
2764 3114 2974 3153 crucem
3016 3099 3162 3153 illum
3210 3099 3478 3155 sublatum

230 3208 454 3253 testatem
484 3207 529 3250 et
570 3198 800 3250 virtutem
824 3206 871 3249 et
914 3196 1322 3257 dominationem,
1356 3203 1398 3247 et
1444 3209 1589 3246 onme
1629 3208 1807 3245 nomen
1833 3178 1877 3240 C
1910 3207 2050 3256 esse,
2078 3192 2162 3246 vel
2190 3191 2407 3260 quidsit
2436 3190 2803 3244 resuscitatunt
2830 3204 2971 3253 esse,
3004 3190 3200 3259 smpius
3224 3188 3478 3257 diximus,

229 3292 363 3363 quod
390 3290 674 3343 nominatur
698 3306 798 3342 non
824 3287 988 3342 solum
1014 3289 1065 3340 in
1096 3288 1189 3340 Itoc
1210 3286 1394 3341 stt'culo
1420 3301 1438 3339 :
1466 3285 1553 3338 sed
1581 3283 1727 3336 etiam
1756 3284 1807 3335 in

231 3387 425 3453 futuro,
447 3390 493 3434 et
513 3380 683 3434 omnia
702 3381 910 3449 subjecit
929 3380 1019 3433 sub
1046 3380 1253 3448 pedibus
1274 3382 1404 3450 ejus,
1428 3386 1473 3430 et
1494 3378 1657 3444 ipsum
1675 3376 1809 3427 dedit

233 3485 382 3544 caput
403 3489 551 3545 super
572 3488 767 3525 omnem
792 3470 1097 3533 Ecclesium,
1120 3486 1230 3536 qua:
1253 3479 1322 3521 est
1339 3483 1521 3537 corpus
1546 3466 1682 3518 illius
1704 3463 1806 3536 (ι),

234 3566 491 3639 plenitudo
538 3567 646 3635 ejus
672 3560 773 3633 (ὅ),
802 3561 886 3630 qui
912 3561 1081 3614 omnia
1115 3559 1165 3612 in
1212 3558 1440 3611 omnibus
1480 3557 1805 3624 adimpletur.

237 3654 551 3719 Secundum,
572 3654 764 3723 inquit,
780 3652 1118 3721 operationent
1132 3653 1389 3718 potestatis
1403 3648 1597 3702 virtutis
1614 3646 1702 3700 Dei
1717 3660 1811 3700 vos

233 3749 556 3807 credidistis.
577 3748 855 3802 Estantcm
876 3745 1113 3813 operatio
1130 3743 1341 3797 virtutis
1355 3741 1465 3797 Dei.
1482 3741 1810 3809 Quamquam

239 3843 290 3896 in
321 3838 578 3910 principio
604 3838 693 3893 illa
717 3840 787 3894 sit
808 3838 1019 3892 misisse
1045 3835 1337 3899 Christum,
1367 3833 1448 3888 vel
1476 3833 1563 3887 illa
1599 3841 1813 3900 pr0pter

235 3932 441 3988 animas
466 3930 760 4001 subjectum
793 3928 1045 3983 mundum
1076 3929 1295 3991 fecisse;
1327 3925 1574 3995 qu0niant
1619 3923 1719 3977 hoc
1761 3930 1814 3976 ει

237 4026 397 4080 altum
425 4033 478 4078 et
508 4022 837 4077 reconditum
875 4020 943 4075 ah
976 4020 1055 4073 bis
1086 4019 1250 4072 rebus
1278 4033 1397 4087 qua:
1426 4026 1610 4085 aperte
1645 4013 1814 4066 mani.

236 4115 388 4171 festae
416 4124 569 4179 sunt;
599 4113 795 4181 quippe
823 4126 941 4181 qua:
967 4120 1131 4180 gestze
1160 4109 1237 4179 (6)
1267 4118 1411 4172 sunt,
1440 4116 1494 4161 ct
1523 4115 1686 4176 gestae
1716 4119 1811 4156 uu-

239 4223 352 4278 per,
383 4216 437 4261 et
473 4218 595 4259 ante
621 4206 805 4260 oculos
830 4202 1005 4257 adhuc
1040 4212 1339 4255 versantur.
1376 4200 1502 4254 lude
1533 4196 1694 4251 sumit
1720 4212 1815 4250 ex-

240 4299 557 4369 positiOnem
583 4296 791 4351 virtutis
816 4296 928 4359 Dei,
948 4310 1103 4365 quant
1127 4302 1381 4363 cperatus
1403 4302 1485 4347 est
1507 4292 1558 4345 in
1580 4291 1811 4345 Christo.

240 4394 365 4460 Quae
393 4394 482 4447 illa
511 4393 629 4447 est?
653 4408 719 4447 ex
745 4389 1150 4445 resuscitatione
1178 4404 1205 4440 a
1238 4386 1483 4441 mortuis.
1515 4387 1646 4440 Cum
1671 4384 1813 4438 enim

240 4486 574 4543 resuscitavit
608 4500 637 4538 a
680 4484 902 4539 mortuis
936 4481 1229 4545 Christum,
1265 4494 1421 4549 quam
1468 4480 1651 4547 utique
1681 4475 1813 4529 vidi-

1912 3284 2011 3338 boc
2058 3283 2290 3337 breviter
2325 3282 2673 3336 admonemus
2712 3298 2724 3333 :
2778 3296 2897 3333 nam
2946 3281 3180 3351 mystcrii
3228 3280 3480 3350 plenioris

1910 3378 2067 3440 ratio,
2118 3386 2170 3432 ει
2200 3392 2227 3428 a
2271 3375 2425 3429 nobis
2454 3375 2506 3428 in
2547 3373 2629 3427 bis
2678 3373 2827 3429 libris
2856 3388 2997 3441 εωῃο
3043 3382 3262 3427 tractata
3292 3382 3394 3439 est,
3427 3380 3483 3426 et

1910 3471 2031 3526 alibi
2057 3471 2262 3539 plenius
2285 3469 2564 3536 explicata.
2609 3468 2707 3520 Per
2731 3464 3027 3529 Christum,
3061 3464 3109 3519 id
3144 3475 3227 3521 est
3254 3480 3346 3534 per
3371 3463 3482 3533 spi-

1912 3564 2068 3615 ritttm
2100 3568 2361 3614 recreatas
2390 3559 2594 3611 animas
2619 3567 2673 3612 et
2700 3558 2947 3611 liberatas
2977 3572 3119 3621 esse,
3164 3565 3220 3610 ut
3250 3556 3301 3609 in
3332 3571 3480 3609 suam

1911 3652 2170 3723 originem
2222 3659 2637 3714 reverterentur,
2687 3657 2739 3704 ct
2789 3660 2999 3717 peccata
3050 3649 3379 3711 tollerentur,
3430 3647 3482 3702 in

1912 3761 2028 3815 qua:
2060 3745 2218 3812 lapsa:
2248 3742 2437 3796 anima:
2464 3741 2693 3796 fuerant.
2741 3740 2998 3806 Quoniam
3032 3751 3206 3793 autem
3240 3739 3485 3795 homines

1914 3837 2089 3889 vivere
2111 3851 2213 3888 nou
2240 3843 2479 3904 poterant
2505 3848 2597 3902 per
2620 3832 2796 3886 carnis
2820 3830 3260 3895 imbecillitatem,
3291 3828 3486 3885 missus

1914 3936 1995 3982 est
2018 3927 2283 3992 Christus,
2317 3925 2365 3979 id
2391 3934 2472 3980 est
2500 3924 2737 3993 spiritus,
2770 3934 2820 3978 ct
2854 3921 3220 3991 intelligentia,
3253 3929 3304 3974 et
3334 3936 3486 3975 reve-

1915 4019 2189 4083 Iationum,
2223 4018 2457 4071 omnium
2486 4016 2781 4070 divinarum
2812 4031 3013 4080 rerum,
3041 4025 3094 4068 et
3121 4016 3241 4067 vita:
3272 4023 3485 4066 mtcrua:

1914 4109 2153 4178 Spiritus,
2180 4118 2237 4162 ut
2275 4124 2368 4178 per
2408 4110 2523 4177 ejus
2567 4107 2903 4177 mysterium,
2935 4113 2989 4160 et
3034 4120 3126 4174 per
3153 4102 3484 4172 corporalem

1916 4212 2139 4255 mortem
2165 4200 2491 4255 resuscitatzn
2516 4201 2705 4253 anith
2731 4196 2796 4251 ad
2823 4199 3067 4251 virtutem
3101 4195 3372 4249 caelestem
3403 4209 3489 4248 rc-

1916 4294 2093 4347 dirent
2126 4312 2138 4345 :
2173 4292 2434 4361 simulque
2463 4306 2647 4361 passus
2679 4300 2903 4344 mortem
2935 4289 3107 4342 crucis
3141 4286 3406 4351 Christus,
3435 4294 3489 4340 et

1916 4384 2371 4440 rcsu~citationem
2421 4400 2450 4437 a
2504 4392 2652 4452 patre
2697 4382 3012 4451 suscipiens,
3066 4379 3344 4449 imaginem
3395 4392 3492 4446 per

1919 4474 2227 4544 mysterium
2252 4475 2518 4545 pra-heret
2540 4475 2730 4528 animis
2758 4473 3004 4526 omnibus
3035 4470 3099 4523 ad
3126 4468 3493 4524 resuscitatio-

242 4596 379 4644 mus,
420 4594 609 4648 magna
656 4579 837 4646 utique
884 4575 1124 4644 operatio
1165 4585 1244 4629 est
1290 4573 1567 4642 potestatis
1606 4570 1816 4623 virtutis
1842 4554 1892 4614 Ῑ)
1919 4583 2061 4621 nem.
2094 4566 2285 4621 Verum
2316 4567 2449 4632 haec,
2478 4576 2529 4619 ut
2554 4565 2707 4631 dixit,
2736 4575 2789 4619 et
2815 4564 2992 4634 aliquo
3022 4573 3279 4631 tempore.

243 4674 354 4728 Dei.
408 4671 606 4726 Deinde
651 4669 765 4725 hzec
805 4685 923 4739 quae
950 4677 1236 4723 consecuta
1279 4673 1401 4719 sunt
1433 4674 1613 4733 postea
1655 4678 1814 4732 quam

242 4766 517 4821 suscitavit
558 4778 585 4815 a
618 4762 863 4826 mortuis,
901 4760 1176 4814 constituit
1218 4758 1364 4811 illum
1394 4758 1444 4809 in
1475 4756 1693 4809 dextera
1722 4770 1815 4808 sua

244 4858 294 4911 in
327 4855 496 4911 C(PIlS.
536 4855 774 4924 Magnum
807 4853 990 4922 utique
1017 4850 1141 4915 hoc,
1179 4859 1379 4903 tantum
1420 4846 1679 4901 honorem
1719 4845 1810 4899 dc-

244 4953 407 5017 disse,
436 4959 633 5005 tantam
660 4948 1012 5015 majestatcm,
1044 4954 1099 4998 ut
1128 4952 1182 4998 et
1211 4944 1261 4997 in
1292 4941 1441 4997 etelis
1468 4956 1588 4994 eum
1621 4940 1819 4992 consti-

246 5052 437 5109 tueret,
464 5043 587 5099 etin
609 5040 822 5096 dextet‘a
845 5054 937 5093 sua
965 5037 1337 5092 constitueret.
1365 5034 1557 5089 Parum
1584 5031 1685 5086 hoc
1704 5039 1817 5085 est:

346 5200 395 5267 I)
434 5196 603 5252 Codd.
632 5194 852 5267 Ephessi
879 5196 1010 5265 ipsa.
1179 5258 1190 5267 _
1500 5257 1530 5267 ’ν
1592 5255 1604 5267 1
1698 5254 1709 5266 .

346 5201 395 5267 I)
434 5201 603 5252 Codd.
640 5201 852 5267 Ephessi
879 5201 1010 5265 ipsa.

314 5201 395 5341 Ii)
439 5268 589 5337 Vulg.
623 5265 687 5319 Et
716 5281 825 5341 ante
852 5270 915 5341 sit
942 5258 1312 5341 supereminens
1339 5255 1637 5341 magnitudo
1663 5254 1819 5307 virtu-

250 5328 437 5412 tis‘ejus
455 5340 504 5391 in
527 5328 635 5400 nos,
665 5328 752 5395 qui
778 5328 1049 5399 credimus,
1072 5331 1346 5385 secundum
1368 5328 1710 5396 Operationem
1728 5341 1821 5395 po-

252 5409 413 5465 tentia:
441 5411 640 5462 virtutis
669 5409 797 5472 eius.

321 5483 394 5552 (3)
438 5477 593 5549 Vulg.
618 5497 629 5531 :
658 5466 1099 5552 Suscitansillnm
1122 5488 1154 5525 a
1188 5469 1421 5534 mortuis,
1444 5477 1490 5523 et
1516 5466 1821 5521 constituens

252 5552 317 5606 ad
331 5545 590 5604 dea-teram
611 5564 753 5602 suam
782 5552 835 5599 in
858 5545 1156 5600 etelestibus.

345 5620 399 5691 4)
438 5619 592 5691 Vulg.
623 5618 771 5673 addit
794 5627 862 5671 et.

346 5693 399 5747 5i
437 5690 603 5745 Codd.
631 5691 693 5742 ei.

345 5621 399 5691 4)
438 5621 592 5706 Vulg.
623 5621 771 5701 addit
794 5627 839 5671 et

322 5621 401 5837 ia
437 5690 610 5817 aut;

1995 4657 2060 4711 Et
2090 4660 2390 4711 constituens
2432 4657 2579 4711 illum
2619 4658 2669 4709 in
2711 4657 2914 4709 dextera
2944 4671 3034 4707 stta
3062 4655 3114 4706 in
3142 4653 3300 4706 caelis.
3346 4651 3494 4717 Quo-

1924 4751 2063 4804 niam
2095 4750 2337 4806 Christus
2361 4749 2451 4803 Dei
2475 4757 2651 4803 tnotus
2678 4757 2793 4811 est;
2824 4754 2997 4800 motus
3026 4753 3199 4799 autem
3229 4744 3280 4795 in
3308 4758 3498 4810 opera-

1925 4848 2065 4900 tione
2089 4856 2201 4909 est;
2230 4844 2466 4913 operatio
2488 4859 2615 4896 vero
2638 4848 2811 4895 motus
2834 4854 3045 4909 semper
3067 4838 3117 4891 in
3142 4836 3358 4890 dextera
3382 4845 3494 4899 est;

1922 4938 2118 4992 idcirco
2147 4936 2392 4992 Christus
2433 4934 2485 4988 in
2532 4937 2747 4991 dextera
2795 4931 2888 4986 Dei
2929 4939 3011 4984 est
3052 4929 3373 4983 constitutus
3416 4923 3497 4994 (Ξ)

1923 5044 2079 5098 supra
2128 5043 2340 5082 omnem
2391 5024 2742 5094 principatum
2795 5032 2848 5076 et
2898 5026 3234 5091 potestatem.
3291 5015 3500 5069 Primus

1922 5122 2063 5174 enim
2096 5114 2271 5175 motus
2300 5117 2557 5181 omnium,
2590 5128 2766 5171 matus
2788 5122 2870 5168 est
2893 5112 3112 5166 Christi.
3162 5108 3500 5175 Principatus

1923 5229 2051 5271 vero
2075 5222 2128 5269 et
2169 5219 2455 5282 potestates
2483 5219 2535 5263 et
2566 5208 2786 5262 virtutes
2811 5216 2865 5260 et
2904 5202 3297 5258 dominationes
3326 5210 3502 5254 motus

1924 5315 2046 5361 sunt
2078 5320 2252 5359 rerum
2285 5301 2629 5372 agendarum,
2654 5300 2765 5352 sive
2796 5298 2845 5350 in
2868 5294 3085 5360 divinis,
3114 5293 3227 5346 sive
3249 5292 3299 5344 in
3334 5304 3504 5343 sarcu—

1931 5398 2147 5453 Iaribus.
2178 5394 2282 5450 Sed
2308 5408 2428 5449 cum
2455 5391 2574 5447 fons
2600 5394 2668 5446 sit
2689 5398 2742 5444 et
2768 5387 2915 5457 origo
2938 5395 2990 5441 et
3019 5382 3314 5455 principale
3343 5394 3504 5435 omne

2031 5601 2079 5670 1)
2120 5595 2288 5670 Ωοάά-
2320 5608 2506 5670 GM.
2657 5657 2669 5669 .
3052 5652 3121 5670 ..
3181 5650 3193 5670 ε

2031 5602 2079 5670 I)
2120 5602 2288 5654 Codd.
2320 5608 2451 5655 aute.
2916 5655 2927 5666 Ι
3052 5652 3065 5665 υ
3110 5652 3121 5662 θ
3182 5650 3193 5661 1

1998 5602 2080 5741 l2)
2118 5668 2447 5725 Adnotemus
2494 5657 2823 5731 ingeniosam
2872 5653 3123 5710 Vtctonm
3181 5652 3503 5715 interpreta-

1932 5742 2137 5797 tionem
2148 5780 2159 5794 .
