3910 6212
522 304 652 389 test

1752 310 1938 365 MAR"
1979 308 2215 363 VICTOR
2225 307 2312 363 [Nl
2349 304 2507 363 AFRI

3619 316 3745 371 1353

519 423 656 490 quod
680 432 939 489 movetur,
966 424 1163 480 idcirco
1188 439 1345 495 supra
1361 440 1575 481 omnem
1602 427 1949 495 principatum
1979 440 2071 493 po-
2098 428 2148 485 Α
2174 425 2575 493 appellationem
2610 426 2691 481 vel
2731 426 3104 493 subStantiatn,
3136 428 3220 481 vel
3255 427 3555 496 quamlibet
3594 427 3664 481 de
3686 443 3745 482 eo

520 516 651 566 situs
678 522 760 566 est
781 511 1044 579 Christus,
1072 523 1127 567 ut
1146 529 1301 583 supra
1331 530 1543 569 omnem
1569 514 2076 583 potestatem.Aliud

518 613 689 655 autem
715 594 1037 671 principatus
1066 613 1168 667 est,
1197 605 1339 659 aliud
1369 616 1599 674 potestas
1623 622 1635 657 :
1670 604 1993 675 principatus
2023 604 2074 656 in

517 702 637 746 actu
664 706 765 759 εει,
790 704 1021 762 potestas
1049 694 1100 749 in
1129 698 1321 749 virtute
1346 712 1446 765 qua
1475 710 1594 750 esse
1624 706 1815 764 potest,
1848 711 1949 747 non
1973 708 2074 764 qua

514 784 621 851 jam
666 794 767 849 est,
818 785 907 840 sed
954 799 1056 855 qua
1099 786 1295 854 aliquid
1336 801 1456 840 esse
1501 795 1687 854 potest.
1723 782 1854 838 Cum
1898 794 2072 837 autem

516 874 755 929 Christus
788 878 895 944 ipsa
937 875 1085 946 origo
1124 886 1203 930 εει
1247 878 1502 940 omnium,
1532 891 1579 931 et
1628 877 1679 930 in
1711 892 1775 929 eo
1812 886 1893 930 est
1934 876 2072 946 quod

518 967 745 1035 potentia
788 977 888 1029 est,
914 981 1069 1035 supra
1095 983 1303 1021 omnem
1336 976 1418 1021 est
1460 974 1793 1035 potestatem.
1842 967 2075 1035 Itemque

515 1072 632 1111 cum
662 1056 775 1110 lous
804 1059 873 1112 sit
901 1058 1131 1112 omnium
1164 1069 1408 1122 actuum;
1449 1068 1599 1113 actus
1623 1068 1797 1112 autem
1824 1068 1904 1113 est
1930 1059 2075 1127 prin-

515 1148 745 1215 cipatus;
770 1164 925 1217 supra
948 1163 1157 1203 omnem
1183 1148 1526 1216 principatum
1548 1158 1646 1202 est.
1672 1148 1799 1202 Item
1823 1148 2070 1217 quoniam

514 1236 625 1289 sive
648 1251 765 1291 cum
798 1247 900 1303 est,
932 1248 984 1292 et
1013 1248 1184 1307 potest
1205 1253 1322 1293 esse
1347 1238 1488 1292 aliud
1520 1238 1586 1292 ad
1616 1241 1807 1307 ipsum,
1843 1242 2071 1306 potentia

512 1337 613 1391 est,
644 1339 701 1381 ει
722 1340 890 1396 potest
910 1338 1032 1384 ante
1060 1345 1215 1399 quam
1243 1332 1381 1384 actio
1404 1338 1507 1394 est,
1533 1343 1650 1383 esse
1676 1343 1831 1396 supra
1860 1341 2071 1383 omnem

513 1422 772 1475 actionem
800 1436 813 1484 ;
860 1422 932 1473 in'
957 1420 1037 1473 his
1065 1422 1308 1475 omnibus
1338 1421 1422 1475 vel
1453 1421 1504 1474 in
1535 1421 1847 1490 principatu,
1888 1420 1974 1473 vel
2018 1420 2072 1473 in

514 1518 772 1578 potestate
794 1512 959 1565 virtus
985 1520 1093 1563 est:
1129 1511 1179 1564 id
1211 1520 1290 1564 est
1321 1518 1375 1565 et
1417 1520 1539 1565 ante
1579 1520 1788 1573 actum;
1821 1519 1876 1562 ut
1905 1508 2073 1578 possit

511 1615 630 1653 esse
659 1608 712 1653 et
741 1600 853 1667 ipse
884 1600 1227 1669 principatus.
1262 1599 1463 1657 Idcirco
1492 1600 1740 1671 quoniam
1769 1613 1927 1667 supra
1960 1599 2072 1651 huic

511 1695 683 1745 omnia
723 1700 803 1745 est
840 1692 1100 1757 Christus,
1144 1700 1199 1747 et
1226 1702 1306 1746 est
1346 1708 1503 1763 supra
1548 1707 1757 1745 onmem
1800 1692 2067 1754 virtutem,

2178 518 2680 583 pronuntiationem,
2712 527 2764 571 et
2786 516 3084 573 eﬁ'ationem
3115 518 3215 590 (1).

2248 604 2314 658 Ει
2343 607 2510 659 omnia
2539 606 2743 675 subjecit
2768 608 2975 677 pedibus
2996 607 3125 676 ejus.
3162 607 3341 662 Multis
3365 615 3422 663 et
3445 609 3610 662 variis
3640 621 3745 661 mo-

2175 694 2255 749 dis
2285 711 2385 748 una
2428 698 2590 751 virtus
2629 697 2971 768 intelligitur,
3020 712 3138 766 quae
3182 698 3431 753 Christus
3477 708 3587 761 est,
3641 699 3744 751 sive

2176 793 2369 849 motus,
2400 787 2512 839 sive
2560 786 2802 849 verbum,
2835 788 2945 840 sive
2989 784 3231 840 Christus
3279 788 3483 854 primus
3536 786 3745 841 univer-

2174 879 2317 941 s:ilis,
2350 893 2443 946 per
2469 894 2621 947 quem
2653 879 2828 932 omnia
2862 878 3012 942 ﬁunt,
3047 878 3179 932 facta
3207 886 3353 942 sunt,
3392 878 3571 932 futura
3600 887 3740 931 sunt.

2175 968 2359 1021 Merito
2385 982 2509 1035 ergo
2553 969 2728 1021 omnia
2758 968 2983 1036 subjecit
3023 968 3158 1023 Deus
3197 968 3297 1021 sub
3334 968 3562 1037 pedibus
3610 967 3739 1036 ejus.

2174 1055 2379 1110 Etenim
2411 1057 2707 1126 progressio
2726 1074 2754 1108 a
2781 1058 2887 1111 Deo
2923 1055 3185 1120 Christus,
3214 1064 3267 1110 et
3292 1073 3385 1124 per
3404 1066 3600 1110 cuncta
3624 1071 3743 1125 pro-

2172 1146 2373 1214 gressio
2408 1145 2645 1199 Christus
2682 1154 2783 1209 est,
2811 1157 2863 1200 et
2903 1148 3078 1200 omnia
3106 1160 3226 1214 qua:
3256 1154 3649 1213 provenerunt,
3689 1156 3742 1200 et

2172 1249 2289 1302 qua:
2312 1233 2536 1289 redeunt
2562 1234 2613 1287 in
2648 1234 2835 1298 Deum,
2873 1234 3037 1304 ipsius
3068 1236 3296 1303 potentia
3332 1233 3584 1290 redeunt.
3615 1236 3741 1289 Item

2177 1323 2254 1394 (2)
2281 1339 2407 1394 ergo
2436 1327 2610 1378 omnia
2639 1324 2846 1379 actione
2875 1325 3110 1394 subjecta
3136 1336 3254 1379 sunt
3282 1326 3382 1379 sub
3410 1326 3581 1396 pedes
3607 1328 3739 1394 ejus.

2172 1411 2238 1465 Et
2276 1414 2441 1481 ipsum
2484 1413 2619 1466 dedit
2658 1422 2810 1481 caput
2844 1430 2992 1484 super
3020 1430 3216 1467 omnem
3245 1413 3549 1469 Ecclesium.
3595 1414 3740 1469 Multi

2172 1504 2485 1569 Ecclusiam,
2516 1520 2699 1559 omnes
2729 1508 2930 1558 animas
2957 1506 3157 1561 dicunt.
3189 1508 3324 1579 Ergo
3352 1508 3623 1573 Christus,
3656 1510 3740 1578 qui

2170 1595 2385 1662 spiritus
2412 1605 2515 1660 est,
2547 1610 2639 1662 per
2664 1610 2821 1663 quem
2863 1597 3054 1650 animae
3101 1598 3263 1651 Deum
3310 1608 3647 1665 cognoscunt
3691 1608 3741 1651 et

2170 1687 2434 1756 spiritales
2462 1685 2782 1752 efﬁciuntur,
2812 1698 2867 1741 et
2886 1688 3173 1743 liberantur
3192 1704 3220 1741 a
3242 1690 3497 1759 qualitate
3524 1693 3737 1755 animm,

512 1782 632 1835 indt-
654 1783 901 1852 quoniam
931 1798 1115 1837 omnes
1139 1784 1241 1837 illa:
1272 1793 1554 1853 potestates
1576 1784 1654 1837 vel
1687 1783 1961 1836 mundanae
1984 1782 2071 1837 vel
2101 1776 2148 1836 B
2176 1786 2231 1829 υι
2254 1777 2361 1843 iam
2389 1790 2493 1829 ηοιι
2517 1784 2803 1840 ιεηιειιῑιιτ,
2832 1792 3004 1846 neque
3033 1783 3090 1831 ul
3120 1778 3381 1845 labantur,
3412 1780 3610 1850 Quippe
3633 1783 3740 1849 spi-

510 1875 757 1928 cmlestes
786 1877 862 1927 vel
893 1876 1026 1929 ultra
1055 1876 1107 1928 in
1134 1876 1365 1939 aeternis,
1398 1876 1479 1929 vel
1509 1891 1691 1929 omnes
1724 1876 2064 1945 principatus,

511 1967 589 2018 vel
621 1979 804 2018 omnes
849 1963 1067 2018 virtutes
1099 1981 1215 2033 qua:
1258 1965 1669 2019 dominationem
1713 1973 1891 2018 tenent
1928 1966 2064 2019 circa

510 2070 669 2107 unam
722 2070 943 2123 quicque
997 2054 1075 2126 (t)
1126 2056 1265 2108 enim
1312 2054 1667 2109 dominantur.
1711 2054 1849 2109 Fons
1890 2064 2063 2108 autem

506 2147 745 2199 Christus
790 2154 871 2199 est
916 2147 1188 2199 omnium:
1220 2144 1411 2200 exinde
1451 2146 1589 2199 enim
1635 2148 1830 2209 omnia,
1873 2146 2066 2213 quippe

506 2238 593 2305 qui
622 2245 770 2304 pater
790 2237 949 2291 t0tius
974 2248 1147 2289 motus
1172 2246 1287 2300 est;
1311 2246 1364 2290 et
1387 2238 1499 2289 hinc
1520 2236 1695 2289 omnia
1717 2245 1889 2288 motus
1914 2244 2063 2299 sunt;

510 2329 666 2379 etiam
696 2343 852 2396 supra
879 2326 1289 2380 dominationem
1320 2342 1528 2381 omnem
1559 2324 1797 2380 Christus
1827 2335 1927 2381 est.

583 2416 645 2469 Et
674 2434 818 2469 omne
834 2433 1029 2470 nomen.
1069 2416 1254 2470 Omnia
1268 2418 1473 2484 quidem
1493 2418 1701 2471 nomina
1722 2433 1749 2470 a
1766 2416 2069 2486 posteriori-

506 2508 601 2561 bus
620 2507 829 2562 inventa
854 2516 996 2572 sunt,
1029 2516 1080 2561 ει
1095 2508 1319 2561 maxime
1331 2507 1397 2560 ab
1418 2505 1499 2559 his
1517 2505 1605 2576 qui
1624 2506 1673 2560 in
1694 2506 1887 2560 mundo
1921 2516 2063 2571 sunt,

502 2600 582 2651 vel
600 2599 892 2652 hominibus
908 2599 987 2653 vel
1006 2597 1308 2667 angelis,vel
1327 2597 1898 2665 potestatibus.Etcnim
1913 2606 2068 2651 teter-

502 2706 563 2742 ιιι
582 2689 667 2742 illa
688 2691 883 2754 omnia,
902 2703 985 2742 res
1008 2690 1133 2757 ipsze
1153 2698 1294 2751 sunt,
1309 2695 1361 2740 et
1375 2688 1617 2756 potentiae
1632 2687 1885 2752 viventes,
1906 2698 2097 2755 mter-~

501 2796 601 2845 naz,
623 2781 988 2849 intelligentes,
1013 2795 1127 2848 quae
1144 2778 1556 2833 substantialiter
1573 2778 2060 2847 cognoscunturﬁ).

498 2868 707 2922 Nullum
739 2870 891 2937 igitur
922 2869 988 2921 ibi
1021 2884 1209 2921 nomen
1249 2880 1348 2932 est,
1382 2868 1472 2922 sed
1513 2868 1721 2921 nomina
1761 2866 1860 2919 illis
1890 2867 2065 2919 addita

500 2968 681 3011 nostro
696 2957 947 3011 vocabulo
960 2967 1101 3019 sunt,
1117 2959 1196 3011 vel
1216 2970 1386 3012 nostra
1407 2959 1600 3027 lingua,
1620 2957 1697 3011 vel
1716 2966 1771 3010 ut
1785 2957 1890 3010 dixi
1907 2971 2067 3025 ange-

500 3046 692 3110 lorum,
715 3061 896 3102 eorum
916 3054 1089 3101 tamen
1113 3047 1199 3117 qui
1230 3049 1279 3100 in
1302 3047 1495 3101 mundo
1523 3056 1662 3100 sunt.
1697 3048 1858 3101 Porro
1886 3054 2061 3101 autem

2167 1867 2343 1920 ritales
2371 1867 2521 1920 factze
2538 1882 2629 1936 per
2656 1868 2897 1936 spiritum
2924 1868 3212 1935 Christum,
3243 1871 3294 1926 in
3323 1888 3481 1942 quem
3512 1876 3739 1929 creden-

2168 1968 2267 2022 tes,
2295 1959 2598 2026 spiritaliter
2639 1962 2895 2025 sentiunt,
2925 1971 2980 2015 et
3018 1963 3095 2017 sic
3140 1964 3187 2015 in
3238 1964 3326 2017 Dei
3372 1966 3731 2032 cognitionem

2169 2049 2408 2105 veniunt.
2440 2048 2549 2104 Hoc
2590 2050 2749 2104 modo
2775 2051 3015 2106 Christus
3048 2062 3203 2121 caput
3245 2062 3330 2108 est
3355 2072 3510 2122 super
3539 2072 3735 2109 clunem

2169 2137 2469 2204 Ecclesium,
2492 2156 2610 2210 qua:
2630 2150 2711 2196 est
2729 2156 2921 2211 corpus
2941 2144 3098 2198 illius.
3125 2144 3356 2199 Ecclesia
3380 2148 3579 2207 omnis.
3603 2148 3726 2202 item

2167 2233 2335 2284 omnis
2364 2233 2560 2294 anima,
2601 2232 2690 2287 sed
2719 2234 2989 2297 solvanda,
3021 2243 3075 2287 et
3101 2234 3223 2288 inde
3260 2235 3612 2291 substantiam
3638 2237 3732 2292 lia-

2168 2322 2297 2376 bcns
2326 2323 2391 2376 de
2420 2323 2649 2387 aeternis,
2681 2338 2774 2394 per
2799 2338 2952 2392 quant
2980 2325 3157 2394 vigent
3180 2324 3353 2379 omnia
3378 2342 3392 2391 ;
3424 2337 3484 2381 et
3511 2329 3589 2381 sic.
3615 2343 3725 2383 om-

2168 2430 2261 2469 nes
2301 2416 2487 2469 auima:
2516 2431 2608 2484 per
2636 2414 2896 2469 Christum
2943 2418 3095 2472 sicuti
3145 2418 3449 2488 frequenter
3480 2420 3721 2475 diximus.

2168 2505 2305 2575 Ergo
2332 2521 2487 2559 omne
2514 2520 2704 2573 corpus
2722 2504 2912 2560 Christi
2942 2508 3114 2561 anima
3140 2518 3220 2562 est
3247 2512 3423 2563 omnis
3453 2526 3612 2579 quant
3642 2526 3727 2565 ec-

2166 2598 2379 2652 clesiam
2404 2599 2707 2651 nominavit.
2731 2596 2995 2651 Plenitudo
3008 2600 3136 2667 ejus,
3159 2601 3206 2653 id
3228 2608 3310 2655 est
3331 2601 3444 2669 ipsa
3470 2601 3722 2660 Ecclesia.

2167 2705 2281 2759 qua:
2303 2705 2491 2757 corpus
2520 2697 2605 2744 est
2645 2688 2803 2743 illius.
2835 2689 3112 2743 Plenitudo
3155 2698 3237 2745 est
3261 2691 3401 2759 ejus,
3432 2693 3521 2760 qui
3552 2693 3722 2745 omnia

2167 2782 2217 2835 in
2247 2780 2488 2833 omnibus
2530 2780 2865 2851 adimpletur.
2906 2779 3147 2835 Christus
3184 2782 3461 2851 plenitudo
3505 2795 3607 2847 est,
3639 2786 3723 2852 qui

2166 2874 2335 2924 omnis
2357 2872 2623 2939 plenitudo
2644 2872 2976 2941 adimpletur.
3000 2872 3165 2928 Omne
3191 2884 3365 2930 autem
3388 2877 3533 2945 quod
3560 2878 3723 2931 adim-

2166 2960 2355 3027 pletur,
2385 2960 2699 3013 exinanitur.
2728 2961 2964 3015 Christus
2991 2972 3163 3017 autem
3204 2974 3257 3016 et
3288 2966 3592 3020 exinanitus
3619 2977 3717 3034 est,

2163 3050 2244 3103 vel
2276 3051 2388 3119 ipse
2416 3065 2473 3104 se
2502 3050 2806 3116 exinauivit,
2840 3061 2891 3106 et
2921 3067 3102 3106 rursus
3131 3056 3457 3120 recuperatis
3478 3057 3719 3111 omnibus

496 3151 614 3191 cum
659 3138 746 3191 ille
773 3138 1014 3193 Christus
1051 3140 1267 3208 spiritus
1308 3138 1516 3193 divinus
1546 3148 1600 3194 et
1622 3151 1836 3193 sanctus
1864 3148 1918 3193 et
1961 3140 2050 3194 Dei
2081 3134 2125 3194 C
2158 3156 2249 3209 per
2294 3142 2597 3210 mysterium
2630 3142 2944 3211 salvatisque
2983 3142 3173 3195 animis
3218 3144 3509 3209 universis,
3557 3146 3721 3199 adimo

494 3227 631 3280 ﬁlius
663 3228 774 3283 lucc
831 3232 1040 3283 nomina
1079 3246 1105 3281 a
1139 3230 1289 3283 nobis
1322 3231 1564 3300 accipiat,
1592 3230 1723 3285 ultra
1761 3239 1842 3285 est
1876 3238 2051 3285 tamen

494 3332 648 3384 quam
691 3319 803 3371 lucc
832 3320 1006 3373 omnia
1050 3320 1299 3373 vocabula
1346 3320 1647 3375 viderentur
1673 3320 1936 3388 imposita.
1984 3321 2049 3374 Et

494 3407 703 3474 quidem
743 3410 971 3476 quodam
1019 3410 1135 3464 loco
1184 3411 1447 3479 tetigimus
1492 3411 1630 3479 quod
1664 3426 1853 3465 nomen
1894 3426 2051 3465 omne

495 3510 606 3565 post
636 3499 869 3566 genitum
913 3509 1010 3566 cst,
1058 3511 1111 3553 et
1149 3512 1228 3554 est
1256 3502 1305 3553 in
1355 3502 1482 3569 ipsis
1510 3502 1808 3555 nominibus
1855 3518 2048 3557 nomen

494 3588 803 3655 principale,
849 3588 1153 3657 quod‘vere
1194 3604 1351 3659 supra
1391 3595 1567 3644 omnia
1610 3592 1819 3644 nomina
1864 3602 1966 3657 est,
1998 3602 2051 3646 et

494 3679 631 3733 unde
652 3678 825 3733 omnia
856 3681 1065 3733 nomina
1092 3690 1234 3745 sunt,
1267 3680 1405 3749 quod
1442 3695 1609 3750 graece
1642 3680 1706 3735 ὢν
1732 3681 1925 3735 dicitur
1948 3683 2044 3751 (5).

493 3773 560 3825 At
590 3785 715 3824 vero
738 3770 978 3825 Christus
1002 3781 1056 3825 et
1080 3786 1233 3839 supra
1267 3772 1434 3841 ip~um
1467 3770 1531 3825 ὢν
1563 3780 1643 3825 εει
1671 3788 1683 3823 :
1716 3787 1840 3840 ergo
1870 3781 1923 3824 et
1963 3787 2049 3824 su-

494 3878 584 3931 pra
612 3862 785 3915 omnia
818 3862 1047 3915 nomina.
1082 3862 1185 3916 Sed
1214 3862 1338 3915 illud
1375 3861 1439 3916 ὢν
1462 3863 1512 3915 in
1540 3862 1749 3915 :eternls
1777 3874 1894 3925 est;
1926 3873 1975 3915 et
2005 3862 2047 3915 si

494 3952 544 4006 in
574 3952 785 4005 aeternis
814 3961 916 4015 est,
948 3960 999 4005 et
1018 3949 1257 4004 Christus
1272 3965 1427 4019 supra
1444 3950 1621 4014 ὣνεει,
1642 3953 1829 4005 merito
1851 3951 2046 4005 dictum

490 4058 647 4111 supra
678 4058 834 4097 omne
865 4044 1232 4111 nomen,quod
1250 4043 1661 4095 notninaturnon
1677 4042 1848 4095 solum
1878 4043 1924 4093 iu
1950 4042 2047 4095 hoc

490 4135 703 4199 smculo,
725 4136 814 4189 sed
838 4136 995 4189 etiam
1016 4136 1065 4187 in
1084 4146 1276 4189 tuturo.
1295 4136 1482 4189 Acrius
1502 4144 1554 4187 et
1575 4134 1810 4186 acutius:
1835 4134 2045 4185 nomina

495 4229 629 4281 cnim
654 4228 761 4296 jam
789 4228 919 4281 facta
934 4229 1108 4282 omnia
1134 4236 1276 4292 sunt,
1295 4243 1410 4296 qua!
1438 4242 1533 4297 per
1576 4227 1897 4280 intellectum
1923 4226 2043 4295 ﬁngi

489 4326 773 4388 potuerunt
817 4318 881 4371 ad
926 4319 1320 4387 expressionem
1361 4332 1539 4371 eat-um
1588 4332 1762 4370 rerum
1805 4331 1933 4385 quas
1964 4314 2040 4386 (4)

488 4409 837 4477 intelligentes
856 4410 1108 4479 cepimus.
1139 4407 1244 4462 Sed
1268 4407 1513 4475 quoniam
1540 4406 1699 4460 multa
1728 4406 1898 4458 t‘utura
1922 4414 2044 4457 sunt

2155 3232 2325 3298 plctur
2368 3231 2417 3283 in
2446 3232 2707 3283 omnibus.
2743 3228 2865 3285 Ideo
2908 3246 3034 3300 ergo
3073 3231 3344 3299 plenitudo
3366 3243 3468 3287 est.
3505 3235 3608 3291 Sed
3644 3237 3720 3291 sic

2153 3322 2357 3379 locutus
2383 3333 2462 3377 est
2490 3324 2704 3388 Paulus,
2737 3334 2791 3377 ut
2828 3324 3029 3378 diceret
3062 3325 3354 3380 Ecclesium
3386 3342 3581 3395 corpus
3605 3330 3717 3396 ejus

2152 3428 2287 3476 esse;
2314 3414 2555 3482 cnjus(5)
2584 3414 2849 3482 plenitudo
2865 3423 2962 3480 est,
2995 3415 3157 3482 inquit
3184 3432 3195 3467 :
3224 3423 3278 3468 et
3306 3415 3581 3484 plenitudo
3605 3419 3717 3486 ejus

2150 3514 2251 3568 est,
2280 3506 2363 3573 qui
2396 3506 2567 3559 omnia
2599 3505 2648 3558 in
2679 3506 2921 3559 omnibus
2943 3504 3272 3573 adimpletur.
3311 3505 3386 3559 De
3404 3506 3613 3560 duobus
3636 3506 3716 3561 bis

2150 3597 2346 3659 verbis,
2378 3594 2698 3663 plenitudine
2737 3603 2789 3649 et
2814 3596 3125 3664 capacitate,
3158 3594 3211 3649 in
3240 3595 3358 3649 aliis
3396 3598 3546 3651 libris
3574 3612 3601 3649 a
3632 3613 3716 3653 me

2148 3684 2443 3739 distinctius
2470 3693 2521 3739 et
2552 3685 2753 3753 plenius
2778 3685 3091 3753 explicatum
3123 3695 3224 3739 est.
3255 3685 3713 3750 Quemadmodum

2152 3775 2291 3827 Deus
2330 3774 2598 3843 plenitudo
2629 3784 2825 3828 tantum
2849 3773 2947 3845 (4).
2975 3774 3421 3844 quemadmodum
3448 3776 3708 3845 Christus,

2149 3872 2202 3917 et
2224 3864 2484 3932 capacitas
2510 3874 2560 3918 et
2584 3864 2872 3933 plenitudo.
2902 3863 3025 3918 Haec
3064 3865 3240 3918 omnia
3270 3866 3333 3919 ad
3361 3867 3709 3936 magniﬁcen-

2149 3955 2271 4007 tiam
2299 3952 2489 4007 Christi
2522 3961 2575 4007 et
2620 3953 2684 4006 ad
2710 3954 2995 4022 potentiam
3037 3952 3173 4006 dicta
3228 3955 3326 4007 hoc
3374 3966 3560 4024 agunt,
3609 3956 3710 4010 hoc

2148 4044 2389 4112 probant,
2423 4043 2551 4095 nihil
2574 4041 2704 4095 ultra
2731 4041 3117 4110 accipiendum,
3146 4041 3275 4095 nihil
3303 4052 3455 4097 extra
3481 4045 3712 4098 sentien-

2146 4135 2302 4197 dum;
2334 4148 2395 4187 ac
2427 4142 2696 4202 prepterea
2729 4148 2907 4187 errare
2930 4132 3204 4200 Ephesios,
3236 4134 3279 4187 si
3300 4136 3427 4205 quid
3451 4147 3708 4204 praeterea

2145 4223 2449 4292 adjungant,
2472 4230 2524 4275 et
2544 4238 2608 4276 ex
2628 4222 2863 4276 doctrina
2892 4224 2973 4275 vel
3000 4222 3300 4276 Judteorutn
3326 4226 3407 4276 vel
3438 4226 3707 4279 mundana

2145 4310 2403 4365 associent
2430 4330 2440 4362 :
2474 4311 2613 4365 unde
2640 4310 2700 4364 ad
2730 4311 2942 4365 eosdem
2975 4327 3112 4365 nunc
3142 4312 3299 4375 redit,
3335 4323 3499 4382 atque
3526 4317 3710 4367 admo-

2144 4409 2253 4463 net,
2277 4400 2382 4469 jam
2408 4400 2459 4453 in
2488 4398 2755 4454 Christum
2783 4397 3044 4468 receptos,
3073 4408 3127 4452 et
3146 4401 3417 4455 Christum
3447 4401 3710 4471 recipien-

489 4515 645 4564 nova,
672 4511 724 4555 et
766 4502 816 4553 in
849 4500 937 4553 illo
980 4500 1174 4555 smculo
1222 4499 1385 4568 magis
1413 4513 1569 4562 nova,
1608 4498 1746 4565 quod
1792 4497 2040 4550 smculum

2162 4503 2245 4551 .es,
2278 4489 2407 4541 nihil
2448 4488 2585 4541 aliud
2616 4502 2770 4556 quam
2817 4488 3195 4557 plenitudinem
3224 4488 3423 4543 Christi
3458 4491 3538 4560 (5)
3571 4490 3709 4544 ποία

487 4589 717 4642 futurum
741 4597 842 4651 est,
871 4604 988 4643 cum
1013 4588 1378 4643 iudicabuntur
1402 4587 1610 4649 omnia;
1645 4586 1830 4655 quibus
1861 4588 2039 4654 utique

483 4680 639 4732 rebus
670 4678 902 4733 nondum
933 4679 1177 4748 cognitis,
1212 4680 1421 4733 nomina
1445 4677 1673 4731 nondum
1706 4693 1731 4727 a
1763 4676 1911 4730 nobis
1941 4676 2040 4728 im-

483 4768 647 4835 posita
676 4777 828 4831 sunt;
862 4782 1030 4838 neque
1066 4767 1204 4822 enim
1247 4778 1497 4836 possunt;
1543 4766 1735 4835 quippe
1762 4779 1879 4819 cum
1917 4776 2037 4817 nota

480 4873 585 4911 non
608 4858 748 4922 sint;
779 4874 936 4927 supra
962 4860 1071 4926 ipsa
1093 4873 1300 4927 quoque
1324 4858 1535 4911 nomina
1562 4872 1680 4925 quae
1717 4855 1889 4909 futura
1916 4863 2038 4908 sunt

480 4950 791 5017 praepositus
831 4956 914 5003 est
957 4948 1233 5002 Christus:
1262 4948 1330 5001 ita
1372 4954 1427 5001 et
1463 4946 1515 5000 in
1555 4945 1713 4999 rebus
1744 4946 1944 5013 primus
1973 4958 2035 4998 ac

476 5052 733 5103 summus,
752 5038 959 5109 quando
975 5052 1131 5106 supra
1153 5052 1337 5091 omnes
1359 5043 1665 5105 potestates,
1689 5034 2031 5103 principatus,

476 5140 528 5183 et
554 5130 769 5199 reliqua.
795 5130 889 5183 Est
913 5144 1069 5199 supra
1090 5128 1265 5183 omnia
1289 5128 1521 5191 nomina,
1544 5124 1754 5196 quando
1776 5134 1829 5178 et
1854 5126 1905 5178 in
1934 5123 2033 5178 hoc

475 5219 670 5273 sat-culo
707 5220 907 5273 nullum
938 5233 1130 5273 nomen
1171 5218 1219 5272 ei
1263 5216 1454 5270 merito
1485 5212 1736 5283 applicari
1766 5213 1952 5282 possit,
1980 5222 2036 5267 et

472 5308 648 5363 omnia
678 5323 793 5377 qua:
832 5306 1003 5362 futura
1042 5316 1164 5362 sunt
1193 5305 1427 5369 nomina,
1461 5305 1595 5358 intra
1636 5303 1751 5371 ejus
1780 5310 1904 5356 sunt
1944 5300 2028 5356 vel

560 5463 613 5535 Ι)
650 5464 725 5535 [ta
750 5480 972 5535 prorsus
998 5466 1188 5535 legitur
1214 5464 1266 5519 in
1294 5462 1452 5519 codd.

518 5529 613 5603 '(2)
652 5529 817 5587 Codd.
851 5529 1214 5603 cognoscentes.

538 5605 613 5671 (ε)
654 5603 817 5657 Exod.
849 5602 936 5667 tu,
966 5602 1052 5656 ιι.

538 5608 593 5671 (5
654 5608 817 5657 Exod.
849 5608 936 5667 ιιι,
966 5608 1052 5656 ιι.

535 5608 613 5744 (si
650 5672 812 5728 Codd.
840 5689 970 5743 quis.
1004 5671 1113 5727 Nisi
1140 5673 1306 5729 mavis
1329 5673 1526 5728 referre
1551 5673 1614 5728 ad
1646 5674 1877 5728 nomina.

2144 4593 2269 4647 pere
2294 4578 2503 4633 debere.

2214 4670 2361 4725 CAP.
2390 4670 2455 4725 Π.
2475 4700 2538 4710 -
2555 4671 2717 4725 Vens.
2753 4673 2804 4736 1,
2825 4672 2879 4725 3.
2903 4700 2973 4712 —
3002 4672 3064 4725 Et
3088 4687 3172 4725 vos
3190 4688 3302 4725 cum
3329 4674 3502 4726 essetis
3522 4672 3707 4725 mortui

2142 4760 2338 4813 delictis
2364 4770 2411 4813 et
2436 4761 2647 4829 peccatis
2689 4763 2882 4826 uestris,
2910 4762 2963 4814 in
3004 4762 3183 4831 quibus
3210 4762 3487 4831 aliquando
3531 4763 3709 4815 ambu-

2138 4850 2277 4903 lastis
2303 4850 2575 4902 secundum
2602 4852 2839 4903 sarculum
2858 4852 3012 4921 hujus
3038 4852 3231 4914 mundi,
3261 4852 3537 4906 secundum
3562 4854 3708 4922 prin-

2136 4939 2295 5005 cipem
2320 4941 2572 5007 potestatis
2595 4942 2745 5006 aeris,
2772 4942 2976 5010 spiritus
3000 4946 3083 5010 qui
3110 4952 3347 5009 operatur
3374 4946 3426 4997 in
3461 4945 3584 5012 ﬁliis
3618 4942 3699 5013 (6)

2136 5028 2437 5095 άιῃιάεηιίω.
2484 5029 2646 5082 Τυιυε
2692 5030 2775 5083 hic
2818 5044 3007 5084 sensus
3045 5033 3347 5101 jungendus
3389 5042 3494 5098 est,
3537 5042 3592 5087 et
3634 5033 3703 5088 de

2136 5118 2376 5185 Ephesiis
2402 5119 2542 5189 quod
2574 5120 2624 5173 in
2647 5121 2875 5189 peccatis
2902 5120 3090 5176 fuerint
3115 5138 3129 5186 ;
3160 5132 3213 5177 et
3232 5123 3299 5178 de
3328 5138 3387 5178 se
3417 5124 3532 5192 ipso
3557 5124 3700 5191 quod

2138 5206 2329 5262 Paulus
2354 5207 2407 5261 iu
2439 5208 2715 5264 desideriis
2748 5209 2924 5264 carnis
2961 5211 3092 5265 etin
3122 5212 3362 5268 consiliis
3396 5212 3701 5269 carnalibus

2209 5326 2286 5394 (l)
2326 5326 2398 5380 Ita
2426 5326 2578 5381 codd.

2210 5394 2286 5463 (Ξ)
2323 5394 2488 5450 Codd.
2519 5396 2669 5463 idem,
2702 5406 2758 5452 ut
2782 5398 2927 5455 alibi.

2207 5464 2285 5537 ιδ)
2326 5464 2502 5537 inadd.
2522 5468 2777 5537 musque.

2206 5533 2285 5603 (γι)
2325 5533 2379 5586 In
2409 5533 2845 5603 coddfrepetitur
2870 5539 3147 5603 plenitudo.

2228 5602 2283 5671 5)
2322 5602 2485 5656 Codd.
2518 5602 2820 5671 plenitudine
2848 5602 3124 5662 Christum.

2228 5671 2283 5738 b‘)
2326 5671 2499 5741 Vulg.,
2530 5675 2581 5726 in
2608 5674 2756 5737 ﬁlios.
