3910 6212
173 326 325 381 1253

1034 327 1099 383 ΙΝ
1138 325 1515 385 EPlSTOLAM
1552 320 1755 380 PAULI
1790 324 1881 380 AD
1919 324 2245 382 EPIIESIOS
2280 325 2483 383 LIBER
2525 328 2567 383 l.

3304 328 3438 384 125i

174 438 367 494 fuerit.
411 440 524 505 llis,
566 440 803 509 inquam,
834 440 1103 505 omnibus,
1143 440 1466 511 jungendum
1507 450 1591 496 est
1630 438 1756 493 illud
1784 436 1839 498 A
1861 451 2048 493 cussus
2078 438 2179 511 (l).
2209 439 2338 494 Nam
2370 456 2486 495 cum
2518 449 2670 509 poeta
2703 439 2781 513 (Ξ)
2812 448 3091 495 ventorum
3115 440 3441 517 describeret

175 532 327 601 quod
361 533 518 596 Deus,
546 533 630 603 qui
662 533 807 587 dives
833 543 915 587 est
945 534 995 587 in
1024 534 1408 599 misericordia,
1442 534 1618 588 snlvos
1641 548 1758 586 otti-

180 638 285 678 nes
315 623 519 691 fecerit,
547 633 601 677 et
629 624 798 693 ipsum
828 623 1070 689 Paulum,
1102 634 1155 679 et
1181 623 1461 693 Ephesios.
1493 624 1580 678 Sic
1614 624 1757 677 enim

181 715 479 780 Concludit,
508 715 659 785 cujus
682 717 848 785 gratia
876 720 1005 771 estis
1042 716 1171 770 salvi
1204 714 1345 779 facti,
1378 730 1495 769 cum
1526 715 1763 769 ambula-

184 805 325 859 retis
347 803 537 860 mortui
556 805 796 871 delictis;
822 814 876 860 et
898 820 991 860 vos
1011 822 1127 859 cmn
1152 807 1547 860 ambulaxeritis
1567 805 1760 859 mortui

184 886 403 952 delictis
432 909 483 952 et
515 899 745 969 peccatis
774 899 979 953 vestris.
1030 898 1357 968 Frequenter
1382 898 1585 962 monui,
1620 914 1764 953 mor-

189 998 301 1042 tem
325 990 520 1059 duplici
547 992 704 1045 tnodo
731 992 915 1061 accipi,
946 992 1087 1044 illatn
1112 1006 1267 1044 uuam
1293 1002 1491 1055 notam,
1514 1006 1633 1045 cum
1661 991 1765 1044 fine

190 1083 407 1136 vivendi
434 1084 482 1136 iu
514 1084 710 1139 mundo
733 1085 907 1139 anima
938 1094 1212 1153 separatur
1236 1102 1264 1137 a
1292 1098 1551 1153 corpore;
1582 1084 1761 1145 aliam,

190 1189 317 1229 cum
344 1176 394 1230 in
424 1176 537 1245 ipso
562 1192 785 1248 corpore
812 1177 1121 1242 constituta,
1155 1176 1416 1231 desideria
1457 1175 1632 1230 carnis
1656 1175 1768 1244 agit

190 1275 355 1336 atque
382 1266 435 1321 in
465 1269 689 1336 peccatis
718 1269 861 1322 vivit.
906 1268 1025 1333 Vos,
1055 1269 1242 1338 inquit,
1277 1285 1391 1321 cum
1428 1269 1598 1323 essetis
1634 1283 1768 1320 tuor-

194 1358 386 1412 tui:et
424 1358 719 1429 designavit
765 1361 951 1414 mortis
980 1375 1168 1429 genus,
1218 1361 1413 1414 delictis
1460 1370 1505 1413 et
1552 1359 1767 1429 peccatis

194 1448 396 1515 vestris,
424 1449 477 1501 in
496 1450 673 1518 quibus
698 1450 971 1521 aliquando
995 1450 1292 1503 ambulastis
1309 1450 1581 1503 secundum
1608 1464 1769 1503 seacu-

196 1539 304 1591 lum
331 1540 480 1611 hujus
510 1542 704 1595 mundi.
736 1542 978 1596 Ostendit
999 1557 1116 1612 qua:
1147 1552 1267 1595 sunt
1302 1550 1535 1609 peccata,
1565 1541 1771 1595 scilicet

196 1628 466 1689 desideria
499 1632 550 1686 in
602 1633 821 1698 mundo,
853 1633 918 1687 de
958 1634 1177 1698 mundo,
1209 1632 1535 1696 divitiarum,
1570 1631 1653 1687 vel
1679 1647 1772 1687 vo—

199 1721 419 1778 luntatis
445 1724 521 1779 vel
548 1726 781 1779 scientiae
802 1725 1099 1791 mundanae,
1126 1725 1209 1779 vel
1231 1724 1501 1794 religionis
1529 1725 1595 1779 de
1623 1740 1774 1778 mun-

1863 538 2201 599 potestatem,
2230 549 2331 603 qua
2355 541 2571 599 possent
2597 534 2775 586 omnia
2806 532 3133 588 confundere
3160 532 3259 587 nisi
3286 547 3438 602 rege-

1862 634 2063 686 rentur,
2087 624 2135 676 in
2164 638 2339 677 aerem
2359 622 2491 677 dixit
2510 630 2696 678 cuncta
2719 624 2976 689 converti,
2995 623 3037 677 si
3063 624 3200 677 venti
3216 623 3439 678 habeant

1863 712 2079 766 liberam
2113 722 2446 781 poteSIatem.

1956 824 2012 889 Ni
2040 826 2201 889 faciat,
2230 827 2377 875 maria
2400 840 2455 875 ac
2482 835 2638 877 terras
2653 824 2926 889 malumque
2952 825 3237 889 profundum

1955 886 2144 950 Quippe
2168 888 2326 937 ferant
2348 889 2499 950 rapidi
2518 901 2707 952 secum,
2732 886 3030 952 verrantque
3057 900 3146 951 per
3169 900 3330 939 auras.

1866 989 2061 1044 Horum
2086 992 2348 1060 separatio
2378 992 2731 1061 singulorum,
2760 993 2938 1047 mundi
2962 993 3276 1063 dispositio:
3301 993 3441 1047 sicut

1865 1080 2075 1151 Moyses
2102 1082 2302 1146 docuit,
2342 1084 2429 1153 qui
2471 1084 2733 1152 separavit
2770 1101 2934 1155 aquas
2964 1086 3015 1139 in
3043 1084 3299 1155 principio
3340 1100 3437 1156 per

1875 1171 1967 1225 Dei
2001 1171 2254 1237 verbum;
2286 1174 2551 1241 separavit
2578 1184 2632 1228 et
2661 1184 2874 1240 terram,
2909 1175 3172 1247 separavit
3210 1186 3265 1232 et
3289 1177 3443 1247 spiri-

1870 1270 2001 1316 tum.
2054 1263 2194 1334 Ergo
2239 1264 2427 1319 merito
2475 1267 2709 1321 materia:
2754 1268 3011 1336 spiritus,
3039 1270 3178 1322 aeris
3217 1268 3434 1339 spiritus

1868 1354 2082 1410 dicitur.
2780 1369 2787 1374 '

1943 1445 2104 1500 Vens.
2132 1448 2183 1502 ὅ.
2212 1478 2285 1488 -
2313 1447 2377 1501 In
2409 1448 2585 1518 quibus
2615 1458 2660 1503 et
2690 1440 2779 1505 nos
2803 1467 2971 1506 omnes
3022 1451 3292 1517 aliquando
3322 1467 3441 1506 con-

1874 1539 2055 1591 uersati
2076 1556 2268 1595 sumus.
2300 1541 2377 1596 Ne
2401 1542 2644 1613 injuriam
2671 1542 2917 1613 Ephesiis
2944 1544 3160 1612 faceret,
3183 1546 3271 1617 qui
3293 1546 3443 1601 dixe-

1875 1640 1957 1684 rat
1987 1648 2100 1684 cum
2142 1635 2313 1688 essetis
2340 1636 2525 1688 mortui
2560 1637 2754 1691 delictis
2793 1654 2852 1691 ac
2879 1639 3116 1708 peccatis,
3149 1639 3440 1694 secundum

1874 1722 2118 1790 spiritum
2145 1728 2285 1780 aeris
2312 1728 2674 1793 ambulantes;
2706 1729 2943 1798 adjunin
2969 1730 3123 1784 etiam
3156 1746 3213 1784 se
3241 1741 3295 1784 et
3339 1746 3443 1785 cm-

201 1815 296 1880 do,
343 1826 395 1869 et
441 1826 631 1871 caetera
677 1816 831 1885 hujus
879 1816 1058 1870 mundi
1104 1833 1221 1885 quae
1266 1817 1496 1870 animam
1548 1816 1774 1884 perdunt
1804 1805 1847 1863 Β
1877 1821 2052 1879 teros;
2085 1824 2141 1868 ut
2168 1817 2450 1886 aliquando
2484 1821 2782 1874 conversati
2806 1836 2988 1873 omnes
3019 1821 3437 1876 sintsecundum

202 1916 467 1961 errantem
492 1923 519 1961 a
547 1911 766 1963 scientia
798 1910 1051 1963 veritatis.
1076 1908 1225 1975 Quod
1247 1921 1423 1963 autem
1451 1908 1583 1963 dixit
1612 1924 1773 1962 δίει-η-

203 2000 311 2053 lum
336 2000 487 2070 hujus
515 2002 709 2065 mundi,
738 2008 862 2055 sunt
882 2000 1021 2056 enim
1055 2011 1107 2055 et
1142 2002 1438 2069 Superiora,
1470 2010 1524 2055 et
1551 2000 1641 2053 illa
1672 2014 1775 2054 stc-

204 2091 324 2145 cula
355 2101 572 2153 aeterna,
620 2106 737 2160 quae
780 2091 1046 2161 quomodo
1087 2090 1471 2158 intelligantur,
1522 2098 1577 2145 et
1618 2105 1774 2157 quam

206 2181 615 2251 signiﬁcantium
667 2182 910 2245 habeant,
938 2182 1054 2235 aliis
1083 2198 1111 2235 a
1141 2198 1225 2235 me
1254 2181 1400 2235 libris
1439 2187 1522 2235 est
1548 2180 1773 2249 replica-

210 2282 341 2326 tum.
377 2273 641 2328 δίυειιιυιη
667 2272 823 2342 hujus
849 2274 1028 2327 tnundi
1056 2285 1231 2327 autem
1260 2274 1430 2327 omnis
1458 2274 1605 2343 regio
1627 2290 1779 2327 mun-

209 2364 368 2427 dana,
419 2365 496 2418 vel
540 2366 711 2419 omnis
751 2365 999 2430 mundus,
1047 2366 1099 2419 in
1144 2366 1341 2419 mundo
1394 2376 1568 2419 motus
1600 2382 1779 2420 rerum

211 2464 422 2522 tempus
453 2456 645 2509 faciens
675 2464 727 2508 et
759 2456 1048 2510 involvens.
1080 2456 1191 2510 Non
1218 2456 1403 2512 eodem
1428 2457 1585 2511 modo
1615 2471 1783 2510 smcu-

212 2546 321 2601 lunt
354 2548 406 2601 in
446 2548 659 2602 a-ternis
679 2558 760 2603 est
787 2567 800 2601 :
830 2564 949 2603 esse
992 2560 1168 2604 autem
1209 2559 1529 2605 aeternorum
1561 2550 1780 2615 smeula,

213 2641 373 2695 etiam
404 2639 596 2695 Paulus
625 2640 935 2705 declaravit,
966 2652 1019 2697 et
1048 2657 1233 2696 omnes
1273 2641 1543 2712 prophetae
1570 2660 1582 2695 :
1611 2641 1778 2710 siqui.

216 2734 337 2788 dem
368 2734 559 2787 dicitur
594 2742 647 2787 et
676 2732 977 2802 frequenter
1004 2732 1197 2788 dicitur
1233 2734 1516 2788 benedictus
1556 2731 1691 2785 Deus
1734 2732 1786 2785 in

215 2826 404 2879 sazcula
429 2825 746 2879 saeculorum.
793 2824 1002 2879 Etenim
1045 2826 1296 2880 szeculum
1342 2825 1551 2889 linitur;
1594 2823 1788 2877 srecula

216 2929 395 2971 autem
440 2918 790 2983 surculorum,
840 2925 893 2972 et
942 2916 1010 2971 de
1057 2917 1271 2971 aeternis
1325 2928 1376 2972 et
1428 2918 1479 2970 in
1522 2926 1781 2969 relernum

218 3017 362 3064 sntit.

296 3100 585 3155 Secundum
629 3103 902 3174 principem
939 3101 1194 3173 potestatis
1236 3100 1386 3163 aeris,
1437 3099 1652 3170 spiritus
1702 3096 1789 3166 qui

1878 1906 2014 1961 hanc
2048 1908 2231 1973 vitam,
2266 1926 2421 1979 quam
2453 1911 2723 1981 subjungit
2760 1913 2811 1967 in
2842 1912 3102 1966 desideriis
3128 1914 3295 1966 carnis
3326 1929 3444 1966 uos-

1878 2009 1989 2062 trw,
2038 2001 2275 2065 facientes
2323 2002 2629 2056 voluntatem
2673 2004 2841 2057 carnis
2889 2013 3073 2058 nostra:
3100 2013 3144 2057 et
3188 2004 3443 2058 consilio-

1877 2104 1990 2142 rum
2016 2091 2117 2162 (5).
2156 2092 2278 2147 llzec
2303 2103 2425 2146 sunt
2466 2094 2605 2148 circa
2634 2109 2755 2166 quae
2796 2095 2955 2149 habet
2997 2096 3241 2164 princeps
3269 2106 3445 2165 potes-

1882 2180 2002 2234 tatis
2030 2182 2173 2235 aeris
2205 2184 2591 2251 operationem,
2639 2184 2732 2240 sed
2777 2185 2827 2239 iu
2877 2186 3013 2241 iiiios
3040 2185 3359 2251 diffidentes,
3391 2194 3450 2241 ut

1881 2270 2142 2327 desideria
2162 2275 2338 2327 carnis
2371 2274 2617 2340 habeant,
2649 2276 2843 2332 faciant
2878 2277 3053 2331 carnis
3096 2279 3444 2345 voluntatem,

1883 2374 1937 2417 et
1961 2364 2177 2418 consilia
2224 2368 2437 2420 carnis:
2471 2384 2588 2436 quae
2618 2369 2705 2438 qui
2752 2371 3026 2440 abjccerit,
3050 2370 3156 2440 jam
3201 2370 3363 2425 Deum
3394 2377 3449 2425 et

1883 2456 2174 2524 cognoscit,
2205 2468 2257 2511 et
2286 2461 2558 2527 sequitur;
2596 2462 2725 2516 nihil
2745 2462 2809 2516 de
2831 2468 3008 2517 carnis
3035 2463 3281 2530 operibus
3306 2463 3452 2533 cogi-

1886 2554 2021 2601 tans.
2060 2546 2126 2602 Et
2153 2566 2349 2604 eramus
2381 2552 2631 2606 naturales
2660 2552 2737 2625 (4)
2768 2555 2864 2623 ﬁlii
2883 2556 2991 2621 ἕνα»,
3022 2555 3149 2609 sicut
3194 2566 3238 2609 et
3258 2557 3445 2610 sceleri.

1887 2638 2145 2706 Quoniam
2188 2652 2242 2696 et
2284 2645 2520 2699 consiliis
2561 2646 2738 2700 carnis
2776 2658 2827 2701 et
2856 2663 2920 2702 ex
2961 2648 3240 2704 desideriis
3271 2650 3453 2705 viven-

1892 2736 1971 2783 tes
2002 2728 2110 2801 (5);
2140 2748 2360 2796 eramus,
2390 2734 2577 2803 inquit,
2610 2736 2706 2803 ﬁlii
2740 2736 2830 2790 ira:
2856 2739 3143 2804 naturales;
3170 2739 3221 2793 id
3258 2749 3337 2795 est
3365 2756 3450 2796 se-

1890 2822 2119 2877 cundum
2150 2834 2387 2879 naturam
2419 2829 2594 2881 carnis
2621 2827 2781 2896 geniti
2805 2838 2856 2882 et
2883 2831 3152 2884 materiae:
3180 2831 3289 2900 ipsa
3313 2832 3451 2886 enim

1892 2922 2076 2967 natura
2099 2923 2199 2967 est.
2230 2914 2342 2969 Non
2373 2916 2513 2970 enim
2543 2916 2775 2971 divinam
2807 2928 3045 2973 naturam
3084 2920 3329 2989 dicimus,
3360 2922 3455 2977 sed

1893 3020 2007 3059 eam
2040 3023 2155 3074 quae
2185 3007 2448 3061 mundana
2491 3019 2607 3063 est:
2636 3018 2690 3065 et
2720 3011 3034 3082 ubicumque
3073 3014 3216 3069 nasci
3255 3023 3355 3080 est,
3390 3013 3460 3069 ibi

1895 3106 2083 3150 natura
2122 3097 2333 3152 dicitur.
2382 3099 2519 3169 Ergo
2556 3100 2606 3154 iu
2645 3103 3029 3171 superioribus,
3063 3106 3183 3173 quia
3228 3105 3458 3175 ingenita

224 3210 363 3249 nunc
391 3205 636 3263 operatur
668 3196 717 3249 in
741 3197 860 3264 [iliis
886 3196 1172 3265 difﬁdentia:
1197 3194 1296 3264 (Ι).
1324 3193 1421 3260 Qui
1445 3193 1679 3246 ambulat
1704 3205 1789 3245 se-
1815 3176 1859 3238 C
1892 3198 2013 3240 sunt
2049 3189 2244 3255 omnia,
2277 3205 2396 3243 cum
2437 3190 2684 3246 dicuntur
2714 3194 2953 3263 qumdam
2997 3198 3195 3264 genita,
3231 3196 3461 3266 quodam

224 3284 453 3339 cundum
500 3286 746 3340 saeculum
790 3286 942 3355 hujus
989 3286 1195 3351 mundi,
1241 3285 1473 3339 ambulat
1514 3283 1791 3336 secmtdum

227 3376 504 3445 principem
535 3379 787 3444 potestatis
812 3378 1066 3447 aeris,qui
1094 3388 1173 3431 est
1195 3377 1411 3445 spiritus
1443 3376 1665 3428 liliorutn
1691 3372 1793 3427 dif-

228 3467 457 3522 fidentia:
485 3467 586 3541 (2).
617 3469 745 3524 Cum
775 3471 877 3524 duo
896 3472 1002 3524 sint
1032 3471 1117 3523 lux
1150 3480 1203 3525 et
1233 3470 1486 3534 tenebrae,
1520 3467 1714 3522 veritas
1736 3476 1789 3521 et

229 3560 450 3626 falsitas,
482 3562 672 3616 bonum
708 3572 761 3616 et
799 3561 1015 3626 malitia,
1048 3578 1153 3615 non
1184 3563 1251 3615 ita
1284 3570 1338 3614 ιιι
1377 3576 1439 3614 ex
1470 3575 1621 3629 mque
1649 3557 1790 3621 sint;

230 3666 401 3720 neque
430 3655 569 3706 enim
599 3652 675 3707 fas
719 3662 800 3708 est
835 3653 1029 3723 aliquid
1060 3653 1169 3706 Deo
1210 3652 1289 3705 vel
1334 3668 1425 3719 per
1466 3650 1793 3705 contrarium

229 3744 546 3811 comparari.
594 3744 683 3799 Sic
709 3746 1029 3813 accipiamus
1068 3752 1123 3797 et
1157 3744 1391 3812 spiritus,
1440 3758 1602 3796 unum
1652 3741 1793 3806 fidei,

230 3834 454 3889 alterum
486 3835 807 3889 diffidentiae.
843 3836 1071 3904 Spiritus
1097 3848 1307 3889 satanas
1336 3848 1387 3889 et
1418 3837 1535 3903 ejus
1555 3835 1798 3889 diabolus

231 3925 319 3981 hic
355 3927 703 3983 substantiam
734 3928 799 3982 de
828 3943 950 3981 aere
981 3927 1160 3991 habet,
1191 3926 1241 3980 id
1265 3935 1347 3980 est
1377 3926 1444 3980 de
1488 3926 1609 3996 hylc
1640 3936 1797 3995 atque

234 4020 476 4083 materia,
504 4028 557 4073 et
588 4029 894 4088 potestatem
922 4020 972 4071 in
995 4020 1106 4087 ipsa
1130 4019 1369 4083 materia,
1405 4019 1485 4072 vel
1518 4019 1569 4071 iu
1590 4033 1682 4072 eos
1706 4014 1795 4086 qui

234 4112 576 4167 materialiter
596 4113 848 4166 sentiunt.
886 4112 980 4166 Est
1010 4126 1139 4181 ergo
1170 4110 1260 4165 ille
1282 4113 1529 4180 princeps
1558 4109 1671 4179 ejus
1700 4124 1794 4178 po-

236 4202 437 4256 tcstatis
458 4218 575 4270 qua:
602 4201 654 4256 iu
686 4217 806 4256 aere
846 4210 947 4264 est,
981 4201 1031 4254 id
1052 4211 1131 4255 est
1158 4202 1208 4255 in
1250 4202 1465 4255 materia
1492 4218 1503 4253 :
1530 4199 1619 4271 qui
1659 4201 1801 4267 prin-

234 4308 357 4362 ceps
394 4294 610 4361 Spiritus
640 4301 738 4353 est,
771 4292 864 4346 sed
895 4301 950 4345 ut
971 4291 1078 4345 dixi
1111 4292 1379 4357 materiae;
1412 4291 1540 4346 etin
1564 4289 1800 4344 materiis

236 4400 374 4439 nunc
412 4396 683 4453 operatur,
711 4384 761 4437 in
789 4384 909 4451 ﬁliis
932 4382 1216 4451 difﬁdentia?
1241 4398 1259 4434 :
1294 4382 1343 4435 id
1363 4393 1442 4436 est
1472 4396 1656 4436 eorum
1686 4381 1801 4433 ani-

236 4492 350 4531 mos
384 4486 545 4539 tenet,
578 4486 630 4531 et
654 4476 721 4529 ibi
744 4474 1058 4529 dominatur.
1085 4472 1224 4541 Ergo
1242 4473 1327 4540 qui
1356 4471 1480 4525 vivit
1506 4469 1795 4526 secundum

1895 3278 2147 3347 mysterio
2170 3278 2536 3351 intelliguntur
2560 3283 2759 3351 genita,
2793 3300 2897 3338 non
2927 3301 2989 3338 eo
3013 3285 3169 3341 modo
3207 3288 3461 3355 quemad-

1897 3370 2109 3423 modum
2142 3373 2192 3424 in
2220 3373 2414 3426 mundo
2439 3390 2450 3425 :
2475 3374 2562 3427 ubi
2590 3377 2729 3429 enim
2762 3387 2842 3431 est
2870 3388 3075 3442 natura,
3108 3377 3174 3431 ibi
3205 3377 3282 3449 (6)
3305 3393 3464 3449 gene-

1896 3462 2031 3515 ratio
2057 3479 2067 3512 :
2091 3464 2361 3530 generatio
2389 3472 2562 3518 autem
2586 3476 2686 3529 est,
2714 3481 2833 3519 cum
2864 3467 2931 3519 ab
2962 3483 3025 3521 eo
3049 3467 3186 3536 quod
3216 3483 3319 3522 non
3345 3468 3465 3535 fuit,

1896 3552 2090 3617 aliquid
2114 3567 2232 3607 esse
2254 3552 2469 3620 incipit;
2520 3566 2609 3609 aut
2640 3556 2705 3609 ab
2736 3570 2799 3610 eo
2824 3557 2963 3625 quod
2991 3558 3145 3611 aliter
3175 3557 3289 3621 fuit,
3321 3558 3465 3612 aliud

1897 3659 2016 3697 esse
2045 3645 2254 3712 incipit;
2284 3646 2416 3699 sicut
2436 3646 2500 3700 de
2531 3649 2736 3703 semine
2773 3647 2952 3714 homo,
2980 3651 3061 3705 vel
3101 3648 3325 3719 virgulta
3359 3650 3465 3706 alia

1899 3736 1964 3787 de
1994 3737 2218 3799 semine,
2248 3746 2544 3805 eteteraque
2569 3737 2669 3790 alia
2696 3739 2964 3793 animalia.
2995 3744 3059 3793 At
3088 3755 3213 3795 vero
3234 3739 3286 3794 in
3311 3748 3468 3796 aeter-

1902 3825 2002 3888 nis,
2037 3827 2281 3892 quoniam
2312 3841 2655 3897 qumcumque
2676 3828 2761 3881 illa
2790 3828 2961 3883 divina
2984 3842 3127 3896 sunt,
3157 3833 3305 3902 quasi
3325 3849 3468 3903 qua-

1901 3912 2018 3967 dam
2042 3914 2360 3969 discretione
2386 3932 2643 3985 apparere
2672 3919 2948 3988 incipiunt,
2980 3921 3098 3976 ideo
3128 3922 3283 3975 veluti
3303 3938 3466 3991 gene-

1902 4016 2008 4059 rata
2056 4007 2304 4061 dicuntur
2345 4024 2509 4063 :cum
2561 4020 2734 4064 tamen
2782 4012 2970 4067 eadem
3019 4010 3211 4068 virtute
3254 4014 3379 4081 sint,
3411 4026 3465 4071 et

1902 4100 2087 4154 eadem
2128 4100 2419 4155 substantia
2468 4117 2569 4171 qua
2614 4102 2847 4167 fuerunt,
2877 4103 3075 4160 idcirco
3119 4114 3177 4159 ut
3209 4115 3465 4174 generata

1904 4207 2007 4244 non
2037 4203 2177 4245 sunt.
2226 4192 2408 4262 Neque
2434 4194 2575 4248 enim
2605 4210 2726 4250 cum
2760 4196 2897 4252 Deus
2925 4199 3100 4252 omnia
3150 4196 3334 4254 fecerit
3373 4215 3467 4254 na-

1905 4289 2041 4346 tura,
2075 4298 2178 4336 non
2207 4298 2266 4336 ea
2296 4300 2413 4353 quae
2436 4296 2633 4340 aeterna
2663 4286 2788 4342 fecit
2815 4303 2879 4342 ex
2907 4288 3143 4349 aeternis.
3176 4299 3230 4344 ut
3261 4289 3462 4356 habuit;

1904 4373 1996 4427 sed
2037 4373 2398 4429 tantummodo
2435 4376 2592 4429 veluti
2636 4379 2922 4445 separavit,
2952 4388 3005 4433 et
3033 4378 3239 4448 singula
3268 4382 3468 4436 consti-

1907 4463 2003 4515 tuit
2028 4482 2039 4514 :
2066 4480 2182 4530 quae
2210 4472 2401 4532 quanta
2448 4473 2499 4518 et
2527 4464 2702 4534 qualia
2731 4467 2856 4531 sint,
2885 4468 3005 4523 aliis
3044 4468 3191 4523 libris
3222 4470 3468 4543 intelligi-

235 4571 486 4625 s:eeu|nm
538 4569 689 4637 hujus
733 4567 942 4633 mundi,
990 4566 1120 4619 vivit
1168 4564 1457 4618 secundum
1508 4564 1798 4632 principem
1827 4542 1880 4600 Ῑ)
1909 4570 2045 4608 mus.
2084 4555 2226 4609 Nunc
2254 4555 2335 4610 vel
2363 4553 2630 4610 Christum
2661 4559 2741 4612 vel
2771 4559 2990 4629 angelos
3022 4560 3102 4615 vel
3131 4563 3335 4616 animas
3362 4579 3469 4619 ca:-

240 4662 511 4729 potestatis
541 4661 678 4713 aeris
706 4660 954 4728 Spiritus,
987 4658 1074 4726 qui
1124 4672 1259 4709 nunc
1297 4667 1546 4727 operatur
1587 4658 1638 4709 in
1679 4657 1802 4725 [iliis

237 4754 541 4823 diﬁidentiw.
554 4751 645 4805 Est
665 4761 837 4805 autem
860 4750 1014 4804 lectio
1033 4749 1249 4819 duplex,
1274 4750 1489 4819 spiritus
1509 4751 1800 4819 oper-antis,

238 4853 291 4898 et
318 4843 533 4910 Spiritus
558 4842 642 4911 qui
675 4857 814 4895 nunc
850 4851 1117 4909 operatur.
1153 4841 1304 4893 Acris
1336 4851 1512 4895 autem
1542 4841 1624 4895 vel
1654 4841 1799 4909 prin—

237 4935 407 5003 cipem
455 4935 535 4988 vel
584 4933 824 5001 spiritum
869 4935 1100 4989 materia:
1131 4949 1226 4988 nos
1267 4934 1478 5003 quidem
1526 4931 1798 4989 diximus:

240 5027 373 5081 ratio
402 5036 576 5080 tamen
602 5026 891 5080 vehemens
920 5026 1009 5078 illa
1028 5035 1108 5080 est
1136 5027 1274 5094 quod
1298 5027 1410 5094 ipse
1431 5024 1667 5079 estinter
1694 5023 1805 5077 ele-

241 5126 414 5171 menta
443 5117 706 5185 princeps,
725 5131 815 5169 aer
841 5114 1195 5170 scilicet.Nam
1223 5123 1276 5168 et
1300 5115 1435 5185 ignis
1454 5128 1546 5167 aer
1574 5113 1803 5183 agitatus

240 5218 339 5271 est,
359 5217 415 5263 et
433 5224 566 5277 aqua
594 5222 684 5262 aer
712 5207 990 5262 humectus
1018 5216 1118 5273 est,
1148 5216 1285 5262 terra
1308 5222 1398 5262 aer
1422 5207 1593 5261 Siccus
1632 5215 1688 5260 et
1714 5219 1806 5260 so-

244 5300 378 5354 lidus
406 5321 419 5356 :
451 5301 539 5368 qui
576 5300 621 5353 si
664 5299 839 5354 omnia
883 5313 1061 5353 secum
1101 5298 1315 5364 habeat,
1367 5298 1478 5365 ipse
1507 5304 1592 5351 est
1617 5296 1805 5363 chaos,

241 5391 291 5446 id
312 5402 391 5447 est
423 5390 677 5456 tenebrae,
704 5401 760 5446 et
788 5392 1004 5445 materia
1047 5391 1403 5445 tenebrarum.
1439 5388 1579 5459 Ignis
1622 5396 1801 5443 autem

243 5485 420 5553 purior
462 5498 555 5538 aer
599 5489 654 5537 et
677 5481 871 5538 omium
902 5490 1005 5548 est,
1034 5482 1122 5552 qui
1150 5488 1235 5537 est
1256 5496 1348 5535 aer
1369 5480 1661 5552 agitatione
1688 5495 1809 5536 suc-

314 5617 390 5688 (ί)
428 5614 593 5688 εθδά·
625 5614 943 5688 dii-39”“?

311 5682 393 5754 (2)
436 5687 637 5741 Rursus
663 5685 818 5741 codd.
867 5684 1182 5752 diﬁ'emttite.
1232 5682 1338 5741 Sed
1381 5692 1555 5741 tamen
1596 5691 1718 5739 ante
1756 5690 1812 5739 et

245 5755 635 5828 post'scribitur
662 5755 968 5825 dimdentite.

1901 4654 2115 4715 teraque
2158 4648 2357 4712 utnuia,
2388 4664 2506 4717 quae
2550 4657 2748 4703 aeterna
2779 4662 2923 4715 sunt,
2971 4652 3021 4705 iit
3065 4654 3275 4707 aeternis
3320 4654 3471 4724 quasi

1901 4738 2072 4803 genita
2102 4737 2412 4806 accipimus,
2445 4754 2563 4793 cum
2586 4740 2741 4811 longe
2769 4741 2923 4796 aliter
2940 4743 3213 4812 generatio
3233 4747 3321 4809 sit,
3352 4762 3471 4815 qure

1898 4826 1954 4880 in
1983 4827 2179 4882 mundo
2215 4838 2316 4882 est.
2351 4828 2489 4898 Ergo
2520 4845 2753 4895 eramus,
2806 4832 2996 4901 inquit,
3042 4833 3307 4887 naturales
3341 4834 3468 4901 lilii;

1903 4919 1952 4971 id
1970 4929 2052 4974 est
2074 4934 2164 4988 per
2196 4930 2432 4974 naturam
2464 4919 2605 4975 facti.
2637 4921 2741 4977 Sed
2774 4922 2861 4976 filii
2890 4922 3078 4991 cujus?
3108 4938 3210 4977 non
3242 4924 3357 4988 Dei,
3378 4925 3474 4981 sed

1903 5009 2030 5063 ine:
2058 5012 2168 5078 ipse
2197 5011 2336 5065 enim
2377 5010 2731 5074 adversarius.
2763 5013 2852 5082 qui
2880 5020 2964 5068 est
2992 5014 3087 5077 ira,
3134 5030 3232 5069 nos
3256 5030 3324 5071 ex
3365 5032 3477 5069 ma-

1904 5103 2037 5155 teria
2063 5102 2160 5156 sibi
2204 5102 2579 5157 vindicaverat.
2621 5104 2727 5168 Sic,
2757 5105 2943 5172 inquit,
2994 5121 3193 5158 eramus
3236 5120 3331 5162 nos
3374 5107 3475 5175 ﬁlii

1906 5192 2018 5257 iraa,
2045 5192 2173 5245 sicut
2197 5192 2383 5247 ceteri.
2417 5191 2551 5247 Sunt
2592 5192 2732 5247 enim
2760 5193 2976 5263 proprie
3002 5193 3096 5248 lilii
3129 5193 3244 5264 ine,
3288 5196 3377 5267 qui
3406 5212 3476 5253 ex

1981 5329 2031 5395 (l
2098 5328 2264 5382 Codd.
2294 5343 2567 5381 successus.

1982 5326 2061 5472 (2i
2100 5398 2284 5472 Eirgil.
2315 5396 2511 5472 (ξω-ι,
2542 5398 2567 5452 5

2005 5396 2061 5467 2)
2104 5398 2284 5467 Virgil.
2315 5396 2441 5467 Αεη.
2476 5410 2511 5462 ι,
2542 5396 2631 5452 58.

2005 5399 2061 5472 2)
2104 5399 2284 5467 Virgil.
2315 5399 2441 5453 Ain.
2476 5410 2511 5462 ι,
2542 5399 2631 5452 58.

1936 5541 1948 5552 ,
1982 5399 2059 5541 i5)
2100 5469 2253 5540 Vulg.
2291 5488 2304 5524 :
2334 5466 2603 5522 Facientes
2648 5466 2955 5523 voluntatem
2993 5470 3158 5525 carnis
3198 5479 3245 5527 et
3284 5471 3480 5543 cogita-

1909 5550 2262 5720 "Ofirvuig.
2289 5625 2303 5662 :
2328 5607 2396 5691 Et
2414 5623 2615 5689 eramus
2639 5617 2827 5662 natura
2846 5608 2946 5677 ﬁlii
2970 5608 3131 5666 ire...

2011 5684 2041 5720 ς
2104 5678 2248 5720 (Imm
2302 5677 2590 5720 υηιηιιώωι

2008 5611 2065 5720 4)
2110 5610 2262 5678 Vulg.
2289 5625 2303 5662 :
2328 5610 2396 5691 Et
2414 5623 2592 5689 eramu.

1984 5610 2065 5823 iis
2102 5678 2269 5806 8333:
2300 5677 2592 5802 itif”"”“"
