3910 6212
494 297 631 354 1255

1694 300 1883 356 MAR"
1926 300 2257 358 \"lCTORlNI
2298 303 2456 358 AFRI

3609 305 3733 361 l356

493 410 593 467 hoc
618 411 811 465 mundo
843 429 856 465 :
886 412 1022 465 sicut
1057 411 1123 466 de
1151 410 1338 480 quibus
1355 410 1483 464 dixit
1508 413 1636 466 sicut
1654 415 1820 465 cwteri
1843 423 1898 464 ut
1928 426 2044 472 nos.
2076 414 2124 471 Α
2226 412 2385 468 Vens.
2418 414 2472 468 8.
2506 444 2574 455 —
2600 413 2735 468 Nunt
2764 418 2928 485 gratia
2960 416 3141 470 saluati
3168 418 3290 470 estis
3333 434 3427 486 per
3453 418 3604 485 ﬁdem
3640 418 3730 485 (l).

491 502 579 571 qui
608 519 671 556 ex
697 504 785 556 illo
806 503 999 557 mundo
1025 517 1206 556 sumus
1235 504 1370 556 male
1393 502 1626 557 viventes
1649 519 1661 566 ;
1688 504 1736 556 id
1769 514 2057 556 estsceun-

491 589 614 644 dum
639 605 851 646 carnem
881 593 1193 654 viveremus,
1228 591 1379 661 quasi
1420 591 1510 644 lilii
1552 590 1680 653 iraa;
1707 592 2057 660 quemadmo-

492 679 617 735 dum
638 682 817 736 vivunt
842 682 932 736 lilii
960 682 1050 735 ira:
1073 722 1086 745 ,
1134 681 1234 735 hoc
1260 690 1340 735 est
1367 682 1502 735 sicut
1523 682 1723 735 creteri.

565 774 723 829 Vens.
752 774 806 829 4.
839 804 909 815 ——
940 774 1071 829 Deus
1100 784 1291 839 autem,
1317 774 1405 842 qui
1450 774 1583 826 dives
1612 784 1681 827 est
1708 783 1753 827 et
1788 774 1840 825 in
1868 772 2062 825 miseri-

492 866 685 931 cordia,
716 874 915 938 prOpter
946 866 1153 918 multam
1196 865 1489 916 charitatem
1516 880 1658 916 suam
1698 865 1962 917 miseratus
1989 872 2060 913 est

493 974 584 1013 nos
614 956 713 1027 (l).
744 956 879 1011 Vere
907 957 1045 1010 enim
1067 953 1261 1008 divitia:
1288 969 1491 1023 magna:
1520 963 1641 1007 suut
1673 953 1762 1006 Dei
1794 954 1934 1005 circa
1966 952 2063 1004 tni-

494 1046 856 1103 sericordiam.
886 1043 1016 1100 Cum
1047 1046 1189 1100 enim
1214 1060 1308 1098 nos
1350 1044 1587 1113 peccatis
1631 1043 1829 1097 nostris
1857 1043 2060 1096 alienos

496 1140 805 1195 fecissemus
826 1138 902 1209 (ε)
926 1155 952 1190 a
990 1138 1118 1202 Deo,
1147 1153 1268 1192 cum
1290 1151 1530 1191 essemus
1546 1152 1607 1190 ex
1631 1135 1889 1204 superiori
1912 1150 2062 1187 mun-

497 1228 588 1293 do,
621 1229 706 1283 ille
725 1228 890 1299 gratia
932 1244 1024 1283 sua
1063 1229 1267 1282 donans
1309 1237 1545 1297 peccata,
1584 1226 1861 1296 indulgens
1900 1226 2059 1279 etiam

496 1322 719 1386 delictis,
751 1336 844 1377 nos
866 1321 962 1375 sibi
982 1320 1204 1375 redemit
1219 1336 1311 1389 per
1331 1321 1493 1373 tilium
1518 1333 1691 1382 suum;
1714 1318 1795 1372 cui
1819 1332 1936 1372 cum
1957 1332 2061 1372 non

500 1415 733 1484 pepercit
760 1423 816 1468 ut
839 1429 933 1467 nos
960 1414 1226 1478 liberaret,
1256 1427 1457 1481 magna:
1482 1412 1595 1465 sine
1624 1410 1783 1463 dubio
1800 1420 1922 1462 sunt
1947 1408 2061 1477 ejus

499 1506 715 1567 diviti:e,
730 1522 915 1575 magna
938 1506 1094 1561 etiam
1109 1504 1358 1558 Charitas.
1382 1503 1644 1569 Quantum
1663 1502 1803 1553 enim
1820 1508 1901 1554 est
1918 1513 2065 1551 nmo-

499 1596 572 1649 ris
588 1595 701 1662 ejus
722 1594 773 1647 in
794 1609 911 1658 uos,
936 1609 1055 1647 cum
1075 1592 1236 1645 lilium
1258 1605 1408 1644 suum
1426 1598 1639 1658 propter
1660 1602 1757 1641 nos
1778 1586 2063 1641 exinanivit

504 1694 559 1739 ut
586 1698 682 1737 nos
708 1685 988 1738 redimeret
1009 1682 1248 1751 passione
1286 1682 1418 1735 sua?
1452 1679 1574 1733 Haec
1595 1678 1750 1747 igitur
1776 1676 2026 1731 cbaritas.

2164 503 2461 572 Evplicavit
2493 515 2696 573 aperte,
2726 508 2864 576 quod
2894 524 2921 558 τι
2955 510 3105 559 nobis
3131 508 3260 562 ﬁdes
3286 508 3549 563 debeatur
3583 526 3595 559 :
3628 518 3733 561 tan-

2164 603 2273 647 tum
2306 595 2741 657 autetndebetur,
2768 605 2825 649 ut
2860 596 3141 650 credamus
3172 598 3225 651 in
3252 597 3490 651 Christo.
3516 598 3663 663 Quod
3692 598 3733 651 si

2164 685 2254 751 ita,
2298 686 2470 740 solum
2502 686 2603 740 hoc
2632 696 2870 741 nostrum
2902 698 3009 751 est;
3041 703 3146 743 non
3178 690 3372 743 merito
3395 699 3581 742 nostro
3610 688 3731 741 salvi

2162 791 2366 841 sumus,
2394 777 2485 831 sed
2508 778 2597 831 Dei
2625 779 2811 846 gratia.
2842 780 3075 849 Denique
3100 782 3175 834 sic
3198 781 3439 850 adjungit
3457 792 3501 833 et
3526 782 3618 833 hoc
3636 798 3731 832 non

2163 881 2224 919 ex
2247 867 2417 929 vobis;
2445 866 2539 919 Dei
2568 867 2753 920 donum
2800 880 2868 922 est
2901 884 2920 922 :

2235 956 2395 1010 Vens.
2433 957 2485 1010 9.
2522 986 2593 998 ——
2636 957 2755 1010 Non
2786 976 2847 1012 ea:
2879 960 3129 1029 operibus,
3173 978 3234 1013 ue
3250 962 3361 1025 quis
3393 965 3523 1031 forte
3550 962 3731 1031 glorie.

2162 1057 2245 1100 tur
2277 1047 2377 1117 (ει).
2409 1047 2559 1115 Quod
2610 1048 2741 1102 salvi
2787 1064 2987 1113 suntus,
3038 1053 3228 1119 gratia,
3264 1053 3453 1118 inquit,
3488 1051 3580 1105 Dei
3610 1062 3729 1105 est:

2164 1136 2234 1188 ita
2262 1145 2317 1190 et
2354 1152 2465 1201 vos,
2499 1137 2734 1207 Ephesii,
2781 1142 2919 1207 quod
2948 1140 3087 1194 salvi
3137 1142 3284 1203 estis,
3312 1156 3417 1193 non
3443 1157 3509 1193 ex
3548 1141 3727 1207 vobis;

2165 1226 2256 1280 Dei
2310 1226 2505 1280 donum
2550 1236 2633 1281 est
2662 1246 2675 1279 :
2707 1244 2877 1297 neque
2930 1246 2993 1284 ex
3057 1231 3304 1300 operibus
3368 1232 3606 1295 vestris,
3642 1231 3730 1285 sed

2165 1315 2257 1369 Dei
2294 1316 2460 1385 gratia
2492 1324 2611 1383 est,
2666 1326 2719 1369 et
2770 1318 2861 1371 Dei
2925 1319 3119 1373 donum
3174 1321 3277 1381 e'st,
3332 1336 3436 1372 non
3489 1320 3730 1373 meritum

2165 1413 2403 1458 nostrum
2447 1404 2546 1474 (ὅ).
2580 1406 2736 1459 Aliud
2776 1421 2896 1460 esse
2935 1422 3115 1475 opera,
3164 1408 3303 1461 aliud
3336 1410 3583 1462 meritum
3615 1424 3733 1461 nos-

2166 1503 2303 1550 trum
2336 1514 2350 1548 :
2384 1496 2523 1550 unde
2555 1498 2821 1566 separavit
2850 1515 2947 1551 non
2996 1514 3058 1551 ea:
3096 1499 3233 1551 vobis
3272 1498 3500 1553 dicendo
3541 1516 3641 1551 non
3674 1516 3732 1552 es

2172 1587 2409 1654 operibus
2437 1604 2455 1640 :
2483 1596 2673 1656 printer
2702 1603 2858 1655 opera
2897 1590 3093 1642 etenim
3114 1628 3131 1653 ,
3177 1604 3295 1658 qum
3335 1589 3574 1657 quotidie
3604 1604 3731 1657 prse-

2165 1679 2334 1733 benda
2375 1688 2501 1733 sunt
2538 1680 2587 1732 in
2619 1680 2816 1733 ofﬁciis
2845 1681 2893 1733 in
2924 1696 3181 1749 pauperes
3204 1722 3217 1743 ,
3245 1690 3301 1734 et
3338 1690 3534 1734 cetera
3571 1682 3728 1735 beueo

577 1774 732 1829 Vnus.
764 1774 816 1829 5.
859 1802 925 1815 —-
956 1772 1019 1826 Et
1068 1788 1180 1825 cum
1207 1771 1391 1825 mortui
1429 1784 1643 1823 euentus
1684 1767 1918 1835 peccatis,
1945 1781 2064 1818 cono
2097 1775 2144 1833 Β
2174 1768 2330 1822 facta.
2361 1769 2462 1823 Sed
2489 1771 2647 1823 etiam
2679 1786 2799 1823 cum
2824 1786 2943 1823 esse
2974 1772 3140 1839 possit
3177 1770 3423 1825 meritum
3463 1787 3528 1825 ex
3559 1772 3729 1825 ollicio

499 1863 760 1931 viviﬁcauit
797 1880 890 1918 nos
937 1866 990 1916 in
1018 1862 1238 1917 Christo.
1284 1862 1414 1929 Quia
1453 1861 1683 1915 Charitas
1727 1857 1837 1921 Dei,
1871 1858 2059 1925 inquit,

502 1966 699 2010 manet.
732 1954 873 2019 Haec,
905 1954 1095 2023 inquit,
1125 1964 1207 2007 est
1235 1952 1494 2015 Charitas;
1530 1954 1609 2004 hae
1656 1961 1779 2004 sunt
1826 1949 2058 2009 divitiae;

502 2053 561 2097 ut
586 2059 705 2097 cum
747 2044 1034 2099 substantia
1080 2059 1143 2097 es
1174 2043 1387 2097 :cternis
1432 2041 1582 2095 nobis
1620 2049 1796 2104 esset,
1845 2047 1899 2092 et
1942 2052 2060 2090 cum

502 2136 694 2190 mortui
711 2150 946 2190 essemus
962 2134 1213 2204 peccatis,
1236 2132 1521 2187 redimeret
1540 2146 1635 2184 nos
1656 2146 1745 2198 per
1766 2128 2059 2198 passionem

502 2230 739 2295 Christi,
788 2239 840 2282 et
885 2230 1057 2282 salvos
1098 2227 1319 2281 faceret.
1362 2221 1620 2293 Qntiuiam
1671 2234 1843 2277 autem
1887 2221 2063 2291 passio

504 2324 720 2387 Christi,
750 2319 1085 2375 mortiﬁcatio
1114 2328 1196 2372 est
1227 2326 1589 2387 peccatorum;
1624 2316 1941 2369 resurrectio
1968 2329 2062 2367 au-

504 2424 609 2471 tem
639 2413 856 2477 Christi,
889 2410 1204 2466 resurrectio
1232 2419 1314 2463 est
1345 2419 1554 2472 nostra;
1602 2408 1675 2460 ait
1703 2406 2061 2474 conviviﬁcavit

501 2525 594 2564 stas
625 2508 675 2560 in
691 2503 908 2568 Christo,
948 2502 997 2556 id
1020 2511 1099 2555 est
1125 2501 1189 2554 ad
1220 2501 1379 2553 vitam
1408 2509 1656 2553 aeternam
1675 2498 1935 2561 restituit;
1967 2497 2060 2550 sed

503 2612 599 2667 per
625 2595 890 2650 Christum
919 2595 1061 2663 cujus
1081 2592 1244 2660 gratia
1270 2591 1384 2643 estis
1414 2588 1538 2641 salui
1564 2589 1685 2658 facti
1706 2585 1805 2657 (3).
1838 2584 2064 2639 Conclu-

502 2686 724 2757 sitquod
756 2685 981 2739 maxime
1010 2681 1361 2736 necessarium
1380 2688 1433 2733 et
1449 2679 1513 2732 ad
1534 2691 1717 2731 omnes
1736 2686 1787 2730 et
1806 2676 1867 2728 ad
1894 2674 2063 2743 Ephe-

502 2778 610 2832 sios
642 2776 757 2839 fuit,
791 2783 848 2827 ut
875 2772 1002 2826 nihil
1046 2782 1195 2825 extra
1223 2768 1489 2823 Christum
1520 2767 1871 2835 accipiamus;
1903 2766 2065 2835 siqui—

506 2868 627 2923 dem
656 2866 767 2935 ejus
810 2864 981 2934 gratia
1011 2862 1141 2917 salvi
1172 2875 1371 2914 sumus.
1405 2860 1542 2930 Ergo
1574 2870 1624 2913 et
1664 2875 1779 2923 vos,
1828 2858 2061 2927 Ephesii,

502 2960 670 3031 gratia
710 2957 903 3013 Christi
935 2957 1062 3009 salvi
1112 2954 1254 3015 facti.
1287 2953 1415 3007 nihil
1455 2963 1607 3005 extra
1640 2952 1901 3019 accipere,
1932 2951 2059 3005 nihil

503 3062 758 3107 externum
786 3050 836 3103 in
868 3048 1121 3116 religione
1146 3055 1198 3099 et
1228 3044 1330 3099 [ide
1353 3044 1547 3097 habere
1572 3043 1794 3097 debetis.

2166 1868 2218 1913 et
2252 1860 2527 1929 religione,
2579 1874 2643 1913 ex
2686 1862 2931 1915 eustitate
2962 1870 3017 1915 ct
3044 1863 3385 1925 abstinentia;
3435 1878 3543 1915 non
3594 1862 3725 1916 enim

2166 1965 2339 2019 neque
2366 1951 2619 2019 operibus
2656 1954 2848 2007 vestris
2893 1963 3065 2021 potest
3096 1954 3195 2025 (ιι).
3242 1955 3412 2023 Opera
3451 1956 3549 2009 ista
3592 1962 3724 2007 sunt.

2166 2039 2291 2093 Ideo
2320 2050 2601 2109 utrumque
2625 2044 2881 2098 conclusit
2905 2062 3003 2098 non
3032 2062 3092 2099 ea:
3118 2048 3274 2109 vobis,
3297 2063 3457 2113 neque
3481 2064 3543 2099 ex
3569 2047 3727 2109 aperi-

2165 2129 2277 2195 bus,
2295 2138 2349 2182 et
2371 2131 2563 2199 adjecit
2588 2148 2646 2185 ne
2667 2134 2776 2201 quis
2797 2135 3062 2204 glorietur.
3088 2135 3277 2189 Nescio
3297 2137 3569 2205 quomodo
3594 2142 3723 2189 enim

2164 2220 2250 2287 qtti
2309 2222 2558 2287 operibus
2604 2224 2712 2276 suis
2761 2225 3025 2277 redditum
3074 2226 3318 2279 meritum
3369 2233 3541 2294 pulit,
3580 2242 3721 2277 suum

2167 2309 2281 2362 vult
2309 2325 2449 2376 esse,
2480 2327 2586 2365 non
2620 2316 2928 2382 pra'stantis
2963 2332 2977 2369 :
3005 2326 3057 2369 et
3087 2314 3200 2369 bmc
3221 2316 3441 2383 jactatio
3468 2326 3568 2368 Crl.

2238 2400 2399 2454 Vens.
2450 2402 2531 2456 10.
2567 2432 2638 2443 -—
2666 2402 2835 2475 Ipsius
2887 2407 3016 2458 enim
3065 2406 3357 2476 ﬁgmentum
3406 2423 3580 2459 sumus
3624 2404 3717 2476 (5),

2172 2493 2325 2543 creati
2356 2493 2407 2544 in
2436 2492 2652 2548 Christo.
2682 2495 2796 2563 Ipse
2826 2497 3076 2566 mysterio
3119 2498 3345 2566 quodam
3379 2514 3477 2550 tios
3508 2498 3650 2549 [insit
3674 2504 3722 2549 et

2166 2578 2411 2633 formavit
2440 2582 2488 2633 in
2515 2580 2749 2649 Christo,
2784 2595 2839 2638 ut
2866 2601 2983 2638 cum
3018 2586 3107 2639 illo
3144 2601 3544 2655 resurgeretnus
3565 2628 3578 2647 ,
3612 2601 3719 2640 cum

2166 2669 2257 2721 illo
2286 2670 2523 2724 lturredes
2550 2687 2669 2727 esse
2701 2688 2976 2741 possemus
3004 2718 3020 2740 ,
3066 2676 3347 2730 credentes
3400 2678 3451 2729 in
3496 2675 3717 2729 Christo.

2165 2758 2231 2812 In
2256 2776 2408 2828 Opera
2432 2768 2562 2816 bona
2583 2781 2694 2833 qua:
2721 2766 2912 2833 pararit
2939 2764 3095 2819 Deus.
3120 2766 3349 2829 Paravit,
3377 2768 3602 2830 creavit,
3629 2766 3720 2819 lur-

2167 2852 2332 2903 tnavit
2355 2852 2404 2903 itt
2438 2851 2651 2907 Christo
2681 2855 2820 2909 Deus
2842 2872 2999 2923 opera
3028 2856 3125 2925 (6).
3161 2857 3353 2924 inquit,
3385 2857 3525 2910 bona
3550 2875 3562 2908 :
3588 2858 3719 2910 scili-

2165 2950 2250 2993 cet
2278 2957 2393 3009 quan
2418 2941 2589 2997 futura
2622 2954 2762 3011 sunt,
2808 2962 2873 2998 an
2907 2946 3018 3000 haec
3044 2962 3160 3016 qua;
3189 2963 3327 3001 nunc
3364 2946 3453 3001 hic
3492 2948 3717 3017 agimus?

2165 3030 2271 3085 Sed
2312 3045 2363 3087 et
2392 3036 2502 3090 sive
2531 3053 2648 3107 qute
2680 3038 2852 3092 futura
2890 3049 3015 3093 sunt
3057 3041 3435 3110 intelligamus,
3473 3042 3587 3096 sive
3611 3057 3717 3110 quas

584 3143 739 3197 Vens.
775 3140 826 3194 6.
872 3168 941 3180 —
970 3137 1035 3190 Et
1058 3136 1207 3191 simul
1233 3135 1509 3199 suscitavit,
1548 3144 1590 3186 et
1628 3134 1775 3186 simul
1804 3132 2063 3185 collocavit
2091 3138 2135 3199 ί]
2169 3142 2307 3180 nunc
2335 3139 2477 3191 sunt,
2507 3130 2642 3184 bona
2676 3134 2855 3201 utique
2881 3143 3023 3197 sunt,
3058 3143 3220 3187 tcStes
3250 3136 3300 3186 in
3341 3134 3561 3189 Christo
3584 3146 3712 3189 sunt.

502 3234 554 3290 in
582 3234 717 3287 caelis
738 3232 841 3300 (4).
870 3231 978 3283 lloc
1004 3238 1242 3281 sanctum
1278 3227 1589 3293 plenumque
1614 3224 1917 3293 mysterium
1945 3233 2055 3287 est,

503 3334 559 3379 ut
586 3322 742 3377 (idem
776 3315 1134 3373 habeamusin
1169 3313 1399 3376 Christo,
1434 3329 1536 3365 non
1570 3326 1664 3364 nos
1696 3326 1832 3364 nunc
1868 3311 2057 3365 mereri

504 3412 901 3468 suscitationcm
946 3410 1025 3461 vel
1059 3421 1219 3475 regna
1246 3404 1511 3464 coalestia;
1542 3404 1634 3456 sed
1664 3418 1782 3456 cum
1821 3403 2058 3457 Christus

503 3505 789 3559 suscitatus
814 3542 828 3564 ,
878 3510 1000 3551 tunc
1031 3510 1126 3549 nos
1163 3495 1460 3548 siucitatos.
1505 3493 1612 3545 lloc
1640 3493 1778 3544 cnim
1810 3492 1881 3544 ait
1908 3493 2057 3546 simul

499 3594 777 3649 suscitavit.
815 3590 965 3655 Item,
996 3598 1038 3641 et
1066 3586 1216 3641 simul
1244 3586 1501 3639 colloracit
1528 3587 1578 3635 in
1605 3585 1897 3637 cmlestibus.
1922 3585 2052 3639 Cum

497 3686 638 3742 enim
660 3680 939 3737 collocavit
961 3680 1252 3743 Christum,
1275 3677 1428 3731 simul
1457 3676 1735 3729 collocavit
1758 3681 1914 3730 etiam
1937 3692 2051 3743 eos,

496 3778 586 3848 qui
610 3778 659 3831 in
683 3775 892 3831 Christo
920 3782 1043 3828 sunt
1069 3781 1121 3826 et
1140 3780 1313 3825 erunt.
1346 3769 1401 3824 in
1434 3769 1737 3824 ctelestibus
1758 3810 1772 3832 ,

568 3866 727 3921 Vens.
778 3866 921 3919 7.—
965 3862 1031 3917 Ut
1062 3861 1335 3916 ostenderet
1389 3862 1437 3911 in
1466 3861 1661 3913 sarculis
1706 3861 2051 3930 supervenien-

495 3957 621 4011 tibus
648 3952 1103 4022 superabundantes
1133 3952 1329 4004 divitias
1360 3950 1534 4019 gloriae
1587 3966 1691 4003 sua:
1714 3952 1809 4018 (5),
1840 3952 1889 4002 in
1913 3952 2052 4003 boni-

494 4057 596 4101 tate
614 4062 761 4115 super
800 4061 911 4108 uos,
938 4044 989 4096 in
1010 4040 1447 4111 Cltristo(6).Non
1470 4041 1609 4095 enim
1641 4041 1789 4094 nobis
1822 4041 2049 4094 reddidit

491 4136 735 4190 meritum
760 4152 773 4187 :
795 4134 989 4203 quippe
1005 4147 1124 4187 cum
1146 4148 1247 4185 non
1276 4133 1375 4185 hoc
1406 4132 1605 4184 meritis
1627 4147 1720 4184 nos
1740 4134 2046 4199 accipimus,

489 4227 581 4283 sed
617 4227 705 4281 Dei
734 4226 901 4297 gratia
932 4235 984 4279 et
1010 4225 1264 4277 bonitate.
1299 4222 1581 4277 Snscitavit
1609 4237 1734 4290 ergo
1768 4237 1861 4273 nos
1890 4222 2047 4275 simul

489 4317 541 4371 in
572 4317 780 4371 Christo
823 4329 981 4369 causa
1022 4314 1270 4367 bonitatis
1296 4325 1424 4373 sum,
1456 4322 1507 4363 et
1534 4313 1702 4377 gratia
1731 4326 1845 4378 ιμιιη
1883 4321 1961 4364 est
1993 4312 2045 4364 in

486 4407 721 4471 Christo,
741 4416 797 4459 ut
818 4404 1121 4458 ostenderet
1150 4401 1342 4455 futuris
1368 4402 1577 4453 saeculis
1603 4411 1654 4453 et
1672 4401 2047 4468 supervenit-n-

2161 3216 2226 3268 Et
2254 3218 2417 3271 videri
2466 3231 2639 3286 potest
2686 3221 2750 3273 de
2797 3223 3146 3289 prmsentibus
3191 3224 3391 3278 dixisse
3436 3226 3711 3295 operibus:

2160 3307 2352 3374 quippe
2369 3323 2485 3361 cum
2507 3311 2573 3361 ita
2596 3310 2859 3379 subjnnpit
2889 3324 2941 3365 ut
2968 3314 3073 3365 illis
3100 3316 3442 3367 ambulemus;

2232 3398 2388 3452 Vnus.
2416 3399 2501 3451 Η.
2523 3429 2592 3439 -
2616 3399 2862 3453 Memores
2889 3402 2938 3453 in
2962 3403 3083 3471 ipsis
3106 3402 3205 3473 (7),
3236 3407 3424 3473 iuqttit,
3448 3408 3710 3474 operibus:

2160 3489 2532 3557 utjameodetn
2557 3492 2714 3544 modo
2730 3493 3042 3549 vivamnsxt
3062 3495 3421 3565 eademopera
3446 3500 3709 3561 iaciamus,

2155 3594 2271 3646 qum
2298 3580 2435 3632 bona
2464 3590 2601 3634 sunt.
2655 3582 2855 3651 Quippe
2880 3584 2986 3652 jam
3022 3586 3273 3653 ligun-nto
3328 3603 3426 3641 suo
3459 3589 3599 3642 Deus
3622 3604 3709 3641 nos

2154 3670 2350 3721 creavit
2390 3672 2440 3722 in
2472 3669 2703 3735 Christo,
2728 3674 2962 3726 uisimus
3006 3690 3301 3729 memores:
3334 3692 3399 3731 ac
3442 3686 3707 3747 propterea

2155 3756 2308 3811 [idem
2338 3770 2647 3826 servantes,
2682 3763 2731 3813 in
2774 3761 2901 3830 ipsis
2928 3766 3035 3830 jatn
3079 3764 3330 3831 operibtts
3360 3769 3702 3820 ambulemus.

2157 3852 2222 3905 Et
2245 3869 2328 3905 vos
2353 3854 2440 3921 qui
2462 3854 2734 3923 aliquando
2756 3855 2904 3908 eratis
2923 3867 3087 3926 gentes
3110 3858 3158 3908 in
3184 3872 3355 3911 carne.
3383 3859 3573 3928 Utique
3593 3858 3703 3927 quia

2149 3942 2278 3994 dixit
2326 3944 2663 4010 ambulemus,
2697 3946 2886 4013 adjecit
2917 3956 2961 3997 et
3008 3963 3089 3998 eos
3134 3948 3303 4008 utique
3346 3950 3609 4002 ambuletis
3653 3954 3702 4000 in

2150 4033 2290 4087 bouis
2314 4038 2545 4102 operibus
2574 4053 2685 4105 qua:
2705 4039 2898 4106 pararit
2930 4039 3088 4091 Deus.
3117 4040 3226 4093 Vos
3250 4082 3262 4105 ,
3297 4042 3487 4108 inquit.
3512 4043 3593 4111 qui
3612 4043 3701 4093 ali~

2148 4128 2347 4193 quando
2379 4130 2527 4180 eratis
2555 4138 2721 4197 gentes
2753 4130 2802 4180 in
2831 4146 3001 4193 carne,
3037 4129 3084 4183 id
3108 4138 3189 4183 est
3220 4135 3490 4199 gentiliter
3517 4133 3701 4185 scutic-

2148 4216 2312 4279 batis;
2346 4225 2399 4270 et
2429 4226 2707 4286 propterea
2734 4220 3033 4279 carnaliter,
3065 4220 3113 4272 id
3138 4231 3217 4273 est
3246 4223 3422 4275 carnis
3452 4223 3698 4277 desideria

2147 4306 2427 4361 iacientes.
2450 4308 2543 4360 Cui
2573 4309 2893 4362 contrarium
2923 4309 3047 4362 illud
3088 4321 3199 4376 est,
3226 4326 3344 4365 esse
3388 4314 3439 4365 in
3466 4314 3696 4379 Christo,

2146 4397 2193 4449 id
2214 4408 2293 4451 est
2323 4400 2667 4463 Spiritualiter
2694 4401 2869 4455 vivere
2892 4443 2905 4465 ,
2942 4411 2995 4455 «ιι
3018 4404 3190 4455 otnniu
3227 4404 3519 4458 secundum
3548 4405 3695 4473 spiri-

488 4498 627 4553 tibus
652 4496 861 4551 divitias
903 4510 1043 4547 suas.
1076 4494 1217 4558 Quas
1247 4492 1494 4545 divitias?
1536 4492 1755 4560 gratiam
1791 4492 2041 4546 b0nitatis
2068 4502 2121 4560 1)
2150 4499 2254 4542 tum
2288 4492 2536 4558 Cogitnre.
2571 4490 2679 4544 Hoc
2723 4492 3026 4560 frequenter
3068 4496 3308 4562 exp05ui.
3356 4495 3546 4563 Utique
3575 4496 3694 4549 illud

485 4604 643 4656 super
665 4602 781 4641 nos.
811 4585 915 4641 Sed
936 4585 1110 4638 omnia
1142 4586 1271 4647 haec,
1308 4595 1362 4637 ut
1390 4599 1529 4651 εει)ρο
1559 4593 1736 4637 monet
1762 4595 1811 4636 et
1844 4599 1939 4650 ego
1963 4584 2042 4636 iu-

484 4682 656 4745 sinuo,
697 4680 748 4733 in
786 4676 1019 4733 Christo.
1051 4675 1124 4729 Ibi
1151 4674 1231 4745 (7)
1265 4685 1343 4729 est
1376 4675 1515 4728 enim
1547 4689 1701 4727 omne
1729 4676 2038 4745 mysterium

483 4768 888 4826 resurrectionis
930 4776 981 4820 et
1026 4776 1221 4819 nostra:
1249 4774 1303 4817 et
1341 4764 1596 4817 omnium.
1645 4764 1743 4816 Per
1769 4765 2036 4817 Christum

484 4864 625 4917 enim
656 4860 1061 4916 reconciliantur
1082 4858 1257 4912 omnia
1285 4874 1299 4908 :
1324 4857 1435 4924 ipse
1454 4856 1593 4909 enim
1612 4855 1774 4923 junua
1796 4864 1895 4920 eSI,
1926 4854 2039 4922 ipse

483 4952 801 5010 resurrectio
824 4990 839 5017 ,
875 4952 985 5021 ipse
1012 4950 1114 5003 vita
1141 4990 1157 5016 ,
1184 4958 1237 5002 et
1274 4949 1337 5001 ad
1369 4948 1575 5001 Patrem
1618 4948 1721 4999 via.

551 5130 633 5199 (1)
670 5128 826 5198 Vulg.
855 5143 867 5181 :
901 5126 1102 5181 Deus...
1130 5138 1331 5195 propter
1356 5125 1559 5178 nimiam
1598 5122 1907 5191 charitatem,
1934 5140 2034 5193 qua

481 5200 657 5255 dilexit
683 5215 791 5252 nos.

547 5270 626 5339 (‘2)
667 5269 831 5322 Codd.
862 5268 1071 5339 fecisset.

575 5334 629 5409 δ’)
661 5339 812 5407 Vulg.
849 5338 1049 5409 :Cujus
1077 5336 1230 5405 gratis
1256 5336 1373 5409 estis
1406 5334 1604 5386 saluati.

575 5346 629 5409 5)
664 5346 812 5407 Vulg.
849 5355 861 5389 :
894 5346 1049 5407 Cujus
1077 5346 1230 5405 gratis
1260 5346 1373 5388 estis
1406 5346 1604 5386 saluati.

548 5346 625 5533 ξι)
656 5409 800 5475 Vulg.
830 5425 843 5461 :
873 5406 939 5458 Et
983 5405 1387 5459 conresuscitavit
1409 5446 1423 5471 ,
1456 5415 1499 5456 et
1541 5404 1804 5457 consedere
1832 5405 1947 5473 fecit
1978 5404 2026 5456 in

548 5480 773 5533 testibus.
806 5488 911 5530 etc.

479 5480 773 5541 cmlestibus,
806 5488 911 5530 etc.

569 5549 625 5615 5)
655 5547 808 5615 Vulg.
840 5563 854 5599 :
886 5543 1073 5615 Gratia:
1095 5559 1217 5598 suae.

573 5613 628 5684 6)
658 5613 809 5684 Vulg.
834 5614 977 5669 addit
1007 5613 1151 5668 Iesu.

550 5685 627 5759 (7)
651 5685 816 5740 Codd.
842 5685 945 5737 ubi.

2146 4588 2241 4640 est,
2292 4578 2355 4633 de
2396 4580 2504 4633 Deo
2548 4582 2802 4649 cogitare,
2855 4584 2903 4635 in
2958 4584 3063 4636 Deo
3109 4600 3349 4651 sperare,
3400 4585 3592 4639 habere
3634 4584 3695 4637 ad

2146 4668 2307 4723 Deutn
2337 4671 2592 4735 animum,
2625 4673 2840 4725 tendere
2871 4673 2933 4726 ad
2968 4674 3195 4738 Putrem,
3220 4690 3541 4744 cognoscere
3562 4677 3691 4729 viam

2143 4760 2455 4815 :etrrnitatis
2488 4772 2683 4815 uestrae
2705 4762 2993 4828 Christum,
3022 4765 3240 4819 credere
3263 4782 3356 4832 per
3380 4768 3494 4835 ejus
3523 4782 3694 4822 resur-

2142 4852 2428 4905 rectionem
2454 4868 2550 4905 nos
2573 4856 2946 4908 resurrexisse.

2214 4942 2312 5009 Qui
2333 4943 2553 4995 dicimini
2582 4946 2884 5015 prtrputium
2911 4946 2971 4997 ab
3002 4962 3057 4999 ea
3085 4963 3196 5017 qute
3223 4950 3407 5002 dieitur
3437 4952 3691 5004 cirrmnci-

2316 5062 2479 5137 _V_u_|g.
2507 5081 2518 5115 :
2554 5062 2724 5137 gratia
2753 5066 2883 5118 enim
2909 5068 3021 5137 estis
3043 5068 3220 5121 saluati
3252 5088 3341 5137 per
3365 5073 3535 5136 fidem.

2316 5133 2471 5211 Yul_g_.
2506 5152 2517 5187 :
2554 5134 2672 5211 Non
2701 5151 2762 5187 ea:
2786 5136 3087 5201 operibus...
3120 5149 3171 5191 ut
3200 5131 3262 5192 ne
3286 5131 3394 5208 quis
3422 5144 3681 5211 glorietur.

2234 5202 2287 5265 3)
2318 5203 2484 5255 Codd.
2516 5206 2687 5255 merito
2713 5215 2903 5259 nostro.

2234 5208 2287 5265 ὖ)
2318 5208 2484 5255 Codd.
2516 5220 2561 5254 m

2206 5208 2283 5338 ξι)
2314 5272 2384 5323 Ita
2410 5273 2563 5325 codd.

2208 5342 2284 5420 (Si)
2317 5340 2467 5420 γηιεῖ
2496 5342 2648 5420 habet
2678 5361 2689 5395 :
2720 5342 2889 5420 Ipsius
2914 5347 3044 5420 enim
3075 5364 3246 5400 sumus
3276 5354 3475 5420 factum
3494 5392 3508 5415 ,
3533 5353 3680 5405 creati

2129 5410 2181 5462 in
2208 5407 2403 5488 Christo
2428 5411 2552 5488 Jesu
2584 5414 2630 5488 in
2662 5407 2888 5478 aperibus
2907 5416 3067 5482 bonis,
3094 5434 3205 5486 qua:
3225 5407 3522 5488 prwparttvit
3548 5422 3679 5474 Deus

2132 5490 2185 5530 ut
2214 5480 2263 5530 in
2296 5478 2395 5531 illis
2423 5482 2751 5534 ambulemus.

2201 5548 2277 5687 (δὲ
2306 5548 2470 5602 (ὶοάά.
2501 5554 2551 5603 in
2579 5566 2751 5617 opera.

2201 5620 2252 5687 (7
2307 5618 2460 5685 Vulg.
2493 5637 2505 5673 :
2536 5619 2751 5687 Propter

2200 5618 2460 5699 (7)‘Vulg.
2493 5637 2505 5673 :
2536 5619 2753 5699 Erupter
2774 5623 2927 5687 quod,
2958 5642 3196 5681 memores
3223 5638 3395 5695 estote,
3430 5631 3563 5699 quod
3589 5632 3672 5684 nli-

2127 5688 2325 5757 t/uando
2355 5703 2437 5740 vos
2456 5696 2623 5758 gentes
2643 5688 2694 5743 in
2723 5707 2889 5745 carne.
