3910 6212
281 263 412 319 19.31

1226 270 1290 324 ΙΝ
1332 272 1708 329 EPISTULA.“
1750 275 1841 330 AD
1881 274 2208 332 EPHESIOS
2246 277 2442 331 LIBER
2485 277 2526 331 l.

3382 282 3518 337 1258

289 377 365 429 sio
398 379 449 428 in
476 392 629 428 carne
654 395 807 432 manu
848 379 1001 446 facta.
1041 380 1157 439 i'os.
1202 383 1402 451 inquit,
1434 388 1581 439 eratis
1609 397 1776 455 gentes
1798 389 1849 439 in
1876 396 1921 452 Α
1953 391 2111 442 missa
2131 391 2328 443 suntin
2355 401 2549 444 (eterna
2577 393 2681 444 vita
2710 398 2761 444 et
2784 391 2872 443 Dei
2901 391 2979 461 (1)
3008 392 3199 460 gloria.

279 483 435 520 carne
455 469 578 522 dicti
608 471 688 534 (1)
734 472 801 523 ab
830 471 908 523 his
940 472 1026 538 qui
1064 473 1362 526 circumcisi
1397 486 1538 539 sunt,
1574 477 1622 528 id
1648 487 1727 529 est
1757 477 1848 530 Ju-

280 557 436 622 daais,
464 575 580 627 qua:
610 561 946 615 circumcisio
977 578 1133 615 manu
1163 563 1295 616 facta
1323 576 1424 616 est.
1460 566 1540 618 Ab
1567 565 1665 620 hac
1693 569 1848 630 igitur

282 650 716 716 circumcisione,
750 652 798 705 id
821 662 901 706 est
933 669 959 704 a
992 653 1188 708 iudicis
1214 695 1227 717 ,
1259 670 1351 707 vos
1373 654 1608 708 dicimini
1641 672 1845 725 praepu-

281 750 452 813 tium;
486 750 535 804 id
566 759 649 804 est
675 751 764 818 qui
804 752 1101 805 circumcisi
1153 769 1253 806 non
1301 755 1449 807 csds.
1495 753 1623 808 Cum
1668 766 1843 811 autem

279 840 435 906 dixit,
468 842 603 910 quod
623 843 959 897 circumcisio
985 860 1101 912 quae
1127 861 1282 897 mantt
1304 845 1441 900 facta
1469 858 1568 910 est,
1596 863 1688 900 vos
1713 863 1845 916 prae.

193 972 196 974 η
278 933 488 1000 putium
521 935 794 996 nominat;
825 935 1044 1003 intelligi
1073 936 1262 1002 voluit,
1290 951 1394 989 non
1423 952 1542 990 esse
1564 954 1590 988 a
1626 938 1844 992 lteoda-

277 1029 389 1074 tam
437 1022 896 1076 circumcisionem
929 1022 1029 1091 (εὶ),
1071 1040 1187 1092 qua:
1229 1040 1388 1077 manu
1436 1028 1569 1079 facta
1602 1039 1714 1090 est;
1748 1031 1838 1082 sed

274 1127 401 1167 esse
428 1112 646 1166 alteram
673 1113 1136 1168 circumcisionem
1162 1131 1280 1185 qua:
1307 1118 1502 1171 mentis
1532 1128 1610 1171 est
1631 1159 1645 1183 ,
1674 1129 1725 1172 et
1748 1122 1838 1174 de-

274 1203 596 1257 sideriorum
625 1206 880 1268 omnium,
909 1215 962 1257 et
988 1216 1324 1273 peccatorum
1348 1209 1604 1270 omnium,
1631 1220 1688 1261 ut
1714 1225 1837 1265 vere

273 1295 532 1347 mundum
559 1309 587 1346 a
609 1310 665 1348 se
689 1295 1053 1360 circumcidat,
1079 1305 1129 1349 et
1152 1305 1360 1364 separet
1383 1297 1637 1350 desideria
1662 1300 1835 1353 carnis

271 1385 546 1437 universa.
581 1385 715 1450 Quid
746 1386 886 1437 enim
926 1385 1137 1452 prodest
1174 1400 1386 1439 carnem
1417 1387 1828 1452 circumcidere,

269 1488 393 1527 cum
427 1474 590 1541 magis
613 1474 794 1527 vitium
817 1490 973 1527 omne
994 1490 1086 1543 per
1111 1476 1316 1530 animos
1338 1487 1541 1530 crescat
1558 1493 1620 1531 ex
1649 1480 1831 1533 carne?

267 1562 367 1617 llla
397 1563 575 1631 igitur,
597 1579 712 1632 quae
733 1580 792 1616 ex
813 1581 972 1618 carne
997 1575 1210 1633 peccata
1237 1575 1378 1625 sunt,
1405 1567 1826 1622 circumcidenda

265 1665 432 1708 sunt:
466 1663 521 1707 et
549 1655 660 1709 ha:c
688 1655 1023 1709 circumcisio
1054 1672 1155 1710 non
1203 1672 1360 1709 manu
1391 1657 1526 1711 facta
1567 1661 1698 1723 erit,
1732 1660 1826 1713 sed

2027 481 2185 534 Vtilis.
2211 482 2523 533 ili—Nunc
2553 491 2715 532 autem
2743 484 2794 532 in
2825 482 3022 534 Christo
3056 484 3131 552 (Ξ)
3153 500 3236 536 vos
3259 527 3269 546 ,
3304 487 3387 550 qui
3422 489 3516 536 ali-

1949 571 2146 632 quando
2170 572 2314 640 longe
2330 572 2501 632 eratis,
2531 572 2651 637 facti
2671 575 2785 622 estis
2804 589 2958 640 prope
2981 574 3028 623 in
3053 575 3292 642 sanguine
3305 575 3508 629 Christi.

1948 657 2130 712 Omnis
2145 660 2886 728 oratio,qn:eexhortationem
2909 672 3193 729 tenet,post
3211 667 3510 733 generalem

1946 748 2356 814 diSputationcm
2390 759 2598 803 revocat
2629 753 2942 804 sententiam
2968 754 3029 803 ad
3050 769 3138 804 ρος
3153 756 3215 805 ad
3240 770 3371 823 quos
3396 756 3510 823 epi-

1945 838 2131 889 stolam
2161 839 2365 900 scribit,
2399 839 2460 890 ad
2487 839 2743 905 Ephesios
2769 842 2989 895 scilicet.
3026 843 3184 910 Ergo,
3211 844 3397 912 inquit,
3428 861 3512 898 vos

1944 941 2153 994 quoque
2183 929 2266 996 qni
2310 929 2587 995 aliquando
2618 930 2764 999 longe
2803 933 2951 982 eratis
2979 973 2992 996 ,
3041 933 3086 983 id
3134 944 3215 985 est
3243 936 3467 1001 gentiles
3493 976 3508 999 ,

1948 1032 2086 1069 nunc
2137 1028 2312 1070 autem
2368 1020 2416 1070 in
2467 1019 2677 1072 Christo
2729 1023 2848 1089 facti
2899 1024 3012 1073 estis
3069 1027 3513 1089 quemadmodum

1949 1121 2105 1172 prope
2129 1107 2176 1156 in
2201 1112 2445 1174 sanguine
2473 1105 2661 1160 Citriin
2689 1113 2972 1175 :quouiam
3001 1127 3101 1163 non
3128 1129 3284 1179 opera
3309 1124 3509 1177 nostra,

1945 1210 2115 1262 neque
2145 1196 2359 1262 Ephesii
2387 1212 2482 1250 sua
2514 1215 2676 1265 prope
2703 1200 2829 1265 sint,
2861 1213 2914 1253 ct
2937 1204 2986 1253 iu
3016 1202 3228 1256 Christo
3251 1204 3388 1266 sint;
3415 1205 3511 1259 sed

1941 1286 2206 1353 sanguine,
2236 1287 2420 1354 inquit,
2453 1287 2663 1342 Christi.

2007 1374 2166 1428 Vens.
2207 1377 2286 1429 14.
2316 1407 2386 1416 —-
2415 1377 2478 1431 Et
2527 1381 2740 1446 exponit
2789 1382 2911 1446 quid
2960 1382 3086 1436 illud
3129 1394 3210 1437 est
3251 1386 3370 1453 quia
3415 1402 3506 1453 per

1933 1468 2240 1534 sanguinem
2268 1467 2462 1521 Christi
2493 1470 2542 1521 in
2565 1469 2774 1524 Christo
2799 1485 2999 1534 Sumus,
3033 1476 3280 1542 periidetn
3309 1487 3506 1530 tamen.

1930 1557 2051 1624 Ipse
2099 1570 2170 1613 est
2221 1563 2349 1613 enim
2403 1578 2505 1631 pax
2551 1575 2738 1618 nostra.
2789 1565 2890 1618 Per
2933 1570 3236 1637 mysterium
3304 1571 3498 1625 etenim

1931 1650 2049 1716 ejus
2091 1653 2414 1706 reconciliati
2451 1655 2558 1708 Deo
2585 1671 2766 1708 sumus
2796 1660 2953 1710 etiam
2989 1675 3090 1711 non
3132 1661 3288 1713 alieni
3333 1680 3503 1731 neque

264 1746 442 1800 aninga
470 1757 524 1801 et
544 1747 751 1814 spiritu.
786 1747 896 1800 "oc
919 1757 1096 1801 3u|en]
1127 1749 1247 1802 ideo
1272 1749 1469 1803 dictu")
1498 1793 1510 1815 ν
1543 1766 1608 1804 ne
1640 1751 1832 1818 pudeat
1861 1753 1906 1810 Β
1936 1742 2246 1796 adversarii.
2272 1743 2402 1797 CIIII]
2433 1747 2577 1799 Cllilll
2608 1748 2740 1799 alios
2772 1750 3099 1812 CttiCitalllllS,
3135 1763 3186 1805 (‘l
3208 1754 3361 1806 iiittilS
3390 1769 3503 1808 SC!"

267 1836 393 1890 illos
412 1838 549 1904 quod
577 1840 885 1906 prteputium
906 1839 1151 1891 dicuntur
1177 1857 1188 1890 :
1217 1854 1320 1892 non
1348 1840 1487 1892 enim
1511 1851 1599 1892 aut
1621 1840 1718 1893 hoc
1753 1841 1827 1912 (5)

261 1935 414 1980 extra
446 1927 753 1995 religionem
799 1929 886 1980 Dei
917 1939 995 1982 est
1023 1970 1036 1992 ,
1069 1940 1155 1982 aut
1201 1944 1326 1983 vere
1368 1930 1590 1995 dicitur;
1633 1933 1828 2001 quippe

261 2030 384 2070 cum
407 2031 435 2068 a
457 2015 678 2080 Iudaeis,
698 2034 816 2072 cum
840 2019 1044 2073 dicatur
1068 2019 1202 2073 idem
1227 2021 1293 2072 ah
1320 2036 1380 2074 ea
1405 2024 1824 2089 circumcisione,

263 2123 385 2177 quae
411 2122 569 2160 manu
610 2110 742 2163 facta
787 2119 906 2163 est:
940 2126 1059 2163 cum
1107 2111 1294 2164 melior
1321 2113 1388 2164 sit
1424 2123 1474 2166 ct
1515 2113 1690 2167 verior
1719 2117 1823 2168 cir-

257 2200 535 2265 eumcisio,
564 2215 718 2266 quam
749 2198 935 2254 fecerit
962 2201 1134 2253 anima
1179 2209 1234 2253 et
1260 2200 1475 2268 spiritus
1505 2240 1519 2265 ,
1549 2202 1826 2258 circumci-

256 2288 394 2342 dens
421 2290 596 2342 carnis
632 2291 808 2343 omnia
859 2299 1098 2357 peccata.

329 2380 493 2434 Vsus.
523 2381 936 2446 12.-—Quoniam
963 2385 1116 2435 eratis
1143 2383 1233 2436 illo
1256 2393 1471 2454 tempore
1484 2385 1821 2440 sineChristo.

258 2471 393 2525 Cum
434 2472 569 2523 enim
615 2481 797 2540 gentes
823 2477 1003 2538 eratis,
1036 2474 1215 2542 utique
1237 2475 1349 2528 sine
1378 2475 1592 2530 Christo
1619 2479 1782 2533 eratis
1810 2498 1822 2531 :

256 2571 438 2630 itaque
485 2578 694 2630 semper
742 2564 1012 2629 Christus;
1056 2567 1147 2619 sed
1195 2568 1513 2636 quicumque
1563 2571 1826 2637 receperit

253 2651 540 2719 Christum,
567 2656 615 2708 in
641 2670 762 2709 eum
794 2656 1075 2723 sumpserit
1110 2656 1296 2719 tidem;
1345 2666 1468 2710 tunc
1515 2661 1664 2727 quasi
1716 2661 1821 2713 cir-

253 2746 519 2799 cumcisus
549 2753 649 2806 est,
678 2754 731 2798 et
778 2754 902 2798 tunc
931 2746 1030 2798 erit
1064 2746 1114 2798 iu
1144 2746 1570 2813 circumcisione,
1597 2747 1688 2801 scd
1717 2764 1820 2801 non

253 2855 414 2893 manu
462 2839 616 2893 facta.
674 2840 810 2908 Ergo
851 2838 968 2892 ideo
1014 2839 1327 2907 praeputium
1359 2839 1542 2902 eratis,
1572 2842 1821 2909 quoniam

253 2943 360 2982 non
407 2929 566 2982 eratis
601 2944 719 2982 cum
759 2928 988 2982 Christo.
1023 2929 1085 2982 Et
1107 2929 1206 2982 hoc
1233 2929 1490 2998 adjungit,
1523 2945 1626 2982 non
1661 2931 1822 2984 eratis

252 3021 363 3074 veri
389 3018 553 3072 Judmi
586 3019 792 3072 alienati
816 3035 846 3070 a
885 3020 1259 3072 conversatione
1299 3019 1481 3073 Israel.
1517 3019 1651 3073 Vera
1680 3022 1820 3075 enim

1934 1832 2238 1899 vicbamus,
2273 1835 2422 1900 quasi
2471 1836 2666 1889 belhnn
2711 1837 3032 1892 habebamus
3060 1857 3175 1894 cum
3221 1843 3408 1907 Patre,
3454 1843 3504 1896 id

1935 1928 2017 1972 est
2048 1936 2165 1974 cum
2202 1924 2327 1976 Deo.
2377 1927 2444 1977 At
2493 1927 2698 1980 medius
2742 1927 2986 1982 Christus
3025 1933 3278 2000 mysterio
3319 1949 3413 1985 suo
3452 1943 3506 1986 et

1932 2012 2180 2078 passione
2207 2016 2572 2070 reconciliavit
2597 2033 2693 2070 nos
2722 2019 2770 2070 in
2802 2035 2877 2072 sc.
2909 2022 3040 2087 Ergo
3070 2039 3174 2088 pax
3195 2034 3388 2086 nostra,
3417 2025 3504 2092 qui

1931 2103 2050 2170 fecit
2073 2114 2284 2170 utraque
2321 2123 2511 2169 unum;
2541 2118 2586 2160 et
2610 2110 2826 2161 medium
2861 2115 3099 2180 parietem
3141 2117 3367 2167 materia:
3390 2116 3503 2169 so!-

1932 2205 2069 2253 vens,
2117 2194 2407 2248 inimicitias
2445 2198 2497 2250 in
2536 2214 2686 2250 carne
2715 2216 2826 2251 sna.

2002 2279 2158 2334 Vens.
2183 2283 2524 2354 iii—Legem
2544 2289 2912 2354 mandatorum,
2929 2291 2978 2342 in
2999 2292 3209 2344 decretis
3230 2311 3494 2363 et'acttans.

1927 2368 2055 2432 Pax,
2083 2371 2269 2438 inquit,
2299 2385 2473 2427 nostra
2497 2373 2536 2427 C
2562 2378 2738 2429 n'istus
2760 2387 2839 2430 est
2867 2396 3053 2446 :quem
3075 2391 3125 2433 et
3145 2383 3267 2434 alibi
3296 2386 3497 2438 media-

1927 2466 2092 2511 torctn
2133 2463 2379 2527 appellat.
2406 2463 2520 2532 Ipse
2546 2467 2684 2518 enim
2717 2482 2774 2520 se
2804 2469 3118 2537 interposuit
3163 2473 3298 2526 inter
3325 2475 3492 2528 divisa

1925 2565 2106 2618 regna,
2128 2569 2245 2606 eum
2267 2556 2455 2607 animus
2477 2572 2505 2608 a
2537 2557 2627 2610 Dei
2654 2557 2797 2612 fonte
2814 2572 2966 2624 natm,
3002 2563 3052 2614 in
3078 2561 3177 2614 hoc
3202 2565 3396 2617 mundo
3416 2573 3498 2619 tc-

1924 2651 2146 2694 neantur
2161 2644 2240 2695 vel
2265 2651 2570 2699 tenerentur
2597 2659 2679 2699 :ut
2701 2649 3054 2703 interCederet
3075 2653 3280 2704 medius
3297 2655 3491 2720 paries,

1923 2732 2068 2798 quasi
2102 2747 2268 2799 smpes
2293 2749 2353 2788 ac
2385 2737 2629 2797 maceria,
2650 2753 2740 2803 per
2765 2738 3036 2791 illecvhras
3068 2743 3242 2793 carnis
3257 2752 3306 2795 et
3341 2761 3491 2797 mun-

1923 2819 2088 2874 danas
2113 2823 2445 2891 cupiditates.
2476 2826 2718 2879 Christus
2747 2832 3001 2896 mysterio
3031 2844 3126 2883 suo
3154 2841 3208 2884 et
3239 2847 3398 2887 carne
3440 2844 3496 2888 et

1936 2913 2182 2977 passione
2212 2923 2263 2966 et
2293 2913 2570 2982 disciplina
2597 2917 2825 2970 medium
2853 2920 3004 2971 istum
3028 2922 3276 2988 parietem
3309 2926 3488 2989 Solvit,

1922 3001 1972 3055 id
2003 3013 2084 3056 est
2104 3004 2321 3058 vincens
2350 3021 2563 3061 carnem
2587 3019 2639 3062 et
2663 3009 2969 3063 vincendam
2999 3014 3216 3078 docens,
3240 3027 3293 3070 et
3313 3020 3493 3072 mundi

253 3111 370 3180 ejus
397 3109 750 3173 conversatio,
783 3110 824 3162 si
879 3108 1168 3163 secundum
1213 3110 1454 3177 spiritum
1492 3112 1818 3174 sentiamus,

1930 3095 2242 3162 Cttpidilales
2268 3097 2480 3151 solvens
2511 3115 2572 3154 ac
2598 3100 2878 3154 solvendas
2903 3103 3123 3168 docens,
3149 3107 3376 3161 medium
3403 3125 3493 3178 pa-

253 3214 308 3257 et
337 3201 625 3256 secundum
664 3200 904 3270 spiritum
935 3201 1190 3267 vivamus,
1222 3210 1274 3254 et
1304 3200 1514 3256 Christo
1541 3203 1820 3256 circumci-

251 3291 440 3345 damur
467 3308 495 3345 a
525 3292 822 3345 carnalibus
855 3290 1148 3344 desideriis.

323 3399 390 3454 Et
429 3401 644 3470 hospites
675 3410 1110 3463 testamentorum,
1151 3401 1503 3471 promissionis
1529 3417 1709 3455 eorum
1737 3402 1816 3472 (5)

251 3509 390 3563 spent
412 3509 512 3545 non
540 3492 792 3553 habentes,
819 3503 861 3544 et
882 3492 989 3545 sine
1021 3490 1126 3544 Deo
1147 3493 1197 3544 in
1226 3493 1320 3544 hoc
1343 3493 1554 3545 mundo.
1585 3491 1690 3545 l‘luc
1711 3502 1813 3556 est,

252 3579 439 3658 gentes
467 3591 664 3648 eratis;
695 3592 750 3637 et
773 3586 891 3652 quia
922 3585 1053 3637 nihil
1082 3585 1317 3652 agebatis
1347 3600 1464 3636 etnn
1488 3581 1698 3636 Christo
1718 3625 1730 3647 ,
1763 3592 1816 3636 et

251 3679 412 3734 eratis
439 3678 552 3730 sine
571 3675 783 3730 Christo
801 3717 813 3739 ,
839 3675 1057 3733 idcirco.
1091 3674 1277 3742 inquit,
1305 3690 1406 3727 nou
1431 3675 1592 3728 cratis
1616 3676 1664 3726 in
1689 3690 1815 3728 eon-

252 3769 551 3824 versatione
581 3766 774 3828 Israel,
819 3765 1012 3818 idcirco
1047 3763 1280 3828 hospites
1325 3765 1486 3818 eratis
1531 3773 1814 3817 testamen-

251 3869 447 3923 torum,
480 3858 528 3911 id
552 3866 634 3910 est
663 3857 872 3908 alienati
905 3863 1240 3907 testamento.
1261 3853 1393 3920 Quid
1424 3863 1503 3907 est
1529 3862 1813 3907 testamen-

255 3951 399 4004 tum?
427 3965 455 4001 a
487 3949 837 4016 promissione
858 3954 1286 4000 testamentorum
1309 3963 1321 4008 ς
1356 3946 1456 3999 hoc
1485 3955 1563 3999 est
1591 3946 1812 4012 promis-

252 4039 421 4092 sionis
448 4053 628 4092 eorum
673 4053 789 4106 quae
834 4036 970 4089 Deus
1007 4035 1323 4103 promiserat
1368 4050 1460 4102 per
1491 4043 1806 4089 testamenta

251 4144 366 4192 sua,
389 4129 437 4180 id
467 4137 546 4181 est
573 4143 664 4194 per
689 4128 992 4195 prophetas,
1026 4141 1172 4195 spem
1207 4141 1308 4178 non
1340 4126 1594 4180 habentes
1624 4144 1636 4178 :
1668 4125 1808 4180 scili-

249 4228 338 4275 cet
378 4217 741 4284 promissionis
786 4231 970 4269 eorum
1022 4230 1167 4284 spem
1217 4230 1320 4268 non
1367 4214 1641 4268 habentes.
1675 4213 1804 4267 Cum

251 4312 392 4366 enim
441 4309 628 4363 essetis
668 4307 780 4360 sine
820 4305 1033 4359 Christo
1076 4321 1179 4360 non
1231 4305 1378 4359 vobis
1425 4305 1806 4373 promittebatis

251 4416 398 4470 spem
447 4396 806 4467 promissionis
849 4410 1031 4449 eorum
1080 4404 1517 4449 testamentorum
1557 4413 1569 4447 :
1611 4395 1803 4462 quippe

251 4506 368 4544 cum
399 4490 466 4540 ab
494 4488 572 4540 his

250 4581 382 4642 Deo.
407 4580 456 4633 id
495 4588 576 4632 est
616 4580 729 4633 sine
755 4576 986 4631 Christo.
1019 4579 1105 4632 Sic
1135 4579 1275 4630 enim
1307 4577 1440 4630 dixit
1483 4593 1596 4630 cum
1640 4577 1806 4630 essetis

248 4677 356 4728 sine
371 4672 588 4725 Christo.
613 4670 750 4724 Eet'e
765 4670 913 4723 ethic
934 4672 1090 4722 licunt
1111 4668 1378 4722 Christum
1398 4667 1681 4734 appellavit
1700 4665 1802 4736 (5).

249 4762 450 4818 Deinde
472 4769 647 4829 potest
667 4761 882 4826 intelligi
906 4759 1020 4812 sine
1045 4760 1172 4821 Deo,
1200 4757 1317 4827 quia
1343 4772 1406 4810 ex
1432 4756 1642 4809 Christo
1666 4757 1802 4808 Deus

249 4863 346 4907 est.
391 4851 563 4906 Eratis
593 4857 767 4903 autem
801 4850 850 4901 in
887 4848 984 4901 hoc
1015 4846 1207 4900 mundo
1236 4847 1350 4899 sine
1383 4846 1509 4899 Deo.
1540 4846 1662 4898 Sine
1693 4845 1800 4898 Deo

248 4943 380 4996 vivit
401 4982 418 5008 ,
451 4951 502 4993 et
533 4939 724 5005 hospes
769 4946 850 4992 est
877 4953 906 4991 a
945 4938 1216 5006 promissis
1248 4945 1678 4992 testamentorum
1704 4976 1718 5000 ,
1748 4943 1802 4989 et

249 5033 385 5087 alius
413 5045 443 5085 a
465 5044 590 5084 vero
618 5027 799 5090 Israel,
828 5028 911 5082 cui
931 5027 1122 5082 cmlum
1144 5034 1201 5082 et
1214 5041 1376 5096 regna
1399 5026 1656 5081 caelorum
1680 5040 1798 5095 pro-

423 5220 588 5296 Codd.
612 5220 697 5290 qui
724 5233 820 5289 pro
839 5219 977 5274 dicti.
1279 5288 1293 5296 _
1561 5294 1568 5296 Α
1724 5285 1734 5296 σ

344 5288 413 5374 2).
434 5288 632 5372 {Nempe
659 5288 959 5344 sermonem
985 5304 1088 5344 non
1120 5303 1238 5345 esse
1262 5288 1329 5344 de
1369 5288 1457 5343 illa
1486 5294 1667 5342 vetere
1690 5288 1796 5340 cir-

248 5362 588 5416 conicisione.

318 5431 396 5498 (5)
424 5429 589 5484 Codd.
617 5445 678 5484 ea:
705 5430 816 5482 hoc.

433 5499 866 5576 Eorumdeestin
893 5499 1048 5576 Vulg.
1181 5567 1240 5576 ω
1286 5575 1289 5576 ν
1364 5567 1377 5576 _
1421 5567 1432 5576 _
1487 5566 1500 5576 _
1587 5563 1640 5576 Μ
1694 5564 1706 5576 ο

345 5501 396 5570 4)
433 5501 619 5552 Eorum
645 5501 793 5552 deest
815 5501 866 5552 in
893 5501 1048 5568 Vulg.
1694 5564 1706 5576 ο

317 5501 396 5639 i5)
435 5568 564 5639 Nota
607 5584 787 5623 rursus
826 5568 1158 5639 prazclarunr
1181 5567 1434 5639 Victorini
1470 5566 1537 5622 de
1581 5563 1796 5620 Christo

249 5637 355 5695 Deo
380 5637 782 5702 testimonium;
809 5648 862 5692 et
891 5637 1062 5692 recole
1081 5637 1183 5691 col.
1220 5637 1372 5692 1147.

713 5728 980 5788 Ρλπίοι.
1014 5727 1175 5788 Vill.

1923 3185 2110 3238 rietent
2142 3189 2355 3240 sustulit
2383 3207 2396 3242 :
2431 3191 2480 3241 in
2513 3206 2676 3244 carne
2709 3203 2904 3254 tamen,
2936 3195 3123 3260 inquit,
3155 3212 3279 3252 suas
3312 3200 3488 3254 inimi-

1920 3276 2074 3329 citias
2104 3278 2288 3345 utique
2318 3279 2548 3333 solvens.
2594 3280 2732 3349 Ergo
2775 3298 2876 3335 non
2919 3289 3084 3338 nostri
3132 3287 3328 3340 laboris
3358 3300 3477 3356 est,

1919 3366 2058 3432 quod
2090 3379 2235 3433 smpe
2276 3382 2486 3432 moneo,
2519 3377 2692 3422 ntnos
2733 3370 3032 3433 solvamus;
3078 3373 3166 3425 sed
3209 3377 3317 3427 sola
3351 3377 3482 3430 tides

1924 3455 1974 3507 in
2005 3455 2271 3509 Christum
2318 3458 2469 3510 nobis
2499 3459 2644 3512 salus
2672 3469 2771 3512 est.
2802 3460 2895 3514 ille
2933 3462 3069 3514 enim
3103 3464 3258 3517 solvit
3296 3480 3484 3520 omnes

1918 3546 2216 3601 inimicitias
2243 3551 2293 3602 in
2323 3565 2482 3603 carne
2503 3566 2616 3604 sua.
2647 3551 2773 3606 ltetn
2801 3554 2958 3606 solvit
2987 3565 3038 3607 et
3070 3557 3234 3624 legem
3267 3559 3482 3612 manda-

1917 3644 2113 3701 torum,
2160 3640 2209 3691 iu
2241 3640 2450 3693 decretis
2496 3657 2742 3695 evacuans
2784 3658 2922 3708 eam,
2957 3654 3012 3697 ut
3039 3661 3145 3698 non
3189 3665 3280 3715 per
3319 3665 3481 3717 opera

1915 3743 2088 3797 neque
2116 3744 2211 3798 per
2251 3731 2492 3785 Sabhata.
2526 3733 2641 3800 ipsa
2673 3735 2813 3787 enim
2843 3735 3055 3790 decreta
3099 3750 3218 3792 sunt
3265 3740 3314 3793 iu
3364 3743 3481 3811 lego

1914 3818 2133 3890 ipsaque
2158 3821 2401 3874 mandata
2437 3840 2448 3875 :
2481 3824 2743 3894 nuuc(5),
2771 3827 3002 3894 inquam,
3031 3831 3324 3894 hujnsmodi
3355 3850 3480 3897 pra:-

1913 3921 2064 3979 cepta
2094 3913 2551 3980 Observationum,
2583 3932 2698 3984 quae
2722 3920 3004 3972 earnaliter
3029 3920 3295 3976 intellecta
3334 3933 3476 3991 sunt,

1911 4006 2187 4058 evacuavit
2216 4005 2476 4060 Christus.
2505 4007 2707 4072 Quibus
2731 4010 2997 4064 evacuatis
3019 4053 3033 4076 ,
3063 4013 3297 4067 medium
3330 4017 3471 4084 quod

1911 4095 2306 4162 intercesserat,
2327 4097 2589 4152 sublatum
2613 4110 2713 4153 est:
2734 4115 2830 4153 nec
2847 4101 3038 4155 animae
3057 4104 3163 4170 jam
3186 4103 3483 4174 impediun-

1911 4193 1995 4237 tur
2022 4186 2172 4252 quasi
2196 4187 2405 4254 objecta
2432 4187 2646 4249 mundo,
2679 4188 2728 4242 id
2749 4199 2830 4243 est
2859 4192 3228 4258 cupiditatibus
3259 4195 3480 4248 munda-

1912 4272 2016 4334 nis,
2049 4281 2102 4326 ct
2133 4274 2509 4340 intellectibus,
2543 4285 2596 4328 et
2617 4276 2904 4330 desideriis
2930 4281 3126 4333 scilicet
3151 4283 3471 4350 carnalibus,

1905 4378 1972 4417 ne
2002 4364 2217 4417 videant
2241 4365 2425 4429 Deum,
2456 4375 2801 4430 cognosrant.
2832 4380 3138 4434 sequantur,
3165 4373 3321 4424 etiam
3349 4388 3469 4428 cum

605 4487 835 4554 hospites
864 4484 1050 4538 essetis
1077 4494 1130 4539 et
1153 4483 1310 4538 alieni
1333 4525 1347 4547 ’
1390 4494 1442 4538 el
1470 4454 1661 4537 esse”;
1689 4454 1802 4537 s'iile
1827 4460 1882 4520 Ι)
1907 4468 1970 4507 eo
1998 4454 2177 4522 juncta
2207 4455 2334 4507 sint.
2365 4455 2475 4508 Hoc
2499 4457 2638 4507 enim
2662 4455 2811 4509 ducet
2844 4464 2895 4510 ut
2924 4458 3022 4510 duo
3044 4461 3276 4514 conderet
3312 4464 3360 4515 in
3382 4481 3467 4517 se-

1908 4543 2138 4610 metipso.
2163 4542 2214 4594 in
2244 4559 2344 4596 uno
2374 4559 2498 4595 novo
2537 4544 2953 4610 hominefacieus
3006 4565 3176 4615 pacem
3215 4549 3310 4616 (4).
3348 4552 3463 4606 Dixi

1907 4646 2041 4698 quos
2070 4632 2206 4696 duo;
2236 4631 2474 4692 animas.
2503 4643 2556 4686 et
2584 4635 2855 4700 superiora
2887 4635 2997 4697 illa,
3031 4647 3225 4690 a-terna
3266 4641 3467 4697 scilicet

1904 4730 1958 4775 et
1986 4721 2264 4790 spiritalia.
2297 4723 2430 4776 Cum
2465 4721 2540 4790 (5)
2571 4725 2682 4791 ipse
2713 4724 2974 4787 Salvator,
3022 4728 3106 4792 qui
3139 4730 3350 4796 Spiritus
3382 4743 3466 4786 est

1911 4819 1963 4865 et
1995 4821 2210 4866 sanctus
2241 4811 2494 4880 Spiritus,
2527 4810 2579 4865 in
2609 4813 2814 4865 animas
2841 4813 3129 4876 descendit,
3157 4819 3331 4884 juusit
3359 4823 3464 4877 duo

1907 4903 2182 4969 superiora
2216 4900 2470 4969 spiritalia
2490 4941 2504 4966 ,
2537 4909 2590 4954 et
2618 4903 2821 4955 animus
2852 4905 3116 4970 spiritales
3154 4923 3270 4961 esse
3301 4911 3422 4966 fecit
3443 4958 3458 4980 ,

1902 4999 1956 5045 et
1982 4992 2220 5046 condidit
2251 4993 2301 5046 in
2333 4992 2620 5060 semetipso
2652 4991 2703 5045 in
2731 5008 2856 5056 uno,
2894 4997 3094 5065 inquit,
3125 5013 3261 5052 novo
3285 5001 3459 5058 homi-

1902 5095 1991 5135 ne.
2012 5079 2188 5135 Novus
2214 5090 2389 5137 autem
2411 5082 2497 5150 qui
2525 5090 2608 5135 est
2633 5081 2828 5135 homo?
2853 5085 3296 5152 spiritaliszvetus
3313 5092 3453 5146 enim

1901 5171 2144 5226 animalis
2165 5181 2266 5237 est,
2301 5181 2354 5227 ct
2383 5170 2582 5226 exinde
2606 5172 2850 5226 carnalis.

1965 5283 2044 5352 (1)
2075 5282 2238 5336 Codd.
2275 5282 2400 5337 Deo.

1966 5351 2046 5420 (2)
2077 5353 2224 5420 Vulg.
2255 5353 2400 5406 addit
2424 5351 2564 5406 Jesu.

1969 5422 2048 5495 (5)
2075 5422 2239 5495 Codd.
2258 5439 2390 5495 non,
2420 5425 2640 5495 inquam,
2676 5436 2764 5495 per
2792 5422 3104 5495 hujusmodi,
3137 5437 3236 5482 etc.

1967 5489 2046 5560 (4)
2077 5492 2144 5545 ΑΙ.
2174 5491 2326 5559 Vulg.
2357 5491 2513 5568 habet
2546 5509 2558 5540 :
2593 5489 2828 5568 Ut‘Deus
2858 5489 3049 5548 'condat
3092 5489 3142 5549 in
3187 5499 3446 5568 semetipso

1899 5562 1952 5614 in
1976 5559 2129 5630 unum
2160 5577 2341 5613 novum
2367 5559 2612 5613 hominem
2651 5559 2840 5628 faciens
2873 5579 3064 5630 pacem.

1973 5629 2050 5698 (5)
2080 5630 2244 5686 Codd.
2268 5645 2382 5698 quo.

2873 5721 2950 5782 1ιο
