3910 6212
476 309 612 367 £9.59

1662 304 1848 361 MAR“
1914 300 2250 361 VICTORINI
2291 304 2446 361 AF!“

3566 304 3697 361 12Εο

546 419 784 485 Faciem,
808 418 993 487 inquit,
1027 416 1297 484 pacem:id
1325 424 1408 471 est
1434 414 1668 470 discissis
1694 424 1747 470 et
1773 415 2030 485 separatis
2058 415 2107 475 Α
2133 417 2518 484 quodammodo
2560 433 2803 488 geramus
2850 420 2899 473 in
2933 420 3119 475 Deum.
3172 420 3285 475 Hoc
3315 426 3419 483 est,
3463 420 3691 488 inquam,

476 521 531 569 et
576 510 925 581 pugnantibus
945 549 960 573 ,
992 508 1043 563 id
1070 518 1151 563 est
1178 506 1370 560 animis
1395 505 1460 560 ad
1507 514 1713 560 terrena
1740 506 1957 573 dilapsis
1983 514 2037 559 et

476 611 685 658 terrena
711 600 1070 671 sequentibus,
1090 608 1144 654 et
1174 598 1368 652 idcirco
1390 598 1802 667 repugnantibus
1819 596 1901 649 his
1920 610 2035 665 qua:

480 693 710 749 caslestia
742 700 864 745 sunt
893 699 945 745 et
971 689 1256 758 spiritalia;
1282 703 1485 757 pacem,
1518 688 1703 756 inquit,
1737 686 1877 749 fecit;
1909 684 2033 739 dum

472 779 1095 850 reconciliavitspiritalia
1125 788 1178 833 et
1206 779 1406 841 Deum;
1448 786 1503 831 ut
1526 778 1634 845 jam
1666 792 1826 830 unum
1858 775 2036 828 animo

474 873 726 938 sentiant,
764 886 922 926 unum
962 870 1159 932 colant,
1185 884 1345 922 unum
1368 869 1494 933 sint,
1521 866 1723 922 scilicet
1750 865 2032 935 spiritales.

546 965 709 1019 Vsus.
767 964 859 1018 id.
889 992 958 1004 ——
983 962 1047 1017 Et
1085 970 1139 1015 ut
1186 960 1435 1014 exhiberet
1478 968 1522 1011 et
1560 956 1905 1010 reconciliaret
1929 972 2035 1008 am-

470 1060 557 1112 bos
595 1057 647 1109 in
700 1071 800 1109 uno
853 1070 1093 1124 corpore,
1148 1053 1257 1106 Deo
1306 1048 1405 1120 (i).
1437 1048 1693 1119 Jungens,
1732 1046 1939 1117 inquit.
1978 1055 2035 1099 ut

473 1148 705 1203 diximus
736 1157 788 1200 et
816 1145 1023 1200 animas
1051 1156 1103 1200 et
1124 1144 1367 1214 spiritum
1390 1182 1405 1206 ,
1436 1156 1619 1209 pacem
1646 1139 1780 1195 fecit
1809 1157 1822 1193 :
1855 1150 1911 1194 ut
1939 1153 2033 1193 ex-

470 1238 681 1293 hiberet
707 1234 1025 1306 conjunctos
1044 1234 1178 1289 dnos
1205 1234 1322 1287 illos
1347 1232 1613 1302 quondam
1640 1240 1939 1301 separatos,
1979 1238 2035 1284 et

473 1327 842 1383 reconciliaret
857 1327 987 1381 Deo.
1012 1324 1077 1379 In
1108 1340 1229 1387 uno,
1257 1323 1450 1392 inquit,
1475 1338 1719 1392 corpore;
1756 1321 1806 1375 id
1827 1329 1910 1375 est
1931 1360 1946 1383 ,
1974 1328 2032 1373 ut

468 1418 581 1486 ipsa
613 1417 787 1470 anima
817 1415 925 1485 jam
958 1415 1176 1483 spiritus
1214 1428 1331 1465 cum
1363 1420 1537 1477 esset,
1566 1420 1619 1465 et
1656 1410 1769 1479 ipse
1811 1409 2033 1479 spiritus

470 1524 588 1563 cum
612 1508 720 1577 jam
743 1507 973 1561 animam
996 1506 1097 1560 sibi
1126 1504 1437 1569 vindicaret,
1462 1511 1606 1558 esset
1628 1517 1789 1557 unum
1810 1516 2025 1572 corpus,

468 1598 607 1668 quod
638 1598 804 1653 fuerat
831 1606 985 1651 antea
1015 1604 1341 1666 separatum.
1389 1593 1493 1649 Sed
1535 1593 1621 1647 hic
1657 1608 1850 1662 corpus
1892 1595 2031 1649 acci-

467 1690 674 1761 piamus
705 1689 828 1742 item
868 1686 1254 1756 cOpulationem
1283 1725 1298 1750 ,
1340 1696 1395 1737 ut
1436 1682 1788 1738 substantiam
1834 1696 2025 1750 unam;

2138 521 2317 575 pacem
2348 508 2709 579 evangelizare
2750 524 2931 564 rursus
2969 510 3108 579 quod
3146 510 3278 564 dixit
3313 518 3368 564 et
3391 511 3481 579 qui
3516 512 3694 580 longe,

2135 606 2188 650 et
2217 598 2294 651 Isis
2319 600 2407 668 qui
2428 600 2573 662 iuxta
2598 600 2661 655 ad
2691 598 2741 654 id
2768 600 3101 655 referendum
3134 600 3274 669 quod
3302 610 3383 654 est
3416 600 3619 655 Judzeis
3648 608 3699 654 et

2136 687 2401 755 gentibus.
2436 688 2673 759 Namque
2711 690 2861 759 juxta
2908 702 3031 746 sunt
3064 690 3231 745 Judaei
3278 690 3507 753 scilicet,
3546 691 3697 761 lenge

2136 785 2309 831 autem
2337 788 2542 847 gentes.
2574 780 2645 833 At
2671 795 2795 834 vero
2825 782 3069 849 quoniam
3092 782 3203 850 ipse
3225 782 3469 837 Salvator
3496 784 3697 852 accepit

2136 870 2462 938 evangelium
2495 878 2552 924 ut
2598 871 2650 924 in
2687 879 2871 941 gentes
2900 873 3260 941 pronuntiaret
3297 874 3495 937 Deum,
3526 875 3697 942 primo

2136 958 2260 1012 illud
2293 961 2493 1028 posuit;
2535 970 2591 1015 ut
2627 977 2753 1017 vere
2796 964 2953 1017 etiam
3001 964 3239 1019 Christus
3286 964 3578 1020 adveniens
3617 966 3698 1020 his

2136 1048 2502 1115 pronuntiaret
2542 1063 2745 1119 pacem,
2784 1052 2871 1121 qui
2899 1053 3053 1123 longe
3086 1063 3227 1119 sunt,
3260 1056 3310 1109 id
3336 1066 3419 1111 est
3448 1058 3696 1127 gentibus

2134 1138 2266 1193 sicut
2287 1140 2463 1194 multis
2508 1142 2667 1197 rebus
2695 1144 3009 1198 ostenditur.
3046 1144 3171 1200 Nam
3209 1156 3262 1201 et
3307 1148 3561 1204 meliores
3601 1149 3695 1203 ﬁlii

2133 1229 2379 1286 dicuntur
2420 1233 2507 1303 qui
2554 1248 2617 1289 ex
2662 1235 2907 1305 gentibus
2954 1236 3020 1290 ad
3066 1238 3435 1293 credulitatem
3474 1240 3696 1293 veniunt

2131 1336 2287 1390 quam
2315 1336 2381 1378 ex
2423 1321 2636 1380 Iudaeis.
2671 1324 3044 1382 Verumtamen
3076 1344 3139 1383 ne
3167 1338 3217 1383 et
3247 1329 3350 1384 illis
3387 1341 3693 1400 negaretur,

2131 1409 2438 1480 adjunctum
2466 1421 2520 1467 et
2548 1413 2627 1468 his
2645 1415 2729 1484 qui
2746 1418 2900 1487 juxta
2924 1428 3059 1471 sunt.

2200 1499 2362 1556 Vens.
2406 1501 2491 1559 18.
2546 1532 2617 1545 -
2644 1503 2893 1570 Quoniam
2922 1524 3011 1575 per
3046 1509 3210 1578 ipsum
3244 1525 3499 1564 accessum
3542 1498 3691 1565 Iuibe-

2130 1605 2241 1644 rnus
2270 1592 2467 1662 utrique
2489 1594 2542 1649 in
2574 1611 2675 1648 uno
2700 1596 2879 1667 spiritu
2914 1597 2982 1650 ad
3004 1608 3194 1669 patrem
3220 1599 3317 1671 (l).
3362 1600 3596 1670 Utrique,
3633 1610 3694 1656 ut

2129 1682 2260 1749 dixi,
2290 1693 2344 1738 et
2382 1683 2550 1740 Judaei
2583 1696 2635 1741 et
2658 1697 2847 1759 gentes
2873 1705 2968 1759 per
3014 1693 3183 1759 ipsum
3213 1691 3484 1747 Christum
3531 1693 3694 1749 habe-

466 1780 605 1851 qnod
635 1787 719 1833 est
744 1778 964 1833 cmleste
992 1789 1184 1845 corpus
1218 1784 1273 1829 et
1299 1776 1351 1828 in
1392 1774 1629 1828 aeternis.
1664 1771 1867 1841 Corpus
1896 1788 2027 1843 quo-
2058 1773 2104 1832 B
2132 1787 2251 1827 mus
2291 1788 2559 1829 accessum
2606 1776 2673 1829 ad
2705 1787 2927 1846 patrem.
2974 1777 3077 1833 Sed
3131 1780 3436 1848 quomodo?
3485 1780 3540 1835 in
3587 1796 3693 1835 uno

467 1868 624 1922 modo
650 1866 853 1921 dictum
880 1865 997 1921 est?
1025 1865 1091 1919 de
1131 1864 1353 1917 Domino
1384 1871 1565 1916 nostro
1604 1861 1731 1916 Jesu
1777 1860 2023 1928 Christo;

467 1957 605 2027 quod
654 1956 945 2026 corporalis
990 1954 1286 2009 substantia
1324 1959 1405 2007 est
1430 1952 1675 2007 Christus
1703 1952 2027 2021 corporalis-

466 2062 567 2116 que
607 2045 873 2116 maiestas.
922 2043 1022 2097 Per
1065 2060 1265 2097 carnem
1300 2042 1603 2111 interﬁciens
1639 2042 1930 2096 inimicitias
1974 2043 2027 2094 in

465 2138 752 2207 semetipso.
782 2136 893 2189 Hoc
920 2143 1096 2189 autem
1144 2144 1229 2189 est
1272 2134 1582 2203 mysterium
1623 2134 1799 2188 crucis
1826 2174 1841 2197 ,
1887 2141 1943 2187 ut
1973 2134 2024 2187 in

466 2244 675 2300 pinnam
707 2229 1019 2282 tollerentur
1046 2226 1246 2291 omnia,
1271 2240 1390 2295 qua:
1418 2224 1628 2279 inimica
1672 2233 1796 2278 sunt
1834 2224 2026 2278 animis

464 2330 516 2376 et
543 2320 753 2391 spiritui
782 2328 997 2382 nostro;
1031 2317 1083 2373 id
1112 2326 1195 2372 est
1219 2315 1485 2371 desideria
1513 2315 1775 2370 mundana
1802 2356 1816 2380 ,
1848 2314 2025 2369 carnis

469 2409 807 2480 cupiditates,
841 2409 1063 2477 ipsaque
1091 2420 1215 2460 caro
1244 2404 1472 2475 quodam
1497 2403 1655 2457 modo
1676 2411 1927 2469 corrupta
1948 2407 2027 2454 at-

462 2516 564 2571 que
591 2500 803 2555 vitiosa.
833 2499 933 2553 Per
956 2514 1168 2552 carnem
1198 2512 1326 2566 ergo
1359 2493 1602 2550 Christus
1634 2493 1897 2548 interiecit
1926 2493 2025 2547 ini-

460 2593 709 2657 micitias,
734 2592 785 2647 id
809 2601 893 2648 est
917 2592 1094 2645 omnia
1122 2589 1342 2645 adversa
1363 2588 1575 2644 animis.
1599 2588 1665 2642 Et
1693 2587 1780 2644 ubi
1808 2587 2025 2643 interie-

460 2687 566 2743 cit‘l
595 2688 648 2741 in
676 2684 959 2754 semetipso.
992 2684 1115 2739 Ideo
1141 2684 1283 2739 enim
1312 2681 1600 2751 assumpsit
1624 2694 1862 2747 carnem,
1890 2690 1946 2735 ut
1967 2680 2020 2733 in

461 2778 747 2847 semetipso
771 2777 1011 2830 vinceret
1039 2790 1283 2838 carnem;
1312 2782 1367 2827 et
1396 2773 1473 2827 sic
1510 2786 1605 2841 per
1632 2786 1845 2825 carnem
1876 2770 2022 2825 carni

462 2866 762 2937 prodesset,
790 2862 1160 2918 interﬁciendo
1186 2862 1578 2929 corruptionem
1607 2859 1817 2923 carnis;
1846 2866 1901 2913 et
1929 2872 2024 2927 per

466 2960 907 3013 resurrectionem
934 2996 949 3021 ,
980 2953 1299 3009 assumendo
1335 2968 1520 3023 puram
1565 2962 1724 3021 atque
1766 2961 2022 3005 aeternam

2126 1862 2311 1932 spiritu
2332 1864 2495 1931 enim,
2522 1867 2611 1935 qui
2636 1864 2878 1922 Christus
2908 1878 3027 1923 est:
3060 1870 3183 1923 dum
3225 1870 3276 1923 in
3306 1872 3480 1939 ipsum
3513 1872 3689 1927 credi-

2127 1954 2357 2021 mus,in
2399 1968 2496 2009 nos
2523 1956 2754 2013 illabitur
2774 1998 2788 2021 ,
2821 1968 2875 2012 et
2904 1959 3065 2013 Deum
3108 1961 3366 2015 sentimus
3386 2001 3402 2027 ,
3434 1970 3490 2017 et
3525 1963 3692 2017 Deum

2124 2047 2515 2115 cognoscimus,
2555 2055 2611 2102 et
2640 2050 2809 2105 Deum
2835 2052 3078 2105 colimus.
3112 2051 3249 2121 Ergo
3276 2052 3328 2106 in
3358 2058 3475 2122 ipso
3503 2055 3693 2123 spiritu

2125 2133 2191 2188 ad
2220 2145 2422 2204 patrem
2454 2146 2510 2192 ut
2537 2139 2715 2194 venire
2746 2142 3030 2209 possimus,
3055 2157 3151 2211 per
3178 2143 3445 2198 Christum
3484 2146 3691 2214 utrique

2123 2228 2305 2283 venire
2330 2229 2637 2297 poterimus.
2664 2230 2843 2301 itaque
2869 2232 3041 2287 Judaei
3072 2235 3173 2288 nisi
3206 2249 3300 2301 per
3326 2232 3598 2289 Christum
3627 2235 3687 2290 ad

2126 2326 2331 2386 patrem
2370 2320 2553 2374 venire
2597 2331 2851 2389 possunt;
2899 2324 3339 2392 quemadmodum
3398 2335 3451 2380 et
3508 2336 3689 2397 genta

2125 2406 2270 2460 nullo
2306 2407 2409 2462 alio
2443 2408 2772 2463 extrinsecus
2811 2411 2891 2465 vel
2934 2411 3111 2477 idolo,
3163 2413 3247 2467 vel
3289 2416 3563 2482 potentia,
3607 2416 3685 2471 vel

2124 2494 2378 2564 qualibet,
2409 2503 2465 2550 ut
2498 2497 2595 2566 ipsi
2624 2498 2916 2565 nominant,
2956 2490 3252 2568 majestate.

2199 2582 2357 2639 Vsus.
2394 2583 2696 2657 i9.—Ergo
2711 2591 2823 2658 jam
2842 2604 2938 2641 non
2951 2590 3067 2643 estis
3088 2590 3302 2658 hospites
3330 2601 3376 2644 et
3398 2591 3578 2645 incola:
3594 2591 3688 2662 (Ξ),

2125 2674 2212 2728 sed
2228 2676 2346 2729 estis
2366 2677 2492 2731 cives
2524 2690 2811 2732 sanctorum
2831 2689 2875 2733 et
2896 2680 3152 2733 domestici
3186 2680 3298 2734 Dei.
3327 2679 3607 2737 Concludit
3627 2683 3689 2738 ad

2120 2768 2376 2836 speciem,
2387 2768 2731 2839 Ephesiorum
2746 2771 2940 2826 scilicet
2951 2771 3111 2841 ,qund
3125 2788 3229 2826 non
3243 2772 3349 2827 sint
3362 2774 3523 2828 etiam
3541 2774 3690 2829 alieni

2124 2870 2293 2925 neque
2314 2858 2500 2911 incola
2534 2873 2703 2928 neque
2739 2858 2991 2929 hospites.
3022 2861 3122 2928 Qui
3137 2862 3277 2916 enim
3294 2865 3691 2932 peregrinantur

2122 2960 2152 2999 a
2179 2946 2305 3009 Deo,
2330 2949 2575 3015 quoniam
2591 2948 2643 3002 in
2667 2948 2755 3004 Dei
2777 2950 3023 3017 operibus
3036 2959 3269 3016 manent,
3286 2951 3336 3005 id
3358 2961 3442 3005 est
3468 2953 3521 3005 in
3548 2968 3689 3005 mun-

464 3065 680 3105 carnem
709 3058 866 3119 atque
894 3062 1051 3102 omne
1080 3060 1273 3114 corpus
1301 3043 1544 3109 dcitatis;
1570 3058 1688 3098 cum
1710 3042 1886 3096 omnia
1914 3044 2024 3110 spi-
2063 3115 2092 3119 _
2121 3034 2211 3099 de,
2248 3037 2481 3105 hospites
2501 3044 2555 3091 et
2582 3038 2768 3093 incolae
2794 3044 2916 3093 sunt
2944 3048 3001 3093 ut
3023 3041 3225 3109 possint
3245 3054 3367 3094 esse
3394 3040 3682 3107 domestici,

468 3140 605 3194 ritus
632 3115 943 3203 “anu-sicut
969 3137 1149 3190 multis
1177 3134 1307 3189 locis
1331 3144 1384 3188 et
1409 3132 1602 3187 Paulus
1629 3132 1785 3187 docet
1805 3172 1820 3197 ,
1854 3138 1907 3186 et
1934 3145 2021 3186 res
2049 3115 2095 3178 C
2126 3124 2336 3180 Etenim
2364 3128 2407 3181 si
2435 3136 2488 3181 et
2507 3126 2836 3183 daemonibus
2864 3130 3210 3184 immolabant
3235 3128 3335 3201 (3),
3372 3141 3560 3200 postea
3582 3144 3687 3186 cre-

460 3232 571 3301 ipsa
600 3229 931 3286 manifestata
956 3237 1055 3283 est.
1082 3227 1137 3281 in
1168 3238 1272 3294 quo
1293 3226 1449 3279 etiam
1474 3224 1625 3291 illud,
1656 3223 1795 3291 quod
1827 3222 2020 3291 ubique

458 3320 797 3375 ostendamus
828 3318 1007 3382 velim,
1030 3316 1150 3386 quia
1184 3314 1437 3369 Dominus
1458 3325 1637 3369 noster
1684 3312 1838 3367 Jesus
1862 3310 2018 3367 Chri-

455 3419 569 3465 stus
608 3410 759 3464 istam
789 3410 953 3478 ipsam
990 3405 1218 3475 quodam
1240 3403 1397 3457 modo
1420 3402 1597 3457 carnis
1626 3411 1679 3456 et
1704 3400 1885 3456 mundi
1926 3416 2022 3470 pu-

457 3518 613 3572 gnam
656 3502 821 3568 vicit,
852 3498 1137 3570 superavit.
1164 3496 1412 3553 Nostrum
1448 3510 1582 3565 pene
1608 3496 1715 3567 jam
1745 3496 1873 3550 nihil
1901 3503 2018 3559 est,

458 3592 561 3648 nisi
598 3592 767 3647 solum
814 3590 1032 3645 credere
1068 3589 1156 3658 qui
1202 3587 1473 3657 superavit
1518 3586 1719 3639 omnia.
1771 3584 1894 3639 Haec
1938 3593 2021 3639 est

461 3685 603 3740 enim
634 3685 781 3752 plena
808 3682 1050 3746 salvatio,
1070 3679 1341 3735 Christum
1370 3679 1482 3732 hare
1506 3678 1718 3740 vicisse.
1746 3676 2016 3731 Christum

461 3776 581 3832 ideo
612 3776 664 3829 in
697 3790 855 3829 cruce
894 3774 1155 3828 sublatum
1198 3786 1347 3832 esse,
1391 3770 1661 3824 Christum
1689 3768 1808 3822 ideo
1839 3782 2015 3821 resur-

464 3873 688 3933 rexisse,
720 3874 776 3920 ut
800 3865 955 3919 nobis
983 3866 1034 3917 in
1072 3878 1191 3917 eum
1226 3859 1569 3915 credentibus
1597 3858 1740 3913 salus
1760 3898 1775 3920 ,
1804 3856 2017 3911 teterni-

463 3968 542 4012 tas
569 3966 624 4011 et
651 3956 904 4011 cmlorum
931 3952 1096 4022 gloria
1128 3960 1420 4019 pararetur.

530 4045 689 4100 Vsus.
721 4044 802 4098 17.
847 4071 917 4083 --
944 4040 1007 4093 Et
1036 4040 1233 4094 ueniens
1270 4036 1629 4107 euatrgelizavit
1662 4051 1835 4105 pacem
1873 4034 2019 4088 nobis

456 4138 540 4209 qui
559 4138 725 4205 longe,
738 4143 784 4187 et
797 4146 968 4203 pacem
987 4131 1065 4184 Itis
1085 4132 1167 4199 qui
1179 4130 1331 4196 juxta
1356 4126 1500 4198 (2)...
1530 4125 1752 4180 Omnem
1776 4132 1949 4179 actum
1962 4135 2017 4179 et

459 4228 737 4281 adventum
768 4222 971 4277 Domini
1002 4218 1288 4275 Salvatoris
1320 4233 1411 4286 per
1446 4232 1507 4272 ea
1543 4232 1658 4285 quae
1688 4226 1937 4286 geruntur
1962 4223 2017 4269 et

456 4314 686 4386 gerenda
712 4323 852 4377 sunt,
882 4308 1145 4379 exprimit.
1168 4306 1436 4361 Adventus
1461 4306 1600 4359 enim
1634 4304 1835 4357 Domini
1858 4318 2017 4358 evan-

457 4404 699 4475 gelizavit
724 4416 931 4471 pacem,
964 4400 1015 4453 id
1051 4406 1134 4453 est
1170 4408 1226 4451 ut
1254 4394 1723 4451 reconciliarentur
1751 4394 2013 4458 homines,

2124 3216 2309 3271 dentes
2341 3227 2394 3272 et
2434 3228 2715 3285 sequentes
2753 3219 2950 3283 Deum,
2988 3230 3111 3273 sunt
3140 3218 3454 3285 domestici,
3503 3219 3597 3274 sed
3636 3221 3686 3273 in

2124 3310 2340 3365 mundo.
2386 3310 2531 3365 Nunc
2577 3320 2752 3365 autem
2804 3312 2893 3382 qui
2929 3326 3032 3366 non
3074 3312 3319 3376 credunt,
3368 3311 3406 3364 ii
3451 3310 3683 3380 hospites

2122 3411 2246 3455 sunt
2283 3410 2338 3454 et
2384 3400 2589 3454 incolae.
2636 3400 2802 3455 Porro
2827 3401 2967 3470 quod
3010 3401 3276 3455 concludit
3302 3402 3368 3456 ad
3401 3401 3676 3471 Ephesios,

2122 3494 2165 3546 si
2196 3492 2285 3562 qni
2325 3492 2485 3547 Deum
2507 3491 2809 3555 crediderit,
2845 3503 2899 3545 et
2930 3508 3021 3560 per
3047 3491 3322 3546 Christum
3341 3507 3404 3547 se
3430 3493 3496 3546 ad
3522 3492 3681 3546 Deum

2123 3582 2389 3652 pertinere
2413 3582 2741 3651 cognoverit,
2767 3596 2937 3652 neque
2958 3582 3150 3651 hospes
3172 3597 3343 3652 neque
3366 3583 3541 3637 incola
3568 3591 3677 3645 est;

2122 3674 2239 3727 estis
2264 3687 2411 3743 ergo,
2434 3672 2622 3742 inquit,
2646 3670 2882 3741 Ephesii,
2910 3674 3035 3726 cives
3056 3682 3339 3726 sanctorum
3361 3684 3407 3725 et
3426 3671 3681 3726 domestici

2122 3760 2238 3815 Dei.
2271 3762 2327 3815 In
2364 3778 2517 3815 unam
2559 3762 2699 3815 enim
2733 3762 3019 3826 civitatem,
3048 3762 3095 3815 id
3124 3771 3207 3817 est
3246 3771 3502 3817 sternam
3535 3760 3676 3815 illam

2122 3853 2453 3918 superiorum
2492 3851 2835 3919 divitiarum,
2880 3866 3035 3921 quam
3089 3852 3417 3907 Hierusalem
3462 3861 3677 3917 vocant,

2121 3942 2445 3996 conveniunt
2470 3956 2677 4007 omnes,
2700 3950 2753 3996 et
2778 3953 2900 3996 sunt
2927 3944 3053 3996 cives
3078 3954 3367 3997 sanctorum
3399 3953 3443 3996 et
3475 3942 3566 3995 Dei
3592 3944 3680 3995 do-

2123 4033 2312 4085 mestici
2331 4048 2351 4085 :
2376 4033 2620 4100 quoniam
2662 4034 2714 4086 in
2763 4032 2947 4089 eadem
2971 4034 3181 4088 civitate
3211 4033 3349 4088 Deus
3376 4033 3537 4088 veluti
3562 4047 3675 4087 rec-

2123 4131 2203 4176 tor
2229 4131 2281 4177 et
2330 4123 2574 4177 dominus
2614 4130 2667 4178 et
2718 4123 2959 4194 princeps
2993 4132 3093 4178 est.
3143 4124 3306 4179 iidem
3352 4139 3483 4194 ergo
3511 4125 3677 4177 dome-

2120 4213 2233 4265 stici
2258 4212 2372 4265 Dei.

2189 4303 2325 4369 Quid
2366 4314 2541 4359 autem
2584 4304 2938 4375 intelligamus
2980 4306 3109 4360 cives
3155 4308 3486 4361 sanctorum!
3531 4305 3673 4375 quasi

2120 4392 2263 4447 aliud
2306 4404 2460 4448 erunt
2504 4394 2585 4448 isti
2632 4396 2719 4464 qui
2753 4396 2895 4451 cives
2945 4395 3219 4463 dicuntur,
3256 4404 3310 4450 et
3360 4395 3505 4450 aliud
3552 4401 3673 4449 sunt

458 4470 700 4563 tutusque
734 4470 967 4545 mundus
1008 4502 1099 4555 per
1142 4487 1344 4540 animas
1385 4486 1437 4538 in
1483 4484 1648 4538 Deum
1704 4482 2013 4551 respiciens,
2044 4470 2099 4532 D
2120 4484 2306 4538 sancti.
2335 4484 2485 4550 Quod
2511 4485 2553 4537 si
2586 4486 2653 4539 ita
2680 4495 2782 4550 est,
2811 4486 2901 4555 qui
2931 4496 3053 4541 sunt
3080 4487 3269 4553 sancti,
3300 4496 3353 4541 et
3382 4485 3471 4554 qui
3495 4484 3676 4540 cives!

455 4585 588 4640 nihil
613 4582 817 4637 adversi
845 4577 922 4650 (5)
951 4576 1187 4643 sentiret,
1209 4576 1427 4629 haberet
1450 4588 1652 4644 pacem.
1670 4572 1819 4639 Quod
1836 4582 2014 4627 autem

455 4676 587 4731 dixit
614 4674 751 4743 quod
770 4673 929 4736 Deus,
960 4668 1011 4723 id
1032 4676 1115 4723 est
1140 4666 1405 4730 Salvator,
1436 4663 1653 4718 veniens
1682 4661 2012 4731 evangeliea-

459 4768 565 4829 vit;
604 4779 759 4818 omne
785 4758 1032 4830 quidquid
1073 4756 1209 4811 bene
1243 4762 1325 4808 est
1358 4761 1413 4807 et
1457 4750 1651 4805 bonum
1688 4751 2011 4820 pronuntiat,

454 4853 783 4923 evangelium
804 4850 1008 4903 dicitur.
1037 4844 1200 4900 Deum
1230 4843 1372 4897 enim
1402 4841 1641 4894 nuntiare
1660 4880 1674 4905 ,
1710 4848 1763 4893 et
1791 4836 1926 4891 Deus
1956 4845 2014 4891 ut

452 4950 803 5014 cognoscatur
828 4937 1051 4997 ducere,
1092 4941 1145 4989 et
1175 4933 1228 4987 in
1256 4931 1417 4986 Deum
1443 4928 1840 4984 Conversionem
1871 4942 2010 4980 nun-

453 5035 607 5099 tiare,
639 5028 1001 5099 evangelizare
1024 5033 1107 5079 est
1148 5039 1161 5075 :
1191 5031 1246 5076 et
1272 5020 1373 5075 hoc
1398 5028 1480 5074 est
1520 5017 1883 5088 evangeiizare
1920 5030 2013 5085 pa-

452 5140 589 5188 cem,
624 5131 681 5177 ut
714 5136 817 5175 non
859 5112 1279 5173 discordantibus
1305 5111 1494 5166 animis
1528 5118 1583 5165 et
1602 5124 1785 5163 errore
1812 5109 2007 5177 depra-

453 5215 608 5280 vatis,
639 5212 762 5266 dum
790 5210 1048 5263 servimus
1076 5202 1158 5258 vel
1200 5200 1388 5271 hylicis
1414 5198 1777 5267 potestatibus,
1808 5198 2004 5252 bellum

520 5326 599 5396 (i)
628 5322 781 5396 Vulg.
825 5334 927 5396 non
955 5317 1113 5396 habet
1138 5324 1193 5368 ut
1221 5312 1467 5396 exhibere-5
1492 5352 1507 5376 ,
1549 5311 1640 5365 sed
1675 5318 1900 5373 tantum,
1925 5311 2002 5396 'Et

447 5379 928 5448 rec‘oncitietuambos
957 5388 1010 5439 in
1034 5400 1133 5438 uno
1159 5397 1386 5452 corpore,
1421 5379 1526 5434 Deo
1550 5396 1639 5451 per
1663 5396 1891 5445 crucem,
1919 5383 2000 5435 in-

449 5464 691 5531 terﬁciens
717 5458 1003 5531 inimicitias
1029 5452 1396 5531 in‘semetipso.

518 5518 592 5604 (2)
634 5527 787 5604 Vulg.
836 5544 855 5604 :_
892 5518 1580 5604 Etivenicnsueeanqetizavit
1622 5535 1792 5589 pacem
1835 5518 1993 5584 vobis,

442 5596 694 5683 quiLlpnqe
714 5596 902 5683 fuistis,
917 5603 1171 5683 pacem
1189 5596 1273 5657 iis,
1301 5596 1387 5657 qui
1411 5604 1583 5659 prope.

504 5670 580 5741 (ὃ)
618 5666 783 5721 Codd.
809 5666 1051 5718 aduersis.

2121 4575 2515 4644 intelligendum
2555 4587 2681 4646 puto
2728 4589 2940 4633 sanctos
2987 4582 3229 4648 posuisse
3289 4579 3563 4648 apostolos
3620 4585 3675 4632 et

2120 4666 2404 4735 prophetas
2435 4677 2488 4722 et
2520 4677 2772 4733 caeteros,
2813 4669 2903 4739 qui
2938 4670 3104 4724 Deum
3130 4678 3221 4723 aut
3256 4671 3392 4739 passi
3424 4679 3549 4723 sunt
3584 4676 3675 4722 aut

2118 4754 2394 4821 viderunt;
2420 4758 2519 4812 hoc
2542 4768 2623 4813 est
2648 4760 2735 4828 qui
2758 4759 3082 4814 inhabitants
3103 4759 3155 4813 in
3178 4774 3235 4814 se
3257 4759 3467 4829 spiritu,
3497 4757 3669 4812 divina

2118 4844 2281 4900 locuti
2307 4857 2450 4912 sunt,
2493 4858 2581 4901 aut
2623 4856 2931 4916 praesentem
2960 4850 3135 4919 aliquo
3177 4849 3336 4903 modo
3384 4847 3666 4911 viderunt;

2120 4936 2297 5005 aliquo
2326 4938 2481 4992 modo
2508 4940 2635 5003 dixi,
2668 4940 2751 4994 vel
2791 4956 2882 5009 per
2902 4955 3134 5003 carnem,
3163 4939 3245 4995 vel
3287 4954 3380 5009 per
3402 4941 3665 5010 spiritum,

2122 5033 2179 5079 ut
2205 5024 2495 5092 Abraham,
2524 5038 2573 5081 ut
2606 5031 2895 5098 apostolus,
2922 5039 2979 5084 ut
2998 5030 3175 5084 cmteri
3198 5029 3232 5083 ii
3257 5045 3351 5099 per
3375 5045 3586 5087 carnem
3615 5040 3669 5086 et

2121 5130 2214 5184 per
2237 5116 2499 5185 spiritum,
2526 5125 2581 5171 ut
2602 5134 2785 5174 omnes
2807 5119 3062 5188 apostoli:
3097 5118 3148 5172 hi
3178 5132 3303 5189 ergo
3331 5121 3500 5174 sancti
3526 5128 3665 5174 sunt.

2118 5206 2216 5274 Qui
2256 5216 2429 5262 autem
2458 5207 2678 5262 credunt
2720 5209 2772 5263 in
2806 5207 3071 5263 Christum
3100 5208 3217 5262 sine
3238 5208 3428 5264 horum
3470 5209 3663 5279 aliquo,

2113 5301 2242 5354 cives
2268 5310 2389 5354 sunt
2413 5310 2699 5355 sanctorum
2736 5312 2785 5357 et
2828 5302 3083 5357 domestici
3112 5301 3228 5357 Dei.

2180 5454 2257 5525 (ΑΙ)
2290 5453 2453 5525 Vulg.
2480 5453 2777 5525 {Quoniam
2814 5472 2901 5525 per
2933 5457 3098 5525 ipsum
3128 5453 3371 5512 habemus
3413 5472 3661 5512 accessum

2108 5521 2254 5594 antea
2280 5524 2332 5594 in
2353 5521 2453 5594 uno
2480 5524 2674 5594 Spiritu
2698 5525 2765 5578 ad
2785 5521 2999 5594 patratis.

2176 5592 2253 5662 (2)
2292 5591 2398 5662 [fro
2422 5591 2620 5662 inculte.
2645 5591 2794 5662 vnlg.
2815 5594 2994 5662 habet,
3020 5594 3243 5650 advena.

2176 5660 2252 5729 (5)
2290 5659 2458 5715 Codd.
2488 5659 2797 5716 indicabutit.
