3910 6212
167 322 304 377 1161

1160 327 1223 381 IN
1268 326 1640 384 EPISTULAM
1679 330 1770 384 AD
1815 329 2137 390 EPHESIOS
2178 334 2373 392 LIBER
2412 338 2452 394 l.

3260 348 3396 409 £262

245 434 1979 509 Vsas.20.—Supertediﬁcatisuprafundamentumaposto-Amis,
2039 447 2315 517 solumque
2364 448 2632 505 Christum
2688 453 2757 506 ibl
2818 455 3020 511 animas
3067 460 3399 520 comdilicare

171 527 360 579 lorum.
389 526 529 582 Satis
550 528 663 594 ipse
693 527 997 592 declaravit,
1029 529 1165 582 aliud
1186 544 1305 584 esse
1334 540 1567 594 sanctos,
1599 530 1739 584 aliud

173 614 322 669 vices
350 634 362 668 :
389 617 646 685 siquidem
674 619 1120 686 superrcdillcatos
1133 619 1267 674 dixit
1294 621 1424 675 istos
1440 636 1596 690 supra
1627 622 1744 674 lun-

175 703 483 759 damcntum
508 708 889 775 apostolorum.
918 708 1044 763 Item
1068 719 1121 762 ut
1157 718 1412 777 pracepta
1438 710 1517 763 vel
1556 710 1739 765 obser-

178 811 307 849 vare
328 797 572 861 debeant,
596 797 678 853 vel
694 797 759 851 ad
783 798 871 852 Dei
892 799 1264 869 cognitionem.
1281 799 1358 854 vel
1375 798 1440 853 ad
1452 799 1651 853 cultum
1682 814 1743 854 ac

180 884 512 954 religionem.
541 885 695 941 Jesus
722 887 980 949 Christus,
1013 898 1067 941 et
1096 898 1357 956 praecepta
1378 888 1515 957 ejus,
1558 888 1743 943 funda-

180 988 363 1029 menta
395 986 519 1031 sunt
548 978 900 1046 apostolorum
933 997 945 1031 :
977 995 1093 1049 qua}
1134 980 1472 1035 hunlamenta
1512 996 1745 1050 superae-

181 1065 540 1121 dilicationem
568 1068 765 1122 habent
789 1072 896 1135 jam
924 1085 984 1123 ex
1022 1070 1125 1123 vita
1161 1082 1212 1124 et
1238 1088 1300 1124 ex
1334 1071 1570 1124 moribus
1600 1081 1651 1123 et
1679 1087 1744 1125 ex

180 1169 385 1222 genere
424 1157 628 1211 vivendi
655 1167 707 1210 et
741 1158 1037 1227 disciplina.
1080 1159 1313 1214 Primum
1359 1170 1531 1215 tamen
1562 1160 1745 1214 funda-

184 1256 423 1299 mentum
464 1248 639 1301 estad
685 1252 841 1304 vitam
883 1267 897 1303 :
935 1259 1157 1313 cartcra,
1203 1250 1266 1303 ad
1303 1250 1664 1305 exornandam
1692 1260 1747 1304 et

182 1336 639 1391 exzedilicandum.
690 1339 957 1402 Primum,
1000 1341 1191 1409 inquit,
1224 1341 1620 1397 fundamentum
1665 1350 1747 1396 est

182 1424 455 1480 Christum
482 1428 717 1492 credere,
750 1440 803 1484 et
828 1431 878 1484 in
909 1446 973 1485 eo
1000 1446 1147 1499 spem
1171 1431 1386 1497 habere,
1415 1441 1469 1487 et
1495 1434 1547 1486 in
1580 1433 1744 1486 Deum

187 1514 347 1568 fidem
390 1516 615 1571 mittere.
668 1518 778 1573 lloc
815 1529 988 1574 autem
1028 1520 1218 1576 docent
1258 1523 1512 1589 apostoli;
1554 1534 1606 1577 et
1648 1523 1748 1577 hoc

187 1614 271 1657 est
298 1604 689 1661 fundamentum
717 1610 874 1663 etiam
910 1609 1283 1678 prophetarum
1317 1630 1329 1664 :
1370 1612 1508 1666 bono
1537 1611 1746 1675 ordine,

187 1696 480 1751 secundum
509 1699 637 1753 illud
680 1701 817 1769 quod
846 1716 1000 1770 supra
1030 1702 1219 1768 divisi,
1264 1714 1318 1755 ut
1358 1712 1568 1758 sanctos
1606 1704 1748 1758 dice-

1845 534 2016 589 adhuc
2043 534 2202 602 dicat,
2233 548 2291 591 ut
2315 541 2564 609 templum
2594 542 2722 596 liant
2750 544 2879 599 Dei?

1910 623 2061 677 CAP.
2083 625 2402 682 lll.—Vsas.
2438 630 2486 693 l,
2516 630 2644 684 2.-
2668 632 2831 705 Hujus
2850 638 2923 691 rei
2941 641 3106 707 gratia
3133 659 3225 712 ego
3247 644 3388 698 Pau-

1841 715 1918 767 lus
1947 716 2139 769 vinctus
2165 715 2351 771 Christi
2392 720 2493 792 (l),
2536 738 2627 789 pro
2666 726 2800 779 vobis
2845 730 3111 796 gentibus:
3140 736 3182 785 si
3231 744 3395 790 tamen

1841 808 2052 860 audistis
2081 807 2452 879 dispositionem
2503 812 2592 866 Dei
2628 817 2831 883 gratiae.’
2854 817 3140 887 Supererat
3176 832 3231 879 ut
3272 836 3394 881 cum

1842 895 1907 950 de
1934 898 2087 952 rebus
2117 899 2321 954 locutus
2347 912 2508 969 esset,
2538 904 2677 973 quod
2709 922 2827 976 spes
2871 912 3043 964 oumis
3083 914 3133 966 in
3160 916 3393 981 Christo,

1843 989 1918 1041 sic
1941 997 1994 1041 et
2024 989 2209 1056 spiritu
2243 992 2635 1048 eocedillcentur
2664 1011 2867 1061 omnes,
2907 1009 2961 1053 ut
2990 1002 3096 1056 sint
3122 1005 3395 1062 habitacu-

1844 1078 1948 1129 lum
1980 1077 2105 1141 Dei;
2139 1090 2428 1147 supererat,
2461 1083 2691 1153 inquam,
2723 1096 2777 1138 ut
2812 1087 2862 1140 id
2891 1088 3106 1145 doceret
3129 1094 3244 1162 quis
3284 1096 3395 1164 ipse

1845 1176 2015 1229 esset;
2042 1180 2107 1219 an
2138 1168 2249 1233 ipse
2279 1170 2521 1239 impleret
2550 1176 3015 1234 coredilicationem
3055 1198 3144 1250 per
3168 1199 3394 1257 evange-

1845 1253 1993 1318 lium,
2019 1255 2271 1327 darctque
2304 1261 2558 1315 rationem
2585 1268 2913 1322 auctoritatis
2933 1284 3042 1325 sua:
3064 1282 3119 1325 ut
3141 1274 3189 1327 ei
3212 1253 3394 1331 crede-

1846 1355 2005 1398 retur.
2044 1345 2151 1400 Hoc
2174 1348 2329 1417 igitur
2349 1350 2584 1420 adjungit
2610 1356 2781 1423 hujus,
2815 1357 3001 1428 inquit,
3026 1364 3212 1430 gratia,
3238 1366 3287 1419 id
3311 1376 3395 1421 est

1845 1444 1903 1489 ut
1937 1436 2287 1492 habitaculum
2314 1440 2405 1494 Dei
2430 1442 2480 1494 in
2510 1444 2692 1511 spiritu
2718 1446 3069 1503 :edilicemini.
3110 1452 3221 1507 Non
3251 1458 3393 1512 enim

1848 1532 2044 1577 tantum
2071 1526 2308 1594 Ephesiis
2332 1529 2488 1598 istud,
2528 1530 2619 1588 sed
2646 1536 2888 1591 omnibus
2914 1538 3109 1595 dictum
3146 1543 3392 1601 audiatis.

1849 1617 2087 1686 Denique
2134 1636 2225 1686 pro
2272 1622 2427 1685 vobis,
2476 1624 2664 1693 inquit,
2714 1630 2943 1696 gentibus
2989 1633 3180 1688 vinetus
3210 1635 3393 1692 Christi

1847 1703 2072 1771 Paulus;
2096 1707 2315 1773 vinctus,
2342 1714 2733 1768 autassociatus
2749 1715 2812 1770 ad
2833 1721 3157 1789 evangelium
3179 1722 3392 1793 Christi,

188 1801 304 1839 rem
337 1797 389 1840 ct
414 1804 506 1843 eos
544 1790 630 1857 qui
666 1790 908 1844 viderunt
937 1801 989 1845 et
1016 1805 1108 1846 eos
1136 1793 1225 1861 qui
1267 1793 1508 1862 Spiritum
1557 1792 1747 1847 tolera-
1774 1796 1819 1854 B
1846 1797 2456 1865 autquimultoslabores
2470 1812 2714 1874 etpoenas
2734 1808 2971 1875 toleravi,
2994 1790 3396 1883 etgprovobisto-

189 1887 382 1931 verunt
403 1877 501 1949 (l).
552 1879 805 1933 Viderunt
833 1882 976 1935 enim
1004 1882 1249 1950 apostoli,
1279 1882 1518 1951 spiritum
1549 1883 1747 1937 habue-

192 1977 315 2020 runt
354 1970 643 2036 propheta).
690 1970 989 2024 Secundum
1031 1972 1187 2038 igitur
1236 1981 1491 2041 przrcepla
1531 1984 1767 2041 aposto-'

191 2058 366 2111 lorum
417 2068 470 2114 et
512 2060 879 2128 prophetarum
921 2063 1059 2131 (qua:
1110 2076 1367 2134 praecepta
1409 2064 1625 2133 Christi)
1668 2076 1748 2120 est

190 2148 553 2217 annuntiatio,
598 2161 651 2205 et
679 2162 761 2206 est
802 2151 1199 2208 fundamentum
1250 2156 1409 2210 totius
1438 2156 1749 2211 azternitatis

191 2246 248 2289 et
279 2239 412 2307 spei.

268 2350 673 2420 Suprraadiﬁcati
699 2356 846 2419 estis,
878 2356 1065 2425 inquit,
1104 2359 1156 2410 in
1184 2358 1293 2428 ipso
1322 2359 1559 2428 angulari
1583 2359 1752 2427 lapide

191 2435 320 2491 Jesu
340 2438 559 2493 Christo.
589 2443 768 2497 Omnis
798 2445 1051 2499 medietas
1082 2447 1219 2500 inter
1243 2447 1349 2500 duo
1386 2462 1593 2516 semper
1614 2448 1753 2516 posi—

196 2535 268 2579 ta.
302 2528 443 2595 llzec,
472 2529 575 2583 duo
595 2532 871 2600 antjungit
893 2545 981 2586 aut
1008 2545 1234 2602 separat.
1259 2536 1361 2589 Sed
1388 2536 1471 2589 ubi
1492 2536 1754 2605 separatio

194 2629 279 2671 est
323 2622 531 2685 animis,
562 2622 632 2677 ibi
674 2624 752 2694 (9)
792 2624 1018 2678 mundus
1058 2628 1285 2700 φραγμὸς
1324 2627 1547 2693 dicitur,
1580 2626 1631 2680 id
1674 2636 1755 2681 est

194 2713 443 2763 maceria.
475 2711 572 2766 Ubi
601 2723 775 2765 autent
819 2714 1024 2782 junctio
1051 2715 1258 2779 animis,
1293 2716 1535 2785 Christus
1572 2724 1671 2779 est,
1703 2725 1755 2769 et

196 2799 329 2867 lapis
355 2801 840 2872 diciturangnlaris,
867 2805 1112 2874 quoniam
1138 2820 1265 2859 vere
1290 2805 1556 2874 angularis
1584 2804 1751 2872 lapis:

197 2900 249 2943 et
275 2890 318 2944 is
360 2902 443 2946 est
487 2896 574 2962 qui
622 2894 671 2947 in
722 2896 889 2963 primo
918 2896 1201 2949 collocatus
1247 2903 1369 2954 est;
1412 2910 1535 2950 vere
1566 2896 1756 2965 angulo

199 2979 593 3034 ltntdamentum
626 2983 871 3049 positum,
895 2984 1101 3036 duobus
1121 2984 1372 3039 lateribus
1391 2983 1585 3054 jungit.
1609 2984 1755 3039 llunc

200 3068 427 3138 lapidem
456 3072 816 3145 ἀκρογωνιαῑον
847 3073 1129 3143 appellavit
1170 3092 1183 3127 :
1240 3090 1342 3128 non
1374 3075 1513 3129 enim
1556 3082 1753 3128 tantum

198 3162 481 3229 angularis,
514 3162 605 3216 sed
630 3165 715 3232 qui
736 3164 934 3232 primus
953 3173 1007 3217 et
1026 3178 1263 3219 summus
1282 3174 1383 3229 est,
1410 3166 1548 3219 unde
1580 3167 1758 3235 incipit

200 3253 597 3308 fundamentum
641 3256 837 3324 anguli,
889 3258 975 3325 qui
1019 3258 1120 3310 duo
1163 3258 1336 3327 jungit
1371 3268 1424 3312 et
1457 3261 1667 3329 capulat
1705 3270 1758 3315 et

202 3359 365 3398 unum
396 3346 586 3401 reddit.
618 3346 825 3401 Etenim
850 3348 977 3412 duo,
1009 3349 1163 3402 sicuti
1193 3350 1441 3413 diximus,
1482 3351 1566 3405 vel
1597 3366 1754 3421 supe-

199 3434 371 3487 riores
409 3434 640 3498 animas,
671 3451 791 3505 qua:
835 3438 991 3490 etiam
1018 3452 1136 3492 cum
1175 3438 1386 3492 Christo
1420 3438 1664 3504 fuerunt;
1706 3449 1758 3494 et

201 3518 329 3579 istas
359 3540 476 3594 qute
506 3525 589 3580 hic
616 3538 738 3580 sunt
766 3535 979 3590 sanetur,
1013 3537 1065 3582 et
1089 3530 1351 3599 mysteriis
1371 3527 1636 3583 Christum
1666 3530 1757 3584 ba-

201 3616 421 3681 bentcs;
452 3617 531 3671 vel
555 3618 696 3685 ipsas
733 3618 847 3672 illas
876 3633 1063 3672 omnes
1093 3618 1284 3672 Christi
1323 3620 1556 3683 animas,
1598 3622 1755 3675 etiam

201 3707 435 3774 gentium
463 3709 684 3773 animas,
716 3724 833 3778 qua:
872 3708 1164 3777 junguntur
1200 3709 1292 3762 illo
1317 3709 1551 3777 angulari
1584 3709 1761 3779 lapide

200 3796 325 3851 Jesu
348 3796 580 3851 Christo.

276 3886 433 3941 Vsus.
464 3887 652 3955 21,22.
682 3919 747 3937 r—
774 3887 839 3941 In
863 3906 959 3959 quo
988 3897 1238 3943 structura
1289 3890 1365 3963 (ὃ)
1407 3902 1663 3960 compacta
1714 3891 1764 3943 in

202 3978 441 4044 templum
492 3987 722 4030 sanctum
758 3977 809 4029 in
850 3977 1085 4031 Domino.
1131 3979 1327 4033 Omnes
1381 3980 1519 4033 enim
1575 3981 1763 4033 animze

202 4068 471 4130 collecta},
534 4082 823 4137 omnesque
888 4068 1126 4123 homines
1185 4070 1448 4138 spiritales
1508 4067 1583 4140 (4)
1647 4071 1765 4123 red-

201 4157 294 4212 diti
351 4174 444 4225 per
493 4157 756 4210 Christum
799 4167 1101 4223 struuntur,
1160 4159 1246 4212 ubi
1296 4160 1429 4212 Deus
1470 4159 1762 4224 inhabitet,

204 4249 349 4316 quasi
392 4248 640 4315 templum
678 4259 949 4313 sanctum;
982 4259 1040 4303 ut
1075 4264 1192 4303 cum
1247 4251 1299 4304 in
1341 4250 1584 4304 omnibus
1632 4253 1768 4305 inest

202 4338 465 4403 Christus,
492 4347 545 4392 et
584 4353 701 4392 cum
733 4346 814 4393 est
850 4341 902 4393 in
953 4340 1164 4394 Christo
1197 4341 1354 4405 Deus,
1410 4354 1593 4393 omnes
1634 4350 1765 4394 tem-

206 4434 345 4501 plum
391 4435 498 4487 sint
546 4450 637 4501 per
676 4435 939 4489 ChriStum
992 4436 1102 4490 Dei.
1131 4435 1197 4489 In
1247 4453 1341 4506 quo
1383 4447 1427 4489 et
1461 4451 1546 4489 vos
1584 4435 1762 4488 cowdi-

204 4523 424 4590 [immitti
485 4524 537 4575 in
591 4524 925 4578 habitaculum
983 4524 1079 4579 Dei
1139 4527 1189 4578 in
1245 4526 1445 4593 spiritu.
1505 4524 1571 4580 Ut
1623 4539 1763 4592 serpe

205 4614 379 4677 docui,
428 4615 493 4667 ad
536 4616 787 4684 speciem,
831 4617 881 4671 id
905 4628 985 4676 est
1032 4616 1097 4670 ad
1132 4617 1407 4685 Ephesios,
1453 4632 1563 4671 rem
1588 4626 1757 4679 vocat,

206 4712 263 4758 ut
290 4716 343 4760 et
395 4705 491 4773 ipsi
533 4707 773 4760 aadillcati
825 4708 875 4760 in
920 4708 1105 4761 eodem
1156 4708 1347 4776 angulo
1402 4710 1527 4771 sint,
1576 4708 1625 4760 id
1680 4716 1762 4761 est

203 4796 257 4847 in
300 4797 485 4864 spiritu
516 4795 739 4862 Christi,
773 4806 828 4849 ut
874 4809 925 4851 et
977 4798 1075 4867 ipsi
1111 4798 1463 4853 habitaculum
1497 4799 1598 4852 sint
1646 4797 1757 4851 Dei.

206 4884 388 4953 Magna
414 4898 587 4940 autem
616 4886 997 4951 moderatione,
1028 4896 1084 4941 ut
1109 4890 1403 4943 exhortatio
1436 4889 1581 4943 llerct
1608 4907 1620 4942 :
1656 4904 1757 4941 non

206 4977 349 5031 cnim
372 4976 480 5042 jam
526 4976 685 5029 factos
714 4976 859 5040 dicit,
900 4976 993 5030 sed
1030 4978 1200 5031 adlmc
1248 4978 1494 5032 :editicari
1541 4998 1554 5033 :
1604 4980 1759 5033 deest

207 5065 349 5119 enim
392 5063 523 5127 illis;
571 5064 841 5119 ctidcirco
870 5066 1117 5119 admonet
1161 5083 1212 5120 et
1257 5067 1519 5121 hortatur.
1546 5068 1755 5122 Etcum

208 5155 329 5209 illos
351 5152 703 5208 habitaculum
753 5154 841 5208 Dei
885 5156 935 5208 in
967 5156 1156 5224 spiritu
1200 5156 1356 5221 dicat,
1406 5158 1586 5225 utique
1633 5159 1757 5226 quid

201 5246 317 5314 agit
343 5244 505 5308 aliud,
553 5243 651 5297 nisi
701 5251 758 5297 ut
781 5243 924 5297 aliud
963 5244 1239 5313 quodlibet
1272 5245 1511 5299 excludat
1544 5261 1610 5300 ex
1648 5247 1764 5299 ani-

314 5404 359 5457 l)
400 5403 473 5457 Ita
502 5403 655 5455 codd.

314 5404 330 5455 l
400 5404 473 5457 Ita
502 5404 655 5455 codd.

304 5404 363 5608 “ti
401 5471 568 5526 Codd.
600 5481 651 5523 ut
674 5486 769 5541 pro
798 5472 885 5525 ibi.

307 5542 340 5595 '5
398 5540 547 5608 Vulg.
580 5559 595 5595 :
626 5538 690 5593 In
707 5557 802 5606 quo
828 5557 885 5593 on

284 5538 362 5612 (5)
398 5540 547 5612 vulg.
580 5559 595 5595 :
626 5538 690 5593 In
707 5557 802 5606 quo
828 5541 988 5612 omnis
1007 5541 1281 5612 aediﬁcatio
1298 5551 1582 5596 constructa
1604 5540 1777 5594 crescit

216 5610 266 5661 in
295 5610 537 5677 templum
560 5612 861 5663 senatumin
881 5610 1103 5663 domino.

287 5677 368 5748 (σί)
404 5678 571 5733 Codd.
598 5678 910 5746 spiritaliter.

1847 1885 2090 1951 lerarem,
2116 1891 2433 1945 annuntians
2455 1892 2716 1949 Christum
2736 1914 2749 1948 :
2768 1906 2820 1952 et
2835 1899 2932 1953 sim
2954 1903 3154 1957 vinctus
3166 1904 3393 1972 Christi;

1847 1979 1933 2045 qui
1965 1980 2322 2034 annuntiando
2346 1981 2633 2049 Christum.
2664 1988 2889 2055 vinciar;
2925 1992 3015 2047 sed
3042 2007 3257 2065 propter
3283 2013 3397 2054 vos.

1848 2067 1901 2121 Id
1930 2076 1987 2121 ut
2016 2069 2237 2135 probare
2265 2070 2548 2137 videretur,
2574 2090 2632 2130 se
2652 2091 2744 2145 pro
2771 2081 3012 2148 gentibus
3032 2084 3259 2139 vinctum
3280 2102 3401 2143 esse

1849 2156 2065 2222 Christi,
2089 2158 2279 2227 adjecit
2319 2165 2551 2233 mysterii
2576 2182 2696 2237 erga
2733 2183 2792 2223 se
2822 2170 2981 2225 habiti
3010 2174 3088 2243 (2)
3120 2176 3295 2230 (idem.
3338 2178 3401 2234 Si

1851 2255 2015 2299 tamen
2040 2288 2053 2310 ,
2096 2248 2295 2317 inquit,
2344 2252 2555 2307 audistis
2597 2257 3014 2327 dispensationem
3066 2264 3163 2319 Dei
3204 2270 3398 2338 gratim.

1854 2333 1906 2387 Id
1932 2343 2033 2399 est,
2062 2337 2104 2389 si
2135 2348 2211 2391 est
2238 2342 2502 2410 cognitum
2532 2346 2681 2399 vobis
2703 2364 2819 2416 quae
2844 2354 3006 2419 gratia
3030 2333 3278 2424 disposita
3308 2360 3400 2425 sit,

1852 2424 1903 2477 id
1926 2435 2007 2479 est
2028 2429 2291 2495 quomodo
2312 2447 2404 2499 per
2429 2449 2511 2488 me
2532 2440 2857 2507 evangelium
2883 2444 3180 2500 ordinatum
3209 2450 3297 2513 sit,
3343 2424 3400 2505 ut

1851 2521 2193 2573 annuntietur
2235 2521 2375 2576 Deus
2415 2540 2506 2592 per
2546 2526 2836 2599 Christum,
2880 2543 2934 2589 et
2978 2535 3172 2592 Christi
3216 2542 3401 2610 virtus,

1852 2622 1970 2674 quae
1995 2608 2157 2663 virtus
2190 2610 2277 2665 Dei
2302 2621 2399 2666 est.
2443 2615 2569 2681 Qua:
2593 2619 2711 2671 data
2747 2632 2819 2676 est
2857 2625 2979 2678 mihi
3021 2628 3071 2680 in
3102 2645 3186 2683 eos
3217 2632 3292 2701 (3)
3327 2608 3407 2686 se;-

1854 2698 2070 2750 rumtum
2127 2700 2495 2756 reuelationem.
2556 2706 2788 2775 Etenim,
2842 2712 2978 2768 sicut
3035 2717 3145 2786 ipse
3209 2698 3406 2778 Paulus

1855 2789 2034 2842 multis
2066 2791 2195 2844 locis
2221 2804 2501 2860 memorat,
2533 2813 2636 2851 non
2667 2801 2733 2853 ab
2758 2803 3078 2873 hominibus,
3115 2826 3282 2880 neque
3311 2830 3405 2881 per

1856 2876 2097 2933 homines
2122 2882 2428 2950 mysterium
2451 2889 2652 2955 accepit
2688 2899 2778 2944 aut
2806 2892 3008 2959 didicit,
3048 2899 3139 2951 sed
3175 2876 3407 2957 revelata

1856 2966 1933 3020 illi
1954 2977 2140 3022 cuncta
2164 2981 2306 3023 sunt.
2339 2972 2449 3027 Hoc
2470 2976 2607 3029 enim
2636 2978 2794 3043 dixit,
2825 2984 3046 3051 gratiam
3071 2986 3169 3041 sibi
3204 2988 3402 3056 datam,

1856 3054 1948 3108 sed
2003 3072 2094 3125 per
2148 3059 2538 3116 revelationem.
2586 3065 2699 3133 Quo
2748 3069 2800 3122 in
2848 3071 2963 3125 loco
3011 3074 3229 3144 intelligi
3284 3054 3410 3134 licet

1784 3137 1827 3198 C
1859 3146 2201 3202 christianum
2256 3166 2318 3205 ex
2366 3155 2687 3211 revelatione
2714 3158 2827 3213 ﬂeri
2866 3177 3041 3231 posse,
3085 3175 3139 3221 et
3177 3137 3406 3224 maxime

1863 3237 1992 3289 lieri.
2022 3238 2234 3293 Electus
2270 3243 2480 3309 quidem
2509 3257 2613 3310 est,
2643 3257 2696 3301 et
2724 3264 2813 3301 vas
2836 3252 3109 3310 electionis
3131 3257 3301 3313 dictus
3327 3269 3411 3315 est

1862 3324 2085 3391 Paulus;
2117 3341 2478 3387 verumtamen
2502 3336 2621 3403 quia
2648 3338 2737 3391 Dei
2761 3344 2988 3407 potentia
3020 3347 3266 3401 omnibus
3288 3364 3407 3403 mo-

1860 3416 1941 3469 dis
1974 3419 2193 3485 gratiam
2225 3435 2371 3475 suam
2415 3426 2698 3489 ministrat.
2722 3429 3072 3501 intelligamus
3111 3450 3229 3491 esse
3252 3438 3407 3493 istam

1862 3508 2144 3577 legitimam
2184 3512 2548 3570 mandatorum
2593 3518 2882 3575 Salvatoris
2922 3525 3284 3595 disciplinam,
3328 3532 3405 3586 uti

1862 3610 2168 3652 renascatur
2193 3600 2352 3655 homo
2375 3620 2466 3672 per
2488 3609 2725 3675 spiritum
2748 3619 2800 3665 et
2826 3627 3036 3682 aquam,
3054 3628 3104 3672 et
3122 3620 3199 3674 sic
3212 3619 3411 3677 Christi

1864 3690 2104 3757 spiritum
2139 3694 2374 3761 recipiat.
2404 3696 2507 3751 Sed
2537 3698 2584 3752 id
2608 3711 2661 3755 et
2692 3702 2759 3756 ab
2787 3702 3085 3762 hominibus
3113 3718 3167 3763 et
3193 3726 3283 3778 per
3309 3713 3405 3767 ho-

1865 3784 2051 3838 mines.
2096 3784 2235 3839 lsltld
2278 3802 2404 3842 vero
2424 3790 2561 3858 quod
2590 3790 2752 3846 Paulo
2794 3798 3034 3862 provenit
3074 3800 3409 3871 (quamquam

1866 3873 1983 3940 hoc,
2026 3885 2082 3929 ut
2109 3877 2388 3932 zeStimatio
2430 3891 2610 3935 nostra
2654 3892 2753 3949 est,
2781 3889 2969 3940 meruit
3003 3890 3168 3959 solus)
3210 3900 3408 3960 tamen,

1866 3976 1920 4017 ut
1945 3966 2071 4032 dixi,
2116 3967 2367 4021 revelatio
2399 3969 2488 4024 Dei
2518 3971 2772 4038 ejusmodi
2804 3986 2891 4029 aut
2936 3976 3038 4030 alio
3070 3979 3227 4034 simili
3256 3985 3416 4040 modo

1868 4072 1961 4126 per
1984 4058 2071 4113 Dei
2096 4057 2311 4127 gratiam
2355 4062 2465 4115 lleri
2508 4072 2695 4132 potest.
2735 4064 2881 4121 Unde
2907 4083 3009 4122 non
3040 4079 3122 4125 est
3148 4072 3414 4145 abnegan-

1865 4146 1965 4201 dus
1986 4164 2015 4201 a
2042 4148 2234 4202 Christi
2256 4151 2443 4218 gratia,
2475 4153 2556 4205 cui
2585 4155 2835 4210 revelatio
2858 4172 2951 4225 per
2970 4158 3165 4215 Christi
3186 4165 3409 4231 gratiam

1865 4236 1983 4290 data
2006 4237 2092 4299 sit,
2117 4247 2172 4290 ut
2193 4238 2379 4306 spiritu
2404 4242 2787 4310 compleretur;
2813 4254 2865 4299 et
2890 4246 3083 4303 Christi
3111 4253 3410 4321 cognitione

1867 4342 1961 4396 per
1979 4328 2346 4382 revelationem
2374 4330 2570 4396 habita,
2593 4333 2898 4391 deserviret.

1940 4419 2097 4473 Vens.
2126 4420 2179 4483 '5,
2208 4419 2259 4472 ι.
2280 4448 2349 4460 -
2372 4419 2557 4475 Notum
2574 4424 2693 4476 mihi
2706 4428 2890 4494 factum
2909 4437 2977 4481 est
2993 4434 3278 4499 mysterium
3309 4436 3415 4506 (4),

1867 4510 1994 4562 sicut
2015 4510 2309 4577 antescripsi
2341 4515 2391 4562 in
2417 4512 2642 4577 modico;
2663 4525 2810 4581 prout
2832 4518 3061 4584 potuistis
3093 4521 3306 4591 legentes
3332 4526 3415 4595 (5)

1856 4600 2131 4667 intelligere
2160 4600 2491 4666 prudentiam
2552 4617 2712 4655 meant
2776 4606 2828 4656 in
2899 4610 3132 4676 mysterio
3185 4610 3403 4668 Christi.

1867 4690 1933 4743 Et
1962 4690 2046 4743 hic
2075 4703 2280 4757 quoque
2312 4690 2568 4743 admoneo
2597 4692 3002 4750 revelationibus
3031 4712 3188 4765 posse
3227 4705 3414 4771 cogni—

1867 4790 1977 4834 tum
2006 4795 2122 4835 esse
2151 4782 2455 4850 mysterium
2494 4782 2690 4837 Christi
2725 4802 2735 4836 :
2768 4795 2820 4838 et
2861 4786 2981 4841 licet
3024 4790 3162 4845 circa
3194 4791 3412 4848 Paulum

1867 4888 1931 4926 ex
1959 4873 2214 4926 electione
2244 4872 2446 4925 Domini
2478 4872 2715 4927 videatur
2758 4874 3049 4943 impletum,
3081 4888 3255 4936 tamen
3286 4898 3420 4951 quo-

1868 4961 2007 5014 niam
2060 4961 2247 5014 electio
2290 4960 2490 5012 Domini
2535 4961 2697 5015 libera
2742 4972 2853 5028 est,
2906 4967 3063 5020 etiam
3108 4969 3243 5023 circa
3286 4971 3421 5027 alios

1863 5059 2037 5121 potest
2065 5060 2122 5104 ut
2164 5066 2265 5103 non
2294 5050 2360 5103 ab
2390 5051 2688 5107 hominibus
2718 5070 2886 5123 neque
2927 5073 3019 5125 per
3054 5059 3293 5117 homines
3330 5065 3422 5121 ﬁat

1866 5141 2096 5213 cognitio
2135 5158 2274 5196 verte
2315 5142 2583 5212 plenaeque
2626 5143 2853 5199 deitatis.
2896 5147 3077 5217 Magna
3115 5154 3324 5221 quidem
3364 5164 3421 5211 et

1939 5266 2018 5335 (Ι)
2059 5265 2208 5346 Vulg.
2240 5264 2383 5318 addit
2421 5263 2564 5330 Iesu,
2588 5274 2641 5319 et
2682 5281 2776 5335 pro
2818 5269 3187 5340 dispositionem
3237 5276 3416 5346 habet,

1869 5335 2309 5390 dispensationem.

1943 5353 2471 5472 iiiiié’é'ii‘f’iiibema.

1970 5474 2024 5537 ὅ)
2066 5472 2211 5539 Vulg.
2243 5473 2295 5524 in
2326 5472 2482 5525 vobis.

1970 5479 2024 5537 ὅ)
2067 5479 2211 5539 Vulg.
2243 5479 2295 5524 in
2326 5479 2482 5525 vobis.

1883 5479 2026 5663 ὒΐὲἑέ
2062 5541 2249 5608 Vulg.,
2308 5539 2725 5609 Sat-ramentum,
2768 5545 2895 5598 sicut
2944 5562 3093 5615 supra
3138 5552 3315 5618 scripsi
3369 5554 3423 5607 in

1957 5676 2034 5747 (5)
2073 5676 2237 5730 Codd.
2280 5678 2654 5747 intellegentes;
2680 5674 2771 5733 sed
2803 5691 2942 5737 recte
2969 5683 3100 5739 infra
3124 5686 3361 5753 legentes.
