3910 6212
514 311 649 366 1⁸263

1738 301 1923 358 MAR“
1966 301 2299 359 VICTOHINI
2339 302 2494 358 ΛΡΜ

3610 304 3733 361 ἐει

508 424 662 475 unica
692 418 943 488 dignatio,
976 425 1029 471 et
1059 416 1296 470 fortassis
1324 430 1389 470 ex
1421 423 1569 482 parte
1599 413 1739 482 quod
1772 415 1861 466 ﬁat
1890 414 2063 476 hodie,
2096 416 2142 474 Α
2170 424 2343 468 autem
2376 426 2556 468 notum
2584 423 2637 469 et
2679 415 2969 485 prOphctis,
3017 415 3105 485 qui
3148 416 3238 471 lilii
3273 417 3550 471 hominum
3587 430 3729 484 sunt;

510 510 848 565 concedatur.
894 509 1097 560 Etenim
1144 522 1259 568 cum
1310 507 1420 573 ipse
1463 505 1684 568 dixerit,
1719 505 1759 556 si
1807 506 2063 569 propheta

512 602 701 671 aliquis
742 610 793 653 et
820 599 885 652 de
914 603 1098 652 eodem
1130 598 1261 650 alius
1292 596 1388 648 sibi
1422 596 1704 647 revelatum
1740 592 1952 655 dixerit,
1986 607 2068 645 se—

513 692 634 747 deat
661 699 711 743 et
749 700 1027 757 cognoscit
1055 688 1142 755 qui
1188 686 1487 754 prophetat,
1540 695 1594 737 ut
1624 682 1863 736 audiatur
1907 683 1949 735 is
1978 680 2066 750 qui

512 783 614 838 sibi
643 782 924 836 revelatum
956 780 1108 840 dicit;
1140 794 1265 845 ergo
1293 786 1346 830 et
1376 776 1591 829 revelari
1626 783 1824 841 potest;
1857 784 1908 826 ct
1929 772 2066 841 quod

510 886 683 943 parte,
709 872 894 926 eodem
925 870 1079 923 modo
1106 871 1260 922 etiam
1294 869 1343 921 in
1368 878 1495 920 toto.
1531 866 1735 918 Etenim
1761 865 2064 934 mysterium

511 966 719 1020 Domini
770 974 822 1018 et
872 963 963 1016 Dei
1015 964 1259 1015 voluntas
1304 960 1354 1013 in
1412 959 1551 1012 omni
1588 957 1869 1025 potentiam
1918 969 2064 1008 suam

512 1057 783 1112 estendit:
816 1064 868 1109 et
894 1056 1035 1107 illum
1070 1067 1224 1120 posse
1255 1052 1451 1113 omnia,
1484 1058 1533 1102 et
1565 1050 1698 1100 velle
1727 1063 1843 1115 qua:
1874 1053 2064 1113 potest,

509 1146 749 1213 accipere
786 1144 1070 1204 debemus;
1106 1151 1157 1195 et
1196 1141 1308 1192 hac
1336 1140 1553 1193 alterius
1590 1135 1899 1204 questionis
1936 1135 2058 1191 sint.

507 1235 660 1289 Nunc
705 1236 987 1289 revelatum
1033 1232 1129 1284 sibi
1178 1232 1482 1299 mysterium
1525 1226 1753 1280 ostendit
1788 1226 1894 1294 (l);
1946 1238 2065 1277 cum

510 1325 640 1379 dixit
677 1325 866 1377 Paulus
903 1324 951 1376 id
991 1338 1047 1374 se
1087 1321 1361 1388 scripsisse
1393 1319 1653 1387 Ephesiis,
1687 1316 1738 1370 id
1777 1327 1855 1370 est
1898 1317 2064 1385 ipsum

510 1414 855 1483 mySterium;
895 1426 996 1466 non
1036 1410 1441 1473 revelationem,
1488 1408 1579 1460 sed
1607 1406 1747 1475 quod
1778 1407 2064 1461 revelatum

512 1515 628 1564 est,
661 1503 761 1556 hoc
805 1510 886 1556 est
931 1500 1255 1571 mysterium.
1290 1498 1508 1566 Scripsi,
1558 1498 1742 1565 inquit,
1792 1496 1882 1549 sed
1909 1496 2068 1549 immo

510 1595 662 1658 dico;
692 1605 744 1647 et
789 1604 846 1647 ut
894 1593 1167 1661 potuistis,
1206 1590 1401 1659 inquit,
1434 1592 1645 1659 legentes
1675 1589 1979 1657 intelligere,
2014 1586 2064 1639 in

506 1694 759 1753 quantum
807 1684 1046 1751 potuistis
1096 1681 1421 1750 prudentium
1454 1694 1654 1740 meam;
1709 1679 1758 1730 in
1816 1674 2065 1746 mysterio

2169 506 2623 571 adjunxitnotum,
2655 503 2748 558 sed
2774 506 2824 556 in
2854 505 3083 573 Spiritu;
3114 507 3163 559 id
3184 518 3265 561 est
3290 525 3411 561 cum
3436 509 3595 562 afﬂati
3622 512 3731 577 Spi-

2170 596 2272 648 ritu
2303 596 2608 664 mysterium
2641 596 3001 665 loquerentur.

2240 685 2399 739 Vens.
2435 686 2485 738 6.
2520 715 2590 726 ——-
2620 684 2749 753 Ipsis
2782 698 2953 741 tamen
2979 703 3082 742 non
3115 699 3295 742 notum
3321 691 3443 754 fuit,
3472 692 3600 745 Esse
3622 709 3736 761 gen-

2171 783 2241 825 tes
2270 774 2548 827 eohwredes
2574 784 2620 826 et
2655 780 3036 844 concorporales
3076 790 3120 833 et
3151 782 3423 851 participes
3452 786 3734 850 promissio-

2169 868 2246 919 nis
2272 870 2381 938 ejus
2413 868 2463 918 in
2501 866 2697 920 Christo
2729 885 2816 938 per
2848 869 3175 940 Evangelinm
3208 874 3309 944 (1).
3343 875 3454 928 Hoc
3482 889 3565 930 est
3599 877 3733 945 quod

2172 957 2270 1009 sibi
2317 959 2623 1027 mysterium
2667 968 2845 1013 notum
2888 961 3081 1015 factum
3126 979 3245 1017 esse
3270 966 3427 1029 dixit,
3472 971 3733 1037 Simulque

2169 1048 2325 1100 etiam
2370 1050 2555 1101 sanctis
2583 1052 2822 1119 apostolis
2865 1063 2918 1106 et
2955 1058 3210 1123 prophetis
3240 1058 3291 1108 in
3337 1059 3562 1126 Spiritu,
3596 1060 3732 1126 quod

2168 1149 2217 1191 et
2258 1150 2443 1207 gentes
2471 1139 2778 1195 colt-.credes
2808 1151 2930 1196 sunt
2968 1143 3018 1197 in
3072 1144 3281 1200 Christo
3336 1158 3390 1201 et
3438 1163 3731 1218 concorpo-

2169 1230 2327 1291 rales,
2354 1230 2401 1283 id
2430 1240 2511 1283 est
2550 1232 2783 1299 ejusdem
2815 1234 2961 1302 quasi
2988 1236 3230 1303 corporis
3258 1254 3271 1287 :
3304 1238 3445 1306 quod
3475 1254 3617 1307 smpe
3667 1240 3731 1293 ita

2168 1330 2427 1373 memorat
2453 1331 2507 1374 ut
2550 1336 2735 1377 omnes
2773 1325 2961 1377 anima:
2989 1336 3186 1380 sancta:
3211 1334 3264 1381 et
3287 1328 3525 1381 liberatae
3554 1330 3652 1400 (Ξ),
3683 1340 3734 1384 et

2169 1409 2367 1462 ChriSIi
2409 1410 2593 1479 Spiritu
2619 1414 2837 1479 junctae,
2877 1429 3036 1467 unum
3087 1430 3282 1483 corpus
3307 1432 3429 1472 esse
3469 1418 3729 1471 dicantur.

2170 1496 2377 1552 Exinde
2416 1514 2544 1569 ergo
2572 1501 2852 1568 participes
2895 1505 3260 1570 promissionis
3288 1507 3406 1575 ejus
3446 1508 3497 1560 in
3526 1507 3731 1562 Christo

2172 1601 2298 1641 sunt
2323 1590 2481 1644 etiam
2511 1600 2713 1660 gentes.
2736 1591 2847 1645 Non
2871 1594 3009 1647 enim
3035 1596 3180 1649 solus
3202 1595 3385 1660 Israel,
3409 1598 3502 1650 sed
3531 1608 3587 1651 et
3605 1614 3728 1667 geu-

2169 1688 2271 1743 tes,
2324 1696 2440 1749 qua:
2489 1682 2541 1734 in
2587 1681 2798 1736 Christo
2843 1698 2936 1752 per
2976 1687 3302 1755 evangelium
3329 1698 3726 1759 concorpoer

504 1775 701 1831 Christi
724 1774 1072 1842 prudentiam.
1110 1772 1392 1826 Scientiam
1427 1772 1598 1837 posuit
1632 1785 1733 1821 non
1777 1769 1918 1821 illam
1946 1781 2061 1835 quae
2092 1776 2139 1835 B
2166 1770 2396 1836 fuerunt,
2428 1773 2707 1841 participes
2733 1775 3133 1842 promissionis;
3166 1777 3305 1845 quod
3330 1789 3589 1833 aeternam
3619 1781 3725 1849 glo-

502 1867 758 1936 prtcvidet
782 1880 872 1917 sua
904 1863 1133 1933 potentia
1161 1878 1277 1931 qua:
1306 1871 1446 1924 sunt,
1478 1876 1593 1928 quze
1620 1860 1789 1911 futura
1815 1865 1937 1912 sunt
1961 1871 2061 1911 ra-

500 1956 807 2010 tiocinaudo
837 1954 1039 2008 invenit
1069 1962 1119 2006 et
1137 1950 1535 2019 comprehendit
1560 1950 1746 2003 :athic
1762 1949 2055 2009 scientiam,

497 2049 828 2119 prudentiam
877 2046 1189 2100 nominavit.
1242 2043 1355 2098 Non
1400 2042 1539 2097 enim
1586 2056 1680 2111 per
1726 2040 2055 2108 prudentiam

498 2149 845 2203 consecutus;
878 2138 967 2191 sed
998 2144 1177 2206 postea
1207 2151 1361 2204 quam
1394 2144 1705 2187 consecutus
1733 2140 1832 2194 est,
1865 2131 2059 2185 habere

498 2232 662 2299 cmpit
705 2228 1053 2297 prudentiam.
1089 2227 1321 2293 Denique
1363 2224 1691 2293 prudentiam
1715 2264 1727 2286 ,
1773 2222 1971 2290 inquit,
2006 2223 2055 2275 itt

498 2322 755 2391 mysterio
783 2318 1007 2383 Christi;
1052 2318 1099 2371 id
1129 2327 1211 2370 est
1259 2318 1308 2369 in
1358 2333 1421 2369 eo
1452 2316 1590 2382 quod
1632 2316 1869 2383 percepi.
1917 2314 2055 2383 quod

495 2412 627 2465 mihi
655 2410 941 2463 revelatum
975 2417 1074 2470 est,
1099 2406 1237 2474 quod
1267 2405 1391 2457 inihi
1426 2414 1603 2457 notum
1646 2404 1837 2456 factum
1863 2413 1975 2467 est;
2006 2402 2055 2456 id

495 2511 574 2556 est
604 2502 653 2553 in
683 2515 745 2552 eo
768 2497 868 2569 (Ξ),
908 2498 1044 2566 quod
1081 2497 1267 2551 doctus
1300 2495 1366 2547 sit
1398 2494 1689 2562 prudentia,
1738 2494 1787 2545 in
1824 2507 1887 2545 eo
1916 2492 2055 2560 quod

492 2590 592 2643 sibi
617 2588 900 2642 revelatum
926 2598 1002 2640 est
1033 2586 1115 2638 vel
1148 2584 1423 2646 memoria,
1453 2584 1533 2634 vri
1561 2583 1777 2635 scicntia
1798 2620 1811 2644 ,
1849 2583 1931 2635 vel
1972 2582 2051 2633 in.

494 2679 802 2749 telligentia.
836 2677 928 2731 [ire
969 2676 1106 2729 enim
1139 2685 1259 2727 sunt
1290 2686 1465 2741 partes
1506 2671 1793 2740 prudentiae
1832 2688 1843 2721 :
1886 2671 1956 2723 ita
2002 2678 2055 2724 ct

494 2769 643 2822 locus
673 2768 964 2835 prudentia:
1009 2774 1110 2826 cst,
1154 2773 1207 2817 et
1255 2773 1425 2815 tamen
1456 2778 1556 2814 non
1600 2776 1692 2829 per
1722 2760 2051 2828 prudentiam

493 2858 803 2928 mysterium
831 2855 1078 2924 consequi
1104 2869 1401 2921 ιιοεδιιιιιιιε,
1430 2854 1519 2905 sed
1547 2868 1636 2920 per
1656 2852 2049 2905 revelationem.

568 2947 728 3002 Vnus.
763 2946 816 3000 5.
854 2975 922 2985 —
952 2946 1097 3008 Quod
1144 2944 1259 2995 aliis
1290 2942 1687 3011 generationibus
1716 2957 1814 2993 non
1840 2941 1937 3009 fuit
1964 2956 2050 2992 no-

493 3046 599 3091 tum
630 3036 706 3107 (5)
737 3038 855 3104 [iliis
900 3036 1171 3087 hominum.
1228 3034 1407 3085 Potest
1458 3032 1554 3085 hoc
1603 3032 1665 3084 ad
1723 3030 2050 3099 prudentiam

2164 1863 2293 1914 riam
2342 1864 2698 1929 merebuntur,
2747 1865 2885 1933 quod
2935 1866 3119 1932 vitam,
3167 1870 3308 1937 quod
3354 1872 3721 1927 remissionem

2166 1962 2519 2020 peccatorum,
2552 1964 2605 2008 et
2634 1964 2845 2021 cetera,
2878 1974 2993 2026 qua}
3013 1970 3066 2013 et
3096 1960 3230 2015 Deus
3258 1973 3309 2014 ct
3332 1962 3582 2018 Salvator
3604 1980 3719 2031 pro-

2163 2043 2301 2094 misit
2343 2058 2401 2096 se
2450 2046 2809 2111 sequentibus.
2848 2047 2983 2116 Ergo
3017 2064 3205 2104 omnes
3251 2068 3345 2117 per
3385 2057 3717 2124 evangelium

2161 2134 2528 2200 promissionis
2555 2139 2835 2205 participes
2866 2139 2915 2191 in
2941 2142 3153 2196 Christo
3182 2153 3323 2198 sunt.

2230 2225 2389 2280 Vens.
2424 2228 2778 2298 7,8.—Cujus
2815 2233 2977 2298 factus
3004 2250 3115 2286 sum
3157 2251 3247 2303 ego
3285 2237 3517 2291 minister
3543 2255 3715 2292 secun-

2159 2316 2278 2369 dum
2306 2318 2491 2369 donum
2513 2321 2811 2388 Operationis
2851 2319 2963 2385 Dei,
2995 2338 3109 2388 qua:
3135 2324 3256 2375 dum
3296 2327 3423 2377 mihi
3452 2338 3527 2379 est
3549 2344 3715 2381 secun-

2167 2408 2282 2459 dum
2305 2410 2615 2475 oprratioues
2635 2411 2827 2463 virtutis
2844 2414 2951 2483 ejus
2977 2411 3079 2482 (ὅ).
3110 2413 3368 2477 Minister,
3394 2418 3589 2487 inquit,
3606 2434 3712 2473 sum

2160 2498 2413 2565 evangelii
2442 2498 2605 2554 factus
2637 2501 2816 2568 ipsius,
2846 2516 2938 2570 per
2956 2502 3094 2569 quod
3123 2504 3173 2556 in
3201 2503 3415 2557 Chrism
3440 2509 3713 2577 participes

2162 2590 2527 2655 promissionis
2548 2602 2598 2644 et
2621 2600 2803 2659 gentes
2826 2602 2876 2644 et
2898 2591 3053 2646 Israel
3084 2596 3467 2664 sumus:cujus
3499 2613 3712 2668 evange-

2157 2678 2212 2732 lii
2239 2696 2334 2749 ego
2358 2683 2614 2745 minister,
2640 2683 2804 2736 factus
2826 2694 2998 2737 autem
3021 2685 3161 2738 dono
3178 2688 3359 2756 gratia:
3384 2689 3500 2745 Dei.
3520 2690 3712 2760 Ubique

2155 2771 2297 2822 enim
2338 2788 2437 2824 non
2464 2788 2557 2825 nos
2582 2774 2782 2827 meritis
2807 2776 2999 2827 nostris
3020 2775 3119 2830 hoc
3133 2779 3397 2845 accipere.
3432 2782 3527 2835 sed
3556 2783 3710 2851 gratis

2158 2862 2277 2921 Dei,
2309 2863 2808 2929 mt-moratPaulus;
2838 2875 2890 2917 ut
2915 2865 3086 2920 dantis
3123 2867 3212 2932 sit,
3246 2886 3349 2922 non
3390 2874 3708 2941 accipientis,

2155 2951 2401 3019 quidquid
2422 2954 2603 3021 gratim
2620 2954 2793 3007 datur.
2820 2955 2966 3019 Quod
2990 2966 3165 3011 autem
3184 2959 3426 3026 adjunxit
3447 2964 3712 3016 secundum

2157 3043 2489 3109 operationem
2534 3044 2727 3096 virtutis
2771 3046 2914 3114 ejus,
2953 3056 3005 3099 et
3041 3045 3141 3100 hoc
3195 3064 3412 3117 quoque
3468 3052 3577 3106 Deo
3626 3054 3712 3107 tri-

494 3137 857 3197 atgumcntum
908 3140 1043 3191 esse,
1094 3126 1167 3177 uti
1218 3123 1325 3177 Deo
1366 3124 1653 3177 revelatum
1704 3122 1774 3174 illi
1804 3122 1891 3185 Sil.
1932 3121 2050 3190 allia
2079 3130 2123 3191 C
2159 3132 2303 3195 huit;
2336 3142 2393 3185 ut
2417 3132 2461 3185 si
2491 3134 2611 3202 quid
2643 3149 2739 3202 ego
2764 3149 2972 3203 operer,
3005 3138 3171 3190 virtus
3206 3138 3297 3192 Dei
3321 3142 3411 3193 sit.
3441 3142 3556 3196 Non
3580 3145 3711 3197 enim

493 3222 726 3291 prudens
788 3227 898 3272 erat
957 3226 1010 3272 et
1061 3217 1327 3285 percipere
1392 3222 1597 3283 poterat
1647 3214 2047 3275 revelationem,

494 3313 839 3384 mysterium;
870 3318 923 3364 et
949 3309 1091 3363 solus
1126 3309 1309 3360 meruit
1340 3315 1555 3374 promer
1584 3305 1911 3373 prudentiam
1939 3319 2053 3373 my-

497 3404 717 3458 sterium
760 3416 933 3465 nosse,
983 3398 1115 3469 quod
1159 3398 1269 3449 aliis
1310 3397 1706 3466 generationibus
1736 3407 1904 3447 uotum
1955 3410 2053 3447 non

497 3494 591 3562 fuit
620 3493 737 3559 filiis
760 3490 1033 3543 hominum.
1054 3487 1188 3552 Quid
1216 3495 1295 3539 est
1320 3486 1431 3538 aliis
1454 3485 1885 3553 generationibus?
1906 3484 1954 3537 id
1974 3492 2056 3538 est

494 3594 619 3636 ante
648 3597 762 3636 mea
805 3591 1038 3648 tempora
1071 3577 1168 3647 (ιι).
1209 3577 1589 3632 Generationes
1624 3578 1786 3639 enim,
1822 3577 1973 3629 sicuti
2003 3577 2052 3628 in

494 3671 769 3739 evangelio
818 3671 1005 3724 lectum
1052 3680 1151 3731 εει,
1183 3668 1329 3735 quasi
1379 3682 1469 3735 per
1518 3666 1754 3719 homines
1795 3676 2049 3733 tempora.

495 3761 656 3826 Nulli,
687 3761 878 3829 inquit,
908 3774 1087 3813 eorum
1112 3758 1199 3825 qui
1222 3766 1341 3810 ante
1372 3772 1456 3810 me
1487 3758 1535 3809 in
1563 3756 1903 3825 generatione
1939 3756 2052 3809 fue-

496 3860 621 3907 Iunt
648 3852 735 3905 lilii
757 3851 1023 3903 hominum
1046 3865 1059 3912 ;
1080 3848 1229 3909 nulli,
1259 3847 1639 3915 iuquit,uotum
1669 3846 1846 3900 l'uitde
1861 3856 2057 3915 myste-

499 3941 603 3994 rio.
658 3939 807 4005 Quod
856 3938 923 3991 sit
972 3938 1299 4006 mysterium,
1348 3935 1483 4001 quod
1525 3935 1813 3987 revelatum
1857 3935 1953 3987 sibi
2003 3945 2055 3989 et

501 4040 683 4083 notum
718 4030 906 4081 {aetum
934 4026 1127 4078 Paulus
1150 4024 1295 4085 dicit,
1327 4038 1465 4090 smpc
1506 4023 1660 4075 luenti
1682 4036 1879 4076 sumus.
1906 4023 2054 4091 Adji-

506 4120 695 4173 cicndo
720 4128 893 4170 autem
923 4117 1043 4181 ﬁliis
1074 4116 1325 4167 hominum
1361 4114 1589 4167 ostendit
1610 4115 1829 4167 fortasse
1859 4122 2056 4183 myste-

502 4211 639 4264 rium
690 4207 816 4261 illud
864 4216 1140 4275 antequam
1189 4204 1353 4258 Paulo
1419 4204 1705 4258 revelatum
1777 4214 1891 4267 est,
1944 4203 2055 4257 lieri

500 4299 737 4368 potuisse
766 4306 819 4349 ut
848 4296 1135 4350 revelatum
1177 4295 1241 4347 sit
1264 4294 1559 4363 angelis;id
1590 4306 1668 4348 est
1692 4310 1791 4347 non
1820 4294 2058 4349 ﬁliisho-

505 4391 730 4450 minum,
764 4390 887 4441 sicut
914 4403 1046 4439 nunc
1066 4387 1334 4439 revelatum
1362 4395 1433 4439 est
1454 4388 1637 4439 sanctis
1660 4389 1765 4458 ejus
1794 4387 2052 4453 apostolis.

2157 3223 2207 3275 in
2250 3239 2332 3276 me
2378 3238 2489 3277 mea
2537 3223 2701 3277 virtus
2736 3240 3002 3293 operatur,
3047 3226 3140 3281 sed
3180 3228 3291 3281 Dei.
3316 3229 3598 3297 Quomodo
3627 3251 3716 3288 au-

2158 3319 2260 3365 tem
2304 3322 2581 3380 utrumque
2604 3315 2781 3382 jungat
2836 3326 2889 3369 ct
2932 3316 3055 3383 qttid
3089 3329 3363 3386 sequntur,
3396 3325 3714 3393 perspicien-

2156 3401 2277 3454 dum
2310 3403 2589 3472 diligenter
2609 3416 2708 3458 est.
2727 3406 2976 3475 Adjungit
3005 3411 3145 3461 enim
3171 3427 3184 3461 :
3213 3410 3343 3463 Mitti
3376 3415 3585 3468 minimo
3614 3432 3715 3469 om-

2156 3494 2292 3545 nium
2320 3504 2607 3549 sanctorum
2630 3498 2748 3549 data
2773 3508 2842 3551 est
2866 3501 2971 3551 ha'c
2998 3503 3233 3570 gratia...
3264 3503 3318 3557 Si
3348 3508 3590 3572 operatio
3610 3508 3711 3576 jam

2157 3588 2360 3654 agentis
2389 3596 2488 3652 est,
2536 3600 2589 3642 et
2626 3590 2910 3643 secundum
2948 3593 3309 3660 operationem
3339 3598 3462 3651 data
3493 3610 3569 3653 es:
3602 3615 3713 3667 gra-

2162 3677 2249 3739 tia,
2284 3678 2527 3731 meritum
2571 3688 2652 3733 est
2698 3681 2841 3748 prius
2875 3683 3161 3749 operantis,
3191 3694 3245 3737 et
3274 3686 3352 3739 sic
3392 3689 3581 3753 gratia.
3614 3687 3712 3742 Sed

2161 3780 2315 3833 supra
2344 3768 2492 3830 dixit,
2521 3770 2807 3822 secundum
2835 3769 3030 3825 donum
3060 3774 3244 3841 gratiae
3275 3774 3365 3827 Dei
3397 3776 3578 3831 datam
3601 3792 3712 3833 esse

2156 3855 2292 3909 hanc
2331 3857 2573 3926 gratiam,
2605 3868 2659 3912 ut
2696 3860 2934 3914 minister
2961 3871 3099 3915 esset
3125 3864 3385 3931 evangelii
3421 3882 3434 3918 :
3466 3867 3565 3919 solt
3595 3882 3712 3921 vero

2156 3948 2417 4013 posterius
2459 3946 2577 4000 data
2623 3958 2723 4012 est,
2758 3965 2857 4017 qua
2890 3966 3027 4005 nunc
3071 3964 3347 4020 operatur,
3389 3964 3445 4008 et
3473 3969 3713 4025 operatur

2156 4037 2347 4091 virtute
2375 4038 2487 4102 Dei,
2515 4049 2569 4093 et
2596 4040 2788 4094 dicitur
2809 4053 3007 4112 propter
3028 4046 3368 4110 operationem
3403 4049 3601 4100 uirtutis
3622 4047 3711 4102 Dei

2158 4125 2275 4178 data
2321 4137 2393 4179 est
2427 4130 2611 4194 gratia.
2661 4129 2793 4195 Quid
2826 4131 3018 4199 igitur?
3060 4136 3296 4200 operatio
3334 4146 3461 4189 ante
3495 4138 3709 4206 gratiam

2157 4215 2277 4269 data
2319 4220 2438 4271 eSt?
2488 4234 2554 4273 an
2602 4232 2781 4288 poSIea
2828 4224 2996 4289 gratia
3042 4224 3325 4279 data?Sed
3357 4241 3478 4281 cum
3530 4230 3713 4284 dicitur

2157 4309 2517 4376 operationem
2565 4312 2769 4365 virtutis
2800 4312 2889 4367 Dei
2936 4328 3075 4381 esse,
3102 4316 3207 4382 jam
3252 4318 3372 4371 data
3422 4330 3507 4374 cst
3530 4322 3706 4392 gratia.

2161 4398 2470 4466 Rursusque
2506 4416 2625 4455 cum
2666 4401 2875 4467 dicitur,
2908 4405 3195 4459 secundum
3220 4406 3313 4461 Dei
3358 4412 3585 4477 gratiam
3614 4411 3713 4464 iac-

503 4484 665 4539 Plene
690 4481 920 4550 mysterii
938 4480 1270 4533 concordiam
1290 4479 1425 4546 1111οά
1450 4494 1606 4530 ιιηιιιιι
1637 4479 1703 4531 Sil
1724 4488 1875 4540 atque
1894 4479 2053 4543 idem,
2084 4488 2136 4547 Ι)
2164 4500 2271 4542 tum
2304 4490 2601 4544 ministrum
2643 4506 2761 4546 esse
2790 4493 3027 4558 Paulum,
3079 4508 3201 4549 ante
3240 4501 3609 4564 operationem
3640 4502 3713 4553 in-

506 4574 645 4643 quod
670 4572 768 4626 sibi
794 4572 1079 4624 revelatum
1098 4578 1178 4622 est
1198 4579 1246 4622 et
1269 4568 1542 4637 apostolis,
1570 4567 1741 4621 docet.
1764 4567 1837 4621 Ne
1860 4568 2056 4621 discmo

510 4668 597 4721 det
621 4677 673 4719 et
704 4680 804 4716 nou
832 4663 965 4717 idem
995 4662 1230 4715 videatur
1256 4676 1372 4737 esse
1396 4677 1487 4729 per
1513 4666 1841 4728 prmsentiam
1862 4660 2058 4716 Christi

508 4755 756 4809 traditum
787 4753 1068 4819 aposmlis,
1105 4749 1243 4819 quod
1273 4752 1384 4817 ipse
1416 4750 1513 4803 sibi
1551 4765 1643 4817 per
1682 4750 2055 4804 revelationcm

507 4846 757 4900 traditum
803 4842 964 4905 dixit;
1022 4840 1289 4908 coniungit
1332 4840 1379 4893 id
1428 4840 1523 4892 sibi
1580 4840 1868 4893 revelatum
1920 4840 2056 4907 quod

509 4936 705 4991 sanctis
729 4930 999 5001 apostolis.
1030 4930 1220 4983 Parum
1272 4940 1390 4982 est:
1424 4929 1603 4997 adjicit
1644 4939 1690 4981 et
1731 4931 1984 4997 prapltetis
2007 4932 2059 4982 in

507 5026 708 5094 spiritu.
760 5022 926 5076 Acute
966 5030 1017 5072 et
1048 5019 1391 5073 vehementer
1421 5036 1435 5071 :
1464 5020 1656 5072 etenim
1688 5022 1937 5087 propheta
1968 5019 2058 5086 qui

511 5114 817 5183 mysterium
846 5110 1047 5164 locutus
1074 5118 1174 5173 est,
1207 5107 1256 5160 in
1291 5107 1485 5174 Spiritu
1515 5108 1584 5160 illi
1631 5108 1917 5161 revelatum
1940 5118 2056 5173 est;

510 5204 815 5273 mysterium
846 5201 957 5269 ipse
985 5215 1087 5251 non
1123 5199 1291 5251 scivit.
1325 5199 1453 5262 Quia
1481 5198 1609 5251 dixit
1636 5199 1752 5252 filiis
1787 5200 2056 5255 hominum

512 5292 798 5347 revelatum
826 5304 930 5343 non
973 5287 1131 5340 fuisse
1166 5302 1334 5356 neque
1364 5296 1543 5341 notum
1580 5291 1929 5359 mysterium;
1965 5290 2060 5345 fuit

610 5443 654 5513 t)
693 5441 855 5513 Codd.
887 5450 931 5493 et
960 5455 1048 5493 nos
1067 5454 1159 5507 pro
1186 5440 1416 5493 ostendit.

610 5444 654 5513 I)
693 5444 855 5495 Codd.
887 5450 931 5493 et
960 5455 1048 5493 nos
1067 5454 1159 5507 pro
1186 5444 1416 5493 ostendit.

577 5444 655 5583 i2)
692 5509 856 5583 godd.
888 5512 1070 5579 factum
1096 5525 1207 5583 qum
1229 5520 1300 5562 est
1320 5520 1482 5563 autem
1501 5512 1553 5565 in
1571 5526 1646 5566 eo.

600 5580 653 5648 3)
695 5580 847 5647 Vulg.
874 5594 975 5631 non
998 5588 1068 5630 est
1092 5580 1333 5648 agnitum.

600 5585 633 5638 5
695 5585 847 5647 Vulg.
874 5594 975 5631 non
998 5588 1068 5630 est
1092 5585 1333 5660 agnitum.
1360 5648 1370 5659 .

574 5585 653 5725 id;
691 5647 856 5704 Codd.
884 5656 999 5700 ante
1019 5662 1139 5701 mets
1164 5648 1479 5717 temporibus.

2164 4579 2441 4647 telligimus
2467 4580 2644 4633 datum
2670 4580 2885 4647 donum,
2911 4594 2965 4636 ut
2987 4586 3228 4638 minister
3245 4596 3420 4651 esset;
3449 4598 3503 4642 ct
3526 4590 3711 4644 donum

2160 4667 2251 4720 Del
2286 4667 2360 4737 (6)
2392 4684 2512 4724 esse
2540 4670 2760 4737 gratiam
2806 4673 2945 4738 quod
2976 4674 3213 4728 minister
3238 4686 3336 4730 est.
3382 4678 3503 4733 1am
3538 4696 3599 4734 ex
3628 4696 3713 4734 ac-

2158 4769 2306 4826 cepta
2338 4761 2501 4825 gratia
2533 4760 2754 4815 ministri
2778 4777 2896 4816 cum
2924 4777 3200 4833 operetur;
3226 4777 3276 4821 et
3300 4769 3386 4821 illa
3417 4773 3588 4839 gratia
3615 4780 3709 4837 est,

2160 4858 2216 4899 ut
2254 4850 2489 4915 operatio
2516 4849 2631 4917 ejus
2678 4866 2745 4905 ex
2795 4853 2985 4906 virtute
3014 4853 3103 4907 Dei
3131 4856 3218 4908 sit.
3271 4856 3346 4909 lta
3380 4869 3437 4911 ut
3481 4860 3713 4916 minister

2159 4949 2318 5000 esset,
2368 4940 2563 4995 domum
2613 4942 2700 4996 Dei
2732 4942 2831 4997 fuit
2854 4960 2867 5007 ;
2894 4954 2949 4997 ut
2976 4955 3118 5000 esset
3160 4949 3398 5016 operatio
3431 4950 3523 5005 Dei
3555 4954 3712 5009 virtus

2160 5032 2210 5084 in
2254 5047 2340 5097 co,
2380 5033 2545 5101 gratia
2581 5033 2668 5087 Dei
2702 5032 2817 5087 fuit.
2848 5034 2979 5088 Mihi
3008 5036 3162 5106 igitur
3187 5041 3408 5092 omnium
3430 5053 3713 5096 sanctorum

2160 5120 2363 5173 minimo
2389 5122 2494 5174 [nec
2522 5122 2639 5175 data
2670 5131 2760 5187 est,
2800 5124 2986 5193 inquit,
3020 5127 3203 5195 gratia.
3237 5129 3367 5196 Qum
3398 5132 3488 5186 illa
3516 5134 3713 5202 gratia?

2237 5241 2310 5311 (l)
2346 5241 2545 5315 Vulgo:
2578 5243 2754 5298 Gentes
2786 5261 2892 5299 esse
2932 5246 3213 5301 cohwredes
3252 5259 3296 5301 et
3334 5254 3713 5315 concor-param

2161 5312 2610 5432 gCOtltplthiCipes
2649 5316 2993 5382 promissionis
3018 5318 3128 5386 ejus
3166 5321 3218 5372 in
3247 5318 3447 5373 Christo
3475 5312 3600 5377 Iesu
3628 5338 3713 5393 per

2191 5396 2365 5432 .vanae
2388 5397 2509 5432 tum.

2191 5396 2509 5449 Lvangetmm.

2261 5450 2313 5511 2)
2344 5450 2511 5504 (Zodd.
2538 5452 2756 5506 libertas.

2232 5449 2310 5589 i3)
2348 5519 2495 5585 Vulg.
2524 5518 2682 5589 Cujus
2721 5526 2756 5589 ft

2257 5518 2310 5587 3)
2348 5519 2495 5603 Vulg.
2524 5518 2682 5603 Euius
2721 5526 2885 5591 factus
2922 5540 3034 5603 sum
3061 5528 3284 5581 minister
3314 5533 3589 5603 secundum
3623 5534 3708 5588 do-

2162 5587 2479 5666 num‘gtatiaf
2515 5587 2611 5666 D_ei
2832 5595 3106 5650 secundum
3132 5600 3538 5666 aper-otiosam...

2229 5657 2308 5727 (4)
2335 5658 2501 5714 Codd.
2529 5657 2688 5714 Deus.
