3910 6212
199 255 354 316 1965

1179 264 1240 318 ΙΝ
1284 263 1660 320 l‘IPISTOLAM
1728 267 1813 317 AD
1855 265 2174 321 I‘Il’Hl‘ZSIOS
2214 267 2406 321 LIBER
2447 269 2484 321 l.

3303 270 3434 322 1966

199 377 499 430 secundum
520 378 886 444 operationem
910 377 1114 431 virtutis
1133 379 1400 446 cjusintcr
1417 387 1598 446 gentes
1617 392 1774 432 evan-
1803 381 1854 439 Α
1880 389 1931 432 et
1979 389 2169 434 cratera
2212 395 2327 448 qua:
2357 381 2638 450 subjungit.
2693 380 2747 432 In
2779 394 2881 449 quo
2929 381 3085 448 igitur
3127 379 3436 449 mysterium

200 467 456 536 gelizare.
472 466 605 534 Quid
622 477 796 521 autem
814 469 1192 536 evangelizare,
1207 468 1322 536 subj
1331 470 1414 522 icit
1433 487 1444 522 :
1461 483 1563 522 non
1577 478 1781 536 aposto-

206 557 389 612 lorum
406 559 642 624 minimo,
665 560 757 612 sed
779 571 1100 623 sanctorum,
1128 560 1313 629 inquit.
1337 560 1514 614 Sancti
1540 563 1699 622 enim,
1728 570 1781 614 et

207 648 320 702 ﬁde
341 658 395 702 et
417 649 602 716 spiritu
625 652 789 704 sancti
813 692 827 715 ,
853 653 1239 718 suntapostnli,
1258 650 1447 720 quilms
1476 651 1777 705 mandatum

207 746 299 791 est
324 739 676 806 evangelium.
712 738 1239 808 lncompreltensibiles
1261 741 1459 792 divitias
1481 740 1656 793 Christi
1682 741 1775 808 (I).

208 827 350 895 Quae
372 830 510 880 enim
539 816 628 881 aut
644 829 838 882 divitia:
861 830 992 882 tales
1011 845 1129 884 esse
1157 842 1392 896 possunt,
1417 840 1507 882 aut
1531 829 1781 897 quemad-

212 919 432 972 modum
447 918 823 986 cnmprt-hendi
839 919 1050 982 divitiae,
1067 936 1181 987 qua:
1196 919 1540 980 suutChi-isu,
1555 936 1670 988 qua:
1686 936 1781 974 nos

210 1008 412 1062 l'aciaut
427 1008 518 1062 Dei
535 1009 941 1069 lilios,a:ternam
955 1011 1114 1061 vitam
1130 1006 1374 1070 tribuant,
1390 1010 1779 1075 corruptionem

213 1114 431 1153 omnem
453 1098 712 1161 auferant,
746 1107 967 1153 mortem
998 1099 1162 1165 ipsam
1192 1099 1526 1162 interficiant,
1558 1099 1607 1150 iu
1636 1099 1782 1152 cmlis

214 1203 339 1242 esse
361 1189 578 1253 faciant,
602 1200 808 1256 peccata
825 1189 1022 1242 donent
1044 1190 1242 1240 munia?
1267 1188 1404 1255 Ergo
1425 1203 1626 1255 magna:
1652 1188 1783 1241 divi-

215 1279 328 1344 tize,
357 1291 410 1333 et
433 1282 482 1333 in
506 1281 748 1334 tollendis
766 1282 916 1333 malis
935 1280 1255 1349 indulgentia
1287 1289 1638 1349 peccatorum,
1661 1289 1712 1331 et
1731 1280 1780 1332 in

218 1368 412 1425 dandis
442 1370 614 1436 bouis,
646 1383 699 1426 et
727 1373 882 1425 tantis
910 1371 1080 1436 bonis,
1111 1386 1229 1439 qua:
1255 1384 1411 1438 supra
1435 1369 1566 1436 dixi,
1597 1378 1650 1424 et
1678 1370 1779 1423 alia

220 1462 369 1516 talia.

295 1555 459 1609 Vens.
494 1554 546 1609 9.
586 1554 745 1609 —Et
791 1556 1080 1609 illuminare
1131 1572 1297 1610 omnes
1343 1571 1454 1626 qua:
1501 1557 1564 1608 sit
1615 1556 1784 1625 dispo-

220 1648 340 1701 sitio
385 1645 465 1714 (2)
513 1648 752 1716 mysterii.
787 1647 960 1700 Ordo:
994 1646 1114 1699 data
1152 1655 1234 1699 est
1277 1646 1402 1698 mihi
1443 1642 1783 1713 gratia'iuter

1884 470 1983 523 hoc
2012 469 2376 523 absconditum
2408 471 2528 522 est?
2564 471 2613 522 in
2655 468 2782 522 Deo.
2809 470 2862 522 ltt
2887 484 2988 538 quo
3017 469 3122 523 Deo
3143 469 3166 521 ?
3186 470 3274 538 qui
3316 466 3438 521 uni-

1885 576 2036 613 versa
2089 562 2304 614 creavit.
2363 560 2419 614 Si
2467 562 2605 613 enim
2662 575 2753 629 per
2805 561 2974 628 ipsum
3017 560 3306 614 revelatum
3355 569 3438 614 cst

1881 650 2189 721 mysterium
2222 650 2410 717 inipso
2447 650 2809 703 absconditum
2837 665 2851 712 ;
2886 648 2981 700 fuit
3003 658 3177 702 autem
3205 649 3436 701 abscon-

1881 742 2045 793 ditum
2078 751 2358 809 antequam
2389 739 2610 801 veniret,
2655 740 2940 793 revelatum
2983 747 3065 792 est
3091 748 3434 805 posteaquam

1882 832 2042 885 venit.
2065 831 2192 895 Quis
2213 833 2309 883 iste
2324 833 2437 883 est?
2458 831 2543 899 qui
2570 831 2832 893 universa,
2859 831 3042 896 inquit,
3061 831 3276 884 creavit.
3296 829 3437 898 Ergo

1881 931 2087 974 creator
2111 922 2230 974 licet
2259 922 2392 973 Deus
2411 923 2716 988 accipiatur,
2740 920 2832 973 sed
2861 937 2951 986 per
2970 920 3232 972 Christum
3255 930 3430 972 tamen

1882 1021 2090 1064 creator
2119 1011 2271 1065 Deus.
2293 1011 2510 1063 Creatur
2528 1011 2663 1063 t'llllll
2694 1027 2796 1062 non
2823 1010 3067 1062 ennvcuit
3097 1008 3320 1078 De0(l),
3343 1008 3437 1061 sed

1881 1102 2124 1157 cenvenit
2148 1101 2376 1166 Christo,
2409 1111 2461 1155 et
2488 1103 2563 1154 sic
2594 1117 2684 1168 per
2711 1100 2976 1154 Chrismut
3002 1101 3126 1153 Deo.
3159 1099 3251 1152 Ille
3293 1100 3436 1152 enim

1882 1191 2344 1261 genuitChristum
2399 1208 2413 1244 :
2457 1191 2695 1244 Christus
2744 1190 3132 1243 creavitontnia
3163 1189 3276 1255 ipso
3328 1188 3440 1240 Deo

1883 1291 2130 1347 Operaule
2158 1290 2210 1333 et
2241 1296 2331 1348 per
2359 1295 2415 1334 se
2438 1289 2669 1333 creante.
2700 1279 2775 1332 lla
2793 1295 2949 1330 unum
2979 1287 3058 1331 est
3088 1279 3224 1343 quod
3260 1286 3437 1330 creata

1881 1380 2003 1424 Sunt
2031 1370 2225 1431 omnia,
2261 1379 2313 1424 et
2359 1372 2424 1424 ab
2465 1386 2568 1422 uno
2617 1381 2788 1424 creata
2831 1379 2969 1422 sunt.
3002 1369 3056 1424 Si
3099 1369 3308 1436 quidem
3339 1368 3431 1422 Dei

1881 1461 2044 1530 patris
2063 1475 2218 1529 opera
2249 1475 2341 1528 per
2367 1460 2630 1512 Christum
2657 1469 2829 1513 creata
2861 1470 2981 1512 sunt
3009 1459 3202 1512 omnia.

1957 1550 2111 1603 Vens.
2146 1550 2231 1602 lit.
2259 1579 2328 1590 —
2357 1549 2422 1603 Ut
2465 1548 3196 1620 innotesceretprincipibus(l)
3227 1559 3272 1601 et
3302 1559 3438 1618 pote-

1881 1639 2090 1692 statibus
2115 1641 2164 1692 in
2189 1639 2461 1692 caelestibus
2483 1656 2570 1709 per
2601 1638 2873 1691 Ecclesium
2899 1639 3216 1708 multiformis
3237 1639 3438 1706 sapien-

221 1746 410 1806 geutes
437 1737 798 1806 evangelizare
835 1748 888 1791 et
928 1737 1227 1790 illuminare
1256 1750 1460 1789 omnes.
1495 1735 1549 1788 lu
1593 1751 1691 1803 qua
1727 1749 1783 1787 re
1812 1734 1859 1792 B
1886 1732 1955 1783 tia
1999 1730 2109 1782 Dei.
2161 1731 2269 1783 lloc
2314 1741 2397 1782 est
2444 1729 2748 1799 mysterium
2795 1729 2932 1797 quod
2978 1730 3341 1782 absconditum
3384 1730 3440 1782 in

220 1829 548 1881 illuminare?
575 1829 698 1897 quid
729 1829 798 1880 sit
825 1828 1082 1895 dispositio
1108 1827 1362 1894 mysterii;
1395 1837 1451 1879 ut
1479 1841 1580 1878 non
1610 1825 1783 1877 solum

222 1921 536 1990 mysterium
565 1919 925 1988 evangelizent
953 1918 1044 1971 sed
1077 1927 1130 1970 et
1151 1915 1532 1981 illumittcut,id
1561 1924 1642 1968 est
1662 1929 1786 1982 ape-

222 2011 365 2066 riant
389 2025 507 2077 qua:
551 2011 621 2062 sit
658 2009 938 2079 dispositio
967 2009 1224 2078 mysterii.
1258 2008 1407 2075 Quod
1443 2017 1616 2061 autem
1657 2006 1786 2059 dixit

223 2100 518 2153 illuminare
544 2115 711 2151 omnes
739 2099 906 2152 tenuit
924 2108 976 2151 et
1005 2097 1166 2151 Israel
1218 2108 1270 2151 et
1317 2107 1522 2166 gentes.
1571 2097 1788 2163 Accepit

224 2189 369 2242 enim
394 2189 508 2241 sine
532 2189 692 2241 dubio
719 2190 768 2242 in
798 2198 980 2259 gentes
1010 2188 1371 2256 evangelium;
1400 2187 1494 2242 sed
1524 2195 1579 2241 et
1617 2185 1785 2239 Judmi

227 2281 512 2334 illuminari
561 2290 799 2350 possunt,
828 2283 869 2334 si
897 2289 1203 2349 sequantur,
1247 2280 1290 2332 si
1338 2279 1604 2332 obediaut.
1647 2278 1783 2344 Quid

227 2380 404 2424 autem
435 2371 503 2423 sit
543 2371 806 2438 dispositio
845 2371 1085 2439 mysterii,
1119 2369 1484 2438 exponendum
1521 2377 1632 2431 est;
1662 2382 1791 2435 quo—

229 2462 370 2514 niam
399 2461 699 2516 illuminare
725 2477 782 2515 se
813 2461 947 2514 dixit
977 2462 1188 2514 Paulus.
1220 2461 1322 2515 Sed
1368 2461 1416 2514 id
1449 2461 1500 2514 in
1527 2462 1791 2528 sequenti-

233 2552 334 2604 bus
356 2551 642 2605 declaravit
667 2551 943 2604 absconditi
968 2569 998 2604 a
1024 2551 1222 2603 steculis
1250 2553 1301 2603 in
1330 2550 1454 2602 Deo.
1492 2551 1615 2602 Data
1640 2550 1789 2610 mihi,

235 2642 425 2710 inquit,
462 2641 601 2694 inter
626 2655 809 2710 gentes
837 2650 919 2695 est
940 2643 1128 2709 gratia,
1159 2657 1326 2693 onmes
1355 2642 1640 2694 illuminare
1682 2657 1793 2708 qute

235 2732 299 2785 sit
325 2732 583 2800 dispositio
613 2732 854 2800 mysterii.
888 2730 1050 2797 Cujus
1077 2730 1357 2799 mysterii?
1403 2731 1540 2799 quod
1563 2731 1792 2783 abscon-

237 2823 403 2875 ditum
427 2831 527 2885 est,
558 2823 747 2890 inquit,
781 2837 807 2874 a
832 2822 1040 2875 saeculis
1065 2823 1114 2873 in
1150 2822 1279 2874 Deo.

305 2913 440 2979 Quid
469 2924 547 2966 est
566 2930 594 2966 a
622 2913 844 2976 saeculis,
871 2913 1059 2981 etquid
1090 2913 1139 2964 iu
1170 2914 1305 2976 Deo;
1338 2911 1459 2980 quid
1479 2912 1791 2964 051³1)ςοοη-

232 3005 398 3058 ditum
417 3020 431 3066 ;
448 3012 501 3057 et
517 3004 781 3072 quomodo
794 3003 1153 3058 absconditum
1174 3003 1430 3066 ;hrevi|er
1446 3001 1785 3069 explicemus.

1888 1820 2015 1884 Deo,
2048 1821 2096 1873 id
2129 1831 2209 1873 est
2251 1822 2301 1873 in
2333 1819 2567 1882 Christo,
2617 1820 2755 1887 quod
2803 1829 2985 1889 postea
3029 1820 3313 1874 revelatum
3358 1830 3441 1874 est

1889 1925 1991 1962 non
2021 1910 2214 1963 animis
2246 1909 2324 1980 (5)
2356 1910 2446 1962 sed
2479 1910 2801 1972 hominibus,
2841 1923 3009 1976 neque
3041 1916 3237 1962 tantum
3271 1909 3440 1961 homi-

1889 2001 2041 2054 nibtts
2070 2001 2161 2054 sed
2191 2000 2418 2052 omnibus
2443 1999 2751 2069 principibus
2787 2009 2832 2052 et
2870 1999 3194 2068 potestatibus
3219 1999 3269 2050 in
3293 1999 3440 2051 mle-

1887 2090 2062 2153 stibus,
2099 2100 2150 2144 et
2183 2091 2465 2144 revelatum
2493 2101 2570 2144 est
2596 2105 2692 2157 per
2726 2089 3038 2154 Ecclesium,
3069 2090 3207 2158 quod
3237 2091 3441 2143 scilicet

1891 2198 1983 2251 per
2024 2184 2330 2254 mysterium
2360 2183 2617 2248 sapientia
2663 2182 2750 2235 Dei
2778 2193 2879 2235 est.
2918 2181 3047 2235 Cum
3089 2195 3261 2235 autem
3308 2181 3440 2235 dixit

1892 2274 2203 2342 princip-ibus
2233 2282 2275 2325 et
2303 2273 2626 2341 potestatibus
2664 2273 2715 2324 in
2751 2273 3025 2324 cwlestibus
3065 2272 3280 2337 intelligi
3318 2271 3442 2324 licet

1892 2363 1994 2417 illis
2018 2365 2301 2416 revelatum
2334 2378 2437 2414 non
2465 2377 2605 2425 esse,
2637 2379 2751 2431 quze
2777 2363 3012 2425 adversa:
3055 2372 3174 2416 sunt
3209 2380 3221 2415 :
3246 2361 3301 2414 in
3330 2375 3439 2415 roe-

1891 2452 2107 2505 lestibus
2127 2453 2286 2515 enim,
2317 2453 2501 2521 inquit.
2544 2454 2609 2505 Et
2651 2451 2790 2520 quod
2821 2452 2950 2505 dixit
2997 2467 3090 2520 per
3127 2453 3439 2516 Ecclesium,

1895 2541 1944 2594 id
1974 2552 2052 2594 est
2075 2557 2166 2609 per
2190 2543 2421 2594 membra
2454 2543 2541 2594 Dei
2568 2543 2760 2598 omnia.
2781 2556 2872 2608 per
2889 2542 3121 2594 membra
3148 2539 3365 2605 Christi,
3387 2551 3443 2594 et

1895 2644 1987 2698 per
2031 2645 2237 2684 onmem
2276 2630 2504 2682 animam
2541 2630 2806 2700 mysteriis
2850 2630 2963 2698 ejus
2993 2630 3222 2683 indutam
3255 2629 3354 2702 (ι),
3387 2639 3444 2683 et

1894 2721 1944 2773 in
1970 2721 2135 2787 ipsum
2167 2736 2310 2788 spem
2340 2720 2635 2774 habentem.
2655 2721 2725 2773 Ita
2753 2732 3004 2789 quantum
3041 2723 3237 2775 homini
3261 2724 3440 2775 datum

1893 2811 1980 2875 sit,
2012 2810 2227 2878 intelligi
2250 2811 2392 2863 licet.
2415 2812 2468 2862 Si
2494 2811 2704 2878 quidem
2732 2827 2832 2864 non
2852 2812 3112 2876 principes
3141 2823 3191 2865 et
3221 2821 3444 2879 potestav

1895 2911 1968 2954 tes
2000 2901 2051 2952 in
2081 2902 2405 2965 cmleSIihus,
2439 2901 2537 2969 ipsi
2561 2902 2870 2970 sapientiam
2902 2902 2994 2956 Dei
3023 2903 3322 2956 hominibus
3349 2902 3443 2956 de-

1890 2994 2092 3048 clarant
2117 3011 2130 3056 ;
2171 2996 2262 3046 sed
2291 3011 2376 3062 per
2404 2993 2698 3058 Ecclesium,
2721 2995 2769 3048 id
2796 3004 2877 3048 est
2906 3011 2996 3063 per
3023 3010 3114 3049 eos
3155 2997 3240 3065 qui
3272 3011 3443 3047 metu-

229 3097 274 3150 Α
293 3095 416 3161 Deo,
439 3095 525 3163 qui
544 3105 692 3162 pater
712 3095 1021 3162 estw-imus,
1038 3094 1242 3161 genitus
1259 3092 1592 3146 estChrislus
1609 3092 1694 3159 qui
1713 3101 1789 3145 est
1818 3075 1862 3135 C
1896 3087 1985 3138 bra
2016 3094 2137 3138 Sltttl
2160 3083 2375 3148 Christi,
2404 3085 2816 3137 sanctilicatione
2838 3085 2887 3137 in
2914 3086 3034 3148 lidc,
3083 3092 3368 3152 potestates
3390 3096 3445 3137 οι

232 3187 410 3239 lumen
428 3201 492 3240 ex
512 3187 726 3243 lumine.
747 3195 800 3240 et
818 3187 951 3238 Deus
970 3201 1032 3239 ex
1055 3186 1164 3238 Deo
1181 3183 1279 3254 ('5),
1303 3183 1392 3251 qui
1412 3185 1562 3238 Jesus
1583 3193 1680 3247 est,
1705 3185 1790 3250 qui

235 3278 371 3330 Dens
400 3291 462 3329 ex
485 3277 590 3328 Deo
606 3286 685 3329 est
713 3274 814 3347 (4).
837 3275 1004 3329 Nemo
1024 3291 1108 3328 me
1128 3277 1264 3328 velut
1283 3276 1502 3328 alterum
1530 3276 1688 3327 Deum
1716 3273 1794 3327 di-

232 3381 354 3421 cere
375 3367 668 3428 existimet;
700 3367 791 3420 sed
826 3368 893 3420 ita
919 3367 1049 3419 ordo
1080 3365 1322 3433 loquendi
1355 3365 1566 3432 ﬂagitat.
1591 3363 1644 3416 lu
1673 3365 1791 3427 hoc,

232 3457 466 3525 inquant,
495 3456 728 3521 Christo,
752 3457 839 3525 qni
865 3456 1003 3508 Deus
1029 3471 1092 3508 ex
1117 3455 1221 3508 Deo
1242 3466 1341 3515 est,
1365 3455 1536 3506 omnia
1566 3452 1792 3520 perlecta

233 3556 382 3610 sunt,
407 3556 458 3599 et
488 3561 582 3613 per
612 3546 804 3613 ipsum,
838 3546 1045 3608 omnia;
1079 3544 1170 3598 sed
1199 3544 1338 3611 quod
1371 3557 1510 3595 nunc
1550 3556 1792 3594 necessa-

233 3637 372 3689 rium
414 3644 515 3700 est,
562 3636 613 3688 in
664 3636 779 3703 ipso
825 3634 1020 3687 omnia.
1060 3634 1145 3687 Sic
1177 3633 1314 3685 enim
1361 3632 1580 3693 dictum,
1612 3639 1664 3682 et
1704 3645 1794 3696 per

233 3726 430 3795 ipsum,
459 3734 514 3778 et
540 3725 590 3778 in
621 3726 752 3792 ipso.
780 3725 835 3778 Si
858 3725 1012 3794 igitur
1035 3725 1088 3776 in
1115 3724 1227 3790 ipso
1249 3723 1444 3780 omnia.
1476 3735 1791 3788 quamquam

233 3831 331 3886 per
359 3818 528 3885 ipsum
559 3817 754 3882 omnia,
785 3815 878 3871 sed
913 3817 1044 3868 Deus
1070 3815 1120 3867 in
1152 3815 1263 3879 ipso
1289 3812 1461 3865 omnia
1495 3811 1604 3879 (5);
1635 3813 1791 3864 etiam

235 3909 336 3961 hoc
366 3907 672 3976 mysterium
701 3916 800 3966 est.
829 3917 880 3959 et
904 3906 954 3958 itt
998 3907 1111 3971 ip~o
1139 3903 1524 3958 absconditum.
1549 3902 1791 3955 Abscon-

232 3997 401 4051 ditum
429 4007 603 4050 autem
651 3996 876 4064 quibus?
909 4011 935 4046 a
968 3995 1191 4046 sa-culis.
1225 3991 1466 4045 Christus
1494 3992 1632 4043 enim
1673 3991 1793 4042 uni-

233 4086 444 4156 genitus
471 4086 560 4139 Dei
583 4087 740 4147 illius,
773 4096 824 4138 et
860 4085 925 4138 ab
957 4086 1068 4152 ipso
1114 4084 1311 4150 reliqua
1343 4091 1516 4134 creata
1559 4091 1716 4134 sunt:
1743 4080 1794 4134 id

237 4185 318 4231 est
350 4190 442 4244 per
467 4176 634 4243 ipsum
668 4176 764 4229 Dei
794 4191 950 4244 opera
977 4176 1026 4227 in
1059 4176 1172 4242 ipso
1207 4185 1459 4240 operante
1483 4189 1574 4239 per
1602 4173 1789 4240 ipsum.

235 4266 425 4319 Omnia
471 4267 660 4320 saecula
714 4265 874 4335 igitur
922 4266 1211 4333 posteriora
1256 4262 1502 4327 Christo;
1543 4263 1735 4332 quippe
1763 4279 1793 4315 a

237 4355 452 4410 Christo
479 4355 632 4409 facta.
667 4356 803 4409 Nihil
844 4356 998 4424 igitur
1026 4363 1147 4408 ante
1181 4353 1468 4414 Christum,
1512 4368 1608 4404 nec
1636 4366 1791 4420 Supe-

1896 3175 2154 3242 principes
2186 3176 2233 3225 in
2273 3174 2580 3228 coelestibus
2628 3175 2940 3242 sapientiam
2992 3173 3083 3227 Dei
3119 3186 3444 3243 cognoscunt

1893 3264 2084 3317 editam
2133 3278 2250 3317 esse
2297 3279 2388 3330 per
2433 3263 2715 3316 hominem.
2764 3265 2971 3317 Discere
3015 3274 3066 3316 et
3108 3279 3328 3318 noscere
3367 3263 3444 3332 (5)

1894 3357 2049 3408 etiam
2097 3354 2417 3422 principibus
2447 3354 2624 3406 tmtndi
2656 3363 2708 3407 et
2742 3355 3081 3420 potestatibus
3135 3355 3445 3423 sapientiam

1897 3446 2010 3509 Dei,
2041 3445 2208 3499 facilis
2255 3448 2357 3497 erit
2396 3443 2609 3511 agnitio,
2644 3447 2687 3496 si
2721 3446 2805 3496 ubi
2837 3443 2995 3496 homo
3019 3445 3109 3508 sit,
3141 3452 3194 3497 et
3233 3445 3317 3496 ubi
3348 3444 3444 3496 ha-

1895 3540 2015 3591 beat
2039 3537 2346 3604 principium
2373 3537 2672 3598 didicerint,
2705 3537 3068 3604 cognoverint,
3099 3551 3190 3604 per
3221 3537 3445 3604 prophe-

1896 3639 2001 3681 tam
2041 3628 2370 3680 Ezechielem
2400 3643 2515 3679 cum
2557 3627 2786 3691 loquitur
2827 3627 2892 3680 de
2922 3626 3214 3684 cherubin:
3256 3627 3306 3679 in
3339 3641 3445 3694 quo

1895 3720 2027 3772 visio
2055 3728 2154 3778 est,
2177 3717 2616 3784 quemadmodum
2639 3719 2780 3770 locus
2808 3718 2918 3784 ipse
2942 3726 3136 3770 certam
3164 3717 3451 3785 expositio-

1897 3825 2015 3862 nem
2046 3809 2330 3861 desiderat.
2365 3807 2601 3860 Breviter
2624 3821 2749 3870 ergo
2779 3807 3011 3875 my~terii
3031 3819 3215 3858 omnes
3246 3814 3442 3873 partes,

1895 3915 2024 3968 quas
2050 3915 2144 3952 nos
2189 3915 2342 3966 sopra
2370 3899 2621 3960 diximus,
2663 3899 2828 3967 tetigit
2868 3898 3088 3951 dicendo
3127 3899 3446 3966 multiformis

1897 3991 2142 4058 sapientia
2173 3988 2264 4039 Dei
2290 4005 2302 4041 :
2334 3988 2413 4041 vel
2444 3988 2581 4056 quod
2613 3987 2771 4039 lilium
2805 3988 2964 4048 misit,
3006 3987 3089 4040 vel
3121 3987 3256 4055 quod
3299 3998 3445 4040 tanta

1897 4078 2143 4144 majestas
2171 4077 2311 4129 servi
2341 4077 2563 4128 formam
2584 4078 2834 4142 suscepit,
2866 4077 2948 4128 vel
2969 4077 3107 4142 quod
3133 4085 3271 4127 tanta
3296 4077 3445 4141 signa

1896 4167 2033 4220 laeta
2063 4174 2207 4228 sunt,
2236 4167 2316 4219 vel
2344 4166 2482 4233 quod
2515 4165 2772 4233 pretnissa
2814 4174 2956 4217 tanta
2995 4175 3136 4229 sunt,
3167 4164 3446 4232 indulgen-

1899 4255 1967 4309 tia
2000 4257 2248 4323 peccatis,
2277 4265 2330 4308 et
2355 4256 2632 4325 promissio
2657 4257 2926 4309 caelorum.
2953 4255 3078 4308 Item
3101 4265 3296 4309 a-terna
3337 4256 3446 4307 vita

1896 4353 1949 4399 et
1972 4344 2281 4414 gltirilicatio
2298 4357 2351 4398 et
2377 4346 2654 4398 haereditas
2678 4346 2828 4397 simul
2861 4361 2978 4398 cum
3001 4346 3187 4399 eodem
3211 4345 3443 4409 Christo,

234 4446 375 4500 riora
407 4458 530 4499 ante
549 4447 835 4500 Christum.
860 4446 1014 4500 Nullo
1037 4445 1288 4512 temporis
1309 4443 1525 4497 exordio
1552 4442 1793 4495 Christus
1819 4425 1870 4483 Ῑ)
1895 4446 1948 4488 et
1987 4435 2221 4498 ejusdem
2253 4445 2368 4501 post
2408 4446 2629 4487 mortem
2675 4435 3011 4498 resurrectio,
3044 4445 3094 4488 et
3139 4436 3248 4503 ipsa
3281 4449 3444 4501 mors,

237 4546 390 4590 natus
415 4552 479 4589 ex
508 4537 632 4590 Deo.
664 4539 754 4590 llis
784 4539 938 4606 igitur
971 4537 1199 4599 smculis,
1232 4536 1354 4588 item
1385 4536 1451 4586 ab
1480 4534 1560 4586 his
1596 4534 1644 4586 in
1687 4534 1793 4586 Deo

238 4627 547 4696 mysterium
578 4626 941 4680 absconditum
983 4634 1086 4689 est,
1129 4634 1184 4677 ut
1209 4626 1320 4676 suis
1347 4623 1669 4690 temporibus
1705 4637 1792 4676 re-

240 4721 459 4781 veletur,
497 4718 586 4772 Dei
613 4719 774 4770 liliutn
798 4717 1064 4771 Christum
1089 4717 1289 4778 venire,
1314 4729 1526 4768 carnem
1555 4715 1792 4778 induere,

243 4825 577 4874 succurrere,
622 4810 851 4863 liberare
881 4808 1169 4870 hominem,
1217 4807 1414 4859 donare
1453 4813 1697 4872 peccata,
1744 4805 1794 4856 in

246 4911 445 4954 aeterna
474 4899 783 4954 etcmlestia
822 4899 1027 4964 tollere,
1057 4896 1365 4965 juSIilicare,
1408 4903 1460 4947 et
1487 4895 1798 4964 gloriﬁcare,

321 5077 402 5146 (l)
436 5074 594 5146 Vulg.
623 5089 636 5123 τ
669 5071 1045 5146 Investigabiles
1067 5070 1264 5146 diuitias
1286 5067 1490 5146 Christi.

316 5135 394 5212 (2i
415 5147 514 5196 Pro
539 5135 803 5209 dispositio
823 5135 1063 5209 mysterii,
1107 5140 1253 5206 Vulg.
1300 5137 1463 5190 habet
1500 5135 1803 5202 dispensatio

241 5218 559 5270 sacramenti.

315 5287 392 5356 (5)
424 5283 660 5356 Respicit
689 5279 990 5356 Victorinus
1020 5278 1088 5356 ad
1128 5275 1350 5356 symboli
1377 5273 1586 5356 Qicmni.
1617 5272 1798 5356 verba.

244 5342 559 5422 Et‘q'uitletn
583 5390 596 5413 ,
645 5363 806 5416 puero
839 5349 921 5422 vel
949 5342 1803 5422 adolescentulo\lictoritto,_cc-

247 5410 545 5476 lehrahatur
570 5410 814 5486 magnum
837 5417 964 5471 illud
990 5415 1177 5468 Nicaea:
1206 5428 1300 5483 pro
1319 5410 1513 5466 Christi
1528 5411 1803 5464 divinitate

242 5496 543 5547 coortiliutn.

316 5558 393 5628 (4)
425 5559 578 5628 atqui
611 5556 711 5609 hoc
739 5555 843 5621 jam
875 5556 1104 5628 dixeras,
1136 5551 1403 5608 Victoriae
1429 5550 1519 5604 mi.

313 5620 395 5698 (5)
424 5620 749 5694 Ιιίιίποτευε
775 5633 855 5678 est
883 5624 935 5678 In
963 5620 1116 5677 codd.

1896 4534 1948 4577 et
1977 4533 2164 4576 cauerat
2190 4523 2504 4589 hujusmodi,
2537 4523 2868 4576 multiformis
2896 4536 2976 4578 est
2995 4524 3244 4591 sapientia
3282 4524 3394 4576 Dei.

1965 4613 2125 4668 Vens.
2172 4615 2254 4666 ll.
2286 4642 2353 4652 ο·-
2382 4613 2668 4667 Secundum
2700 4615 3081 4682 prteﬁnilioneut
3122 4615 3445 4679 surculorum,

1897 4721 2042 4773 quam
2065 4707 2180 4773 fecit
2205 4707 2254 4758 iu
2284 4704 2482 4758 Christo
2510 4703 2633 4757 Iesu
2659 4705 2871 4757 Domino
2903 4717 3092 4758 nostro.
3124 4705 3198 4758 Ex
3230 4706 3329 4758 hoc
3356 4720 3451 4774 ap-

1899 4806 2043 4863 paret
2081 4795 2205 4863 quid
2236 4797 2304 4848 sit
2352 4797 2404 4847 in
2438 4795 2544 4847 Deo
2587 4796 2945 4848 absconditum
2977 4811 3095 4850 esse
3141 4797 3450 4866 mysterium

1900 4882 1946 4935 si
1981 4883 2191 4951 quidem
2222 4882 2464 4950 adjuuxit
2503 4883 2772 4936 secundum
2812 4886 3190 4953 prae/initiorum
3229 4886 3446 4937 seculo-

1975 4993 2053 5064 (l)
2096 4993 2223 5058 Quis
2270 4993 2343 5064 sic
2391 4993 2647 5060 loquitur,
2701 5002 2756 5046 ut
2789 4994 2917 5064 huic
2964 4993 3298 5064 Victorinus?
3339 4993 3453 5048 Deo

1906 5061 2048 5117 certe
2077 5063 2322 5115 cenveuit
2365 5064 2615 5115 creatoris
2649 5063 2948 5129 appellatio.
2984 5061 3314 5129 Caeteroquiu
3357 5078 3452 5117 cur

1907 5133 2106 5185 creatio
2156 5132 2221 5185 de
2273 5131 2378 5182 lilio
2442 5133 2545 5184 Deo
2595 5135 2785 5193 satpius
2831 5148 2984 5199 quam
3037 5133 3101 5185 de
3158 5142 3300 5197 patre
3345 5135 3452 5185 Deo

1913 5201 2259 5269 praedicetur;
2291 5216 2381 5250 seu
2415 5203 2584 5266 petius
2621 5215 2714 5252 cur
2755 5211 2898 5266 pater
2950 5217 3038 5268 per
3068 5203 3225 5252 lilium
3269 5215 3450 5253 creare

1909 5271 2144 5333 diezitur,
2199 5269 2460 5321 suhtihter
2521 5269 2749 5336 diSputat
2799 5270 3013 5323 Photius
3063 5285 3091 5322 a
3151 5287 3231 5322 me
3285 5283 3451 5333 nuper

1908 5339 2082 5392 editus
2101 5339 2417 5404 antphiloch.
2443 5337 2560 5389 188.
2587 5338 2723 5390 tioll.
2751 5351 2858 5393 vat.
2883 5339 2942 5391 Τ.
2972 5339 3011 5392 l.
3043 5354 3096 5407 p.
3126 5340 3249 5393 328.
3282 5352 3394 5403 sqq.

1979 5406 2056 5476 (2)
2091 5407 2265 5476 Υυιεη
2302 5409 2675 5476 principatibus.

1983 5475 2058 5544 (5)
2091 5475 2162 5528 lta
2192 5475 2345 5528 codd.
2378 5475 2509 5526 Num
2540 5491 2632 5543 pro
2661 5476 2891 5544 angelis!

1977 5544 2058 5613 (4)
2087 5544 2257 5613 Malim
2286 5545 2542 5595 imbutam.

1981 5611 2056 5677 (ὃ)
2086 5611 2248 5665 Codd.
2284 5623 2546 5664 notescere.
