3910 6212
440 193 573 251 ηδτ

439 413 697 468 apparere
744 402 1045 472 mysterium
1077 419 1167 473 per
1205 404 1539 473 prmscntiam
1570 403 1798 468 Domini,
1819 404 1868 457 in
1896 418 1999 473 quo

443 489 809 546 absconditum
837 494 1145 564 mysterium
1166 493 1278 549 fuit.
1299 494 1399 549 Per
1425 494 1595 563 ipsum
1616 494 1756 550 enim
1779 495 1998 548 revelari

450 581 691 636 debuerit
717 581 768 635 in
809 596 911 650 quo
936 582 1296 641 absconditum
1318 585 1430 638 fuit.
1459 584 1570 638 [loc
1603 584 1742 637 enim
1765 584 2003 652 adjunxit

448 689 599 741 quam
619 672 954 739 deﬁnitionem
978 674 1276 728 swculorum
1302 676 1418 744 fecit
1444 676 1494 730 in
1520 672 1716 729 Christo
1744 672 1868 727 Iesu
1897 673 1999 727 Do-

450 762 587 815 mino
602 762 909 828 nostro.Quo
923 772 1157 832 tempore
1171 774 1471 831 appareret,
1486 779 1590 833 quo
1604 772 1836 832 tempore
1851 777 1999 816 reve-

446 853 986 923 lareturmysterium.
1004 869 1107 922 quo
1125 853 1267 907 salus
1283 860 1337 907 et
1353 852 1592 907 liberatio
1612 852 1999 906 ostenderetur.

518 941 675 995 Vsus.
714 942 798 996 12.
840 940 993 994 -Ιη
1034 957 1130 1009 quo
1173 942 1409 995 habemus
1448 940 1724 995 libertatem
1747 941 2003 994 etaditum

445 1030 501 1084 in
528 1030 829 1097 conﬁdentia
868 1046 954 1097 per
980 1031 1131 1097 ﬁdem
1160 1031 1319 1098 ipsius
1340 1030 1440 1099 (l).
1472 1029 1619 1084 Licet
1657 1031 1707 1083 in
1752 1030 2005 1100 mysterio

446 1120 743 1191 praesentiae
765 1121 967 1174 Domini
990 1121 1153 1177 posui
1166 1120 1289 1175 .lesu
1305 1120 1498 1175 Christi
1515 1130 1569 1174 et
1589 1119 1879 1188 redemptio
1902 1118 2009 1173 fac-

444 1224 498 1267 ta
518 1214 587 1268 sit
605 1223 655 1268 et
675 1215 817 1269 salus
841 1214 982 1277 data,
1010 1227 1211 1270 summa
1236 1224 1431 1279 tamen,
1449 1224 1500 1267 et
1522 1227 1646 1267 vere
1673 1212 1738 1281 (si
1767 1211 2009 1265 attenda-

449 1306 593 1372 mus)
614 1305 725 1357 ha:c
738 1319 940 1359 summa
956 1306 1064 1359 sola
1086 1313 1186 1368 est,
1208 1312 1352 1358 certe
1372 1304 1618 1368 maxima,
1641 1302 1779 1373 quod
1796 1301 2009 1357 libertas

451 1394 605 1447 nobis
633 1393 754 1447 data
793 1401 891 1446 est.
917 1392 1124 1447 Etenim
1154 1392 1321 1459 pressi
1354 1393 1654 1459 captivitate
1682 1405 1784 1445 non
1806 1391 2013 1444 valeba-

450 1498 571 1537 inus
600 1498 693 1552 per
717 1483 884 1553 legem
918 1482 1185 1547 resistere,
1215 1482 1349 1536 sicut
1375 1481 1487 1551 ipse
1513 1482 1639 1536 dicit
1661 1479 1799 1549 quod
1833 1490 2011 1535 nostra

453 1573 732 1629 inﬁrmitas
753 1587 976 1641 corpore
1034 1574 1279 1629 resistere
1301 1588 1404 1626 non
1430 1574 1643 1627 valeret.
1680 1571 1831 1626 Venit
1858 1572 2014 1639 igitur

451 1672 512 1716 ut
533 1664 765 1717 vinceret
791 1677 1027 1726 carnem,
1057 1672 1110 1717 et
1154 1670 1379 1719 mortem
1427 1678 1520 1730 per
1568 1670 1789 1716 mortem
1842 1676 1856 1712 :

452 1752 611 1817 victa,
662 1752 788 1809 fecit
839 1752 1086 1820 possibile
1126 1752 1279 1807 nobis
1317 1766 1455 1817 esse,
1499 1750 1637 1820 quod
1688 1750 2014 1820 impossibile

454 1843 819 1897 credebamus.
852 1846 975 1895 Data
1005 1858 1132 1913 ergo
1158 1843 1371 1898 libertas
1396 1853 1498 1907 est,
1529 1851 1583 1896 et
1608 1842 1758 1897 datus
1792 1842 1858 1894 ad
1887 1855 2015 1895 con-

458 1935 725 1988 fidentiam
750 1932 920 1987 aditus
948 1949 1041 2001 per
1070 1933 1227 1988 ﬂdem
1253 1932 1439 2002 ipsius,
1465 1934 1563 1987 hoc
1601 1942 1683 1987 est
1709 1946 1829 1986 cum
1859 1932 2018 1985 tidem

459 2028 515 2080 in
541 2028 708 2096 ipsum
735 2024 1009 2083 habemus.
1034 2023 1232 2093 Monui,
1254 2031 1310 2078 et
1347 2036 1489 2091 saepe
1518 2023 1719 2085 monui,
1749 2035 1866 2075 eam
1897 2034 2017 2075 esse

456 2112 671 2185 ianuam
693 2111 1017 2171 liberationis
1039 2119 1255 2175 nostrae,
1278 2109 1325 2163 si
1346 2110 1397 2163 in
1417 2108 1685 2163 Christum
1705 2109 2015 2165 credamus:

458 2206 767 2273 mysterium
790 2204 929 2257 enim
947 2202 1059 2272 ejus
1086 2202 1329 2255 liberavit
1350 2216 1466 2265 nos,
1490 2202 1534 2256 si
1561 2216 1679 2256 eum
1713 2212 2017 2268 sequamur.

462 2295 611 2350 Tunc
638 2294 780 2347 enim
819 2292 1058 2366 proderit
1100 2292 1252 2346 nobis
1295 2291 1413 2360 ejus
1442 2306 1586 2346 mors
1628 2302 1680 2346 et
1705 2290 1819 2359 ejus
1846 2303 2024 2343 resur-

467 2385 654 2449 reCtio,
687 2385 730 2437 si
755 2383 910 2436 tidem
933 2385 982 2436 in
1004 2398 1124 2437 eum
1147 2381 1626 2451 habeamus;quod
1656 2382 1831 2435 omnia
1861 2393 2022 2449 prop-

466 2483 548 2529 ter
599 2490 695 2529 nos
731 2485 785 2530 et
828 2474 947 2529 fecit
973 2481 1027 2527 et
1056 2486 1240 2543 passus
1268 2480 1369 2527 est.
1407 2471 1747 2525 Conﬂdamus
1773 2484 1920 2539 ergo,
1951 2470 2025 2521 si-

469 2566 576 2620 cuti
608 2562 892 2633 subjungit.

537 2652 699 2707 Vens.
732 2652 816 2707 15.
868 2682 937 2691 -
966 2650 1182 2719 Propter
1200 2650 1336 2719 quod
1356 2658 1468 2718 peto
1497 2664 1559 2704 ne
1579 2648 1824 2713 deﬁciatis
1850 2648 1903 2702 in
1936 2648 2027 2702 tri-

470 2745 800 2801 bulationibus
829 2744 946 2795 meis
974 2759 1064 2811 pro
1092 2741 1227 2797 vobis
1248 2758 1267 2806 ,'
1288 2755 1399 2809 qua:
1424 2748 1493 2793 est
1514 2740 1679 2810 gloria
1710 2748 1889 2791 uestra.
1923 2738 2027 2791 Ex-

470 2837 819 2890 liortatiOnom
848 2849 1002 2902 quam
1020 2833 1171 2888 debet
1195 2834 1459 2895 omnibus,
1483 2842 1540 2885 ut
1568 2845 1660 2884 eos
1689 2832 2029 2883 continuatos

472 2927 735 2987 redderet,
753 2925 803 2979 in
820 2940 875 2977 se
890 2925 1170 2979 revocavit.
1188 2923 1406 2990 Propter
1433 2921 1588 2988 lianc,
1605 2921 1792 2989 inquit,
1816 2930 2028 2972 causam

1664 200 1849 255 MAR"
1892 200 2229 258 VICTOlilNl
2258 199 2410 256 ΛΡΜ

434 309 747 366 rum.Certis
758 313 953 367 etenim
973 314 1177 370 saeculis
1193 315 1553 370 determinatis
1569 324 1725 382 atque
1736 315 1996 371 conclusis
2022 320 2065 375 Λ

3540 203 3669 260 εξεε

2175 314 2330 367 Vens.
2368 313 2450 365 ii.
2498 340 2567 351 —
2600 310 2766 383 Hujus
2796 313 2869 365 rei
2899 314 3064 381 gratia
3090 315 3242 381 ﬂecto
3270 329 3438 382 genua
3483 316 3550 365 ad
3578 332 3667 382 pa-

2103 414 2226 457 trem
2252 402 2439 454 domini
2461 401 2585 454 Jesu
2610 399 2814 455 Christi.
2848 399 3006 472 Cujus
3048 403 3119 455 rei
3154 402 3317 470 gratia
3346 400 3551 455 scilicet
3576 405 3667 456 tri-

2101 492 2399 546 bulationes
2428 505 2525 559 pro
2553 490 2701 545 vobis
2730 491 2986 545 sustineo.
3023 488 3197 557 Hujus
3219 493 3293 543 rei
3320 492 3491 559 gratia
3526 492 3667 558 flecto

2102 597 2302 651 genua;
2332 580 2381 634 id
2410 590 2487 634 cst
2518 580 2667 647 plene
2694 594 2843 648 rogo,
2870 590 2921 635 et
2944 596 3073 649 rogo
3102 590 3293 649 patrem
3317 581 3547 647 Domini,
3574 600 3666 650 pa-

2104 681 2228 724 trem
2244 668 2445 722 Domini
2467 669 2543 739 (l)
2566 671 2719 723 nostri
2739 669 2768 721 J
2776 686 2861 723 esu
2884 668 3089 723 Christi.
3112 669 3296 725 Omnis
3315 670 3532 739 quidem
3548 687 3673 742 ope-

2104 759 2237 815 ratio
2257 774 2351 828 per
2383 757 2653 813 Christum
2684 767 2735 813 et
2773 760 2944 813 omnis
2972 761 3137 823 actio;
3180 761 3272 815 sed
3312 762 3582 830 quoniam.
3617 772 3673 816 ut

2105 863 2248 917 saepe
2277 849 2596 914 monuimus,
2626 848 3037 903 ministeriorum
3076 849 3293 917 spiritus
3328 850 3527 904 Christi
3555 862 3667 917 est;

2106 941 2300 1008 quippe
2326 939 2439 1007 ipse
2467 937 2813 992 ministerium
2847 938 2937 992 Dei
2964 948 3075 1003 est,
3104 950 3157 993 et
3186 942 3363 993 omnia
3401 942 3538 994 Deus
3581 958 3675 1010 per

2108 1028 2317 1098 ipsum;
2348 1028 2543 1083 idcirco
2586 1030 2650 1082 ad
2684 1039 2905 1098 patrem,
2951 1030 3138 1099 inquit,
3163 1032 3309 1098 ﬂecto
3341 1048 3527 1100 genua.
3562 1034 3677 1102 Ipse

2109 1121 2250 1173 enim
2283 1120 2568 1189 rogandus,
2610 1120 2684 1172 uti
2718 1120 3049 1185 misereatur,
3094 1132 3147 1174 et
3188 1121 3483 1187 subveniat,
3518 1124 3676 1177 ﬁdem

2110 1218 2344 1265 nostram
2381 1208 2591 1277 dirigat,
2627 1217 2876 1277 Operetur
2902 1208 2953 1262 in
2979 1207 3191 1265 Christo
3215 1211 3389 1277 nobis,
3420 1220 3480 1264 ut
3507 1213 3679 1281 ipsum

2113 1297 2384 1356 Christum
2414 1312 2717 1368 sequamur,
2738 1310 2895 1369 atque
2909 1299 2963 1353 in
2995 1315 3117 1355 eum
3145 1300 3299 1357 tidem
3334 1302 3589 1358 habentes
3615 1304 3682 1357 ad

2114 1390 2371 1457 promissa
2413 1389 2694 1457 pervenire
2722 1390 3001 1457 possimus.
3036 1388 3257 1443 Precum
3284 1401 3463 1445 autem
3500 1402 3555 1447 et
3596 1411 3679 1448 ro-

2113 1480 2338 1551 gationis
2384 1481 2571 1549 plenus
2611 1479 2855 1546 habitus,
2885 1495 3051 1549 genua
3102 1481 3335 1535 ﬂectere.
3369 1482 3486 1537 Non
3513 1484 3684 1539 solum

2116 1574 2257 1627 enim
2300 1572 2477 1626 animo
2522 1570 2735 1625 ﬂectere
2787 1586 2885 1627 nos
2923 1570 3177 1625 debemus
3218 1572 3271 1625 in
3316 1588 3503 1641 preces
3530 1615 3546 1638 ,
3592 1576 3686 1629 sed

1912 1674 2016 1729 qua
2044 1679 2095 1739 Β
2121 1662 2280 1717 etiam
2304 1676 2530 1729 corpore
2557 1662 2699 1715 nulla
2730 1670 2875 1728 parte
2895 1661 3082 1714 altiore
3117 1664 3311 1727 simus,
3346 1664 3426 1717 vel
3460 1666 3687 1735 imagine

2117 1751 2440 1814 altitudinis,
2482 1752 2566 1804 vel
2610 1750 2750 1819 quod
2791 1752 3092 1819 superbiam
3140 1752 3220 1822 (9.)
3264 1754 3461 1810 habere
3504 1757 3685 1811 videa—

2117 1857 2237 1897 mur
2268 1839 2369 1910 (5).
2406 1840 2638 1910 Denique
2679 1841 2783 1894 alio
2813 1842 2928 1894 loco
2957 1858 2971 1894 :
2999 1843 3230 1895 servabit
3274 1844 3376 1896 sibi
3427 1846 3567 1899 Deus
3613 1856 3687 1900 tot

2119 1931 2284 1986 millia
2306 1932 2577 1985 hominum
2597 1929 2690 1999 qui
2718 1944 2822 1984 non
2852 1929 3047 1986 ﬂexere
3087 1946 3257 2000 genua
3286 1942 3409 1986 ante
3435 1931 3566 1986 Baal
3586 1932 3683 2002 (4).

2191 2021 2351 2075 Vsus.
2375 2019 2617 2075 15.—E:c
2635 2037 2730 2089 quo
2748 2022 2906 2075 omnis
2918 2024 3189 2090 paternitas
3206 2022 3257 2075 in
3272 2024 3410 2077 costis
3431 2024 3541 2076 etin
3557 2033 3687 2078 terra

2121 2113 2429 2166 nominatur.
2455 2112 2670 2167 Scilicet
2713 2127 2775 2166 ex
2816 2123 2963 2181 patre
3011 2114 3140 2178 Deo,
3187 2125 3241 2168 et
3284 2122 3435 2182 patre
3482 2114 3686 2169 Domini

2126 2202 2295 2260 nostri
2325 2202 2449 2259 Jesu
2486 2203 2682 2256 Christi
2730 2218 2745 2256 :
2784 2204 2895 2271 ipse
2939 2206 3078 2258 enim
3124 2214 3291 2273 pater,
3340 2206 3456 2273 ipse
3491 2206 3687 2274 primus

2124 2304 2290 2362 pater,
2324 2302 2376 2348 et
2406 2294 2472 2347 ab
2500 2294 2614 2363 ipso
2638 2294 2957 2363 quicumque
2985 2303 3133 2359 pater
3160 2304 3278 2361 est,
3309 2302 3462 2363 pater
3487 2303 3570 2349 est
3594 2310 3687 2348 no-

2126 2386 2374 2440 minatus.
2425 2382 2491 2437 Et
2534 2394 2708 2437 tamen
2753 2383 2853 2437 hoc
2890 2385 3202 2438 vocabulum
3249 2385 3337 2438 vel
3382 2394 3619 2453 potestas
3657 2401 3687 2437 a

2128 2476 2301 2543 primo
2345 2474 2453 2529 Deo
2492 2484 2660 2544 patro,
2706 2476 2850 2532 velut
2896 2490 2926 2530 a
2973 2476 3136 2543 fonte,
3175 2476 3417 2531 deﬂuxit.
3470 2478 3597 2531 Nam
3640 2487 3693 2532 et

2126 2564 2371 2619 Christus
2398 2576 2546 2634 pater
2573 2566 2809 2620 omnium
2845 2580 2963 2633 qua:
3007 2575 3183 2626 creata
3222 2575 3346 2620 sunt
3379 2585 3391 2620 :
3426 2582 3521 2635 per
3549 2568 3694 2620 Chri-

2129 2665 2269 2710 stum
2293 2655 2433 2707 enim
2472 2665 2649 2708 creata
2689 2665 2812 2707 sunt
2853 2655 3047 2708 omnia.
3089 2655 3218 2709 Item
3248 2666 3300 2709 et
3350 2658 3401 2710 in
3433 2656 3693 2726 mysteriis

2133 2754 2279 2814 pater
2306 2742 2405 2815 (5).
2438 2744 2503 2797 Et
2534 2744 2725 2798 Paulus
2753 2746 2980 2813 quodam
3009 2746 3167 2799 modo
3197 2756 3344 2813 pater
3380 2764 3394 2799 :
3434 2748 3692 2815 siquidem

2132 2837 2263 2889 dixit
2286 2835 2375 2887 lilii
2411 2835 2510 2887 mei
2542 2835 2670 2887 estis
2700 2850 2714 2886 :
2746 2848 2865 2903 ego,
2900 2834 3087 2902 inquit,
3132 2834 3184 2887 in
3209 2835 3424 2890 Christo
3451 2835 3577 2890 Iesu
3608 2851 3696 2903 per

2131 2924 2462 2992 evangelium
2494 2938 2585 2978 vos
2614 2924 2793 2991 genui.
2854 2925 3089 2992 Denique
3129 2926 3419 2993 paternitas
3463 2927 3515 2980 in
3553 2929 3697 2980 cretis

474 3015 676 3071 scilicet
722 3017 840 3083 quia
881 3012 1006 3069 mihi
1052 3012 1267 3065 minimo
1313 3010 1546 3066 omnium
1577 3020 1877 3062 sanctorum
1909 3009 2028 3060 data
2056 3030 2100 3090 C
2133 3015 2371 3071 Christus
2418 3024 2500 3068 cst
2532 3032 2545 3068 ς
2572 3013 2623 3067 in
2667 3023 2806 3069 terra
2849 3014 3155 3083 palm-nitas,
3197 3016 3279 3069 vel
3325 3017 3576 3083 apostoli,
3619 3017 3696 3070 vel

477 3118 559 3161 est
589 3109 698 3161 haec
729 3107 891 3175 gratia
920 3106 1055 3158 inter
1080 3113 1260 3171 gentes
1288 3104 1672 3171 evangelizare,
1701 3113 1754 3157 ct
1792 3112 1981 3155 cmterat
2008 3118 2022 3165 ;

477 3212 695 3267 propter
725 3196 885 3266 quod,
921 3196 970 3250 id
998 3204 1077 3252 est
1112 3204 1324 3265 propter
1352 3195 1502 3247 istam
1532 3207 1764 3250 causam.
1815 3201 1934 3259 pcto
1966 3207 2032 3245 ne

478 3278 729 3343 deﬁciatis
758 3287 810 3339 in
855 3284 1270 3339 tribulatiOnilius
1310 3283 1459 3337 meis.
1504 3281 1719 3336 Multum
1757 3282 1899 3335 enim
1943 3281 2031 3349 qui

484 3377 703 3433 Paulum
729 3383 1020 3449 sequuntur
1042 3371 1243 3441 fatigari
1273 3380 1485 3438 possent
1516 3373 1567 3423 in
1596 3371 1716 3433 lide,
1739 3383 1858 3423 cum
1880 3370 2032 3421 audi-

483 3468 863 3530 renteumdem
894 3466 1106 3520 Paulum
1140 3463 1790 3521 tribulatiOnessustinere.
1812 3462 1866 3517 Si
1892 3464 2032 3515 enim

482 3562 572 3616 ille
592 3558 681 3627 qui
702 3558 974 3627 przedicat,
1016 3556 1105 3628 qui
1139 3555 1487 3624 evangelizat,
1522 3556 1609 3624 qui
1637 3572 1665 3608 a
1689 3554 1800 3608 Deo
1836 3555 2036 3609 electus

481 3660 583 3713 est,
613 3650 775 3709 multa
799 3649 1003 3710 tolerat,
1029 3646 1273 3715 fatigatur
1304 3646 1570 3714 periculis,
1600 3646 1867 3702 laboribus
1898 3648 2035 3698 mul-

480 3743 653 3812 tisque
672 3740 789 3798 aliis
803 3738 1221 3794 tribulationibus
1236 3754 1250 3803 ;
1266 3738 1506 3802 multum,
1520 3739 1752 3806 inquam,
1765 3736 2038 3793 deterren-

485 3845 571 3886 tur
586 3832 659 3885 illi
681 3839 768 3900 qui
796 3846 913 3885 eum
934 3840 1239 3905 sequuntur,
1266 3838 1321 3883 et
1337 3830 1489 3883 tidem
1508 3844 1639 3897 pene
1658 3844 1759 3882 non
1783 3829 2037 3899 integram

488 3920 978 3991 incipiuntliahere,
1001 3920 1136 3988 quod
1149 3918 1297 3991 quasi
1321 3927 1375 3972 et
1411 3919 1508 3986 ipsi
1537 3918 1819 3986 periclitari
1837 3918 2041 3986 possint

487 4023 541 4066 et
565 4011 793 4081 graviter
822 4011 1096 4072 laborare;
1121 4010 1164 4062 si
1186 4007 1396 4078 quidem
1420 4008 1508 4061 ille
1536 4008 1623 4076 qui
1644 4008 1965 4077 evangelizat
1990 4015 2044 4061 et

492 4102 760 4171 praedicat,
788 4108 870 4154 est
896 4107 1054 4152 tantae
1080 4098 1261 4167 gratia:
1294 4096 1370 4168 (2)
1404 4098 1454 4150 in
1484 4097 1925 4150 tribulationibus.
1965 4098 2044 4151 Sit

489 4206 616 4259 ergo
656 4200 798 4263 peto,
844 4188 1028 4257 inquit,
1060 4198 1274 4257 propter
1310 4189 1361 4240 id
1400 4186 1541 4258 quod
1588 4186 1716 4240 mihi
1754 4186 2041 4241 revelatum

491 4290 593 4345 est,
626 4291 682 4333 ut
706 4295 804 4332 non
825 4294 909 4331 tios
936 4279 1182 4346 deﬁciatis
1210 4279 1263 4330 in
1291 4277 1695 4332 tribulationibus
1723 4278 1843 4330 meis
1876 4292 1892 4329 .'
1915 4290 2045 4345 quas

2132 3108 2446 3176 quicumque
2474 3106 2819 3173 evangelizat,
2843 3106 2925 3158 vel
2946 3107 3034 3175 qui
3063 3106 3222 3165 tradit
3244 3111 3578 3177 mysterium.
3613 3109 3698 3161 llis

2133 3197 2272 3251 enim
2304 3194 2473 3252 modis
2499 3198 2663 3261 atque
2684 3194 2801 3246 aliis
2833 3194 3012 3249 multis
3032 3196 3123 3247 iilii
3149 3195 3398 3249 dicuntur
3427 3198 3516 3265 qui
3546 3196 3696 3251 ﬁdem

2135 3290 2415 3357 accipiunt,
2447 3298 2502 3339 et
2526 3286 2597 3338 illi
2624 3296 2802 3355 patres
2839 3287 2926 3354 qui
2957 3287 3189 3342 tradunt.
3220 3288 3522 3342 Paternitas
3550 3290 3701 3359 igitur

2135 3377 2307 3429 omnis
2336 3389 2365 3427 a
2398 3374 2507 3427 Deo
2526 3384 2672 3442 patre
2695 3372 3064 3443 proﬁciscitur.

2208 3464 2483 3523 Vens.16.
2514 3464 2599 3519 17.
2666 3493 2734 3505 -
2781 3463 2847 3520 Ut
2886 3467 2967 3519 det
3012 3468 3147 3520 vobis
3188 3468 3464 3520 secundum
3508 3470 3699 3524 divitiis

2136 3555 2313 3625 gloria:
2352 3568 2456 3607 sua:
2498 3553 2675 3607 uirtute
2713 3555 2986 3624 confortari
3017 3554 3092 3624 (6)
3133 3571 3221 3622 per
3258 3558 3497 3625 spiritum
3535 3576 3696 3624 suum,

2137 3649 2191 3698 in
2220 3646 2450 3699 interiore
2490 3646 2689 3698 homine
2716 3646 2791 3716 (7)
2825 3662 2837 3697 :
2868 3646 3093 3699 habitare
3138 3644 3395 3703 Christum
3435 3665 3526 3717 per
3556 3652 3699 3717 ﬁdem

2139 3736 2192 3788 in
2211 3735 2440 3788 cordibus
2469 3735 2658 3788 vestris.
2691 3734 2834 3801 Quas
2858 3749 3041 3803 preces
3070 3736 3261 3790 habeat
3292 3752 3388 3805 pro
3418 3739 3658 3807 Ephesiis
3680 3782 3695 3805 ,

2140 3828 2437 3894 expressit;
2470 3836 2525 3880 ut
2551 3826 2643 3880 det
2670 3826 2838 3892 vobis,
2870 3826 3038 3895 inquit
3058 3866 3075 3893 ,
3106 3827 3313 3880 divitias
3351 3829 3531 3898 gloria
3553 3848 3566 3883 :
3588 3846 3701 3885 eas-

2142 3934 2247 3988 que
2279 3917 2487 3972 divitias
2525 3915 2749 3971 ostendit
2783 3916 3004 3985 gloriam
3041 3918 3153 3981 Dei,
3184 3918 3376 3971 virtute
3419 3922 3698 3974 contortari

2144 4026 2241 4079 per
2268 4009 2516 4077 Spiritum
2541 4022 2695 4061 suum
2714 4048 2730 4073 ,
2760 4009 2832 4060 uti
2860 4006 3023 4061 fortes
3065 4006 3348 4066 adversum
3393 4022 3608 4063 carnem
3652 4019 3703 4063 et

2142 4102 2318 4156 carnis
2346 4100 2604 4154 desideria
2643 4100 2768 4165 sint,
2803 4108 2857 4153 et
2899 4100 3178 4154 adversum
3220 4109 3516 4169 potestates
3556 4103 3701 4170 hujus

2145 4192 2327 4246 mundi
2378 4190 2767 4259 iniquissimas;
2816 4190 2955 4258 quod
2999 4190 3057 4241 iit
3090 4198 3145 4243 et
3173 4190 3314 4259 quod
3345 4192 3587 4258 provenit
3616 4208 3702 4260 per

2147 4283 2401 4351 Spiritum
2435 4280 2559 4333 .Dei.
2608 4279 3057 4344 Quemadmodum
3101 4287 3279 4333 autem
3321 4294 3414 4346 per
3454 4280 3702 4348 Spiritum

494 4381 669 4422 tamen
714 4366 1077 4423 tribulationes
1122 4382 1225 4420 non
1270 4380 1391 4422 meo
1438 4365 1625 4418 merito
1656 4365 1845 4433 patior,
1877 4380 2047 4433 neque
2072 4382 2122 4439 ι)
2149 4371 2241 4425 Dei
2266 4368 2649 4433 contui-tantur,
2666 4368 2717 4421 id
2742 4376 2822 4422 est
2850 4369 3011 4423 fortes
3040 4370 3367 4423 redduntur?
3392 4371 3444 4422 in
3475 4372 3705 4425 interiore

494 4475 611 4515 mea
636 4473 823 4521 causa;
851 4457 944 4511 sed
970 4455 1213 4525 quoniam
1238 4469 1330 4508 vos
1356 4456 1439 4508 vel
1470 4454 1662 4507 iuﬂrmi
1686 4456 1737 4507 in
1767 4454 1869 4507 lide
1895 4456 2045 4519 estis,

2149 4462 2365 4524 homine,
2406 4459 2593 4529 inquit,
2636 4458 2859 4513 habitare
2901 4460 3170 4512 Christum.
3208 4458 3451 4514 Christus
3487 4463 3628 4516 enim
3654 4465 3704 4517 in

491 4553 575 4603 vel
603 4549 773 4602 adhuc
808 4545 1100 4618 trcpidatis,
1140 4555 1194 4599 et
1221 4546 1399 4599 nescio
1438 4545 1703 4613 quomodo
1731 4545 1833 4598 alia
1862 4545 2025 4613 adjnn

2147 4554 2363 4609 homine
2399 4551 2669 4616 interiore,
2710 4549 2761 4603 id
2782 4560 2863 4604 est
2885 4550 2934 4603 iu
2955 4551 3149 4615 anima,
3176 4564 3295 4604 cum
3328 4551 3569 4607 habitare
3596 4567 3703 4607 (ωε

498 4640 640 4709 gitis.
688 4638 889 4692 Idcirco
919 4652 1014 4707 ego
1069 4636 1430 4689 tribulationes
1458 4638 1715 4699 sustineo,
1746 4636 1927 4689 volens
1955 4650 2047 4690 vos

495 4732 560 4784 ad
603 4728 932 4795 disciplinam
985 4741 1161 4781 veram
1199 4728 1727 4794 observationemque
1775 4741 2044 4789 revocare,

493 4830 593 4872 uta
612 4816 821 4873 Christo
841 4832 905 4874 ne
924 4815 1200 4883 recedatis;
1217 4815 1423 4869 nihilad
1440 4815 1706 4871 Christum
1730 4815 2044 4886 adjungatis,

495 4910 662 4962 solam
688 4922 835 4977 spem
874 4907 941 4961 de
964 4902 1175 4959 Christo
1207 4906 1461 4959 habeatis.
1494 4906 1617 4960 Haec
1646 4921 1749 4959 non
1770 4918 1851 4960 est
1884 4908 2046 4975 gloria

494 5008 705 5061 vestra;
731 5011 863 5060 mea,
893 4996 1078 5064 inquit.
1107 4996 1243 5063 Ergo
1270 4994 1635 5049 tribulationes
1677 4998 1922 5063 queniam
1954 5010 2047 5064 pro

494 5089 645 5142 vobis
664 5100 819 5153 sunt;
850 5087 1042 5157 gloria,
1070 5088 1256 5155 inquit,
1294 5094 1464 5140 vestra
1504 5098 1602 5153 est,
1636 5098 1690 5141 ut
1718 5088 1783 5140 ad
1826 5090 2047 5156 gloriam

498 5192 584 5231 me
618 5178 911 5241 laborante,
942 5187 1212 5243 operante,
1233 5191 1324 5245 per
1355 5176 1721 5232 tribulationes
1741 5179 2048 5242 exercitato,

497 5268 563 5321 ad
588 5267 808 5336 gloriam
840 5277 1065 5319 vestram
1097 5268 1275 5319 venire
1304 5266 1533 5336 possitis.

572 5394 833 5467 (υνγιιιε.
865 5411 877 5446 :
902 5393 977 5467 In
993 5410 1089 5464 quo
1110 5396 1348 5451 habemus
1368 5398 1625 5467 ﬁduciam,
1654 5408 1698 5451 et
1722 5414 1972 5454 accessum
1996 5399 2051 5453 in

501 5465 804 5534 conﬁdentia
831 5479 919 5534 per
943 5465 1096 5533 ﬁdem
1124 5470 1254 5535 ejus.

565 5544 646 5608 (τ)
683 5540 756 5593 Ita
777 5541 932 5595 codd.

2147 4644 2304 4715 perit,
2328 4642 2492 4696 fortes
2513 4643 2705 4697 virtute
2728 4656 2821 4709 per
2844 4641 3092 4710 Spiritnnt
3112 4640 3405 4694 redduntur
3428 4643 3702 4696 homines:

2148 4734 2484 4801 expelluntur
2506 4732 2645 4786 enim
2674 4734 2848 4785 omnia
2873 4745 2990 4801 qua:
3014 4731 3233 4785 adversa
3259 4743 3401 4785 sunt.
3434 4735 3706 4800 Quomodo

2148 4833 2321 4876 autem
2353 4822 2555 4876 habitet
2580 4820 2821 4877 Christus
2858 4824 2910 4874 in
2946 4821 3198 4875 interiore
3222 4823 3459 4891 homine,
3489 4825 3709 4892 subjecit

2220 4980 2298 5052 (1)
2339 4978 2409 5052 lta
2434 4981 2629 5051 repetit
2656 4994 2801 5052 more
2822 4994 2918 5033 suo
2945 4977 3266 5036 Victorinus.

2242 5055 2295 5122 at)
2334 5051 2501 5122 Codd.
2522 5051 2783 5122 superbiai.

2242 5061 2295 5122 2;
2334 5061 2501 5104 Cotta.
2522 5061 2783 5119 superbiai.

2218 5061 2317 5200 is).
2344 5120 2600 5200 l‘iotemus
2634 5118 2880 5172 Victorini
2906 5118 3201 5174 doctrinam
3220 5119 3287 5175 de
3307 5123 3572 5178 orantium
3596 5138 3711 5177 cor-

2155 5189 2321 5265 porali
2349 5189 2546 5241 habitu.

2439 5258 2570 5327 Reg.
2599 5271 2707 5335 xtl.
2870 5262 2935 5315 ad
2959 5261 3115 5317 Rom.
3135 5276 3219 5336 at,
3243 5263 3296 5317 4.

2225 5328 2306 5397 (5)
2344 5328 2657 5401 Nempequi
2696 5328 2886 5401 initiat,
2931 5344 3077 5401 pater
3115 5331 3309 5387 dicitur
3352 5332 3559 5387 initiati.
3612 5332 3710 5387 Re-

2155 5394 2271 5457 cole
2286 5394 2399 5451 'col.
2433 5394 2598 5459 ΠΜ,
2628 5401 2736 5447 not.
2765 5394 2819 5447 2.

2225 5463 2302 5538 (ti)
2342 5463 2492 5538 Xulg.
2503 5505 2518 5532 ,
2541 5462 2871 5538 corroborari.

2225 5532 2309 5606 ('7)
2347 5532 2523 5602 Vulg.,
2545 5534 2597 5585 in
2619 5532 2905 5591 interiorem
2932 5538 3203 5595 hominem.
