3910 6212
243 414 337 465 per
364 396 533 466 ﬁdem,
562 394 734 464 inquit
758 432 772 457 ,
804 391 855 442 in
883 385 1112 440 cordibus
1150 387 1251 437 aest

243 453 530 557 magniﬁca
552 453 791 539 res-esti:
816 477 983 533 facilis
1008 476 1059 530 in
1082 487 1148 527 eo
1168 465 1309 540 quod
1336 465 1463 518 ﬁdes
1480 458 1594 514 sola
1622 453 1808 524 implet

242 548 451 634 lanium
478 589 670 631 munus
708 582 762 627 et
806 579 1005 624 tantum
1028 562 1365 622 beneﬁcium,
1394 563 1451 616 ut
1480 554 1531 606 in
1558 548 1806 606 cordibus

244 668 447 725 nostris
480 664 718 721 Christus
764 661 982 715 habitet.
1024 656 1139 723 Quo
1172 650 1442 705 habitante
1470 641 1593 713 quid
1622 651 1809 693 conse-

247 759 500 831 quimur?
530 764 585 810 ut
614 754 862 809 fortiores
888 749 1055 804 simus
1084 760 1178 817 per
1218 740 1494 811 Spiritum,
1527 744 1580 787 et
1609 733 1686 785 sic
1716 729 1808 783 ha-

243 822 470 909 beamus
496 849 704 904 divitias
726 844 905 915 gloria:
934 841 1043 905 Dei,
1078 846 1132 892 cl.
1157 836 1318 891 fortes
1342 827 1529 886 redditi
1559 822 1690 915 nihil
1720 835 1810 891 pe-

246 1122 535 1192 Speremus
573 1120 727 1173 etiam
757 1092 980 1184 gloriam
1018 1120 1071 1164 et
1118 1101 1581 1177 repromissionem
1608 1096 1658 1151 in
1680 1092 1809 1146 veri-

246 1225 352 1269 tate
376 1212 454 1286 (l)
479 1212 688 1266 radicati
713 1219 758 1264 et
784 1205 1001 1279 fundati.
1026 1202 1309 1257 Maximum
1338 1200 1655 1264 praeceptum
1687 1185 1809 1250 hoc,

247 1315 306 1362 et
335 1276 525 1373 ubique
550 1316 578 1354 a
608 1276 1025 1367 Paulo‘positum
1047 1332 1063 1357 ,
1094 1298 1149 1344 et
1186 1303 1213 1341 a
1258 1300 1343 1340 me
1379 1285 1431 1337 in
1455 1276 1813 1334 admonitione

246 1371 451 1465 saepius
466 1392 809 1449 constitutum
829 1404 842 1441 :
866 1386 986 1456 quia
1018 1382 1241 1437 ﬁrmitas
1257 1383 1310 1430 et
1333 1373 1742 1431 firmamentum,
1762 1371 1813 1418 et

248 1452 393 1541 totus
412 1484 601 1537 anima:
627 1480 694 1533 ad
722 1452 1069 1532 aeternitatem
1092 1476 1281 1531 status,
1305 1466 1357 1517 in
1381 1462 1585 1516 veritate
1609 1463 1711 1517 est,
1746 1452 1813 1509 de

244 1590 354 1645 qua
384 1587 525 1641 saepe
567 1569 672 1624 dixi
700 1584 713 1619 :
746 1580 863 1635 quas
901 1572 954 1618 et
997 1562 1049 1616 in
1093 1560 1254 1612 Deum
1282 1553 1407 1609 etin
1434 1549 1700 1604 Christum
1731 1552 1814 1599 est

245 1634 501 1727 charitas,
517 1669 570 1715 et
585 1659 725 1714 circa
750 1634 1011 1709 homines.
1033 1648 1156 1705 Haec
1176 1644 1458 1701 radicatam
1473 1636 1636 1693 efﬁcit
1656 1634 1810 1689 ﬁdem

244 1760 485 1807 nostram
514 1758 569 1804 et
594 1746 885 1802 fundatam.
1395 1747 1401 1753 '

321 1840 483 1895 Vsus.
518 1838 607 1903 18,
636 1837 721 1891 19.
770 1863 841 1875 -
865 1831 935 1888 Ut
959 1829 1171 1900 possitis
1207 1816 1662 1891 comprehendere
1688 1826 1807 1903 cum

244 1929 495 1988 omnibus
527 1900 743 1988 sanctis,
775 1936 893 1993 quae
922 1922 993 1976 sit
1016 1916 1239 1972 latitudo
1278 1922 1331 1968 et
1368 1905 1638 1977 longitudo
1662 1913 1715 1957 et
1735 1900 1812 1953 al-

245 2019 420 2079 titudo
447 2016 523 2087 (9)
551 2025 605 2072 et
631 2014 968 2086 profundum.
999 2009 1143 2065 Scire
1188 2006 1337 2060 etiam
1372 1998 1811 2071 supereminentcm

244 2112 469 2169 scientia:
492 2109 783 2166 charitatem
816 2103 941 2157 Iesu
978 2098 1185 2155 Christi.
1230 2096 1450 2150 Precum
1489 2101 1723 2150 suarum,
1756 2093 1814 2137 ut

246 2204 380 2269 dixi,
406 2214 661 2256 summam
679 2196 951 2266 esposuit;
988 2190 1126 2262 quod
1155 2196 1303 2258 roget
1329 2185 1490 2238 Deum
1518 2188 1574 2235 ut
1602 2174 1815 2248 Ephesii

246 2265 658 2363 consequantur.
692 2265 759 2343 ln
774 2301 879 2357 quo
902 2299 1003 2340 non
1037 2279 1281 2351 Ephesiis
1311 2282 1519 2330 tantum
1544 2270 1645 2324 hoc
1671 2265 1814 2322 acci-

246 2358 502 2457 piendum
530 2391 612 2436 est
651 2376 854 2448 precari
883 2373 1125 2437 Paulum,
1154 2382 1310 2439 quam
1351 2362 1595 2418 omnibus
1633 2358 1723 2430 qui
1762 2358 1815 2414 in

248 2476 520 2529 Christum
563 2467 807 2524 credunt.
856 2463 1055 2519 Praeter
1102 2458 1260 2528 igitur
1310 2457 1439 2518 ista,
1492 2465 1608 2519 qua:
1660 2459 1816 2515 supra

248 2564 515 2626 diximus;
544 2564 787 2629 precatur
811 2562 866 2609 et
896 2558 1065 2621 rogat,
1093 2557 1148 2600 ut
1173 2541 1418 2615 Ephesiis
1437 2538 1631 2593 tribuat
1658 2535 1815 2595 Deus,

249 2654 382 2715 illud
421 2665 631 2723 quoque
656 2645 799 2719 quod
827 2650 909 2699 est
934 2640 1222 2696 maximum
1272 2633 1348 2687 uti
1392 2629 1666 2686 scientiam
1694 2639 1822 2678 cou-

267 2716 589 2817 sequantur,
645 2716 1011 2796 altitudinem,
1067 2725 1496 2799 profunditatem.
1572 2716 1824 2770 Precatur

257 2806 419 2894 etiaim
460 2842 517 2891 ut
554 2806 946 2899 consequantur
978 2819 1193 2891 Ephesii
1241 2816 1551 2870 cliaritatem
1582 2806 1818 2869 Christi;

253 2944 374 3000 quae
394 2924 621 2980 Charitas
661 2934 817 2988 supra
857 2912 1129 2970 scientiam
1162 2906 1414 2978 praevalet
1440 2913 1492 2957 et
1517 2896 1817 2967 superemi-

252 2992 376 3084 net,
416 3017 635 3084 plusque
675 3009 741 3064 ad
780 3008 999 3062 salutem
1048 2998 1292 3070 prolicit,
1340 3006 1394 3048 et
1439 2992 1503 3045 ad
1552 2992 1825 3043 aeternita-

252 3062 376 3084 ἰν-ν
417 3062 530 3084 Γ““’“
580 3062 633 3066 ⁷⁷-
680 3062 687 3064 ἡ
720 3062 725 3063 ⁷
1049 3062 1064 3070 ⁵

252 3118 360 3163 rem
394 3104 470 3175 (5)
498 3062 708 3165 adimis,
734 3100 778 3151 si
819 3095 979 3164 aliqui
1004 3091 1081 3164 (4)
1122 3089 1429 3147 charitatent
1459 3084 1513 3137 in
1540 3081 1811 3136 Christum
1841 3066 1885 3127 C
1919 3083 2038 3154 quia
2067 3076 2433 3143 consequitur;
2464 3068 2555 3121 Sed
2580 3073 2715 3127 0PM.
2744 3072 2799 3114 ιιι
2824 3062 3013 3114 δείδια·

2045 3172 2053 3175 .
2130 3169 2138 3175 .
2212 3168 2218 3174 .
2300 3164 2329 3175 ιι
2430 3158 2464 3175 n
2503 3159 2512 3169 ⁸
2543 3149 2619 3175 [ΩΧ
2675 3152 2856 3175 Ιὶ.....ζ.ι
2892 3149 3005 3175 Ιιηηλ

251 3199 525 3266 suscipiat.
567 3194 641 3247 ιω
685 3206 802 3245 cum
853 3187 1092 3241 docuerit
1139 3180 1241 3255 (5)
1295 3180 1388 3232 tria
1441 3175 1815 3245 perfectionem

250 3287 652 3345 ehristianitatis
670 3277 1117 3350 implere,-fldetn,
1144 3270 1445 3333 scientiam,
1468 3266 1813 3327 charitatem;

252 3377 431 3435 omnia
477 3374 707 3433 breviter
756 3370 838 3423 hic
874 3366 1186 3435 complexus
1226 3370 1335 3424 est;
1363 3369 1522 3426 atque
1552 3357 1602 3410 in
1651 3353 1821 3426 preci-

253 3469 355 3527 bus
399 3481 457 3521 se
504 3466 696 3521 habere
741 3459 1049 3521 declaravit,
1104 3464 1160 3507 ut
1205 3449 1448 3520 Ephesiis
1498 3446 1613 3499 ιιωο
1677 3445 1817 3495 Deus

254 3563 493 3628 praestet.
532 3552 661 3608 Nam
700 3550 767 3604 de
805 3549 908 3603 ﬁde
946 3548 1023 3599 sic
1068 3546 1278 3598 locutus
1314 3548 1432 3593 est:
1465 3543 1521 3589 ut
1556 3533 1816 3597 habeatis,

256 3626 449 3714 inquit,
472 3643 523 3697 in
548 3641 802 3698 interiore
829 3637 1041 3690 homine
1069 3632 1335 3688 Christum
1375 3626 1697 3681 habitantem
1726 3636 1819 3690 per

256 3737 416 3792 ﬁdem
441 3735 494 3788 in
522 3731 768 3787 cordibus
796 3728 1006 3783 vestris.
1054 3724 1182 3778 Item
1220 3720 1287 3775 de
1316 3718 1535 3773 scientia
1568 3715 1645 3768 sic
1677 3714 1822 3767 locu—

259 3840 345 3885 tus
370 3837 455 3883 est
481 3845 493 3879 :
528 3835 580 3879 ut
608 3823 809 3896 possitis
838 3816 1251 3888 comprehendere
1277 3829 1390 3865 cum
1417 3809 1643 3864 omnibus
1668 3824 1820 3861 sanc-

260 3922 323 3973 tis
339 3916 688 3977 latitudinem,
704 3912 1103 3981 longitudinem,
1124 3905 1475 3967 altitudinem,
1499 3899 1823 3969 profundita-

260 4018 389 4063 tem.
419 4007 544 4061 ltem
582 4003 650 4058 de
684 4003 942 4057 charitatc
971 4000 1048 4051 sic
1074 3996 1311 4065 adjnugit
1340 4010 1353 4045 :
1385 3992 1522 4045 scire
1548 3990 1705 4044 etiam
1737 4002 1825 4040 su-

263 4097 678 4168 peremincntem
702 4093 938 4147 scicntia:
953 4088 1286 4143 charitatem.
1317 4085 1382 4139 Et
1406 4082 1500 4137 tria
1526 4082 1700 4152 p0suit
1733 4098 1745 4133 :
1771 4091 1825 4135 et

262 4189 525 4254 ordinem,
557 4194 610 4241 et
637 4184 757 4255 quid
807 4183 973 4251 magis
1010 4179 1207 4232 valeret
1247 4174 1497 4230 ostendit.
1530 4173 1650 4227 Tria
1680 4182 1822 4236 sunt,

265 4282 418 4345 ﬁdes,
440 4280 681 4343 scientia,
707 4275 957 4331 charitas.
993 4272 1136 4326 Ordo
1164 4278 1267 4334 est,
1299 4279 1356 4321 ut
1386 4266 1529 4336 prior
1560 4266 1686 4319 lides
1708 4266 1777 4318 sit
1808 4280 1823 4317 :

265 4373 354 4441 qui
382 4368 521 4425 enim
543 4368 731 4431 credit,
754 4366 797 4418 is
822 4364 888 4417 ad
916 4361 1187 4415 scientiam
1212 4360 1371 4411 venit.
1402 4356 1490 4410 Sic
1531 4357 1671 4408 enim
1710 4355 1823 4408 dic-

1227 263 1290 321 IN
1332 252 1711 317 EPISTOLAM
1747 249 1843 307 AD
1884 242 2209 305 EPHESIOS
2245 240 2444 299 LIBER
2482 240 2523 295 l.

1254 378 1346 431 ris.
1380 373 1516 442 Ergo
1552 365 1718 422 facilis
1751 369 1806 417 et
1833 360 1879 421 Λ
1906 358 2145 425 Longum
2187 351 2432 423 estquod
2474 350 2781 423 producitur
2819 347 2967 419 quasi
3011 354 3193 401 contra
3226 358 3343 398 nos.
3378 344 3473 398 La—

3349 233 3371 286 l
3383 229 3484 286 270

1908 459 2016 503 tum
2067 446 2205 515 quod
2243 445 2388 515 juxta
2420 458 2517 497 nos
2545 456 2636 511 per
2662 448 2882 508 utraque
2903 437 3067 491 latera
3097 436 3349 489 tenditur.
3384 435 3475 487 Al-

1908 547 2040 604 tum,
2070 548 2128 591 ut
2157 536 2287 597 dixi.
2332 533 2470 603 quod
2497 533 2562 586 ad
2594 532 2863 601 superiora
2901 528 3129 598 pertinet
3157 536 3211 581 et
3237 526 3301 579 ad
3338 526 3473 580 infe-

1908 631 2068 685 riora.
2103 627 2196 682 Hic
2240 626 2398 696 igitur
2431 622 2729 692 composuit
2759 621 3085 674 altitudinem
3118 628 3170 672 et
3200 616 3473 687 profundi-

1908 730 2091 775 tatem.
2122 717 2295 788 Ipsum
2337 715 2475 785 quod
2520 728 2616 767 nos
2645 713 2805 765 altum
2834 709 3083 775 diximus,
3120 709 3170 761 in
3210 708 3312 761 duo
3343 708 3474 760 divi.

1908 812 2007 876 sit;
2048 817 2105 862 ut
2130 808 2290 862 altum
2332 805 2535 859 diceret
2558 802 2695 872 quod
2735 801 2786 855 in
2831 799 3211 869 superioribus,
3256 809 3309 851 et
3355 810 3475 865 pro—

1910 902 2127 958 fundum
2151 900 2289 970 quod
2313 899 2364 952 in
2393 895 2756 951 inferioribus.
2790 892 2862 946 Ita
2892 893 3054 945 altum
3085 890 3347 954 dividens,
3372 887 3477 941 duo

1911 992 2222 1054 collocavit,
2252 998 2305 1043 et
2338 987 2473 1050 facta
2515 994 2635 1038 sunt
2661 991 2906 1052 quatuor,
2934 998 3050 1051 qum
3079 981 3173 1033 tria
3214 988 3335 1031 sunt
3376 992 3471 1046 per

1911 1095 2173 1139 naturam.
2199 1081 2338 1148 Ergo
2365 1077 2479 1131 haec
2513 1074 2671 1129 veluti
2714 1086 2957 1126 mensura
2984 1083 3250 1137 corporerc
3278 1068 3476 1121 intelli-

1912 1175 2100 1246 gentia:
2122 1171 2319 1227 homini
2341 1166 2572 1222 interiori
2593 1162 2900 1219 insinuanda
2915 1170 2967 1213 et
2988 1158 3352 1231 perspicienda
3370 1168 3473 1221 est,

1912 1276 1971 1322 ut
1992 1267 2131 1321 circa
2158 1265 2320 1319 Deum
2348 1260 2460 1313 hrec
2486 1256 2983 1311 animadvertantur.
3016 1252 3146 1306 Cmn
3169 1251 3309 1305 enim
3335 1250 3471 1302 Deus

1914 1374 2009 1429 per
2035 1356 2208 1411 omnia
2238 1363 2291 1409 et
2324 1353 2376 1405 in
2420 1347 2663 1402 omnibus
2693 1346 2780 1409 sit,
2802 1354 2855 1397 et
2875 1344 2944 1396 sit
2967 1341 3167 1406 omnia,
3198 1351 3250 1394 et
3278 1355 3339 1393 ex
3369 1354 3476 1407 quo

1913 1458 2038 1504 sunt
2074 1446 2274 1510 omnia,
2303 1452 2355 1498 et
2386 1455 2480 1511 per
2504 1454 2657 1509 quem
2696 1445 2824 1501 sunt
2862 1435 3061 1497 omnia,
3098 1444 3152 1488 et
3180 1447 3339 1501 super
3366 1447 3481 1484 om-

1915 1544 2023 1604 nia,
2063 1538 2168 1593 illic
2197 1546 2277 1590 est
2323 1532 2556 1587 scientia!
2600 1529 2748 1582 labor
2778 1524 3199 1580 animadvertere
3240 1532 3295 1576 et
3342 1523 3478 1575 scire

1913 1644 2031 1699 qua:
2075 1630 2143 1683 sit
2188 1623 2477 1694 longitudo,
2518 1637 2634 1691 quae
2679 1617 2922 1681 latitudo,
2955 1631 3072 1685 quae
3122 1613 3469 1685 profunditas.

1842 1736 1889 1795 Β
1914 1723 2042 1787 Qua:
2081 1718 2255 1773 omnia
2293 1713 2734 1784 quemadmodum
2777 1708 2882 1763 sint
2906 1707 2991 1761 vel
3026 1706 3244 1774 intelligi
3274 1704 3477 1773 possint

1912 1808 2200 1866 secundum
2256 1805 2588 1874 partitionem
2639 1802 2791 1853 istam
2830 1808 2927 1852 :ct
2962 1794 3179 1864 intelligi
3237 1794 3289 1847 in
3350 1794 3479 1853 Deo,

1913 1900 2067 1953 altior
2110 1897 2347 1963 aliusque
2401 1898 2653 1945 tractatus
2698 1899 2796 1943 est.
2846 1887 3081 1953 Denique
3112 1895 3375 1953 precatur,
3426 1892 3479 1933 ιιι

1915 1988 2131 2060 Ephesii
2181 1987 2294 2038 haec
2336 1983 2667 2051 intelligant:
2698 1988 2752 2033 et
2782 1994 2846 2031 ne
2885 1975 3185 2043 deSperatio
3227 1974 3297 2027 sit
3335 1971 3473 2042 quod

1916 2081 2015 2135 ista
2038 2076 2256 2143 intelligi
2287 2074 2504 2127 minime
2526 2069 2750 2143 possint,
2776 2067 3011 2135 adjunin
3037 2085 3049 2117 :
3080 2075 3131 2117 nt
3157 2064 3481 2129 comprehcn-

1919 2170 2036 2221 dere
2073 2166 2297 2237 possitis,
2329 2162 2517 2230 inquit,
2559 2175 2670 2211 cum
2712 2157 2916 2209 sanctis.
2971 2155 3106 2223 Ergo
3135 2153 3300 2206 sancti
3332 2167 3479 2204 com-

1921 2260 2273 2333 prcltenduul,
2321 2268 2375 2307 et
2403 2251 2593 2320 exponi
2638 2250 2749 2302 hinc
2776 2254 3011 2317 possunt.
3043 2243 3149 2298 Sed
3191 2246 3289 2295 linc
3312 2240 3391 2311 (l)
3427 2250 3481 2294 ut

1920 2353 2027 2406 dixi
2058 2349 2277 2403 alterius
2306 2354 2387 2399 est
2425 2346 2622 2414 operis,
2670 2348 2722 2391 ct
2749 2351 2951 2406 magnae
2991 2344 3147 2404 atque
3189 2332 3365 2385 arduae
3392 2348 3487 2384 exn

1924 2438 2223 2510 positionis,
2264 2435 2388 2489 scire
2434 2429 2879 2499 supereminentem
2920 2423 3140 2477 scicntia:
3191 2422 3484 2473 citarilalem

1924 2532 2129 2585 Christi.
2159 2523 2550 2582 Attendendum
2578 2518 2915 2572 vehementer
2946 2522 2998 2569 et
3040 2522 3214 2578 acute,
3262 2512 3401 2581 quod
3432 2512 3482 2561 in

1923 2620 2169 2693 precibus
2219 2620 2317 2670 hoc
2356 2624 2474 2669 orct
2516 2612 2729 2675 Paulus,
2771 2618 2826 2661 ut
2878 2606 3090 2675 Ephesii
3141 2604 3238 2656 hoc
3276 2616 3485 2671 quoque

1924 2714 2135 2776 sciant,
2188 2707 2327 2778 quod
2379 2704 2607 2759 charitas
2654 2699 2847 2755 Christi
2907 2694 3297 2765 superemineat
3342 2690 3489 2745 omni

1926 2802 2179 2859 scientiae.
2226 2799 2335 2853 Hoc
2359 2805 2495 2861 orat,
2540 2796 2783 2860 inquam,
2814 2788 3001 2853 sciant,
3049 2786 3137 2854 qui
3180 2785 3319 2839 enim
3364 2784 3483 2847 scit,

1928 2894 2067 2964 quod
2095 2889 2485 2960 superemineat
2512 2886 2653 2937 omni
2680 2883 2912 2937 scicntim
2941 2880 3191 2941 charitas,
3218 2878 3370 2948 plene
3392 2875 3491 2928 iiii—

1932 2986 2040 3055 plet
2057 2982 2368 3035 cliaritatem
2392 2980 2440 3030 in
2460 2976 2745 3029 Christum.
2768 2971 2881 3024 Non
2904 2965 3481 3038 igituroratutfaciant,

3067 3056 3133 3110 Ut
3179 3055 3488 3125 impleamini

1920 3145 2053 3226 timui
2086 3164 2394 3237 plenitudine
2418 3158 2513 3210 Dei
2541 3149 2642 3223 (2).
2675 3152 2857 3205 Omnia
2892 3149 3027 3211 limo,
3058 3163 3172 3215 qum
3199 3160 3293 3215 pro
3316 3145 3488 3210 Epho-

1920 3264 2012 3317 siis
2046 3264 2165 3313 orat
2194 3254 2405 3313 Paulus,
2438 3244 2728 3301 cunfortari
2776 3243 2825 3293 in
2863 3240 3071 3308 spiritu,
3104 3234 3389 3289 confortari
3436 3235 3509 3290 in,

1926 3347 2167 3407 interiori
2215 3341 2449 3404 homine,
2473 3346 2526 3390 ct
2556 3335 2790 3388 habitare
2815 3328 3081 3383 Chrismm
3112 3341 3203 3393 per
3232 3323 3407 3385 ﬁdem,
3437 3331 3490 3372 et

1926 3446 2187 3502 charitate
2213 3436 2460 3499 radicari,
2505 3426 2957 3497 comprehendere
2984 3439 3101 3477 cum
3145 3421 3341 3474 sanctis
3372 3419 3488 3470 lati-

1928 3538 2184 3597 tudinem,
2207 3526 2615 3598 longitudinem,
2634 3519 2983 3579 altitudinem,
3012 3512 3360 3586 profundum;
3386 3509 3487 3561 sci-

1924 3645 1983 3684 re
2014 3626 2171 3682 etiam
2203 3619 2341 3691 quod
2374 3614 2767 3683 superemineat
2802 3609 3035 3662 scientias
3082 3602 3277 3657 Christi
3315 3599 3489 3653 chari-

1925 3729 2034 3781 tas;
2068 3716 2178 3768 haec
2208 3688 2288 3765 est
2315 3702 2584 3777 plenitudo
2613 3702 2724 3761 Dei,
2756 3698 2893 3767 quod
2919 3692 3088 3749 Grzcci
3128 3694 3374 3765 πλήρωμα
3404 3688 3484 3740 di-

1925 3779 2069 3869 cunt,
2102 3804 2151 3857 id
2180 3811 2261 3857 est
2290 3795 2686 3866 perfectionem,
2720 3790 2799 3841 cui
2832 3786 2957 3840 nihil
2981 3785 3119 3837 desit
3144 3800 3158 3835 :
3184 3796 3338 3848 quam
3374 3779 3485 3845 plc-

1927 3895 2215 3953 nitudinem
2241 3889 2484 3944 Christus
2538 3881 2789 3953 mysterio
2828 3892 2924 3930 suo
2963 3881 3229 3942 operatur,
3272 3870 3476 3936 implet,

1927 3999 1980 4044 et
2008 3985 2241 4054 implevit
2262 3998 2277 4045 ;
2301 3990 2356 4033 ut
2377 3975 2532 4030 faciat
2556 3972 2684 4027 illud
2706 3969 2840 4023 Deus
2861 3969 2913 4018 in
2938 3965 3104 4019 omnia
3129 3973 3172 4016 ct
3191 3978 3277 4029 per
3300 3961 3487 4014 omnia.

1928 4079 2052 4134 Haec
2078 4076 2218 4129 enim
2243 4079 2329 4125 est
2356 4064 2642 4138 plenitudo.

1997 4167 2161 4221 Vens.
2192 4163 2282 4227 20,
2306 4162 2397 4215 21.
2448 4186 2515 4197 -—
2539 4154 2601 4208 Ei
2630 4162 2796 4206 autem
2820 4152 2905 4219 qui
2935 4155 3092 4215 potest
3136 4159 3284 4210 super
3319 4143 3489 4195 omnia

1928 4259 2091 4327 facere
2106 4251 2442 4307 abundantius
2460 4261 2607 4316 quam
2630 4243 2841 4309 petimus
2871 4248 2923 4291 ut
2945 4235 3287 4304 intelligimus,
3313 4248 3489 4284 secun-

1930 4350 2051 4401 dum
2102 4347 2330 4398 virtutem
2369 4353 2479 4409 qua:
2515 4344 2750 4400 aperatur
2785 4331 2837 4381 in
2884 4343 2961 4379 me
2990 4324 3067 4395 (ὅ)
3105 4322 3200 4392 ipsi
3230 4322 3390 4391 gloria
3437 4320 3489 4371 in

268 4414 354 4441 η...
548 4414 731 4431 ---_--,
754 4414 795 4418 _-
826 4414 887 4417 η
928 4414 965 4415 η
1004 4414 1013 4415 ,

268 4472 376 4517 tum
398 4469 516 4516 est:
549 4460 593 4512 si
619 4456 972 4518 credideritis,
1005 4464 1127 4507 tunc
1157 4448 1478 4516 intelligetis.
1510 4446 1636 4499 Post
1657 4445 1828 4498 scien-
1858 4441 1906 4498 D
1935 4440 2133 4491 Christo
2152 4434 2183 4487 Ι
2191 4450 2277 4487 esu
2299 4473 2312 4496 ,
2355 4441 2399 4483 et
2426 4431 2477 4481 in
2507 4426 2752 4487 Ecclesia,
2776 4432 2819 4474 et
2850 4423 2901 4472 in
2932 4432 3099 4471 omnes
3152 4414 3493 4483 generationes

267 4559 393 4611 tiam
428 4554 750 4624 praeponitur
769 4548 1015 4603 omnibus
1044 4544 1273 4599 charitas
1294 4540 1490 4595 Christi
1516 4556 1529 4590 :
1554 4539 1664 4591 sola
1685 4538 1825 4591 enim

269 4649 501 4704 charitas
542 4648 593 4698 in
628 4642 894 4696 Christum
939 4646 989 4691 et
1010 4635 1089 4707 (6)
1118 4632 1463 4695 desiderium,
1497 4637 1550 4682 et
1577 4642 1743 4692 amor,
1778 4635 1831 4680 et

270 4741 491 4796 allectus
514 4747 567 4791 et
594 4734 873 4804 cupiditas,
910 4730 1081 4784 elevat
1116 4735 1171 4781 et
1205 4726 1393 4779 liberat
1427 4720 1651 4773 animas.
1694 4720 1832 4787 Ergo

272 4832 629 4902 supereminet
654 4827 886 4882 charitas
906 4825 1201 4879 scientiam.

340 4922 490 4990 Quod
526 4929 697 4973 autem
726 4924 948 4987 quatuor
986 4913 1182 4983 posuit,
1221 4926 1339 4980 quas
1385 4908 1603 4963 scientia
1642 4906 1836 4961 debeat

272 5009 758 5081 comprehendere;
789 5004 1099 5061 naturaliter
1128 5002 1339 5072 quidem
1377 5002 1474 5054 tria
1506 5007 1629 5052 sunt
1661 5016 1673 5050 :
1716 5011 1833 5052 nam

276 5116 525 5162 mensura
563 5099 801 5168 corporis
830 5096 987 5150 habet
1018 5095 1135 5159 tria,
1166 5094 1401 5161 longum,
1433 5090 1621 5149 latum,
1649 5087 1830 5138 altum.

277 5195 456 5250 Altum
485 5199 659 5245 autem
688 5197 792 5241 tam
822 5187 874 5240 in
910 5183 1153 5254 superius
1195 5196 1351 5251 quam
1392 5180 1443 5232 in
1469 5177 1685 5232 inferius
1730 5184 1833 5228 est.

465 5302 643 5376 Yulg.,
674 5300 729 5376 iit
746 5299 1005 5376 ςριανίιιιιρΓ

369 5366 425 5439 2)
470 5366 642 5439 Vulg,
664 5368 803 5439 addit
828 5379 870 5420 et
890 5366 1186 5426 sublimitas.

375 5378 404 5427 ἰ
470 5378 803 5439 Vulg.,addit
828 5379 870 5420 et
890 5384 933 5421 si

375 5378 427 5514 ei
466 5438 933 5514 §cilicet.heatam.

353 5503 429 5652 ξι)
469 5510 543 5563 lta
573 5506 728 5561 codd.
756 5520 860 5585 pro.
876 5506 1081 5575 aliquis,
1106 5503 1321 5573 antiquo
1341 5516 1508 5561 more.

378 5584 431 5652 5)
469 5576 931 5652 docuerim.

378 5575 431 5634 5i
469 5576 638 5633 Codd.
658 5575 931 5629 docuerim.

357 5588 409 5652 (5
469 5588 928 5633 Coda.docuertm.

357 5588 432 5725 (ὃς
461 5646 627 5702 Codd.
657 5649 709 5698 in
741 5659 837 5719 pro
863 5654 928 5698 et.

1930 4527 2103 4585 surculi
2150 4524 2466 4578 stcculorum.
2497 4517 2637 4570 Ordo
2658 4528 2845 4568 sensus
2872 4510 3021 4562 istius
3053 4525 3063 4558 :
3098 4505 3145 4559 ei
3176 4512 3347 4556 antem
3380 4502 3493 4571 glu-

1932 4621 2011 4673 ria
2042 4618 2091 4669 in
2112 4614 2324 4669 Christo
2351 4610 2496 4670 Jesu,
2516 4616 2568 4661 et
2588 4603 2754 4673 gloria
2783 4602 2833 4653 in
2863 4597 3124 4660 Ecclesia,
3148 4603 3201 4648 et
3225 4594 3275 4646 in
3307 4608 3491 4645 omnes

1933 4707 2302 4779 generationes
2331 4704 2381 4755 in
2401 4697 2591 4753 saecula
2618 4689 3063 4749 siuculorum.Cui
3090 4696 3263 4738 autem
3292 4684 3493 4753 gloria?

1936 4800 2005 4863 ei,
2040 4797 2225 4866 inquit,
2266 4793 2353 4862 qui
2395 4796 2567 4858 potest
2608 4800 2763 4852 super
2793 4780 2968 4833 omnia
3010 4779 3185 4830 facere
3221 4773 3495 4827 abundan-

1936 4891 2040 4943 tius
2067 4900 2223 4955 qnam
2254 4883 2480 4951 petimus
2528 4888 2615 4930 aut
2666 4872 3023 4939 intelligimus.
3070 4866 3176 4920 Nos
3211 4864 3352 4919 enim
3396 4880 3491 4930 pro

1938 4980 2088 5034 vobis
2118 4979 2231 5030 huic
2257 4988 2491 5035 oramus,
2532 4978 2588 5022 ut
2612 4969 2705 5019 ista
2732 4963 2954 5025 faciatis,
2974 4971 3025 5013 et
3047 4960 3141 5012 ista
3171 4956 3492 5024 intelligatis.

1938 5071 1991 5125 Si
2020 5069 2136 5138 quis
2170 5078 2343 5120 autem
2376 5064 2493 5131 plus
2519 5060 2709 5129 poterit
2742 5064 2795 5107 et
2833 5050 3184 5111 abundantius
3231 5046 3420 5115 poterit
3445 5052 3500 5097 et

1938 5174 2093 5228 supra
2126 5158 2239 5210 hinc
2284 5153 2459 5207 omnia
2491 5149 2699 5218 poterit,
2728 5157 2885 5212 supra
2919 5142 3121 5195 scilicet
3162 5151 3318 5205 quam
3365 5135 3499 5202 peti-

1943 5264 2060 5305 mus
2090 5257 2182 5301 aut
2219 5243 2581 5311 intelligimus,
2604 5237 2676 5291 illi
2705 5234 2891 5305 gloria.
2938 5232 2985 5285 Is
3029 5240 3205 5284 autem
3226 5228 3311 5296 qui
3341 5239 3498 5292 supra

2020 5419 2098 5491 (1)
2118 5416 2290 5491 Codd.
2333 5430 2486 5491 nunc.

2040 5474 2096 5557 *ὶῇ
2118 5488 2295 5554 Vulg.,
2324 5484 2600 5557 Ii_t_omnem
2625 5476 2984 5557 plenitudinem
3000 5474 3112 5557 Dei.

2040 5504 2094 5557 '2)
2125 5504 2295 5554 VUIg.,
2324 5504 2387 5537 lu
2408 5504 2600 5536 omnem
2625 5504 2984 5549 ptertuumucm
3000 5504 3112 5527 νει.

2014 5504 2098 5627 i3)
2132 5556 2283 5623 Vulg.
2315 5573 2327 5607 :
2357 5554 2421 5607 Ei
2448 5562 2610 5603 autem
2630 5550 2712 5616 qui
2735 5556 2907 5614 potens
2944 5555 3013 5597 est
3036 5543 3199 5621 omnia
3225 5544 3391 5627 facere
3418 5556 3503 5593 su—

1952 5610 2357 5700 peitnbttnda‘ittcr
2378 5636 2526 5691 quam
2556 5610 2881 5689 petimus..."
2912 5622 3147 5682 operatur
3166 5610 3401 5662 iit'nobis.
