3910 6212
458 221 585 277 197i

1662 220 1848 276 MAR"
1892 214 2227 272 VlCTORlNl
2265 217 2421 271 ΛΡΜ

3558 214 3697 269 Η.Ἱί

452 348 507 391 et
535 336 884 391 abundantius
921 350 1077 404 supra
1124 338 1337 405 poterit,
1378 338 1559 407 utique
1594 335 1785 405 poterit
1825 346 2012 387 secun—
2039 332 2087 388 Α
2116 328 2367 382 unitatem
2437 328 2650 396 spiritus
2732 330 3043 383 servandam
3116 333 3166 383 in
3242 329 3447 383 vinculo
3524 325 3688 394 pacis,

457 425 582 480 dum
615 423 858 477 virtutem
890 439 1007 490 quin
1036 435 1285 492 operatur
1318 427 1367 478 in
1400 425 1573 489 nobis,
1596 421 1885 477 secundum
1913 420 2021 473 vir-

456 524 623 568 tutem
653 514 854 567 scilicet
886 513 973 566 Dei
1007 524 1060 566 et
1087 514 1281 568 Christi
1328 515 1534 569 Domini
1586 513 1751 567 nostri
1780 552 1795 575 ,
1832 525 2020 564 secun-

458 607 581 661 dum
610 622 724 660 eam
752 606 891 660 enim
921 621 1132 673 operor.
1166 607 1230 659 Et
1272 607 1357 659 ille
1400 607 1556 676 igitur
1583 603 1872 659 secundum
1901 616 2017 656 eam

454 698 700 748 virtutem
744 704 1012 762 operatur,
1042 704 1262 763 quaeest
1290 695 1339 747 in
1390 696 1561 749 nobis.
1616 694 1777 761 Igitur
1816 692 1885 754 ei,
1928 692 2016 758 qui

451 798 609 851 supra
638 784 809 835 omnia
836 782 949 835 bzec
978 793 1147 849 potest
1168 782 1339 835 facere
1366 782 1720 836 abundantius
1746 794 1904 847 quam
1928 795 2019 848 pe-

456 875 614 928 timus
643 882 732 925 aut
761 872 1120 941 intelligimus.
1176 874 1342 939 gloria
1387 874 1456 924 sit
1487 872 1537 924 in
1566 870 1780 923 Christo
1805 869 1929 922 Jcsu
1966 880 2020 921 et

448 967 506 1019 in
537 964 709 1015 omnia
743 962 956 1026 sucula,
988 970 1043 1014 et
1080 962 1128 1014 in
1163 963 1303 1014 nanti
1352 963 1607 1016 Ecclesia.
1633 961 1813 1013 Potest
1845 969 2018 1013 tamen

454 1057 555 1109 hoc
582 1063 744 1107 totum
779 1054 842 1105 ad
876 1054 1035 1106 Deum
1066 1054 1271 1107 referri.
1297 1054 1409 1119 Ipse
1450 1058 1590 1107 enim
1622 1060 1795 1121 potest
1836 1066 2021 1120 supcr-

455 1145 811 1199 abnndantius
852 1144 945 1196 ista
974 1143 1164 1197 facere.
1184 1144 1244 1196 Et
1273 1143 1368 1210 ipsi
1400 1144 1586 1211 gloria.

527 1234 677 1289 CAI‘.
701 1234 788 1288 lV.
803 1263 871 1272 —
890 1233 1047 1287 Vens.
1068 1236 1116 1285 l.
1138 1234 1425 1287 —0bsecro
1452 1234 1529 1304 (I)
1552 1251 1635 1286 vos
1648 1250 1736 1303 ego
1753 1235 1943 1285 vinctus
1968 1234 2018 1285 in

454 1327 692 1390 Domino,
724 1337 774 1378 ut
802 1326 951 1394 digne
976 1325 1239 1379 ambuletis
1271 1327 1526 1378 vocatione
1555 1342 1654 1389 qua
1686 1327 1845 1377 vocati
1878 1326 2016 1389 estis,

463 1434 574 1469 cum
599 1417 733 1469 omni
762 1416 1040 1467 humilitate
1062 1425 1106 1467 et
1134 1416 1516 1467 mansuetudine
1540 1426 1585 1466 et
1614 1415 1875 1484 patientia.
1926 1414 2020 1467 llic

458 1509 602 1560 locus
628 1505 1010 1559 exhortationis
1055 1516 1136 1557 est
1177 1514 1231 1557 et
1270 1506 1663 1567 admonitionis,
1713 1505 1866 1555 simul
1898 1519 2016 1556 cum

454 1597 697 1666 precibus
728 1594 1001 1649 humiliter
1028 1605 1080 1648 et
1108 1594 1588 1653 eontmendatione.
1622 1604 1677 1646 ut
1704 1602 1758 1646 et
1792 1594 1888 1654 ipsi
1912 1594 2013 1665 Iol-

2120 420 2262 488 quod
2290 420 2361 473 ita
2387 430 2440 473 et
2468 421 2553 473 isti
2596 420 2764 473 vocati
2793 422 2841 472 in
2886 437 2985 473 una
3026 436 3158 488 spe:
3186 436 3285 475 non
3327 421 3470 473 enim
3518 418 3692 470 diver-

2120 523 2231 562 sam
2261 524 2407 578 spem
2433 509 2649 572 habent,
2672 509 2763 563 sed
2796 525 2951 562 unam
2974 524 3179 570 omnes,
3212 509 3299 579 qui
3341 509 3513 563 vocati
3546 516 3689 571 sunt,

2122 598 2500 666 promissorum
2532 599 2642 651 Dei.
2678 599 2805 663 Quae
2831 610 3002 652 autem
3044 600 3298 668 promissa
3329 609 3473 660 sunt,
3510 608 3690 652 notum

2121 698 2201 742 est
2222 688 2486 741 omnibus.

2193 778 2349 831 Vens.
2385 779 2439 843 5,
2469 779 2522 832 6.
2578 809 2646 819 -—
2674 778 2821 833 Unus
2867 779 3134 845 Dominus,
3179 795 3277 832 una
3319 781 3483 844 ﬁdes,
3529 792 3689 831 unum

2121 868 2396 935 baptisma,
2443 885 2576 923 unus
2622 869 2779 931 Deus,
2825 880 2877 923 et
2918 880 3066 938 pater
3112 873 3365 935 omnium,
3404 870 3494 940 qui
3534 884 3689 937 supra

2121 960 2313 1021 omnia,
2366 970 2417 1013 et
2463 977 2557 1023 per
2600 976 2785 1014 omnes
2840 965 2888 1014 in
2936 963 3178 1015 omnibus
3225 964 3376 1017 nobis
3420 964 3519 1031 (l).
3564 961 3692 1015 Late

2124 1058 2284 1116 patet,
2315 1060 2367 1103 et
2406 1051 2631 1119 simplex
2669 1060 2843 1105 tamen
2876 1063 2955 1105 est
2987 1054 3084 1105 istc
3114 1063 3397 1115 trattatus;
3434 1070 3561 1105 unus
3592 1053 3691 1105 Do-

2122 1140 2305 1202 minus,
2334 1139 2382 1191 id
2405 1150 2487 1193 est
2509 1140 2752 1195 Christus
2775 1159 2788 1202 ;
2818 1158 2918 1193 una
2940 1142 3085 1208 ﬁdes,
3111 1144 3289 1208 utique
3317 1143 3369 1194 in
3397 1141 3687 1203 Christum,

2121 1238 2173 1283 et
2202 1231 2251 1282 in
2285 1231 2476 1293 Deum;
2503 1248 2659 1282 unum
2680 1232 2958 1297 baptisma;
2987 1246 3090 1284 non
3122 1234 3263 1285 enim
3286 1233 3440 1285 aliter
3460 1234 3529 1285 ab
3552 1232 3686 1295 aliis;

2122 1335 2291 1388 neque
2318 1322 2359 1373 si
2388 1323 2541 1374 aliter
2566 1326 2634 1373 ab
2655 1321 2788 1385 aliis,
2815 1321 3101 1387 baptisma;
3132 1323 3221 1373 sed
3247 1321 3374 1374 illud
3403 1321 3685 1388 baptiSma,

2124 1412 2263 1481 qttod
2292 1413 2341 1465 in
2371 1413 2530 1465 Deum
2562 1422 2758 1480 patrem
2787 1423 2839 1465 et
2869 1414 2917 1464 in
2946 1414 3219 1465 Dominum
3242 1422 3481 1465 nostrum
3508 1412 3687 1465 Jcsnm

2120 1499 2387 1555 Christum
2417 1500 2604 1555 Filium
2644 1511 2695 1554 et
2733 1499 2984 1569 Spiritum
3029 1511 3267 1555 sanctum
3297 1502 3472 1555 datur.
3523 1503 3687 1555 Aliter

2121 1606 2249 1660 ergo
2277 1593 2455 1644 datum
2502 1593 2760 1659 baptisma
2798 1608 2900 1645 non
2931 1600 3029 1645 est.
3066 1592 3201 1659 Ergo
3229 1607 3387 1643 unum
3416 1591 3679 1660 baptisma,

451 1688 639 1751 lereut,
664 1702 781 1739 cum
806 1696 853 1739 et
880 1686 1048 1752 ipsum
1074 1685 1285 1737 videant
1308 1686 1567 1753 patienter
1585 1685 1747 1736 multa
1770 1684 2015 1737 tolerare.
2054 1695 2098 1752 Β
2125 1700 2253 1736 unus
2286 1682 2419 1735 Deus
2443 1700 2460 1736 :
2492 1685 2739 1751 qttoniam
2773 1686 2869 1737 etsi
2900 1695 2953 1737 et
2984 1683 3118 1736 ﬁlius
3154 1684 3291 1736 Deus
3326 1692 3498 1735 tamen
3522 1723 3535 1745 ,
3564 1684 3684 1750 quia

452 1778 590 1846 Ego,
638 1778 839 1844 inquit,
890 1791 971 1828 vos
998 1779 1197 1827 obsecro
1225 1776 1413 1826 vinctus
1443 1775 1493 1825 in
1540 1773 1784 1835 Domino,
1821 1782 1876 1825 ut
1900 1788 2018 1826 cum

453 1868 615 1919 multa
645 1866 863 1919 toterem
898 1864 1047 1933 (nam
1073 1875 1125 1917 et
1152 1864 1356 1916 vincula
1402 1874 1454 1916 et
1487 1865 1625 1917 varia
1676 1866 1918 1918 toleravit
1964 1876 2017 1919 et

450 1972 634 2024 passus
658 1954 798 2023 est);
820 1970 937 2007 cum
959 1970 1106 2023 ergo,
1134 1956 1320 2023 inquit,
1339 1957 1544 2008 vinctus
1572 1957 1621 2008 in
1648 1956 1871 2009 Domino
1894 1956 2014 2021 sim,

448 2048 499 2099 id
522 2058 597 2100 eSt
627 2055 841 2114 propter
867 2046 1165 2111 Dominum,
1185 2060 1282 2114 ego
1303 2048 1415 2114 ipse
1437 2046 1525 2114 qui
1555 2049 1812 2099 moneoin
1840 2050 2017 2102 multis

448 2140 675 2203 patiens,
697 2150 887 2189 moneo
914 2146 966 2185 ut
990 2137 1142 2204 digne
1164 2135 1429 2188 antbuletis
1452 2151 1511 2188 ea
1536 2135 1738 2189 scilicet
1763 2138 2019 2189 vocatione

445 2243 541 2294 quo
580 2227 694 2278 estis
720 2227 898 2278 vocati.
928 2224 1082 2292 Saepe
1112 2227 1253 2277 enim
1295 2225 1529 2279 diximus
1560 2228 1733 2280 vocari
1768 2229 2009 2281 homines

449 2318 541 2371 Dei
580 2318 765 2386 gratia.
800 2316 907 2369 Hac
936 2318 1101 2369 vocati
1147 2318 1254 2383 jam
1282 2331 1376 2370 vos
1412 2321 1709 2391 vocatione,
1744 2321 1866 2386 quia
1906 2324 2015 2386 jam

451 2410 613 2462 Deum
662 2408 977 2475 cognoscitis
998 2419 1051 2460 et
1076 2408 1342 2459 Christum
1386 2408 1685 2472 Dominum,
1719 2410 1814 2462 hac
1857 2426 2016 2464 voca-

449 2500 590 2551 tione
611 2498 765 2565 digne
778 2497 1059 2549 ambulate.
1080 2498 1833 2566 Subjtingitquemadmodum.

520 2588 674 2641 Vens.
700 2588 753 2650 2,
772 2588 823 2649 ὅ,
844 2586 1097 2639 4.--ϐιιηι
1126 2589 1257 2638 omni
1275 2589 1554 2641 humilitate
1573 2600 1618 2640 et
1641 2590 2020 2643 mansuetudine

451 2688 496 2731 et
524 2679 779 2747 patientia.
822 2678 883 2729 Et
905 2676 984 2744 (2)
1016 2676 1341 2729 tolerantiam
1370 2680 1586 2729 multaut
1618 2679 1779 2745 ponit,
1799 2694 1862 2731 ne
1888 2679 2020 2732 eire-

454 2777 655 2831 rantur,
689 2781 754 2819 ne
770 2766 980 2833 superbi
997 2768 1119 2818 sint.
1138 2766 1313 2818 Primo
1337 2767 1500 2833 posita
1526 2766 1811 2831 humilitas,
1833 2768 2023 2822 deinde

451 2859 816 2914 mansuetudo.
872 2858 1147 2910 Humilitas
1199 2859 1355 2910 animi
1385 2858 1611 2924 dejectio
1641 2872 1738 2912 est.
1789 2858 2018 2913 Frennm

449 2955 709 3024 superbia:
736 2964 787 3008 et
813 2953 1151 3006 immanitatis
1177 2952 1279 3019 (5),
1302 2952 1650 3004 mansuetudo
1678 2961 1775 3005 est.
1804 2955 1868 3005 At
1896 2967 2021 3005 vero

2121 1773 2172 1825 in
2202 1774 2308 1825 ﬁlio
2339 1774 2493 1836 Deus,
2518 1781 2571 1826 et
2596 1780 2741 1841 pater
2774 1774 2929 1837 Deus,
2960 1789 3093 1826 unus
3118 1773 3274 1827 Dens.
3310 1771 3443 1824 Item
3481 1773 3597 1837 quia
3630 1772 3684 1825 in

2123 1862 2230 1916 Deo
2260 1864 2417 1926 ﬁlius,
2453 1878 2587 1915 unus
2614 1879 2738 1928 ergo
2768 1864 2922 1917 Deus.
2947 1865 3047 1930 Qui
3083 1864 3254 1917 Deus?
3283 1874 3453 1930 pater,
3484 1865 3679 1929 inquit,

2121 1954 2292 2016 Deus;
2326 1955 2443 2022 quia
2472 1956 2584 2023 ipse
2604 1967 2685 2010 est
2706 1972 2792 2024 per
2815 1958 3004 2020 omnia,
3032 1967 3083 2010 et
3113 1956 3225 2023 ipse
3249 1966 3329 2009 est
3352 1958 3402 2007 in
3431 1957 3677 2015 omnibus,

2121 2055 2173 2097 et
2208 2060 2365 2113 supra
2407 2060 2593 2099 omnes
2620 2065 2631 2099 :
2655 2062 2781 2114 ergo
2810 2061 2945 2099 unus
2974 2049 3128 2109 Deus,
3156 2048 3247 2115 qui
3289 2056 3428 2115 pater
3466 2056 3534 2098 est
3578 2062 3681 2097 om-

2120 2136 2280 2201 nium,
2310 2136 2397 2204 qui
2425 2152 2580 2204 supra
2609 2152 2813 2201 omnes,
2845 2146 2898 2191 et
2923 2152 3017 2206 per
3044 2152 3251 2202 omnes,
3277 2148 3329 2191 et
3359 2139 3407 2190 in
3440 2138 3679 2189 omnibus

2121 2226 2291 2280 nobis.
2343 2227 2693 2281 Attendamus
2733 2238 2906 2282 autem
2952 2228 3189 2282 ordinem
3234 2228 3517 2297 diligenter
3559 2243 3682 2281 con-

2120 2332 2332 2370 nexum.
2364 2317 2513 2372 Unus
2546 2319 2795 2372 Dominus
2820 2336 2831 2372 :
2856 2320 2921 2371 ab
2949 2321 3061 2387 ipso
3088 2322 3268 2388 cmpit,
3299 2334 3392 2388 per
3420 2335 3577 2388 quem
3606 2320 3680 2371 in-

2119 2407 2248 2474 cipit
2298 2409 2470 2461 omnis
2510 2408 2885 2471 christiauitas,
2931 2421 2982 2463 et
3028 2411 3293 2478 ingressus
3322 2411 3387 2463 ad
3423 2410 3681 2463 liberatio-

2121 2511 2261 2548 nem.
2291 2496 2421 2549 Cum
2462 2500 2601 2550 enim
2642 2497 2907 2551 Christum
2950 2500 3063 2565 quis
3092 2500 3417 2565 cognoverit,
3450 2509 3576 2553 tunc
3602 2515 3681 2551 sc—

2119 2588 2295 2654 quitur
2318 2596 2372 2640 ut
2397 2589 2447 2640 in
2469 2604 2589 2641 eum
2622 2588 2751 2641 ﬁdes
2772 2590 2858 2653 sit,
2882 2598 2936 2643 et
2961 2592 3179 2657 reliqua.
3207 2590 3318 2643 Una
3344 2592 3395 2642 in
3417 2588 3679 2643 Christum

2121 2679 2278 2742 ﬁdes;
2338 2680 2529 2733 deinde
2583 2682 2914 2734 consecratio
2968 2681 3102 2748 ejus.
3158 2680 3330 2736 Uttum
3391 2682 3675 2750 baptisma;

2120 2768 2311 2822 deinde
2337 2769 2664 2837 conjunctio.
2701 2769 2843 2824 Unus
2875 2770 3032 2832 Deus,
3068 2779 3215 2837 pater
3237 2771 3500 2834 omnium,
3528 2784 3680 2836 super

2121 2861 2320 2923 omnia,
2357 2876 2448 2923 per
2479 2860 2674 2921 omnia,
2710 2861 2759 2912 in
2788 2859 3051 2912 omnibus.
3082 2860 3324 2925 Quatuor
3359 2861 3572 2927 posuit:
3604 2868 3678 2912 est

2122 2952 2259 3003 enim
2304 2952 2461 3015 Deus,
2500 2952 2620 3020 quia
2661 2966 2817 3004 causa
2860 2967 2872 3003 :
2912 2960 3058 3018 pater
3094 2953 3354 3014 omnium,
3385 2951 3507 3017 quia
3548 2950 3678 3001 ultra

443 3060 563 3114 quia
589 3046 822 3112 sequitur
860 3045 1131 3112 patientia,
1179 3046 1227 3093 in
1263 3057 1326 3093 eo
1352 3041 1489 3107 quod
1521 3042 1766 3103 tolerant,
1801 3043 1843 3094 si
1877 3043 1999 3108 quid
2026 3050 2070 3111 (ἶ
2105 3054 2271 3109 ipsum
2310 3042 2439 3095 nihil
2482 3060 2493 3093 :
2539 3056 2692 3108 supra
2728 3043 2933 3103 omnia,
2972 3040 3091 3109 quia
3135 3041 3307 3105 aetio;
3360 3055 3454 3109 per
3483 3040 3672 3104 omnia,

447 3137 650 3189 adversi
678 3136 940 3187 evenerit.
972 3137 1027 3186 in
1064 3132 1343 3199 prioribus,
1378 3146 1443 3184 ne
1474 3143 1753 3185 vereantur
1782 3132 1857 3202 (6)
1886 3134 2010 3200 pati,

445 3227 551 3281 duo
575 3228 763 3293 posita,
803 3226 1072 3279 humilius
1103 3234 1155 3277 et
1198 3224 1566 3277 mansuetudo.
1599 3224 1654 3277 lu
1688 3225 1769 3276 his
1790 3242 1907 3292 qua:
1924 3241 2013 3279 se-

443 3327 695 3386 quuntur,
735 3318 776 3369 si
810 3317 947 3383 passi
1001 3315 1215 3376 fuerint,
1257 3316 1439 3381 quales
1470 3315 1573 3366 sint
1607 3314 1879 3379 patientia,
1929 3316 2013 3367 in—

446 3409 576 3475 quit.
614 3407 810 3459 Deinde
843 3405 981 3473 quod
1012 3404 1282 3471 snhjungit
1308 3420 1419 3454 cum
1447 3404 1581 3454 omni
1607 3404 2017 3471 magnanimitate

445 3496 541 3566 (5).
569 3496 689 3547 llaec
718 3494 855 3548 enim
881 3494 1286 3562 magnanimitas
1306 3492 1354 3544 in
1381 3494 1479 3544 hoc
1508 3502 1608 3553 est,
1636 3501 1690 3544 ut
1716 3508 1818 3545 non
1843 3493 2012 3546 solum

442 3586 706 3654 patienter
733 3586 871 3637 feras
902 3585 996 3653 (ϐ).
1022 3584 1114 3635 sed
1149 3594 1325 3635 erecto
1348 3584 1525 3635 animo
1551 3597 1761 3650 semper
1786 3585 1877 3635 sis.
1914 3584 2014 3636 De-

442 3678 601 3743 nique
627 3678 723 3728 hoc
755 3676 1044 3742 subiungit,
1073 3683 1123 3725 ttt
1169 3675 1211 3724 si
1258 3688 1442 3739 passus
1474 3672 1631 3725 fueris
1662 3673 1937 3740 patienter,
1962 3684 2014 3726 ct

442 3767 846 3833 magttanimiter
870 3766 1010 3818 feras
1034 3762 1327 3828 sufferentes
1352 3764 1518 3814 omnia
1538 3779 1856 3829 qumcumque
1881 3766 2013 3816 acci-

444 3854 604 3907 derint
618 3864 870 3923 portantes
884 3855 1088 3905 invicem
1112 3855 1164 3905 in
1193 3854 1453 3906 charitate.
1488 3854 1669 3907 Potest
1692 3866 1744 3907 et
1769 3856 1833 3907 ad
1862 3855 2014 3919 stt/fe-

442 3959 603 4001 rentes
637 3948 858 3997 invicem
906 3946 958 3997 in
1018 3945 1283 4008 charitate,
1343 3947 1551 3999 rel'crri.
1611 3948 1793 3999 Potest
1839 3958 2011 4001 tamen

444 4038 645 4103 integer
697 4049 814 4088 esse
884 4049 1070 4086 sensus
1130 4034 1216 4102 qui
1282 4035 1517 4099 sequitur
1569 4052 1582 4086 :
1637 4036 1855 4089 Solliciti
1908 4055 2012 4090 ser-

442 4126 621 4177 uanda:
665 4125 867 4177 unitatis
918 4124 1125 4192 spiritus
1181 4125 1233 4174 in
1264 4124 1460 4175 vinculo
1489 4126 1629 4191 pacis
1658 4126 1756 4193 (7).
1796 4126 1864 4180 Ut
1906 4130 2012 4196 Spi-

444 4219 575 4267 ritus
606 4215 857 4267 unitatem
887 4214 1129 4276 servetis,
1179 4222 1269 4265 aut
1314 4230 1471 4266 unum
1517 4216 1758 4283 spiritum
1789 4220 2011 4272 servetis

442 4306 714 4359 servanda:
736 4305 880 4373 pacis
902 4314 955 4356 et
981 4305 1031 4356 in
1065 4305 1270 4357 vinculo
1294 4306 1457 4373 pacis,
1493 4308 1677 4359 hortor
1703 4322 1798 4361 vos
1822 4320 1874 4363 ut
1905 4312 2011 4365 sol-

2118 3133 2239 3201 quia
2272 3133 2437 3185 nnitio
2465 3141 2518 3185 et
2548 3131 2807 3184 connexio
2835 3134 2885 3184 in
2923 3131 3186 3183 omnibus.

2188 3222 2350 3276 Vsus.
2381 3224 2433 3277 7.
2484 3251 2554 3262 -—
2583 3221 2860 3290 Unicuique
2881 3232 3043 3274 autem
3066 3230 3293 3272 nostrum
3316 3221 3437 3273 data
3468 3229 3540 3273 est
3567 3236 3674 3287 gra-

2117 3316 2186 3365 tia
2220 3316 2491 3365 secundum
2516 3329 2800 3365 mensuram
2836 3312 3121 3365 donationis
3145 3310 3353 3364 Christi.
3391 3312 3502 3365 Hoc
3536 3311 3673 3377 adje-

2117 3403 2190 3456 cit
2222 3421 2233 3454 z
2266 3405 2387 3457 hinc
2430 3405 2571 3457 enim
2604 3412 2776 3470 potest
2817 3403 3138 3470 impatientia
3185 3402 3331 3456 nasci
3364 3402 3444 3455 vel
3489 3401 3670 3468 injuria

2123 3493 2253 3544 ﬁeri.
2290 3493 2357 3545 Et
2388 3508 2505 3545 cum
2556 3503 2764 3545 moneat
2804 3492 3150 3544 humilitatem
3194 3500 3250 3545 et
3287 3491 3595 3559 patientiam
3624 3500 3673 3543 et

2116 3590 2329 3646 ca-tera,
2353 3583 2608 3635 rationem
2631 3582 2721 3634 dat
2743 3592 2793 3633 ut
2826 3581 3183 3647 unusquisque
3207 3581 3414 3648 patiens
3437 3594 3557 3633 esse
3584 3578 3670 3633 de-

2116 3673 2237 3725 beat
2256 3682 2307 3725 et
2330 3673 2725 3737 magnanimis,
2752 3673 2869 3739 quia
2907 3675 3195 3724 secundum
3232 3685 3538 3725 mensuram
3577 3672 3669 3723 do-

2117 3763 2343 3815 nationis
2368 3763 2561 3816 Christi
2592 3764 2871 3831 unicuique
2913 3772 3149 3815 nostrum
3200 3761 3321 3815 data
3359 3773 3443 3816 est
3482 3763 3663 3831 gratia.

2114 3853 2241 3905 Cum
2276 3854 2430 3921 igitur
2459 3853 2557 3905 alia
2583 3855 2698 3905 aliis
2724 3854 2844 3906 data
2870 3855 2959 3916 sit,
2989 3869 3159 3919 neque
3201 3853 3543 3907 invidendum
3572 3865 3667 3918 est,

2116 3960 2285 4012 neque
2315 3946 2608 4013 negandum
2648 3955 2759 4004 est;
2803 3961 2899 3998 nec
2936 3945 3075 4013 qttod
3106 3946 3239 3999 alius
3269 3946 3461 4010 habet,
3488 3947 3667 3999 dolen-

2114 4038 2267 4099 (Ium;
2302 4051 2397 4089 nec
2433 4036 2571 4105 quod
2600 4038 2824 4104 quisque
2856 4036 3029 4097 habet,
3065 4053 3168 4089 non
3200 4029 3456 4090 dandum.
3489 4038 3546 4092 Si
3582 4040 3670 4089 du-

2115 4130 2257 4180 natio
2297 4143 2423 4195 ergo
2466 4128 2664 4183 Christi
2694 4139 2775 4181 est
2815 4130 3103 4182 secundum
3142 4144 3445 4183 mensuram
3490 4132 3669 4200 gratic

2115 4217 2392 4285 unicuique
2418 4217 2554 4270 data:
2583 4217 2683 4284 (εἰ),
2714 4232 2896 4272 omnes
2928 4220 3150 4273 invicem
3175 4237 3271 4274 nos
3298 4220 3562 4275 charitate
3586 4236 3669 4273 ac-

2113 4308 2289 4375 cipere
2317 4308 2594 4369 debemus,
2625 4317 2678 4361 et
2707 4309 2929 4363 sulferre
2956 4311 3361 4379 magnanimiter
3392 4321 3447 4365 et
3473 4312 3670 4380 patien-

442 4394 567 4447 liciti
600 4393 732 4446 sitis.
765 4394 860 4446 Dat
895 4402 1069 4445 tamen
1096 4394 1329 4447 rationes
1356 4410 1519 4463 quare
1542 4397 1753 4451 unitatis
1792 4399 2009 4468 spiritus
2035 4408 2089 4467 Ι)
2116 4403 2196 4449 ter
2217 4396 2391 4449 omnia
2409 4412 2526 4449 Cum
2547 4397 2949 4452 mansuetudine
2963 4414 3079 4451 cum
3098 4400 3411 4455 humilitate.

441 4485 496 4537 in
544 4484 750 4538 vinculo
785 4485 992 4538 solliciti
1036 4499 1155 4538 esse
1192 4484 1423 4538 debent:
1468 4486 1637 4540 Unum
1684 4505 1899 4559 corpus,
1954 4493 2005 4546 in

444 4575 594 4643 quit,
637 4585 683 4627 et
738 4591 867 4627 unus
913 4576 1136 4645 spiritus.
1178 4575 1310 4640 Quia
1363 4591 1523 4629 unum
1556 4593 1745 4646 corpus
1776 4590 1856 4634 est
1901 4592 2005 4635 tota

448 4664 686 4718 Ecclesia
709 4674 761 4717 et
783 4680 916 4717 unus
947 4666 1181 4730 spiritus.
1228 4663 1313 4716 Ita
1337 4674 1389 4716 ut
1416 4675 1461 4717 et
1488 4669 1649 4719 vocati
1674 4670 1788 4722 estis
1816 4672 1867 4722 in
1906 4687 2007 4723 una

443 4769 531 4821 spe
570 4755 840 4807 vocationis
895 4763 1085 4807 vestra.
1143 4753 1211 4807 Et
1262 4753 1362 4809 hoc
1414 4768 1781 4825 argumentum
1824 4770 1903 4815 est
1941 4762 2008 4816 ad

513 4947 592 5019 (1)
618 4948 773 5017 Vulg.
804 4948 950 5020 addit
974 4950 1158 5020 itaque.

533 5019 588 5082 ‘2)
619 5020 783 5072 Codd.
815 5019 903 5071 ad.

924 5088 1179 5141 humilitas
1201 5088 1357 5141 animi
1372 5088 1584 5157 dejectio
1609 5103 1679 5144 est
1696 5095 1804 5161 fera
1834 5108 2007 5163 super-

446 5156 533 5209 bia
547 5156 590 5208 et
618 5158 940 5211 immanitate.

540 5229 592 5294 4)
620 5224 785 5281 Codd.
809 5235 1111 5280 mereantur.

535 5295 587 5363 5)
620 5298 739 5368 Haec
782 5298 935 5368 ver_b:t
967 5313 1078 5348 cum
1119 5298 1254 5349 omni
1294 5300 1722 5368 magnanimitate,
1772 5302 1906 5356 sicut
1952 5314 2004 5357 et

442 5365 736 5439 seqtientia,
775 5365 1067 5431 sit/ferentes
1109 5368 1305 5434 omnia,
1338 5365 1467 5435 eic.,
1508 5386 1613 5424 non
1659 5370 1902 5439 leguntur
1945 5374 2001 5428 in

444 5438 584 5499 vulg.

533 5504 585 5569 6)
611 5502 775 5557 Codd.
801 5503 998 5571 eﬂ'eras.

509 5504 585 5643 i7)
620 5572 772 5642 Vulg.
809 5592 821 5628 :
852 5575 998 5629 Sollit

536 5575 585 5642 7)
620 5572 772 5642 Vulg.
809 5592 821 5628 :
852 5575 1072 5630 Solliciti
1098 5590 1293 5631 seruare
1318 5579 1562 5632 unitatem
1591 5580 1885 5648 Spiritus...

2180 4485 2697 4555 Vens.8.—Propter
2709 4491 2840 4556 quod
2852 4489 2970 4543 dicit
2987 4492 3257 4544 ascendens
3268 4492 3319 4544 in
3332 4494 3666 4555 altitudinem,

2111 4576 2357 4645 captivam
2390 4577 2534 4629 duxit
2554 4578 2904 4645 captivitatem,
2929 4590 2973 4631 et
3014 4580 3152 4632 dedit
3193 4583 3327 4633 dona
3362 4582 3665 4636 hominibus.

2112 4666 2419 4734 Exemplum
2462 4668 2527 4720 ad
2576 4669 2676 4722 hoc
2703 4668 2883 4723 datum
2913 4679 2994 4724 est
3037 4672 3155 4739 quia
3197 4671 3332 4724 dixit
3377 4672 3668 4725 secundum

2111 4770 2411 4810 mensuram
2426 4758 2721 4811 donationis
2735 4758 2947 4813 Christi.
2971 4760 3343 4815 Probatautem
3357 4761 3668 4816 donationes

2111 4860 2231 4901 esse
2254 4846 2470 4913 Christi,
2512 4848 2635 4901 dato
2667 4849 2911 4918 exemplo
2937 4850 3001 4904 de
3041 4851 3246 4919 psalmo
3282 4867 3448 4916 uvn,
3489 4853 3541 4906 in
3569 4868 3669 4922 quo

2109 4937 2265 4991 docet
2304 4938 2570 4992 Christum
2605 4938 2881 4993 Dominum
2912 4953 3151 4993 nostrum
3187 4940 3367 4995 Jesum
3412 4946 3463 4996 in
3494 4944 3668 4996 altitu-

2109 5026 2286 5081 dinem
2312 5029 2633 5094 ascendisse,
2662 5036 2718 5083 et
2741 5031 3001 5099 captivam
3029 5030 3250 5086 duxisse
3270 5032 3625 5101 captivitatem
3649 5051 3661 5086 :

2110 5116 2161 5171 id
2205 5126 2286 5171 est
2324 5118 2487 5183 illam,
2530 5134 2647 5188 qua:
2693 5134 2788 5172 nos
2829 5121 3065 5189 captivos
3112 5120 3258 5186 fecit,
3310 5124 3661 5191 captivitatem

2110 5212 2365 5279 captivam
2393 5211 2603 5275 fecisse,
2646 5220 2699 5265 et
2740 5210 2879 5264 illam
2920 5213 3270 5281 oppressisse,
3308 5224 3362 5268 et
3401 5216 3477 5268 sic
3520 5217 3660 5269 nobis

2107 5298 2243 5354 dona
2269 5300 2498 5356 dedisse.
2532 5300 2671 5371 Ergo
2690 5300 2735 5355 si
2764 5302 2884 5355 data
2913 5302 3065 5356 nobis
3087 5301 3225 5358 dona
3248 5312 3373 5357 sunt
3393 5320 3422 5358 a
3447 5305 3659 5360 Domino

2177 5442 2254 5512 (l)
2284 5441 2435 5516 Vulg.
2473 5461 2485 5495 :
2519 5443 2617 5509 Qui
2646 5452 2715 5495 est
2757 5459 2907 5513 super
2952 5460 3144 5511 omnes,
3191 5457 3239 5500 et
3272 5462 3364 5516 per
3398 5450 3582 5515 omnia,
3611 5457 3654 5501 et

2105 5514 2155 5567 in
2187 5512 2411 5565 omnibus
2441 5515 2599 5565 nobis.

2176 5582 2252 5650 (2)
2275 5582 2443 5637 Codd.
2473 5585 2636 5651 gratia
2664 5582 2927 5651 unicuique
2950 5585 3092 5641 data.
