3910 6212
218 248 356 306 1273

1143 258 1204 310 IN
1247 251 1619 310 EPISTULAM
1661 252 1748 307 AD
1789 251 2117 308 EPHESIOS
2158 254 2352 310 LIBER
2394 257 2449 310 ΙΙ.

3315 257 3451 310 1274

217 385 420 439 nostra,
448 378 534 445 qui
559 380 817 448 mysterio
838 393 934 433 suo
954 380 1212 447 captivam
1234 379 1588 446 captivitatem
1611 378 1780 443 duxit,
1810 379 2003 436 Acaro
2051 387 2155 438 est;
2210 381 2345 446 quod
2393 390 2553 434 autent
2608 397 2668 436 ex
2717 382 2898 453 spiritu
2944 383 3190 448 nascitur,
3242 381 3447 451 spiritus

217 467 460 521 ascendit.
507 470 556 522 in
601 471 955 535 altitudinem,
1000 471 1238 525 liberatis
1281 469 1461 532 nobis,
1495 477 1550 523 et
1582 470 1784 538 captiva

217 557 358 613 facta
398 561 724 630 captivitate,
761 561 904 616 dedit
941 562 1077 616 dona
1118 561 1459 615 hominibus:
1491 575 1584 628 per
1628 574 1785 628 quem

215 650 446 717 gratiam
498 651 614 718 ejus
657 653 948 712 consecuti,
998 653 1206 707 diversa
1252 665 1549 721 ageremus.
1600 650 1785 703 deiﬁca

215 742 426 800 omnia;
455 742 591 794 sient
620 751 797 807 postea
827 743 972 802 dicit.
1003 752 1059 796 ut
1089 742 1173 796 alii
1215 750 1393 795 essent
1422 739 1669 808 apostoli,
1697 739 1784 792 alii

214 832 578 900 evangelista.
607 832 696 885 alii
726 835 1017 902 prophetae,
1042 843 1094 887 et
1119 833 1337 900 reliqua.
1361 832 1482 885 llam
1503 846 1628 899 ergo
1647 831 1785 884 dona

214 930 361 974 sunt.
391 919 521 974 Cum
554 935 729 976 autem
760 939 787 974 a
808 925 1020 977 Christo
1043 922 1156 976 lucc
1177 923 1342 992 gratia
1367 921 1644 989 unicuique
1665 920 1784 974 data

215 1015 288 1068 sit
317 1015 609 1067 secundum
641 1029 941 1068 mensuram
973 1014 1275 1068 donationis
1303 1012 1450 1081 ejus,
1477 1026 1634 1066 nemo
1655 1011 1786 1064 alte-

214 1105 330 1157 rius
364 1104 520 1158 debet
558 1113 648 1157 aut
690 1105 922 1158 invidere
952 1106 1134 1174 gratia:
1172 1114 1258 1156 aut
1304 1117 1446 1166 suae;
1475 1103 1566 1157 sed
1605 1102 1783 1156 omnia

215 1198 364 1264 paria
403 1195 479 1265 (l)
509 1197 731 1250 invicem
757 1197 884 1252 dare
911 1206 963 1250 et
992 1198 1232 1259 credere,
1262 1205 1315 1251 et
1345 1197 1588 1250 universa
1616 1195 1786 1249 humi-

217 1288 342 1342 liter
373 1298 424 1342 et
462 1305 578 1343 cum
612 1290 1017 1343 mansuetudine
1059 1301 1254 1343 etcum
1299 1289 1552 1358 patientia
1579 1298 1632 1343 et
1671 1305 1784 1342 tua»

216 1381 565 1449 gnauimitate
595 1381 830 1444 snll‘crre,
862 1382 1238 1436 conservanda:
1279 1399 1430 1435 causa
1471 1382 1688 1434 unitatis
1731 1381 1783 1434 in

219 1472 408 1536 spiritu
442 1472 677 1536 unitatis,
721 1475 770 1525 in
810 1474 1023 1526 vinculo
1064 1474 1236 1542 pacis;
1264 1483 1318 1527 ut
1358 1484 1411 1527 ct
1446 1473 1783 1528 coacordiam

221 1561 534 1626 habeamus,
562 1573 614 1618 et
644 1579 822 1632 pacem
856 1580 1150 1631 servemus,
1181 1565 1324 1618 nulla
1353 1565 1618 1619 discordia
1662 1581 1783 1634 per-

221 1651 471 1707 turbante
496 1653 702 1709 animos
731 1666 962 1709 nostros.

694 1809 894 1864 LIBER
932 1811 1306 1867 SECUNDUS.

290 1942 513 2012 Oportet
543 1960 680 1997 nunc
711 1946 1223 2014 interpretationem,
1257 1963 1356 2018 qua
1387 1965 1523 2023 nunc
1562 1951 1777 2017 utimur,

215 2034 410 2101 exequi
462 2044 617 2103 atque
657 2037 924 2105 complere
975 2036 1023 2090 in
1073 2037 1154 2090 bis
1207 2040 1383 2094 verbis
1424 2056 1540 2109 qum
1584 2041 1780 2095 Paulus

232 2125 473 2195 .djungit,
495 2138 544 2178 et
565 2128 863 2181 necessario
886 2129 1145 2198 adjungit,
1167 2131 1287 2199 quia
1312 2145 1470 2200 supra
1495 2147 1588 2200 per
1607 2147 1778 2188 exem-

213 2216 363 2284 plum
394 2218 593 2282 docuit,
623 2218 762 2286 quod
797 2220 1091 2273 ascendens
1133 2221 1183 2273 in
1227 2221 1579 2285 altitudinem,
1615 2224 1779 2292 capti-

215 2323 339 2362 vam
386 2310 535 2363 duxit
571 2311 948 2377 captivitatem,
995 2321 1048 2364 ct
1090 2312 1232 2365 dedit
1270 2313 1403 2366 duna
1453 2314 1772 2368 hominibus.

213 2397 441 2467 PrOpIer
481 2399 597 2466 hoc,
646 2401 878 2470 inquam,
929 2404 1230 2469 exemplum
1275 2414 1482 2474 tractat,
1529 2407 1776 2472 quoniam

213 2489 306 2556 qui
335 2491 572 2544 ascendit
601 2493 778 2560 utique
807 2492 1113 2558 descendit;
1156 2495 1292 2562 quod
1326 2495 1536 2563 quidem
1580 2506 1776 2565 myste-

213 2581 352 2634 rium
384 2580 486 2634 late
518 2590 694 2650 patet,
739 2581 1000 2650 habetque
1026 2585 1162 2638 alios
1199 2585 1248 2636 in
1295 2586 1390 2637 ista
1423 2586 1774 2653 explicatione

215 2680 491 2725 tractatus.
550 2672 683 2736 Quid
733 2673 800 2726 sit
853 2675 1173 2740 ascendere,
1228 2685 1282 2729 et
1330 2676 1772 2744 quemadmodum

212 2761 547 2816 descenderit
597 2764 646 2814 in
701 2762 946 2818 inferiora
1002 2776 1176 2829 terra),
1230 2778 1282 2818 ct
1329 2767 1770 2834 quemadmodum

210 2853 512 2907 ascenderit
547 2869 705 2922 super
744 2870 928 2909 omnes
966 2858 1129 2910 ccelns
1170 2858 1329 2924 (quod
1362 2868 1442 2910 est
1483 2857 1772 2912 vehemen-

212 2943 361 3008 tius),
387 2945 530 2998 omni
552 2960 676 2997 cura
697 2957 854 3014 atque
872 2947 1015 2999 omni
1037 2948 1305 3016 diligentia
1326 2949 1768 3016 perspiciendum.

211 3035 481 3095 Ascendit,
516 3037 703 3105 inquit,
733 3047 789 3089 ut
819 3038 1064 3105 impleret
1091 3041 1286 3092 omnia.
1313 3041 1445 3106 Quid
1470 3049 1550 3093 est
1571 3040 1768 3095 adven-

1888 479 1978 522 εει.
2014 470 2241 538 Spiritus
2274 483 2450 527 autem
2478 473 2543 529 de
2571 475 2816 542 supernis
2843 483 2952 538 est;
2980 489 3106 543 ergo
3132 473 3347 543 spiritus
3381 471 3447 526 ad

1888 573 2115 628 superna
2147 562 2299 615 redit.
2325 561 2454 616 Nam
2478 573 2532 618 et
2559 577 2678 617 cum
2711 564 3032 618 resurrectio
3065 562 3238 627 fuerit,
3271 561 3450 616 omnia

1888 650 2102 718 spiritus
2127 662 2311 717 erunt;
2344 666 2395 706 et
2427 663 2564 707 toms
2592 653 2752 706 homo
2789 654 3002 722 spiritus
3033 653 3221 718 factus,
3254 653 3307 707 in
3339 667 3449 708 cm-

1890 740 1996 794 lum
2023 741 2290 807 ascendet,
2317 745 2516 798 scilicet
2542 760 2632 812 per
2654 745 2916 813 spiritum.
2936 744 3072 814 Ergo
3088 744 3448 798 necessarium

1888 830 2079 885 factum
2106 842 2191 888 est
2215 843 2270 888 ut
2294 835 2382 902 qui
2411 834 2650 889 ascendit
2681 835 2732 888 in
2760 834 2975 898 cmlum,
2996 834 3110 901 ipse
3145 835 3212 887 sit
3234 835 3322 904 qui
3359 835 3454 890 de-

1887 923 2113 977 scendit.
2135 921 2378 978 Christus
2399 940 2546 993 ergo,
2574 926 2640 979 de
2656 939 2760 994 qua
2781 924 2978 978 dictum
3001 934 3102 987 est,
3122 923 3242 991 quia
3265 938 3450 979 ascen-

1886 1015 1963 1068 dit
2006 1014 2056 1068 in
2098 1017 2310 1078 coelum,
2360 1016 2670 1085 intelligitur
2713 1015 2854 1084 quod
2894 1013 3230 1068 descenderit
3271 1033 3284 1069 :
3322 1015 3450 1070 etsi

1887 1104 2179 1169 descendit,
2212 1105 2390 1175 utique
2434 1107 2483 1158 in
2520 1115 2674 1159 terra:
2717 1105 2964 1158 interiora
3003 1104 3313 1167 descendit;
3342 1119 3448 1158 non

1886 1195 2057 1248 solum
2089 1197 2137 1249 in
2169 1205 2379 1260 terram,
2412 1195 2502 1250 sed
2533 1196 2583 1249 in
2618 1195 2864 1250 inferiora
2896 1205 3068 1249 terra}.
3109 1195 3325 1248 Lectum
3367 1205 3448 1248 cst

1887 1287 2048 1352 enim,
2082 1289 2196 1354 quia
2229 1289 2278 1341 in
2325 1288 2584 1342 infernum
2624 1287 2895 1342 descendit
2932 1286 3172 1342 Salvator
3199 1287 3445 1356 passione

1889 1377 1971 1430 illa
1996 1378 2188 1445 crucis,
2216 1391 2269 1432 ut
2297 1395 2506 1433 omnem
2536 1382 2762 1432 animam
2793 1379 3063 1446 liberaret,
3092 1390 3144 1434 et
3175 1394 3238 1435 ex
3271 1381 3440 1434 omni-

1885 1471 1984 1525 bus
2011 1472 2137 1523 locis
2164 1471 2446 1526 redimeret
2476 1472 2709 1525 membra
2741 1485 2855 1524 sua.

1959 1561 2119 1616 Vsus.
2150 1562 2234 1616 10.
2287 1593 2346 1602 -—
2381 1563 2478 1628 Qui
2511 1563 2785 1626 descendit,
2824 1563 2930 1629 ipse
2969 1572 3041 1615 est
3077 1563 3162 1632 qui
3204 1563 3446 1616 ascendit.

1887 1653 2095 1722 Repetit
2140 1657 2307 1722 ipsum
2350 1668 2561 1708 sensum
2593 1652 2713 1720 quia
2751 1669 2807 1707 se
2836 1653 3056 1706 invicem
3088 1652 3231 1721 ligat,
3261 1665 3314 1706 ut
3356 1653 3446 1707 ille

1812 1748 1857 1807 B
1885 1748 1972 1814 qui
2013 1748 2268 1809 ascendit,
2313 1747 2648 1800 descenderit
2677 1763 2690 1798 :
2721 1754 2775 1799 et
2809 1759 2992 1798 rursus
3021 1746 3108 1814 qui
3154 1745 3446 1812 descendit,

1882 1837 2197 1890 ascenderit.
2227 1837 2328 1892 Sed
2359 1847 2413 1890 ut
2439 1837 2679 1903 superior
2704 1850 2890 1889 sensus
2912 1836 3161 1896 ostendit,
3186 1835 3303 1904 quia
3325 1850 3446 1890 cum

1881 1927 2153 1981 descendit
2187 1929 2433 1980 Dominus
2464 1936 2664 1987 noster,
2697 1928 2745 1979 in
2773 1926 3017 1979 interiora
3048 1934 3201 1979 terra:
3223 1925 3448 1980 descen-

1880 2019 1978 2086 dit,
2014 2034 2195 2073 rursus
2225 2020 2484 2087 adjnnxit,
2517 2018 2638 2086 quia
2670 2019 2782 2085 ipse
2813 2027 2925 2077 est,
2957 2017 3044 2085 qui
3075 2016 3311 2071 ascendit
3348 2016 3444 2070 sed

1880 2111 2118 2164 ascendit
2145 2127 2305 2180 super
2345 2126 2530 2164 omnes
2559 2109 2741 2164 caelos.
2775 2109 2845 2162 Ita
2876 2108 3004 2162 nihil
3038 2124 3256 2161 vacuum
3287 2107 3444 2163 Chri-

1879 2213 1960 2254 ειο
1989 2211 2071 2255 est
2100 2218 2112 2253 :
2147 2200 2406 2271 siquidem
2438 2213 2489 2252 et
2517 2199 2790 2254 descendit
2822 2200 2871 2252 in
2904 2198 3153 2252 inferiora
3181 2208 3364 2265 terra),
3393 2209 3448 2254 et

1879 2293 2113 2346 ascendit
2168 2307 2330 2361 super
2361 2292 2544 2345 cados.
2583 2291 2726 2357 Quos
2753 2292 2952 2344 caelos?
2999 2291 3151 2344 inulti
3197 2299 3306 2345 tres
3357 2291 3442 2344 di-

1878 2392 2031 2445 cunt;
2056 2383 2142 2435 alii
2174 2384 2384 2450 plures;
2408 2398 2588 2434 verum
2613 2381 2738 2433 milii
2760 2381 3018 2434 sententia
3044 2390 3147 2444 est,
3173 2390 3279 2434 tres
3300 2395 3439 2435 esse.

1876 2476 2144 2545 Siquidem
2178 2486 2227 2529 et
2264 2477 2376 2541 ipse
2423 2475 2612 2528 Paulus
2651 2485 2854 2542 raptum
2885 2490 2942 2528 sc
2985 2475 3112 2528 dicit
3141 2489 3299 2544 super
3338 2484 3444 2529 ter-

1878 2567 2005 2619 tium
2029 2568 2241 2621 cmlnm.
2270 2568 2328 2619 Et
2352 2566 2427 2619 sic
2445 2567 2602 2620 etiam
2621 2567 2829 2634 quidam
2858 2565 3049 2619 docent
3068 2580 3224 2634 supra
3246 2576 3437 2620 terram

1875 2674 1994 2712 esse
2048 2675 2208 2727 aquas
2260 2661 2407 2728 quasi
2455 2664 2677 2726 primum
2727 2660 2915 2711 cmlum
2958 2676 2969 2709 :
3017 2657 3208 2711 deinde
3262 2658 3438 2711 ﬁrma-

1875 2759 2109 2804 mentum
2142 2751 2332 2816 ipsum,
2360 2751 2496 2818 quod
2530 2751 2820 2818 appellatur
2845 2748 3035 2801 caelum
3065 2748 3290 2801 :deiude
3319 2764 3438 2802 rur-

1873 2855 1962 2892 sus
1991 2841 2119 2894 alias
2146 2855 2330 2908 aquas,
2360 2839 2567 2894 tertium
2600 2841 2789 2893 caalnm
2822 2839 2900 2907 (l)
2935 2856 2947 2890 :
2982 2837 3048 2891 de
3074 2853 3177 2903 quo
3209 2847 3438 2893 traCIatu

1869 2931 1975 2998 jam
2009 2929 2172 2982 multa
2213 2930 2441 2982 diximus
2496 2931 2544 2981 in
2578 2930 2863 2996 prmteritn.
2898 2927 3089 2982 Verum
3120 2928 3242 2996 quid
3274 2929 3436 2982 inter-

1870 3021 1991 3072 est?
2043 3017 2288 3073 Christus
2336 3022 2424 3087 qui
2475 3021 2754 3083 ascendit,
2819 3034 2980 3088 super
3025 3034 3211 3074 omnes
3270 3020 3436 3076 celos

213 3135 315 3190 lus,
348 3136 396 3179 ει
426 3125 549 3195 quid
579 3135 658 3179 es,
690 3127 920 3181 manus?
947 3137 1004 3181 ιη
1031 3129 1160 3192 dixi,
1190 3145 1410 3198 magnus
1446 3131 1543 3184 iste
1577 3141 1767 3185 “ac”.
1797 3109 1839 3170 C
1873 3110 2128 3162 ascendit.
2165 3108 2274 3162 Illic
2321 3111 2460 3162 enim
2500 3109 2606 3176 jam
2650 3109 2917 3161 tl‘lt‘t'nilas
2961 3119 3057 3174 est,
3102 3119 3156 3163 et
3197 3110 3297 3164 vita
3345 3111 3434 3164 illa

212 3226 294 3271 tus
336 3228 449 3282 est;
495 3232 822 3287 magnusque
866 3221 1024 3272 etiam
1073 3219 1179 3281 ille,
1225 3221 1490 3288 quomodo
1538 3221 1772 3288 implerit

209 3310 406 3371 omnia,
440 3318 495 3363 et
521 3309 684 3376 magis
708 3311 916 3363 rediens
943 3311 1184 3379 implevit
1212 3312 1405 3364 omnia.
1439 3313 1514 3368 Ac
1549 3315 1592 3365 si
1624 3327 1770 3365 coru-

211 3399 364 3468 plecti
407 3401 558 3452 relim
583 3408 637 3452 et
664 3415 932 3464 enarrare,
967 3417 1068 3453 non
1108 3400 1232 3452 sinit
1261 3400 1437 3468 operis
1464 3401 1769 3468 magnitudo

211 3500 265 3541 ut
292 3489 342 3542 in
377 3489 474 3542 ista
506 3500 672 3555 parte,
705 3505 803 3557 qua
832 3489 1328 3543 commentationem
1361 3491 1655 3558 simplicem
1685 3490 1767 3543 fa-

209 3580 417 3642 cimus,
467 3594 584 3647 pars
634 3579 730 3632 ista
783 3589 1024 3647 ponatur.
1075 3579 1318 3632 Arbitror
1359 3578 1423 3633 de
1466 3580 1566 3632 isto
1609 3595 1766 3634 sensu

209 3672 415 3739 isthue
447 3680 664 3724 tractatu
702 3671 891 3723 librum
936 3671 1163 3739 aliquem
1210 3685 1328 3725 esse
1372 3671 1762 3739 complendum,

208 3779 364 3833 qnem
394 3762 652 3829 permissu
682 3761 770 3814 Dei
795 3765 901 3828 jam
933 3761 1209 3830 aggrediar
1238 3762 1334 3831 (2),
1365 3771 1420 3815 ιιι
1459 3763 1632 3816 omnia
1675 3777 1766 3816 ue-

207 3846 435 3908 cess‘aria
467 3851 530 3904 ad
569 3851 881 3905 istiusmodi
915 3851 1306 3919 intelligentiam
1337 3852 1488 3906 liberi
1525 3867 1551 3905 a
1581 3867 1764 3907 neces-

207 3944 363 3998 sitate
391 3944 841 4010 inzerpretationis
871 3943 1140 3996 valeamus
1165 3943 1404 4012 implere.
1432 3943 1581 3997 Nunc
1609 3944 1763 4014 igitur

205 4033 518 4101 simpliciter
568 4031 884 4086 admonendi
939 4033 1097 4087 modo
1152 4034 1246 4086 ista
1299 4034 1632 4106 breviterque
1679 4037 1762 4090 di-

203 4138 404 4178 CCIIIIIS.

272 4214 425 4268 CAP.
455 4213 627 4267 lV.-—
650 4214 803 4269 Vsus.
835 4215 886 4269 9.
930 4244 999 4254 -—
1022 4215 1171 4279 Quod
1191 4225 1356 4270 autent
1382 4218 1617 4280 ascendit,
1643 4219 1762 4284 quid

199 4318 270 4361 est
299 4306 396 4358 nisi
411 4307 494 4373 qui
518 4314 561 4358 et
584 4306 838 4358 descendit
878 4307 929 4358 in
946 4307 1188 4375 inferiora
1219 4317 1365 4361 teme
1387 4308 1462 4379 (5)
1481 4307 1502 4358 ?
1524 4308 1759 4362 Positum

199 4408 282 4453 est
329 4399 380 4451 in
426 4398 626 4464 psalmo
667 4399 941 4450 ascendens
989 4399 1299 4452 altitudinem
1340 4415 1402 4454 ex
1446 4416 1550 4468 quo
1599 4403 1759 4458 verbo

1874 3200 2308 3268 incorruptibilis,
2338 3211 2389 3254 et
2419 3201 2594 3253 omnia
2621 3215 2684 3253 ex
2710 3202 2894 3268 spiritu
2918 3201 3164 3254 viventia.
3193 3200 3313 3255 Hmc
3338 3217 3436 3254 au—

1873 3303 1977 3347 tem
2007 3293 2112 3345 alio
2149 3294 2305 3346 modo
2350 3308 2405 3345 se
2438 3293 2699 3345 habebant
2747 3306 2910 3358 nsipic
2948 3293 2997 3345 in
3029 3293 3431 3348 descensionem

1870 3383 2062 3437 Christi
2095 3401 2106 3436 :
2137 3399 2254 3451 qua:
2283 3385 2480 3448 omnia,
2511 3385 2763 3453 mysterio
2790 3394 2959 3451 gesto,
2987 3397 3102 3451 post
3132 3389 3430 3454 passionem

1868 3473 2066 3527 Christi
2106 3474 2155 3525 in
2194 3475 2560 3526 ascensionem
2591 3472 2815 3526 salutem
2845 3483 3190 3540 acceperunt,
3221 3484 3272 3529 et
3305 3491 3427 3543 per-

1870 3561 2002 3617 l‘ecta
2033 3572 2172 3616 sunt.
2208 3563 2317 3616 Hoc
2346 3573 2426 3616 est
2454 3564 2591 3616 enim
2631 3554 2768 3631 quod
2800 3565 3067 3632 subjungit
3087 3605 3100 3629 ,
3131 3575 3183 3616 ut
3204 3567 3431 3636 impleret

1868 3656 2054 3717 omnia,
2081 3655 2131 3707 id
2150 3664 2229 3709 est
2247 3653 2476 3723 perlecta
2499 3653 2738 3707 redderet
2759 3663 2812 3708 et
2834 3639 3005 3720 plena,
3029 3665 3084 3707 ut
3108 3656 3234 3708 nihil
3255 3657 3429 3710 minus

1867 3756 2029 3798 esset.
2057 3744 2195 3813 Ergo
2227 3745 2401 3812 passio
2423 3744 2506 3797 illa
2532 3743 2725 3797 Christi
2754 3754 2805 3797 et
2830 3747 3147 3799 resurrectio
3168 3756 3220 3800 et
3245 3762 3431 3800 ascen-

1866 3837 1967 3902 sio,
1999 3837 2250 3904 perlectio
2277 3847 2358 3890 est
2385 3837 2618 3890 omnium
2652 3846 2753 3889 tam
2786 3839 2836 3889 in
2870 3837 3064 3890 mundo
3091 3852 3208 3906 quae
3232 3839 3426 3891 salvari

1867 3938 2100 3996 possent,
2145 3944 2300 3997 quam
2339 3930 2389 3981 in
2428 3929 2661 3990 aeternis,
2709 3938 2762 3981 et
2805 3943 2967 3996 super
3011 3945 3196 3983 omnes
3237 3931 3424 3984 caelos.

1864 4017 2013 4083 Quod
2045 4020 2351 4088 mysterium
2388 4017 2690 4086 plenissime
2720 4019 2873 4071 unius
2916 4018 3035 4071 libri
3075 4020 3426 4088 explicatione

1867 4110 2226 4162 tractavimus.
2270 4109 2374 4160 Aut
2419 4108 2670 4174 numquid
2713 4107 2793 4178 (2)
2839 4107 2938 4161 hoc
2976 4109 3335 4177 intelligimus,
3369 4120 3424 4163 ut

1865 4200 2103 4266 impleret
2131 4197 2303 4251 omnia
2336 4212 2451 4266 qua:
2481 4198 2527 4251 ei
2560 4198 2801 4251 mandata
2825 4209 2948 4252 sunt
2976 4207 3032 4251 ut
3056 4200 3182 4252 nihil
3208 4201 3274 4254 ibi
3304 4216 3425 4253 cur.

1863 4290 2079 4350 rexerit,
2120 4289 2247 4340 nihil
2289 4288 2357 4341 ibi
2401 4287 2689 4356 perfectum
2719 4289 3039 4342 reddiderit?
3069 4291 3158 4342 sed
3189 4291 3426 4344 ascendit

1862 4393 2020 4445 supra
2047 4379 2230 4444 caelos,
2265 4388 2321 4430 ut
2371 4387 2528 4431 emite
2563 4379 2871 4448 mysterium
2911 4379 3187 4446 impleret;
3221 4387 3273 4433 et
3323 4380 3419 4435 dc-

199 4489 474 4558 capiamus
500 4488 899 4557 intelligentiam
929 4489 1048 4556 quia
1077 4489 1119 4541 is
1141 4490 1402 4553 ascendit,
1426 4493 1516 4557 qui
1538 4491 1756 4547 descen-

1876 4469 2090 4531 icendit,
2123 4468 2214 4521 sed
2246 4478 2303 4520 ut
2339 4468 2580 4536 impleret
2603 4468 2876 4536 majestate
2907 4469 3106 4522 scilicet
3131 4478 3182 4522 et
3212 4469 3417 4537 perfec-

198 4581 294 4632 dit.
323 4579 516 4632 Natura
555 4579 748 4632 etenim
780 4579 854 4632 rei
884 4579 960 4632 sic
1002 4595 1059 4632 se
1086 4579 1262 4644 habet,
1302 4590 1362 4634 ut
1386 4584 1678 4637 ascendere
1704 4587 1753 4639 in

195 4677 388 4724 cretum
421 4685 522 4722 non
557 4671 724 4737 possit
756 4669 855 4722 nisi
883 4670 969 4736 qui
1000 4669 1122 4724 inde
1147 4670 1441 4725 descendit.
1477 4673 1585 4729 lloc
1613 4677 1754 4731 circa

194 4760 432 4814 caelestia
462 4777 475 4811 :
504 4775 621 4811 nam
665 4759 805 4812 circa
846 4760 945 4812 alia
988 4759 1291 4828 bujusmodi
1332 4772 1540 4816 terrena
1583 4775 1756 4832 potest

193 4850 384 4920 aliquis
415 4848 721 4911 ascendere,
749 4849 836 4916 qui
871 4863 976 4901 non
1016 4847 1330 4904 descendit:
1356 4853 1447 4906 sed
1475 4853 1524 4905 in
1558 4855 1749 4909 caelum

189 4950 348 5010 atque
376 4940 426 4992 iu
455 4940 618 4995 caelos
648 4952 803 4992 nemo
831 4938 1090 5004 ascendit,
1123 4939 1220 4991 nisi
1249 4942 1335 5008 qui
1369 4942 1490 4996 inde
1527 4942 1748 4997 descen-

190 5035 284 5089 dit.
318 5033 406 5088 Sic
432 5031 570 5086 enim
614 5031 856 5086 Salvator
883 5031 936 5083 in
961 5029 1248 5099 Evangelio
1289 5031 1422 5086 dixit
1454 5051 1467 5088 :
1499 5036 1598 5088 nisi
1629 5038 1747 5105 quis

188 5134 403 5181 renatus
440 5124 616 5186 fuerit,
648 5138 752 5176 non
787 5130 963 5190 potest
1006 5137 1226 5190 regnum
1261 5123 1351 5177 Dei
1389 5134 1587 5182 tenere.
1639 5129 1742 5182 De-

185 5217 307 5271 inde
353 5214 664 5282 subjunxit,
719 5213 967 5282 quoniam
1020 5212 1156 5281 quod
1202 5229 1262 5266 ea;
1308 5230 1458 5269 carne
1493 5219 1738 5284 nascitur,

250 5365 329 5436 (l)
355 5364 521 5418 Codd.
549 5365 730 5431 patria.

252 5432 342 5512 (21
362 5436 686 5512 adnotemus
712 5432 1027 5500 promissum
1053 5450 1083 5489 a
1107 5433 1376 5491 Victorino
1413 5454 1567 5508 opus,
1599 5447 1738 5512 quod

179 5507 230 5562 in
260 5505 417 5558 editis
449 5518 550 5556 non
577 5512 868 5569 comparet.

248 5577 324 5641 (5)
352 5574 502 5642 Vulg.
537 5589 551 5625 :
580 5575 785 5640 quod...
815 5573 932 5642 quia
957 5582 1003 5628 et
1035 5574 1286 5630 descendit
1314 5578 1529 5647 primum
1571 5582 1621 5636 in
1651 5582 1733 5636 in-

175 5647 379 5714 feriores
410 5652 582 5712 partes
613 5653 776 5696 terra».

1861 4561 2002 4615 tione
2028 4571 2079 4613 et
2100 4561 2188 4614 Dei
2213 4561 2408 4613 lumine
2435 4569 2488 4613 et
2511 4559 2788 4612 cltaritate.
2817 4560 3109 4613 Descensus
3137 4560 3274 4614 enim
3306 4561 3420 4629 ejus

1858 4663 1910 4708 ct
1940 4667 2186 4708 ascensus
2210 4651 2526 4706 illuminavit
2551 4653 2812 4706 universa.
2844 4652 3003 4720 Magis
3024 4661 3197 4704 autem
3229 4653 3424 4708 illumi-

1858 4747 2019 4810 navit,
2050 4761 2168 4798 cum
2197 4744 2434 4798 ascendit
2459 4743 2720 4810 perfectus
2747 4751 2801 4795 et
2824 4742 3178 4794 sanctiﬁcatus
3197 4756 3224 4793 a
3246 4754 3419 4811 patre.

1855 4837 2040 4891 Omnia
2070 4847 2248 4890 sancta
2281 4837 2404 4890 iacit
2432 4850 2528 4904 per
2556 4835 2781 4890 reditum
2812 4848 2984 4900 suum,
3014 4843 3066 4886 et
3094 4833 3230 4887 unde
3258 4834 3415 4900 redit,

1853 4935 1906 4982 et
1923 4942 2191 4995 quousque
2213 4927 2366 4980 redit.

1923 5015 2084 5070 Vnus.
2135 5019 2220 5070 ll.
2253 5047 2322 5056 ——
2350 5015 2416 5068 Et
2446 5020 2552 5085 ipse
2575 5017 2708 5068 dedit
2737 5013 2979 5084 quosdam
2999 5014 3200 5084 quidem
3217 5024 3419 5085 aposto-

1852 5109 1947 5172 los,
1980 5109 2220 5176 quosdam
2241 5117 2406 5160 autem
2436 5107 2726 5177 prophetas.
2750 5105 2882 5160 Hinc
2905 5106 3087 5175 incipit
3113 5108 3247 5160 dona
3272 5106 3416 5160 varia

1919 5307 1996 5375 (1)
2026 5305 2278 5360 Notabilis
2308 5304 2420 5358 haec
2456 5303 2708 5375 Victorini
2749 5303 3008 5375 doctrina.
3046 5301 3196 5369 Quod
3236 5309 3412 5354 autem

1847 5372 2004 5430 ait‘se
2031 5376 2152 5429 alibi
2182 5375 2246 5428 de
2277 5375 2374 5427 hac
2405 5390 2461 5427 re
2489 5374 2791 5441 scripsisse,
2827 5372 3060 5440 intellige
3087 5380 3414 5441 commenta:-

1845 5446 1980 5500 rium
2023 5446 2089 5499 ab
2130 5460 2216 5507 eo,
2250 5454 2306 5497 ut
2352 5453 2499 5512 puto,
2540 5439 2835 5512 confectum
2873 5441 2928 5495 in
2973 5439 3248 5512 epistulam
3282 5454 3314 5491 ιι
3345 5439 3412 5512 ad

1844 5515 2168 5576 Corinthios,
2215 5515 2264 5566 in
2313 5507 2412 5583 qua
2461 5513 2654 5567 Paulus
2697 5510 2888 5565 dicitur
2931 5520 3112 5580 raptus
3157 5509 3318 5562 fuisse
3356 5507 3410 5562 in

1841 5586 2052 5640 tertium
2079 5585 2289 5638 cmlum.

1913 5654 1990 5723 (‘2)
2025 5653 2194 5708 Codd.
2223 5654 2446 5705 animum
2468 5651 2605 5720 quid.
